  <div class='ocr_page' id='page_1' title='image "/cluster/home/n/w/nwhite01/storage/ocr_20150623/103 pt.3/mdp.39015061933738/078.png"; bbox 0 0 3980 6234; ppageno 0'>
   <div class='ocr_carea' id='block_1_1' title="bbox 266 294 355 358">
    <p class='ocr_par' dir='ltr' id='par_1_1' title="bbox 266 294 355 358">
     <span class='ocr_line' id='line_1_1' title="bbox 266 294 355 358; baseline -0.022 0"><span class='ocrx_word' id='word_1_1' title='bbox 266 294 355 358; x_wconf 72' lang='grc'><strong>141</strong></span> 
     </span>
    </p>
   </div>
   <div class='ocr_carea' id='block_1_2' title="bbox 1356 292 2425 359">
    <p class='ocr_par' dir='ltr' id='par_1_2' title="bbox 1356 292 2425 359">
     <span class='ocr_line' id='line_1_2' title="bbox 1356 292 2425 359; baseline -0.003 -5"><span class='ocrx_word' id='word_1_2' title='bbox 1356 295 1881 359; x_wconf 80' lang='lat' dir='ltr'><strong>BIBLIOTHECA:</strong></span> <span class='ocrx_word' id='word_1_3' title='bbox 1923 318 1993 330; x_wconf 88' lang='grc'><strong><em>-·</em></strong></span> <span class='ocrx_word' id='word_1_4' title='bbox 2028 293 2195 354; x_wconf 90' lang='lat' dir='ltr'><strong>COD.</strong></span> <span class='ocrx_word' id='word_1_5' title='bbox 2253 292 2425 353; x_wconf 85' lang='lat' dir='ltr'><strong>LXV.</strong></span> 
     </span>
    </p>
   </div>
   <div class='ocr_carea' id='block_1_3' title="bbox 3417 292 3517 355">
    <p class='ocr_par' dir='ltr' id='par_1_3' title="bbox 3417 292 3517 355">
     <span class='ocr_line' id='line_1_3' title="bbox 3417 292 3517 355; baseline -0.01 0"><span class='ocrx_word' id='word_1_6' title='bbox 3417 292 3517 355; x_wconf 71' lang='grc'><strong>142</strong></span> 
     </span>
    </p>
   </div>
   <div class='ocr_carea' id='block_1_4' title="bbox 260 400 1850 478">
    <p class='ocr_par' dir='ltr' id='par_1_4' title="bbox 260 406 1833 478">
     <span class='ocr_line' id='line_1_4' title="bbox 260 406 1833 478; baseline -0.002 -18"><span class='ocrx_word' id='word_1_7' title='bbox 260 406 531 478; x_wconf 79' lang='grc' dir='ltr'>βασιλεὺς,</span> <span class='ocrx_word' id='word_1_8' title='bbox 580 406 832 459; x_wconf 77' lang='grc' dir='ltr'><strong>Ἰωάννου</strong></span> <span class='ocrx_word' id='word_1_9' title='bbox 861 408 983 459; x_wconf 79' lang='grc' dir='ltr'>κατ’</span> <span class='ocrx_word' id='word_1_10' title='bbox 1012 407 1187 459; x_wconf 74' lang='grc' dir='ltr'>έκεῖνο</span> <span class='ocrx_word' id='word_1_11' title='bbox 1216 407 1408 477; x_wconf 78' lang='grc' dir='ltr'><strong>καιροῦ</strong></span> <span class='ocrx_word' id='word_1_12' title='bbox 1431 409 1531 477; x_wconf 77' lang='grc' dir='ltr'>τῆς</span> <span class='ocrx_word' id='word_1_13' title='bbox 1555 409 1833 459; x_wconf 78' lang='grc' dir='ltr'>Κωνστανο</span> 
     </span>
    </p>
   </div>
   <div class='ocr_carea' id='block_1_5' title="bbox 1956 400 3521 478">
    <p class='ocr_par' dir='ltr' id='par_1_5' title="bbox 1956 400 3521 473">
     <span class='ocr_line' id='line_1_5' title="bbox 1956 400 3521 473; baseline 0.005 -21"><span class='ocrx_word' id='word_1_14' title='bbox 1956 403 2145 457; x_wconf 86' lang='lat' dir='ltr'><strong>loanne</strong></span> <span class='ocrx_word' id='word_1_15' title='bbox 2185 404 2725 472; x_wconf 73' lang='lat' dir='ltr'><strong>eademtempestate</strong></span> <span class='ocrx_word' id='word_1_16' title='bbox 2768 400 3377 473; x_wconf 59' lang='lat' dir='ltr'><strong>Constantinotiolitanze</strong></span> <span class='ocrx_word' id='word_1_17' title='bbox 3416 405 3521 460; x_wconf 85' lang='lat' dir='ltr'><strong>Ec-</strong></span> 
     </span>
    </p>
   </div>
   <div class='ocr_carea' id='block_1_6' title="bbox 256 494 1835 566">
    <p class='ocr_par' dir='ltr' id='par_1_6' title="bbox 256 494 1835 566">
     <span class='ocr_line' id='line_1_6' title="bbox 256 494 1835 566; baseline 0 -17"><span class='ocrx_word' id='word_1_18' title='bbox 256 494 998 565; x_wconf 82' lang='grc' dir='ltr'>τινουπολιτῶνἘκκλησίας</span> <span class='ocrx_word' id='word_1_19' title='bbox 1043 496 1461 566; x_wconf 75' lang='grc' dir='ltr'>προεστηκότοςο</span> <span class='ocrx_word' id='word_1_20' title='bbox 1511 498 1612 550; x_wconf 86' lang='grc' dir='ltr'><strong>ὅσα</strong></span> <span class='ocrx_word' id='word_1_21' title='bbox 1646 514 1708 550; x_wconf 88' lang='grc' dir='ltr'><strong>τε</strong></span> <span class='ocrx_word' id='word_1_22' title='bbox 1754 499 1835 561; x_wconf 89' lang='grc' dir='ltr'>εἰς</span> 
     </span>
    </p>
   </div>
   <div class='ocr_carea' id='block_1_7' title="bbox 255 578 1833 658">
    <p class='ocr_par' dir='ltr' id='par_1_7' title="bbox 255 578 1833 658">
     <span class='ocr_line' id='line_1_7' title="bbox 255 578 1833 658; baseline -0.001 -18"><span class='ocrx_word' id='word_1_23' title='bbox 255 584 538 640; x_wconf 76' lang='grc' dir='ltr'>νουθεσίαν</span> <span class='ocrx_word' id='word_1_24' title='bbox 568 578 691 636; x_wconf 82' lang='grc' dir='ltr'>εἶπε</span> <span class='ocrx_word' id='word_1_25' title='bbox 717 584 1024 656; x_wconf 87' lang='grc' dir='ltr'>Μαυρικίου</span> <span class='ocrx_word' id='word_1_26' title='bbox 1044 622 1061 650; x_wconf 92' lang='grc'><strong>,</strong></span> <span class='ocrx_word' id='word_1_27' title='bbox 1100 584 1323 658; x_wconf 84' lang='grc' dir='ltr'><strong>Ἰωάννῃ</strong></span> <span class='ocrx_word' id='word_1_28' title='bbox 1368 584 1446 654; x_wconf 85' lang='grc' dir='ltr'>τῷ</span> <span class='ocrx_word' id='word_1_29' title='bbox 1477 585 1760 655; x_wconf 81' lang='grc' dir='ltr'>κυαίστορι</span> <span class='ocrx_word' id='word_1_30' title='bbox 1788 585 1833 618; x_wconf 82' lang='grc'><strong>¹⁹</strong></span> 
     </span>
    </p>
   </div>
   <div class='ocr_carea' id='block_1_8' title="bbox 214 664 1835 747">
    <p class='ocr_par' dir='ltr' id='par_1_8' title="bbox 214 664 1835 747">
     <span class='ocr_line' id='line_1_8' title="bbox 214 664 1835 747; baseline 0.001 -18"><span class='ocrx_word' id='word_1_31' title='bbox 214 664 217 665; x_wconf 14' lang='grc' dir='ltr'><em>ν</em></span> <span class='ocrx_word' id='word_1_32' title='bbox 255 674 542 747; x_wconf 85' lang='grc' dir='ltr'>χρώμενος</span> <span class='ocrx_word' id='word_1_33' title='bbox 604 674 865 746; x_wconf 80' lang='grc' dir='ltr'><strong>ὑπουργῷ</strong></span> <span class='ocrx_word' id='word_1_34' title='bbox 906 674 1017 729; x_wconf 89' lang='grc' dir='ltr'><strong>τῶν</strong></span> <span class='ocrx_word' id='word_1_35' title='bbox 1079 674 1275 743; x_wconf 89' lang='grc' dir='ltr'>λόγων,</span> <span class='ocrx_word' id='word_1_36' title='bbox 1310 676 1370 739; x_wconf 84' lang='grc' dir='ltr'>ὃς</span> <span class='ocrx_word' id='word_1_37' title='bbox 1403 677 1541 747; x_wconf 84' lang='grc' dir='ltr'>πρός</span> <span class='ocrx_word' id='word_1_38' title='bbox 1568 694 1628 729; x_wconf 80' lang='grc' dir='ltr'><strong>τε</strong></span> <span class='ocrx_word' id='word_1_39' title='bbox 1673 677 1835 730; x_wconf 81' lang='grc' dir='ltr'>αὐτὸν</span> 
     </span>
    </p>
   </div>
   <div class='ocr_carea' id='block_1_9' title="bbox 255 767 1837 839">
    <p class='ocr_par' dir='ltr' id='par_1_9' title="bbox 255 767 1837 839">
     <span class='ocr_line' id='line_1_9' title="bbox 255 767 1837 839; baseline 0 -17"><span class='ocrx_word' id='word_1_40' title='bbox 255 768 575 839; x_wconf 83' lang='grc' dir='ltr'>Μαυρίκιον</span> <span class='ocrx_word' id='word_1_41' title='bbox 616 767 830 821; x_wconf 77' lang='grc' dir='ltr'>καὶτὸν</span> <span class='ocrx_word' id='word_1_42' title='bbox 870 767 1043 838; x_wconf 85' lang='grc' dir='ltr'>δῆμον</span> <span class='ocrx_word' id='word_1_43' title='bbox 1079 767 1179 838; x_wconf 83' lang='grc' dir='ltr'>τὴν</span> <span class='ocrx_word' id='word_1_44' title='bbox 1235 771 1294 822; x_wconf 84' lang='grc' dir='ltr'>ὲν</span> <span class='ocrx_word' id='word_1_45' title='bbox 1322 767 1399 838; x_wconf 85' lang='grc' dir='ltr'><strong>τῷ</strong></span> <span class='ocrx_word' id='word_1_46' title='bbox 1456 768 1600 839; x_wconf 81' lang='grc' dir='ltr'>λόγῳ</span> <span class='ocrx_word' id='word_1_47' title='bbox 1636 770 1837 838; x_wconf 80' lang='grc' dir='ltr'>πρᾶξιν</span> 
     </span>
    </p>
   </div>
   <div class='ocr_carea' id='block_1_10' title="bbox 254 857 1838 934">
    <p class='ocr_par' dir='ltr' id='par_1_10' title="bbox 254 857 1838 934">
     <span class='ocr_line' id='line_1_10' title="bbox 254 857 1838 934; baseline 0.003 -23"><span class='ocrx_word' id='word_1_48' title='bbox 254 860 458 931; x_wconf 81' lang='grc' dir='ltr'>ἐτάχθη</span> <span class='ocrx_word' id='word_1_49' title='bbox 504 858 748 930; x_wconf 77' lang='grc' dir='ltr'>πληροῦν</span> <span class='ocrx_word' id='word_1_50' title='bbox 779 857 870 912; x_wconf 88' lang='grc' dir='ltr'><strong>τοῦ</strong></span> <span class='ocrx_word' id='word_1_51' title='bbox 935 859 1223 929; x_wconf 62' lang='grc' dir='ltr'>βασιλέως</span> <span class='ocrx_word' id='word_1_52' title='bbox 1268 861 1416 923; x_wconf 81' lang='grc' dir='ltr'>ὅπως</span> <span class='ocrx_word' id='word_1_53' title='bbox 1455 878 1515 914; x_wconf 90' lang='grc' dir='ltr'><strong>τε</strong></span> <span class='ocrx_word' id='word_1_54' title='bbox 1547 861 1696 931; x_wconf 85' lang='grc' dir='ltr'>αὐτῷ</span> <span class='ocrx_word' id='word_1_55' title='bbox 1739 861 1838 934; x_wconf 84' lang='grc' dir='ltr'>τὴν</span> 
     </span>
    </p>
   </div>
   <div class='ocr_carea' id='block_1_11' title="bbox 212 952 1838 1025">
    <p class='ocr_par' dir='ltr' id='par_1_11' title="bbox 212 952 1838 1025">
     <span class='ocr_line' id='line_1_11' title="bbox 212 952 1838 1025; baseline 0.001 -21"><span class='ocrx_word' id='word_1_56' title='bbox 212 952 221 1025; x_wconf 68' lang='lat' dir='ltr'><strong>j</strong></span> <span class='ocrx_word' id='word_1_57' title='bbox 254 952 535 1021; x_wconf 82' lang='grc' dir='ltr'>θυγατέρα</span> <span class='ocrx_word' id='word_1_58' title='bbox 567 952 967 1022; x_wconf 79' lang='grc' dir='ltr'>κατενεγύησεν</span> <span class='ocrx_word' id='word_1_59' title='bbox 985 953 1030 985; x_wconf 84' lang='grc'><strong>²⁰</strong></span> <span class='ocrx_word' id='word_1_60' title='bbox 1048 969 1062 984; x_wconf 77' lang='grc'><strong><em>⁸</em></strong></span> <span class='ocrx_word' id='word_1_61' title='bbox 1094 953 1243 1017; x_wconf 84' lang='grc' dir='ltr'>ὅπως</span> <span class='ocrx_word' id='word_1_62' title='bbox 1271 970 1331 1006; x_wconf 89' lang='grc' dir='ltr'><strong>τε</strong></span> <span class='ocrx_word' id='word_1_63' title='bbox 1354 956 1418 1024; x_wconf 83' lang='grc' dir='ltr'>τῇ</span> <span class='ocrx_word' id='word_1_64' title='bbox 1451 953 1714 1025; x_wconf 80' lang='grc' dir='ltr'>ὑστεραίᾳ</span> <span class='ocrx_word' id='word_1_65' title='bbox 1737 955 1838 1023; x_wconf 87' lang='grc' dir='ltr'>τῆς</span> 
     </span>
    </p>
   </div>
   <div class='ocr_carea' id='block_1_12' title="bbox 254 1045 1837 1122">
    <p class='ocr_par' dir='ltr' id='par_1_12' title="bbox 254 1045 1837 1122">
     <span class='ocr_line' id='line_1_12' title="bbox 254 1045 1837 1122; baseline 0.002 -24"><span class='ocrx_word' id='word_1_66' title='bbox 254 1045 567 1114; x_wconf 82' lang='grc' dir='ltr'>Μαυρικίου</span> <span class='ocrx_word' id='word_1_67' title='bbox 615 1045 976 1116; x_wconf 77' lang='grc' dir='ltr'>ἀναρρήσεως</span> <span class='ocrx_word' id='word_1_68' title='bbox 1020 1045 1376 1118; x_wconf 78' lang='grc' dir='ltr'>ἐτελεύτησε,</span> <span class='ocrx_word' id='word_1_69' title='bbox 1413 1047 1507 1100; x_wconf 67' lang='grc' dir='ltr'><strong>καὶ</strong></span> <span class='ocrx_word' id='word_1_70' title='bbox 1542 1048 1618 1110; x_wconf 86' lang='grc' dir='ltr'>ὼς</span> <span class='ocrx_word' id='word_1_71' title='bbox 1647 1048 1837 1122; x_wconf 65' lang='grc' dir='ltr'>πρ).νῆ</span> 
     </span>
    </p>
   </div>
   <div class='ocr_carea' id='block_1_13' title="bbox 252 1132 1838 1211">
    <p class='ocr_par' dir='ltr' id='par_1_13' title="bbox 252 1132 1838 1211">
     <span class='ocr_line' id='line_1_13' title="bbox 252 1132 1838 1211; baseline 0.004 -24"><span class='ocrx_word' id='word_1_72' title='bbox 252 1136 581 1206; x_wconf 78' lang='grc' dir='ltr'>τελευτῆσαι</span> <span class='ocrx_word' id='word_1_73' title='bbox 593 1136 757 1192; x_wconf 81' lang='grc' dir='ltr'>αὑτὸν</span> <span class='ocrx_word' id='word_1_74' title='bbox 785 1132 923 1192; x_wconf 75' lang='grc' dir='ltr'>εἶδεν</span> <span class='ocrx_word' id='word_1_75' title='bbox 944 1137 1067 1207; x_wconf 75' lang='grc' dir='ltr'>ὄψιν</span> <span class='ocrx_word' id='word_1_76' title='bbox 1092 1138 1359 1207; x_wconf 84' lang='grc' dir='ltr'>λέγουσαν</span> <span class='ocrx_word' id='word_1_77' title='bbox 1385 1140 1554 1211; x_wconf 82' lang='grc' dir='ltr'>αὐτῷ,</span> <span class='ocrx_word' id='word_1_78' title='bbox 1576 1140 1715 1193; x_wconf 87' lang='grc' dir='ltr'><strong>Τάδε</strong></span> <span class='ocrx_word' id='word_1_79' title='bbox 1735 1158 1838 1206; x_wconf 90' lang='grc' dir='ltr'>σοι,</span> 
     </span>
    </p>
   </div>
   <div class='ocr_carea' id='block_1_14' title="bbox 254 1227 1842 1304">
    <p class='ocr_par' dir='ltr' id='par_1_14' title="bbox 254 1227 1842 1304">
     <span class='ocr_line' id='line_1_14' title="bbox 254 1227 1842 1304; baseline 0.006 -25"><span class='ocrx_word' id='word_1_80' title='bbox 254 1227 503 1298; x_wconf 80' lang='grc' dir='ltr'>Τιϐέριε,</span> <span class='ocrx_word' id='word_1_81' title='bbox 532 1229 594 1281; x_wconf 83' lang='grc' dir='ltr'><strong>τὸ</strong></span> <span class='ocrx_word' id='word_1_82' title='bbox 620 1228 906 1300; x_wconf 88' lang='grc' dir='ltr'>τρισάγιον</span> <span class='ocrx_word' id='word_1_83' title='bbox 936 1229 1028 1301; x_wconf 75' lang='grc'><strong>[40</strong></span> <span class='ocrx_word' id='word_1_84' title='bbox 1050 1229 1141 1303; x_wconf 90' lang='grc' dir='ltr'><strong>Η.]</strong></span> <span class='ocrx_word' id='word_1_85' title='bbox 1172 1230 1341 1300; x_wconf 79' lang='grc' dir='ltr'>λέγει’</span> <span class='ocrx_word' id='word_1_86' title='bbox 1363 1233 1428 1285; x_wconf 72' lang='lat' dir='ltr'><strong>OE</strong></span> <span class='ocrx_word' id='word_1_87' title='bbox 1456 1233 1712 1304; x_wconf 88' lang='grc' dir='ltr'>τύραννοι</span> <span class='ocrx_word' id='word_1_88' title='bbox 1740 1234 1842 1302; x_wconf 84' lang='grc' dir='ltr'>τῆς</span> 
     </span>
    </p>
   </div>
   <div class='ocr_carea' id='block_1_15' title="bbox 255 1322 1842 1398">
    <p class='ocr_par' dir='ltr' id='par_1_15' title="bbox 255 1322 1842 1398">
     <span class='ocr_line' id='line_1_15' title="bbox 255 1322 1842 1398; baseline 0.003 -23"><span class='ocrx_word' id='word_1_89' title='bbox 255 1322 520 1381; x_wconf 83' lang='grc' dir='ltr'>ἀσεϐείας</span> <span class='ocrx_word' id='word_1_90' title='bbox 560 1324 619 1395; x_wconf 31' lang='grc' dir='ltr'>ἰγ</span> <span class='ocrx_word' id='word_1_91' title='bbox 654 1324 748 1375; x_wconf 76' lang='grc' dir='ltr'>ἐπὶ</span> <span class='ocrx_word' id='word_1_92' title='bbox 795 1324 897 1394; x_wconf 85' lang='grc' dir='ltr'>τῆς</span> <span class='ocrx_word' id='word_1_93' title='bbox 951 1327 1049 1394; x_wconf 81' lang='grc' dir='ltr'>σῆς</span> <span class='ocrx_word' id='word_1_94' title='bbox 1091 1325 1369 1393; x_wconf 82' lang='grc' dir='ltr'>βασιλείας</span> <span class='ocrx_word' id='word_1_95' title='bbox 1408 1326 1469 1381; x_wconf 87' lang='grc' dir='ltr'><strong>οὑ</strong></span> <span class='ocrx_word' id='word_1_96' title='bbox 1523 1327 1842 1398; x_wconf 71' lang='grc' dir='ltr'>φοιτήσουσι</span> 
     </span>
    </p>
   </div>
   <div class='ocr_carea' id='block_1_16' title="bbox 253 1410 1843 1489">
    <p class='ocr_par' dir='ltr' id='par_1_16' title="bbox 253 1410 1843 1489">
     <span class='ocr_line' id='line_1_16' title="bbox 253 1410 1843 1489; baseline 0.003 -23"><span class='ocrx_word' id='word_1_97' title='bbox 253 1415 463 1484; x_wconf 84' lang='grc' dir='ltr'>χρόνοι.</span> <span class='ocrx_word' id='word_1_98' title='bbox 500 1410 611 1468; x_wconf 85' lang='grc' dir='ltr'>Ἦν</span> <span class='ocrx_word' id='word_1_99' title='bbox 638 1416 685 1469; x_wconf 85' lang='grc' dir='ltr'>δ’</span> <span class='ocrx_word' id='word_1_100' title='bbox 717 1415 826 1486; x_wconf 79' lang='grc' dir='ltr'>ἄρα</span> <span class='ocrx_word' id='word_1_101' title='bbox 863 1415 1037 1470; x_wconf 87' lang='grc' dir='ltr'>ταῦτα</span> <span class='ocrx_word' id='word_1_102' title='bbox 1066 1417 1112 1449; x_wconf 84' lang='grc'>²²</span> <span class='ocrx_word' id='word_1_103' title='bbox 1146 1420 1329 1470; x_wconf 83' lang='grc' dir='ltr'>ἐκεῖνα</span> <span class='ocrx_word' id='word_1_104' title='bbox 1359 1418 1667 1489; x_wconf 82' lang='grc' dir='ltr'>τραγῳδίας</span> <span class='ocrx_word' id='word_1_105' title='bbox 1700 1417 1843 1483; x_wconf 77' lang='grc' dir='ltr'>τινὸς</span> 
     </span>
    </p>
   </div>
   <div class='ocr_carea' id='block_1_17' title="bbox 256 1508 1844 1580">
    <p class='ocr_par' dir='ltr' id='par_1_17' title="bbox 256 1508 1844 1580">
     <span class='ocr_line' id='line_1_17' title="bbox 256 1508 1844 1580; baseline 0.004 -22"><span class='ocrx_word' id='word_1_106' title='bbox 256 1508 669 1577; x_wconf 81' lang='grc' dir='ltr'>προαγόρευσις</span> <span class='ocrx_word' id='word_1_107' title='bbox 694 1509 793 1579; x_wconf 82' lang='grc' dir='ltr'>τῆς</span> <span class='ocrx_word' id='word_1_108' title='bbox 839 1508 944 1562; x_wconf 83' lang='grc' dir='ltr'>ἀνὰ</span> <span class='ocrx_word' id='word_1_109' title='bbox 974 1510 1067 1563; x_wconf 82' lang='grc' dir='ltr'><strong>τὸν</strong></span> <span class='ocrx_word' id='word_1_110' title='bbox 1101 1510 1443 1580; x_wconf 81' lang='grc' dir='ltr'>παλαμναῖον</span> <span class='ocrx_word' id='word_1_111' title='bbox 1480 1512 1677 1565; x_wconf 81' lang='grc' dir='ltr'>Φωκᾶν</span> <span class='ocrx_word' id='word_1_112' title='bbox 1718 1512 1844 1564; x_wconf 72' lang='lat' dir='ltr'><strong>dvo-</strong></span> 
     </span>
    </p>
   </div>
   <div class='ocr_carea' id='block_1_18' title="bbox 255 1598 1846 1673">
    <p class='ocr_par' dir='ltr' id='par_1_18' title="bbox 255 1598 1846 1673">
     <span class='ocr_line' id='line_1_18' title="bbox 255 1598 1846 1673; baseline 0.003 -22"><span class='ocrx_word' id='word_1_113' title='bbox 255 1598 522 1669; x_wconf 87' lang='grc' dir='ltr'>σιουργοῦ</span> <span class='ocrx_word' id='word_1_114' title='bbox 570 1600 903 1670; x_wconf 84' lang='grc' dir='ltr'>τυραννίδος·</span> <span class='ocrx_word' id='word_1_115' title='bbox 953 1600 1035 1653; x_wconf 75' lang='grc' dir='ltr'>ἔτι</span> <span class='ocrx_word' id='word_1_116' title='bbox 1069 1601 1126 1654; x_wconf 81' lang='grc' dir='ltr'>δὲ</span> <span class='ocrx_word' id='word_1_117' title='bbox 1161 1603 1252 1655; x_wconf 74' lang='grc' dir='ltr'><strong>καὶ</strong></span> <span class='ocrx_word' id='word_1_118' title='bbox 1291 1602 1369 1668; x_wconf 86' lang='grc' dir='ltr'><strong>ὡς</strong></span> <span class='ocrx_word' id='word_1_119' title='bbox 1404 1604 1541 1673; x_wconf 81' lang='grc' dir='ltr'>πρὸς</span> <span class='ocrx_word' id='word_1_120' title='bbox 1579 1602 1846 1671; x_wconf 87' lang='grc' dir='ltr'>Ἀϐάρους</span> 
     </span>
    </p>
   </div>
   <div class='ocr_carea' id='block_1_19' title="bbox 252 1690 1845 1765">
    <p class='ocr_par' dir='ltr' id='par_1_19' title="bbox 252 1690 1845 1765">
     <span class='ocr_line' id='line_1_19' title="bbox 252 1690 1845 1765; baseline 0.004 -23"><span class='ocrx_word' id='word_1_121' title='bbox 252 1690 358 1760; x_wconf 63' lang='grc' dir='ltr'>ἤδη</span> <span class='ocrx_word' id='word_1_122' title='bbox 393 1690 579 1761; x_wconf 82' lang='grc' dir='ltr'>μικρῷ</span> <span class='ocrx_word' id='word_1_123' title='bbox 609 1690 841 1761; x_wconf 85' lang='grc' dir='ltr'>πρόσθεν</span> <span class='ocrx_word' id='word_1_124' title='bbox 861 1691 923 1744; x_wconf 86' lang='grc' dir='ltr'><strong>τὸ</strong></span> <span class='ocrx_word' id='word_1_125' title='bbox 954 1691 1179 1763; x_wconf 89' lang='grc' dir='ltr'>Σίρμιον</span> <span class='ocrx_word' id='word_1_126' title='bbox 1198 1693 1666 1765; x_wconf 86' lang='grc' dir='ltr'>πολιορκήσαντας</span> <span class='ocrx_word' id='word_1_127' title='bbox 1691 1695 1845 1748; x_wconf 81' lang='grc' dir='ltr'>Μαυ-</span> 
     </span>
    </p>
   </div>
   <div class='ocr_carea' id='block_1_20' title="bbox 256 1770 1924 1856">
    <p class='ocr_par' dir='ltr' id='par_1_20' title="bbox 256 1770 1924 1856">
     <span class='ocr_line' id='line_1_20' title="bbox 256 1770 1924 1856; baseline 0.004 -23"><span class='ocrx_word' id='word_1_128' title='bbox 256 1782 439 1850; x_wconf 82' lang='grc' dir='ltr'>ρίκιος</span> <span class='ocrx_word' id='word_1_129' title='bbox 476 1782 712 1846; x_wconf 80' lang='grc' dir='ltr'>σπονδὰς</span> <span class='ocrx_word' id='word_1_130' title='bbox 742 1782 913 1849; x_wconf 77' lang='grc' dir='ltr'>ἔθετο,</span> <span class='ocrx_word' id='word_1_131' title='bbox 958 1784 1041 1837; x_wconf 83' lang='grc' dir='ltr'><strong>ἀν’</strong></span> <span class='ocrx_word' id='word_1_132' title='bbox 1067 1785 1112 1816; x_wconf 76' lang='grc'><strong>⁸³</strong></span> <span class='ocrx_word' id='word_1_133' title='bbox 1155 1784 1274 1849; x_wconf 78' lang='grc' dir='ltr'>ἔτος</span> <span class='ocrx_word' id='word_1_134' title='bbox 1313 1786 1543 1839; x_wconf 77' lang='grc' dir='ltr'>ἕκαστον</span> <span class='ocrx_word' id='word_1_135' title='bbox 1572 1789 1684 1849; x_wconf 90' lang='grc' dir='ltr'>τοῖς</span> <span class='ocrx_word' id='word_1_136' title='bbox 1712 1786 1847 1856; x_wconf 81' lang='grc' dir='ltr'>βαρ·</span> <span class='ocrx_word' id='word_1_137' title='bbox 1876 1770 1924 1829; x_wconf 85' lang='grc' dir='ltr'><strong>Β</strong></span> 
     </span>
    </p>
   </div>
   <div class='ocr_carea' id='block_1_21' title="bbox 258 1873 1852 1948">
    <p class='ocr_par' dir='ltr' id='par_1_21' title="bbox 258 1873 1852 1948">
     <span class='ocr_line' id='line_1_21' title="bbox 258 1873 1852 1948; baseline 0.003 -22"><span class='ocrx_word' id='word_1_138' title='bbox 258 1874 457 1943; x_wconf 86' lang='grc' dir='ltr'>ϐάροις</span> <span class='ocrx_word' id='word_1_139' title='bbox 487 1873 817 1945; x_wconf 78' lang='grc' dir='ltr'>συνθέμενος</span> <span class='ocrx_word' id='word_1_140' title='bbox 852 1875 1358 1943; x_wconf 83' lang='grc' dir='ltr'>ὲγκαταϐάλλεσθαι</span> <span class='ocrx_word' id='word_1_141' title='bbox 1392 1876 1460 1930; x_wconf 88' lang='grc' dir='ltr'>δι’</span> <span class='ocrx_word' id='word_1_142' title='bbox 1486 1878 1787 1948; x_wconf 85' lang='grc' dir='ltr'>ὲμπορείας</span> <span class='ocrx_word' id='word_1_143' title='bbox 1804 1879 1852 1913; x_wconf 69' lang='grc' dir='ltr'>’δ</span> 
     </span>
    </p>
   </div>
   <div class='ocr_carea' id='block_1_22' title="bbox 252 1965 1852 2043">
    <p class='ocr_par' dir='ltr' id='par_1_22' title="bbox 252 1965 1852 2043">
     <span class='ocr_line' id='line_1_22' title="bbox 252 1965 1852 2043; baseline 0.004 -24"><span class='ocrx_word' id='word_1_144' title='bbox 252 1965 507 2037; x_wconf 83' lang='grc' dir='ltr'>ἀργύρου</span> <span class='ocrx_word' id='word_1_145' title='bbox 533 1984 593 2020; x_wconf 86' lang='grc' dir='ltr'><strong>τε</strong></span> <span class='ocrx_word' id='word_1_146' title='bbox 618 1966 714 2021; x_wconf 74' lang='grc' dir='ltr'>καὶ</span> <span class='ocrx_word' id='word_1_147' title='bbox 730 1965 956 2039; x_wconf 79' lang='grc' dir='ltr'>ἐσθῆτος</span> <span class='ocrx_word' id='word_1_148' title='bbox 978 1968 1183 2039; x_wconf 84' lang='grc' dir='ltr'>χρυσοῦ</span> <span class='ocrx_word' id='word_1_149' title='bbox 1200 1969 1445 2039; x_wconf 78' lang='grc' dir='ltr'>χιλιάδας</span> <span class='ocrx_word' id='word_1_150' title='bbox 1467 1976 1541 2024; x_wconf 89' lang='grc' dir='ltr'>π’.</span> <span class='ocrx_word' id='word_1_151' title='bbox 1565 1971 1632 2024; x_wconf 84' lang='grc' dir='ltr'><strong>Αἳ</strong></span> <span class='ocrx_word' id='word_1_152' title='bbox 1657 1972 1852 2043; x_wconf 81' lang='grc' dir='ltr'>μέχρις</span> 
     </span>
    </p>
   </div>
   <div class='ocr_carea' id='block_1_23' title="bbox 256 2057 1851 2135">
    <p class='ocr_par' dir='ltr' id='par_1_23' title="bbox 256 2057 1851 2135">
     <span class='ocr_line' id='line_1_23' title="bbox 256 2057 1851 2135; baseline 0.003 -24"><span class='ocrx_word' id='word_1_153' title='bbox 256 2058 532 2111; x_wconf 77' lang='grc' dir='ltr'>ἐνιαυτῶν</span> <span class='ocrx_word' id='word_1_154' title='bbox 571 2057 665 2113; x_wconf 84' lang='grc' dir='ltr'><strong>δύο</strong></span> <span class='ocrx_word' id='word_1_155' title='bbox 689 2058 1007 2131; x_wconf 81' lang='grc' dir='ltr'>διήρκεσαν,</span> <span class='ocrx_word' id='word_1_156' title='bbox 1037 2061 1143 2114; x_wconf 82' lang='grc' dir='ltr'><strong>ὑπὸ</strong></span> <span class='ocrx_word' id='word_1_157' title='bbox 1168 2062 1267 2130; x_wconf 85' lang='grc' dir='ltr'>τῆς</span> <span class='ocrx_word' id='word_1_158' title='bbox 1299 2061 1642 2133; x_wconf 76' lang='grc' dir='ltr'>βαρϐαρικῆς</span> <span class='ocrx_word' id='word_1_159' title='bbox 1673 2064 1851 2135; x_wconf 85' lang='grc' dir='ltr'>ἀπλη-</span> 
     </span>
    </p>
   </div>
   <div class='ocr_carea' id='block_1_24' title="bbox 255 2148 1851 2226">
    <p class='ocr_par' dir='ltr' id='par_1_24' title="bbox 255 2148 1851 2226">
     <span class='ocr_line' id='line_1_24' title="bbox 255 2148 1851 2226; baseline 0.004 -24"><span class='ocrx_word' id='word_1_160' title='bbox 255 2150 419 2213; x_wconf 85' lang='grc' dir='ltr'>στίας</span> <span class='ocrx_word' id='word_1_161' title='bbox 469 2148 748 2204; x_wconf 85' lang='grc' dir='ltr'>λυθεῖσαι·</span> <span class='ocrx_word' id='word_1_162' title='bbox 783 2151 955 2205; x_wconf 78' lang='grc' dir='ltr'>εἴκοσι</span> <span class='ocrx_word' id='word_1_163' title='bbox 984 2152 1094 2223; x_wconf 86' lang='grc' dir='ltr'>γὰρ</span> <span class='ocrx_word' id='word_1_164' title='bbox 1136 2152 1390 2222; x_wconf 86' lang='grc' dir='ltr'>χιλιάδων</span> <span class='ocrx_word' id='word_1_165' title='bbox 1424 2155 1630 2226; x_wconf 83' lang='grc' dir='ltr'>χρυσοῦ</span> <span class='ocrx_word' id='word_1_166' title='bbox 1651 2156 1679 2207; x_wconf 87' lang='grc' dir='ltr'>ὁ</span> <span class='ocrx_word' id='word_1_167' title='bbox 1717 2154 1851 2226; x_wconf 85' lang='grc' dir='ltr'>βάρ-</span> 
     </span>
    </p>
   </div>
   <div class='ocr_carea' id='block_1_25' title="bbox 256 2236 1850 2312">
    <p class='ocr_par' dir='ltr' id='par_1_25' title="bbox 256 2236 1850 2312">
     <span class='ocr_line' id='line_1_25' title="bbox 256 2236 1850 2312; baseline 0.003 -20"><span class='ocrx_word' id='word_1_168' title='bbox 256 2241 431 2310; x_wconf 85' lang='grc' dir='ltr'>ϐαρος</span> <span class='ocrx_word' id='word_1_169' title='bbox 452 2239 777 2312; x_wconf 79' lang='grc' dir='ltr'>προσθήκην</span> <span class='ocrx_word' id='word_1_170' title='bbox 794 2240 996 2312; x_wconf 75' lang='grc' dir='ltr'>ἐζήτει.</span> <span class='ocrx_word' id='word_1_171' title='bbox 1013 2242 1104 2306; x_wconf 82' lang='grc' dir='ltr'><strong>Ἐξ</strong></span> <span class='ocrx_word' id='word_1_172' title='bbox 1115 2236 1175 2297; x_wconf 77' lang='grc' dir='ltr'>οὗ</span> <span class='ocrx_word' id='word_1_173' title='bbox 1190 2241 1344 2305; x_wconf 84' lang='grc' dir='ltr'>λύσις</span> <span class='ocrx_word' id='word_1_174' title='bbox 1358 2245 1547 2312; x_wconf 84' lang='grc' dir='ltr'>γέγονε</span> <span class='ocrx_word' id='word_1_175' title='bbox 1565 2243 1675 2298; x_wconf 89' lang='grc' dir='ltr'><strong>τῶν</strong></span> <span class='ocrx_word' id='word_1_176' title='bbox 1690 2261 1850 2297; x_wconf 89' lang='grc' dir='ltr'>σπον-</span> 
     </span>
    </p>
   </div>
   <div class='ocr_carea' id='block_1_26' title="bbox 252 2332 1850 2407">
    <p class='ocr_par' dir='ltr' id='par_1_26' title="bbox 252 2332 1850 2407">
     <span class='ocr_line' id='line_1_26' title="bbox 252 2332 1850 2407; baseline 0.001 -20"><span class='ocrx_word' id='word_1_177' title='bbox 252 2334 367 2387; x_wconf 84' lang='grc' dir='ltr'><strong>δῶν</strong></span> <span class='ocrx_word' id='word_1_178' title='bbox 394 2351 407 2365; x_wconf 86' lang='grc'><strong>·</strong></span> <span class='ocrx_word' id='word_1_179' title='bbox 439 2334 539 2386; x_wconf 74' lang='grc' dir='ltr'>καὶ</span> <span class='ocrx_word' id='word_1_180' title='bbox 568 2332 849 2387; x_wconf 83' lang='grc' dir='ltr'>ἁλίσκεται</span> <span class='ocrx_word' id='word_1_181' title='bbox 888 2335 992 2387; x_wconf 78' lang='grc' dir='ltr'>ὑπὸ</span> <span class='ocrx_word' id='word_1_182' title='bbox 1023 2334 1132 2387; x_wconf 88' lang='grc' dir='ltr'><strong>τῶν</strong></span> <span class='ocrx_word' id='word_1_183' title='bbox 1164 2334 1458 2405; x_wconf 86' lang='grc' dir='ltr'>βαρϐάρων</span> <span class='ocrx_word' id='word_1_184' title='bbox 1508 2336 1788 2407; x_wconf 87' lang='grc' dir='ltr'>Σιγγηδὼν</span> <span class='ocrx_word' id='word_1_185' title='bbox 1816 2338 1850 2407; x_wconf 86' lang='grc' dir='ltr'>ή</span> 
     </span>
    </p>
   </div>
   <div class='ocr_carea' id='block_1_27' title="bbox 256 2424 1851 2499">
    <p class='ocr_par' dir='ltr' id='par_1_27' title="bbox 256 2424 1851 2499">
     <span class='ocr_line' id='line_1_27' title="bbox 256 2424 1851 2499; baseline 0.003 -21"><span class='ocrx_word' id='word_1_186' title='bbox 256 2425 420 2488; x_wconf 83' lang='grc' dir='ltr'>πόλις</span> <span class='ocrx_word' id='word_1_187' title='bbox 454 2427 553 2478; x_wconf 69' lang='grc' dir='ltr'>καὶ</span> <span class='ocrx_word' id='word_1_188' title='bbox 580 2424 867 2491; x_wconf 79' lang='grc' dir='ltr'>Αὑγούστα</span> <span class='ocrx_word' id='word_1_189' title='bbox 912 2426 1091 2480; x_wconf 80' lang='grc' dir='ltr'>καὶτὸ</span> <span class='ocrx_word' id='word_1_190' title='bbox 1109 2427 1453 2497; x_wconf 88' lang='grc' dir='ltr'>Βιμινάκιον,</span> <span class='ocrx_word' id='word_1_191' title='bbox 1478 2430 1851 2499; x_wconf 86' lang='grc' dir='ltr'>πολιορκεῖται</span> 
     </span>
    </p>
   </div>
   <div class='ocr_carea' id='block_1_28' title="bbox 254 2516 1852 2588">
    <p class='ocr_par' dir='ltr' id='par_1_28' title="bbox 254 2516 1852 2588">
     <span class='ocr_line' id='line_1_28' title="bbox 254 2516 1852 2588; baseline 0.001 -18"><span class='ocrx_word' id='word_1_192' title='bbox 254 2518 311 2570; x_wconf 84' lang='grc' dir='ltr'>δὲ</span> <span class='ocrx_word' id='word_1_193' title='bbox 342 2517 444 2570; x_wconf 77' lang='grc' dir='ltr'><strong>καὶ</strong></span> <span class='ocrx_word' id='word_1_194' title='bbox 486 2517 775 2585; x_wconf 83' lang='grc' dir='ltr'>Ἀγχίαλος</span> <span class='ocrx_word' id='word_1_195' title='bbox 797 2516 971 2580; x_wconf 82' lang='grc' dir='ltr'>πόλις.</span> <span class='ocrx_word' id='word_1_196' title='bbox 1004 2517 1114 2571; x_wconf 79' lang='grc' dir='ltr'>Καὶ</span> <span class='ocrx_word' id='word_1_197' title='bbox 1141 2517 1539 2588; x_wconf 87' lang='grc' dir='ltr'>πρεσϐεύονται</span> <span class='ocrx_word' id='word_1_198' title='bbox 1580 2518 1852 2582; x_wconf 72' lang='grc' dir='ltr'>Ἐλπίδιος</span> 
     </span>
    </p>
   </div>
   <div class='ocr_carea' id='block_1_29' title="bbox 255 2605 1854 2679">
    <p class='ocr_par' dir='ltr' id='par_1_29' title="bbox 255 2605 1854 2679">
     <span class='ocr_line' id='line_1_29' title="bbox 255 2605 1854 2679; baseline 0.001 -17"><span class='ocrx_word' id='word_1_199' title='bbox 255 2608 357 2662; x_wconf 69' lang='grc' dir='ltr'><strong>καὶ</strong></span> <span class='ocrx_word' id='word_1_200' title='bbox 384 2606 755 2676; x_wconf 81' lang='grc' dir='ltr'>Κομεντίολος</span> <span class='ocrx_word' id='word_1_201' title='bbox 792 2605 1080 2677; x_wconf 85' lang='grc' dir='ltr'>Ῥωμαίων</span> <span class='ocrx_word' id='word_1_202' title='bbox 1128 2609 1388 2679; x_wconf 88' lang='grc' dir='ltr'>πρέσϐεις</span> <span class='ocrx_word' id='word_1_203' title='bbox 1436 2609 1574 2679; x_wconf 82' lang='grc' dir='ltr'>πρὸς</span> <span class='ocrx_word' id='word_1_204' title='bbox 1602 2608 1695 2663; x_wconf 84' lang='grc' dir='ltr'><strong>τὸν</strong></span> <span class='ocrx_word' id='word_1_205' title='bbox 1744 2610 1854 2664; x_wconf 87' lang='grc' dir='ltr'><strong>τῶν</strong></span> 
     </span>
    </p>
   </div>
   <div class='ocr_carea' id='block_1_30' title="bbox 267 2696 1854 2774">
    <p class='ocr_par' dir='ltr' id='par_1_30' title="bbox 267 2696 1854 2774">
     <span class='ocr_line' id='line_1_30' title="bbox 267 2696 1854 2774; baseline 0.001 -22"><span class='ocrx_word' id='word_1_206' title='bbox 267 2698 529 2768; x_wconf 80' lang='grc' dir='ltr'>Ἀϐάρων</span> <span class='ocrx_word' id='word_1_207' title='bbox 580 2698 855 2767; x_wconf 82' lang='grc' dir='ltr'>Χαγάνον,</span> <span class='ocrx_word' id='word_1_208' title='bbox 896 2697 987 2769; x_wconf 76' lang='grc'><strong>[84</strong></span> <span class='ocrx_word' id='word_1_209' title='bbox 1022 2696 1115 2771; x_wconf 84' lang='lat' dir='ltr'><strong>R.]</strong></span> <span class='ocrx_word' id='word_1_210' title='bbox 1149 2700 1243 2753; x_wconf 76' lang='grc' dir='ltr'>καὶ</span> <span class='ocrx_word' id='word_1_211' title='bbox 1294 2699 1640 2770; x_wconf 85' lang='grc' dir='ltr'>ἀτιμοῦνται,</span> <span class='ocrx_word' id='word_1_212' title='bbox 1664 2700 1761 2754; x_wconf 82' lang='grc' dir='ltr'><strong>άτε</strong></span> <span class='ocrx_word' id='word_1_213' title='bbox 1789 2700 1854 2774; x_wconf 80' lang='grc' dir='ltr'>δὴ</span> 
     </span>
    </p>
   </div>
   <div class='ocr_carea' id='block_1_31' title="bbox 257 2792 1852 2865">
    <p class='ocr_par' dir='ltr' id='par_1_31' title="bbox 257 2792 1852 2865">
     <span class='ocr_line' id='line_1_31' title="bbox 257 2792 1852 2865; baseline 0.002 -18"><span class='ocrx_word' id='word_1_214' title='bbox 257 2792 639 2862; x_wconf 78' lang='grc' dir='ltr'>Κομεντιόλου</span> <span class='ocrx_word' id='word_1_215' title='bbox 675 2792 1202 2864; x_wconf 80' lang='grc' dir='ltr'>παρρησιασαμένου</span> <span class='ocrx_word' id='word_1_216' title='bbox 1234 2793 1371 2865; x_wconf 85' lang='grc' dir='ltr'>πρὸς</span> <span class='ocrx_word' id='word_1_217' title='bbox 1395 2792 1490 2846; x_wconf 82' lang='grc' dir='ltr'><strong>τὸν</strong></span> <span class='ocrx_word' id='word_1_218' title='bbox 1553 2792 1852 2865; x_wconf 88' lang='grc' dir='ltr'>βάρϐαρον.</span> 
     </span>
    </p>
   </div>
   <div class='ocr_carea' id='block_1_32' title="bbox 256 2883 1856 2959">
    <p class='ocr_par' dir='ltr' id='par_1_32' title="bbox 256 2883 1856 2959">
     <span class='ocr_line' id='line_1_32' title="bbox 256 2883 1856 2959; baseline 0.003 -22"><span class='ocrx_word' id='word_1_219' title='bbox 256 2883 375 2937; x_wconf 77' lang='grc' dir='ltr'>Τοῦ</span> <span class='ocrx_word' id='word_1_220' title='bbox 402 2886 464 2939; x_wconf 80' lang='grc' dir='ltr'>δὲ</span> <span class='ocrx_word' id='word_1_221' title='bbox 488 2888 881 2959; x_wconf 79' lang='grc' dir='ltr'>ἐπιγενομένου</span> <span class='ocrx_word' id='word_1_222' title='bbox 908 2887 1065 2951; x_wconf 76' lang='grc' dir='ltr'>ἔτους</span> <span class='ocrx_word' id='word_1_223' title='bbox 1099 2888 1263 2943; x_wconf 84' lang='grc' dir='ltr'>πάλιν</span> <span class='ocrx_word' id='word_1_224' title='bbox 1299 2888 1568 2953; x_wconf 88' lang='grc' dir='ltr'>Ἐλπίδιος</span> <span class='ocrx_word' id='word_1_225' title='bbox 1601 2888 1740 2959; x_wconf 76' lang='grc' dir='ltr'>πρὸς</span> <span class='ocrx_word' id='word_1_226' title='bbox 1764 2887 1856 2942; x_wconf 80' lang='grc' dir='ltr'><strong>τὸν</strong></span> 
     </span>
    </p>
   </div>
   <div class='ocr_carea' id='block_1_33' title="bbox 256 2979 1857 3052">
    <p class='ocr_par' dir='ltr' id='par_1_33' title="bbox 256 2979 1857 3052">
     <span class='ocr_line' id='line_1_33' title="bbox 256 2979 1857 3052; baseline 0 -20"><span class='ocrx_word' id='word_1_227' title='bbox 256 2979 527 3048; x_wconf 80' lang='grc' dir='ltr'>Χαγάνον</span> <span class='ocrx_word' id='word_1_228' title='bbox 574 2980 1031 3051; x_wconf 88' lang='grc' dir='ltr'>διαπρεσϐεύεται</span> <span class='ocrx_word' id='word_1_229' title='bbox 1111 2981 1204 3034; x_wconf 72' lang='grc' dir='ltr'><strong>ἐπὶ</strong></span> <span class='ocrx_word' id='word_1_230' title='bbox 1256 2981 1336 3052; x_wconf 83' lang='grc' dir='ltr'><strong>τῷ</strong></span> <span class='ocrx_word' id='word_1_231' title='bbox 1387 2982 1483 3034; x_wconf 73' lang='grc' dir='ltr'>καὶ</span> <span class='ocrx_word' id='word_1_232' title='bbox 1532 2981 1631 3043; x_wconf 85' lang='grc' dir='ltr'>τὰς</span> <span class='ocrx_word' id='word_1_233' title='bbox 1683 2981 1857 3034; x_wconf 76' lang='grc' dir='ltr'>εἴκοσι</span> 
     </span>
    </p>
   </div>
   <div class='ocr_carea' id='block_1_34' title="bbox 260 3071 1858 3144">
    <p class='ocr_par' dir='ltr' id='par_1_34' title="bbox 260 3071 1858 3144">
     <span class='ocr_line' id='line_1_34' title="bbox 260 3071 1858 3144; baseline 0.003 -21"><span class='ocrx_word' id='word_1_234' title='bbox 260 3071 522 3141; x_wconf 79' lang='grc' dir='ltr'>χιλιάδας</span> <span class='ocrx_word' id='word_1_235' title='bbox 555 3072 943 3144; x_wconf 85' lang='grc' dir='ltr'>προστεθῆναι,</span> <span class='ocrx_word' id='word_1_236' title='bbox 979 3073 1075 3126; x_wconf 79' lang='grc' dir='ltr'><strong>καὶ</strong></span> <span class='ocrx_word' id='word_1_237' title='bbox 1103 3072 1285 3127; x_wconf 87' lang='grc' dir='ltr'>λαϐὼν</span> <span class='ocrx_word' id='word_1_238' title='bbox 1332 3072 1627 3143; x_wconf 88' lang='grc' dir='ltr'>Ταργίτιόν</span> <span class='ocrx_word' id='word_1_239' title='bbox 1654 3074 1703 3105; x_wconf 79' lang='grc'><strong>³⁸</strong></span> <span class='ocrx_word' id='word_1_240' title='bbox 1730 3088 1858 3127; x_wconf 79' lang='grc' dir='ltr'>τινα</span> 
     </span>
    </p>
   </div>
   <div class='ocr_carea' id='block_1_35' title="bbox 1942 492 3526 566">
    <p class='ocr_par' dir='ltr' id='par_1_35' title="bbox 1942 492 3526 566">
     <span class='ocr_line' id='line_1_35' title="bbox 1942 492 3526 566; baseline 0.004 -18"><span class='ocrx_word' id='word_1_241' title='bbox 1942 493 2118 548; x_wconf 81' lang='lat' dir='ltr'><strong>clesiae</strong></span> <span class='ocrx_word' id='word_1_242' title='bbox 2147 494 2328 548; x_wconf 84' lang='lat' dir='ltr'><strong>sedem</strong></span> <span class='ocrx_word' id='word_1_243' title='bbox 2367 502 2601 547; x_wconf 89' lang='lat' dir='ltr'><strong>tenente.</strong></span> <span class='ocrx_word' id='word_1_244' title='bbox 2621 492 2895 562; x_wconf 80' lang='lat' dir='ltr'><strong>Praecepta</strong></span> <span class='ocrx_word' id='word_1_245' title='bbox 2938 493 3182 562; x_wconf 67' lang='lat' dir='ltr'><strong>quaedam</strong></span> <span class='ocrx_word' id='word_1_246' title='bbox 3230 496 3526 566; x_wconf 77' lang='lat' dir='ltr'><strong>imperator</strong></span> 
     </span>
    </p>
   </div>
   <div class='ocr_carea' id='block_1_36' title="bbox 1943 583 3528 658">
    <p class='ocr_par' dir='ltr' id='par_1_36' title="bbox 1943 583 3528 658">
     <span class='ocr_line' id='line_1_36' title="bbox 1943 583 3528 658; baseline 0.003 -20"><span class='ocrx_word' id='word_1_247' title='bbox 1943 584 2201 640; x_wconf 84' lang='lat' dir='ltr'><strong>Mauricio</strong></span> <span class='ocrx_word' id='word_1_248' title='bbox 2235 584 2402 652; x_wconf 90' lang='lat' dir='ltr'><strong>dedit,</strong></span> <span class='ocrx_word' id='word_1_249' title='bbox 2429 583 2649 639; x_wconf 85' lang='lat' dir='ltr'><strong>Joannis</strong></span> <span class='ocrx_word' id='word_1_250' title='bbox 2680 585 2965 653; x_wconf 77' lang='lat' dir='ltr'><strong>quzestoris</strong></span> <span class='ocrx_word' id='word_1_251' title='bbox 2998 587 3063 639; x_wconf 89' lang='lat' dir='ltr'><strong>ad</strong></span> <span class='ocrx_word' id='word_1_252' title='bbox 3098 601 3217 641; x_wconf 91' lang='lat' dir='ltr'><strong>eam</strong></span> <span class='ocrx_word' id='word_1_253' title='bbox 3253 604 3366 641; x_wconf 91' lang='lat' dir='ltr'><strong>rem</strong></span> <span class='ocrx_word' id='word_1_254' title='bbox 3397 603 3528 658; x_wconf 82' lang='lat' dir='ltr'><strong>ope-</strong></span> 
     </span>
    </p>
   </div>
   <div class='ocr_carea' id='block_1_37' title="bbox 1944 677 3529 751">
    <p class='ocr_par' dir='ltr' id='par_1_37' title="bbox 1944 677 3529 751">
     <span class='ocr_line' id='line_1_37' title="bbox 1944 677 3529 751; baseline 0.003 -19"><span class='ocrx_word' id='word_1_255' title='bbox 1944 693 2003 732; x_wconf 93' lang='lat' dir='ltr'><strong>ra</strong></span> <span class='ocrx_word' id='word_1_256' title='bbox 2055 693 2206 739; x_wconf 88' lang='lat' dir='ltr'><strong>usus,</strong></span> <span class='ocrx_word' id='word_1_257' title='bbox 2258 678 2350 744; x_wconf 85' lang='lat' dir='ltr'><strong>qui</strong></span> <span class='ocrx_word' id='word_1_258' title='bbox 2406 677 2471 731; x_wconf 85' lang='lat' dir='ltr'><strong>ad</strong></span> <span class='ocrx_word' id='word_1_259' title='bbox 2521 677 2838 732; x_wconf 82' lang='lat' dir='ltr'><strong>Mauricium</strong></span> <span class='ocrx_word' id='word_1_260' title='bbox 2898 679 3094 747; x_wconf 92' lang='lat' dir='ltr'><strong>ipsum,</strong></span> <span class='ocrx_word' id='word_1_261' title='bbox 3164 680 3529 751; x_wconf 85' lang='lat' dir='ltr'><strong>populumque</strong></span> 
     </span>
    </p>
   </div>
   <div class='ocr_carea' id='block_1_38' title="bbox 1944 769 3523 840">
    <p class='ocr_par' dir='ltr' id='par_1_38' title="bbox 1944 769 3523 840">
     <span class='ocr_line' id='line_1_38' title="bbox 1944 769 3523 840; baseline 0.001 -17"><span class='ocrx_word' id='word_1_262' title='bbox 1944 769 2108 825; x_wconf 88' lang='lat' dir='ltr'><strong>verba</strong></span> <span class='ocrx_word' id='word_1_263' title='bbox 2158 770 2359 834; x_wconf 84' lang='lat' dir='ltr'><strong>facere,</strong></span> <span class='ocrx_word' id='word_1_264' title='bbox 2399 770 2744 839; x_wconf 76' lang='lat' dir='ltr'><strong>imperatoris</strong></span> <span class='ocrx_word' id='word_1_265' title='bbox 2793 772 2913 826; x_wconf 91' lang='lat' dir='ltr'><strong>loco</strong></span> <span class='ocrx_word' id='word_1_266' title='bbox 2952 771 3137 840; x_wconf 87' lang='lat' dir='ltr'><strong>jussus</strong></span> <span class='ocrx_word' id='word_1_267' title='bbox 3182 782 3285 827; x_wconf 88' lang='lat' dir='ltr'><strong>est.</strong></span> <span class='ocrx_word' id='word_1_268' title='bbox 3331 772 3523 827; x_wconf 86' lang='lat' dir='ltr'><strong>Filiam</strong></span> 
     </span>
    </p>
   </div>
   <div class='ocr_carea' id='block_1_39' title="bbox 1946 861 3529 934">
    <p class='ocr_par' dir='ltr' id='par_1_39' title="bbox 1946 861 3529 934">
     <span class='ocr_line' id='line_1_39' title="bbox 1946 861 3529 934; baseline 0 -16"><span class='ocrx_word' id='word_1_269' title='bbox 1946 862 2205 918; x_wconf 77' lang='lat' dir='ltr'><strong>Mauricio</strong></span> <span class='ocrx_word' id='word_1_270' title='bbox 2259 861 2511 917; x_wconf 88' lang='lat' dir='ltr'><strong>Tiberius</strong></span> <span class='ocrx_word' id='word_1_271' title='bbox 2543 863 2850 931; x_wconf 90' lang='lat' dir='ltr'><strong>despondit,</strong></span> <span class='ocrx_word' id='word_1_272' title='bbox 2903 873 3224 933; x_wconf 86' lang='lat' dir='ltr'><strong>posteroque</strong></span> <span class='ocrx_word' id='word_1_273' title='bbox 3255 864 3343 919; x_wconf 91' lang='lat' dir='ltr'><strong>die</strong></span> <span class='ocrx_word' id='word_1_274' title='bbox 3364 880 3529 934; x_wconf 89' lang='lat' dir='ltr'><strong>quam</strong></span> 
     </span>
    </p>
   </div>
   <div class='ocr_carea' id='block_1_40' title="bbox 1944 956 3531 1028">
    <p class='ocr_par' dir='ltr' id='par_1_40' title="bbox 1944 956 3531 1028">
     <span class='ocr_line' id='line_1_40' title="bbox 1944 956 3531 1028; baseline -0.001 -16"><span class='ocrx_word' id='word_1_275' title='bbox 1944 966 2162 1012; x_wconf 88' lang='lat' dir='ltr'><strong>creatus</strong></span> <span class='ocrx_word' id='word_1_276' title='bbox 2211 956 2504 1010; x_wconf 84' lang='lat' dir='ltr'><strong>Mauricius</strong></span> <span class='ocrx_word' id='word_1_277' title='bbox 2536 964 2639 1020; x_wconf 87' lang='lat' dir='ltr'><strong>est,</strong></span> <span class='ocrx_word' id='word_1_278' title='bbox 2686 956 2774 1011; x_wconf 90' lang='lat' dir='ltr'><strong>hic</strong></span> <span class='ocrx_word' id='word_1_279' title='bbox 2802 958 2912 1011; x_wconf 86' lang='lat' dir='ltr'><strong>vita</strong></span> <span class='ocrx_word' id='word_1_280' title='bbox 2941 958 3175 1012; x_wconf 87' lang='lat' dir='ltr'><strong>decessit</strong></span> <span class='ocrx_word' id='word_1_281' title='bbox 3200 956 3336 1028; x_wconf 87' lang='lat'><strong>(90).</strong></span> <span class='ocrx_word' id='word_1_282' title='bbox 3369 957 3531 1011; x_wconf 89' lang='lat' dir='ltr'><strong>Morti</strong></span> 
     </span>
    </p>
   </div>
   <div class='ocr_carea' id='block_1_41' title="bbox 1944 1046 3532 1115">
    <p class='ocr_par' dir='ltr' id='par_1_41' title="bbox 1944 1046 3532 1115">
     <span class='ocr_line' id='line_1_41' title="bbox 1944 1046 3532 1115; baseline -0.002 -10"><span class='ocrx_word' id='word_1_283' title='bbox 1944 1050 2157 1105; x_wconf 86' lang='lat' dir='ltr'><strong>vicinus</strong></span> <span class='ocrx_word' id='word_1_284' title='bbox 2186 1050 2358 1103; x_wconf 91' lang='lat' dir='ltr'><strong>visum</strong></span> <span class='ocrx_word' id='word_1_285' title='bbox 2387 1048 2537 1115; x_wconf 87' lang='lat' dir='ltr'><strong>vidit,</strong></span> <span class='ocrx_word' id='word_1_286' title='bbox 2590 1049 2689 1101; x_wconf 89' lang='lat' dir='ltr'><strong>hac</strong></span> <span class='ocrx_word' id='word_1_287' title='bbox 2728 1049 2873 1103; x_wconf 88' lang='lat' dir='ltr'><strong>edita</strong></span> <span class='ocrx_word' id='word_1_288' title='bbox 2913 1063 3044 1103; x_wconf 90' lang='lat' dir='ltr'><strong>voce</strong></span> <span class='ocrx_word' id='word_1_289' title='bbox 3078 1066 3093 1102; x_wconf 91' lang='lat'><strong>:</strong></span> <span class='ocrx_word' id='word_1_290' title='bbox 3127 1046 3271 1112; x_wconf 91' lang='lat' dir='ltr'><strong>Tibi,</strong></span> <span class='ocrx_word' id='word_1_291' title='bbox 3303 1063 3338 1103; x_wconf 91' lang='grc' dir='ltr'><strong>ο</strong></span> <span class='ocrx_word' id='word_1_292' title='bbox 3366 1047 3532 1102; x_wconf 87' lang='lat' dir='ltr'><strong>Tibe-</strong></span> 
     </span>
    </p>
   </div>
   <div class='ocr_carea' id='block_1_42' title="bbox 1948 1139 3529 1210">
    <p class='ocr_par' dir='ltr' id='par_1_42' title="bbox 1948 1139 3529 1210">
     <span class='ocr_line' id='line_1_42' title="bbox 1948 1139 3529 1210; baseline -0.004 -12"><span class='ocrx_word' id='word_1_293' title='bbox 1948 1144 2016 1208; x_wconf 92' lang='lat' dir='ltr'><strong>ri,</strong></span> <span class='ocrx_word' id='word_1_294' title='bbox 2086 1142 2323 1196; x_wconf 90' lang='lat' dir='ltr'><strong>Trinitas</strong></span> <span class='ocrx_word' id='word_1_295' title='bbox 2377 1140 2516 1195; x_wconf 88' lang='lat' dir='ltr'><strong>Deus</strong></span> <span class='ocrx_word' id='word_1_296' title='bbox 2585 1140 2816 1202; x_wconf 88' lang='lat' dir='ltr'><strong>nuntiat,</strong></span> <span class='ocrx_word' id='word_1_297' title='bbox 2899 1140 3193 1209; x_wconf 87' lang='lat' dir='ltr'><strong>impietatis</strong></span> <span class='ocrx_word' id='word_1_298' title='bbox 3248 1139 3529 1210; x_wconf 86' lang='lat' dir='ltr'><strong>tyrannica</strong></span> 
     </span>
    </p>
   </div>
   <div class='ocr_carea' id='block_1_43' title="bbox 1949 1232 3535 1305">
    <p class='ocr_par' dir='ltr' id='par_1_43' title="bbox 1949 1232 3535 1305">
     <span class='ocr_line' id='line_1_43' title="bbox 1949 1232 3535 1305; baseline -0.004 -14"><span class='ocrx_word' id='word_1_299' title='bbox 1949 1247 2214 1305; x_wconf 88' lang='lat' dir='ltr'><strong>tempora,</strong></span> <span class='ocrx_word' id='word_1_300' title='bbox 2249 1244 2299 1288; x_wconf 88' lang='lat' dir='ltr'><strong>te</strong></span> <span class='ocrx_word' id='word_1_301' title='bbox 2328 1234 2650 1300; x_wconf 89' lang='lat' dir='ltr'><strong>imperante,</strong></span> <span class='ocrx_word' id='word_1_302' title='bbox 2701 1233 2921 1287; x_wconf 87' lang='lat' dir='ltr'><strong>minime</strong></span> <span class='ocrx_word' id='word_1_303' title='bbox 2948 1244 3192 1288; x_wconf 74' lang='lat' dir='ltr'><strong>ventura.</strong></span> <span class='ocrx_word' id='word_1_304' title='bbox 3235 1232 3535 1287; x_wconf 84' lang='lat' dir='ltr'><strong>Denuntia-</strong></span> 
     </span>
    </p>
   </div>
   <div class='ocr_carea' id='block_1_44' title="bbox 1949 1324 3535 1397">
    <p class='ocr_par' dir='ltr' id='par_1_44' title="bbox 1949 1324 3535 1397">
     <span class='ocr_line' id='line_1_44' title="bbox 1949 1324 3535 1397; baseline -0.003 -14"><span class='ocrx_word' id='word_1_305' title='bbox 1949 1330 2040 1384; x_wconf 89' lang='lat' dir='ltr'><strong>bat</strong></span> <span class='ocrx_word' id='word_1_306' title='bbox 2084 1328 2340 1382; x_wconf 88' lang='lat' dir='ltr'><strong>nimirum</strong></span> <span class='ocrx_word' id='word_1_307' title='bbox 2384 1327 2702 1397; x_wconf 68' lang='lat' dir='ltr'><strong>tragoediam</strong></span> <span class='ocrx_word' id='word_1_308' title='bbox 2754 1324 2975 1379; x_wconf 71' lang='lat' dir='ltr'><strong>nefariae</strong></span> <span class='ocrx_word' id='word_1_309' title='bbox 3025 1326 3377 1397; x_wconf 84' lang='lat' dir='ltr'><strong>tyrannidisa</strong></span> <span class='ocrx_word' id='word_1_310' title='bbox 3408 1340 3535 1379; x_wconf 81' lang='lat' dir='ltr'><strong>cru—</strong></span> 
     </span>
    </p>
   </div>
   <div class='ocr_carea' id='block_1_45' title="bbox 1950 1415 3531 1487">
    <p class='ocr_par' dir='ltr' id='par_1_45' title="bbox 1950 1415 3531 1487">
     <span class='ocr_line' id='line_1_45' title="bbox 1950 1415 3531 1487; baseline -0.004 -11"><span class='ocrx_word' id='word_1_311' title='bbox 1950 1421 2053 1476; x_wconf 90' lang='lat' dir='ltr'><strong>deli</strong></span> <span class='ocrx_word' id='word_1_312' title='bbox 2100 1420 2280 1476; x_wconf 89' lang='lat' dir='ltr'><strong>Phoca</strong></span> <span class='ocrx_word' id='word_1_313' title='bbox 2315 1420 2684 1487; x_wconf 89' lang='lat' dir='ltr'><strong>sceleratoque</strong></span> <span class='ocrx_word' id='word_1_314' title='bbox 2733 1418 3078 1487; x_wconf 65' lang='lat' dir='ltr'><strong>occupandae.</strong></span> <span class='ocrx_word' id='word_1_315' title='bbox 3129 1415 3263 1472; x_wconf 86' lang='lat' dir='ltr'><strong>Cum</strong></span> <span class='ocrx_word' id='word_1_316' title='bbox 3310 1416 3531 1480; x_wconf 81' lang='lat' dir='ltr'><strong>Abaris,</strong></span> 
     </span>
    </p>
   </div>
   <div class='ocr_carea' id='block_1_46' title="bbox 1950 1507 3536 1583">
    <p class='ocr_par' dir='ltr' id='par_1_46' title="bbox 1950 1507 3536 1583">
     <span class='ocr_line' id='line_1_46' title="bbox 1950 1507 3536 1583; baseline -0.004 -16"><span class='ocrx_word' id='word_1_317' title='bbox 1950 1515 2041 1583; x_wconf 89' lang='lat' dir='ltr'><strong>qui</strong></span> <span class='ocrx_word' id='word_1_318' title='bbox 2062 1514 2173 1581; x_wconf 87' lang='lat' dir='ltr'><strong>jam</strong></span> <span class='ocrx_word' id='word_1_319' title='bbox 2210 1514 2467 1568; x_wconf 91' lang='lat' dir='ltr'><strong>Sirmium</strong></span> <span class='ocrx_word' id='word_1_320' title='bbox 2495 1512 2749 1566; x_wconf 89' lang='lat' dir='ltr'><strong>obsidere</strong></span> <span class='ocrx_word' id='word_1_321' title='bbox 2782 1518 3078 1578; x_wconf 67' lang='lat' dir='ltr'><strong>casperant,</strong></span> <span class='ocrx_word' id='word_1_322' title='bbox 3113 1508 3355 1562; x_wconf 87' lang='lat' dir='ltr'><strong>inducias</strong></span> <span class='ocrx_word' id='word_1_323' title='bbox 3382 1507 3536 1561; x_wconf 83' lang='lat' dir='ltr'><strong>Mau-</strong></span> 
     </span>
    </p>
   </div>
   <div class='ocr_carea' id='block_1_47' title="bbox 1952 1602 3535 1676">
    <p class='ocr_par' dir='ltr' id='par_1_47' title="bbox 1952 1602 3535 1676">
     <span class='ocr_line' id='line_1_47' title="bbox 1952 1602 3535 1676; baseline -0.005 -15"><span class='ocrx_word' id='word_1_324' title='bbox 1952 1608 2116 1661; x_wconf 89' lang='lat' dir='ltr'><strong>ricius</strong></span> <span class='ocrx_word' id='word_1_325' title='bbox 2160 1606 2309 1671; x_wconf 87' lang='lat' dir='ltr'><strong>fecit,</strong></span> <span class='ocrx_word' id='word_1_326' title='bbox 2364 1621 2426 1661; x_wconf 90' lang='lat' dir='ltr'><strong>ea</strong></span> <span class='ocrx_word' id='word_1_327' title='bbox 2473 1606 2611 1676; x_wconf 80' lang='lat' dir='ltr'><strong>lege,</strong></span> <span class='ocrx_word' id='word_1_328' title='bbox 2663 1614 2721 1658; x_wconf 89' lang='lat' dir='ltr'><strong>ut</strong></span> <span class='ocrx_word' id='word_1_329' title='bbox 2772 1604 3026 1658; x_wconf 88' lang='lat' dir='ltr'><strong>Barbaris</strong></span> <span class='ocrx_word' id='word_1_330' title='bbox 3079 1602 3369 1671; x_wconf 88' lang='lat' dir='ltr'><strong>quotannis</strong></span> <span class='ocrx_word' id='word_1_331' title='bbox 3412 1617 3535 1655; x_wconf 90' lang='lat' dir='ltr'><strong>cum</strong></span> 
     </span>
    </p>
   </div>
   <div class='ocr_carea' id='block_1_48' title="bbox 1952 1694 3538 1766">
    <p class='ocr_par' dir='ltr' id='par_1_48' title="bbox 1952 1694 3538 1766">
     <span class='ocr_line' id='line_1_48' title="bbox 1952 1694 3538 1766; baseline -0.001 -15"><span class='ocrx_word' id='word_1_332' title='bbox 1952 1696 2180 1766; x_wconf 86' lang='lat' dir='ltr'><strong>pecunia</strong></span> <span class='ocrx_word' id='word_1_333' title='bbox 2210 1706 2513 1760; x_wconf 89' lang='lat' dir='ltr'><strong>numerata,</strong></span> <span class='ocrx_word' id='word_1_334' title='bbox 2564 1705 2674 1749; x_wconf 91' lang='lat' dir='ltr'><strong>tum</strong></span> <span class='ocrx_word' id='word_1_335' title='bbox 2710 1694 2974 1761; x_wconf 79' lang='lat' dir='ltr'><strong>vestibus,</strong></span> <span class='ocrx_word' id='word_1_336' title='bbox 3029 1695 3169 1764; x_wconf 81' lang='lat' dir='ltr'><strong>27b</strong></span> <span class='ocrx_word' id='word_1_337' title='bbox 3204 1695 3321 1748; x_wconf 89' lang='lat' dir='ltr'><strong>auri</strong></span> <span class='ocrx_word' id='word_1_338' title='bbox 3360 1694 3538 1765; x_wconf 89' lang='lat' dir='ltr'><strong>pondo</strong></span> 
     </span>
    </p>
   </div>
   <div class='ocr_carea' id='block_1_49' title="bbox 1954 1787 3538 1858">
    <p class='ocr_par' dir='ltr' id='par_1_49' title="bbox 1954 1787 3538 1858">
     <span class='ocr_line' id='line_1_49' title="bbox 1954 1787 3538 1858; baseline -0.001 -17"><span class='ocrx_word' id='word_1_339' title='bbox 1954 1787 2119 1842; x_wconf 87' lang='lat' dir='ltr'><strong>millia</strong></span> <span class='ocrx_word' id='word_1_340' title='bbox 2157 1788 2431 1857; x_wconf 79' lang='lat' dir='ltr'><strong>octoginta</strong></span> <span class='ocrx_word' id='word_1_341' title='bbox 2464 1789 2745 1858; x_wconf 89' lang='lat' dir='ltr'><strong>penderet.</strong></span> <span class='ocrx_word' id='word_1_342' title='bbox 2798 1787 2950 1855; x_wconf 66' lang='lat' dir='ltr'><strong>Quae,</strong></span> <span class='ocrx_word' id='word_1_343' title='bbox 2977 1804 3098 1842; x_wconf 92' lang='lat' dir='ltr'><strong>cum</strong></span> <span class='ocrx_word' id='word_1_344' title='bbox 3128 1788 3403 1842; x_wconf 90' lang='lat' dir='ltr'><strong>biennium</strong></span> <span class='ocrx_word' id='word_1_345' title='bbox 3451 1789 3538 1842; x_wconf 88' lang='lat' dir='ltr'><strong>iu-</strong></span> 
     </span>
    </p>
   </div>
   <div class='ocr_carea' id='block_1_50' title="bbox 1954 1876 3540 1946">
    <p class='ocr_par' dir='ltr' id='par_1_50' title="bbox 1954 1876 3540 1946">
     <span class='ocr_line' id='line_1_50' title="bbox 1954 1876 3540 1946; baseline 0.001 -15"><span class='ocrx_word' id='word_1_346' title='bbox 1954 1876 2125 1931; x_wconf 74' lang='lat' dir='ltr'><strong>ducite</strong></span> <span class='ocrx_word' id='word_1_347' title='bbox 2177 1887 2408 1932; x_wconf 61' lang='lat' dir='ltr'><strong>servatae</strong></span> <span class='ocrx_word' id='word_1_348' title='bbox 2437 1876 2690 1944; x_wconf 83' lang='lat' dir='ltr'><strong>fuissent,</strong></span> <span class='ocrx_word' id='word_1_349' title='bbox 2737 1878 3018 1933; x_wconf 88' lang='lat' dir='ltr'><strong>barbarica</strong></span> <span class='ocrx_word' id='word_1_350' title='bbox 3049 1880 3279 1946; x_wconf 79' lang='lat' dir='ltr'><strong>quadam</strong></span> <span class='ocrx_word' id='word_1_351' title='bbox 3308 1888 3361 1932; x_wconf 91' lang='lat' dir='ltr'><strong>et</strong></span> <span class='ocrx_word' id='word_1_352' title='bbox 3391 1879 3540 1933; x_wconf 82' lang='lat' dir='ltr'><strong>inex-</strong></span> 
     </span>
    </p>
   </div>
   <div class='ocr_carea' id='block_1_51' title="bbox 1952 1966 3538 2038">
    <p class='ocr_par' dir='ltr' id='par_1_51' title="bbox 1952 1966 3538 2038">
     <span class='ocr_line' id='line_1_51' title="bbox 1952 1966 3538 2038; baseline 0.001 -19"><span class='ocrx_word' id='word_1_353' title='bbox 1952 1966 2134 2036; x_wconf 91' lang='lat' dir='ltr'><strong>plebili</strong></span> <span class='ocrx_word' id='word_1_354' title='bbox 2182 1968 2480 2037; x_wconf 90' lang='lat' dir='ltr'><strong>cupiditate</strong></span> <span class='ocrx_word' id='word_1_355' title='bbox 2518 1967 2707 2023; x_wconf 62' lang='lat' dir='ltr'><strong>soluta:</strong></span> <span class='ocrx_word' id='word_1_356' title='bbox 2760 1978 2927 2023; x_wconf 92' lang='lat' dir='ltr'><strong>sunt:</strong></span> <span class='ocrx_word' id='word_1_357' title='bbox 2964 1968 3151 2038; x_wconf 79' lang='lat' dir='ltr'><strong>viginti</strong></span> <span class='ocrx_word' id='word_1_358' title='bbox 3193 1970 3338 2023; x_wconf 92' lang='lat' dir='ltr'><strong>enim</strong></span> <span class='ocrx_word' id='word_1_359' title='bbox 3374 1969 3538 2023; x_wconf 84' lang='lat' dir='ltr'><strong>millia</strong></span> 
     </span>
    </p>
   </div>
   <div class='ocr_carea' id='block_1_52' title="bbox 1953 2057 3540 2130">
    <p class='ocr_par' dir='ltr' id='par_1_52' title="bbox 1953 2057 3540 2130">
     <span class='ocr_line' id='line_1_52' title="bbox 1953 2057 3540 2130; baseline 0.001 -18"><span class='ocrx_word' id='word_1_360' title='bbox 1953 2057 2185 2125; x_wconf 92' lang='lat' dir='ltr'><strong>amplius</strong></span> <span class='ocrx_word' id='word_1_361' title='bbox 2220 2057 2300 2129; x_wconf 90' lang='lat' dir='ltr'><strong>(ut</strong></span> <span class='ocrx_word' id='word_1_362' title='bbox 2332 2067 2547 2112; x_wconf 92' lang='lat' dir='ltr'><strong>centum</strong></span> <span class='ocrx_word' id='word_1_363' title='bbox 2588 2058 2794 2130; x_wconf 88' lang='lat' dir='ltr'><strong>essent)</strong></span> <span class='ocrx_word' id='word_1_364' title='bbox 2820 2059 3171 2114; x_wconf 87' lang='lat' dir='ltr'><strong>additamenti</strong></span> <span class='ocrx_word' id='word_1_365' title='bbox 3210 2060 3327 2114; x_wconf 84' lang='lat' dir='ltr'><strong>vice</strong></span> <span class='ocrx_word' id='word_1_366' title='bbox 3352 2069 3540 2129; x_wconf 88' lang='lat' dir='ltr'><strong>postu-</strong></span> 
     </span>
    </p>
   </div>
   <div class='ocr_carea' id='block_1_53' title="bbox 1953 2150 3542 2224">
    <p class='ocr_par' dir='ltr' id='par_1_53' title="bbox 1953 2150 3542 2224">
     <span class='ocr_line' id='line_1_53' title="bbox 1953 2150 3542 2224; baseline 0.002 -19"><span class='ocrx_word' id='word_1_367' title='bbox 1953 2151 2157 2205; x_wconf 86' lang='lat' dir='ltr'><strong>labant.</strong></span> <span class='ocrx_word' id='word_1_368' title='bbox 2203 2150 2341 2206; x_wconf 90' lang='lat' dir='ltr'><strong>lline</strong></span> <span class='ocrx_word' id='word_1_369' title='bbox 2392 2152 2759 2222; x_wconf 89' lang='lat' dir='ltr'><strong>postissimum</strong></span> <span class='ocrx_word' id='word_1_370' title='bbox 2815 2160 2985 2221; x_wconf 59' lang='lat' dir='ltr'><strong>ruptae</strong></span> <span class='ocrx_word' id='word_1_371' title='bbox 3039 2152 3269 2208; x_wconf 72' lang='lat' dir='ltr'><strong>induciae</strong></span> <span class='ocrx_word' id='word_1_372' title='bbox 3300 2192 3315 2219; x_wconf 92' lang='lat'><strong>,</strong></span> <span class='ocrx_word' id='word_1_373' title='bbox 3344 2163 3542 2224; x_wconf 65' lang='lat' dir='ltr'><strong>captae-</strong></span> 
     </span>
    </p>
   </div>
   <div class='ocr_carea' id='block_1_54' title="bbox 1954 2244 3540 2315">
    <p class='ocr_par' dir='ltr' id='par_1_54' title="bbox 1954 2244 3540 2315">
     <span class='ocr_line' id='line_1_54' title="bbox 1954 2244 3540 2315; baseline 0.001 -17"><span class='ocrx_word' id='word_1_374' title='bbox 1954 2259 2059 2314; x_wconf 86' lang='lat' dir='ltr'><strong>que</strong></span> <span class='ocrx_word' id='word_1_375' title='bbox 2093 2263 2121 2300; x_wconf 90' lang='lat' dir='ltr'><strong>a</strong></span> <span class='ocrx_word' id='word_1_376' title='bbox 2154 2245 2413 2301; x_wconf 86' lang='lat' dir='ltr'><strong>Barbaris</strong></span> <span class='ocrx_word' id='word_1_377' title='bbox 2459 2245 2731 2314; x_wconf 80' lang='lat' dir='ltr'><strong>Singedon</strong></span> <span class='ocrx_word' id='word_1_378' title='bbox 2783 2244 3064 2315; x_wconf 90' lang='lat' dir='ltr'><strong>oppidum,</strong></span> <span class='ocrx_word' id='word_1_379' title='bbox 3112 2245 3352 2314; x_wconf 78' lang='lat' dir='ltr'><strong>Augusta</strong></span> <span class='ocrx_word' id='word_1_380' title='bbox 3384 2246 3540 2310; x_wconf 87' lang='lat' dir='ltr'><strong>item,</strong></span> 
     </span>
    </p>
   </div>
   <div class='ocr_carea' id='block_1_55' title="bbox 1953 2335 3543 2405">
    <p class='ocr_par' dir='ltr' id='par_1_55' title="bbox 1953 2335 3543 2405">
     <span class='ocr_line' id='line_1_55' title="bbox 1953 2335 3543 2405; baseline -0.003 -12"><span class='ocrx_word' id='word_1_381' title='bbox 1953 2346 2009 2393; x_wconf 90' lang='lat' dir='ltr'><strong>et</strong></span> <span class='ocrx_word' id='word_1_382' title='bbox 2056 2336 2450 2405; x_wconf 87' lang='lat' dir='ltr'><strong>Viminacium;</strong></span> <span class='ocrx_word' id='word_1_383' title='bbox 2494 2337 2714 2393; x_wconf 87' lang='lat' dir='ltr'><strong>obsessa</strong></span> <span class='ocrx_word' id='word_1_384' title='bbox 2762 2345 2816 2391; x_wconf 90' lang='lat' dir='ltr'><strong>et</strong></span> <span class='ocrx_word' id='word_1_385' title='bbox 2866 2336 3159 2391; x_wconf 87' lang='lat' dir='ltr'><strong>Anchialos</strong></span> <span class='ocrx_word' id='word_1_386' title='bbox 3204 2336 3354 2391; x_wconf 90' lang='lat' dir='ltr'><strong>urbs.</strong></span> <span class='ocrx_word' id='word_1_387' title='bbox 3393 2335 3543 2391; x_wconf 81' lang='lat' dir='ltr'><strong>Missi</strong></span> 
     </span>
    </p>
   </div>
   <div class='ocr_carea' id='block_1_56' title="bbox 1954 2427 3541 2500">
    <p class='ocr_par' dir='ltr' id='par_1_56' title="bbox 1954 2427 3541 2500">
     <span class='ocr_line' id='line_1_56' title="bbox 1954 2427 3541 2500; baseline -0.002 -14"><span class='ocrx_word' id='word_1_388' title='bbox 1954 2431 2325 2486; x_wconf 89' lang='lat' dir='ltr'><strong>Romanorum</strong></span> <span class='ocrx_word' id='word_1_389' title='bbox 2389 2430 2551 2500; x_wconf 85' lang='lat' dir='ltr'><strong>legati</strong></span> <span class='ocrx_word' id='word_1_390' title='bbox 2612 2428 2875 2498; x_wconf 89' lang='lat' dir='ltr'><strong>Elpidius,</strong></span> <span class='ocrx_word' id='word_1_391' title='bbox 2945 2438 3000 2484; x_wconf 86' lang='lat' dir='ltr'><strong>et</strong></span> <span class='ocrx_word' id='word_1_392' title='bbox 3050 2427 3424 2485; x_wconf 89' lang='lat' dir='ltr'><strong>Comentiolus</strong></span> <span class='ocrx_word' id='word_1_393' title='bbox 3474 2431 3541 2483; x_wconf 88' lang='lat' dir='ltr'><strong>ad</strong></span> 
     </span>
    </p>
   </div>
   <div class='ocr_carea' id='block_1_57' title="bbox 1953 2520 3546 2591">
    <p class='ocr_par' dir='ltr' id='par_1_57' title="bbox 1953 2520 3546 2591">
     <span class='ocr_line' id='line_1_57' title="bbox 1953 2520 3546 2591; baseline 0 -15"><span class='ocrx_word' id='word_1_394' title='bbox 1953 2522 2258 2577; x_wconf 82' lang='lat' dir='ltr'><strong>Abarorum</strong></span> <span class='ocrx_word' id='word_1_395' title='bbox 2316 2521 2654 2591; x_wconf 79' lang='lat' dir='ltr'><strong>Chaganutn,</strong></span> <span class='ocrx_word' id='word_1_396' title='bbox 2704 2520 2818 2590; x_wconf 87' lang='lat' dir='ltr'><strong>qui,</strong></span> <span class='ocrx_word' id='word_1_397' title='bbox 2871 2521 3013 2591; x_wconf 85' lang='lat' dir='ltr'><strong>quod</strong></span> <span class='ocrx_word' id='word_1_398' title='bbox 3058 2520 3278 2576; x_wconf 90' lang='lat' dir='ltr'><strong>liberius</strong></span> <span class='ocrx_word' id='word_1_399' title='bbox 3334 2522 3546 2577; x_wconf 88' lang='lat' dir='ltr'><strong>locutus</strong></span> 
     </span>
    </p>
   </div>
   <div class='ocr_carea' id='block_1_58' title="bbox 1956 2609 3546 2685">
    <p class='ocr_par' dir='ltr' id='par_1_58' title="bbox 1956 2609 3546 2685">
     <span class='ocr_line' id='line_1_58' title="bbox 1956 2609 3546 2685; baseline 0.001 -16"><span class='ocrx_word' id='word_1_400' title='bbox 1956 2615 2101 2685; x_wconf 86' lang='lat' dir='ltr'><strong>apud</strong></span> <span class='ocrx_word' id='word_1_401' title='bbox 2146 2613 2446 2668; x_wconf 88' lang='lat' dir='ltr'><strong>Barbarum</strong></span> <span class='ocrx_word' id='word_1_402' title='bbox 2513 2611 2884 2667; x_wconf 89' lang='lat' dir='ltr'><strong>Comentiolus</strong></span> <span class='ocrx_word' id='word_1_403' title='bbox 2930 2609 3095 2677; x_wconf 77' lang='lat' dir='ltr'><strong>es’set,</strong></span> <span class='ocrx_word' id='word_1_404' title='bbox 3156 2614 3546 2670; x_wconf 89' lang='lat' dir='ltr'><strong>contumeliose</strong></span> 
     </span>
    </p>
   </div>
   <div class='ocr_carea' id='block_1_59' title="bbox 1956 2698 3545 2773">
    <p class='ocr_par' dir='ltr' id='par_1_59' title="bbox 1956 2698 3545 2773">
     <span class='ocr_line' id='line_1_59' title="bbox 1956 2698 3545 2773; baseline 0.001 -17"><span class='ocrx_word' id='word_1_405' title='bbox 1956 2704 2185 2773; x_wconf 86' lang='lat' dir='ltr'><strong>accepti.</strong></span> <span class='ocrx_word' id='word_1_406' title='bbox 2217 2702 2474 2757; x_wconf 85' lang='lat' dir='ltr'><strong>Vertente</strong></span> <span class='ocrx_word' id='word_1_407' title='bbox 2515 2716 2681 2765; x_wconf 89' lang='lat' dir='ltr'><strong>anno,</strong></span> <span class='ocrx_word' id='word_1_408' title='bbox 2712 2698 2954 2769; x_wconf 90' lang='lat' dir='ltr'><strong>Elpidius</strong></span> <span class='ocrx_word' id='word_1_409' title='bbox 2988 2717 3201 2756; x_wconf 84' lang='lat' dir='ltr'><strong>rursum</strong></span> <span class='ocrx_word' id='word_1_410' title='bbox 3236 2702 3302 2756; x_wconf 90' lang='lat' dir='ltr'><strong>ad</strong></span> <span class='ocrx_word' id='word_1_411' title='bbox 3330 2702 3545 2773; x_wconf 80' lang='lat' dir='ltr'><strong>Chaga-</strong></span> 
     </span>
    </p>
   </div>
   <div class='ocr_carea' id='block_1_60' title="bbox 1948 2790 3542 2863">
    <p class='ocr_par' dir='ltr' id='par_1_60' title="bbox 1948 2790 3542 2863">
     <span class='ocr_line' id='line_1_60' title="bbox 1948 2790 3542 2863; baseline -0.001 -13"><span class='ocrx_word' id='word_1_412' title='bbox 1948 2811 2085 2851; x_wconf 78' lang='lat' dir='ltr'><strong>num</strong></span> <span class='ocrx_word' id='word_1_413' title='bbox 2141 2795 2196 2848; x_wconf 90' lang='lat' dir='ltr'><strong>in</strong></span> <span class='ocrx_word' id='word_1_414' title='bbox 2250 2794 2573 2863; x_wconf 83' lang='lat' dir='ltr'><strong>legationem</strong></span> <span class='ocrx_word' id='word_1_415' title='bbox 2641 2790 2937 2861; x_wconf 82' lang='lat' dir='ltr'><strong>profectus,</strong></span> <span class='ocrx_word' id='word_1_416' title='bbox 3019 2792 3209 2862; x_wconf 80' lang='lat' dir='ltr'><strong>viginti</strong></span> <span class='ocrx_word' id='word_1_417' title='bbox 3262 2809 3320 2848; x_wconf 88' lang='lat' dir='ltr'><strong>se</strong></span> <span class='ocrx_word' id='word_1_418' title='bbox 3377 2795 3542 2849; x_wconf 88' lang='lat' dir='ltr'><strong>millia</strong></span> 
     </span>
    </p>
   </div>
   <div class='ocr_carea' id='block_1_61' title="bbox 1958 2883 3541 2957">
    <p class='ocr_par' dir='ltr' id='par_1_61' title="bbox 1958 2883 3541 2957">
     <span class='ocr_line' id='line_1_61' title="bbox 1958 2883 3541 2957; baseline -0.002 -14"><span class='ocrx_word' id='word_1_419' title='bbox 1958 2890 2265 2943; x_wconf 87' lang='lat' dir='ltr'><strong>additurum</strong></span> <span class='ocrx_word' id='word_1_420' title='bbox 2344 2885 2639 2955; x_wconf 87' lang='lat' dir='ltr'><strong>quotannis</strong></span> <span class='ocrx_word' id='word_1_421' title='bbox 2712 2883 3058 2953; x_wconf 88' lang='lat' dir='ltr'><strong>pollicetur:</strong></span> <span class='ocrx_word' id='word_1_422' title='bbox 3110 2896 3164 2941; x_wconf 91' lang='lat' dir='ltr'><strong>et</strong></span> <span class='ocrx_word' id='word_1_423' title='bbox 3231 2886 3541 2957; x_wconf 81' lang='lat' dir='ltr'><strong>Targetium</strong></span> 
     </span>
    </p>
   </div>
   <div class='ocr_carea' id='block_1_62' title="bbox 1960 2976 3544 3048">
    <p class='ocr_par' dir='ltr' id='par_1_62' title="bbox 1960 2976 3544 3048">
     <span class='ocr_line' id='line_1_62' title="bbox 1960 2976 3544 3048; baseline 0.001 -16"><span class='ocrx_word' id='word_1_424' title='bbox 1960 2976 2248 3048; x_wconf 90' lang='lat' dir='ltr'><strong>quemdam</strong></span> <span class='ocrx_word' id='word_1_425' title='bbox 2282 2976 2512 3048; x_wconf 82' lang='lat' dir='ltr'><strong>legatum</strong></span> <span class='ocrx_word' id='word_1_426' title='bbox 2554 2978 2622 3030; x_wconf 90' lang='lat' dir='ltr'><strong>ab</strong></span> <span class='ocrx_word' id='word_1_427' title='bbox 2654 2977 2848 3032; x_wconf 86' lang='lat' dir='ltr'><strong>Abaris</strong></span> <span class='ocrx_word' id='word_1_428' title='bbox 2880 2976 3173 3046; x_wconf 88' lang='lat' dir='ltr'><strong>accipiens,</strong></span> <span class='ocrx_word' id='word_1_429' title='bbox 3221 2978 3544 3033; x_wconf 84' lang='lat' dir='ltr'><strong>Constanti-</strong></span> 
     </span>
    </p>
   </div>
   <div class='ocr_carea' id='block_1_63' title="bbox 1962 3065 3545 3138">
    <p class='ocr_par' dir='ltr' id='par_1_63' title="bbox 1962 3065 3545 3138">
     <span class='ocr_line' id='line_1_63' title="bbox 1962 3065 3545 3138; baseline 0.001 -16"><span class='ocrx_word' id='word_1_430' title='bbox 1962 3068 2200 3138; x_wconf 89' lang='lat' dir='ltr'><strong>nopolim</strong></span> <span class='ocrx_word' id='word_1_431' title='bbox 2245 3068 2412 3121; x_wconf 86' lang='lat' dir='ltr'><strong>misit.</strong></span> <span class='ocrx_word' id='word_1_432' title='bbox 2464 3065 2757 3137; x_wconf 85' lang='lat' dir='ltr'><strong>Postquam</strong></span> <span class='ocrx_word' id='word_1_433' title='bbox 2806 3083 2933 3123; x_wconf 87' lang='lat' dir='ltr'><strong>vero</strong></span> <span class='ocrx_word' id='word_1_434' title='bbox 2964 3067 3129 3123; x_wconf 84' lang='lat' dir='ltr'><strong>Abari</strong></span> <span class='ocrx_word' id='word_1_435' title='bbox 3173 3066 3545 3124; x_wconf 89' lang='lat' dir='ltr'><strong>Romanorum</strong></span> 
     </span>
    </p>
   </div>
   <div class='ocr_carea' id='block_1_64' title="bbox 259 3142 1850 3236">
    <p class='ocr_par' dir='ltr' id='par_1_64' title="bbox 259 3142 1850 3236">
     <span class='ocr_line' id='line_1_64' title="bbox 259 3142 1850 3236; baseline 0.001 -21"><span class='ocrx_word' id='word_1_436' title='bbox 259 3164 383 3216; x_wconf 75' lang='grc' dir='ltr'>ἀπὸ</span> <span class='ocrx_word' id='word_1_437' title='bbox 405 3162 520 3216; x_wconf 89' lang='grc' dir='ltr'><strong>τῶν</strong></span> <span class='ocrx_word' id='word_1_438' title='bbox 577 3142 827 3233; x_wconf 78' lang='grc' dir='ltr'>’Λϐάρων</span> <span class='ocrx_word' id='word_1_439' title='bbox 867 3167 926 3230; x_wconf 84' lang='grc' dir='ltr'>ὲς</span> <span class='ocrx_word' id='word_1_440' title='bbox 984 3163 1279 3229; x_wconf 76' lang='grc' dir='ltr'>Βυζάντιον</span> <span class='ocrx_word' id='word_1_441' title='bbox 1330 3142 1488 3236; x_wconf 78' lang='grc' dir='ltr'>ἧκεν.</span> <span class='ocrx_word' id='word_1_442' title='bbox 1538 3165 1690 3218; x_wconf 74' lang='grc' dir='ltr'>Ἐπεὶ</span> <span class='ocrx_word' id='word_1_443' title='bbox 1718 3164 1775 3218; x_wconf 83' lang='grc' dir='ltr'>δὲ</span> <span class='ocrx_word' id='word_1_444' title='bbox 1805 3164 1850 3217; x_wconf 84' lang='grc' dir='ltr'><strong>οί</strong></span> 
     </span>
    </p>
   </div>
   <div class='ocr_carea' id='block_1_65' title="bbox 1956 3142 3545 3236">
    <p class='ocr_par' dir='ltr' id='par_1_65' title="bbox 1960 3160 3545 3230">
     <span class='ocr_line' id='line_1_65' title="bbox 1960 3160 3545 3230; baseline 0.001 -17"><span class='ocrx_word' id='word_1_445' title='bbox 1960 3175 2141 3229; x_wconf 83' lang='lat' dir='ltr'><strong>agros,</strong></span> <span class='ocrx_word' id='word_1_446' title='bbox 2192 3160 2403 3230; x_wconf 62' lang='lat' dir='ltr'><strong>praedas</strong></span> <span class='ocrx_word' id='word_1_447' title='bbox 2458 3172 2680 3229; x_wconf 81' lang='lat' dir='ltr'><strong>magnas</strong></span> <span class='ocrx_word' id='word_1_448' title='bbox 2741 3170 2983 3229; x_wconf 79' lang='lat' dir='ltr'><strong>agentes,</strong></span> <span class='ocrx_word' id='word_1_449' title='bbox 3062 3161 3436 3230; x_wconf 88' lang='lat' dir='ltr'><strong>diripuissent,</strong></span> <span class='ocrx_word' id='word_1_450' title='bbox 3492 3163 3545 3215; x_wconf 90' lang='lat' dir='ltr'><strong>in</strong></span> 
     </span>
    </p>
   </div>
   <div class='ocr_carea' id='block_1_66' title="bbox 263 3246 1858 3330">
    <p class='ocr_par' dir='ltr' id='par_1_66' title="bbox 263 3246 1858 3330">
     <span class='ocr_line' id='line_1_66' title="bbox 263 3246 1858 3330; baseline 0.003 -23"><span class='ocrx_word' id='word_1_451' title='bbox 263 3254 545 3326; x_wconf 79' lang='grc' dir='ltr'>βάρϐαροι</span> <span class='ocrx_word' id='word_1_452' title='bbox 575 3256 623 3286; x_wconf 75' lang='grc'><strong>’⁸</strong></span> <span class='ocrx_word' id='word_1_453' title='bbox 655 3256 826 3310; x_wconf 81' lang='grc' dir='ltr'>πολλὰ</span> <span class='ocrx_word' id='word_1_454' title='bbox 852 3256 962 3310; x_wconf 86' lang='grc' dir='ltr'><strong>τῶν</strong></span> <span class='ocrx_word' id='word_1_455' title='bbox 1004 3257 1293 3328; x_wconf 88' lang='grc' dir='ltr'>Ῥωμαίων</span> <span class='ocrx_word' id='word_1_456' title='bbox 1326 3257 1623 3328; x_wconf 76' lang='grc' dir='ltr'>ἐληΐζοντο,</span> <span class='ocrx_word' id='word_1_457' title='bbox 1654 3246 1858 3330; x_wconf 84' lang='grc' dir='ltr'>Ταργί-</span> 
     </span>
    </p>
   </div>
   <div class='ocr_carea' id='block_1_67' title="bbox 260 3348 1855 3422">
    <p class='ocr_par' dir='ltr' id='par_1_67' title="bbox 260 3348 1855 3422">
     <span class='ocr_line' id='line_1_67' title="bbox 260 3348 1855 3422; baseline 0.003 -23"><span class='ocrx_word' id='word_1_458' title='bbox 260 3364 412 3422; x_wconf 48' lang='grc' dir='ltr'><strong>σιςιος⁵</strong></span> <span class='ocrx_word' id='word_1_459' title='bbox 444 3349 533 3411; x_wconf 84' lang='grc' dir='ltr'><strong>είς</strong></span> <span class='ocrx_word' id='word_1_460' title='bbox 570 3348 819 3402; x_wconf 83' lang='grc' dir='ltr'>Χαλκίδα</span> <span class='ocrx_word' id='word_1_461' title='bbox 860 3351 1023 3420; x_wconf 82' lang='grc' dir='ltr'>νῆσον</span> <span class='ocrx_word' id='word_1_462' title='bbox 1086 3350 1423 3422; x_wconf 80' lang='grc' dir='ltr'>ἐξορίζεται,</span> <span class='ocrx_word' id='word_1_463' title='bbox 1476 3348 1663 3422; x_wconf 87' lang='grc' dir='ltr'>μηνῶν</span> <span class='ocrx_word' id='word_1_464' title='bbox 1692 3348 1752 3416; x_wconf 80' lang='grc' dir='ltr'>ἒξ</span> <span class='ocrx_word' id='word_1_465' title='bbox 1789 3351 1855 3421; x_wconf 79' lang='grc' dir='ltr'>τῇ</span> 
     </span>
    </p>
   </div>
   <div class='ocr_carea' id='block_1_68' title="bbox 263 3439 1861 3512">
    <p class='ocr_par' dir='ltr' id='par_1_68' title="bbox 263 3439 1861 3512">
     <span class='ocr_line' id='line_1_68' title="bbox 263 3439 1861 3512; baseline 0.001 -21"><span class='ocrx_word' id='word_1_466' title='bbox 263 3439 461 3510; x_wconf 71' lang='grc' dir='ltr'>ὲξορίᾳ.</span> <span class='ocrx_word' id='word_1_467' title='bbox 501 3441 952 3510; x_wconf 86' lang='grc' dir='ltr'>παραταθέντων.</span> <span class='ocrx_word' id='word_1_468' title='bbox 986 3442 1299 3512; x_wconf 83' lang='grc' dir='ltr'>Στρατηγὸς</span> <span class='ocrx_word' id='word_1_469' title='bbox 1325 3442 1383 3495; x_wconf 83' lang='grc' dir='ltr'>δὲ</span> <span class='ocrx_word' id='word_1_470' title='bbox 1413 3440 1659 3512; x_wconf 77' lang='grc' dir='ltr'>αἱρεθεὶς</span> <span class='ocrx_word' id='word_1_471' title='bbox 1680 3441 1725 3473; x_wconf 84' lang='grc'><strong>²⁷</strong></span> <span class='ocrx_word' id='word_1_472' title='bbox 1749 3440 1861 3493; x_wconf 83' lang='lat' dir='ltr'><strong>Ko-</strong></span> 
     </span>
    </p>
   </div>
   <div class='ocr_carea' id='block_1_69' title="bbox 268 3529 1860 3605">
    <p class='ocr_par' dir='ltr' id='par_1_69' title="bbox 268 3529 1860 3605">
     <span class='ocr_line' id='line_1_69' title="bbox 268 3529 1860 3605; baseline 0.002 -22"><span class='ocrx_word' id='word_1_473' title='bbox 268 3529 561 3599; x_wconf 83' lang='grc' dir='ltr'>μεντίολος</span> <span class='ocrx_word' id='word_1_474' title='bbox 586 3531 729 3583; x_wconf 82' lang='grc' dir='ltr'>κατὰ</span> <span class='ocrx_word' id='word_1_475' title='bbox 763 3531 1093 3603; x_wconf 86' lang='grc' dir='ltr'>Σκλαϐήνων</span> <span class='ocrx_word' id='word_1_476' title='bbox 1125 3533 1530 3605; x_wconf 78' lang='grc' dir='ltr'>ἠνδραγάθησε.</span> <span class='ocrx_word' id='word_1_477' title='bbox 1571 3533 1683 3588; x_wconf 81' lang='grc' dir='ltr'><strong>Καὶ</strong></span> <span class='ocrx_word' id='word_1_478' title='bbox 1710 3532 1860 3596; x_wconf 84' lang='grc' dir='ltr'>ὅπως</span> 
     </span>
    </p>
   </div>
   <div class='ocr_carea' id='block_1_70' title="bbox 264 3622 1862 3696">
    <p class='ocr_par' dir='ltr' id='par_1_70' title="bbox 264 3622 1862 3696">
     <span class='ocr_line' id='line_1_70' title="bbox 264 3622 1862 3696; baseline 0.001 -20"><span class='ocrx_word' id='word_1_479' title='bbox 264 3622 440 3676; x_wconf 83' lang='grc' dir='ltr'>πάλιν</span> <span class='ocrx_word' id='word_1_480' title='bbox 504 3623 534 3674; x_wconf 86' lang='grc' dir='ltr'>ὁ</span> <span class='ocrx_word' id='word_1_481' title='bbox 582 3622 838 3690; x_wconf 83' lang='grc' dir='ltr'>Χαγάνος</span> <span class='ocrx_word' id='word_1_482' title='bbox 886 3624 987 3687; x_wconf 81' lang='grc' dir='ltr'>τὰς</span> <span class='ocrx_word' id='word_1_483' title='bbox 1049 3625 1282 3688; x_wconf 85' lang='grc' dir='ltr'>σπονδὰς</span> <span class='ocrx_word' id='word_1_484' title='bbox 1322 3626 1532 3696; x_wconf 84' lang='grc' dir='ltr'>συγχεῖ.</span> <span class='ocrx_word' id='word_1_485' title='bbox 1564 3625 1676 3679; x_wconf 77' lang='grc' dir='ltr'><strong>Καὶ</strong></span> <span class='ocrx_word' id='word_1_486' title='bbox 1729 3625 1862 3696; x_wconf 77' lang='grc' dir='ltr'>περὶ</span> 
     </span>
    </p>
   </div>
   <div class='ocr_carea' id='block_1_71' title="bbox 265 3714 1862 3788">
    <p class='ocr_par' dir='ltr' id='par_1_71' title="bbox 265 3714 1862 3788">
     <span class='ocr_line' id='line_1_71' title="bbox 265 3714 1862 3788; baseline 0.003 -20"><span class='ocrx_word' id='word_1_487' title='bbox 265 3714 628 3787; x_wconf 80' lang='grc' dir='ltr'>Βουγολόϐρα</span> <span class='ocrx_word' id='word_1_488' title='bbox 664 3716 710 3748; x_wconf 78' lang='grc'>³⁸</span> <span class='ocrx_word' id='word_1_489' title='bbox 750 3716 845 3769; x_wconf 88' lang='grc' dir='ltr'><strong>τοῦ</strong></span> <span class='ocrx_word' id='word_1_490' title='bbox 894 3716 1095 3787; x_wconf 89' lang='grc' dir='ltr'>μάγου·</span> <span class='ocrx_word' id='word_1_491' title='bbox 1145 3717 1411 3788; x_wconf 81' lang='grc' dir='ltr'>πόρθησις</span> <span class='ocrx_word' id='word_1_492' title='bbox 1467 3735 1531 3772; x_wconf 88' lang='grc' dir='ltr'><strong>τε</strong></span> <span class='ocrx_word' id='word_1_493' title='bbox 1591 3716 1862 3772; x_wconf 87' lang='grc' dir='ltr'>πλείστων</span> 
     </span>
    </p>
   </div>
   <div class='ocr_carea' id='block_1_72' title="bbox 268 3806 1485 3879">
    <p class='ocr_par' dir='ltr' id='par_1_72' title="bbox 268 3806 1485 3879">
     <span class='ocr_line' id='line_1_72' title="bbox 268 3806 1485 3879; baseline 0.002 -20"><span class='ocrx_word' id='word_1_494' title='bbox 268 3806 492 3860; x_wconf 84' lang='grc' dir='ltr'>πόλεων</span> <span class='ocrx_word' id='word_1_495' title='bbox 529 3806 861 3877; x_wconf 85' lang='grc' dir='ltr'>Ῥωμαϊκῶν</span> <span class='ocrx_word' id='word_1_496' title='bbox 890 3807 995 3861; x_wconf 83' lang='grc' dir='ltr'><strong>ὑπὸ</strong></span> <span class='ocrx_word' id='word_1_497' title='bbox 1022 3808 1133 3862; x_wconf 87' lang='grc' dir='ltr'><strong>τῶν</strong></span> <span class='ocrx_word' id='word_1_498' title='bbox 1174 3807 1485 3879; x_wconf 89' lang='grc' dir='ltr'>βαρϐάρων.</span> 
     </span>
    </p>
   </div>
   <div class='ocr_carea' id='block_1_73' title="bbox 338 3891 1863 3970">
    <p class='ocr_par' dir='ltr' id='par_1_73' title="bbox 338 3891 1863 3970">
     <span class='ocr_line' id='line_1_73' title="bbox 338 3891 1863 3970; baseline 0.001 -19"><span class='ocrx_word' id='word_1_499' title='bbox 338 3891 487 3951; x_wconf 85' lang='grc' dir='ltr'>Εἶτα</span> <span class='ocrx_word' id='word_1_500' title='bbox 507 3895 602 3951; x_wconf 80' lang='grc' dir='ltr'>τὸν</span> <span class='ocrx_word' id='word_1_501' title='bbox 616 3898 852 3968; x_wconf 88' lang='grc' dir='ltr'>πόλεμον</span> <span class='ocrx_word' id='word_1_502' title='bbox 870 3898 1090 3965; x_wconf 82' lang='grc' dir='ltr'>διέξεισι</span> <span class='ocrx_word' id='word_1_503' title='bbox 1104 3899 1213 3953; x_wconf 87' lang='grc' dir='ltr'><strong>τῶν</strong></span> <span class='ocrx_word' id='word_1_504' title='bbox 1225 3899 1451 3970; x_wconf 90' lang='grc' dir='ltr'>Περσῶν</span> <span class='ocrx_word' id='word_1_505' title='bbox 1465 3900 1559 3953; x_wconf 77' lang='grc' dir='ltr'><strong>καὶ</strong></span> <span class='ocrx_word' id='word_1_506' title='bbox 1573 3898 1863 3970; x_wconf 86' lang='grc' dir='ltr'>Ῥωμαίων</span> 
     </span>
    </p>
   </div>
   <div class='ocr_carea' id='block_1_74' title="bbox 266 3989 1862 4062">
    <p class='ocr_par' dir='ltr' id='par_1_74' title="bbox 266 3989 1862 4062">
     <span class='ocr_line' id='line_1_74' title="bbox 266 3989 1862 4062; baseline 0.002 -21"><span class='ocrx_word' id='word_1_507' title='bbox 266 3989 359 4041; x_wconf 74' lang='grc' dir='ltr'>τὸν</span> <span class='ocrx_word' id='word_1_508' title='bbox 388 3990 492 4042; x_wconf 77' lang='grc' dir='ltr'><strong>ὲπὶ</strong></span> <span class='ocrx_word' id='word_1_509' title='bbox 515 3990 611 4042; x_wconf 85' lang='grc' dir='ltr'><strong>τὸν</strong></span> <span class='ocrx_word' id='word_1_510' title='bbox 632 3990 884 4061; x_wconf 86' lang='grc' dir='ltr'>Νύμφιον</span> <span class='ocrx_word' id='word_1_511' title='bbox 900 3992 1145 4062; x_wconf 84' lang='grc' dir='ltr'>ποταμὸν</span> <span class='ocrx_word' id='word_1_512' title='bbox 1168 3992 1259 4045; x_wconf 87' lang='grc' dir='ltr'><strong>τόν</strong></span> <span class='ocrx_word' id='word_1_513' title='bbox 1282 4008 1343 4045; x_wconf 90' lang='grc' dir='ltr'><strong>τε</strong></span> <span class='ocrx_word' id='word_1_514' title='bbox 1361 3992 1538 4062; x_wconf 89' lang='grc' dir='ltr'>γάμον</span> <span class='ocrx_word' id='word_1_515' title='bbox 1554 3992 1862 4061; x_wconf 88' lang='grc' dir='ltr'>Μαυρικίου</span> 
     </span>
    </p>
   </div>
   <div class='ocr_carea' id='block_1_75' title="bbox 270 4080 1867 4154">
    <p class='ocr_par' dir='ltr' id='par_1_75' title="bbox 270 4080 1867 4154">
     <span class='ocr_line' id='line_1_75' title="bbox 270 4080 1867 4154; baseline 0.002 -22"><span class='ocrx_word' id='word_1_516' title='bbox 270 4082 368 4132; x_wconf 74' lang='grc' dir='ltr'><strong>καὶ</strong></span> <span class='ocrx_word' id='word_1_517' title='bbox 400 4080 841 4152; x_wconf 82' lang='grc' dir='ltr'>Κωνσταντίνης</span> <span class='ocrx_word' id='word_1_518' title='bbox 861 4082 961 4152; x_wconf 82' lang='grc' dir='ltr'><strong>τῆς</strong></span> <span class='ocrx_word' id='word_1_519' title='bbox 978 4083 1230 4151; x_wconf 89' lang='grc' dir='ltr'>Τιϐερίου</span> <span class='ocrx_word' id='word_1_520' title='bbox 1244 4081 1534 4154; x_wconf 83' lang='grc' dir='ltr'>θυγατρός.</span> <span class='ocrx_word' id='word_1_521' title='bbox 1552 4082 1867 4152; x_wconf 89' lang='grc' dir='ltr'>Διαλαμϐά-</span> 
     </span>
    </p>
   </div>
   <div class='ocr_carea' id='block_1_76' title="bbox 270 4169 1867 4243">
    <p class='ocr_par' dir='ltr' id='par_1_76' title="bbox 270 4169 1867 4243">
     <span class='ocr_line' id='line_1_76' title="bbox 270 4169 1867 4243; baseline 0.003 -23"><span class='ocrx_word' id='word_1_522' title='bbox 270 4185 351 4221; x_wconf 86' lang='grc' dir='ltr'><strong>νει</strong></span> <span class='ocrx_word' id='word_1_523' title='bbox 368 4169 431 4222; x_wconf 81' lang='grc' dir='ltr'>δὲ</span> <span class='ocrx_word' id='word_1_524' title='bbox 459 4169 562 4223; x_wconf 78' lang='grc' dir='ltr'><strong>καὶ</strong></span> <span class='ocrx_word' id='word_1_525' title='bbox 584 4171 712 4240; x_wconf 75' lang='grc' dir='ltr'>περὶ</span> <span class='ocrx_word' id='word_1_526' title='bbox 739 4170 835 4225; x_wconf 90' lang='grc' dir='ltr'><strong>τοῦ</strong></span> <span class='ocrx_word' id='word_1_527' title='bbox 859 4172 1154 4242; x_wconf 79' lang='grc' dir='ltr'>γενομένου</span> <span class='ocrx_word' id='word_1_528' title='bbox 1181 4171 1541 4243; x_wconf 74' lang='grc' dir='ltr'>ἐμπρησμοῦ,</span> <span class='ocrx_word' id='word_1_529' title='bbox 1568 4171 1627 4235; x_wconf 83' lang='grc' dir='ltr'>ὃς</span> <span class='ocrx_word' id='word_1_530' title='bbox 1646 4172 1692 4203; x_wconf 74' lang='grc'><strong>³³</strong></span> <span class='ocrx_word' id='word_1_531' title='bbox 1714 4173 1771 4225; x_wconf 80' lang='grc' dir='ltr'>ἐν</span> <span class='ocrx_word' id='word_1_532' title='bbox 1787 4170 1867 4241; x_wconf 81' lang='grc' dir='ltr'><strong>τῷ</strong></span> 
     </span>
    </p>
   </div>
   <div class='ocr_carea' id='block_1_77' title="bbox 1960 3250 3543 3322">
    <p class='ocr_par' dir='ltr' id='par_1_77' title="bbox 1960 3250 3543 3322">
     <span class='ocr_line' id='line_1_77' title="bbox 1960 3250 3543 3322; baseline 0 -14"><span class='ocrx_word' id='word_1_533' title='bbox 1960 3251 2270 3308; x_wconf 89' lang='lat' dir='ltr'><strong>Chalcidem</strong></span> <span class='ocrx_word' id='word_1_534' title='bbox 2308 3250 2541 3306; x_wconf 87' lang='lat' dir='ltr'><strong>insulam</strong></span> <span class='ocrx_word' id='word_1_535' title='bbox 2583 3250 2870 3321; x_wconf 79' lang='lat' dir='ltr'><strong>Targetius</strong></span> <span class='ocrx_word' id='word_1_536' title='bbox 2895 3254 3231 3322; x_wconf 90' lang='lat' dir='ltr'><strong>deportatur,</strong></span> <span class='ocrx_word' id='word_1_537' title='bbox 3259 3268 3355 3308; x_wconf 78' lang='lat' dir='ltr'><strong>sex</strong></span> <span class='ocrx_word' id='word_1_538' title='bbox 3392 3270 3543 3308; x_wconf 88' lang='lat' dir='ltr'><strong>men-</strong></span> 
     </span>
    </p>
   </div>
   <div class='ocr_carea' id='block_1_78' title="bbox 1960 3344 3547 3401">
    <p class='ocr_par' dir='ltr' id='par_1_78' title="bbox 1960 3344 3547 3401">
     <span class='ocr_line' id='line_1_78' title="bbox 1960 3344 3547 3401; baseline 0.001 -1"><span class='ocrx_word' id='word_1_539' title='bbox 1960 3346 2100 3400; x_wconf 89' lang='lat' dir='ltr'><strong>sium</strong></span> <span class='ocrx_word' id='word_1_540' title='bbox 2153 3344 2226 3400; x_wconf 93' lang='lat' dir='ltr'><strong>illi</strong></span> <span class='ocrx_word' id='word_1_541' title='bbox 2262 3345 2454 3401; x_wconf 79' lang='lat' dir='ltr'><strong>exsilio</strong></span> <span class='ocrx_word' id='word_1_542' title='bbox 2503 3347 2745 3400; x_wconf 88' lang='lat' dir='ltr'><strong>decreto.</strong></span> <span class='ocrx_word' id='word_1_543' title='bbox 2800 3344 3170 3401; x_wconf 88' lang='lat' dir='ltr'><strong>Comentiolus</strong></span> <span class='ocrx_word' id='word_1_544' title='bbox 3213 3346 3408 3401; x_wconf 89' lang='lat' dir='ltr'><strong>deinde</strong></span> <span class='ocrx_word' id='word_1_545' title='bbox 3451 3348 3547 3401; x_wconf 87' lang='lat' dir='ltr'><strong>ad-</strong></span> 
     </span>
    </p>
   </div>
   <div class='ocr_carea' id='block_1_79' title="bbox 1962 3435 3548 3505">
    <p class='ocr_par' dir='ltr' id='par_1_79' title="bbox 1962 3435 3548 3505">
     <span class='ocr_line' id='line_1_79' title="bbox 1962 3435 3548 3505; baseline -0.001 -13"><span class='ocrx_word' id='word_1_546' title='bbox 1962 3451 2152 3492; x_wconf 89' lang='lat' dir='ltr'><strong>versus</strong></span> <span class='ocrx_word' id='word_1_547' title='bbox 2197 3435 2423 3492; x_wconf 84' lang='lat' dir='ltr'><strong>Sclavos</strong></span> <span class='ocrx_word' id='word_1_548' title='bbox 2450 3436 2555 3491; x_wconf 82' lang='lat' dir='ltr'><strong>dux</strong></span> <span class='ocrx_word' id='word_1_549' title='bbox 2592 3445 2831 3503; x_wconf 90' lang='lat' dir='ltr'><strong>creatus,</strong></span> <span class='ocrx_word' id='word_1_550' title='bbox 2860 3451 2971 3489; x_wconf 91' lang='lat' dir='ltr'><strong>rem</strong></span> <span class='ocrx_word' id='word_1_551' title='bbox 3004 3435 3263 3505; x_wconf 70' lang='lat' dir='ltr'><strong>praeclare</strong></span> <span class='ocrx_word' id='word_1_552' title='bbox 3305 3435 3548 3490; x_wconf 83' lang='lat' dir='ltr'><strong>fortiter-</strong></span> 
     </span>
    </p>
   </div>
   <div class='ocr_carea' id='block_1_80' title="bbox 1961 3527 3550 3600">
    <p class='ocr_par' dir='ltr' id='par_1_80' title="bbox 1961 3527 3550 3600">
     <span class='ocr_line' id='line_1_80' title="bbox 1961 3527 3550 3600; baseline 0.001 -17"><span class='ocrx_word' id='word_1_553' title='bbox 1961 3544 2067 3599; x_wconf 91' lang='lat' dir='ltr'><strong>que</strong></span> <span class='ocrx_word' id='word_1_554' title='bbox 2094 3530 2280 3600; x_wconf 77' lang='lat' dir='ltr'><strong>gessit.</strong></span> <span class='ocrx_word' id='word_1_555' title='bbox 2327 3528 2520 3583; x_wconf 84' lang='lat' dir='ltr'><strong>Pacem</strong></span> <span class='ocrx_word' id='word_1_556' title='bbox 2564 3529 2759 3584; x_wconf 85' lang='lat' dir='ltr'><strong>iterum</strong></span> <span class='ocrx_word' id='word_1_557' title='bbox 2804 3544 2929 3582; x_wconf 91' lang='lat' dir='ltr'><strong>cum</strong></span> <span class='ocrx_word' id='word_1_558' title='bbox 2959 3528 3217 3583; x_wconf 83' lang='lat' dir='ltr'><strong>Romanis</strong></span> <span class='ocrx_word' id='word_1_559' title='bbox 3261 3527 3550 3598; x_wconf 80' lang='lat' dir='ltr'><strong>Chaganus</strong></span> 
     </span>
    </p>
   </div>
   <div class='ocr_carea' id='block_1_81' title="bbox 1964 3618 3552 3688">
    <p class='ocr_par' dir='ltr' id='par_1_81' title="bbox 1964 3618 3552 3688">
     <span class='ocr_line' id='line_1_81' title="bbox 1964 3618 3552 3688; baseline -0.001 -12"><span class='ocrx_word' id='word_1_560' title='bbox 1964 3621 2165 3676; x_wconf 89' lang='lat' dir='ltr'><strong>turbat.</strong></span> <span class='ocrx_word' id='word_1_561' title='bbox 2220 3620 2383 3675; x_wconf 83' lang='lat' dir='ltr'><strong>Refer</strong></span> <span class='ocrx_word' id='word_1_562' title='bbox 2434 3630 2627 3675; x_wconf 91' lang='lat' dir='ltr'><strong>auctor</strong></span> <span class='ocrx_word' id='word_1_563' title='bbox 2663 3619 2733 3675; x_wconf 88' lang='lat' dir='ltr'><strong>de</strong></span> <span class='ocrx_word' id='word_1_564' title='bbox 2781 3618 3108 3674; x_wconf 89' lang='lat' dir='ltr'><strong>Boscolobra</strong></span> <span class='ocrx_word' id='word_1_565' title='bbox 3156 3634 3331 3688; x_wconf 78' lang='lat' dir='ltr'><strong>mago,</strong></span> <span class='ocrx_word' id='word_1_566' title='bbox 3374 3628 3429 3672; x_wconf 93' lang='lat' dir='ltr'><strong>et</strong></span> <span class='ocrx_word' id='word_1_567' title='bbox 3483 3620 3552 3675; x_wconf 85' lang='lat' dir='ltr'><strong>de</strong></span> 
     </span>
    </p>
   </div>
   <div class='ocr_carea' id='block_1_82' title="bbox 1965 3710 3555 3783">
    <p class='ocr_par' dir='ltr' id='par_1_82' title="bbox 1965 3710 3555 3783">
     <span class='ocr_line' id='line_1_82' title="bbox 1965 3710 3555 3783; baseline -0.002 -14"><span class='ocrx_word' id='word_1_568' title='bbox 1965 3714 2257 3769; x_wconf 88' lang='lat' dir='ltr'><strong>multarum</strong></span> <span class='ocrx_word' id='word_1_569' title='bbox 2310 3714 2523 3769; x_wconf 89' lang='lat' dir='ltr'><strong>urbiutn</strong></span> <span class='ocrx_word' id='word_1_570' title='bbox 2554 3712 2924 3768; x_wconf 89' lang='lat' dir='ltr'><strong>Romanorum</strong></span> <span class='ocrx_word' id='word_1_571' title='bbox 2959 3725 3055 3783; x_wconf 88' lang='lat' dir='ltr'><strong>per</strong></span> <span class='ocrx_word' id='word_1_572' title='bbox 3084 3710 3353 3766; x_wconf 85' lang='lat' dir='ltr'><strong>Barbaros</strong></span> <span class='ocrx_word' id='word_1_573' title='bbox 3392 3725 3555 3781; x_wconf 81' lang='lat' dir='ltr'><strong>expu-</strong></span> 
     </span>
    </p>
   </div>
   <div class='ocr_carea' id='block_1_83' title="bbox 1969 3805 2618 3885">
    <p class='ocr_par' dir='ltr' id='par_1_83' title="bbox 1969 3805 2618 3885">
     <span class='ocr_line' id='line_1_83' title="bbox 1969 3805 2618 3885; baseline 0 -25"><span class='ocrx_word' id='word_1_574' title='bbox 1969 3805 2245 3875; x_wconf 73' lang='lat' dir='ltr'><strong>gnaﬁone.</strong></span> <span class='ocrx_word' id='word_1_575' title='bbox 2612 3878 2618 3885; x_wconf 84' lang='lat'><em>_</em></span> 
     </span>
    </p>
   </div>
   <div class='ocr_carea' id='block_1_84' title="bbox 2036 3895 3554 3968">
    <p class='ocr_par' dir='ltr' id='par_1_84' title="bbox 2036 3895 3554 3968">
     <span class='ocr_line' id='line_1_84' title="bbox 2036 3895 3554 3968; baseline -0.001 -17"><span class='ocrx_word' id='word_1_576' title='bbox 2036 3897 2232 3952; x_wconf 86' lang='lat' dir='ltr'><strong>Narrat</strong></span> <span class='ocrx_word' id='word_1_577' title='bbox 2273 3912 2435 3968; x_wconf 88' lang='lat' dir='ltr'><strong>porro</strong></span> <span class='ocrx_word' id='word_1_578' title='bbox 2463 3898 2752 3952; x_wconf 89' lang='lat' dir='ltr'><strong>Persarum</strong></span> <span class='ocrx_word' id='word_1_579' title='bbox 2793 3895 3270 3965; x_wconf 79' lang='lat' dir='ltr'><strong>Romanorumque</strong></span> <span class='ocrx_word' id='word_1_580' title='bbox 3309 3895 3554 3965; x_wconf 67' lang='lat' dir='ltr'><strong>praelium</strong></span> 
     </span>
    </p>
   </div>
   <div class='ocr_carea' id='block_1_85' title="bbox 1966 3986 3556 4061">
    <p class='ocr_par' dir='ltr' id='par_1_85' title="bbox 1966 3986 3556 4061">
     <span class='ocr_line' id='line_1_85' title="bbox 1966 3986 3556 4061; baseline -0.002 -18"><span class='ocrx_word' id='word_1_581' title='bbox 1966 3990 2031 4044; x_wconf 90' lang='lat' dir='ltr'><strong>ad</strong></span> <span class='ocrx_word' id='word_1_582' title='bbox 2080 3989 2405 4061; x_wconf 85' lang='lat' dir='ltr'><strong>Nymphium</strong></span> <span class='ocrx_word' id='word_1_583' title='bbox 2460 3988 2655 4043; x_wconf 84' lang='lat' dir='ltr'><strong>ﬂumen</strong></span> <span class='ocrx_word' id='word_1_584' title='bbox 2687 3987 2823 4059; x_wconf 78' lang='lat' dir='ltr'><strong>(9i).</strong></span> <span class='ocrx_word' id='word_1_585' title='bbox 2867 3987 3093 4057; x_wconf 86' lang='lat' dir='ltr'><strong>Nuptias</strong></span> <span class='ocrx_word' id='word_1_586' title='bbox 3128 3989 3257 4042; x_wconf 88' lang='lat' dir='ltr'><strong>item</strong></span> <span class='ocrx_word' id='word_1_587' title='bbox 3286 3986 3556 4052; x_wconf 91' lang='lat' dir='ltr'><strong>Mauricii,</strong></span> 
     </span>
    </p>
   </div>
   <div class='ocr_carea' id='block_1_86' title="bbox 1967 4080 3553 4137">
    <p class='ocr_par' dir='ltr' id='par_1_86' title="bbox 1967 4080 3553 4137">
     <span class='ocr_line' id='line_1_86' title="bbox 1967 4080 3553 4137; baseline -0.002 0"><span class='ocrx_word' id='word_1_588' title='bbox 1967 4092 2022 4137; x_wconf 91' lang='lat' dir='ltr'><strong>et</strong></span> <span class='ocrx_word' id='word_1_589' title='bbox 2073 4080 2449 4137; x_wconf 65' lang='lat' dir='ltr'><strong>Constantina:</strong></span> <span class='ocrx_word' id='word_1_590' title='bbox 2500 4080 2701 4136; x_wconf 89' lang='lat' dir='ltr'><strong>Tiberii</strong></span> <span class='ocrx_word' id='word_1_591' title='bbox 2739 4081 2881 4135; x_wconf 59' lang='lat' dir='ltr'><strong>filiai.</strong></span> <span class='ocrx_word' id='word_1_592' title='bbox 2935 4080 3123 4136; x_wconf 81' lang='lat' dir='ltr'><strong>Refert</strong></span> <span class='ocrx_word' id='word_1_593' title='bbox 3157 4090 3212 4136; x_wconf 91' lang='lat' dir='ltr'><strong>et</strong></span> <span class='ocrx_word' id='word_1_594' title='bbox 3243 4081 3553 4136; x_wconf 87' lang='lat' dir='ltr'><strong>incendium</strong></span> 
     </span>
    </p>
   </div>
   <div class='ocr_carea' id='block_1_87' title="bbox 1969 4172 3558 4243">
    <p class='ocr_par' dir='ltr' id='par_1_87' title="bbox 1969 4172 3558 4243">
     <span class='ocr_line' id='line_1_87' title="bbox 1969 4172 3558 4243; baseline -0.002 -13"><span class='ocrx_word' id='word_1_595' title='bbox 1969 4177 2021 4230; x_wconf 92' lang='lat' dir='ltr'><strong>in</strong></span> <span class='ocrx_word' id='word_1_596' title='bbox 2055 4175 2173 4229; x_wconf 78' lang='lat' dir='ltr'><strong>foro</strong></span> <span class='ocrx_word' id='word_1_597' title='bbox 2202 4182 2410 4240; x_wconf 89' lang='lat' dir='ltr'><strong>natum,</strong></span> <span class='ocrx_word' id='word_1_598' title='bbox 2447 4174 2548 4229; x_wconf 91' lang='lat' dir='ltr'><strong>sub</strong></span> <span class='ocrx_word' id='word_1_599' title='bbox 2571 4172 2783 4228; x_wconf 88' lang='lat' dir='ltr'><strong>initium</strong></span> <span class='ocrx_word' id='word_1_600' title='bbox 2810 4173 3023 4243; x_wconf 85' lang='lat' dir='ltr'><strong>imperii</strong></span> <span class='ocrx_word' id='word_1_601' title='bbox 3057 4172 3304 4229; x_wconf 88' lang='lat' dir='ltr'><strong>Mauricii</strong></span> <span class='ocrx_word' id='word_1_602' title='bbox 3365 4174 3558 4243; x_wconf 76' lang='lat' dir='ltr'><strong>Augu-</strong></span> 
     </span>
    </p>
   </div>
   <div class='ocr_carea' id='block_1_88' title="bbox 273 4262 1850 4338">
    <p class='ocr_par' dir='ltr' id='par_1_88' title="bbox 273 4262 1850 4335">
     <span class='ocr_line' id='line_1_88' title="bbox 273 4262 1850 4335; baseline 0.002 -21"><span class='ocrx_word' id='word_1_603' title='bbox 273 4262 430 4332; x_wconf 78' lang='grc' dir='ltr'>φόρῳ</span> <span class='ocrx_word' id='word_1_604' title='bbox 460 4262 611 4315; x_wconf 83' lang='grc' dir='ltr'>κατὰ</span> <span class='ocrx_word' id='word_1_605' title='bbox 646 4263 716 4315; x_wconf 80' lang='grc' dir='ltr'>τὰ</span> <span class='ocrx_word' id='word_1_606' title='bbox 748 4263 1013 4335; x_wconf 85' lang='grc' dir='ltr'>προοίμια</span> <span class='ocrx_word' id='word_1_607' title='bbox 1041 4265 1141 4334; x_wconf 85' lang='grc' dir='ltr'>τῆς</span> <span class='ocrx_word' id='word_1_608' title='bbox 1173 4264 1453 4333; x_wconf 89' lang='grc' dir='ltr'>βασιλείας</span> <span class='ocrx_word' id='word_1_609' title='bbox 1482 4263 1792 4335; x_wconf 86' lang='grc' dir='ltr'>Μαυρικίου</span> <span class='ocrx_word' id='word_1_610' title='bbox 1822 4264 1850 4295; x_wconf 83' lang='grc'><strong>³⁴</strong></span> 
     </span>
    </p>
   </div>
   <div class='ocr_carea' id='block_1_89' title="bbox 1956 4262 3556 4338">
    <p class='ocr_par' dir='ltr' id='par_1_89' title="bbox 1980 4262 3556 4338">
     <span class='ocr_line' id='line_1_89' title="bbox 1980 4262 3556 4338; baseline -0.003 -17"><span class='ocrx_word' id='word_1_611' title='bbox 1980 4266 2053 4323; x_wconf 86' lang='lat' dir='ltr'><strong>sti</strong></span> <span class='ocrx_word' id='word_1_612' title='bbox 2085 4266 2219 4338; x_wconf 72' lang='lat'><strong>(92).</strong></span> <span class='ocrx_word' id='word_1_613' title='bbox 2262 4266 2338 4320; x_wconf 92' lang='lat' dir='ltr'><strong>De</strong></span> <span class='ocrx_word' id='word_1_614' title='bbox 2385 4262 2598 4318; x_wconf 89' lang='lat' dir='ltr'><strong>Paulini</strong></span> <span class='ocrx_word' id='word_1_615' title='bbox 2633 4262 2858 4318; x_wconf 81' lang='lat' dir='ltr'><strong>veneﬁci</strong></span> <span class='ocrx_word' id='word_1_616' title='bbox 2909 4278 3061 4329; x_wconf 90' lang='lat' dir='ltr'><strong>nece,</strong></span> <span class='ocrx_word' id='word_1_617' title='bbox 3106 4272 3163 4318; x_wconf 88' lang='lat' dir='ltr'><strong>et</strong></span> <span class='ocrx_word' id='word_1_618' title='bbox 3206 4264 3468 4319; x_wconf 89' lang='lat' dir='ltr'><strong>miraculo</strong></span> <span class='ocrx_word' id='word_1_619' title='bbox 3504 4264 3556 4317; x_wconf 92' lang='lat' dir='ltr'><strong>in</strong></span> 
     </span>
    </p>
   </div>
   <div class='ocr_carea' id='block_1_90' title="bbox 272 4352 1850 4427">
    <p class='ocr_par' dir='ltr' id='par_1_90' title="bbox 272 4352 1850 4425">
     <span class='ocr_line' id='line_1_90' title="bbox 272 4352 1850 4425; baseline 0.003 -23"><span class='ocrx_word' id='word_1_620' title='bbox 272 4352 512 4422; x_wconf 88' lang='grc' dir='ltr'>συνέϐη,</span> <span class='ocrx_word' id='word_1_621' title='bbox 546 4353 645 4405; x_wconf 73' lang='grc' dir='ltr'>καὶ</span> <span class='ocrx_word' id='word_1_622' title='bbox 673 4354 803 4424; x_wconf 80' lang='grc' dir='ltr'>περὶ</span> <span class='ocrx_word' id='word_1_623' title='bbox 835 4354 936 4424; x_wconf 85' lang='grc' dir='ltr'>τῆς</span> <span class='ocrx_word' id='word_1_624' title='bbox 963 4356 1299 4425; x_wconf 84' lang='grc' dir='ltr'>ἀναιρέσεως</span> <span class='ocrx_word' id='word_1_625' title='bbox 1326 4355 1596 4408; x_wconf 89' lang='grc' dir='ltr'>Παυλίνου</span> <span class='ocrx_word' id='word_1_626' title='bbox 1615 4354 1711 4408; x_wconf 89' lang='grc' dir='ltr'><strong>τοῦ</strong></span> <span class='ocrx_word' id='word_1_627' title='bbox 1737 4354 1850 4425; x_wconf 79' lang='grc' dir='ltr'><strong>περ</strong></span> 
     </span>
    </p>
   </div>
   <div class='ocr_carea' id='block_1_91' title="bbox 1956 4352 3559 4427">
    <p class='ocr_par' dir='ltr' id='par_1_91' title="bbox 1973 4353 3559 4427">
     <span class='ocr_line' id='line_1_91' title="bbox 1973 4353 3559 4427; baseline -0.001 -16"><span class='ocrx_word' id='word_1_628' title='bbox 1973 4357 2112 4427; x_wconf 84' lang='lat' dir='ltr'><strong>pelvi</strong></span> <span class='ocrx_word' id='word_1_629' title='bbox 2162 4355 2427 4426; x_wconf 73' lang='lat' dir='ltr'><strong>Glyceriae</strong></span> <span class='ocrx_word' id='word_1_630' title='bbox 2476 4354 2755 4425; x_wconf 87' lang='lat' dir='ltr'><strong>martyris.</strong></span> <span class='ocrx_word' id='word_1_631' title='bbox 2796 4354 3076 4421; x_wconf 86' lang='lat' dir='ltr'><strong>Quomodo</strong></span> <span class='ocrx_word' id='word_1_632' title='bbox 3104 4364 3159 4409; x_wconf 92' lang='lat' dir='ltr'><strong>et</strong></span> <span class='ocrx_word' id='word_1_633' title='bbox 3186 4353 3421 4410; x_wconf 87' lang='lat' dir='ltr'><strong>Joannes</strong></span> <span class='ocrx_word' id='word_1_634' title='bbox 3465 4370 3559 4423; x_wconf 88' lang='lat' dir='ltr'><strong>pa-</strong></span> 
     </span>
    </p>
   </div>
   <div class='ocr_carea' id='block_1_92' title="bbox 270 4443 1850 4552">
    <p class='ocr_par' dir='ltr' id='par_1_92' title="bbox 270 4443 1850 4518">
     <span class='ocr_line' id='line_1_92' title="bbox 270 4443 1850 4518; baseline 0.003 -22"><span class='ocrx_word' id='word_1_635' title='bbox 270 4444 368 4497; x_wconf 88' lang='grc' dir='ltr'><strong>τοῦ</strong></span> <span class='ocrx_word' id='word_1_636' title='bbox 395 4443 683 4514; x_wconf 83' lang='grc' dir='ltr'>θαύματος</span> <span class='ocrx_word' id='word_1_637' title='bbox 725 4444 821 4498; x_wconf 86' lang='grc' dir='ltr'><strong>τοῦ</strong></span> <span class='ocrx_word' id='word_1_638' title='bbox 860 4446 1003 4500; x_wconf 84' lang='grc' dir='ltr'>κατὰ</span> <span class='ocrx_word' id='word_1_639' title='bbox 1031 4446 1131 4518; x_wconf 77' lang='grc' dir='ltr'><strong>τὴν</strong></span> <span class='ocrx_word' id='word_1_640' title='bbox 1174 4446 1381 4518; x_wconf 89' lang='grc' dir='ltr'>κόγχην</span> <span class='ocrx_word' id='word_1_641' title='bbox 1417 4446 1719 4518; x_wconf 85' lang='grc' dir='ltr'>Γλυκερίας</span> <span class='ocrx_word' id='word_1_642' title='bbox 1769 4447 1850 4518; x_wconf 69' lang='grc' dir='ltr'><strong>τῆς</strong></span> 
     </span>
    </p>
   </div>
   <div class='ocr_carea' id='block_1_93' title="bbox 1956 4443 3563 4552">
    <p class='ocr_par' dir='ltr' id='par_1_93' title="bbox 1974 4446 3563 4516">
     <span class='ocr_line' id='line_1_93' title="bbox 1974 4446 3563 4516; baseline -0.004 -12"><span class='ocrx_word' id='word_1_643' title='bbox 1974 4449 2231 4515; x_wconf 87' lang='lat' dir='ltr'><strong>triarcha,</strong></span> <span class='ocrx_word' id='word_1_644' title='bbox 2260 4448 2401 4516; x_wconf 91' lang='lat' dir='ltr'><strong>quod</strong></span> <span class='ocrx_word' id='word_1_645' title='bbox 2433 4446 2662 4502; x_wconf 70' lang='lat' dir='ltr'><strong>Cazsaris</strong></span> <span class='ocrx_word' id='word_1_646' title='bbox 2702 4446 2872 4501; x_wconf 85' lang='lat' dir='ltr'><strong>lenior</strong></span> <span class='ocrx_word' id='word_1_647' title='bbox 2903 4455 3047 4502; x_wconf 87' lang='lat' dir='ltr'><strong>esset</strong></span> <span class='ocrx_word' id='word_1_648' title='bbox 3078 4448 3378 4513; x_wconf 88' lang='lat' dir='ltr'><strong>sententia,</strong></span> <span class='ocrx_word' id='word_1_649' title='bbox 3410 4447 3563 4514; x_wconf 79' lang='lat' dir='ltr'><strong>igni-</strong></span> 
     </span>
    </p>
   </div>
   <div class='ocr_carea' id='block_1_94' title="bbox 277 4537 1850 4613">
    <p class='ocr_par' dir='ltr' id='par_1_94' title="bbox 277 4537 1850 4611">
     <span class='ocr_line' id='line_1_94' title="bbox 277 4537 1850 4611; baseline 0.004 -24"><span class='ocrx_word' id='word_1_650' title='bbox 277 4537 591 4608; x_wconf 81' lang='grc' dir='ltr'>μάρτυρος,</span> <span class='ocrx_word' id='word_1_651' title='bbox 626 4538 778 4601; x_wconf 84' lang='grc' dir='ltr'>ὅπως</span> <span class='ocrx_word' id='word_1_652' title='bbox 821 4554 882 4590; x_wconf 89' lang='grc' dir='ltr'><strong>τε</strong></span> <span class='ocrx_word' id='word_1_653' title='bbox 925 4539 1180 4610; x_wconf 89' lang='grc' dir='ltr'>Ἰωάννης</span> <span class='ocrx_word' id='word_1_654' title='bbox 1207 4541 1235 4592; x_wconf 87' lang='grc' dir='ltr'>ὁ</span> <span class='ocrx_word' id='word_1_655' title='bbox 1270 4540 1642 4611; x_wconf 86' lang='grc' dir='ltr'>πατριάρχης,</span> <span class='ocrx_word' id='word_1_656' title='bbox 1674 4538 1850 4609; x_wconf 84' lang='grc' dir='ltr'>φιλαν-</span> 
     </span>
    </p>
   </div>
   <div class='ocr_carea' id='block_1_95' title="bbox 1956 4537 3619 4613">
    <p class='ocr_par' dir='ltr' id='par_1_95' title="bbox 1971 4537 3619 4613">
     <span class='ocr_line' id='line_1_95' title="bbox 1971 4537 3619 4613; baseline -0.004 -16"><span class='ocrx_word' id='word_1_657' title='bbox 1971 4544 2073 4597; x_wconf 92' lang='lat' dir='ltr'><strong>bus</strong></span> <span class='ocrx_word' id='word_1_658' title='bbox 2123 4556 2247 4597; x_wconf 90' lang='lat' dir='ltr'><strong>esse</strong></span> <span class='ocrx_word' id='word_1_659' title='bbox 2297 4540 2615 4595; x_wconf 89' lang='lat' dir='ltr'><strong>tradendum</strong></span> <span class='ocrx_word' id='word_1_660' title='bbox 2670 4539 3119 4609; x_wconf 64' lang='lat' dir='ltr'><strong>praestigiatorem</strong></span> <span class='ocrx_word' id='word_1_661' title='bbox 3174 4537 3560 4607; x_wconf 86' lang='lat' dir='ltr'><strong>pronuntiarit,</strong></span> <span class='ocrx_word' id='word_1_662' title='bbox 3610 4608 3619 4613; x_wconf 83' lang='lat'>_</span> 
     </span>
    </p>
   </div>
   <div class='ocr_carea' id='block_1_96' title="bbox 275 4625 1850 4702">
    <p class='ocr_par' dir='ltr' id='par_1_96' title="bbox 275 4625 1850 4702">
     <span class='ocr_line' id='line_1_96' title="bbox 275 4625 1850 4702; baseline 0.003 -23"><span class='ocrx_word' id='word_1_663' title='bbox 275 4625 305 4679; x_wconf 90' lang='grc' dir='ltr'><strong>θ</strong></span> <span class='ocrx_word' id='word_1_664' title='bbox 312 4628 534 4697; x_wconf 88' lang='grc' dir='ltr'>ρωπότε</span> <span class='ocrx_word' id='word_1_665' title='bbox 542 4644 640 4698; x_wconf 90' lang='grc' dir='ltr'><strong>ρον</strong></span> <span class='ocrx_word' id='word_1_666' title='bbox 655 4628 940 4693; x_wconf 82' lang='grc' dir='ltr'>δοκοῦντος</span> <span class='ocrx_word' id='word_1_667' title='bbox 962 4631 1107 4700; x_wconf 79' lang='grc' dir='ltr'>ἔχειν</span> <span class='ocrx_word' id='word_1_668' title='bbox 1126 4629 1219 4684; x_wconf 86' lang='grc' dir='ltr'><strong>τοῦ</strong></span> <span class='ocrx_word' id='word_1_669' title='bbox 1245 4630 1531 4701; x_wconf 86' lang='grc' dir='ltr'>βασιλέως,</span> <span class='ocrx_word' id='word_1_670' title='bbox 1550 4632 1712 4695; x_wconf 84' lang='grc' dir='ltr'>αὐτὸς</span> <span class='ocrx_word' id='word_1_671' title='bbox 1730 4648 1804 4683; x_wconf 92' lang='grc' dir='ltr'><strong>πυ</strong></span> <span class='ocrx_word' id='word_1_672' title='bbox 1812 4631 1850 4702; x_wconf 75' lang='grc' dir='ltr'>ρ’</span> 
     </span>
    </p>
   </div>
   <div class='ocr_carea' id='block_1_97' title="bbox 1956 4625 3561 4702">
    <p class='ocr_par' dir='ltr' id='par_1_97' title="bbox 1969 4630 3561 4700">
     <span class='ocr_line' id='line_1_97' title="bbox 1969 4630 3561 4700; baseline -0.002 -13"><span class='ocrx_word' id='word_1_673' title='bbox 1969 4631 2214 4700; x_wconf 90' lang='lat' dir='ltr'><strong>Apostoli</strong></span> <span class='ocrx_word' id='word_1_674' title='bbox 2276 4631 2440 4686; x_wconf 90' lang='lat' dir='ltr'><strong>etiam</strong></span> <span class='ocrx_word' id='word_1_675' title='bbox 2504 4630 2686 4685; x_wconf 90' lang='lat' dir='ltr'><strong>verbis</strong></span> <span class='ocrx_word' id='word_1_676' title='bbox 2746 4630 2799 4684; x_wconf 91' lang='lat' dir='ltr'><strong>in</strong></span> <span class='ocrx_word' id='word_1_677' title='bbox 2864 4630 3229 4684; x_wconf 90' lang='lat' dir='ltr'><strong>testimonium</strong></span> <span class='ocrx_word' id='word_1_678' title='bbox 3285 4630 3561 4695; x_wconf 89' lang='lat' dir='ltr'><strong>adhibitis,</strong></span> 
     </span>
    </p>
   </div>
   <div class='ocr_carea' id='block_1_98' title="bbox 274 4718 1850 4795">
    <p class='ocr_par' dir='ltr' id='par_1_98' title="bbox 274 4718 1850 4794">
     <span class='ocr_line' id='line_1_98' title="bbox 274 4718 1850 4794; baseline 0.004 -24"><span class='ocrx_word' id='word_1_679' title='bbox 274 4718 665 4788; x_wconf 82' lang='grc' dir='ltr'>παραδοθῆναι</span> <span class='ocrx_word' id='word_1_680' title='bbox 692 4720 783 4773; x_wconf 77' lang='grc' dir='ltr'><strong>τὸν</strong></span> <span class='ocrx_word' id='word_1_681' title='bbox 809 4722 984 4791; x_wconf 84' lang='grc' dir='ltr'>γόητα</span> <span class='ocrx_word' id='word_1_682' title='bbox 1001 4722 1383 4793; x_wconf 80' lang='grc' dir='ltr'>διισχυρίζετο,</span> <span class='ocrx_word' id='word_1_683' title='bbox 1409 4721 1850 4794; x_wconf 69' lang='grc' dir='ltr'>παρυφαίνωνιτιῖ</span> 
     </span>
    </p>
   </div>
   <div class='ocr_carea' id='block_1_99' title="bbox 1956 4718 3564 4795">
    <p class='ocr_par' dir='ltr' id='par_1_99' title="bbox 1975 4720 3564 4795">
     <span class='ocr_line' id='line_1_99' title="bbox 1975 4720 3564 4795; baseline 0.001 -18"><span class='ocrx_word' id='word_1_684' title='bbox 1975 4723 2074 4795; x_wconf 87' lang='lat' dir='ltr'><strong>(De</strong></span> <span class='ocrx_word' id='word_1_685' title='bbox 2105 4723 2409 4791; x_wconf 75' lang='lat' dir='ltr'><strong>veneﬁciis).</strong></span> <span class='ocrx_word' id='word_1_686' title='bbox 2455 4720 2633 4787; x_wconf 90' lang='lat' dir='ltr'><strong>Quare</strong></span> <span class='ocrx_word' id='word_1_687' title='bbox 2671 4720 2926 4775; x_wconf 86' lang='lat' dir='ltr'><strong>Paulinus</strong></span> <span class='ocrx_word' id='word_1_688' title='bbox 2955 4735 3078 4773; x_wconf 92' lang='lat' dir='ltr'><strong>cum</strong></span> <span class='ocrx_word' id='word_1_689' title='bbox 3109 4720 3240 4786; x_wconf 78' lang='lat' dir='ltr'><strong>tilio,</strong></span> <span class='ocrx_word' id='word_1_690' title='bbox 3272 4721 3564 4791; x_wconf 86' lang='lat' dir='ltr'><strong>impietatis</strong></span> 
     </span>
    </p>
   </div>
   <div class='ocr_carea' id='block_1_100' title="bbox 275 4808 1850 4885">
    <p class='ocr_par' dir='ltr' id='par_1_100' title="bbox 275 4808 1850 4885">
     <span class='ocr_line' id='line_1_100' title="bbox 275 4808 1850 4885; baseline 0.004 -25"><span class='ocrx_word' id='word_1_691' title='bbox 275 4808 430 4879; x_wconf 83' lang='grc' dir='ltr'>λόγῳ</span> <span class='ocrx_word' id='word_1_692' title='bbox 449 4810 547 4863; x_wconf 74' lang='grc' dir='ltr'>καὶ</span> <span class='ocrx_word' id='word_1_693' title='bbox 574 4810 678 4881; x_wconf 84' lang='grc' dir='ltr'><strong>τὴν</strong></span> <span class='ocrx_word' id='word_1_694' title='bbox 701 4812 1067 4885; x_wconf 83' lang='grc' dir='ltr'>ἀποστολικὴν</span> <span class='ocrx_word' id='word_1_695' title='bbox 1095 4814 1254 4884; x_wconf 77' lang='grc' dir='ltr'>ῥῆσιν</span> <span class='ocrx_word' id='word_1_696' title='bbox 1272 4814 1338 4845; x_wconf 76' lang='grc' dir='ltr'><strong>³¹ο</strong></span> <span class='ocrx_word' id='word_1_697' title='bbox 1370 4813 1467 4867; x_wconf 69' lang='grc' dir='ltr'><strong>καλ⁸</strong></span> <span class='ocrx_word' id='word_1_698' title='bbox 1492 4814 1575 4867; x_wconf 84' lang='grc' dir='ltr'>ὅτι</span> <span class='ocrx_word' id='word_1_699' title='bbox 1604 4813 1850 4868; x_wconf 68' lang='grc' dir='ltr'>Παυλῖνόέ</span> 
     </span>
    </p>
   </div>
   <div class='ocr_carea' id='block_1_101' title="bbox 1956 4808 3565 4885">
    <p class='ocr_par' dir='ltr' id='par_1_101' title="bbox 1976 4809 3565 4881">
     <span class='ocr_line' id='line_1_101' title="bbox 1976 4809 3565 4881; baseline 0.001 -14"><span class='ocrx_word' id='word_1_700' title='bbox 1976 4828 2128 4881; x_wconf 68' lang='lat' dir='ltr'><strong>aeque</strong></span> <span class='ocrx_word' id='word_1_701' title='bbox 2176 4826 2293 4876; x_wconf 89' lang='lat' dir='ltr'><strong>reo,</strong></span> <span class='ocrx_word' id='word_1_702' title='bbox 2334 4825 2463 4864; x_wconf 87' lang='lat' dir='ltr'><strong>ense</strong></span> <span class='ocrx_word' id='word_1_703' title='bbox 2497 4809 2767 4878; x_wconf 87' lang='lat' dir='ltr'><strong>percussi,</strong></span> <span class='ocrx_word' id='word_1_704' title='bbox 2814 4810 3007 4880; x_wconf 88' lang='lat' dir='ltr'><strong>capitis</strong></span> <span class='ocrx_word' id='word_1_705' title='bbox 3053 4824 3242 4880; x_wconf 72' lang='lat' dir='ltr'><strong>pmnas</strong></span> <span class='ocrx_word' id='word_1_706' title='bbox 3277 4810 3565 4869; x_wconf 88' lang='lat' dir='ltr'><strong>dederunt.</strong></span> 
     </span>
    </p>
   </div>
   <div class='ocr_carea' id='block_1_102' title="bbox 272 4901 1850 4977">
    <p class='ocr_par' dir='ltr' id='par_1_102' title="bbox 272 4901 1850 4977">
     <span class='ocr_line' id='line_1_102' title="bbox 272 4901 1850 4977; baseline 0.005 -26"><span class='ocrx_word' id='word_1_707' title='bbox 272 4916 338 4952; x_wconf 88' lang='grc' dir='ltr'><strong>τε</strong></span> <span class='ocrx_word' id='word_1_708' title='bbox 359 4901 510 4954; x_wconf 78' lang='grc' dir='ltr'><strong>καὶὸ</strong></span> <span class='ocrx_word' id='word_1_709' title='bbox 539 4904 705 4970; x_wconf 83' lang='grc' dir='ltr'>παῖς,</span> <span class='ocrx_word' id='word_1_710' title='bbox 748 4904 1005 4969; x_wconf 82' lang='grc' dir='ltr'>κοινωνὸς</span> <span class='ocrx_word' id='word_1_711' title='bbox 1054 4904 1132 4960; x_wconf 87' lang='grc' dir='ltr'>ὣν</span> <span class='ocrx_word' id='word_1_712' title='bbox 1174 4909 1277 4975; x_wconf 82' lang='grc' dir='ltr'>τῆς</span> <span class='ocrx_word' id='word_1_713' title='bbox 1324 4904 1603 4972; x_wconf 81' lang='grc' dir='ltr'>ἀσεϐείας,</span> <span class='ocrx_word' id='word_1_714' title='bbox 1631 4905 1731 4977; x_wconf 83' lang='grc' dir='ltr'><strong>τὴν</strong></span> <span class='ocrx_word' id='word_1_715' title='bbox 1778 4907 1850 4959; x_wconf 85' lang='grc' dir='ltr'>ὲπ</span> 
     </span>
    </p>
   </div>
   <div class='ocr_carea' id='block_1_103' title="bbox 1956 4901 3567 4977">
    <p class='ocr_par' dir='ltr' id='par_1_103' title="bbox 1978 4901 3567 4969">
     <span class='ocr_line' id='line_1_103' title="bbox 1978 4901 3567 4969; baseline 0.001 -10"><span class='ocrx_word' id='word_1_716' title='bbox 1978 4905 2182 4960; x_wconf 70' lang='grc' dir='ltr'>Αὰιιιιξο</span> <span class='ocrx_word' id='word_1_717' title='bbox 2213 4905 2281 4958; x_wconf 90' lang='lat' dir='ltr'><strong>de</strong></span> <span class='ocrx_word' id='word_1_718' title='bbox 2308 4902 2560 4969; x_wconf 83' lang='lat' dir='ltr'><strong>praesidio</strong></span> <span class='ocrx_word' id='word_1_719' title='bbox 2584 4901 2979 4968; x_wconf 79' lang='lat' dir='ltr'><strong>Aubumorum,</strong></span> <span class='ocrx_word' id='word_1_720' title='bbox 3012 4911 3069 4959; x_wconf 92' lang='lat' dir='ltr'><strong>et</strong></span> <span class='ocrx_word' id='word_1_721' title='bbox 3092 4902 3275 4960; x_wconf 61' lang='lat' dir='ltr'><strong>Achar.</strong></span> <span class='ocrx_word' id='word_1_722' title='bbox 3300 4902 3357 4959; x_wconf 90' lang='lat' dir='ltr'><strong>ln</strong></span> <span class='ocrx_word' id='word_1_723' title='bbox 3378 4905 3567 4961; x_wconf 88' lang='lat' dir='ltr'><strong>eodem</strong></span> 
     </span>
    </p>
   </div>
   <div class='ocr_carea' id='block_1_104' title="bbox 1606 5040 2282 5103">
    <p class='ocr_par' dir='ltr' id='par_1_104' title="bbox 1606 5040 2282 5103">
     <span class='ocr_line' id='line_1_104' title="bbox 1606 5040 2282 5103; baseline -0.013 0"><span class='ocrx_word' id='word_1_724' title='bbox 1606 5048 1839 5103; x_wconf 68' lang='lat' dir='ltr'><strong>VARl/E</strong></span> <span class='ocrx_word' id='word_1_725' title='bbox 1868 5040 2282 5102; x_wconf 83' lang='lat' dir='ltr'><strong>LECTIONES.</strong></span> 
     </span>
    </p>
   </div>
   <div class='ocr_carea' id='block_1_105' title="bbox 355 5134 3573 5213">
    <p class='ocr_par' dir='ltr' id='par_1_105' title="bbox 355 5134 3573 5213">
     <span class='ocr_line' id='line_1_105' title="bbox 355 5134 3573 5213; baseline 0.002 -24"><span class='ocrx_word' id='word_1_726' title='bbox 355 5136 403 5168; x_wconf 81' lang='grc'><strong>²⁹</strong></span> <span class='ocrx_word' id='word_1_727' title='bbox 431 5139 746 5213; x_wconf 73' lang='grc' dir='ltr'>κοιαίστορι</span> <span class='ocrx_word' id='word_1_728' title='bbox 785 5159 846 5206; x_wconf 84' lang='grc' dir='ltr'><strong>ς.</strong></span> <span class='ocrx_word' id='word_1_729' title='bbox 921 5142 969 5174; x_wconf 85' lang='grc'><strong>¹⁰</strong></span> <span class='ocrx_word' id='word_1_730' title='bbox 992 5142 1382 5213; x_wconf 87' lang='grc' dir='ltr'>κατηγγύησεν</span> <span class='ocrx_word' id='word_1_731' title='bbox 1411 5162 1473 5209; x_wconf 83' lang='grc' dir='ltr'><strong>ς.</strong></span> <span class='ocrx_word' id='word_1_732' title='bbox 1548 5144 1593 5175; x_wconf 76' lang='grc' dir='ltr'>’ί</span> <span class='ocrx_word' id='word_1_733' title='bbox 1618 5143 1899 5205; x_wconf 84' lang='grc' dir='ltr'>εὐσεϐείας</span> <span class='ocrx_word' id='word_1_734' title='bbox 1946 5156 2028 5212; x_wconf 90' lang='lat' dir='ltr'><strong>pr.</strong></span> <span class='ocrx_word' id='word_1_735' title='bbox 2074 5138 2141 5192; x_wconf 87' lang='lat' dir='ltr'><strong>A.</strong></span> <span class='ocrx_word' id='word_1_736' title='bbox 2171 5134 2456 5213; x_wconf 68' lang='lat' dir='ltr'><strong>__”_ra.ﬁr_a</strong></span> <span class='ocrx_word' id='word_1_737' title='bbox 2483 5137 2610 5198; x_wconf 90' lang='lat' dir='ltr'><strong>add,</strong></span> <span class='ocrx_word' id='word_1_738' title='bbox 2636 5137 2816 5213; x_wconf 42' lang='lat' dir='ltr'><strong>Acin</strong></span> <span class='ocrx_word' id='word_1_739' title='bbox 2849 5152 2969 5213; x_wconf 68' lang='lat' dir='ltr'><strong>qua:</strong></span> <span class='ocrx_word' id='word_1_740' title='bbox 2994 5140 3064 5213; x_wconf 83' lang='lat' dir='ltr'><strong>sit</strong></span> <span class='ocrx_word' id='word_1_741' title='bbox 3084 5138 3272 5193; x_wconf 90' lang='lat' dir='ltr'><strong>ultima</strong></span> <span class='ocrx_word' id='word_1_742' title='bbox 3296 5139 3573 5213; x_wconf 75' lang='lat' dir='ltr'><strong>sequentis</strong></span> 
     </span>
    </p>
   </div>
   <div class='ocr_carea' id='block_1_106' title="bbox 282 5206 3575 5286">
    <p class='ocr_par' dir='ltr' id='par_1_106' title="bbox 282 5206 3575 5286">
     <span class='ocr_line' id='line_1_106' title="bbox 282 5206 3575 5286; baseline 0.001 -27"><span class='ocrx_word' id='word_1_743' title='bbox 282 5207 539 5286; x_wconf 52' lang='lat' dir='ltr'><strong>vocabuli</strong></span> <span class='ocrx_word' id='word_1_744' title='bbox 569 5206 775 5286; x_wconf 58' lang='lat' dir='ltr'><strong>littera,</strong></span> <span class='ocrx_word' id='word_1_745' title='bbox 840 5228 947 5267; x_wconf 92' lang='lat' dir='ltr'><strong>non</strong></span> <span class='ocrx_word' id='word_1_746' title='bbox 986 5206 1199 5286; x_wconf 42' lang='lat' dir='ltr'><strong>liquet.</strong></span> <span class='ocrx_word' id='word_1_747' title='bbox 1253 5206 1300 5247; x_wconf 81' lang='grc'><strong>¹’³</strong></span> <span class='ocrx_word' id='word_1_748' title='bbox 1321 5206 1436 5286; x_wconf 71' lang='grc' dir='ltr'><strong>ᾁνᾶί</strong></span> <span class='ocrx_word' id='word_1_749' title='bbox 1457 5232 1519 5279; x_wconf 84' lang='grc' dir='ltr'><strong>ς.</strong></span> <span class='ocrx_word' id='word_1_750' title='bbox 1602 5214 1654 5286; x_wconf 45' lang='grc' dir='ltr'><strong>’ἦ</strong></span> <span class='ocrx_word' id='word_1_751' title='bbox 1678 5206 2056 5286; x_wconf 44' lang='grc' dir='ltr'>ἐμπορίαςίς.</span> <span class='ocrx_word' id='word_1_752' title='bbox 2168 5209 2216 5241; x_wconf 80' lang='grc'><strong><em>³⁵</em></strong></span> <span class='ocrx_word' id='word_1_753' title='bbox 2244 5207 2573 5286; x_wconf 47' lang='grc' dir='ltr'>Τρργήτιον.</span> <span class='ocrx_word' id='word_1_754' title='bbox 2601 5219 2656 5263; x_wconf 89' lang='lat' dir='ltr'><strong>et</strong></span> <span class='ocrx_word' id='word_1_755' title='bbox 2684 5206 3162 5286; x_wconf 38' lang='lat' dir='ltr'><strong>ilifraAquYﬁ‘ttog-</strong></span> <span class='ocrx_word' id='word_1_756' title='bbox 3193 5226 3254 5273; x_wconf 87' lang='grc' dir='ltr'><strong>ς.</strong></span> <span class='ocrx_word' id='word_1_757' title='bbox 3298 5280 3320 5286; x_wconf 91' lang='lat'>_</span> <span class='ocrx_word' id='word_1_758' title='bbox 3365 5206 3575 5286; x_wconf 45' lang='lat' dir='ltr'><strong>“ﬁép-</strong></span> 
     </span>
    </p>
   </div>
   <div class='ocr_carea' id='block_1_107' title="bbox 283 5224 3574 5358">
    <p class='ocr_par' dir='ltr' id='par_1_107' title="bbox 283 5224 3574 5358">
     <span class='ocr_line' id='line_1_107' title="bbox 283 5224 3574 5286; baseline 0.005 -29"><span class='ocrx_word' id='word_1_759' title='bbox 283 5224 539 5264; x_wconf 78' lang='lat' dir='ltr'><strong>vocanun</strong></span> <span class='ocrx_word' id='word_1_760' title='bbox 569 5224 775 5275; x_wconf 74' lang='lat' dir='ltr'><strong>littera,</strong></span> <span class='ocrx_word' id='word_1_761' title='bbox 840 5228 947 5267; x_wconf 90' lang='lat' dir='ltr'><strong>non</strong></span> <span class='ocrx_word' id='word_1_762' title='bbox 986 5224 1175 5281; x_wconf 80' lang='lat' dir='ltr'><strong>liquet.</strong></span> <span class='ocrx_word' id='word_1_763' title='bbox 1253 5224 1300 5247; x_wconf 84' lang='lat'><strong>&quot;</strong></span> <span class='ocrx_word' id='word_1_764' title='bbox 1321 5224 1427 5268; x_wconf 79' lang='grc' dir='ltr'>ἀνά</span> <span class='ocrx_word' id='word_1_765' title='bbox 1457 5232 1519 5279; x_wconf 84' lang='grc' dir='ltr'><strong>ς.</strong></span> <span class='ocrx_word' id='word_1_766' title='bbox 1602 5224 1649 5246; x_wconf 73' lang='grc'><strong><em>³⁵</em></strong></span> <span class='ocrx_word' id='word_1_767' title='bbox 1678 5224 1704 5268; x_wconf 80' lang='grc' dir='ltr'><strong>ε</strong></span> <span class='ocrx_word' id='word_1_768' title='bbox 1754 5224 1950 5286; x_wconf 86' lang='grc' dir='ltr'>πορίας</span> <span class='ocrx_word' id='word_1_769' title='bbox 1994 5228 2056 5275; x_wconf 85' lang='grc' dir='ltr'><strong>ς.</strong></span> <span class='ocrx_word' id='word_1_770' title='bbox 2170 5224 2216 5241; x_wconf 87' lang='lat'>&quot;</span> <span class='ocrx_word' id='word_1_771' title='bbox 2245 5224 2325 5259; x_wconf 70' lang='lat' dir='ltr'><strong>&#39;la</strong></span> <span class='ocrx_word' id='word_1_772' title='bbox 2366 5224 2554 5278; x_wconf 84' lang='grc' dir='ltr'>γητιον</span> <span class='ocrx_word' id='word_1_773' title='bbox 2601 5224 2656 5263; x_wconf 71' lang='lat' dir='ltr'><strong>el</strong></span> <span class='ocrx_word' id='word_1_774' title='bbox 2684 5224 2823 5262; x_wconf 65' lang='lat' dir='ltr'><strong>&quot;lira</strong></span> <span class='ocrx_word' id='word_1_775' title='bbox 2852 5224 3162 5279; x_wconf 82' lang='grc' dir='ltr'>ἰαργητιος</span> <span class='ocrx_word' id='word_1_776' title='bbox 3193 5226 3254 5273; x_wconf 78' lang='grc' dir='ltr'><strong>ς’·</strong></span> <span class='ocrx_word' id='word_1_777' title='bbox 3366 5224 3410 5239; x_wconf 71' lang='grc'><strong>’⁵</strong></span> <span class='ocrx_word' id='word_1_778' title='bbox 3441 5224 3574 5280; x_wconf 76' lang='grc' dir='ltr'>Ραρ-</span> 
     </span>
     <span class='ocr_line' id='line_1_108' title="bbox 283 5224 3574 5358; baseline 0.004 -26"><span class='ocrx_word' id='word_1_779' title='bbox 283 5275 526 5358; x_wconf 38' lang='grc' dir='ltr'>6αροξιΑ</span> <span class='ocrx_word' id='word_1_780' title='bbox 552 5296 576 5358; x_wconf 82' lang='lat'><strong>_:</strong></span> <span class='ocrx_word' id='word_1_781' title='bbox 614 5282 813 5358; x_wconf 70' lang='grc' dir='ltr'>άϐαροι</span> <span class='ocrx_word' id='word_1_782' title='bbox 855 5302 915 5358; x_wconf 75' lang='grc' dir='ltr'><strong>ς.</strong></span> <span class='ocrx_word' id='word_1_783' title='bbox 1018 5285 1061 5358; x_wconf 59' lang='grc' dir='ltr'><strong>ξτ</strong></span> <span class='ocrx_word' id='word_1_784' title='bbox 1088 5284 1447 5358; x_wconf 15' lang='grc' dir='ltr'>προαιρεθεὶςγ</span> <span class='ocrx_word' id='word_1_785' title='bbox 1470 5302 1530 5348; x_wconf 75' lang='grc' dir='ltr'>ς’.</span> <span class='ocrx_word' id='word_1_786' title='bbox 1563 5355 1571 5358; x_wconf 93' lang='lat'>_</span> <span class='ocrx_word' id='word_1_787' title='bbox 1639 5284 1686 5317; x_wconf 77' lang='grc'><strong>⁸⁸</strong></span> <span class='ocrx_word' id='word_1_788' title='bbox 1712 5233 2061 5358; x_wconf 50' lang='grc' dir='ltr'>ἓοσκολόϐρα</span> <span class='ocrx_word' id='word_1_789' title='bbox 2101 5296 2163 5358; x_wconf 71' lang='grc' dir='ltr'><strong>ς.</strong></span> <span class='ocrx_word' id='word_1_790' title='bbox 2259 5277 2305 5358; x_wconf 55' lang='grc' dir='ltr'><strong>’ξ</strong></span> <span class='ocrx_word' id='word_1_791' title='bbox 2333 5224 2395 5358; x_wconf 54' lang='grc' dir='ltr'><strong>ἔς</strong></span> <span class='ocrx_word' id='word_1_792' title='bbox 2420 5277 2620 5358; x_wconf 44' lang='lat' dir='ltr'><strong>Aid);</strong></span> <span class='ocrx_word' id='word_1_793' title='bbox 2660 5295 2746 5358; x_wconf 66' lang='lat'><strong>9-_</strong></span> <span class='ocrx_word' id='word_1_794' title='bbox 2791 5279 2881 5358; x_wconf 75' lang='lat'><strong>_&#39;°_</strong></span> <span class='ocrx_word' id='word_1_795' title='bbox 2912 5278 3259 5358; x_wconf 64' lang='grc' dir='ltr'>Μαυρικίου,</span> <span class='ocrx_word' id='word_1_796' title='bbox 3294 5277 3574 5358; x_wconf 66' lang='grc' dir='ltr'>βᾳσιλείᾳς</span> 
     </span>
    </p>
   </div>
   <div class='ocr_carea' id='block_1_108' title="bbox 287 5347 3575 5427">
    <p class='ocr_par' dir='ltr' id='par_1_108' title="bbox 287 5347 3575 5427">
     <span class='ocr_line' id='line_1_109' title="bbox 287 5347 3575 5427; baseline -0.002 -19"><span class='ocrx_word' id='word_1_797' title='bbox 287 5363 355 5408; x_wconf 83' lang='grc' dir='ltr'>ς.</span> <span class='ocrx_word' id='word_1_798' title='bbox 385 5416 399 5427; x_wconf 41' lang='grc' dir='ltr'><strong>Ι</strong></span> <span class='ocrx_word' id='word_1_799' title='bbox 436 5348 477 5378; x_wconf 83' lang='grc'><strong>³¹</strong></span> <span class='ocrx_word' id='word_1_800' title='bbox 517 5351 567 5404; x_wconf 83' lang='grc' dir='ltr'><strong>εί</strong></span> <span class='ocrx_word' id='word_1_801' title='bbox 621 5347 798 5427; x_wconf 76' lang='grc' dir='ltr'>θέλέις</span> <span class='ocrx_word' id='word_1_802' title='bbox 820 5355 907 5427; x_wconf 81' lang='grc' dir='ltr'>μὴ</span> <span class='ocrx_word' id='word_1_803' title='bbox 945 5347 1229 5427; x_wconf 75' lang='grc' dir='ltr'>φοϐεῖσθαι</span> <span class='ocrx_word' id='word_1_804' title='bbox 1257 5347 1357 5427; x_wconf 72' lang='grc' dir='ltr'>τὴν</span> <span class='ocrx_word' id='word_1_805' title='bbox 1393 5347 1664 5421; x_wconf 76' lang='grc' dir='ltr'>ἐξουσίαν,</span> <span class='ocrx_word' id='word_1_806' title='bbox 1706 5355 1769 5409; x_wconf 83' lang='grc' dir='ltr'><strong>τὸ</strong></span> <span class='ocrx_word' id='word_1_807' title='bbox 1800 5347 2007 5423; x_wconf 67' lang='grc' dir='ltr'>ἀγαθὸν</span> <span class='ocrx_word' id='word_1_808' title='bbox 2034 5350 2193 5427; x_wconf 52' lang='grc' dir='ltr'>ποίεε</span> <span class='ocrx_word' id='word_1_809' title='bbox 2211 5350 2307 5427; x_wconf 74' lang='grc' dir='ltr'>καὶ</span> <span class='ocrx_word' id='word_1_810' title='bbox 2342 5349 2410 5427; x_wconf 73' lang='grc' dir='ltr'><strong>τά</strong></span> <span class='ocrx_word' id='word_1_811' title='bbox 2442 5348 2628 5427; x_wconf 40' lang='grc' dir='ltr'><strong>ἐξῆςρ</strong></span> <span class='ocrx_word' id='word_1_812' title='bbox 2664 5350 2758 5427; x_wconf 73' lang='grc' dir='ltr'><strong>καὶ</strong></span> <span class='ocrx_word' id='word_1_813' title='bbox 2789 5347 3001 5427; x_wconf 75' lang='grc' dir='ltr'>έκδικός</span> <span class='ocrx_word' id='word_1_814' title='bbox 3041 5350 3159 5401; x_wconf 77' lang='grc' dir='ltr'>ἐστι</span> <span class='ocrx_word' id='word_1_815' title='bbox 3190 5347 3372 5427; x_wconf 39' lang='grc' dir='ltr'>τῷιτὸ</span> <span class='ocrx_word' id='word_1_816' title='bbox 3403 5349 3575 5427; x_wconf 67' lang='grc' dir='ltr'>κακὸν</span> 
     </span>
    </p>
   </div>
   <div class='ocr_carea' id='block_1_109' title="bbox 283 5414 3574 5542">
    <p class='ocr_par' dir='ltr' id='par_1_109' title="bbox 283 5414 3574 5542">
     <span class='ocr_line' id='line_1_110' title="bbox 283 5414 3574 5542; baseline 0.002 -74"><span class='ocrx_word' id='word_1_817' title='bbox 283 5416 635 5542; x_wconf 51' lang='grc' dir='ltr'>ἔιίάῖσοντι·</span> <span class='ocrx_word' id='word_1_818' title='bbox 665 5425 728 5478; x_wconf 79' lang='grc' dir='ltr'><strong>οὐ</strong></span> <span class='ocrx_word' id='word_1_819' title='bbox 769 5414 1042 5495; x_wconf 75' lang='grc' dir='ltr'>γᾶρέἷκῆ</span> <span class='ocrx_word' id='word_1_820' title='bbox 1094 5425 1194 5498; x_wconf 81' lang='grc' dir='ltr'>τὴν</span> <span class='ocrx_word' id='word_1_821' title='bbox 1222 5414 1501 5499; x_wconf 65' lang='grc' dir='ltr'>μάχαιραν</span> <span class='ocrx_word' id='word_1_822' title='bbox 1541 5414 1719 5497; x_wconf 79' lang='grc' dir='ltr'>φορεῖ.</span> <span class='ocrx_word' id='word_1_823' title='bbox 1768 5414 1952 5497; x_wconf 78' lang='lat' dir='ltr'><strong>(Rom.</strong></span> <span class='ocrx_word' id='word_1_824' title='bbox 1996 5434 2117 5484; x_wconf 80' lang='lat' dir='ltr'><strong>xm,</strong></span> <span class='ocrx_word' id='word_1_825' title='bbox 2164 5420 2243 5490; x_wconf 81' lang='grc'><strong>5.)</strong></span> <span class='ocrx_word' id='word_1_826' title='bbox 2276 5414 2505 5491; x_wconf 78' lang='grc' dir='ltr'>ταύτην,</span> <span class='ocrx_word' id='word_1_827' title='bbox 2528 5414 2703 5491; x_wconf 67' lang='grc' dir='ltr'>ὀἶμαι</span> <span class='ocrx_word' id='word_1_828' title='bbox 2753 5418 2919 5489; x_wconf 82' lang='grc' dir='ltr'>φησίν</span> <span class='ocrx_word' id='word_1_829' title='bbox 2978 5414 3348 5493; x_wconf 74' lang='grc' dir='ltr'>ἀποστολικὴν</span> <span class='ocrx_word' id='word_1_830' title='bbox 3412 5419 3574 5491; x_wconf 79' lang='grc' dir='ltr'>ρῆσιν</span> 
     </span>
    </p>
   </div>
   <div class='ocr_carea' id='block_1_110' title="bbox 285 5502 472 5559">
    <p class='ocr_par' dir='ltr' id='par_1_110' title="bbox 285 5502 472 5559">
     <span class='ocr_line' id='line_1_111' title="bbox 285 5502 472 5559; baseline 0.011 -18"><span class='ocrx_word' id='word_1_831' title='bbox 285 5502 382 5559; x_wconf 78' lang='lat' dir='ltr'><strong>mg</strong></span> <span class='ocrx_word' id='word_1_832' title='bbox 406 5502 472 5543; x_wconf 69' lang='grc' dir='ltr'>Δ.</span> 
     </span>
    </p>
   </div>
   <div class='ocr_carea' id='block_1_111' title="bbox 1806 5579 2036 5639">
    <p class='ocr_par' dir='ltr' id='par_1_111' title="bbox 1806 5579 2036 5639">
     <span class='ocr_line' id='line_1_112' title="bbox 1806 5579 2036 5639; baseline 0.009 -4"><span class='ocrx_word' id='word_1_833' title='bbox 1806 5579 2036 5639; x_wconf 64' lang='lat' dir='ltr'><strong>NOTAE.</strong></span> 
     </span>
    </p>
   </div>
   <div class='ocr_carea' id='block_1_112' title="bbox 363 5672 2639 5748">
    <p class='ocr_par' dir='ltr' id='par_1_112' title="bbox 363 5672 2639 5748">
     <span class='ocr_line' id='line_1_113' title="bbox 363 5672 2639 5748; baseline -0.003 -14"><span class='ocrx_word' id='word_1_834' title='bbox 363 5675 481 5748; x_wconf 74' lang='lat'><strong>(90)</strong></span> <span class='ocrx_word' id='word_1_835' title='bbox 506 5677 737 5748; x_wconf 82' lang='lat' dir='ltr'><strong>Niceph.</strong></span> <span class='ocrx_word' id='word_1_836' title='bbox 770 5677 871 5748; x_wconf 83' lang='lat' dir='ltr'><strong>lib.</strong></span> <span class='ocrx_word' id='word_1_837' title='bbox 904 5693 1044 5745; x_wconf 68' lang='grc' dir='ltr'>χιιι,</span> <span class='ocrx_word' id='word_1_838' title='bbox 1075 5693 1125 5733; x_wconf 93' lang='lat' dir='ltr'><strong>c.</strong></span> <span class='ocrx_word' id='word_1_839' title='bbox 1157 5678 1209 5731; x_wconf 91' lang='lat'><strong>7.</strong></span> <span class='ocrx_word' id='word_1_840' title='bbox 2072 5674 2184 5748; x_wconf 71' lang='grc'>(92)</span> <span class='ocrx_word' id='word_1_841' title='bbox 2215 5672 2351 5729; x_wconf 88' lang='lat' dir='ltr'><strong>lbid.</strong></span> <span class='ocrx_word' id='word_1_842' title='bbox 2394 5688 2511 5745; x_wconf 88' lang='lat' dir='ltr'><strong>cap.</strong></span> <span class='ocrx_word' id='word_1_843' title='bbox 2549 5673 2639 5728; x_wconf 79' lang='lat' dir='ltr'><strong>3i.</strong></span> 
     </span>
    </p>
   </div>
   <div class='ocr_carea' id='block_1_113' title="bbox 368 5747 1317 5823">
    <p class='ocr_par' dir='ltr' id='par_1_113' title="bbox 368 5747 1317 5823">
     <span class='ocr_line' id='line_1_114' title="bbox 368 5747 1317 5823; baseline 0.002 -20"><span class='ocrx_word' id='word_1_844' title='bbox 368 5747 482 5820; x_wconf 71' lang='lat'><strong>(91)</strong></span> <span class='ocrx_word' id='word_1_845' title='bbox 521 5747 756 5823; x_wconf 80' lang='lat' dir='ltr'><strong>Niceph.</strong></span> <span class='ocrx_word' id='word_1_846' title='bbox 786 5747 881 5806; x_wconf 88' lang='lat' dir='ltr'><strong>lib.</strong></span> <span class='ocrx_word' id='word_1_847' title='bbox 917 5764 1073 5818; x_wconf 80' lang='lat' dir='ltr'><strong>xvtu,</strong></span> <span class='ocrx_word' id='word_1_848' title='bbox 1108 5763 1227 5821; x_wconf 86' lang='lat' dir='ltr'><strong>cap.</strong></span> <span class='ocrx_word' id='word_1_849' title='bbox 1262 5748 1317 5805; x_wconf 89' lang='lat'><strong>8.</strong></span> 
     </span>
    </p>
   </div>
  </div>
