3980 6234
431 300 537 364 143

1595 282 1864 357 PHOTII
1902 296 2409 357 PATRIARCHI‘E
2447 300 2558 361 cp.

3597 310 3696 373 144

429 416 569 470 libro
610 412 897 469 Persarum
941 409 1426 480 Romanorumque
1458 424 1634 481 pugna
1678 423 2010 465 commemo-

2126 404 2332 475 θανάτῳ
2374 407 2725 479 ἀπήχθησαν,
2762 409 2905 481 ξίφει
2943 412 3037 466 τὸν
3082 412 3195 484 βίον
3237 416 3699 489 καταστρεψάμε-

424 517 602 573 ratur,
626 515 792 576 utque
822 505 1044 563 Joannis
1079 504 1220 559 ﬁlius
1249 504 1611 558 Barbarorum
1637 512 1758 559 astu
1796 517 2018 573 oppres-

422 615 522 656 sus
566 600 727 656 fuerit
753 597 890 672 (95).
925 598 1154 667 Magnus
1189 598 1315 652 item
1361 595 1452 651 ille
1487 605 1646 651 terra:
1676 604 1878 660 motus,
1926 604 2016 663 qui

420 695 529 750 sub
575 694 787 748 initium
831 706 1043 761 quoque
1094 690 1426 759 principatus
1477 687 1722 743 Mauricii
1774 687 2015 742 accidit:

428 789 601 858 deque
668 787 908 854 ejusdem
986 782 1265 837 consulatu
1314 779 1452 851 (94).
1521 779 1594 835 Ut
1658 779 2013 847 Philippicus,

418 878 658 933 Caesaris
703 879 861 931 ducta
909 874 1016 929 lilia
1063 873 1175 943 28
1224 889 1257 925 a
1295 872 1499 928 Gordia
1550 885 1734 940 gener,
1780 868 2019 924 Orientis

413 971 638 1040 imperii
674 971 778 1023 dux
814 970 1160 1023 renuntiatus
1194 984 1209 1024 :
1243 980 1441 1035 resque
1481 965 1740 1034 praeclare
1765 978 1828 1017 ac
1858 962 1912 1016 fo
1927 963 2021 1016 rti-

427 1073 511 1117 ter
555 1065 780 1132 gesserit
828 1080 842 1117 :
894 1062 1067 1130 deque
1120 1074 1342 1129 egressu
1384 1056 1613 1111 Romani
1666 1055 1939 1110 exercitus
1987 1068 2018 1109 e

426 1155 620 1222 Media,
668 1164 834 1225 utque
874 1169 1028 1223 aqua}
1083 1152 1309 1222 penuria
1378 1150 1730 1204 vehementer
1786 1146 2018 1202 Romani

427 1250 607 1302 labora
618 1250 742 1305 rint.
765 1248 839 1303 Ut
865 1250 992 1301 item
1011 1245 1317 1299 Arzaninen
1339 1243 1633 1310 regionem,
1653 1239 2017 1293 Romanorum

427 1342 533 1395 dux
570 1341 620 1393 in
653 1340 887 1410 praedam
919 1339 1033 1393 suis
1058 1337 1289 1401 dederit,
1343 1337 1515 1403 deque
1547 1331 1778 1387 Romani
1807 1329 2018 1385 exerci-

430 1443 513 1486 tus
566 1430 884 1487 fortitudine
917 1448 931 1485 :
963 1438 1018 1485 et
1046 1429 1122 1484 uti
1163 1428 1452 1484 Persarum
1504 1426 1612 1479 dux
1660 1423 1923 1493 quidquid
1951 1421 2019 1476 ad

426 1521 830 1592 Martyropolim
858 1535 1108 1591 agrorum
1159 1527 1241 1575 est
1291 1517 1547 1572 vastavit.
1580 1514 1803 1585 Legatio
1848 1512 2011 1568 etiam

427 1614 713 1668 Persarum
763 1628 889 1679 una,
930 1622 980 1666 et
1013 1612 1140 1666 item
1187 1610 1357 1666 altera
1383 1608 1449 1663 ad
1480 1607 1776 1662 Romanos.
1815 1604 1880 1659 Et
1905 1604 2020 1660 haec

418 1705 647 1775 quidem
678 1703 819 1759 libro
855 1719 893 1758 1.

2118 514 2204 554 νοι
2227 498 2293 552 ³².
2320 494 2442 552 Ἔτι
2469 516 2530 552 τε
2552 501 2681 570 περὶ
2722 501 2832 555 τῶν
2883 502 3047 573 ’Δφού
3057 522 3174 574 μων
3211 507 3307 560 καὶ
3357 507 3558 570 Ἀκϐᾶς
3589 506 3703 561 τῶν

2120 590 2415 663 φρουρίων·
2439 592 2828 664 ἐμπεριέχεται
2853 593 2910 648 δὲ
2939 595 3018 665 τῷ
3049 598 3193 670 λόγῳ
3222 599 3370 671 μάχη
3411 600 3704 672 Ῥωμαίων

2120 685 2218 736 καὶ
2273 683 2536 753 Περσῶν,
2578 686 2674 738 καὶ
2706 687 2856 751 ὅπως
2895 689 2925 741 6
2971 688 3224 761 Ἰωάννης
3274 690 3319 723 ³³
3362 709 3706 764 καταστρατ-

2124 776 2340 844 ηγεῖται
2372 776 2478 830 61:6
2527 777 2638 830 τῶν
2687 777 3000 852 βαρϐάρων.
3041 783 3164 836 Ἔτι
3220 783 3277 836 δὲ
3319 785 3414 838 καὶ
3456 787 3485 839 6
3525 788 3704 856 μέγας

2119 865 2348 937 σεισμὸς
2379 866 2427 898 ³⁸
2453 868 2482 920 6
2513 869 2805 939 γενόμενας
2847 872 2989 926 κατά
3027 872 3126 943 τὴν
3169 874 3347 947 ἀρχὴν
3375 876 3475 947 τῆς
3499 878 3702 946 ἀναγο-

2123 959 2363 1028 ρεύσεως
2394 960 2729 1031 Μαυρικίου,
2763 964 2858 1016 καὶ
2895 965 3023 1035 περὶ
3060 964 3162 1033 τῆς
3215 967 3484 1031 ὑπατείας
3512 955 3701 1022 αὐτοῦ.

2123 1050 2314 1113 Ὅπως
2337 1068 2398 1103 τε
2431 1051 2477 1083 ³³
2507 1051 2858 1117 Φιλιππικὸς,
2889 1056 2917 1107 6
2945 1056 3031 1107 ἐπ’
3073 1056 3277 1129 ἀδελφῇ
3308 1057 3403 1111 τοῦ
3439 1058 3705 1129 βασιλέως

2121 1140 2323 1213 Γορδίᾳ
2348 1142 2628 1214 γαμϐρὸς,
2656 1144 2759 1214 τῆς
2794 1145 2935 1216 ἑῴας
2974 1147 3259 1219 δυνάμεως
3290 1151 3705 1222 προχειρίζεται

2123 1234 2450 1305 στρατηγὸς,
2481 1235 2575 1288 καὶ
2600 1236 2960 1307 ἀνδραγαθίαι
2981 1240 3026 1272 ⁸⁸
3046 1240 3236 1306 αὐτοῦ,
3273 1241 3625 1314 ἀναχώρησίς
3644 1261 3706 1297 τε

2120 1328 2186 1379 ἐκ
2209 1326 2309 1395 τῆς
2336 1326 2590 1398 Μηδικῆς
2635 1329 2746 1380 τῶν
2785 1328 3111 1400 Ῥωμαίων,
3140 1334 3235 1386 καὶ
3285 1333 3435 1396 ὅπως
3478 1335 3709 1407 ἀνυδρίᾳ.

2119 1419 2180 1472 τὸ
2220 1419 2529 1489 Ῥωμαϊκὸν
2572 1420 2971 1488 ἐκινδύνευσεν,
3020 1423 3167 1487 ὅπως
3204 1441 3262 1478 τε
3295 1425 3396 1496 τὴν
3440 1425 3709 1498 ’Δρζανη-

2120 1511 2217 1582 νὴν
2239 1510 2421 1583 χώραν
2440 1515 2468 1566 6
2513 1512 2799 1584 Ῥωμαίων
2850 1516 3155 1586 στρατηγὸς
3183 1520 3431 1590 προνομῇ
3468 1519 3707 1589 παραδέ-

2119 1600 2333 1666 δωκεν,
2383 1602 2637 1671 ἀριστεία
2682 1620 2743 1656 τε
2781 1606 2882 1675 τῆς
2921 1606 3214 1676 Ῥωμαίων
3263 1608 3583 1680 δυνάμεως,
3612 1612 3708 1664 καὶ

2121 1698 2271 1760 ὅπως
2296 1696 2365 1750 τὰ
2406 1696 2553 1752 κατά
2594 1698 2695 1770 τὴν
2727 1700 3154 1773 Μαρτυρόπολιν
3183 1704 3211 1756 6
3249 1706 3478 1777 Περσῶν
3506 1724 3707 1778 στρατ-

428 1797 562 1868 ηγὸς
591 1795 1002 1867 κατεπόρθησε,
1050 1794 1315 1867 πρεσϐεία
1358 1810 1419 1847 τε
1449 1790 1679 1863 Περσῶν
1720 1788 1858 1860 πρὸς
1907 1786 2213 1859 Ῥωμαίους
2245 1790 2442 1862 πρώτη
2476 1794 2570 1845 καὶ
2590 1793 2841 1863 δευτέρα.
2866 1794 3054 1850 Ταῦτα
3113 1797 3213 1868 μὲν
3269 1800 3328 1851 ἐν
3389 1797 3468 1870 τῷ
3508 1799 3711 1872 πρώτῳ

429 1888 593 1960 λόγῳ.

500 1980 665 2035 Libro
718 1978 975 2044 secundo,
1023 1978 1089 2033 de
1118 1987 1300 2031 monte
1335 1973 1479 2028 lzala
1534 1974 1647 2043 agit
1683 1990 1697 2028 :
1730 1974 1903 2043 deque
1931 1971 2016 2026 in-
2054 1979 2098 2035 Β

430 2067 740 2128 sultatione
779 2082 967 2140 atque;
1004 2068 1267 2140 iactantia
1320 2067 1608 2122 Persarum
1671 2062 2022 2132 Cardarigae,

425 2167 706 2222 exercitus
740 2165 877 2231 apud
913 2178 1008 2219 eos
1039 2162 1212 2217 ducis.
1254 2162 1327 2215 De
1350 2173 1528 2230 pugna
1557 2160 1685 2213 item
1708 2155 2021 2226 Philippici,

424 2268 482 2313 et
510 2256 878 2312 Relnanorum
915 2269 1035 2310 cum
1067 2252 1386 2323 Cardariga,
1443 2260 1498 2307 et
1530 2249 1712 2305 Persis
1749 2248 1816 2302 ad
1848 2248 2026 2302 Arza-

431 2365 645 2405 monem
673 2357 902 2420 pugnata
933 2364 948 2401 :
977 2356 1145 2418 utque
1168 2345 1498 2415 Philippicus
1521 2359 1628 2399 non
1657 2340 2025 2397 mauul'actam

433 2442 722 2513 imaginem
776 2450 995 2511 gestans
1029 2439 1263 2504 obierit,
1307 2437 1655 2506 lustraritque
1702 2434 2024 2498 exercitum,

433 2549 498 2590 ac
545 2533 769 2588 victoria
822 2532 1144 2604 perillustris
1174 2544 1341 2600 penes
1376 2528 1652 2585 Romanos
1702 2527 1866 2583 fuerit
1904 2545 1919 2581 :
1968 2538 2028 2584 et

343 2616 345 2619 ’
424 2628 510 2683 uti
542 2627 719 2698 imago
756 2626 842 2681 illa
876 2641 982 2680 non
1024 2623 1354 2687 manufacta,
1382 2624 1447 2678 ad
1475 2622 1787 2677 Simeonem
1817 2620 2025 2675 Amida:

422 2719 741 2789 episcopum
771 2733 892 2773 cum
928 2717 1275 2772 veneratione
1299 2717 1462 2771 missa
1490 2716 1564 2770 sit
1596 2732 1611 2769 :
1652 2713 2019 2768 Barbarorutn

433 2825 623 2881 agrum
656 2808 887 2864 Romani
925 2809 1215 2878 depraedati
1246 2818 1396 2872 sunt,
1428 2807 1673 2876 fugitque
1697 2804 2025 2874 Cardagiras

430 2901 500 2957 ad
543 2903 731 2957 urbem
793 2899 985 2955 Daras.
1043 2899 1237 2954 Dareni
1294 2900 1361 2953 ab
1421 2899 1558 2952 urbe
1610 2899 1783 2966 ipsum
1835 2894 2022 2965 proﬂi-

430 3005 653 3064 garnut,
694 2994 901 3048 viribus
933 2992 1168 3047 hostium
1194 2989 1309 3059 jam
1342 2988 1598 3044 fractum.
1649 2989 1724 3043 De
1764 2988 2026 3043 Romanis

435 3085 695 3141 militibus
723 3099 755 3139 e
792 3083 997 3151 Quarto
1024 3082 1380 3138 Partheorum
1414 3082 1623 3151 legione
1673 3079 1974 3135 vulneratis
2007 3097 2020 3134 :

432 3180 510 3235 ita
526 3188 850 3246 vocanteos,
873 3178 963 3248 qui
988 3176 1265 3233 Berrhmae
1318 3175 1452 3230 urbe
1479 3174 1680 3246 Syriae,
1713 3188 2022 3230 commora-

435 3273 653 3327 bantur.
679 3268 1047 3325 Romanorum
1077 3267 1353 3338 expeditio
1395 3268 1447 3322 iu
1478 3267 1804 3321 Arzaninem
1843 3264 2020 3334 regio-

432 3363 866 3429 nem,Marutlias
883 3359 1133 3416 etJovius
1148 3360 1263 3431 ejus
1274 3373 1382 3414 orae
1392 3359 1555 3414 duces
1570 3358 1635 3411 ad
1646 3355 2024 3426 Philippicum,

435 3467 490 3511 et
509 3453 784 3510 Romanos
811 3452 1142 3509 defecerunt.
1188 3452 1432 3507 Privatas
1461 3450 1646 3520 copias
1674 3448 2023 3518 Cardarigas,

436 3549 634 3619 quibus
684 3548 958 3603 Romanos
1009 3561 1076 3602 ex
1133 3545 1348 3601 insidiis
1398 3544 1723 3607 adoriretur,
1777 3541 2014 3611 collegit.

438 3640 718 3697 Heraclitus
760 3639 899 3710 (eius
946 3637 1205 3703 Heraclii,
1257 3636 1348 3706 qui
1390 3645 1509 3705 post
1544 3636 1841 3705 imperator
1883 3631 2018 3699 fuit,

438 3735 613 3805 pater)
645 3749 673 3786 a
711 3732 1017 3802 Pliilippico
1060 3731 1125 3784 ad
1157 3731 1368 3784 hostem
1414 3727 1748 3795 speculatum
1789 3726 2024 3782 emissus

440 3826 667 3881 miriﬁce
715 3834 960 3880 servatus
1001 3833 1106 3876 est.
1137 3820 1213 3877 De
1238 3819 1467 3875 Zaberta
1496 3819 1712 3874 homine
1730 3817 1893 3874 Persa
1936 3819 2024 3874 hic

440 3919 638 3987 agitur,
659 3924 825 3986 utque
846 3912 875 3970 a'
906 3915 1320 3971 Chlomarorum
1343 3911 1741 3981 oppugnatione
1756 3912 2024 3966 cessarint

442 4009 693 4063 Romani.
728 4007 921 4062 Adhuc
959 4006 1037 4062 de
1065 4004 1233 4062 elfusa
1270 4004 1521 4073 turpique
1556 4003 1843 4073 Philippici
1873 4002 2018 4072 fuga,

443 4102 767 4172 turbatoque
791 4101 982 4155 ordine
1011 4097 1241 4154 Romani
1272 4095 1568 4151 exercitus.
1594 4094 1669 4150 De
1700 4095 1891 4149 morbo
1912 4109 2019 4164 quo

441 4192 771 4262 Philippicus
825 4200 1109 4260 correptus
1138 4196 1243 4252 est,
1284 4195 1339 4243 et
1382 4187 1451 4242 de
1482 4186 1756 4253 Heraclio,
1786 4186 2020 4242 Heraclii

440 4290 563 4353 post
608 4278 955 4351 imperatoris
997 4287 1175 4349 patre,
1208 4284 1261 4332 in
1308 4277 1582 4331 exercitus
1626 4290 1812 4331 curam
1853 4276 2019 4331 advo-

435 4383 581 4437 cato,
606 4382 772 4443 utque
790 4370 847 4426 in
896 4369 1226 4426 meridianos
1257 4366 1440 4422 Medos
1466 4366 1833 4422 Romanorum
1856 4381 2017 4422 exer-

439 4467 606 4521 citum
677 4463 1076 4534 subimperator
1120 4460 1208 4515 ille
1265 4458 1500 4525 duxerit,
1535 4467 1586 4514 et
1623 4472 1747 4515 vere
1775 4457 2013 4526 ineunte,

309 4621 323 4636 .
438 4559 592 4630 286
618 4558 673 4612 in
705 4555 993 4613 Persarum
1033 4567 1197 4625 agros
1223 4549 1455 4607 Romani
1501 4549 1818 4619 irruperint.
1849 4548 2013 4605 Com-

2215 1969 2302 2022 Ἐν
2354 1968 2412 2022 δὲ
2446 1968 2526 2039 τῷ
2574 1968 2810 2041 δευτέρῳ
2847 1969 3208 2042 διαλαμϐάνει
3239 1975 3496 2047 περὶτοῦ
3550 1977 3711 2049 ὅρους

2126 2059 2221 2114 τοῦ
2262 2058 2439 2140 Ἰξαλά
2470 2060 2534 2122 ³⁷,
2572 2061 2701 2133 περί
2737 2081 2797 2117 τε
2827 2064 2928 2135 τῆς
2961 2067 3103 2120 κατά
3135 2066 3227 2120 τὸν
3257 2067 3627 2140 Καρδαρηγάν
3665 2069 3710 2101 ³⁸

2126 2154 2219 2208 τὸν
2262 2154 2372 2208 τῶν
2421 2155 2644 2225 Περσῶν
2699 2157 3009 2228 στρατηγὸν
3046 2159 3388 2227 ἀλαζονείας,
3438 2162 3590 2225 ὃπως
3649 2178 3710 2214 τε

2126 2244 2459 2299 Φιλιππικοῦ
2487 2262 2546 2298 τε
2574 2248 2666 2300 καὶ
2693 2246 2780 2319 [41
2815 2246 2911 2320 Η.]
2955 2248 3241 2319 Ῥωμαίων
3276 2250 3416 2322 πρὸς
3448 2252 3541 2305 τὸν
3561 2253 3713 2323 Καρ-

2125 2336 2374 2407 δαρηγάν
2399 2338 2445 2372 ³⁸
2482 2340 2578 2393 καὶ
2621 2340 2840 2411 Πέρσας
2887 2340 3035 2413 μάχη
3069 2345 3199 2415 περὶ
3231 2343 3296 2397 :6
3343 2344 3635 2415 Ἀρζέιμων
3665 2344 3711 2376 ⁸⁸

2128 2428 2392 2500 συνέστη,
2424 2433 2521 2484 καὶ
2553 2430 2701 2494 ὅπως
2728 2434 2757 2485 6
2789 2431 3115 2498 Φιλιππικδς
3156 2435 3257 2505 τὴν
3290 2435 3711 2508 ἀχειροποίητον

2128 2522 2316 2576 εἰκόνα
2337 2522 2521 2594 φέρων
2548 2523 2767 2595 περιῄει
2794 2524 3147 2595 καθαγιάζων
3170 2527 3232 2580 :6
3262 2526 3596 2599 στράτευμα,
3620 2529 3712 2582 καὶ
3746 2538 3751 2542 ”

2126 2613 2205 2676 ὡς
2272 2614 2397 2685 νίκη
2449 2615 2860 2688 ἐπιφανεστάτη
2916 2619 3041 2671 τότε
3098 2619 3391 2688 Ῥωμαίων
3452 2620 3709 2688 ἐγένετο,

2126 2705 2275 2771 ὅπως
2312 2708 2432 2779 τεὴ
2470 2707 2889 2781 ἀχειροποίητος
2930 2709 3067 2779 πρὸς
3097 2709 3393 2782 Συμεώνην
3441 2711 3533 2765 τὸν
3589 2710 3713 2763 ἐπί-

2130 2786 2334 2852 σκοπόν
2371 2799 2597 2869 ’Λμίδης
2617 2800 2660 2831 ¹⁵¹
2684 2800 2823 2870 μετά
2857 2801 3287 2873 σεϐασμιότητος
3303 2803 3709 2859 ἀποστέλλεται.

2126 2888 2457 2945 Σκυλεύεται
2488 2890 2546 2944 δὲ
2577 2891 2682 2944 61:6
2719 2892 3009 2964 Ῥωμαίων
3030 2894 3091 2947 :6
3113 2894 3411 2965 βάρϐαρον,
3445 2896 3541 2949 καὶ
3579 2894 3712 2964 φεύ-

2127 2998 2214 3050 γει
2258 2984 2286 3037 6
2317 2983 2690 3055 Καρδαρηγάν
2726 2985 2770 3016 ⁴²
2807 2986 2903 3039 ἐπὶ
2947 2985 3006 3040 τὸ
3040 2988 3220 3057 Δαράς
3251 2988 3316 3020 ⁸³·
3348 2990 3445 3042 καὶ
3483 2988 3634 3052 ὅπως
3662 2990 3711 3043 οἱ

2126 3073 2361 3143 Δαρηνοὶ
2382 3074 2491 3127 ἀπὸ
2521 3074 2616 3127 τοῦ
2650 3078 2849 3140 ἄστεος
2883 3077 3047 3130 αὐτὸν
3072 3079 3499 3151 ἀποπέμπονται
3537 3080 3625 3133 διὰ
3652 3082 3711 3133 :6

2127 3165 2271 3218 κατά
2320 3166 2524 3235 κράτος
2579 3166 2904 3237 ἡττηθῆναι.
2957 3168 3146 3233 Ὅπως
3200 3186 3260 3222 τε
3318 3169 3347 3221 6
3420 3170 3713 3241 Ῥωμαίων

2131 3256 2471 3328 στρατιώτης
2506 3256 2569 3311 :6
2612 3259 2774 3330 σῶμα
2816 3260 3213 3333 κατετέτρωτο·
3263 3256 3334 3332 ἦν
3368 3260 3423 3314 δὲ
3464 3262 3566 3331 τῆς
3602 3262 3713 3316 τῶν

2132 3348 2612 3420 Κουαρτοπαρθῶν
2655 3350 2894 3418 τάξεως,
2922 3351 3064 3406 οὕτω
3110 3351 3464 3423 καλουμένων
3508 3353 3618 3408 τῶν
3657 3357 3714 3409 ἐν

2130 3439 2328 3511 Βεροίᾳ
2359 3440 2512 3494 πόλει
2535 3441 2638 3511 τῆς
2668 3442 2872 3512 Συρίας
2899 3443 2997 3507 τὰς
3030 3443 3318 3514 διατριϐὰς
3346 3444 3711 3515 ποιευμένων.

2129 3533 2266 3603 Περί
2312 3549 2374 3586 τε
2423 3534 2523 3604 τῆς
2554 3535 2945 3605 ἐπιστρατείας
2999 3535 3289 3607 Ῥωμαίων
3331 3536 3378 3568 ⁸⁵
3421 3536 3565 3589 κατὰ
3609 3535 3713 3606 τῆς

2139 3624 2516 3697 ’Δρζανηνῆς,
2568 3626 2663 3680 καὶ
2700 3627 2850 3690 ὅπως
2895 3628 3196 3698 Μαρουθᾶς
3244 3628 3340 3682 καὶ
3410 3627 3618 3692 Ἰώϐιος
3662 3632 3712 3683 οἱ

2126 3722 2395 3794 ἡγεμόνες
2438 3722 2610 3793 αὐτῆς
2661 3722 3024 3793 αὐτομολοῦσι
3070 3723 3208 3795 πρὸς
3254 3723 3579 3777 Φιλιππικὸν
3614 3725 3714 3778 καὶ

2136 3813 2464 3885 Ῥωμαίους.
2504 3813 2616 3865 Καὶ
2666 3813 2795 3882 περὶ
2836 3813 2936 3882 τῆς
2987 3812 3262 3884 ἰδιωτικῆς
3296 3814 3579 3885 δυνάμεως
3615 3815 3714 3885 τῆς

2126 3904 2606 3977 συναθροισθείσης
2633 3905 2740 3958 61:6
2777 3905 2872 3959 τοῦ
2902 3906 3275 3979 Καρδαρηγὰν
3314 3905 3360 3938 ⁴⁵
3390 3908 3471 3970 εἰς
3519 3906 3580 3959 :6
3624 3907 3715 3971 ἐξα

2123 3997 2403 4068 απατῆσαι
2444 3996 2772 4066 Ῥωμαίους.
2807 3996 2901 4069 [25
2928 3996 3019 4070 Β.]
3051 3999 3160 4053 Καὶ
3197 4000 3347 4062 ὅπως
3389 3997 3715 4068 Ἡράκλειος

2120 4092 2150 4144 6
2205 4088 2528 4159 Ἡρακλείου
2588 4089 2682 4142 τοῦ
2744 4090 3147 4162 αὐτοκράτορος
3223 4091 3408 4162 πατὴρ
3460 4090 3569 4143 61:6
3616 4088 3714 4143 τοῦ

2120 4178 2452 4234 Φιλιππικοῦ
2473 4178 2568 4232 ἐπὶ
2584 4182 2909 4251 κατασκοπῇ
2942 4178 3050 4233 τῶν
3080 4179 3361 4251 πολεμίων
3385 4177 3715 4242 ἀποσταλεὶς

2120 4267 2443 4340 παραδόξως
2466 4267 2818 4332 διασώζεται.
2849 4268 2963 4321 Καὶ
3002 4269 3134 4340 περὶ
3158 4268 3406 4340 Ζαϐέρτα
3432 4269 3526 4322 τοῦ
3570 4269 3716 4339 Πέρ-

2122 4374 2238 4424 σου,
2268 4358 2364 4411 καὶ
2389 4359 2539 4420 ὅπως
2552 4356 2653 4426 τῆς
2683 4355 2793 4410 τῶν
2825 4356 3135 4427 Χλομαρῶν
3149 4356 3196 4388 ’⁵⁸
3231 4355 3551 4424 πολιορκίας
3575 4353 3714 4407 Ῥω-

2121 4452 2269 4522 μαῖοι
2303 4448 2624 4519 ἀπέσχοντο.
2661 4446 2863 4501 Ἔτιδέ
2885 4444 3139 4519 περὶτῆς
3163 4445 3367 4518 ἀθρόας
3387 4446 3484 4499 καὶ
3511 4445 3712 4513 ἀλόγου

2118 4541 2296 4612 φυγῆς
2323 4538 2652 4594 Φιλιππικοῦ
2670 4581 2686 4604 ,
2734 4538 2830 4594 καὶ
2848 4542 2950 4610 τῆς
2973 4538 3274 4609 γενομένης
3293 4535 3521 4601 ἀταξίας
3537 4537 3651 4598 τοῖς
3666 4533 3712 4568 δν

441 4625 701 4715 plectitur
741 4653 797 4701 et
849 4645 936 4700 hic
972 4643 1131 4709 liber,
1162 4651 1221 4696 ut
1246 4646 1436 4696 contra
1466 4639 1677 4695 Abaros
1709 4638 2021 4695 Comeutio-

2139 4631 2468 4705 Ῥωμαϊκοϊς
2498 4630 2969 4703 ἐκστρατεύμασι.
3008 4629 3146 4701 Περί
3174 4645 3235 4683 τε
3262 4628 3363 4698 τῆς
3390 4625 3713 4698 ἐνεχθείσης

439 4737 524 4790 lus
557 4736 958 4807 expeditionem
1030 4734 1357 4804 susceperit,
1414 4731 1876 4799 subimperatores
1926 4745 2025 4786 na-

2128 4724 2207 4797 τῷ
2226 4722 2542 4794 Φιλιππικῷ
2578 4723 2772 4787 νόσου,
2826 4723 2923 4776 καὶ
2973 4722 3056 4776 ὅτι
3102 4720 3427 4793 Ἡράκλειος
3470 4721 3500 4772 6
3538 4717 3713 4790 Ἥρα-

437 4837 562 4882 ctus
591 4827 886 4882 Maximum
915 4834 970 4883 et
999 4826 1242 4893 Castum,
1271 4834 1439 4894 utque
1482 4824 1646 4879 rebus
1691 4823 1759 4878 ab
1802 4822 1868 4877 iis
1896 4837 2022 4893 prte-

2132 4815 2317 4871 κλείου
2357 4814 2455 4869 τοῦ
2493 4813 2899 4886 αὐτοκράτορος
2933 4812 3116 4886 πατὴρ
3151 4813 3252 4876 τὰς
3283 4810 3577 4883 φροντίδας
3615 4809 3717 4880 τῆς

435 4917 585 4974 clare
614 4917 877 4973 adversus
906 4917 1117 4971 Abaros
1151 4914 1339 4987 gestis,
1393 4914 1551 4968 vivus
1584 4912 1800 4968 tandem
1834 4911 2022 4967 Castus

2133 4907 2433 4979 ἡγεμονίας
2449 4906 2766 4980 ἀναδέχεται
2792 4905 2862 4961 ⁸⁸.
2881 4905 3073 4968 Ὅπως
3088 4921 3147 4958 τε
3175 4906 3291 4968 τοῖς
3321 4902 3719 4973 μεσημϐρινοῖς

438 5010 495 5067 in
554 5010 794 5066 hostium
856 5008 1070 5064 venerit
1113 5016 1434 5077 potestatem
1475 5023 1491 5061 :
1534 5014 1700 5074 utque
1744 5003 2022 5059 Ansimuth

2137 5000 2237 5070 τῆς
2266 4997 2522 5069 Μηδικῆς
2548 4994 2881 5068 προσϐάλλει
2902 4996 2934 5049 6
2970 4994 3074 5064 τῆς
3111 4992 3400 5065 Ῥωμαίων
3431 4988 3718 5061 δυνάμεως

1712 5154 1947 5213 ἾΛΒΙᾸΞ
1987 5152 2395 5211 LECTIONES.

511 5291 555 5322 ³⁸
586 5302 775 5345 ηοω-ο
794 5281 1348 5359 ,καταστρεψόμενοιςθ
1410 5281 1455 5315 ³⁸
1489 5278 1736 5359 Ἰωάννου
1769 5294 1830 5359 ς.
1977 5276 2157 5359 6"p‘ost
2191 5271 2415 5359 σειαμδς
2435 5270 2707 5359 ἅψῃ-ρ,
2748 5270 2811 5357 ,⁸³
2840 5285 2901 5322 τε
2924 5268 2953 5320 6
2976 5265 3269 5359 4:31.152"
3284 5266 3329 5359 ξο
3355 5265 3453 5359 καὶ

439 5380 500 5441 ς·
548 5332 1442 5441 .’ίῖτῖὲαίῖςῖῖῖτῖέἶᾶέάιέέῖεν
1496 5332 1564 5441 ἐς
1637 5349 1682 5381 ³³
1846 5356 1980 5441 an":
2014 5332 2099 5426 '1’:
2127 5360 2256 5441 0'2;
2435 5341 2484 5441 ‘3
2516 5336 3058 5441 L‘P‘:*‘$}’t.§;..ﬁi
3090 5332 3547 5441 ἐμηδῐιξυξκιψῗ,
3561 5333 3719 5441 Ξξαῖ

432 5404 666 5554 ξέρίῇας
697 5404 883 5555 Et“?
908 5404 1097 5553 ῗδξιιρὲις
1119 5404 1641 5550 ηῘδΊΡωμαίων
1692 5418 1787 5471 καὶ
1835 5417 1982 5470 κατὰ
2036 5415 2140 5485 τῆς
2185 5411 2484 5484 ἀζαρνίνης
2515 5404 2601 5476 ς.’
2654 5404 2709 5443 ⁵⁸⁷
2738 5406 3062 5481 Καρδαρίγα
3106 5404 3203 5471 ς(
3244 5404 3290 5441 ⁵⁷⁸
3315 5404 3608 5479 χλομάρων
3652 5417 3716 5466 ς.

520 5518 635 5564 τος
664 5517 775 5556 om.
861 5539 876 5555 .
1060 5514 1116 5551 νε
1179 5512 1306 5567 χετο
1356 5511 1417 5557 ς.

1934 5621 2170 5681 NOTIE.

502 5749 621 5820 .993)
647 5749 871 5821 Niceph.
906 5750 998 5804 lib.
1030 5761 1186 5813 mu,
1221 5762 1340 5817 cap.
1386 5746 1472 5800 15.
2195 5736 2306 5807 (SM)
2336 5735 2470 5792 lbid.
2506 5735 2591 5790 10.
