3980 6234
299 365 398 432 145

1399 374 1933 436 BIBLIOTHECA.
1971 404 2042 413 --
2080 379 2244 439 COD.
2287 379 2454 439 LXV.

3451 367 3578 430 ηε.

294 481 732 552 ὑποστράτηγος·
777 483 872 537 καὶ
929 484 1006 547 ὡς
1063 485 1224 556 ἐαρος
1283 485 1404 556 ὥρᾳ
1461 487 1866 555 προσϐάλλουσι

1971 493 2298 560 pedestrium
2340 489 2620 558 copiarum
2663 485 3027 539 Romanarum
3064 482 3346 548 tributum,
3382 483 3553 537 Abari

306 573 569 641 Ῥωμαῖοι
593 575 742 626 κατά
784 576 884 645 τῆς
909 575 1139 646 Περσῶν
1173 577 1474 640 πολιτείας·
1514 579 1872 648 διαλαμϐάνει

291 680 348 715 τε
377 662 453 725 ὡς
476 664 844 732 Κομεντίολος
873 667 1018 719 κατά
1044 666 1154 720 τῶν
1211 668 1460 738 Ἀϐάρων
1489 670 1870 742 ἐκστρατεύει,

288 753 429 822 ἔχων
457 757 913 827 ὑποστρατήγους
954 760 1198 829 Μαρῖνον
1252 761 1345 813 καὶ
1389 761 1636 824 Κάστον,
1671 765 1767 816 κα)⁸
1797 765 1874 829 ὡς

287 844 675 914 εὐδοκιμοῦσιν
721 842 868 902 οὗτοι
918 849 1058 902 κατά
1095 849 1205 902 τῶν
1230 849 1508 922 Ἀϐάρων,
1552 852 1778 924 ὕστερον
1815 855 1872 909 δὲ

287 937 592 1006 ζωγρεῖται
633 939 663 991 6
722 939 768 970 ⁸⁸
826 941 1064 1005 Κάστος.
1121 943 1231 995 Καὶ
1290 943 1370 995 ὅτι
1431 943 1717 1013 Ἀνσιμοὺθ
1775 945 1869 999 τὸν

284 1025 522 1096 ἔξαρχον
550 1029 654 1096 τῆς
677 1029 908 1100 πεζικῆς
937 1031 1222 1102 Ῥωμαίων
1249 1035 1534 1104 δυνάμεως
1559 1039 1609 1090 οἱ
1640 1039 1871 1110 Ἀϐαροι

286 1115 535 1188 ζωγρίαν
558 1119 772 1184 ἔλαϐον,
805 1121 900 1175 καὶ
934 1125 1277 1196 κατέδραμον
1302 1128 1368 1179 τὰ
1391 1128 1496 1182 ἀνὰ
1521 1129 1618 1199 τὴν
1648 1130 1872 1203 Θρᾴκην

281 1210 338 1260 αξ
378 1209 643 1280 δυνάμεις
678 1212 880 1270 αὐτῶν.
917 1215 1030 1268 Kal
1081 1217 1446 1286 Κομεντιόλου
1489 1220 1775 1291 διάσκεψις
1821 1225 1871 1277 εἰ

282 1297 394 1368 χρὴ
440 1299 787 1354 ἐπιτίθεσθαι
830 1305 944 1367 τοῖς
994 1305 1041 1335 ⁸⁸
1085 1305 1374 1376 Ἀϐἀροις,
1418 1310 1513 1362 καὶ
1558 1311 1870 1382 δημηγορία

281 1389 383 1442 ἐπὶ
412 1390 477 1444 τὸ
508 1392 621 1444 δεῖν
650 1393 1012 1461 ἐπιτίθεσθαι,
1054 1399 1147 1450 καὶ
1181 1399 1636 1474 ἀντιδημηγορία.
1672 1404 1861 1468 Ὅπως

279 1480 442 1548 φωνὴ
478 1480 800 1549 ἐμπεσοῦσα
828 1482 904 1552 τῷ
933 1485 1151 1556 στρατῷ
1178 1487 1288 1541 τῶν
1323 1488 1568 1559 Ἀϐἀρων
1588 1489 1869 1560 ἄπρακτον

277 1570 384 1638 τὴν
408 1571 510 1624 τοῦ
542 1573 586 1604 ⁸¹
624 1574 992 1643 Κομεντιόλου
1025 1577 1272 1631 ἐπίθεσιν
1312 1579 1411 1650 τὴν
1446 1581 1588 1634 κατὰ
1625 1579 1720 1639 τοῦ
1752 1583 1870 1634 Χα-

277 1661 456 1728 γάνου
485 1663 806 1734 εἰργάσατο.
836 1666 948 1718 Kal
987 1669 1115 1738 περὶ
1147 1667 1326 1723 Βουσᾶ
1363 1669 1460 1723 τοῦ
1506 1671 1866 1742 στρατιώτου,

274 1751 433 1814 ὅπως
469 1769 530 1804 τε
583 1755 628 1784 δ’
666 1755 920 1824 κυνηγῶν
960 1756 1102 1810 ἑάλω
1145 1757 1249 1810 ὑπὸ
1291 1757 1401 1811 τῶν
1456 1758 1724 1830 ’Λϐάρων,
1773 1761 1868 1813 καὶ

1974 583 2156 637 vivum
2191 582 2454 650 ceperint,
2479 587 2534 635 et
2577 580 2628 632 in
2659 576 2949 632 Thraciam
2995 574 3365 630 incursionem
3401 590 3555 629 exer-

1937 676 2116 730 -citus
2180 688 2371 728 eorum
2421 671 2630 736 fecerit,
2675 668 3014 725 Comentiolo
3070 668 3288 722 interim
3351 667 3549 722 delibeo

1973 775 2151 830 raute,
2181 780 2248 819 an
2279 763 2473 817 Abaris
2501 770 2816 817 occurreret
2843 780 2856 815 :
2893 760 3188 828 habitaque
3219 769 3302 814 est
3343 759 3394 813 in
3425 775 3544 814 eam

1974 856 2300 912 sententiam
2354 854 2570 920 concio,
2603 862 2658 908 et
2716 852 2886 906 altera
2941 852 3065 903 item
3122 858 3332 914 contra,
3384 864 3450 902 ne
3485 863 3544 902 se

1974 947 2115 1002 hosti
2160 945 2438 1016 objicerct.
2476 943 2757 1010 Quomodo
2808 951 2962 995 ortus
2995 941 3048 993 in
3093 940 3284 994 castris
3335 939 3542 992 Abaro-

1973 1053 2093 1092 rum
2120 1051 2330 1101 rumor,
2372 1032 2694 1090 Comeutioli
2724 1031 2982 1086 adversus
3024 1029 3344 1099 Chaganum
3406 1029 3549 1080 irru-

1973 1128 2211 1196 ptionem
2244 1127 2452 1180 irritam
2490 1121 2699 1178 fecerit.
2731 1123 2808 1176 De
2840 1121 2977 1174 Busa
3016 1119 3206 1183 milite,
3243 1119 3334 1186 qui
3374 1118 3426 1171 in
3466 1133 3549 1169 ve-

1973 1220 2195 1274 natione
2220 1218 2288 1273 ab
2313 1217 2509 1271 Abaris
2542 1224 2755 1284 captus,
2781 1222 2838 1267 et
2859 1229 2886 1265 a
2912 1212 3048 1282 {suis
3077 1211 3351 1280 neglectus
3413 1225 3548 1264 con.-

1974 1315 2337 1376 temptusque,
2388 1305 2653 1359 Barbaros
2702 1319 2822 1358 eam
2870 1303 2940 1356 οι)
2969 1317 3186 1356 causam
3237 1315 3551 1370 oppugnan-

1973 1400 2163 1453 darum
2209 1400 2420 1452 urbium
2453 1398 2733 1452 machinas
2781 1395 3048 1449 fabricare
3095 1396 3300 1460 primus
3340 1394 3548 1448 docuit.

1973 1490 2062 1547 Uti
2094 1493 2379 1564 Chagauus
2416 1490 2622 1544 Beroen
2671 1488 2979 1551 obsederit,
3013 1486 3107 1541 sed
3142 1486 3275 1539 nihil
3310 1484 3554 1555 profece-

1974 1583 2064 1637 rit.
2115 1581 2377 1636 Similiter
2409 1591 2463 1635 et
2499 1579 2818 1634 Diocletiani
2855 1577 3041 1632 urbem
3069 1578 3414 1647 oppugnarit,
3460 1590 3550 1630 ne-

1971 1689 2076 1745 quc
2126 1673 2333 1743 ceperit
2383 1683 2580 1727 tamen.
2627 1670 2946 1725 Mauricium
2983 1671 3359 1738 imperatorem
3409 1668 3554 1722 Cou-

1972 1765 2323 1834 stautinopoli
2355 1764 2421 1818 ab
2455 1763 2728 1818 incondita
2767 1762 3155 1834 Byzantiorum
3186 1760 3341 1830 plebe
3367 1760 3550 1813 convi—

273 1844 435 1908 ὅπως
491 1845 597 1898 ὑπὸ
648 1847 756 1898 τῶν
794 1847 1084 1917 ὁμοφύλων
1145 1849 1478 1920 ὑπεροφθεὶς
1527 1852 1744 1921 πρῶτος
1781 1853 1867 1906 διὰ

1975 1859 2076 1912 ciis
2098 1867 2406 1924 exceptum.
2433 1858 2574 1926 quod
2599 1856 2667 1911 ob
2697 1871 2784 1910 res
2815 1853 3102 1908 infeliciter
3139 1867 3259 1907 cum
3297 1851 3552 1906 Barbaris

273 1933 442 1986 τοῦτο
489 1937 618 1998 τοὺς
661 1937 951 2008 Ἀϐάρους.
979 1939 1379 2010 πολιορκητικὰ
1413 1933 1622 2011 ὄργανα
1661 1943 1866 2010 ἐδίδαξε

272 2025 826 2089 κατασκευάζεσθαι.
873 2027 1064 2092 Ὅπως
1100 2045 1162 2083 τε
1207 2030 1310 2083 ὑπὸ
1349 2029 1444 2084 τοῦ
1484 2032 1738 2099 Χαγάνου
1773 2051 1869 2086 πο-

183 2161 190 2168 .
274 2114 587 2185 λιορκείται
625 2117 822 2188 Βερὸη,
856 2120 948 2172 καὶ
977 2121 1126 2184 ὅπως
1178 2122 1544 2194 ἀποτυγχάνει
1569 2125 1662 2178 τοῦ
1693 2127 1872 2196 ἐγχει.

274 2209 557 2276 ρήματος.
602 2210 790 2275 Ὅπως
837 2229 897 2265 τε
963 2213 1352 2285 Διοκλητιανοῦ
1405 2216 1558 2271 πόλιν
1608 2220 1636 2272 6
1708 2219 1871 2283 αὐτὸς

274 2299 658 2372 πολιορκήσας
699 2305 995 2376 ἀπρακτεῖ.
1026 2306 1146 2373 ,Καὶ
1194 2307 1388 2370 ὄπωςό
1421 2307 1676 2378 βασιλεὺς
1719 2313 1873 2365 Μαυ-

277 2392 460 2460 ρίκιος
516 2394 626 2448 ὑπὸ
663 2396 756 2450 τοῦ
808 2398 1063 2464 ἀγελαίου
1113 2398 1354 2468 πλήθους
1397 2401 1508 2455 τῶν
1561 2403 1872 2468 Βυζαντίων

271 2484 607 2555 ἐλοιδορεῖτο
639 2487 727 2542 διὰ
756 2489 824 2542 τὰ
850 2491 957 2543 ἀπὸ
1001 2491 1110 2544 τῶν
1141 2491 1434 2563 βαρϐάρων
1489 2495 1872 2566 συμϐεϐηκότα

271 2583 410 2651 περὶ
433 2584 537 2652 τὴν
576 2584 848 2654 Εὐρώπην
882 2586 1293 2657 δυστυχήματα,
1317 2591 1464 2653 ὅπως
1495 2608 1554 2643 τε
1596 2592 1871 2661 ἐκπέμπει

273 2673 600 2741 στρατηγὸν
622 2676 713 2728 τὸν
743 2677 1018 2746 Ἰωάννην,
1042 2679 1100 2731 ὃν
1119 2680 1422 2733 ἐπεκάλουν
1440 2681 1786 2735 Μυστάκωνα
1805 2682 1873 2747 ⁸³,

270 2765 707 2835 ὑποστράτηγον
747 2767 898 2839 αὑτῴ
937 2772 1424 2842 καταστησάμενος
1474 2774 1785 2842 Δρόκτωνα,
1811 2775 1870 2837 ὃς

1975 1961 2178 2022 gestas,
2215 1950 2428 2020 Europa
2486 1947 2680 2003 amicta
2711 1959 2874 2004 esset.
2916 1947 3127 2000 Misisse
3184 1946 3366 2016 itaque
3390 1943 3550 1998 Joan-

1977 2060 2122 2108 nem,
2145 2052 2505 2112 cOgnomento
2530 2041 2866 2112 Mystacona,
2891 2029 3013 2095 belli
3044 2040 3256 2102 ducem,
3282 2039 3552 2092 Droctonc

1978 2135 2079 2204 ipsi
2129 2131 2562 2200 subimperatorc
2601 2130 2900 2185 attributo:
2970 2131 3062 2198 qui
3150 2129 3430 2183 obsessam
3483 2125 3551 2179 ab

1969 2225 2166 2280 Abaris
2199 2223 2629 2291 Adrianopolim,
2683 2236 2861 2290 pugna
2900 2236 3021 2275 cum
3064 2223 3216 2274 hoste
3255 2217 3550 2272 commissa

1969 2332 2212 2387 praesens
2247 2315 2502 2370 servavit.
2527 2313 2917 2384 Complectitur
2958 2313 3122 2366 etiam
3168 2311 3255 2365 hic
3289 2309 3446 2373 liber,
3493 2317 3552 2361 ut

1971 2425 2150 2464 arcem
2192 2409 2481 2464 Persarum
2517 2409 2808 2478 quamdam
2842 2408 2890 2459 vl
2941 2402 3448 2472 capere'ilerachus
3477 2400 3550 2454 sit

1971 2515 2262 2570 aggressus
2292 2515 2307 2556 :
2333 2509 2386 2553 et
2415 2499 2482 2553 de
2514 2483 2797 2564 Bejudaes,
2827 2497 2907 2552 sic
2937 2496 3082 2549 dieto
3110 2493 3356 2557 castello,
3383 2501 3550 2560 utque

1971 2590 2274 2669 incredibili
2305 2589 2526 2660 Saperis
2560 2589 2748 2643 militis
2781 2587 3119 2652 fortitudine,
3155 2584 3383 2639 Romani
3413 2597 3551 2652 pra:-

1973 2685 2171 2738 sidium
2209 2683 2551 2753 oceuparint.
2584 2679 2825 2750 Denique
2859 2689 2919 2734 ut
2941 2679 3283 2747 Philippicas
3313 2677 3366 2730 in
3398 2675 3547 2743 regia

1978 2779 2114 2831 urbe
2145 2776 2614 2846 Constantinopoli
2647 2775 2992 2830 remanserit.

269 2858 376 2909 καὶ
409 2858 888 2932 πολιορκουμένης
939 2863 1044 2915 ὑπὸ
1084 2863 1196 2916 τῶν
1244 2864 1492 2936 Ἀϐάρων
1561 2866 1659 2936 τῆς
1713 2866 2207 2937 Ἀδριανουπόλεως
2262 2869 2310 2900 ⁵⁵
2372 2868 2651 2940 συμμίξας
2713 2870 2824 2930 τοῖς
2891 2865 3173 2934 πολεμίοις
3229 2863 3328 2934 τὴν
3394 2862 3565 2915 πόλιν.

269 2947 371 3020 [£2
422 2951 522 3024 [1.]
581 2954 898 3009 διεσώσατο.
955 2957 1328 3026 Διαλαμϐἀνει
1385 2959 1443 3012 δέ
1501 2959 1596 3012 καὶ
1647 2961 1796 3024 ὅπως
1837 2965 1864 3016 ὁ
1914 2963 2234 3034 Ἡράκλειος
2273 2965 2532 3037 φρούριον
2559 2964 2828 3040 Περσικὸν
2901 2961 3164 3032 ἐνεχείρει
3191 2963 3302 3024 τοῖς
3361 2958 3548 3022 ὅπλοις

266 3044 454 3107 ἑλεῖν,
505 3046 764 3118 καὶπερὶ
808 3048 903 3101 τοῦ
938 3049 1222 3114 Βεῖουδάες
1263 3049 1551 3122 φρουρίου,
1588 3051 1684 3104 καὶ¹
1718 3053 1868 3116 ὅπως
1908 3056 2198 3127 παραδόξῳ
2265 3057 2518 3128 ἀριστείᾳ
2563 3057 2819 3126 Σάπηρος
2865 3056 2960 3108 τοῦ
3012 3057 3344 3126 στρατιώτου
3405 3046 3550 3107 εἷλον

267 3139 326 3191 τὸ
375 3141 642 3210 φρούριον
693 3141 972 3212 Ῥωμαῖοι.
1003 3145 1114 3198 Kal
1139 3145 1236 3215 τὴν
1269 3146 1528 3215 ἐνδημίαν
1567 3147 1622 3200 δὲ
1666 3149 1995 3203 Φιλιππικοῦ
2023 3153 2151 3223 περὶ¹
2175 3153 2238 3206 τὸ
2264 3153 2538 3222 βασίλειον
2560 3153 2716 3210 ἄστυ.

349 3232 418 3284 'O
449 3232 510 3284 δέ
557 3233 739 3304 τρίτος
789 3235 947 3303 λόγος
991 3237 1245 3302 διέξεισιν
1293 3239 1444 3301 ὅπως
1482 3244 1866 3310 χειροτονεῖται

2043 3243 2229 3298 Tertio
2261 3244 2417 3298 libro.
2464 3242 2519 3297 lu
2548 3243 2826 3313 Philippici
2863 3243 3036 3298 locum
3073 3241 3362 3296 Orientalis
3407 3241 3553 3296 mili-

268 3325 396 3378 ἀντὶ
446 3326 784 3381 Φιλιππικοῠ
839 3331 1149 3402 στρατηγὸς
1198 3334 1227 3386 6
1278 3333 1518 3404 Πρίσκος
1575 3335 1675 3404 τῆς
1727 3336 1870 3407 ἑῴας

267 3417 570 3487 δυνάμεως
600 3459 614 3482 ,
668 3421 816 3484 ὅπως
882 3439 942 3474 τε
1006 3423 1331 3488 Φιλιππικδς
1410 3425 1869 3500 διαφθονούμενος

268 3510 510 3580 Πρίσκῳ
570 3512 710 3582 πρὸς
767 3513 1087 3584 Ἡράκλειον
1146 3516 1387 3588 ἔγραψεν
1438 3519 1738 3588 ἐμφανίσαι
1790 3519 1869 3590 τῷ

269 3601 499 3670 στρατῷ
541 3601 653 3653 τῶν
703 3606 971 3673 σιτήσεων
1019 3605 1324 3678 αὐτῶντὴν
1378 3608 1627 3677 μείωσιν,
1660 3610 1753 3662 καὶ
1786 3611 1868 3662 ὅτι

269 3693 520 3764 Πρίσκος
569 3695 968 3763 προσπελάζων
1013 3697 1092 3768 τῷ
1139 3700 1488 3771 στρατοπέδῳ
1534 3702 1634 3753 οὐκ
1686 3701 1866 3773 ἀπέϐη

266 3783 361 3836 τοῦ
394 3785 576 3837 ἵππου
609 3787 753 3840 κατά
794 3789 857 3840 1:6
902 3788 1133 3844 παλαιὸν
1163 3792 1283 3855 ἔθος
1328 3793 1424 3845 καὶ
1459 3792 1633 3856 οὕτως
1684 3794 1870 3862 ἠσπά-

273 3891 405 3928 σατο
450 3877 517 3928 τὸ
605 3882 1021 3948 στρατιωτικόν·
1081 3883 1162 3936 διὸ
1205 3883 1267 3937 τὸ
1311 3884 1359 3916 ⁸⁵
1431 3887 1864 3956 στρατιωτικὸν,

270 3970 349 4020 ὅτι
373 3987 434 4021 τε
480 3971 536 4023 αἱ
582 3973 824 4040 σιτήσεις
859 3975 1225 4045 ὑπετέμνοντο
1268 3978 1364 4031 καὶ
1415 3977 1496 4031 ὅτι
1528 3977 1824 4048 ήτιμοῦντο
1849 4021 1864 4045 ,

274 4060 634 4126 ἐστασίαζον.
679 4064 788 4117 Kal
827 4065 1062 4135 Πρίσκος
1090 4068 1347 4140 ἐλιφρέδα
1380 4071 1426 4102 ⁸⁸
1455 4070 1578 4132 δοὺς
1596 4071 1695 4141 τὴν
1719 4071 1868 4139 ἀχει-

275 4153 574 4219 ροποίητον
605 4152 672 4203 δι’
696 4155 864 4222 αὐτῆς
891 4155 1212 4229 ἐκλιπαρεῖν
1240 4160 1302 4212 τὸ
1327 4158 1529 4229 πλῆθος
1552 4159 1862 4228 ἐτέχναζεν·

271 4243 318 4293 οξ
338 4243 394 4294 δὲ
418 4244 518 4295 καὶ
536 4243 748 4312 ταύτην
767 4243 937 4310 λίθοις
955 4247 1166 4303 ἔϐαλον.
1185 4249 1276 4302 Διὸ
1300 4249 1493 4318 φεύγει
1520 4250 1616 4320 μὲν
1643 4251 1699 4302 ἐν
1715 4251 1871 4302 Κων-

275 4336 536 4407 σταντίνῃ
571 4335 828 4407 Πρίσκος,
860 4338 954 4390 καὶ
992 4340 1228 4411 αἱρεῖται
1260 4340 1364 4392 ὑπὸ
1397 4343 1497 4411 τῆς
1531 4340 1791 4409 στρατιᾶς
1815 4341 1861 4372 ⁵⁷

274 4428 561 4499 Γερμανὸς
597 4430 784 4494 αὐτοῖς
839 4433 1143 4501 στρατηγὸς
1190 4431 1474 4495 ἀκούσιος’
1521 4432 1617 4485 καὶ
1662 4430 1869 4501 ταύτης

273 4520 373 4588 τῆς
433 4520 756 4589 τυραννίδος
806 4522 1117 4592 κρατούσης
1178 4523 1371 4576 πολλαὶ
1423 4523 1577 4591 παρὰ
1642 4521 1868 4591 Περσῶν

1973 3336 2062 3389 tia:
2110 3337 2218 3389 dux
2259 3336 2522 3390 suffectus
2566 3335 2785 3390 Priscus
2824 3354 2836 3390 :
2883 3335 2968 3388 cui
3021 3334 3354 3403 Philippicus
3411 3334 3552 3387 invi-

1970 3427 2105 3482 dens
2141 3427 2390 3482 Heraclio
2421 3429 2662 3497 scripsit,
2697 3436 3059 3481 commeatum
3084 3425 3368 3486 exercitui,
3403 3425 3552 3478 ciba-

1969 3521 2161 3590 riaque
2214 3522 2505 3576 minueret.
2543 3519 2768 3574 Priscus
2801 3533 3021 3590 quoque
3052 3518 3102 3572 in
3136 3526 3314 3572 castra
3373 3517 3552 3586 profe-

1971 3622 2224 3675 ctus,uon
2257 3612 2393 3682 (Μ’)
2411 3613 2477 3665 ad
2501 3612 2664 3681 pedes
2683 3611 2849 3665 veteri
2867 3625 3040 3676 more,
3062 3624 3127 3664 ex
3144 3623 3282 3679 equo
3299 3609 3550 3663 desiliens

1971 3702 2170 3756 milites
2210 3702 2486 3758 salutavit.
2536 3702 2722 3771 Itaque
2776 3702 3072 3766 exercitus,
3107 3711 3216 3754 tum
3272 3702 3415 3770 quod
3452 3716 3551 3754 au-

1972 3809 2111 3848 nona
2179 3796 2358 3850 accisa
2405 3803 2553 3850 esset
2591 3805 2754 3864 atque
2815 3803 3045 3862 angusta
3079 3791 3214 3862 (95),
3252 3802 3364 3845 tum
3407 3793 3548 3860 quod

1971 3886 2089 3939 sine
2124 3887 2327 3940 honore
2347 3895 2487 3940 esset
2525 3884 2594 3938 ab
2623 3884 2713 3938 illo
2747 3884 2984 3949 habitus,
3025 3882 3249 3936 militari
3279 3881 3549 3936 seditione

1973 3976 2330 4031 tumultuatus
2371 3985 2472 4029 est.
2506 3974 2726 4030 Priscus
2761 3974 2872 4043 (96)
2909 3971 3222 4042 eliphrcpba
3246 3988 3353 4026 non
3388 3987 3551 4024 manu.

1971 4067 2112 4120 facta
2150 4067 2238 4120 illa
2294 4067 2524 4135 imagine
2564 4067 2698 4136 ipsis
2746 4067 2964 4128 tradita,
3020 4065 3236 4134 placare
3293 4079 3388 4132 per
3429 4078 3548 4117 eam

1970 4161 2276 4229 gregarium
2331 4161 2555 4213 militem
2608 4161 2878 4214 tentavit:
2913 4159 3005 4212 sed
3036 4158 3180 4210 illam
3211 4157 3380 4210 etiam
3419 4155 3551 4222 lapi-

1969 4250 2126 4306 dibus
2176 4250 2470 4319 petierunt.
2524 4249 2690 4317 Igitur
2724 4248 2865 4318 29a
2913 4247 3334 4302 Cornstantinam
3389 4246 3547 4317 fugit.

1969 4339 2176 4394 Invitus
2211 4341 2425 4393 interim
2453 4340 2521 4393 ab
2551 4343 2796 4394 exercitu
2825 4340 2931 4392 dux
2964 4339 3194 4408 elegitur
3225 4337 3546 4393 Germanus.

1972 4431 2106 4484 Dum
2143 4432 2257 4485 haec
2303 4445 2398 4498 per
2427 4431 2533 4484 vim
2581 4441 2744 4500 atque
2775 4431 3062 4484 tumultum
3095 4440 3383 4499 geruntur,
3416 4430 3552 4483 mul-

1972 4523 2042 4577 tis
2093 4522 2307 4576 interim
2344 4521 2572 4576 Romani
2610 4537 2639 4575 a
2680 4521 2864 4575 Persis
2890 4521 3289 4574 calamitatibus
3341 4517 3546 4576 aillicti.

277 4610 564 4681 συμφοραὶ
595 4613 713 4674 τοῖς
757 4610 1046 4682 Ῥωμαίοις
1069 4615 1504 4669 ἐναπετίκτοντο.
1531 4615 1622 4668 Διὸ
1641 4616 1736 4669 xal
1769 4613 1867 4684 βα-

1974 4616 2152 4680 Quare
2181 4613 2366 4668 Prisco
2390 4613 2685 4682 imperator
2707 4613 3028 4680 dignitatem
3059 4611 3277 4674 adimit,
3327 4611 3551 4680 ejusque

275 4701 459 4766 σιλεὺς
494 4702 663 4756 παύει
702 4702 800 4772 μὲν
825 4705 1090 4776 Πρίσκον,
1116 4707 1538 4762 ἀνταποστέλλει
1563 4695 1623 4760 δέ
1651 4707 1742 4780 [88
1772 4706 1866 4780 R.]

273 4791 607 4846 Φιλιππικὸν
662 4795 826 4849 πάλιν
880 4798 1206 4868 στρατηγόν.
1259 4799 1322 4852 Ἡ
1369 4799 1426 4852 δὲ
1484 4800 1714 4870 στρατιὰ
1772 4801 1868 4853 καὶ

276 4882 415 4950 πρὸς
443 4884 612 4937 αὐτὸν
660 4887 973 4952 ἐστασίαζε.
1005 4889 1116 4941 Καὶ
1153 4889 1521 4962 πολιορκεῖται
1568 4891 1669 4960 μὲν
1709 4893 1866 4946 Κων-

281 4976 536 5026 σταντίνα
568 4975 677 5029 ὑπὸ
718 4976 967 5046 Περσῶν,
997 4978 1186 5048 ῥύεται
1215 4980 1272 5034 δὲ
1301 4981 1413 5035 τῶν
1457 4982 1716 5036 κινδύνων
1741 4984 1866 5035 ἐπι-

282 5064 510 5128 στάντος
534 5068 680 5139 αὺτῇ
714 5068 1021 5139 Γερμανοῦ.
1062 5073 1175 5125 Kal
1212 5073 1448 5143 πόλεμος
1492 5074 1731 5145 Πέρσαις
1772 5076 1867 5128 καὶ

1977 4706 2031 4757 in
2065 4705 2236 4759 locum
2285 4703 2645 4774 Philippicum
2697 4705 2893 4758 iterum
2934 4706 3122 4758 ducem
3145 4703 3329 4757 mittit.
3362 4703 3466 4758 Sed
3497 4714 3550 4758 et

1975 4794 2062 4850 his
2090 4811 2327 4860 rursum,
2386 4796 2601 4849 turbato
2647 4795 2914 4859 exercitu,
2971 4793 3372 4848 tumultuatum.
3411 4795 3551 4850 Con-

1977 4889 2218 4943 stantina
2235 4887 2346 4958 (97)
2361 4904 2388 4940 a
2409 4886 2588 4942 Persis
2615 4889 2852 4940 obsessa.
2877 4887 3258 4956 periculisque,
3279 4886 3550 4942 Germano

1977 4977 2256 5047 Suppetias
2281 4978 2508 5041 ferente,
2547 4977 2824 5030 eximitur.
2869 4974 3120 5031 Praelium
3169 4977 3440 5031 Romanos
3470 4977 3551 5030 in-

1977 5081 2058 5124 ter
2082 5080 2137 5124 et
2163 5067 2355 5124 Persas
2377 5072 2443 5123 ad
2474 5067 2877 5139 Martyropolim
2911 5070 3281 5125 commissum.
3314 5068 3554 5124 Victoria

1580 5207 1812 5264 VARle
1854 5201 2261 5261 LECTIONES.

349 5315 398 5348 "
426 5317 454 5368 ὁ
476 5318 604 5374 add.
631 5321 696 5373 A.
768 5321 816 5352 '°
837 5324 952 5385 τοῖς
975 5325 1014 5378 Α
1044 5323 1197 5378 ιτότε
1236 5343 1294 5388 ς.

1374 5327 1418 5356 ⁸¹
1445 5327 1538 5378 τοῦ
1581 5325 1703 5378 add.
1737 5327 1801 5378 Α.
1876 5325 1920 5356 ⁵¹
1943 5321 2026 5394 τε]
2073 5338 2131 5374 τε
2173 5321 2266 5372 xal
2293 5338 2352 5383 ς.
2416 5321 2479 5394 ’⁸³

285 5385 422 5450 λεως
450 5405 511 5452 ς.
587 5390 634 5421 ⁵⁵
659 5390 744 5444 διὸ
779 5393 961 5446 καὶτὸ
987 5411 1048 5458 ς.
1127 5396 1174 5427 ⁸⁶
1197 5385 1468 5464 ιλιφρέφα
1504 5413 1563 5459 ς.
1642 5397 1688 5427 ⁵⁷
1724 5394 1984 5463 στρατιᾶς
2006 5385 2123 5462 ’1118
2157 5407 2170 5444 ε
2206 5391 2494 5461 στρατείας
2517 5385 2594 5454 ’ςο

2516 5321 2878 5392 μουστὰκωνα
2906 5340 2967 5385 ς.
3034 5321 3089 5392 7⁵⁵
3125 5320 3549 5392 *Ἀνδριανουπό-

2671 5393 2716 5424 ⁵⁸
2749 5389 3206 5463 Μαρτυρούπολιν
3232 5389 3296 5444 Α.

1774 5483 2008 5540 ΝΟΤᾸΕ.

358 5576 495 5652 (94-)
523 5575 662 5652 Vide
698 5578 766 5634 cl.
815 5580 872 5632 ν.
901 5577 1038 5635 Justi
1064 5581 1228 5652 Lipsii
1269 5583 1482 5652 epistol.
1523 5583 1575 5636 in
1618 5582 1759 5637 notis
1789 5582 1856 5635 ad

288 5649 584 5710 exemplar.
618 5647 890 5703 Graecum.

366 5715 475 5783 (95)
509 5716 740 5798 Niceph.
766 5720 862 5776 lib.
900 5737 937 5787 ι,
975 5737 1091 5793 cap.
1123 5722 1210 5787 ll,
1235 5722 1392 5778 aliam
1417 5723 1680 5779 tumultus
1702 5721 1861 5791 hujus

297 5800 514 5840 causam
535 5791 732 5843 reddit.

2045 5576 2155 5648 (96)
2199 5579 2272 5633 De
2315 5592 2477 5632 aurea
2526 5579 2760 5648 imagine
2801 5578 3166 5647 accipiendam
3203 5595 3384 5635 vocem
3427 5581 3554 5632 Ιππ-

1970 5649 2152 5705 haram
2187 5649 2431 5719 ἐγλφρέφα
2472 5664 2564 5703 seu
2593 5649 2856 5718 ἐλιφρίδα,
2889 5649 3107 5718 quidam
3151 5650 3237 5706 hic
3269 5661 3552 5705 notarunt-

2043 5719 2156 5789 (97)
2182 5718 2407 5790 Niceph.
2443 5719 2540 5774 lib.
2586 5736 2739 5786 xvm,
2775 5734 2893 5790 cap.
2928 5719 3016 5774 14.
