3980 6234
484 361 580 422 147

1637 355 1900 418 PHOTII
1939 354 2449 417 PATRIARCIUE
2487 354 2596 415 ΟΡ.

3623 357 3724 422 148

483 474 678 530 illustri
717 488 782 528 eo
821 473 907 528 die
949 486 1116 541 penes
1149 473 1422 528 Romanos
1456 471 1577 536 fuit,
1607 469 1826 526 Maruza
1851 471 2044 524 Persa-

2161 469 2448 538 Ῥωμαίοις
2482 471 2623 524 κατὰ
2670 469 2768 540 τὴν
2806 469 3308 543 Μαρτυρόπολιν·⁸⁸
3349 469 3580 539 γίνεται,
3630 478 3727 530 καὶ

485 585 600 622 rum
629 569 784 634 duce,
820 582 941 621 cum
975 569 1146 622 tribus
1171 581 1389 621 suorum
1423 564 1681 625 millibus.
1714 566 1780 618 ad
1813 564 2054 618 interue-

479 659 692 713 cionem
757 674 936 723 caeso,
999 659 1174 728 captis
1229 673 1360 712 vero
1415 657 1579 712 mille.
1637 655 2046 717 Reconciliato,

479 751 776 805 Aristobuli
842 766 1003 819 opera
1035 791 1050 815 ,
1110 764 1231 803 cum
1283 751 1610 818 imperatore
1659 747 1923 813 exercitu,
1984 744 2050 798 ad

480 859 660 897 arcem
693 844 1085 912 Giligerdorum
1115 842 1288 896 virtus
1308 842 1645 911 captivorum
1679 839 1910 893 militum
1939 837 2054 892 eni-

481 933 580 985 tuit
613 948 626 982 :
661 941 714 985 et
745 931 1036 998 Gregorius
1085 931 1198 1003 (98)
1247 931 1552 985 Antiochia:
1580 931 1889 998 episcopus,
1932 942 2052 980 sus-

478 1031 631 1089 cepta
683 1024 983 1092 legatione,
1041 1023 1398 1093 Pbilippicum
1470 1022 1706 1076 restituit
1764 1018 2050 1074 exercitui.

478 1113 878 1183 Martyroliolis,
911 1113 1064 1169 Sittaa
1113 1113 1394 1169 fraudibus
1439 1130 1467 1167 a
1502 1114 1683 1168 Persis
1727 1122 1880 1181 capta
1917 1113 2048 1186 (99).

479 1209 812 1279 Pbilippirus
856 1210 1030 1266 otiicio
1073 1211 1320 1280 dejiritur
1343 1252 1359 1276 ,
1399 1210 1767 1279 sull'ectusque
1787 1211 1855 1266 ab
1884 1211 2054 1280 impe-

475 1314 660 1358 ratore
715 1301 978 1357 Mauricio
1028 1303 1082 1356 in
1139 1301 1256 1369 ejus
1296 1301 1473 1357 locum
1522 1302 1916 1367 Comentiolus,
1965 1302 2066 1356 cui

477 1391 790 1449 mandatum
810 1392 1270 1462 commissumque
1301 1392 1496 1448 bellum
1516 1402 1596 1447 est
1630 1393 1924 1450 Persicum.
1948 1391 2054 1448 Ge-

475 1493 545 1537 ta:
568 1484 680 1538 sive
708 1482 908 1548 Sclavi,
938 1498 1000 1538 ea
1039 1491 1377 1552 tempestate,
1409 1485 1588 1538 vicina
1619 1484 1860 1539 Tltrasiae
1883 1500 2054 1554 popu-

476 1575 731 1629 labantur
769 1590 782 1625 :
818 1573 984 1626 Roma
1015 1575 1275 1629 adversus
1299 1575 1670 1644 Longibardos
1695 1590 1843 1628 arma
1863 1575 2055 1631 indue-

477 1666 611 1721 bat:
655 1666 837 1719 Africa
881 1680 1096 1735 quoque
1144 1665 1446 1722 Maurusios
1496 1668 1771 1734 superavit
1803 1667 1898 1738 (l).
1945 1666 2055 1722 Co-

476 1757 739 1812 mentiolo
792 1758 950 1823 duce,
997 1767 1292 1827 pugnatum
1345 1757 1498 1825 juxta
1553 1757 1904 1813 Sisarbanum
1949 1758 2049 1829 (2),

475 1863 648 1918 prope
671 1847 903 1913 Nisibin,
937 1863 966 1902 a
997 1847 1178 1904 Persis
1217 1859 1380 1919 atque
1407 1849 1689 1904 Romanis.
1720 1848 1944 1904 Romani
1970 1849 2047 1920 (3)

477 1944 699 1998 militari
727 1945 923 2000 virtute
945 1945 1257 2016 superiores
1285 1959 1529 2012 evasere,
1558 1945 1804 2000 Heraclio
1836 1947 2048 2001 hastam

477 2035 695 2091 fortiter
751 2045 862 2092 tum
906 2037 1177 2093 vibrante.
1227 2036 1438 2092 Cecidit
1463 2051 1529 2092 eo
1565 2036 1749 2107 praalio
1791 2037 2051 2094 Phraates

478 2127 593 2198 ipse
623 2129 962 2182 Persicarum
996 2127 1275 2198 copiarum
1319 2127 1450 2192 dux,
1491 2125 1795 2196 castrisque
1825 2126 2050 2195 direptis

477 2213 658 2287 opiina
708 2219 882 2290 spolia
938 2219 1098 2274 lecta.
1149 2219 1343 2272 Baram
1393 2219 1497 2290 (4),
1553 2218 1748 2274 Turcis
1801 2220 2048 2284 devictis,

475 2327 702 2381 magnas
731 2327 795 2366 ex
818 2311 898 2366 eis
919 2326 1049 2382 opes
1082 2312 1381 2367 llormisda:
1426 2311 1536 2381 regi
1579 2311 1966 2380 suppeditavit,
1996 2319 2052 2366 et

475 2403 697 2457 strictos
721 2401 901 2472 gladio
931 2401 1150 2458 Suaniae
1178 2403 1417 2457 minatus
1445 2411 1548 2457 est.
1584 2402 1812 2457 Romani
1842 2410 2046 2466 autem,

475 2492 731 2548 ductante
767 2493 1014 2548 Romano
1037 2494 1268 2563 quodam
1311 2495 1555 2559 nomine,
1579 2504 1836 2550 conserta
1884 2510 2049 2549 manu

476 2599 600 2640 cum
630 2585 871 2639 exercitu
901 2585 1138 2651 Barami,
1159 2587 1474 2656 collatisque
1503 2587 1644 2642 inter
1669 2602 1728 2642 se
1746 2587 1937 2656 signis,
1971 2588 2052 2642 vi-

475 2676 629 2731 ribus
680 2675 955 2743 fortiores,
982 2678 1244 2732 illustrem
1291 2680 1526 2734 retulere
1559 2679 1868 2736 victoriam.
1912 2679 2052 2734 Hor-

477 2766 682 2820 ntisdas
711 2769 780 2821 ob
805 2767 1010 2822 cladem
1038 2779 1337 2837 acceptam,
1377 2785 1473 2840 per
1509 2770 1860 2840 opprobrium
1919 2786 2052 2825 con-

479 2859 884 2927 tumeliamque,
914 2860 1142 2914 Baramo
1166 2871 1371 2914 vestem
1410 2863 1556 2915 misit
1583 2863 1920 2917 muliebrem.
1953 2863 2052 2918 Hic

480 2947 872 2999 contumeliam
899 2947 1139 3000 vicissim
1183 2958 1237 3000 et
1266 2947 1524 3015 injuriam
1564 2950 1794 3015 ulturus,
1818 2952 1954 3004 datis
1981 2953 2048 3005 ad

477 3048 599 3088 eum
634 3033 831 3088 litteris
855 3035 951 3104 (5),
981 3037 1261 3106 inscripsit
1293 3055 1306 3090 :
1338 3036 1640 3093 Cbrosroes
1675 3040 1794 3093 tiliae
1827 3039 1953 3109 (non
1988 3041 2050 3092 li-

477 3123 574 3192 llo)
612 3123 931 3179 llormisdze.
971 3125 1084 3180 Hoc
1105 3126 1244 3180 bello
1273 3137 1325 3182 et
1355 3129 1626 3194 Armenii,
1657 3129 1901 3185 Sabbatii
1927 3147 2052 3201 per-

481 3216 738 3271 suasione
765 3218 1003 3282 adducti,
1043 3216 1306 3273 Joannem
1341 3219 1419 3288 (6)
1449 3220 1639 3274 ducem
1670 3237 1824 3275 suum
1867 3234 2050 3278 sustu-

476 3303 677 3374 lerunt,
707 3316 760 3362 et
785 3308 849 3361 ad
884 3307 1079 3363 Persas
1108 3311 1338 3364 deficere
1371 3311 1652 3378 parabant.
1689 3311 2054 3369 Comentiolus

476 3399 696 3455 interim
739 3401 808 3454 ab
843 3401 1173 3468 imperatore
1224 3401 1444 3464 missus,
1491 3412 1547 3456 et
1578 3403 1867 3457 militarem
1898 3405 2054 3460 sedat

477 3492 790 3554 tumultum,
807 3501 862 3546 et
881 3490 1199 3548 Sabbatium
1231 3495 1752 3566 Constantinopolim
1778 3499 1941 3562 ducit,
1959 3499 2049 3568 qui

477 3582 545 3636 ad
574 3581 775 3637 bestias
813 3584 886 3639 ibi
925 3585 1236 3650 damnatus,
1271 3587 1502 3643 Caesaris
1535 3600 1712 3644 tamen
1767 3591 2052 3645 clementia

478 3675 640 3729 morti
673 3677 920 3745 eripitur.
955 3678 1273 3736 Hormisdas
1297 3680 1558 3736 Sarameu
1595 3683 1858 3738 adversus
1888 3684 2054 3738 Bara-

481 3784 626 3822 mum
649 3771 845 3824 mittit:
880 3786 1164 3841 pugnaque
1194 3775 1395 3829 victum
1432 3775 1573 3845 296
1604 3777 1862 3830 Saramen
1893 3777 2057 3831 Bara-

481 3874 603 3912 mus
633 3859 935 3929 elephantis
979 3863 1348 3917 devorandum
1378 3866 1596 3932 obiecit,
1628 3875 1683 3920 et
1712 3866 1886 3935 palam
1918 3881 2054 3921 con-

483 3958 568 4003 tra
600 3949 940 4005 Hormisdam
972 3967 1122 4008 arma
1150 3955 1293 4009 tulit.
1319 3954 1416 4009 llic
1441 3954 1703 4010 Baramus
1733 3973 1798 4010 eo
1834 3959 2055 4014 honoris

479 4053 606 4099 ante
661 4044 1017 4100 defectionem
1077 4045 1254 4101 fuerat
1301 4057 1541 4114 evectus,
1579 4057 1640 4101 ut
1666 4048 1714 4101 ei
1747 4063 1776 4101 a
1809 4064 1933 4118 rege
1965 4064 2054 4105 se-

478 4133 658 4189 cundo
685 4151 844 4192 nemo
889 4137 1131 4193 omnium
1160 4139 1424 4209 dignitate
1447 4141 1842 4196 antecelluerit.
1879 4142 2054 4198 Curo-

479 4222 674 4292 palata;
712 4224 854 4279 enim
888 4225 987 4293 (7),
1015 4234 1075 4280 ut
1125 4227 1386 4282 Romanis
1435 4229 1653 4294 dicitur,
1693 4245 1905 4286 summo
1939 4246 2054 4284 ma-

481 4314 712 4384 gistratu
756 4314 972 4372 functus
1019 4326 1122 4372 est.
1151 4318 1526 4374 Recensentur
1551 4320 2056 4391 hocquoquelibro

2152 559 2342 612 νικῶσι
2383 558 2642 628 Ῥωμαῖοι
2671 558 2960 630 λαμπρῶς,
3008 559 3102 612 ἆτε
3139 559 3232 613 τοῦ
3265 561 3485 630 Περσῶν
3518 581 3724 636 στρατ-

2148 649 2288 718 ηγοῦ
2329 648 2595 720 Μαρούζα
2637 649 2731 703 καὶ
2767 649 3079 718 τρισχιλίων
3115 649 3408 714 πεσόντων,
3459 653 3648 722 χιλίων
3666 654 3725 707 δὲ

2152 739 2564 812 ζωγρηθέντων.
2600 741 2708 793 Καὶ
2739 740 3120 794 διαλλάσσεται
3170 741 3304 812 πρὸς
3329 745 3422 795 τὸν
3457 746 3727 817 αὐτοκρά.

2150 847 2284 899 τορα
2321 829 2390 884 δι’
2434 830 2841 902 Ἀριστοϐούλου
2865 830 2926 883 τὸ
2979 832 3376 900 στρατόπεδον·
3419 835 3628 903 γίνεταί
3663 855 3724 890 τε

2153 920 2295 978 κατὰ
2321 920 2382 973 τὸ
2405 921 2661 992 φρούριον
2691 921 3030 992 Γιληγερδῶν
3057 923 3101 955 ⁵⁸
3129 923 3235 975 τῶν
3261 923 3552 994 δεσμωτῶν
3587 927 3724 980 Ῥω-

2154 1013 2330 1082 μαίων
2352 1014 2618 1083 ἀριστεία.
2645 1014 2754 1068 Καὶ
2783 1016 3082 1084 Γρηγόριος
3108 1016 3135 1066 6
3175 1016 3502 1086 Ἀντιοχείας
3534 1020 3726 1088 ἀρχιε-

2157 1105 2281 1176 ρεὺς
2325 1105 2649 1158 Φιλιππικὸν
2698 1106 2786 1159 διὰ
2837 1106 3133 1176 πρεσϐείας
3185 1106 3586 1177 ἀποκαθίστησι
3645 1109 3726 1179 τῷ

2154 1196 2542 1267 στρατεύματι.
2586 1197 2892 1251 Ἀλίσκεται
2921 1197 2975 1250 δὲ
3022 1198 3126 1251 ὑπὸ
3161 1198 3387 1268 Περσῶν
3420 1201 3454 1270 ή
3498 1201 3726 1270 Μαρτυ-

2155 1288 2373 1360 ρόπολις
2397 1289 2485 1342 διὰ
2507 1289 2669 1343 Σίττα
2696 1289 2852 1360 δόλῳ,
2879 1289 2973 1342 καὶ
3002 1289 3502 1360 ἀποχειροτονείται
3535 1292 3731 1345 Φιλιπ-

2152 1380 2334 1446 πικὸς,
2390 1380 2485 1434 καὶ
2539 1381 2896 1451 Κομεντίολος
2940 1381 3056 1433 ἀντ’
3098 1379 3264 1434 αὑτοῦ
3305 1382 3399 1434 τὸν
3459 1383 3731 1454 Περσικὸν

2155 1473 2258 1526 ὑπὸ
2305 1471 2399 1526 τοῦ
2449 1473 2851 1544 αὐτοκράτορος
2892 1473 3211 1527 πιστεύεται
3263 1474 3518 1544 πόλεμον.
3555 1477 3618 1528 Οἱ
3670 1476 3732 1529 δὲ

2152 1564 2314 1617 Γέται
2345 1565 2464 1635 ἤτοι
2486 1564 2720 1619 Σκλάϐοι
2749 1565 2818 1619 τὰ
2843 1567 2974 1635 περὶ
2993 1568 3092 1633 τὴν
3114 1567 3337 1638 Θρᾴκην
3353 1567 3728 1637 ἐλυμαίνοντο,

2154 1655 2187 1724 ή
2227 1653 2413 1723 Ῥώμη
2435 1653 2492 1706 δὲ
2516 1653 2652 1724 πρὸς
2679 1654 2807 1719 τοὺς
2829 1656 3235 1727 Λογγιϐάρδους
3263 1656 3309 1688 ⁸ο
3338 1656 3730 1722 ἀνθωπλίζετο,

2155 1747 2248 1798 καὶ
2281 1747 2454 1816 Λιϐύη
2484 1747 2593 1800 τῶν
2626 1748 2990 1816 Μαυρουσίων
3035 1749 3393 1820 περιεγίνετο.
3436 1752 3735 1820 Κομεντιό-

2155 1837 2249 1891 λου
2279 1838 2335 1891 δὲ
2360 1839 2793 1910 στρατηγοῦντος
2833 1841 3237 1912 συμπλέκονται
3276 1845 3406 1915 περὶ
3442 1845 3503 1897 τὸ
3530 1845 3732 1916 Σισάρ-

2157 1929 2318 1983 ϐανον
2364 1930 2591 2002 πλησίον
2647 1932 2872 1996 Νίσιϐος
2912 1934 3120 2007 Πέρσαι
3163 1936 3258 1990 καὶ
3303 1937 3583 2009 Ῥωμαῖοι,
3637 1939 3736 1992 καὶ

2156 2021 2351 2076 νικῶσι
2377 2023 2520 2077 κατὰ
2563 2025 2764 2096 κράτος
2804 2026 3085 2095 Ῥωμαῖοι,
3129 2027 3453 2099 Ἡρακλείου
3493 2047 3736 2100 περιφα-

2157 2112 2262 2176 νῶς
2291 2114 2765 2183 ὲνευδοκιμοῦντος
2789 2116 2866 2187 τῷ
2889 2117 3108 2186 δόρατι·
3142 2119 3333 2171 πίπτει
3363 2119 3472 2189 γὰρ
3512 2120 3606 2171 καὶ
3638 2120 3737 2171 αύ-

2154 2203 2246 2266 τὺς
2275 2204 2302 2255 ὁ
2328 2203 2435 2256 τῶν
2467 2203 2692 2274 Περσῶν
2717 2206 3020 2277 στρατηγὸς
3053 2208 3326 2278 Φραάτης,
3353 2210 3448 2262 καὶ
3472 2209 3736 2263 σκυλεύε-

2156 2312 2247 2348 ται
2284 2295 2344 2348 τὸ
2370 2294 2650 2366 πολέμιον.
2687 2298 2810 2352 Ἔτι
2838 2298 2895 2351 δὲ
2924 2297 3281 2370 διαλαμϐάνει
3314 2303 3460 2365 ὅπως
3483 2304 3511 2355 6
3538 2301 3737 2372 Βαράμ

2156 2386 2437 2457 Τούρκους
2492 2388 2974 2460 καταπολεμήσας,
3011 2393 3104 2444 καὶ
3141 2392 3307 2448 πολὺν
3339 2393 3568 2446 πλοῦτον
3607 2393 3736 2462 Ὀρ-

2160 2479 2322 2551 μίσδᾳ
2355 2479 2431 2550 τῷ
2474 2479 2684 2550 βασιλεί
2723 2482 2936 2535 ἐκεῖθεν
2968 2485 3304 2554 χορηγήσας,
3352 2480 3454 2554 ἦρε
3485 2485 3584 2554 τὴν
3622 2483 3732 2554 μά-

2157 2589 2356 2642 χαιραν
2388 2575 2483 2627 καὶ
2514 2574 2657 2628 κατὰ
2695 2576 2954 2641 Σουανίας
2977 2593 2991 2606 ·
3044 2579 3302 2648 Ῥωμαῖοι
3338 2577 3393 2630 δὲ
3443 2577 3734 2647 Ῥωμανοῦ

2159 2665 2592 2734 στρατηγοῦντος
2657 2667 3060 2737 συμπλέκονται
3117 2669 3313 2738 Βαράμ
3363 2669 3456 2722 καὶ
3509 2668 3587 2738 τῷ
3641 2670 3734 2722 ὑπ’

2157 2755 2306 2824 αὐτῷ
2335 2756 2376 2787 ⁶¹
2411 2757 2646 2826 στρατῷ,
2702 2757 2793 2810 καὶ
2841 2759 2982 2813 κατὰ
3010 2761 3210 2830 κράτος
3255 2759 3469 2816 νικῶσι.
3504 2762 3614 2814 Καὶ
3659 2760 3737 2822 ὡς

2155 2843 2245 2897 διὰ
2271 2845 2368 2915 τὴν
2405 2841 2575 2918 ἦτταν
2624 2847 2919 2918 Ὀρμίσδας
2944 2848 3020 2916 τῷ
3053 2849 3247 2919 Βαρὰμ
3274 2850 3620 2914 ὲπονειδίζων
3641 2867 3738 2918 γυι-

2159 2935 2405 2988 ναικείαν
2434 2936 2674 2990 ἔστειλεν
2696 2937 2900 3008 ἐσθῆτα
2924 2955 2937 2969 ⁶
2965 2941 2991 2991 ὁ
3017 2939 3073 2992 δὲ
3107 2938 3421 3010 ἀνθύϐριζε,
3454 2940 3737 3010 Θυγατέρα

2157 3029 2562 3099 Χοσρὸου,ἁλλ’
2609 3031 2708 3099 οὐχ
2759 3030 2874 3084 υίὺν
2912 3030 3203 3102 Ὀρμίσδαν
3249 3033 3362 3094 τοῖς
3410 3032 3739 3102 γράμμασιν

2159 3121 2619 3191 ἐπιγραφόμενος.
2659 3123 2746 3175 Ἐν
2767 3115 2811 3190 ᾧ
2835 3124 2928 3175 καὶ
2963 3122 3237 3192 Ἀρμένιοι
3266 3122 3570 3194 ὑποθήκαις
3601 3123 3742 3174 Σαϐ-

2157 3213 2342 3265 ϐατίου
2391 3214 2480 3265 τὸν
2520 3214 2563 3245 θ’
2604 3213 2704 3283 μὲν
2743 3214 2891 3282 σφῶν
2934 3215 3237 3284 στρατηγὸν
3281 3215 3536 3285 Ἰωάννην
3581 3217 3742 3267 ἀναι-

2160 3305 2333 3374 ροῦσι,
2368 3303 2462 3376 [45
2491 3303 2583 3376 H.]
2636 3308 2976 3377 προσχωρεῖν
3016 3305 3071 3358 δὲ
3120 3307 3360 3376 Πέρσαις
3399 3308 3740 3377 ἐγχειροῦσι.

2155 3397 2516 3466 Κομεντίολος
2569 3397 2626 3449 δὲ
2681 3397 2892 3462 σταλεὶς
2949 3397 3053 3450 ὑπὸ
3104 3397 3199 3450 τοῦ
3253 3396 3516 3465 βασιλέως
3555 3399 3658 3468 τήν
3682 3415 3741 3449 τε

2156 3491 2346 3545 στάσιν
2394 3489 2720 3554 κατευνάζει
2770 3491 2862 3544 καὶ
2918 3490 3217 3544 Σαϐϐάτιον
3258 3491 3302 3522 ⁶³
3336 3491 3394 3552 ἐς
3444 3489 3744 3553 Βυζάντιον

2154 3579 2275 3648 ἄγει
2299 3595 2312 3608 ⁸
2339 3582 2366 3632 ὁ
2387 3578 2442 3631 δὲ
2469 3579 2677 3650 Θηρίοις
2707 3580 2839 3650 βορὰ
2855 3580 3107 3648 γενέσθαι
3140 3578 3584 3643 καταδικάζεται,
3619 3579 3745 3646 φιλ-

2155 3671 2438 3742 ανθρωπίᾳ
2467 3671 2524 3724 δὲ
2555 3671 2802 3742 βασιλικῇ
2835 3671 2926 3724 τοῦ
2980 3672 3210 3724 θανάτου
3253 3670 3568 3724 ἀπολύεται.
3614 3673 3745 3741 ’ορ-

2159 3763 2354 3833 μίσδας
2392 3764 2447 3817 δὲ
2476 3764 2737 3836 Σαράμην
2769 3763 2910 3816 κατὰ
2934 3764 3130 3834 Βαρὰμ
3159 3763 3480 3818 ἀποστέλλει
3499 3780 3511 3791 ·
3539 3764 3746 3834 Βαρὰμ

2154 3853 2211 3906 δὲ
2253 3854 2403 3926 μάχῃ
2445 3856 2674 3924 νικήσας
2702 3855 2964 3925 Σαράμην
3001 3853 3309 3922 ἐλεφάντων
3346 3853 3512 3924 βορὰν
3553 3855 3748 3923 ὲποιή·

2157 3963 2287 3999 σατο
2325 3947 2419 3999 καὶ
2461 3945 2762 4014 ἀναφανδὸν
2807 3946 2946 3998 κατὰ
2989 3946 3251 4016 Ὀρμίσδα
3297 3947 3743 4016 παρατάσσεται.

2171 4036 2231 4090 ⁸0
2276 4037 2334 4090 δὲ
2384 4036 2582 4107 Βαρὰμ
2613 4037 2708 4089 ἐπὶ
2756 4036 2978 4089 τοσοῦτο
2999 4037 3043 4068 ⁸⁸
3069 4037 3228 4107 δόξης
3281 4033 3348 4108 ἦν
3397 4037 3748 4108 κεχωρηκὼς

2157 4129 2288 4200 πρὶν
2328 4129 2373 4161 ⁸⁸
2404 4128 2436 4199 ἢ
2465 4129 2760 4200 μελετῆσαι
2784 4129 2852 4183 τὰ
2888 4129 2989 4199 τῆς
3027 4130 3365 4192 ἀποστασίας
3393 4131 3468 4192 ὡς
3496 4133 3642 4200 μετά
3676 4148 3744 4199 γε

2159 4219 2387 4290 βασιλέα
2410 4221 2611 4291 μηδένα
2637 4220 2745 4274 τῶν
2773 4221 2992 4274 πάντων
3025 4221 3245 4290 μείζονα
3275 4222 3433 4287 δόξαν
3463 4222 3611 4292 ἔχειν
3640 4225 3745 4276 αὑ-

2156 4312 2250 4366 τοῦ
2270 4330 2284 4344 ο
2317 4313 2344 4366 ὃ
2376 4314 2484 4384 γὰρ
2515 4313 2932 4384 κουροπαλάτην
2958 4313 3003 4344 ⁸⁸
3045 4314 3305 4383 Ῥωμαῖοι
3332 4314 3583 4378 καλοῦσι,
3607 4317 3744 4370 ταύ-

481 4405 680 4474 obiter,
721 4421 842 4476 quae
889 4409 1218 4478 temporibus
1275 4409 1432 4480 longe
1473 4412 1871 4481 antiquioribus
1901 4423 2051 4480 gesta

2156 4424 2256 4477 της
2279 4406 2525 4476 ὰπήλαυε
2568 4407 2666 4475 τῆς
2694 4407 2880 4475 τιμῆς.
2933 4405 3349 4475 Ἐμπεριέχεται
3390 4405 3446 4456 δὲ
3484 4405 3565 4474 τῷ
3597 4405 3745 4475 λόγῳ

479 4498 706 4553 fuerunt
743 4517 759 4554 :
825 4501 1170 4570 breviterque
1227 4513 1517 4557 narrantur
1559 4519 1644 4570 ea,
1675 4520 1794 4573 qua:
1818 4507 1918 4558 sub
1968 4504 2052 4559 Ju-

2158 4501 2252 4553 καὶ
2287 4497 2567 4568 ἀναδρομὴ
2611 4499 2720 4550 τῶν
2770 4497 3228 4566 συγκυρησάντων
3261 4497 3389 4567 περὶ
3428 4499 3558 4560 τοὺς
3604 4515 3744 4568 πρε-

478 4593 624 4647 stino
648 4601 702 4647 et
727 4591 947 4648 Tiberio
972 4595 1220 4664 angustis
1241 4604 1560 4650 evenerunt.
1594 4595 1895 4650 Hormisdze
1919 4611 2052 4664 quo-

2156 4588 2452 4657 σϐυτέρους
2484 4589 2727 4658 χρῦνους,
2763 4588 2857 4638 καὶ
2883 4588 3147 4654 σύντομος
3194 4588 3474 4656 ἀφήγησις
3501 4587 3610 4639 τῶν
3646 4605 3743 4640 κε-

479 4697 583 4749 que
609 4683 898 4739 Persarum
936 4685 1080 4755 regis
1115 4685 1412 4740 crudelitas
1471 4687 1784 4756 exponitur,
1834 4695 1888 4739 et
1925 4685 2052 4739 Per-

2156 4679 2463 4750 κινημένων
2485 4679 2575 4730 ἐπὶ
2596 4680 2694 4748 τῆς
2725 4678 3000 4746 βασιλείας
3035 4678 3447 4743 Ἰουστίνουξκαὶ
3478 4680 3738 4748 Τιϐερίου

479 4790 664 4829 sarum
693 4791 877 4846 regum
915 4777 1086 4832 series
1126 4792 1159 4831 a
1192 4779 1368 4847 capite
1391 4780 1707 4834 arcessitur.
1737 4778 1913 4846 Atque
1939 4779 2052 4834 haec

2158 4773 2264 4825 τῶν
2295 4771 2730 4841 αὐτοκρατόρων,
2765 4773 2858 4823 καὶ
2915 4769 3042 4840 περὶ
3084 4770 3184 4839 τῆς
3224 4771 3505 4840 ὠμότητος
3541 4771 3742 4841 Ὀρμί-

480 4867 697 4938 quidem
726 4867 865 4926 libro
883 4868 1060 4923 tertio.

2161 4864 2286 4919 σδου
2321 4862 2414 4916 τοῦ
2457 4863 2681 4932 Περσῶν
2733 4861 3025 4930 βασιλέως,
3065 4862 3286 4929 καὶτῆς
3330 4863 3608 4933 Περσικῆς
3643 4881 3741 4932 γε..

2161 4952 2419 5022 νεαρχίας
2447 4952 2746 5020 ἀφήγησις.
2773 4949 2956 5002 Ταῦτα
2983 4948 3082 5018 μὲν
3109 4949 3202 5002 κει)⁵
3235 4950 3262 5000 ὁ
3290 4955 3359 5016 γ’.

1775 5043 2013 5100 ἾΑΒΙΛΕ
2053 5043 2460 5099 LECTIONES.

555 5113 603 5146 "
627 5114 946 5185 γιλιγέρδων
978 5134 1038 5180 ς.
1118 5118 1162 5149 ⁸ο
1194 5115 1592 5185 λαγγιϐάρδους
1647 5114 1847 5170 habere
1911 5116 2123 5185 videtur
2146 5116 2211 5168 A.
2289 5116 2332 5146 ⁶¹
2365 5115 2455 5185 Cm:
2495 5112 2657 5167 αὐτὸν
2703 5131 2764 5185 ς,

480 5203 596 5240 τιον
625 5201 715 5254 mg
752 5203 767 5240 :
809 5184 932 5240 libri
987 5184 1320 5254 συμϐάτιον.
1382 5184 1688 5256 δ’τοσούτῳ
1711 5185 1776 5254 Α,
1802 5184 2052 5256 τοσοῦτον
2087 5203 2147 5256 ς·ἐ

2843 5113 2887 5144 ⁸⁸
2907 5109 3026 5181 τὸν]
3056 5109 3153 5181 καὶ
3184 5109 3277 5162 τὸν
3303 5129 3365 5175 ς.
3441 5112 3488 5143 ⁸³
3525 5111 3745 5166 Σαϐϐά-

2227 5185 2273 5217 ⁶¹
2303 5183 2456 5256 πρὶν]
2486 5185 2546 5237 τὸ
2589 5185 2719 5256 πρὶν
2744 5183 2810 5236 Α.
2885 5182 2931 5212 ⁸⁸
2963 5180 3032 5251 ἢν
3069 5180 3176 5249 γὰρ
3226 5181 3641 5252 κουροπαλάτου
3675 5200 3740 5246 ς.

2008 5253 2100 5310 ΝΟ
2112 5253 2246 5309 TIE.

552 5351 665 5422 (98)
696 5350 883 5407 Oratio
911 5349 1158 5422 Gregorii
1198 5357 1282 5403 est
1323 5347 1466 5419 apud
1512 5347 1736 5417 Niceph.
1766 5349 1862 5404 lib.
1894 5359 2052 5415 xvut,

481 5435 602 5489 cap.
633 5421 698 5476 l5
719 5433 774 5476 et
811 5421 897 5502 lli.
1034 5421 1037 5422 ⁷
1870 5488 1881 5498 ο
1953 5489 1965 5499 ¹

552 5492 665 5563 (99)
718 5494 791 5546 De
819 5493 958 5563 Sttta
994 5503 1121 5563 vero
1153 5485 1436 5563 transfuga
1468 5503 1590 5563 cap.
1639 5488 1725 5554 l7,
1749 5498 1805 5543 et
1831 5487 1917 5563 lu_c
1952 5486 2053 5541 mf.

549 5557 754 5633 (1)ρυί
788 5577 817 5614 a
849 5561 1053 5633 Graecis
1076 5557 1332 5611 Maurusii
1354 5559 1713 5633 appellantur,
1739 5573 1833 5612 eos
1862 5557 2058 5612 Roma-

484 5629 538 5683 ni
560 5627 620 5702 ἐί
652 5627 918 5702 indigenas
937 5629 1165 5702 Mauros
1183 5637 1398 5681 vocant.
1429 5627 1624 5702 Strabo
1647 5627 1740 5682 lib.
1778 5641 1911 5702 xvii.

554 5701 630 5773 (2)
665 5696 1016 5759 εἱειῖυτοτυω
1087 5699 1274 5753 urbem
1319 5712 1438 5768 sup.
1471 5698 1750 5754 nominare
1820 5696 2048 5766 Proeop.

485 5769 577 5827 lib.
612 5769 650 5829 li
685 5775 917 5830 videtur.

2231 5349 2307 5420 (ὅ)
2332 5348 2559 5420 Niceph.
2590 5348 2688 5420 lib.
2724 5359 3025 5420 mu,_c_ap.
3057 5343 3155 5420 _18.

2233 5413 2310 5488 (ὁ)
2346 5413 2607 5473 Varamus
2641 5419 2729 5472 hic
2771 5425 2855 5469 est
2883 5414 3110 5482 Niceph.
3142 5413 3236 5468 lib.
3279 5427 3438 5477 xvnt,
3482 5426 3604 5482 cap.
3648 5414 3740 5472 19.

2232 5490 2311 5556 (5)
2341 5489 2564 5559 Niceph.
2593 5488 2720 5542 ibid.

2237 5553 2313 5628 (6)
2342 5553 2502 5627 Cujus
2527 5568 2583 5613 et
2613 5571 2734 5625 sup.
2764 5554 2970 5628 mentio
3002 5553 3160 5628 libat.

2236 5621 2316 5699 ('7)
2356 5621 2458 5699 Qui
2495 5621 2956 5699 antea,_'praz_torio
2981 5623 3291 5699 praefectus.
3320 5621 3512 5699 Latine
3533 5622 3739 5699 dictus.

2161 5692 2254 5752 Tu'
2287 5692 2402 5770 lege
2431 5697 2550 5754 Pet.
2594 5692 2756 5752 Fabri
2805 5692 3041 5750 Semost.
3072 5693 3167 5749 lib.
3201 5709 3240 5761 ι,
3272 5709 3394 5763 cap.
3428 5693 3486 5760 1,
3529 5703 3586 5748 et
3628 5695 3744 5750 duo

2156 5783 2307 5837 seqq.
