3980 6234
301 287 404 354 149

1423 301 1949 364 BIBLIOTHECA.
1981 328 2050 339 —
2072 301 2238 364 COD.
2260 301 2435 366 LXV.

3460 292 3565 358 150

383 401 441 456 ’0
487 400 544 454 δὲ
587 399 848 475 τέταρτος
877 403 1259 475 διαλαμϐάνει,
1290 407 1438 474 ὅπως
1468 427 1528 462 τε
1578 411 1816 482 Πέρσαις
1856 412 1884 464 ὁ

2057 411 2295 478 Quartus
2327 410 2466 465 liber
2487 409 2590 464 ista
2633 405 3032 478 complectitur.
3063 402 3150 461 Uti
3178 403 3317 475 apud
3358 403 3557 462 Persas

298 494 564 566 ἐμφύλιος
627 495 960 566 ἐκρατύνετο
1019 497 1286 568 πόλεμος,
1348 501 1444 554 καὶ⁵
1500 502 1599 555 ὅσα
1656 502 1886 557 συνεκύ-

305 605 439 659 ρησε
461 589 505 620 ⁸⁷
533 587 678 641 κατὰ
717 589 816 658 τὴν
859 590 1146 661 τυραννίδα
1183 590 1379 663 Βαρὰμ
1421 593 1660 664 τρόπαιά
1703 610 1765 646 τε
1793 596 1888 649 καὶ

299 681 662 751 εὐτυχήματα
681 698 694 711 ·
724 684 818 736 καὶ
844 684 877 752 ἡ
907 682 1000 735 106
1041 684 1380 756 Φερεχάνους
1423 685 1703 757 ἀναίρεσις
1735 689 1831 740 καὶ
1852 689 1886 758 ὴ

298 773 595 846 Ζαδέσπρα
611 774 999 846 προσχώρησις
1022 775 1065 806 ⁸³
1082 793 1095 806 ο
1113 777 1262 840 ὅπως
1285 795 1344 830 τε
1375 777 1479 830 ὑπὸ
1503 778 1720 831 Βινδόου
1753 779 1887 832 καθ-

299 869 548 932 αιρεῖται
585 868 685 935 τῆς
734 865 1006 935 βασιλείας,
1059 866 1394 938 Ὀρμίσδας·
1441 869 1588 932 ὅπως
1618 886 1676 922 τε
1718 869 1887 940 ᾔτησε

300 961 530 1032 δέσμιος
565 962 639 1016 ὣν
663 964 1067 1033 δημηγορῆσαι,
1097 966 1191 1017 καὶ
1232 964 1308 1029 ὡς
1351 966 1657 1038 δημηγορεῖ
1679 984 1695 998 ο
1739 969 1888 1032 ὅπως

299 1072 364 1107 τε
407 1055 631 1125 Βινδόης
682 1055 1006 1126 δημηγορεῖ,
1052 1056 1146 1110 καὶ
1195 1056 1606 1123 κατασφάζεται
1658 1057 1887 1110 ἐνώπιον

317 1147 594 1216 Ὀρμίσδα
620 1149 647 1199 ὁ
675 1145 766 1217 [89
797 1147 888 1218 IL]
918 1151 1045 1211 παῖς
1087 1151 1182 1203 καὶ
1208 1149 1559 1219 τεμαχίζεται
1586 1152 1618 1220 ἡ
1651 1149 1884 1220 βασιλὶς,

301 1237 403 1290 καὶ
433 1235 735 1304 τυφλοῦται
763 1238 857 1290 καὶ
889 1238 1050 1300 αὐτὸς
1089 1238 1381 1308 Ὀρμίσδας
1400 1254 1413 1268 ο
1455 1237 1602 1302 ὅπως
1628 1255 1688 1291 τε
1728 1237 1885 1292 ὔστε-

303 1343 402 1398 ρον
431 1328 540 1380 ύπδ
586 1327 680 1381 106
724 1328 911 1410 παιδὸς
952 1329 1213 1400 Χοσρόου,
1248 1328 1308 1382 ὃν
1345 1331 1643 1400 ἐστήσαντο
1681 1331 1888 1402 Πέρσαι

302 1419 562 1489 βασιλέα,
617 1420 872 1490 ῥοπάλοις
914 1422 1245 1491 ἀναιρεῖται.
1288 1421 1649 1492 Ἐπικράτειά
1691 1441 1748 1476 τε
1788 1424 1888 1493 τῆς

299 1512 626 1582 τυραννίδος
662 1512 878 1584 Βαρὰμ,
923 1513 1019 1565 καὶ
1061 1512 1207 1582 φυγὴ
1249 1512 1493 1582 Χοσρόου
1536 1512 1630 1566 τοῦ
1663 1513 1886 1582 Περσῶν

303 1605 606 1674 βασιλέως,
633 1607 784 1670 ὅπως
815 1623 872 1659 τε
901 1606 996 1659 ἐπὶ
1019 1608 1080 1660 τὸ
1108 1607 1442 1677 Κιρκήνσιον
1462 1608 1491 1660 ὁ
1523 1607 1750 1677 Περσῶν
1791 1607 1888 1678 βα-

303 1697 496 1762 σιλεὺς
530 1698 911 1769 παραγίνεται,
946 1699 1346 1770 προσχωρήσας
1366 1699 1663 1769 Μαυρικίῳ
1687 1697 1764 1768 τῷ
1792 1697 1890 1752 αύ-

297 1791 628 1861 τοκράτορι,
652 1792 801 1854 ὅπως
823 1808 882 1842 τε
910 1789 1368 1861 διαπρεσϐεύεται
1388 1791 1522 1860 πρὸς
1543 1791 1727 1844 αὐτόν.
1757 1792 1895 1862 Περὶ
1920 1757 1970 1815 Β

295 1882 508 1952 Βαρὰμ
524 1882 582 1935 δὲ
607 1883 789 1947 πάλιν,
820 1884 969 1946 ὅπως
989 1881 1384 1953 τεχναζόμενος
1415 1883 1506 1936 ὑπ’
1527 1883 1706 1936 αὐτῶν
1730 1884 1895 1954 ἀναῤ-

295 1971 547 2044 ρηθῆναι
574 1971 826 2042 βασιλεὺς
855 1972 950 2025 καὶ
990 1971 1065 2042 μὴ
1115 1970 1294 2042 τυχὼν
1329 1971 1522 2025 ἐαυτὸν
1557 1974 1894 2043 ἀνηγόρευσε

299 2066 561 2137 βασιλέα.
590 2066 779 2124 Ὅπως
825 2064 853 2114 ὁ
897 2062 1153 2132 βασιλεὺς
1186 2063 1437 2134 Χοσρὸην
1473 2065 1566 2116 ἐπὶ
1605 2064 1706 2132 τὴν
1743 2063 1898 2134 ἱερὰν

299 2157 468 2211 πόλιν
500 2157 748 2228 μετάγει,
776 2154 1050 2226 βασίλειον
1091 2156 1242 2221 αύτῷ
1273 2155 1571 2225 θεραπείαν
1616 2156 1892 2228 συστησά-

301 2265 496 2320 μενος.
528 2249 640 2302 Kal.
689 2248 821 2317 περὶ
876 2247 987 2300 τῶν
1042 2247 1508 2319 συγκυρησάντων
1553 2248 1750 2319 Βαρὰμ
1801 2248 1898 2301 καὶ

296 2341 525 2412 Χοσρόῃ
557 2339 665 2410 πρὸ
699 2338 800 2409 τῆς
845 2337 1156 2409 Ῥωμαϊκῆς
1189 2339 1524 2410 συμμαχίας,
1552 2340 1647 2392 καὶ
1676 2340 1751 2404 ὡς
1779 2340 1897 2393 δια-

298 2432 796 2504 πρεσϐευσάμενος
822 2430 1018 2501 Βαρὰμ
1042 2431 1180 2501 πρὸς
1208 2432 1302 2484 τὸν
1325 2432 1707 2503 αὐτοκράτορα
1737 2433 1896 2486 Μαυ-

301 2525 490 2596 ρίκιον
505 2523 915 2594 ἀποπέμπεται,
929 2523 1384 2593 διαπρεσϐεύεται
1399 2524 1454 2576 δὲ
1472 2524 1634 2578 πάλιν
1650 2525 1899 2597 Χοσρόης

298 2617 402 2669 καὶ
423 2616 710 2686 τυγχάνει.
738 2615 928 2678 Ὅπως
949 2617 976 2668 ὀ
1000 2614 1257 2685 βασιλεὺς
1281 2616 1374 2668 τὸν
1394 2617 1494 2685 τῆς
1522 2616 1832 2688 Μελιτηνῆς
1853 2619 1898 2650 ⁶⁹

301 2711 463 2781 ἱερέα
516 2711 634 2781 ἅμα
682 2711 728 2743 ⁷⁰
779 2710 1066 2782 Γρηγορίῳ
1121 2711 1199 2779 τῷ
1261 2711 1595 2780 Ἀντιοχείας
1648 2713 1900 2784 ἀρχιερεῖ

299 2802 448 2872 πρὸς
481 2802 731 2873 Χοσρὸην
779 2802 1077 2871 ἐξέπεμψε.
1111 2803 1252 2873 Περὶ
1295 2803 1398 2872 τῆς
1439 2802 1754 2871 δολοφονίας
1791 2806 1897 2858 Βα-

303 2898 449 2969 ρὰμ,
472 2899 543 2969 ἣν
569 2899 856 2970 Ζαμὲρδης
879 2899 971 2951 καὶ
998 2898 1322 2970 Ζοανάμϐης
1339 2900 1384 2932 ’τί
1407 2901 1897 2968 συνεσκευάσαντο,

300 2995 406 3046 καὶ
437 2993 572 3062 περὶ
613 2992 707 3045 τοῦ
738 2993 901 3060 φόνου
933 2991 1038 3044 τῶν
1066 2993 1147 3056 είς
1187 2991 1348 3045 τοῦτο
1396 2993 1896 3065 συμπραξαμένων.

1989 505 2189 559 bellum
2239 502 2530 558 invaluerit
2583 501 2918 564 intestinum,
2971 513 3196 570 quaque
3237 500 3293 554 in
3337 498 3555 556 Barami

1989 596 2275 667 tyrannide
2303 595 2604 650 acciderint
2634 593 2894 657 victoriae,
2921 605 2984 646 ac
3011 607 3098 646 res
3125 591 3396 646 secundae.
3451 592 3572 646 Ca:-

1987 693 2109 746 dem
2171 692 2299 746 item
2346 689 2728 754 Plierecliani,
2787 700 3206 752 successumque
3255 683 3566 751 Zadesprae.

1989 785 2272 853 Quomodo
2333 800 2360 837 a
2412 784 2619 836 Bindoe
2646 781 2722 853 (8)
2751 795 2919 849 regno
2947 788 3140 834 exutus
3166 773 3504 841 Hormiédas,
3535 793 3572 832 e

1990 877 2225 933 vinculis
2267 889 2486 930 causam
2518 874 2697 928 dicere
2722 871 3024 942 postularit,
3067 883 3334 938 causaque
3386 867 3556 931 dicta,

1990 971 2346 1025 concionatus
2377 966 2447 1021 sit
2477 977 2530 1021 et
2556 966 2809 1020 Bindoes.
2857 962 2914 1017 In
2946 962 3250 1018 Hormisda:
3292 959 3569 1027 ocnlisju-

1991 1062 2205 1130 gulatus
2235 1060 2400 1124 ﬁlius,
2426 1057 2609 1127 regina
2636 1057 2710 1127 (9)
2744 1070 2962 1125 quoque
2988 1057 3040 1108 in
3069 1067 3252 1123 partes
3280 1054 3511 1106 disserta
3549 1069 3563 1106 :

1991 1155 2107 1221 ipse
2145 1161 2450 1206 excaecatus
2493 1148 2807 1202 llormisdas
2843 1165 2855 1200 :
2894 1156 3015 1215 post
3063 1145 3226 1198 etiam
3270 1159 3298 1196 a
3328 1142 3570 1196 Chosroe

1995 1246 2108 1300 filio
2163 1260 2281 1311 suo,
2315 1259 2474 1313 quem
2535 1243 2714 1297 Persae
2760 1254 2939 1308 regem
2992 1239 3092 1295 sibi
3149 1237 3567 1299 constituerant,

1994 1341 2227 1396 fustibus
2275 1348 2495 1393 necatus
2534 1346 2638 1392 est.
2685 1334 3012 1407 Tyrannidis
3052 1332 3265 1386 Barami
3310 1331 3580 1401 potentia,

1991 1444 2046 1488 et
2095 1433 2337 1488 Chosroe
2374 1430 2662 1485 Persarum
2696 1426 2838 1498 regis
2885 1425 3030 1496 fuga,
3066 1433 3231 1492 utque
3279 1425 3346 1478 ad
3383 1424 3570 1476 Circe-

1988 1528 2128 1584 sinm
2155 1526 2386 1587 delatus,
2421 1523 2487 1577 ad
2528 1519 2842 1575 Mauricium
2876 1518 3256 1585 imperatorem
3312 1517 3566 1571 tendens.

1991 1619 2313 1690 legationem
2374 1617 2439 1671 ad
2499 1629 2622 1670 eum
2674 1613 2905 1667 miserit.
2945 1610 3181 1664 Rursum
3216 1610 3282 1663 de
3319 1608 3570 1674 Baramo,

1995 1714 2074 1767 uti
2098 1712 2225 1767 dum
2265 1717 2382 1765 astu
2435 1717 2638 1779 ageret,
2672 1716 2731 1761 ut
2767 1719 2860 1759 rex
2892 1704 2958 1756 ab
2992 1702 3096 1756 illis
3124 1710 3428 1763 crearetur,
3473 1713 3573 1753 nec

1997 1801 2106 1857 voti
2156 1801 2310 1856 ﬁeret
2362 1812 2605 1866 compos,
2663 1809 2843 1864 regem
2897 1808 2955 1847 se
3011 1794 3126 1860 ipse
3182 1788 3568 1860 pronuntiarit.

1998 1892 2278 1962 Quomodo
2323 1889 2510 1945 Caesar
2553 1885 2877 1956 Hierapolim
2928 1881 3216 1937 deduxerit
3269 1879 3572 1943 Chosroen,

1997 1984 2180 2039 addita
2220 1985 2383 2036 etiam
2431 1978 2634 2033 familia
2687 1991 2812 2046 rege
2845 1976 3001 2043 digna
3039 1972 3173 2044 (10).
3224 1971 3424 2038 Deiis,
3455 1984 3578 2039 qua:

1998 2084 2149 2144 gesta
2178 2070 2458 2126 Chosroen
2512 2071 2656 2122 inter
2699 2077 2755 2122 et
2779 2067 3092 2126 Baramum,
3129 2070 3416 2130 antequam
3452 2074 3588 2112 cum,

1999 2163 2260 2220 Romanis
2311 2160 2487 2216 foedus
2518 2159 2674 2213 fieret
2706 2174 2720 2211 :
2768 2166 2933 2225 utque
2969 2155 3034 2206 ad
3088 2151 3408 2205 Mauricium
3442 2149 3574 2217 imp.

1999 2257 2269 2328 legatione
2300 2255 2488 2318 missa,
2530 2251 2791 2304 Baramus
2841 2249 3114 2317 repulsam
3161 2246 3366 2310 tulerit,
3435 2241 3582 2296 Cho—

1999 2365 2153 2405 sroes
2179 2357 2368 2405 contra
2393 2342 2810 2415 impetrarit.De
2835 2339 3101 2409 legatione
3133 2335 3422 2390 Domitiani
3439 2335 3486 2403 (l
3505 2335 3574 2401 ι),

1998 2442 2268 2499 Meletinae
2301 2437 2558 2509 episcopi,
2595 2444 2649 2490 et
2671 2432 2916 2502 Gregorii
2951 2429 3197 2498 praesulis
3241 2426 3571 2487 Antiochia»,

2001 2533 2070 2588 ab
2110 2533 2441 2601 imperatore
2501 2529 2568 2581 ad
2618 2525 2897 2579 Chosroen
2936 2520 3127 2575 missa.
3181 2520 3254 2572 De
3311 2531 3444 2570 nece
3475 2515 3580 2568 B‘a-

2000 2637 2154 2680 ramo
2179 2637 2277 2692 per
2306 2620 2548 2674 fraudem
2575 2632 2606 2671 a
2633 2615 2900 2670 Zamerda
2955 2621 3011 2668 et
3027 2608 3333 2664 Zoanamba
3366 2615 3580 2678 parata,

1999 2727 2294 2783 eorumque
2322 2711 2488 2777 caede,
2503 2710 2594 2779 qui
2619 2708 2695 2763 rei
2730 2705 2937 2762 conscii
2967 2702 3216 2758 fuissent.
3241 2701 3316 2755 De
3345 2699 3574 2762 Bindoe,

2001 2806 2222 2861 homine
2266 2803 2452 2868 Persa,
2493 2812 2662 2871 utque
2700 2813 2731 2853 e
2765 2797 2988 2852 Perside
3020 2787 3241 2864 fugerit,
3283 2795 3425 2863 quod
3453 2807 3598 2864 per-

2000 2911 2283 2954 cussorum
2328 2893 2542 2949 Barami
2586 2891 2803 2961 gsocius
2841 2897 3006 2955 esset;
3045 2888 3112 2942 de
3155 2885 3515 2955 Martyropoli.-
3550 2900 3611 2939 ιι..

2001 2994 2244 3050 Chosroe
2300 2989 2559 3044 Romanis
2596 2984 2802 3041 reddita
2834 2983 3012 3053 30a,
3061 2982 3236 3050 deque
3282 2979 3421 3033 Sitta
3467 2978 3584 3049 (12)

302 3083 456 3154 Περὶ
490 3083 709 3136 Βινδόου
735 3083 826 3136 106
853 3083 1090 3154 Πέρσου,
1118 3084 1211 3136 καὶ
1238 3083 1387 3148 ὅπως
1415 3083 1740 3154 δραπετεύει
1762 3085 1893 3156 Περ-

2006 3085 2241 3140 ﬂammis
2293 3091 2508 3138 exusto.
2559 3076 2751 3134 Oratio
2800 3077 2926 3129 item
2977 3071 3235 3127 solemnis
3277 3070 3488 3138 Publice
3515 3068 3586 3123 de

304 3176 458 3242 αίδα,
485 3177 584 3247 τῆς
613 3175 756 3230 κατὰ
789 3177 986 3247 Βαρὰμ
1027 3176 1321 3247 ἐπιϐουλῆς
1356 3177 1613 3239 κοινωνὸς
1635 3176 1896 3246 γεγονώς.

305 3269 512 3333 Ὅπως
557 3271 593 3340 ή
653 3270 1074 3342 Μαρτυρόπολις
1122 3270 1228 3323 ὑπὸ
1283 3269 1525 3341 Χοσρόου
1584 3270 1895 3325 ἀποδίδοται

2005 3184 2225 3244 recepta
2287 3171 2422 3226 urbe
2473 3169 2654 3224 habita
2714 3181 2744 3220 a
2803 3163 3114 3219 Domitiano
3168 3159 3602 3216 Melitinensium.

2001 3267 2251 3339 prmsule.
2285 3263 2351 3317 Et
2382 3263 2448 3316 de
2480 3261 2564 3316 his
2595 3267 2830 3330 quatuor
2856 3258 3014 3312 liber.

317 3361 644 3432 Ῥωμαίοις,
673 3363 768 3414 καὶ
799 3362 931 3433 περὶ
957 3363 1056 3432 τῆς
1088 3363 1131 3394 ⁷³
1160 3362 1325 3415 Σίττα
1387 3361 1475 3416 διὰ
1513 3364 1686 3435 πυρὸς
1754 3364 2122 3436 ἀναιρέσεως,
2188 3361 2283 3415 καὶ
2335 3356 2662 3430 ἑορταστικὴ
2753 3353 2848 3407 106
2900 3351 3198 3405 ἐπισκόπου
3281 3350 3584 3420 Μελιτηνῆς

309 3459 667 3529 (Δομετιανὸς
686 3457 858 3529 ὄνομα
873 3457 1043 3529 αύτῷ)
1070 3459 1163 3511 ἐπὶ
1182 3461 1251 3530 τῇ
1273 3459 1543 3530 ἀναλήψει
1565 3461 1658 3514 106
1681 3462 1894 3526 ἄστεος.
1943 3461 2032 3515 Ἐν
2064 3455 2146 3523 οἷς
2173 3459 2270 3512 καὶ
2297 3457 2327 3508 ὁ
2359 3455 2620 3524 τέταρτος
2654 3450 2832 3518 λόγος.

394 3552 458 3604 ὐ
482 3551 540 3604 δὲ
573 3551 822 3620 πέμπτος
853 3551 1125 3618 διέξεισιν,
1158 3553 1306 3615 ὅπως
1346 3552 1591 3622 Χοσρόης
1621 3555 1649 3606 ὁ
1677 3554 1903 3625 Περσῶν

313 3641 576 3712 βασιλεὺς
625 3641 829 3712 ἀπορία
869 3641 969 3710 τὴν
1003 3640 1183 3711 ψυχὴν
1221 3642 1694 3712 κατατρυχὸμενος
1735 3644 1903 3714 ἐπρέ-

315 3735 484 3788 σϐευε
508 3735 602 3787 τὸν
620 3735 677 3785 ἐν
701 3733 938 3804 μάρτυσι
956 3735 1202 3804 Σέργιον,
1227 3733 1286 3786 ὂν
1310 3733 1406 3787 καὶ
1421 3733 1489 3786 τὰ
1517 3734 1682 3787 λοιπὰ
1707 3735 1899 3809 [Ii/UL]

315 3830 576 3902 βάρϐαρα
610 3830 1006 3901 πρεσϐεύουσιν
1043 3829 1193 3900 ἔθνη,
1223 3830 1376 3884 λύσιν
1407 3831 1518 3884 τῶν
1553 3831 1902 3902 δυστυχημά-

313 3941 426 3976 των
461 3924 679 3993 εὑρεῖν·
714 3923 810 3976 καὶ
839 3923 915 3986 ὡς
945 3921 1165 3994 σταυρῷ
1192 3923 1380 3995 χρυσῷ
1405 3924 1769 3994 λιθοκολλήτῳ
1790 3925 1904 3976 ἐτί-

320 4031 527 4086 μησενο
561 4014 812 4068 ἐντεῦθέν
838 4033 895 4067 τε
934 4015 1252 4086 Ζαδέσπρας
1289 4015 1377 4068 διὰ
1414 4016 1580 4069 Ῥοσᾶ
1609 4016 1908 4086 δολοφονεῖ-

2082 3552 2312 3620 Quintus
2344 3549 2506 3603 Liber
2538 3545 2798 3608 continet,
2833 3549 2893 3595 ut
2923 3540 3087 3595 animi
3119 3538 3332 3605 dubius,
3360 3546 3416 3592 et
3445 3549 3589 3605 aeger

2008 3645 2300 3707 Cbosroes,
2327 3639 2614 3696 Persarum
2640 3651 2753 3702 rex,
2783 3635 2997 3689 beatum
3022 3629 3269 3700 Sergium
3299 3637 3587 3699 martyrem

2009 3747 2299 3793 veneratus
2347 3735 2438 3797 sit,
2485 3746 2644 3800 quem
2676 3739 2731 3782 et
2780 3728 3036 3781 Barbarae
3090 3725 3339 3777 nationes
3382 3726 3590 3775 honore

2012 3830 2228 3885 afﬁcere
2274 3825 2712 3889 consuevissent,
2763 3835 2870 3890 quo
2914 3817 3179 3873 malorum
3212 3815 3588 3870 liberationem

2013 3923 2306 3991 reperiant.
2343 3920 2518 3988 thue
2565 3929 2728 3970 cruce
2771 3926 2934 3967 aurea
2961 3910 3099 3979 (15),
3133 3906 3442 3978 margaritis
3474 3906 3588 3960 dis-

2017 4017 2208 4079 tincta,
2245 4027 2366 4067 eum
2424 4007 2750 4064 honorarit:
2790 4005 3028 4073 indeque
3051 4001 3338 4069 Zadesprae
3365 3997 3589 4052 fraudu-

317 4126 407 4161 ται
438 4107 787 4177 Βλησχάνους
821 4107 1144 4177 ὑποθήκαις,
1181 4106 1276 4160 καὶ
1327 4101 1498 4160 τᾶλλα
1533 4106 1752 4179 θυμήρη
1809 4108 1893 4160 Xo

2017 4109 2161 4163 lenta
2208 4121 2301 4176 per
2328 4105 2565 4158 Rhosam
2597 4098 2794 4164 cmdes,
2837 4094 3066 4150 consil-io
3093 4089 3429 4156 Bleschanis,
3455 4087 3592 4142 alia-

322 4201 460 4272 σρόῃ
525 4202 781 4271 συναντᾷ.
828 4203 966 4272 Περὶ
1017 4200 1110 4253 106
1186 4199 1626 4265 ἐκδανεισθέντος
1687 4200 1893 4272 χρυσίοι

2021 4215 2148 4270 que,
2182 4213 2305 4268 quze
2334 4211 2402 4250 ex
2440 4192 2612 4248 animi
2645 4188 2912 4245 sententia
2955 4185 3214 4240 Chosroaa
3251 4180 3589 4237 obvenerint.

320 4254 542 4364 ὶξοσρόῃ
575 4290 654 4362 τῷ
685 4254 923 4361 Περσῶν⁸
941 4290 1152 4360 βασιλεῖ
1191 4292 1294 4344 ὑπὸ
1323 4254 1634 4363 Μαυρικίου
1669 4254 1762 4345 τ’δύ
1809 4293 1893 4344 αύ-

2011 4254 2090 4344 Ιλε
2124 4254 2239 4340 auri
2279 4283 2504 4356 pecunia
2564 4289 2750 4335 mutua
2788 4276 3048 4332 Chosroe:
3081 4272 3366 4328 Persarum
3408 4269 3515 4338 regi
3561 4254 3594 4322 ιι

321 4362 684 4456 τοκράτορος,
736 4384 832 4436 καὶ
879 4383 956 4446 ὡς
1005 4385 1363 4453 χειρογραφεῖ
1420 4362 1668 4454 Χοσρόης
1712 4383 1774 4437 τὸ
1821 4384 1893 4438 δάε

2014 4378 2275 4434 Mauricio
2293 4377 2483 4444 imper.
2515 4373 2661 4435 data,
2684 4368 3035 4439 ejusdemque
3060 4365 3203 4432 regis
3230 4362 3592 4430 chirographo

324 4455 549 4544 νεισμα.
600 4472 873 4542 Πρεσϐεία
915 4489 974 4525 τε
1003 4473 1246 4542 Χοσρόου
1292 4473 1377 4542 ἐφ’
1401 4465 1446 4540 ᾧ
1480 4474 1784 4544 ἀποστῆναι
1808 4475 1893 4527 Κοη

2017 4480 2250 4540 acceptae
2275 4469 2530 4540 pecuniae.
2574 4463 2796 4533 Legatio
2823 4461 2952 4514 item
2981 4458 3238 4512 Chosroaa
3271 4465 3328 4509 ut
3356 4455 3591 4508 Comen-

335 4533 613 4636 μεντίολον
637 4533 739 4634 τῆς
759 4565 1080 4635 ἡγεμονίας,
1100 4533 1196 4617 aia).
1221 4533 1524 4635 χειροτονία
1546 4533 1766 4635 Ναρσοῦ
1795 4567 1891 4621 ἀντ

2021 4533 2161 4620 ιιοιο’
2179 4533 2450 4616 exercitus
2490 4557 2812 4628 prmiectura
2836 4551 3190 4605 adimeretur.
3218 4547 3425 4600 Narsen
3481 4543 3593 4612 (l4)

333 4655 723 4726 Κομεντιόλου,
753 4656 845 4708 καὶ
873 4655 1158 4725 συμμαχία
1191 4655 1480 4726 Ῥωμαίων
1519 4656 1662 4710 κατὰ
1699 4656 1794 4711 106
1822 4675 1887 4710 τυ

2017 4670 2148 4727 ergo
2164 4651 2536 4709 Comentiolus
2569 4660 2940 4704 successorem
2973 4644 3160 4697 habuit
3194 4660 3210 4708 ;
3239 4639 3595 4693 foederatum-

338 4749 532 4818 ράννου
564 4747 784 4817 Βαράμ.
818 4747 928 4799 Καὶ
954 4746 1086 4816 περὶ
1121 4745 1228 4798 τῶν
1255 4744 1556 4816 βασιλικῶν
1591 4745 1779 4818 δώρων
1805 4747 1893 4800 τῶι

2016 4765 2121 4819 que
2155 4747 2523 4801 Romanorum
2549 4746 2808 4796 adversus
2830 4740 3024 4794 Baram
3047 4747 3334 4808 tyrannum
3373 4729 3592 4785 bellum.

339 4839 640 4891 σταλέντων
669 4838 885 4909 Χοσρόῃ
908 4838 1012 4890 ὑπὸ
1042 4837 1136 4890 106
1173 4837 1574 4909 αὐτοκράτορος
1592 4855 1606 4868 ο
1647 4840 1744 4891 καὶ
1768 4839 1893 4892 am

2016 4838 2092 4891 De
2125 4836 2288 4904 regiis
2315 4833 2569 4888 Chosroa:
2589 4831 2656 4885 ab
2686 4832 3012 4899 imperatore
3045 4825 3225 4880 missis
3259 4820 3602 4884 muneribus,

337 4929 432 4993 τὰς
478 4930 626 4994 κλεῖς
674 4928 770 4983 106
800 4930 979 5001 Δαρὰς
1020 4931 1048 4982 ὁ
1090 4929 1338 5000 Χοσρόης
1375 4929 1465 4983 διὰ
1488 4930 1584 4982 τοῦ
1633 4931 1893 5000 πρέσϐεω.

2017 4938 2183 4995 utque
2217 4925 2394 4978 claves
2437 4923 2585 4976 urbis
2629 4920 2797 4974 Duras
2835 4921 2922 4975 ille
2969 4934 3064 4989 per
3096 4916 3320 4970 Dolbant
3362 4912 3594 4980 legatum

1645 5048 1878 5104 VARl/E
1915 5043 2318 5102 LECTIONES.

1067 5141 1111 5172 ⁸⁸
1141 5140 1490 5212 προχὼρησις
1521 5158 1581 5204 ς’.
1678 5140 1721 5174 ⁶⁹
1753 5138 2058 5210 ,Μελιτινῆς
2096 5155 2156 5202 ς.
2263 5136 2310 5168 "°
2347 5136 2464 5207 ἅμα
2511 5135 2589 5206 τῷ
2648 5134 2818 5205 Γρηγ.
2879 5149 2940 5195 ς.
3041 5129 3084 5159 ⁷¹
3126 5119 3464 5190 Ζωανάμδης
3531 5135 3600 5179 (ἔα

410 5143 452 5174 ⁸⁷
513 5141 863 5212 συνεκύρωσε
899 5160 961 5206 ς.

345 5213 390 5244 ’ί
415 5212 533 5285 τῆς]
567 5214 670 5283 τῆς
696 5212 790 5266 106
823 5229 908 5267 στ.

1944 5293 2082 5350 ΤᾹΞ.

1850 5293 2189 5448 Noniai'ttl,
2231 5395 2356 5450 cap.
2407 5380 2500 5442 20,
2558 5387 2606 5431 et
2655 5350 2803 5443 prius
2834 5385 2990 5428 etiam
3039 5370 3303 5442 lapidibus
3343 5369 3596 5423 obrutum

2020 5454 2214 5520 Evagr.
2251 5449 2345 5506 lib.
2382 5466 2455 5512 vt,
2487 5465 2606 5518 cap.
2639 5449 2725 5501 18.

2058 5510 2206 5648 7(ivli)
2239 5510 2461 5591 Niceph.
2489 5510 2584 5572 lib'.
2616 5534 2772 5584 xvm,
2803 5529 2922 5584 cap.
2957 5513 3018 5568 ill
3056 5529 3070 5579 ;
3103 5520 3156 5567 et
3186 5510 3277 5566 lib.
3312 5525 3443 5575 xvn,
3473 5525 3608 5574 cap..

2095 5635 2205 5735 (it)
2235 5663 2367 5720 Ibid.
2405 5676 2522 5730 cap.
2551 5659 2642 5714 ao.

418 5394 495 5464 (8)
519 5393 751 5464 Niceph.
776 5393 872 5448 lib.
908 5408 1060 5457 xvnt,
1089 5407 1204 5460 cap.
1234 5392 1320 5447 l9.

419 5457 494 5535 (9)
534 5466 598 5518 Ut
623 5457 678 5518 ei.
705 5465 928 5535 Roxane
954 5464 1092 5529 apud
1122 5457 1352 5535 Ctesiam
1379 5458 1694 5535 inl’ersicis
1718 5457 1843 5535 in_ft_‘.

418 5527 688 5606 (1'0)Cum
738 5533 920 5586 multis
965 5527 1276 5606 muneribus
1324 5532 1506 5602 regiis,
1549 5529 1722 5597 inquit
1756 5527 1914 5581 Nice-

358 5602 519 5676 phor.:
540 5605 632 5676 lib.
657 5619 812 5676 xvnt,
842 5618 962 5671 cap.
995 5602 1086 5676 ει).

424 5673 531 5742 (H)
572 5673 813 5728 Mauricii
848 5669 1060 5742 cognati
1087 5669 1310 5739 Niccpli.
1349 5670 1565 5742 ibidem.

426 5737 533 5812 (1‘2)
577 5746 634 5800 lu
665 5759 881 5800 crucem
918 5737 1104 5799 actum
1143 5737 1312 5798 Sit—am
1358 5741 1520 5798 refert
1552 5737 1773 5810 Niccph.
1820 5737 1910 5792 lib.
