3980 6234
227 309 397 385 153~

1386 315 1912 381 BIBLIOTHECA.
1942 347 2013 357 --
2047 321 2212 385 COD.
2256 324 2420 387 LXV.

3406 329 3510 396 154

229 421 583 478 ἑπιδιώκεται
612 422 726 477 ὑπό
752 443 897 490 τινος
926 427 1036 481 τῶν
1075 428 1388 501 δορυφόρων
1418 431 1464 463 ⁸⁸
1492 433 1587 485 καὶ
1622 433 1813 503 ἑτέρου

1940 437 1988 492 ιι)
2042 454 2203 493 aurea
2280 446 2604 495 ornamenta
2652 453 2717 495 ex
2772 439 2987 496 insidiis
3039 440 3422 510 interfecerit,
3455 456 3511 500 et

229 515 378 580 τινος
406 515 687 586 Γήπαιδος
717 518 787 583 ⁸⁸,
818 520 968 582 ὅπως
994 537 1054 573 τε
1084 522 1113 573 6
1133 522 1430 595 δορυφόρος
1460 522 1552 578 διὰ
1577 524 1649 577 τά
1684 523 1816 595 περὶ

234 611 398 665 αὑτὸν
436 610 673 680 χρύσεια
707 611 1093 683 δολοφονεῖται,
1142 614 1239 669 καὶ
1280 615 1355 678 ὼς
1394 615 1573 686 χρόνῳ
1623 614 1819 687 μακρῷ

235 701 461 774 ὕστερον
486 707 517 757 6
544 704 760 775 Γήπαις
787 704 1139 774 δολοφονῆσαι
1169 706 1444 777 φωραθεὶς
1474 707 1610 779 πυρὶ
1641 724 1820 780 παρα-

234 798 459 852 δίδοται.
497 798 773 869 Στρατεία
815 797 1058 869 Ἀϐάρων
1081 798 1224 852 κατὰ
1272 799 1560 868 Ῥωμαίων
1589 799 1685 851 καὶ
1718 814 1818 850 πο-

235 890 455 961 λιορκία
471 891 788 959 Σιγγιδόνος
806 890 904 960 τῆς
920 889 1149 955 πόλεως,
1167 890 1475 962 χειροτονία
1494 908 1554 942 τε
1579 891 1820 961 Πρίσκου

236 982 331 1036 τοῦ
361 983 705 1054 στρατηγοῦ,
736 983 832 1036 καὶ
861 983 1008 1045 ὅπως
1029 980 1123 1035 τοῦ
1140 982 1281 1036 κατὰ
1297 983 1397 1048 τὴν
1418 981 1692 1053 Εὐρώπην
1722 1000 1821 1036 πο-

235 1076 408 1146 λέμου
429 1076 624 1130 τοῦτον
654 1077 1051 1147 προεστήσατο,
1084 1075 1196 1129 Καὶ
1222 1076 1371 1138 ὅπως
1402 1076 1431 1127 6
1464 1076 1715 1142 Χαγάνος
1743 1076 1825 1136 είς

237 1168 547 1240 Δριζίπερα
566 1168 864 1239 γενόμενος
892 1169 982 1221 τὸν
1000 1168 1137 1221 νεὼν
1182 1165 1532 1239 Ἀλεξάνδρου
1557 1166 1651 1221 τοῦ
1686 1167 1825 1238 μάρ-

237 1277 402 1332 τυρος
434 1259 789 1330 ἐπυρπόλησε
814 1259 860 1291 ⁸⁷
878 1301 893 1327 ,
929 1260 1024 1312 καὶ
1051 1259 1200 1323 ὅπως
1231 1260 1289 1313 ἐν
1310 1258 1662 1330 Τζουρουλὼν
1687 1259 1735 1293 ⁸⁸
1758 1262 1822 1330 τῇ

238 1352 395 1405 πόλει
456 1352 721 1421 Ῥωμαῖοι
761 1350 1209 1420 συγκλεισθέντες
1261 1350 1368 1405 ὑπὸ
1425 1351 1522 1404 τοῦ
1570 1352 1826 1420 Χαγάνου

237 1443 688 1515 πολιορκοῦνται,
723 1445 870 1508 ὅπως
908 1461 968 1497 τε
991 1443 1129 1515 δόλῳ
1167 1444 1450 1512 φενακίζει
1492 1443 1586 1496 τὸν
1620 1442 1830 1515 βάρϐα-

237 1553 333 1607 ρον
367 1537 400 1589 6
427 1535 740 1607 Μαυρίκιος
785 1536 881 1590 καὶ
912 1535 1015 1605 τῆς
1059 1535 1379 1606 πολιορκίας
1423 1535 1651 1604 ἀπάγει.
1682 1537 1826 1607 Πρε-

239 1627 402 1680 σϐεία
433 1626 480 1661 ⁸⁸
510 1644 572 1681 τε
614 1627 861 1697 Ἀϐάρων
911 1628 1048 1700 πρὸς
1086 1627 1414 1698 Ῥωμαίους,
1465 1629 1561 1681 καὶ
1599 1629 1700 1682 ὅσα
1750 1626 1831 1699 τῷ

247 1719 609 1791 ’Δρδαγάστῳ
635 1720 701 1771 ὲκ
732 1718 833 1788 τῆς
873 1717 1160 1790 Ῥωμαίων
1206 1719 1491 1789 ἀπήντησε
1525 1718 1827 1788 δυνάμεως,

1926 528 2087 599 longo
2112 539 2236 599 post
2262 531 2550 586 intervallo
2576 532 2739 586 czedis
2769 547 2894 588 reus
2924 532 3320 601 deprehensus,
3353 534 3510 589 flam-

1928 620 2031 674 mis
2066 623 2314 676 traditus.
2357 622 2661 678 Abarorum
2685 635 2874 677 contra
2922 623 3194 680 Romanos
3216 627 3508 694 expeditio,

1926 712 2184 781 urbisque
2236 711 2547 781 Singidouis
2598 715 2892 770 obsidium.
2955 715 3038 770 Uti
3085 713 3307 772 Priscus
3356 717 3509 787 (Ἡ),

1928 804 2052 858 belli
2111 806 2216 858 dux
2264 805 2525 868 delectus,
2559 815 2616 860 et
2658 808 2866 862 militia!
2906 807 3181 875 Europam
3223 808 3513 877 praefectus

1930 895 2022 951 sit.
2056 894 2130 952 Ut
2174 894 2466 966 Cliaganus
2504 898 2839 968 Driziperam
2872 899 3089 956 delatus
3107 900 3246 955 beati
3280 902 3513 956 Alexan-

1930 987 2012 1041 dri
2079 990 2338 1060 martyris
2401 991 2656 1058 templum
2714 992 2990 1047 obsederit
3053 1011 3069 1047 :
3124 1003 3181 1047 et
3247 994 3515 1062 quomodo

1931 1079 2168 1135 Tzurulo
2197 1081 2395 1151 oppido
2431 1081 2671 1137 inclusos
2703 1082 2980 1139 Romanos
3010 1084 3300 1155 Chaganns
3328 1089 3517 1141 cinxe-

1932 1175 2047 1227 rit:
2094 1183 2260 1242 utque
2302 1172 2601 1229 Mauricius
2639 1186 2760 1229 astu
2797 1176 3082 1245 deceptum
3123 1175 3421 1232 Barbarum
3450 1178 3518 1232 ab

1932 1264 2216 1319 obsidione
2256 1267 2540 1320 averterit.
2592 1264 2757 1321 Missa
2809 1265 2878 1321 ab
2905 1266 3102 1321 Abaris
3133 1267 3199 1321 ad
3246 1267 3520 1323 Romanos

1933 1354 2174 1424 legatio,
2211 1364 2266 1411 et
2319 1371 2439 1425 qua:
2486 1357 2820 1427 Ardagastus
2871 1357 2940 1412 ab
2989 1359 3227 1413 exercitu
3278 1359 3522 1415 Romano

1935 1447 2208 1517 acceperit
2239 1447 2604 1515 incommoda,
2652 1457 2917 1518 praeterea
2957 1463 3077 1517 quae
3121 1450 3222 1504 sub
3245 1449 3522 1523 Tatimero

1937 1553 2080 1600 acta.
2112 1543 2405 1599 Alexandri
2454 1544 2681 1599 Tribuni
2715 1544 2942 1598 militum
2987 1543 3281 1612 fortitudo,
3330 1542 3523 1603 Roma-

1940 1650 2243 1705 norumque
2284 1651 2373 1691 res
2406 1634 2622 1691 fortiter
2656 1645 2841 1707 gestae,
2883 1647 2938 1692 et
2977 1635 3296 1692 Sclavorum
3330 1635 3520 1690 interi-

1942 1734 2050 1790 tus,
2102 1725 2406 1794 horumque
2439 1725 2681 1781 vicissim
2735 1725 2787 1780 in
2834 1723 3113 1780 Romanos
3158 1726 3415 1794 impetus.
3445 1723 3523 1778 De

235 1811 317 1864 ἔτι
355 1812 418 1865 δὲ
447 1810 643 1865 καὶτὰ
685 1812 829 1866 κατὰ
866 1811 959 1865 τὸν
997 1810 1244 1882 Τατίμερ
1268 1812 1334 1865 ⁸⁸.
1377 1810 1739 1881 Ἀνδραγαθία
1772 1828 1830 1865 τε

1940 1818 2195 1873 monstris
2212 1822 2277 1872 ad
2307 1819 2508 1888 regiam
2541 1819 2729 1873 urbem
2750 1817 3047 1889 natis(2‘2),
3080 1818 3340 1880 infantes,
3378 1833 3520 1873 unus

234 1902 332 1956 τοῦ
398 1903 693 1972 Ῥωμαίων
745 1902 1044 1974 ταξιάρχου
1089 1902 1439 1973 Ἀλεξάνδρου
1465 1943 1481 1970 ,
1523 1902 1619 1955 καὶ
1665 1900 1826 1974 ἀνδρ-

234 1996 444 2064 αγαθία
481 1996 793 2066 Ῥωμαίων,
824 1999 918 2051 καὶ
948 1996 1275 2068 Σκλαϐηνῶν
1311 1995 1608 2068 ἀναίρεσις,
1643 1990 1829 2065 ἔφοδός

235 2106 293 2141 τε
317 2086 660 2158 Σκλαϐηνῶν
681 2088 825 2142 κατὰ
863 2088 1176 2161 Ῥωμαίων.
1214 2090 1350 2160 Περὶ
1388 2089 1499 2143 τῶν
1527 2089 1829 2159 τεχθέντων

236 2179 490 2250 τεράτων
521 2178 630 2250 πρὸ
660 2177 757 2232 τοῦ
801 2178 1011 2242 ἄστεως
1040 2178 1085 2212 ⁹¹
1115 2178 1217 2250 τῆς
1257 2178 1552 2249 βασιλίδος,
1588 2178 1665 2242 ὡς
1691 2180 1738 2211 ⁸³
1767 2178 1830 2231 τὸ

240 2274 340 2344 μὲν
400 2268 474 2343 ἦν
513 2273 561 2307 ⁸³
619 2272 925 2343 τετράπουν
980 2272 1218 2336 παιδίον,
1289 2273 1350 2326 τὸ
1408 2271 1466 2326 δὲ
1512 2272 1824 2344 δικόρυφον.

238 2364 435 2428 Ὅπως
476 2365 721 2436 Πρίσκος
769 2367 1271 2437 ἀποχειροτονεῖται
1319 2364 1397 2436 τῷ
1448 2365 1631 2420 δοῦναι
1670 2366 1719 2399 ’⁵
1749 2364 1828 2436 τῷ

237 2460 481 2529 Χαγάνῳ
530 2458 645 2512 ἀπὸ
670 2458 774 2529 τῆς
810 2459 920 2513 τῶν
959 2458 1288 2529 Σκλαϐηνῶν
1319 2459 1364 2490 ’⁵
1393 2458 1563 2523 λείας,
1604 2460 1699 2512 καὶ
1722 2458 1828 2510 llé—

1932 1908 2140 1976 biceps,
2169 1907 2308 1962 alter
2334 1909 2661 1978 quadrupes.
2698 1906 2791 1963 Uti
2825 1908 3010 1964 Prisco
3045 1908 3329 1977 imperium
3361 1908 3523 1964 fuerit

1933 2000 2251 2070 abrogatum
2306 2000 2462 2071 (23),
2517 2001 2660 2071 quod
2718 2011 2929 2071 partem
2984 2002 3180 2070 praedae
3223 2015 3256 2056 e
3315 2000 3524 2056 Sclavis

1933 2093 2179 2145 abductae
2226 2092 2371 2162 31a
2401 2093 2658 2162 Chagano
2713 2093 2992 2159 donasset,
3046 2091 3233 2162 utique
3298 2106 3396 2161 pro
3444 2092 3521 2146 illi

1934 2183 2130 2240 Petrus
2155 2185 2416 2254 Europzeo
2448 2187 2586 2241 bello
2609 2188 2715 2241 dux
2743 2186 3093 2256 praeficiatur.
3134 2185 3207 2239 De
3235 2184 3523 2242 Theodoro

1935 2277 2066 2330 item
2100 2276 2278 2345 legato
2322 2278 2388 2331 ad
2418 2278 2737 2347 Chagauum
2765 2292 2795 2332 a
2823 2278 3011 2333 Prisco
3040 2279 3119 2333 ire
3161 2278 3338 2347 iusso,
3367 2286 3424 2334 et
3456 2280 3523 2334 de

1935 2367 2051 2435 ejus
2099 2368 2389 2431 doctrina,
2435 2378 2599 2438 atque
2643 2385 2823 2424 rerum
2880 2370 3239 2441 gerendarum
3283 2370 3524 2424 dexteri-

1938 2469 2065 2513 tate.
2106 2458 2172 2514 El
2214 2460 2267 2514 in
2300 2461 2381 2516 his
2422 2460 2559 2515 liber
2592 2472 2801 2516 sextus.

236 2568 367 2622 τρος
396 2554 918 2622 ἀντιχειροτονεῖται
987 2550 1292 2624 στρατηγὸς
1319 2554 1418 2620 τῆς
1457 2552 1599 2607 κατά
1674 2551 1772 2621 τὴν
1800 2549 2075 2622 Εὐρώπην
2132 2552 2342 2623 μάχης’
2396 2553 2491 2606 καὶ
2561 2554 2691 2623 περὶ
2733 2552 3016 2624 Θεοδώρου
3065 2552 3162 2607 τοῦ
3214 2554 3522 2626 πρέσϐεως,

244 2645 533 2708 σταλέντος
560 2643 609 2677 ⁸⁸
655 2646 795 2716 πρὸς
834 2645 926 2700 τὸν
970 2646 1221 2713 Χαγάνον
1273 2644 1380 2698 ὑπὸ
1423 2643 1518 2698 τοῦ
1567 2643 1829 2714 Πρίσκου,
1869 2643 1972 2714 τῆς
2001 2638 2226 2717 τε’περ“ι
2272 2644 2437 2698 αὑτὸν
2475 2645 2726 2709 παιδείας
2771 2647 2865 2700 καὶ
2890 2646 3216 2717 δεξιότητος.
3288 2647 3377 2700 Ἐν
3441 2640 3525 2710 οἷς

242 2743 336 2794 καὶ
371 2741 400 2793 ὁ
430 2740 597 2801 ἕκτος
626 2739 809 2808 λόγος.

326 2833 384 2887 ’0
414 2833 472 2886 δὲ
502 2833 734 2903 ἕϐδομος
761 2832 919 2900 λόγος
944 2832 1299 2902 διαλαμϐάνει
1322 2834 1452 2905 περὶ
1484 2835 1581 2905 τῆς
1605 2850 1838 2907 γεγενη-
1890 2808 1896 2814 ’

249 2926 415 2997 μένης
434 2924 668 2990 ἀταξίας
688 2927 811 2987 ταῖς
827 2925 1111 2994 Ῥωμαίων
1129 2924 1446 2995 δυνάμεσιν,
1466 2925 1746 2997 ἀριστείαν
1774 2943 1837 2979 τε

257 3017 547 3087 Ῥωμαίων
590 3018 734 3071 κατὰ
774 3016 1098 3087 Σκλαϐηνῶν
1131 3017 1251 3087 ἦτοι
1283 3017 1496 3069 Γετῶν·
1530 3018 1691 3072 Γέται
1725 3017 1834 3089 γάρ

245 3108 303 3162 τὸ
325 3108 564 3162 παλαιὸν
597 3108 912 3164 ἐκαλοῦντο.
942 3107 1056 3161 Καὶ
1082 3109 1212 3180 περὶ
1237 3108 1346 3161 τῶν
1387 3110 1446 3161 ὲν
1468 3109 1678 3180 ’Δσίμῳ
1691 3110 1737 3142 ³⁷
1766 3111 1835 3182 τῇ

247 3202 485 3274 θρᾳκῴᾳ
516 3200 675 3254 πόλει
705 3200 897 3272 Πέτρῳ
929 3218 989 3254 τε
1020 3203 1249 3265 καὶτοῖς
1281 3201 1527 3266 πολίταις
1554 3201 1836 3273 συμϐεϐη-
1865 3247 1907 3305 C

249 3296 442 3350 κάτων.
471 3293 589 3347 Καὶ
623 3293 699 3357 ὠς
742 3293 1093 3364 Πιράγαστος
1136 3294 1165 3345 6
1204 3293 1307 3363 τῆς
1356 3293 1464 3346 τῶν
1512 3292 1838 3362 Σκλαϐηνῶν

250 3388 533 3457 δυνάμεως
562 3386 839 3456 φύλαρχος
865 3385 1133 3457 ἀνῄρηται
1157 3402 1171 3417 ’
1202 3385 1294 3458 [93
1323 3384 1414 3459 R.]
1448 3388 1545 3441 καὶ
1571 3387 1840 3458 ἀνδρα-ία-

251 3482 336 3534 llia
367 3479 684 3551 Ῥωμαίων.
717 3480 851 3549 Περὶ
873 3478 973 3548 τῆς
1002 3478 1257 3547 ἀνυδρίας
1290 3481 1390 3548 τῆς
1420 3478 1838 3551 παρακολουθη-

253 3576 421 3644 σάσης
469 3575 593 3635 ταῖς
626 3571 914 3641 Ῥωμαίων
944 3571 1231 3640 δυνάμεσι.
1265 3573 1373 3624 Καὶ
1402 3572 1551 3635 ὅπως
1595 3572 1690 3625 τοῦ
1738 3570 1842 3626 [Ιὲ-

250 3684 374 3737 τρου
424 3664 984 3734 καταπολεμηθέντος
1027 3664 1132 3715 ὑπὸ
1165 3662 1560 3734 Σπιιλαϐηνῶνθ⁸
1601 3663 1841 3735 Πρίσκος

250 3754 405 3821 αὖθις
437 3757 654 3824 γίνεται
703 3754 1029 3826 στρατηγός.
1065 3753 1301 3817 Θάνατος
1322 3753 1571 3808 Ἰωάννου
1592 3754 1687 3807 τοῦ
1717 3755 1838 3824 Νη-

250 3849 480 3905 στευτοῦ
514 3847 1167 3912 Κωνσταντινουπόλεως,
1202 3845 1298 3898 καὶ
1342 3846 1474 3916 περὶ
1540 3844 1649 3899 τῶν
1684 3845 1840 3898 ἐκδα-

248 3940 638 3996 νεισθέντων⁹⁹
689 3938 839 4009 αὐτῷ
890 3938 1188 4010 χρημάτων
1236 3937 1340 3990 ὑπὸ
1393 3937 1842 4007 Μαυρικίου,καὶ

247 4034 378 4105 περὶ
402 4032 502 4085 τοῦ
532 4035 593 4085 ἐν
620 4034 688 4103 τῇ
717 4031 978 4102 ὁμολογίᾳ
1001 4030 1539 4100 χειρογραφήματος.
1574 4031 1668 4084 καὶ
1693 4031 1842 4093 ὅπως

247 4125 336 4177 διά
361 4123 534 4193 τιμῆς
565 4116 700 4192 ἦγεν
724 4122 752 4174 6
782 4118 1105 4190 φιλευσεϐὴς
1134 4118 1210 4181 ὡς
1237 4119 1451 4188 άληθῶς
1482 4119 1842 4189 αὐτοκράτωρ

247 4214 317 4265 τά
348 4210 653 4282 εὑρεθέντα
680 4208 759 4278 τῷ
787 4210 1037 4279 ἀρχιερεῖ
1070 4208 1208 4279 μετὰ
1234 4208 1461 4261 θάνατον
1495 4206 1683 4278 ῥάκια.
1708 4206 1843 4276 Περὶ

249 4304 356 4358 τῶν
383 4301 762 4372 Μαυρουσίων
801 4300 912 4353 τῶν
945 4299 1366 4370 συστραφέντων
1393 4299 1535 4352 κατὰ
1563 4298 1846 4370 Καρχηδό-

251 4412 341 4459 νος
370 4398 472 4466 τῆς
509 4393 747 4456 πόλεως,
782 4392 876 4444 καὶ
902 4390 1051 4454 ὅπως
1076 4392 1142 4460 τῇ
1172 4388 1265 4442 τοῦ
1296 4388 1580 4441 Γενναδίου
1611 4389 1784 4459 τόλμῃ
1815 4387 1844 4439 6

254 4486 491 4557 πόλεμος
523 4483 809 4538 ἕσϐεστο¹.
834 4484 942 4536 Καὶ
970 4483 1098 4553 περὶ
1125 4480 1219 4534 τοῦ
1248 4480 1487 4551 κομήτου
1517 4479 1613 4532 τοῦ
1646 4480 1844 4548 φανέν-

2017 2826 2182 2883 Libro
2240 2828 2475 2896 septimo
2525 2828 2709 2898 agitur
2755 2828 2821 2881 de
2870 2826 3101 2883 turbatis
3157 2826 3524 2885 Romanorum

1938 2920 2243 2983 ordinibus,
2272 2920 2698 2990 eorumdemque
2719 2920 2882 2975 rebus
2904 2916 3117 2973 fortiter
3140 2920 3308 2989 gestis
3333 2927 3524 2973 contra

1940 3010 2184 3075 Sclavos,
2238 3012 2352 3066 sive
2381 3010 2548 3066 Getas
2579 3029 2595 3065 :
2643 3013 2744 3067 hoc
2783 3011 2927 3065 enim
2963 3011 3180 3067 nomine
3218 3011 3524 3079 antiquitus

1939 3103 2195 3173 appellati
2218 3112 2366 3158 sunt.
2399 3101 2472 3157 De
2503 3105 2568 3157 iis
2595 3119 2716 3174 qua:
2747 3104 2799 3158 in
2835 3103 3053 3175 ignobili
3075 3104 3309 3174 quodam
3344 3102 3525 3157 Thra-

1939 3196 2039 3250 ciae
2069 3196 2267 3266 Oppido
2295 3194 2457 3251 Petro
2485 3205 2539 3249 et
2562 3196 2754 3250 incolis
2780 3196 3096 3251 acciderunt
3127 3213 3141 3251 :
3179 3206 3342 3265 utque
3373 3194 3527 3249 Scia-

1941 3302 2132 3340 vorum
2194 3284 2481 3355 prtefectus
2539 3284 2853 3356 Piragastus
2906 3286 2977 3340 sit
3032 3284 3393 3341 interfectus.
3452 3285 3529 3339 De

1944 3377 2173 3431 militum
2210 3375 2582 3431 Romanorum
2617 3377 2842 3441 virtute,
2875 3376 3004 3431 licet
3034 3391 3296 3446 aquarum
3327 3375 3529 3446 ingenti

1944 3471 2171 3538 penuria
2208 3480 2615 3540 premerentur.
2646 3468 2808 3523 Petro
2845 3484 2877 3523 a
2914 3468 3124 3524 Sclavis
3163 3483 3340 3538 pugna
3371 3481 3531 3536 supe-

1944 3569 2086 3625 rato,
2142 3560 2363 3617 Priscus
2412 3561 2609 3615 iterum
2643 3561 2766 3615 belli
2819 3560 3116 3630 imperator
3151 3560 3394 3615 detectus
3425 3569 3526 3614 est.

1941 3650 2131 3709 Obitus
2156 3651 2379 3708 Joannis
2408 3662 2768 3721 cognomento
2811 3649 3144 3722 Jejunatoris
3177 3651 3316 3724 (24),
3352 3651 3526 3721 patri-

1943 3747 2124 3800 archae
2182 3744 2817 3813 Constantinopolitani;
2872 3747 3051 3814 deque
3104 3755 3342 3798 mutuoa
3373 3744 3531 3797 Mau-
3645 3734 3658 3745 ”

1945 3839 2078 3892 ricio
2126 3838 2455 3907 imperatore
2507 3845 2725 3907 accepta
2778 3836 3043 3905 pecunia,
3100 3836 3339 3900 datoque
3399 3836 3526 3891 teris

1943 3931 2149 4001 accepti
2200 3929 2545 3999 confessique
2594 3928 2960 4000 chirographo
3020 3945 3037 3996 ;
3103 3939 3415 3999 quantoque
3471 3928 3525 3981 in

1944 4024 2119 4095 pretio
2165 4038 2294 4078 vere
2343 4023 2462 4092 pius
2497 4032 2759 4092 angustus
2809 4021 2898 4077 ille
2936 4022 3154 4077 relictas
3219 4037 3250 4076 a
3298 4021 3529 4092 pra-sule

1944 4125 2066 4186 post
2119 4126 2348 4170 mortem
2404 4129 2677 4183 pannosas
2725 4123 2903 4169 vestes
2936 4114 3048 4186 (25)
3117 4115 3387 4169 habuerit.
3450 4113 3526 4166 De

1945 4207 2339 4263 Maurusiorum
2376 4207 2636 4262 adversus
2683 4206 3107 4277 Charthaginem
3159 4206 3524 4276 expeditione,

1945 4313 2111 4373 utque
2139 4299 2405 4356 Gennadii
2441 4298 2761 4355 fortitudine
2790 4299 2990 4353 bellum
3038 4299 3166 4353 illud
3196 4299 3527 4353 exstinctum

1945 4397 2034 4450 sit.
2079 4393 2154 4448 De
2201 4402 2436 4458 cometa,
2482 4393 2574 4462 qui
2615 4392 2731 4446 dies
2781 4391 3091 4460 complures
3141 4390 3289 4445 visus
3314 4399 3416 4445 est.
3454 4389 3527 4444 De

1948 4486 2202 4540 intestino
2247 4485 2386 4555 apud
2429 4483 2639 4538 Turcos
2662 4524 2677 4548 ,
2711 4494 2768 4538 ct
2795 4482 2937 4537 civili
2967 4482 3108 4536 bello
3141 4499 3156 4534 :
3204 4480 3437 4535 accessit
3460 4480 3526 4532 de

254 4598 341 4643 τος
368 4582 467 4635 ἐπὶ
494 4580 714 4653 ἡμέρας
744 4579 967 4643 πολλάς.
995 4578 1132 4649 Περὶ
1159 4576 1253 4631 τοῦ
1275 4576 1537 4647 ἐμφυλίου
1560 4575 1797 4646 πολέμου
1819 4576 1833 4606 ¹

1946 4577 2259 4631 eoruntdem
2305 4576 2584 4646 republica
2626 4574 2885 4636 narratio,
2941 4584 3000 4626 ut
3043 4571 3342 4627 Turcorum
3386 4569 3527 4625 Cha-

253 4671 346 4725 τοῦ
382 4673 686 4742 γενομένου
718 4674 830 4735 τοῖς
859 4670 1144 4742 Τούρκοις,
1166 4668 1260 4723 καὶ
1293 4670 1349 4721 ὲν
1377 4668 1592 4722 ἐκθέσει
1624 4667 1694 4720 τὰ
1716 4667 1843 4738 περὶ

256 4764 350 4833 τῆς
372 4762 481 4817 τῶν
497 4763 607 4816 Τού
617 4778 764 4815 οκων
786 4762 1082 4825 πολιτείας.
1100 4759 1211 4815 Καὶ
1230 4759 1305 4823 ὡς
1326 4761 1416 4811 τὸν
1438 4757 1708 4828 ἐθνάρχην
1732 4758 1841 4809 τῶν

1950 4681 2120 4738 ganus
2149 4667 2282 4737 (ΞΒ).
2320 4662 2768 4735 Ἐριιῑιιιιιίιει-υιιι
2809 4665 3054 4734 principe
3084 4662 3393 4730 interfecto,
3447 4673 3527 4716 to-

1952 4772 2056 4813 tam
2080 4775 2199 4814 eam
2229 4767 2442 4829 gentem
2470 4759 2746 4827 subegerit
2779 4776 2793 4812 :
2832 4767 2894 4811 ut
2917 4758 3289 4827 Agarenorum
3341 4755 3526 4809 adbwc

1532 4896 1764 4951 VARle
1820 4893 2111 4951 LECTION
2123 4895 2223 4948 ES.

328 4996 373 5025 tu
405 4991 516 5065 τῷν
568 4989 889 5065 ξρρυφόρων
941 4992 1021 5046 A:
1063 4991 1369 5065 δορυφόρου
1427 5008 1466 5056 ς
1474 5032 1486 5044 ο

1571 4992 1618 5023 ⁸⁶
1650 4989 1891 5060 Γήπεδος
1920 4990 1991 5060 Α.

2089 4989 2132 5018 ⁸⁷
2165 4985 2524 5055 ἐπολιόρκησε
2555 5002 2617 5049 ς.
2681 4982 2726 5018 ⁸⁸
2766 4983 3109 5055 Τζουρουλῷί
3137 5001 3199 5055 ς.
3273 4980 3318 5013 ⁸⁹
3368 4981 3509 5055 πρέ-

266 5062 406 5128 σϐεις
430 5064 496 5118 Α.
567 5054 966 5131 ’θ’Τατὶμερον
1031 5079 1093 5127 ς.
1125 5054 1139 5065 ’
1170 5054 1223 5096 ἰ’
1249 5054 1449 5124 ἄστεος*
1486 5079 1549 5126 ς.
1623 5061 1671 5132 ξ’
1704 5054 1801 5130 ὧς]
1835 5059 1949 5132 ,καὶ
1988 5074 2071 5132 ιιι-τ
2103 5058 2165 5112 Α.
2241 5054 2394 5132 ξῇἧν
2435 5072 2551 5132 om.
2597 5070 2680 5132 p_r.
2856 5054 3039 5132 1‘
3094 5054 3282 5106 δοῦναι
3320 5054 3517 5132 16w:-

264 5126 708 5206 τιχειροτονεῖται
766 5126 888 5185 add.
944 5133 1009 5184 A.
1086 5133 1133 5164 ³⁵
1169 5132 1467 5203 Σιαυηνῶν
1523 5132 1570 5185 Α
1600 5131 1680 5184 sic
1729 5126 1800 5183 ef
1834 5129 2075 5184 infra.“
2136 5126 2319 5251 ora)“;

266 5203 557 5262 Σκαυήνων
583 5208 655 5262 Δ,
724 5201 830 5254 ὑπὸ
866 5201 973 5256 τῶν
1002 5203 1334 5262 Σκλαϐήνων
1389 5220 1450 5262 ς.
1530 5203 1577 5234 ’⁸
1610 5199 2062 5255 ὲνδανεισθέντων
2099 5215 2161 5262 ς.
2240 5201 2258 5230 ⁸

1639 5216 2062 5255 νοανεισυεντων
2099 5216 2161 5255 ς.

266 5201 557 5277 Σκαιίήνων
583 5208 655 5267 Δ,
724 5201 830 5254 ὑπὸ
866 5201 973 5256 τῶν
1002 5201 1353 5274 Σκλαϐήνων
1389 5220 1450 5268 ς.

2370 5126 2464 5183 τοῦ
2520 5119 2672 5183 σταλ.
2714 5124 2783 5179 Α.
2855 5126 2901 5159 ⁸⁷
2935 5119 3136 5196 ἀσήμῳ
3169 5139 3271 5196 λστ.
3349 5119 3394 5151 ⁸⁸
3421 5123 3523 5177 ὑπὸ

2324 5201 2483 5255 σϐετο
2521 5213 2583 5262 ς.
2661 5198 2682 5230 ²
2725 5196 2967 5268 πολέμου
2997 5194 3118 5252 ctu.
3151 5194 3217 5248 A.

1757 5294 1994 5356 NOTAE.

324 5392 437 5465 (2|)
466 5392 704 5463 Niceplt.
747 5392 864 5465 haec:
887 5393 1075 5448 eadem
1105 5392 1197 5447 lilt.
1223 5407 1380 5460 xvm,
1415 5407 1539 5463 cap.
1568 5393 1656 5448 28.

328 5463 437 5535 (2'2)
468 5465 605 5535 Ibid.
646 5477 770 5532 cap.
800 5463 888 5535 55.

218 5582 219 5585 η
332 5532 443 5603 (25)
477 5534 613 5586 Ibid.
653 5550 775 5600 cap.
814 5532 911 5586 25.

333 5603 445 5672 (24)
473 5604 669 5676 Quarti
720 5605 880 5676 hujus
929 5604 1161 5676 nominis
1181 5642 1198 5670 ,
1222 5605 1289 5661 de
1325 5619 1433 5676 quo
1456 5604 1834 5676 legendusBa-

274 5688 381 5727 ron.
406 5675 561 5727 card.
597 5682 735 5729 tom.
762 5673 852 5728 VII
895 5686 948 5728 et
977 5673 1111 5729 VIII.

335 5744 474 5815 (25)
503 5743 730 5849 Nicepli.
758 5744 852 5799 lib.
874 5744 1015 5812 XIX,
1046 5762 1166 5813 cap.
1193 5745 1288 5813 3L,
1325 5746 1578 5804 lectulum
1593 5745 1740 5802 addit
1760 5744 1833 5801 li-

1940 5407 2157 5463 gneum.
2192 5392 2289 5447 llic
2318 5407 2422 5446 non
2459 5402 2604 5463 recte
2628 5405 2656 5443 a
2681 5390 3001 5463 quibusdam
3023 5383 3375 5463 cum_J_oanne
3398 5388 3517 5444 Ele-

1939 5458 2285 5534 éntosyuario
2330 5462 2696 5534 Alexandrino
2748 5458 3116 5534 confunditur.
3151 5459 3515 5534 Minus_etiam

1941 5529 2223 5602 recte'pro
2258 5544 2444 5586 sancto
2479 5530 3121 5602 babi_tps_a_sttis,_tes_te
3189 5530 3250 5583 Ι).
3272 5529 3513 5602 “Baron.

1940 5612 1981 5659 t.
2012 5597 2346 5657 Vlll'Annal.
2380 5602 2446 5656 ad
2472 5616 2560 5655 an.
2584 5598 2686 5654 Cb.
2710 5597 2836 5665 595,
2865 5613 2930 5653 ex
2953 5598 3013 5653 Β.
3049 5597 3303 5670 Gregorii
3333 5599 3513 5668 Magni

1936 5675 2280 5730 auctoritate.

2011 5742 2138 5816 (26)
2174 5742 2399 5814 Niceph.
2428 5741 2521 5799 lib.
2542 5755 2701 5806 xvm,
2740 5753 2862 5833 cap.
2884 5738 2975 5795 50.
