3980 6234
519 337 627 404 155

1716 316 1984 381 ΡΗΟΤῙΙ
2023 308 2538 376 PATRIARCH/E
2576 308 2688 369 CP.

3691 292 3792 359 158

515 461 570 506 et
600 447 925 507 Colchorum
963 452 1179 517 gentem
1220 446 1591 498 trecentarum
1631 433 1861 490 millium
1907 439 2092 498 strage

2210 421 2584 493 Ἐφθαλιτῶν³
2625 422 2654 474 ὁ
2698 416 2950 488 Χαγάνος
2999 416 3109 471 τῶν
3151 412 3412 485 Τούρκων
3448 410 3656 466 ἀνελὼν
3700 411 3796 461 καὶ

515 547 799 608 ceciderit,
870 552 1035 610 utque
1082 541 1450 607 insurgentem
1506 532 1763 586 adversus
1784 540 1844 581 se
1889 524 2094 578 Turum

513 638 870 699 interfecerit,
916 651 1023 705 quo
1052 631 1271 691 nomine
1318 626 1560 682 victoriae
1605 623 1851 677 nuntiam
1878 619 2095 688 episto~

514 731 621 786 lam
650 728 912 784 Mauricio
942 727 1073 793 imp.
1102 720 1402 790 scripserit.
1444 716 1589 771 ldem
1623 715 1838 769 Abaros
1876 721 2095 781 quoque

515 822 822 891 subiugum
853 818 1023 871 victos
1069 813 1235 867 misit.
1272 808 1460 864 Refert
1480 817 1535 863 et
1568 808 1635 861 de
1667 804 1941 877 gentibus,
1976 815 2098 871 qua:

475 924 485 971 t
515 913 730 983 Taugas
768 908 1031 973 incolunt,
1054 915 1109 960 et
1135 905 1201 959 de
1243 902 1437 968 Nucri,
1467 901 1524 955 in
1550 914 1684 969 quas
1710 896 1901 951 devicti
1930 895 2095 949 Abari

514 1004 742 1075 dispersi
782 1011 910 1058 sunt
960 1000 1094 1072 (27).
1122 997 1255 1053 Item
1283 997 1349 1051 de
1370 995 1500 1059 Var,
1549 1003 1606 1048 et
1634 991 1834 1056 Chuni,
1867 1000 2094 1059 quorum

510 1113 639 1167 pars
683 1109 878 1163 magna
921 1092 1035 1164 jam
1089 1091 1268 1145 indea
1312 1085 1604 1142 Justiniani
1654 1081 2011 1153 temporibus,
2042 1077 2095 1132 in

510 1187 725 1257 Europa
760 1187 917 1241 sedes
955 1185 1177 1247 habent,
1205 1183 1522 1249 Abarosque
1564 1192 1686 1234 sese
1726 1176 2093 1231 nominarunt.

513 1279 813 1334 Turcorum
865 1275 1140 1344 regionem
1182 1282 1341 1328 terra:
1367 1269 1559 1335 motui,
1598 1283 1662 1324 ac
1712 1267 1849 1337 pesti
1878 1266 2098 1319 minimc

512 1370 823 1426 obnoxiam.
848 1365 955 1431 {De
998 1375 1180 1422 monte
1227 1364 1319 1433 qui
1370 1363 1581 1416 Aureus
1619 1360 1690 1414 sit
1717 1359 1912 1423 dictus,
1944 1371 2010 1411 ac
2031 1357 2099 1409 de

512 1458 627 1528 ipsa
659 1460 813 1521 urbe,
857 1455 1091 1525 Taugas.
1140 1454 1219 1508 De
1241 1451 1594 1522 bombycibus
1653 1448 1789 1520 (28),
1825 1449 1915 1517 qui
1946 1462 2012 1500 ex
2038 1459 2098 1501 se

511 1560 690 1606 vestes
732 1549 959 1619 gignunt
991 1548 1220 1610 sericas,
1252 1554 1304 1599 et
1339 1543 1481 1612 quod
1533 1541 1695 1596 serici
1751 1538 1864 1611 (29)
1905 1539 2097 1608 ingens

511 1642 766 1711 gignatur
795 1640 860 1694 ad
885 1638 1166 1693 Cliubdam
1196 1637 1407 1700 urbem,
1442 1633 1582 1705 316
1614 1648 1774 1703 quam
1804 1631 2094 1701 appellant,

511 1733 690 1803 copia,
747 1745 978 1802 quaeque
1010 1730 1061 1785 in
1115 1729 1223 1784 illis
1267 1728 1544 1783 vermibus
1573 1723 1935 1794 glomerandis
1979 1720 2094 1775 lieri

2198 515 2472 578 δουλώσας
2496 513 2557 567 τὸ
2582 512 2734 576 ἔθνος
2745 511 2789 577 ⁸,
2818 510 2899 564 ἔτι
2928 509 2987 563 δὲ
3015 508 3113 564 καὶ
3136 507 3264 570 τοὺς
3284 504 3506 575 Ὄγωρ¹
3530 503 3593 556 τὸ
3618 502 3790 565 ἔθνος,

2198 610 2293 665 καὶ
2318 607 2383 677 δὴ
2412 609 2508 661 καὶ
2537 607 2665 668 τοὺς
2693 604 2941 674 Κόλχους
2986 601 3118 673 άχρι
3158 599 3458 671 τριάκοντα
3510 594 3795 666 μυριάδων

2197 696 2705 773 διέφθειρεν.Ἀλλά
2736 695 2951 750 καὶτὸν
2983 691 3365 747 ἐπαναστάντα
3395 688 3485 761 [46
3513 685 3609 757 H.|
3638 683 3787 755 αὐτῷ

2198 792 2457 865 Τουροὺμ
2492 788 2700 844 ἀνελὼν
2739 786 3006 840 ἐπινίκιον
3038 782 3329 852 ἐπιστολὴν
3385 777 3678 850 Μαυρικίῳ
3719 776 3796 846 τῷ

2198 884 2565 955 αὐτοκράτορι
2594 880 2837 934 ἔστειλεν
2860 894 2876 913 ·
2925 876 3260 931 ἐδουλώσατο
3283 874 3342 927 δὲ
3371 873 3467 927 καὶ
3497 871 3791 939 Ἀϐἀρους.

2198 975 2433 1040 Διὲξεισι
2474 974 2533 1027 δὲ
2584 972 2680 1026 καὶ
2727 970 2857 1041 περὶ
2889 967 2997 1023 τῶν
3033 966 3175 1021 κατά
3204 965 3303 1037 τὴν
3330 964 3549 1031 Ταυγάς
3570 964 3592 995 ³
3622 961 3795 1015 ἐθνῶν

2199 1064 2297 1120 καὶ
2324 1064 2453 1135 περὶ
2481 1060 2573 1116 τοῦ
2606 1061 2823 1132 Moupr
2841 1062 2883 1126 ⁷,
2906 1061 2966 1112 ἐν
3009 1053 3090 1122 οἷς
3130 1059 3180 1110 oi
3205 1055 3436 1126 ΙἈϐαροι
3468 1054 3796 1126 ἡττηθέντες

2198 1155 2594 1227 διεσπάρησαν.
2625 1153 2736 1206 Καὶ
2773 1152 2903 1221 περὶ
2950 1148 3046 1203 τοῦ
3097 1148 3247 1217 Ούὰρ
3292 1147 3386 1201 καὶ
3432 1145 3642 1199 Χουνὶ1⁵
3687 1145 3799 1198 τῶν

2198 1246 2392 1313 ἐθνῶν,
2426 1245 2487 1310 ἐξ
2535 1238 2610 1299 ὧν
2638 1245 2732 1298 ἐπὶ
2769 1239 3149 1297 Ἰουστινιανοῦ
3180 1239 3459 1309 ἀπόμοιρα
3486 1236 3657 1289 τῶνδε
3686 1233 3797 1287 τῶν
3853 1274 3862 1289 .

2198 1340 2368 1395 ἐθνῶν
2400 1339 2624 1410 ἐνδημεί
2655 1341 2721 1409 τῇ
2752 1335 2991 1407 Εὐρώπῃ
3014 1375 3029 1401 ,
3054 1333 3103 1387 οἳ
3138 1334 3232 1387 καὶ
3271 1330 3537 1401 Ἀϐάρους
3565 1327 3799 1391 ἑαυτοὺς

2199 1434 2573 1504 ἐπεφήμισαν.
2608 1432 2718 1484 Καὶ
2748 1429 2822 1494 ὡς
2858 1428 3180 1500 ὴΤούρκων
3226 1423 3380 1495 χώρα
3421 1418 3649 1489 σεισμοῦ
3695 1419 3794 1472 καὶ

2197 1523 2390 1595 λοιμοῦ
2424 1523 2779 1595 ἀπείρατοςθ.
2821 1517 2956 1587 Περί
3000 1534 3060 1571 τε
3105 1515 3199 1569 τοῦ
3247 1511 3451 1584 χρυσοῦ
3496 1510 3798 1579 λεγομένου

2198 1616 2382 1688 ὄρους,
2412 1615 2510 1668 καὶ
2542 1615 2668 1685 περὶ
2695 1613 2796 1683 τῆς
2825 1608 3084 1678 Ταυγάς’,
3115 1607 3245 1679 περί
3274 1622 3333 1658 τε
3358 1604 3466 1657 τῶν
3497 1602 3798 1669 σκωλήκων

2199 1709 2309 1761 τῶν
2334 1698 2632 1762 τικτόντων
2657 1706 2756 1774 τὴν
2789 1702 2994 1772 ἐσθῆτα
3015 1701 3113 1771 τὴν
3138 1697 3391 1771 σηρικὴν,
3411 1696 3508 1749 καὶ
3530 1694 3604 1758 ώς
3626 1690 3796 1762 πολλή

510 1785 693 1881 εοῆιο.
724 1785 802 1877 De
848 1785 1020 1886 Indis,
1070 1821 1160 1890 qui
1191 1818 1422 1875 candido
1462 1785 1603 1871 sunt
1622 1829 1869 1884 corpore.
1912 1811 2095 1865 Disce-

2204 1802 2312 1854 ἐστι
2342 1800 2472 1871 περὶ
2499 1798 2600 1869 τὴν
2638 1796 2939 1866 λεγομένην
2969 1793 3217 1848 Χουϐδάν
3247 1793 3281 1863 ἡ
3315 1791 3416 1858 τῆς
3450 1785 3728 1859 μετάξεως
3754 1786 3798 1816 ¹⁶

511 1917 680 1987 ptatio
714 1915 953 1984 Cltagani
1003 1927 1127 1968 cum
1177 1910 1385 1975 Prisco,
1420 1909 1486 1963 de
1521 1904 2013 1976 Singidonensibus
2040 1901 2093 1954 in

509 2008 828 2065 servitutem
844 2005 1195 2068 abducendis.
1213 2001 1497 2071 Priscique
1512 1998 1785 2055 contraria
1804 1992 2092 2058 sententia,

510 2111 678 2170 utque
724 2115 843 2154 eam
904 2099 1094 2154 urbem
1122 2095 1345 2150 Priscus
1375 2090 1627 2147 servarit.
1654 2089 1785 2157 Quae
1826 2102 1922 2157 per
1973 2084 2097 2139 Dal-

509 2192 732 2246 matiam
761 2189 983 2244 Barbari
1010 2189 1282 2259 gesserint
1321 2197 1567 2253 quasque
1584 2182 1746 2236 urbes
1777 2177 2093 2234 everterint.

510 2282 792 2350 Quomodo
827 2280 1083 2337 Gundoes
1130 2294 1161 2333 a
1195 2277 1384 2332 Prisco
1428 2276 1689 2330 adversus
1730 2271 2002 2327 Barbaros
2039 2268 2094 2324 in

510 2371 833 2427 Dalmatiam
879 2370 1102 2435 missus,
1141 2382 1229 2424 res
1267 2367 1484 2423 fortiter
1510 2365 1762 2430 gesserit.

580 2642 993 2700 Undeviccsimo
1045 2638 1260 2710 imperii
1299 2635 1550 2691 Mauricii
1605 2649 1748 2688 anno
1804 2631 2101 2687 Monachus

509 2736 724 2806 quidam
761 2743 990 2789 mortem
1031 2732 1143 2797 illi,
1176 2730 1470 2799 liberisque
1503 2728 1621 2798 ejus
1664 2725 1779 2795 (50)
1824 2722 2096 2792 praedixit.

519 2824 723 2880 Stricto
760 2823 905 2878 enim
956 2821 1136 2892 gladio
1159 2858 1175 2885 ,
1206 2835 1235 2873 a
1273 2820 1392 2874 l'oro
1424 2821 1492 2872 ad
1532 2815 1721 2889 palatii
1772 2813 2098 2869 vestibulum

509 2927 866 2985 procurrens,
907 2910 1225 2965 Mauricium
1252 2924 1357 2961 una
1394 2923 1516 2961 cum
1554 2905 1741 2960 liberis
1776 2904 1925 2957 ferro
1956 2901 2102 2956 occi-

509 3022 629 3062 sum
654 3006 716 3060 iri
736 3004 1035 3059 denuntiat.
1057 3001 1196 3067 Quin
1220 3011 1275 3055 et
1311 2999 1652 3055 llerodianus
1675 2998 1893 3067 quidam
1922 2996 2099 3062 impe-

511 3098 680 3153 ratori
715 3105 975 3151 eventura
1023 3093 1408 3164 praenuntiavit
1452 3092 1608 3162 (51):
1650 3090 1848 3143 famem
1885 3087 2098 3142 scilicet

2196 1890 2432 1958 γένεσις,
2465 1888 2653 1943 καὶτὰ
2687 1888 2816 1958 περὶ
2840 1885 3009 1956 αὐτὴν
3035 1883 3265 1953 νόμιμα.
3302 1879 3416 1934 Καὶ
3458 1878 3587 1946 περὶ
3608 1877 3649 1907 ¹¹
3684 1875 3798 1928 τῶν

2209 1978 2385 2032 Ἰνδῶν
2417 1978 2525 2032 τῶν
2549 1975 2759 2031 λευκῶν
2793 1975 2854 2029 τὸ
2886 1974 3067 2045 σῶμα.
3099 1969 3347 2035 Διάλεξις
3368 1970 3505 2039 πρὸς
3538 1967 3633 2020 τὸν
3654 1964 3795 2034 Πρί-

2199 2085 2329 2124 σκον
2353 2069 2608 2139 Χαγάνου
2639 2069 2771 2141 περ)⁵
2803 2063 3247 2137 ἀνδραποδισμοῦ
3271 2065 3371 2135 τῆς
3392 2062 3434 2092 ¹²
3461 2058 3794 2128 Σιγγιδὸνος,

2198 2162 2295 2215 καὶ
2323 2160 2605 2231 ἀντιλογία
2636 2159 2877 2231 Πρίσκου
2910 2157 3050 2228 πρὸς
3080 2155 3243 2210 αὐτὸν
3264 2194 3280 2220 ,
3312 2153 3409 2208 καὶ
3441 2154 3589 2216 ὅπως
3616 2151 3645 2203 ό
3669 2150 3799 2221 Πρί·

2202 2273 2332 2319 σκος
2362 2254 2653 2324 Σιγγιδόνα
2685 2251 2849 2317 σώζει
2879 2251 2978 2323 τὴν
3008 2249 3337 2304 πόλιν.”οσα
3384 2265 3445 2301 τε
3483 2245 3630 2301 κατὰ
3657 2242 3798 2297 Δαλ-

2202 2347 2402 2419 ματίαν
2431 2349 2480 2400 οί
2513 2344 2778 2418 βάρϐαροι
2803 2342 3168 2412 διεπράξαντο
3201 2342 3297 2396 καὶ
3337 2341 3521 2402 πόλεις
3563 2336 3801 2405 ἐπόρθη-

2202 2458 2323 2507 σαν,
2353 2441 2503 2503 ὃπως
2551 2456 2612 2492 τε
2657 2438 2686 2491 ό
2719 2435 3001 2499 Γουνδουῒς
3022 2436 3065 2469 ¹³
3115 2434 3268 2507 παρὰ
3304 2433 3546 2504 Πρίσκου
3584 2431 3800 2492 σταλεὶς

2199 2533 2343 2588 κατά
2380 2532 2490 2586 τῶν
2527 2534 2584 2585 ἐν
2621 2530 2903 2602 Δαλματίᾳ
2945 2528 3238 2601 βαρϐάρων
3275 2527 3620 2600 ἠρίστευσεν.

2275 2627 2401 2679 Ὀτι
2429 2624 2507 2696 τῷ
2533 2623 3002 2691 ἐννεακαιδεκάτῳ
3035 2622 3146 2674 ἐτει
3189 2621 3289 2690 τῆς
3335 2618 3618 2689 βασιλείας
3648 2620 3805 2673 Μαυ-

2204 2718 2386 2790 ρικίου
2434 2715 2802 2788 προαγορεύει
2854 2714 3090 2786 μοναχός
3121 2730 3205 2776 τις
3233 2712 3325 2765 τὸν
3366 2712 3534 2765 αὐτοῦ
3572 2711 3803 2765 θάνατον

2202 2810 2301 2865 καὶ
2324 2809 2432 2863 τῶν
2459 2809 2671 2862 τέκνων
2693 2824 2707 2838 ·
2762 2806 2917 2876 ξίφος
2950 2806 3060 2876 γὰρ
3087 2802 3405 2874 γυμνώσας,
3442 2802 3554 2856 ἀπὸ
3579 2803 3677 2855 τοῦ
3708 2802 3804 2871 φό-

2206 2917 2300 2972 ρου
2326 2901 2489 2971 μέχρι
2510 2899 2619 2952 τῶν
2649 2898 2963 2969 προαυλίων
2989 2895 3099 2948 τῶν
3128 2895 3447 2966 ἀνακτόρων
3481 2892 3801 2964 διαδραμὼν

2202 2992 2367 3047 αὐτόν
2394 3009 2454 3044 τε
2487 2991 2794 3059 Μαυρίκιον
2823 2991 2919 3044 καὶ¹
2939 2990 3006 3044 τά
3030 2990 3197 3043 τέκνα
3225 2988 3368 3058 ξίφει
3389 2988 3646 3041 τεθνάναι
3674 3004 3807 3056 προ-

2203 3084 2522 3155 ηγόρευσεν.
2545 3082 2710 3136 Ἀλλὰ
2758 3084 2852 3136 καὶ
2884 3082 3219 3152 Ἠρωδιανός
3266 3098 3353 3144 τις
3400 3079 3632 3149 ὀνόματι
3655 3078 3702 3111 ⁸⁸
3730 3078 3806 3149 τῷ

510 3190 657 3246 illam
673 3229 692 3255 ,
719 3188 973 3258 quaelpost
991 3158 1043 3241 in
1066 3187 1265 3242 castris
1285 3193 1425 3240 orta.
1464 3158 1865 3239 Ut'incredibili
1890 3180 2097 3246 Chaga-

2210 3175 2427 3247 βασιλεί
2449 3175 2623 3228 διεῖπε
2666 3175 2735 3228 τὰ
2765 3174 3177 3246 συμϐησόμενα.
3205 3174 3343 3244 Περὶ
3368 3170 3463 3224 τοῦ
3499 3170 3811 3241 συμϐάντος

508 3294 612 3335 nus
624 3278 957 3333 humanitate
968 3276 1232 3332 esurienti
1252 3274 1514 3330 exercitui
1529 3274 1767 3342 quinque
1787 3271 1997 3326 dierum
2021 3270 2106 3324 in-

509 3372 699 3428 ducias
714 3370 1278 3439 concesserit,quibus
1311 3369 1517 3437 absque
1537 3376 1684 3420 metu
1714 3363 2103 3419 Barbaroruma

507 3473 842 3523 commeatus
862 3478 1186 3532 annonaque
1216 3461 1451 3515 ferretur
1498 3457 1782 3520 Romanis,
1828 3464 1999 3523 utque
2024 3453 2106 3507 vi-

510 3558 695 3615 cissim
723 3575 753 3612 a
780 3557 969 3612 Prisco
994 3556 1152 3610 donis
1184 3557 1479 3609 honoratus
1506 3592 1522 3619 ,
1550 3552 1604 3605 in
1648 3550 1895 3619 proxima
1922 3545 2107 3618 Mysiae

510 3650 627 3706 loca
680 3650 1011 3704 discesserit.
1035 3647 1091 3701 In
1115 3645 1286 3714 Mysia
1315 3645 1602 3714 Chaganus
1622 3657 1743 3697 cum
1770 3637 2107 3696 Comcntiolo

513 3738 688 3810 signis
716 3736 932 3792 collatis
957 3734 1237 3800 conﬂixit,
1267 3733 1606 3804 perﬁdiaque
1640 3730 1963 3786 Comentioli
1998 3730 2107 3785 llo-

511 3843 794 3885 manorum
833 3828 1122 3891 exercitus,
1152 3826 1305 3881 clade
1329 3834 1575 3893 accepta,
1598 3838 1773 3878 caesus
1794 3838 1823 3875 a
1853 3823 2106 3878 Barbaris

509 3931 616 3988 est,
644 3921 768 3993 fuga
792 3921 1009 3977 interim
1033 3920 1242 3989 dilapso
1272 3917 1614 3973 Comcntiolo
1642 3934 1657 3970 :
1693 3930 1857 3986 quem
1884 3915 1949 3969 ad
1984 3913 2106 3968 Dri-

519 4016 760 4084 ziperam
790 4013 978 4068 urbem
1008 4011 1115 4083 (.52
1145 4010 1421 4081 )deletum
1453 4009 1600 4064 cives
1624 4048 1640 4075 ,
1674 4016 1732 4062 ut
1766 4005 2102 4075 transfugam

513 4102 777 4173 repellunt
799 4117 813 4155 :
838 4117 1007 4173 quare
1030 4102 1151 4155 inde
1173 4101 1238 4155 ad
1279 4099 1462 4153 Muros
1484 4099 1690 4169 longos,
1714 4111 1850 4165 quos
1889 4104 2101 4151 vocant:

511 4194 604 4251 ille
635 4209 696 4250 se
724 4195 944 4263 recepit.
981 4193 1203 4247 Barbari
1226 4207 1388 4260 porro
1419 4206 1557 4260 pone
1585 4192 1942 4258 insequentes
1976 4185 2069 4239 Dri

513 4289 752 4357 ziperam
786 4288 1039 4357 capiunt,
1081 4296 1137 4341 et
1170 4284 1467 4339 Alexandri
1499 4280 1757 4351 martyris
1794 4279 1993 4347 templo
2020 4277 2104 4331 in-

514 4392 699 4443 censo,
723 4392 919 4446 corpus
938 4392 1102 4446 capsa
1130 4378 1477 4431 extrahentes
1495 4370 1843 4428 contumeliis
1861 4368 2103 4424 afﬁciunt

516 4470 614 4543 (55
639 4468 681 4542 ).
708 4468 906 4524 Verum
934 4469 1113 4523 divina
1150 4468 1430 4529 moxnltio
1471 4464 1723 4535 martyris
1742 4470 1830 4518 cst
1862 4460 2099 4516 violato-
2130 4499 2176 4555 Β

514 4578 601 4617 res
631 4571 945 4616 consecuta.
980 4562 1194 4629 Septem
1237 4559 1381 4613 enim
1414 4556 1654 4626 Chagani
1689 4555 1782 4608 lilii
1829 4568 1937 4608 una
1969 4552 2058 4606 die
2079 4591 2094 4617 ,

511 4651 791 4724 inguinum
814 4653 1001 4705 morbo
1025 4651 1282 4720 correpti.
1316 4649 1614 4719 perierunt.
1637 4643 2008 4702 Comentiolus
2035 4643 2091 4697 in

513 4743 600 4797 his
631 4744 804 4799 turbis
841 4741 1308 4810 Constantinopoli
1348 4741 1537 4795 haeret.
1579 4736 1838 4792 Barbaris
1877 4736 2095 4790 interim

513 4834 581 4890 ad
610 4832 794 4890 Muros
820 4835 1002 4905 longos
1041 4834 1274 4906 propius,
1297 4831 1698 4886 accedentibus.
1723 4827 1881 4884 Unde
1910 4835 2094 4882 tantus

2208 3266 2370 3336 λιμοῦ
2391 3268 2433 3300 ³³
2462 3269 2575 3331 τοῖς
2605 3266 3014 3338 στρατεύμασι,
3052 3266 3148 3319 καὶ
3180 3264 3255 3328 ὡς
3281 3266 3311 3318 ό
3337 3264 3593 3332 Χαγάνος
3629 3280 3811 3333 παρα-

2208 3356 2344 3428 δόξῳ
2375 3358 2757 3429 φιλανθρωπίᾳ
2781 3357 3162 3430 πενθημέρους
3194 3357 3428 3420 σπονδάς
3457 3358 3570 3416 τοῖς
3604 3354 3812 3424 λιμώτ-

2208 3469 2394 3506 τουσιν
2421 3451 2593 3517 ἔθετο,
2621 3451 2697 3515 ὡς
2728 3452 2794 3505 ἂν
2821 3453 2850 3504 ό
2878 3449 3227 3521 ἐπισιτισμὸς
3251 3449 3359 3502 ἀπὸ
3379 3449 3485 3501 τῶν
3514 3447 3813 3518 βαρϐάρων

2208 3547 2321 3608 τοῖς
2352 3543 2649 3613 Ῥωμαίοις
2671 3544 2835 3615 ἀδεὴς
2857 3543 3033 3597 ἔσοιτο
3051 3560 3065 3574 ο
3095 3544 3190 3597 καὶ
3216 3544 3292 3607 ὡς
3318 3542 3611 3614 ἀρώμασιν
3637 3543 3683 3572 ³⁸
3707 3541 3813 3594 ὑπὸ

2208 3638 2453 3710 Πρίσκου
2475 3636 2857 3708 φιλοτιμηθεὶς
2880 3637 2973 3690 ἐπὶ
2995 3635 3065 3690 τὰ
3085 3636 3228 3690 κατά
3253 3634 3473 3689 Μυσίαν
3499 3633 3809 3704 ἐχώρησεν.

2221 3730 2310 3793 Ὦς
2341 3728 2580 3799 συνῆψεν
2622 3729 2651 3781 ό
2700 3728 2958 3797 Χαγάνος
2992 3728 3123 3799 περὶ
3154 3727 3253 3798 τὴν
3279 3726 3496 3781 Μυσίαν
3527 3726 3671 3796 πρὸς
3700 3727 3810 3778 Κο-
3889 3712 3895 3717 ’

2211 3821 2491 3893 μεντίολον
2520 3821 2721 3892 μάχην,
2738 3820 2998 3891 ἐπιϐουλῇ
3026 3819 3084 3873 δὲ
3113 3817 3477 3889 Κομεντιόλου
3501 3816 3817 3887 διαφθείρε-

2206 3931 2298 3968 ται
2344 3913 2451 3966 una
2495 3912 2606 3973 τῶν
2647 3912 2941 3984 βαρϐάρων
2978 3911 3041 3965 τὸ
3070 3911 3406 3982 Ῥωμαϊκόν.
3455 3911 3571 3964 Καὶ
3619 3909 3816 3979 φεύγει

2207 4004 2597 4075 Κομεντίολος.
2626 4005 2719 4058 καὶ
2745 4005 2882 4076 πρὸς
2916 4005 3221 4078 Δριζίπερα
3242 4005 3284 4036 ⁵⁷
3313 4003 3410 4073 τὴν
3438 4002 3593 4056 πόλιν
3625 4019 3811 4072 παρα-

2206 4097 2439 4165 γίνεται,
2471 4096 2568 4151 καὶ
2598 4097 2986 4166 ἀποπέμπεται
3012 4100 3113 4168 τῆς
3147 4097 3355 4159 πόλεως
3384 4095 3460 4157 ὡς
3487 4093 3691 4162 φυγὰς,
3710 4095 3809 4146 καὶ

2206 4187 2346 4258 πρὸς
2390 4187 2460 4241 τά
2497 4188 2685 4259 μακρά
2714 4188 3075 4259 παραγίνεται
3101 4188 3277 4259 τείχη.
3317 4187 3378 4239 Οί
3423 4184 3482 4238 δὲ
3530 4183 3815 4254 βάρϐαροι

2205 4279 2436 4332 κατόπιν
2489 4279 2662 4343 ἰόντες
2714 4280 2930 4350 πρῶτον
2976 4280 3045 4333 τὰ
3094 4278 3398 4348 Δριζίπερα
3429 4275 3679 4346 αίροῦσι,
3719 4278 3818 4329 καὶ

2203 4369 2669 4441 τδνἍλεξάνδρου
2690 4370 2786 4423 τοῦ
2816 4370 3092 4440 μάρτυρος
3119 4370 3508 4441 ἐμπρήσαντες
3531 4364 3691 4430 νεὼν,
3720 4366 3821 4418 καὶ

2204 4459 2267 4514 τὸ
2321 4458 2482 4530 σῶμα
2540 4461 2641 4531 τῆς
2692 4461 2870 4533 θήκης
2917 4461 3249 4532 ἐκσύραντες
3295 4460 3551 4529 ὕϐρισαν.
3586 4457 3721 4510 Θεία
3759 4457 3818 4509 δὲ

2206 4551 2332 4623 δίκη
2364 4553 2599 4625 μετῆλθε
2624 4553 2758 4618 τοὺς
2794 4554 3056 4626 ὑϐριστὰς
3101 4554 3195 4608 τοῦ
3247 4553 3555 4624 μάρτυρος·
3590 4551 3690 4624 [ε96
3720 4551 3819 4623 R.]

2206 4643 2350 4698 ἐπτά
2388 4645 2498 4717 γάρ
2544 4645 2732 4710 παῖδες
2753 4644 2849 4699 τοῦ
2875 4646 3128 4716 Χαγάνου
3149 4648 3207 4700 ἐν
3233 4646 3418 4717 ἡμέρᾳ
3448 4646 3548 4715 μιᾷ
3577 4644 3822 4715 βουϐῶσι

2207 4736 2452 4808 περιληφ
2466 4738 2652 4804 θέντες
2675 4740 3060 4810 ἐτελεύτησαν.
3079 4738 3445 4809 Κομεντίολος
3463 4738 3520 4790 δὲ
3546 4738 3689 4807 μετὰ
3705 4737 3822 4790 τῶν

2209 4825 2457 4898 θορύϐων
2488 4828 2809 4901 ἐνδημεῖτῇ
2847 4827 3441 4892 Κωνσταντινουπόλει,
3468 4829 3519 4880 οἱ
3565 4826 3625 4879 δὲ
3674 4826 3815 4900 βάρ-

1777 4938 2011 4997 VARIIE
2065 4938 2484 4998 LECTIONES.

586 5046 609 5078 ³
633 5048 744 5102 τῶν
768 5045 1111 5138 Ἰιὶφυθαλιτῶν
1151 5042 1260 5138 τῶν
1285 5040 1543 5138 ἀλϐδελῶνΙ
1561 5041 1680 5138 ἦτοι
1702 5037 2288 5138 τῶνηξφταλιτῶνΙΑέ

514 5134 647 5172 σατο
679 5137 740 5183 ς.
817 5107 1049 5187 ⁸’Ὄγωρ
1078 5114 1124 5166 Α
1156 5128 1171 5164 :
1206 5111 1383 5182 Ἀγάρ
1420 5129 1480 5178 ς,
1522 5107 1775 5165 Ldbbeus
1808 5107 2099 5176 Ἀϐασγῶν
2127 5108 2213 5163 vel
2262 5108 2532 5178 Ἀϐάρων.

514 5189 776 5250 χουνιτῶν
806 5187 873 5241 Α.
950 5189 972 5219 ⁹
1004 5184 1342 5250 ἀπείραστος
1381 5199 1444 5247 ς.
1521 5183 1564 5214 ¹⁰
1600 5180 1841 5250 μετάξης
1882 5196 1959 5250 κς.
2049 5179 2092 5211 ¹¹
2126 5179 2225 5250 καὶ
2265 5180 2332 5232 τά
2364 5182 2498 5249 περὶ
2535 5179 2600 5234 Λ.

2105 5243 2492 5320 "animum
2525 5250 2792 5320 Scaliger.
2832 5243 2844 5250 ’
2871 5250 2912 5281 ¹⁷
2939 5248 3240 5320 Δριξίπερα
3261 5263 3322 5311 ς.
3351 5244 3433 5300 sic
3465 5254 3522 5297 et
3541 5243 3711 5298 intra.

511 5189 776 5258 χουνιτῶν
806 5187 873 5241 Α.
948 5184 972 5219 ⁸
1004 5184 1444 5258 ἀπείραστος-ς.

517 5249 562 5291 ῖδ
594 5259 828 5313 ὀνόματι
850 5257 975 5313 add.
999 5258 1065 5311 A.
1142 5249 1186 5286 π
1214 5254 1376 5326 λιμοῦ
1404 5268 1548 5309 corr.
1576 5252 1622 5303 A
1663 5267 1679 5303 :
1713 5249 1940 5320 λοιμοῦς
1964 5269 2027 5316 ς.

2389 5038 2412 5071 ⁸
2440 5038 2537 5093 καὶ
2557 5037 2834 5102 δουλώσας
2865 5040 2927 5092 τὸ
2964 5036 3116 5099 ἔθνος
3158 5036 3201 5089 Α
3245 5052 3259 5088 :
3317 5035 3379 5089 τδ
3407 5034 3559 5097 ἔθνος
3583 5033 3823 5102 ἐδουλώζ

2560 5084 2925 5176 πί
2966 5084 3018 5139 "v
3038 5084 3263 5176 ’Νου-κρί
3284 5084 3376 5176 ac:
3410 5084 3458 5176 ξ

2703 5180 2746 5210 ω
2776 5174 2877 5250 τῆς
2916 5182 2958 5233 Α
2993 5197 3007 5233 ε
3039 5176 3134 5250 ,φῦ
3169 5174 3228 5242 ς;
3336 5175 3394 5250 ³³-
3417 5174 3724 5250 Γουνδούης
3757 5190 3822 5238 ς·

2042 5340 2277 5400 ΝΟΤΙΕ.

601 5438 1071 5513 (βῖ)μί(ἒββίιοιί
1098 5438 1195 5492 lib.
1233 5453 1390 5503 xvm,
1424 5452 1546 5513 ρῳ,
1585 5437 1690 5513 3p;-

626 5511 697 5566 28
716 5503 750 5579 )’
768 5511 842 5564 De
868 5503 951 5563 his
966 5512 1126 5562 etiam
1167 5524 1327 5579 supra
1356 5514 1407 5562 in
1433 5503 1762 5579 Theophane
1812 5503 2101 5579 Byzantio,

517 5591 572 5640 et
599 5574 828 5647 Procop.
860 5579 953 5633 lib.
984 5594 1061 5643 tv,
1095 5589 1148 5631 et
1180 5574 1473 5647 Nicepltor.
1525 5578 1563 5630 Ι.
1589 5574 1751 5643 mu,
1779 5589 1903 5644 cap.
1933 5574 2022 5647 ὅθ.

602 5595 828 5701 ιιι-θροεῖ..
860 5595 953 5633 nu.
984 5595 1061 5643 tv,
1095 5595 1148 5631 et
1182 5595 1473 5647 mcepnor.
1525 5595 1563 5630 ι.
1598 5595 1751 5643 xvm,
1779 5595 1903 5644 cap.
1933 5595 2022 5629 ou.

591 5650 744 5722 (29)
780 5719 791 5722 Α
822 5652 887 5719 ἦς
919 5649 1451 5722 μετάξης.Μέταξαν
1466 5648 1701 5722 sericum
1722 5661 1846 5722 esse
1872 5645 2102 5701 crudum

523 5716 757 5796 nondum
780 5716 943 5774 lotum
959 5759 981 5796 ,_
1000 5716 1176 5790 neque
1197 5719 1451 5796 tinctum,
1476 5718 1568 5796 sed
1590 5716 1857 5796 αὐτοφυές
1880 5733 1892 5769 :
1913 5730 1981 5769 ex
2001 5730 2108 5796 qua

523 5790 848 5849 vestimenta
876 5790 1047 5848 serica
1087 5787 1461 5849 conﬁciantur
1491 5789 1690 5846 docent
1714 5787 2106 5856 lcxicographi.

2212 5434 2353 5490 Vide
2382 5435 2625 5490 Suidam'
2648 5450 2777 5490 voce
2803 5434 2976 5505 Σῆρες
3005 5441 3059 5487 et
3084 5430 3315 5505 Συρική.

2447 5507 2668 5588 ἰδῇςοριι.
2693 5507 2787 5560 lib.
2816 5502 2973 5568 xviii,
3005 5519 3126 5571 cap.
3151 5502 3236 5555 l5.

2457 5576 2729 5716 {aliqua
2754 5643 3058 5699 notavimus
3082 5639 3350 5716 Sttp:_ad,6
3369 5639 3529 5712 hujus
3548 5641 3836 5703 auctoris.

2286 5710 2433 5788 (55')
2462 5710 2688 5789 Nicepb.
2727 5716 2822 5772 lib.
2848 5728 3001 5784 xvm,
3030 5710 3265 5783 capJQB.
