3980 6234
220 318 319 386 15'!

1340 320 1865 385 BIBLIOTHECA.
1904 348 1976 360 -
2011 323 2174 387 COD.
2210 314 2380 389 LXV.

3374 323 3482 389 158

221 438 382 505 ϐαροι
408 433 540 502 τοῖς
556 450 816 504 μακροις
843 438 1201 506 πλησιάζουσι
1215 436 1464 506 τείχεσι.
1495 438 1608 492 Καὶ
1639 438 1689 489 οἱ
1707 436 1803 491 τοῦ
1833 491 1834 497 η

1940 440 2533 511 :onstantinopolitanos
2573 449 2749 494 terror
2782 433 3020 500 invasit,
3068 442 3129 487 ut
3180 433 3246 488 de
3283 432 3497 503 Europa

220 524 523 591 Βυζαντίου
555 527 651 580 ἐπὶ
678 526 930 579 τοσοῦτον
959 525 1170 580 ἔδεισαν
1190 567 1205 591 ,
1236 527 1313 590 ὡς
1359 529 1454 582 καὶ
1495 528 1813 582 καταλιπεῖν

223 617 500 691 Εὐρώπην
530 620 629 672 καὶ
658 619 798 689 πρὸς
828 618 925 690 τὴν
948 618 1135 673 Ἀσίαν
1164 619 1537 691 περαιωθῆναι
1568 619 1811 689 διεμελέ-

222 728 419 780 τησαν.
450 710 830 781 Πρεσϐεύεται
864 710 909 763 δ’
936 710 1030 764 οὖν
1057 712 1204 780 ὅμως
1232 714 1260 763 6
1292 710 1542 780 βασιλεὺς
1565 710 1701 782 πρὸς
1719 710 1811 764 τὸν

223 804 482 873 Χάγανον
527 804 597 856 δι’
623 804 991 875 ’Δρμάτωνος,
1026 805 1123 859 καὶ
1164 803 1357 875 δώροις
1405 802 1677 874 λαμπροῖς
1717 804 1813 856 καὶ

224 896 581 969 προσθήκαις
609 897 814 968 χρυσοῦ
847 896 1098 966 χιλιάδων
1125 896 1298 950 εἴκοσι
1326 896 1501 948 πείθει
1532 895 1685 966 μόλις
1713 896 1812 962 τὴν

227 990 457 1060 εἰρήνην
491 990 771 1057 δέξασθαι,
803 989 1050 1057 λέγοντα·
1072 988 1270 1057 Κρίναι
1304 990 1332 1042 6
1359 986 1492 1050 Θεὸς
1519 987 1620 1041 άνά
1651 987 1813 1054 μέσον

226 1081 489 1149 Χαγάνου
518 1084 616 1136 καὶ
642 1083 952 1154 Μαυρικίου
982 1081 1075 1135 καὶ
1098 1082 1204 1136 ἀνὰ
1231 1078 1696 1150 μέσονῬωμαίων
1719 1080 1814 1132 καὶ

226 1175 483 1247 Ἀϐάρων
507 1176 573 1230 ⁸³.
604 1178 741 1246 Περὶ
770 1177 877 1230 τῶν
907 1175 1183 1246 φανέντων
1217 1174 1697 1244 άνθρωπομόρφων
1723 1190 1813 1226 τε·

231 1267 411 1339 ράτων
435 1270 501 1321 ὲν
526 1271 638 1331 τοῖς
660 1267 920 1339 Νειλῷοις
953 1267 1129 1333 ὕδασι,
1161 1268 1255 1322 καὶ
1289 1268 1419 1339 περὶ
1449 1267 1549 1337 τῆς
1572 1266 1666 1321 τοῦ
1686 1265 1815 1320 Νεί-

225 1358 318 1413 λου
370 1358 698 1423 ἀναϐάσεως
741 1359 888 1424 δόξαι
936 1359 1203 1431 διάφοροι.
1238 1359 1298 1412 Ὀ
1348 1358 1405 1412 δὲ
1458 1358 1815 1428 συγγραφεὺς

226 1452 634 1523 Ἀγαθαρχίδου
656 1454 699 1485 ¹⁹
726 1451 820 1506 τοῦ
856 1452 1070 1504 Κνιδίου
1101 1451 1192 1523 [47
1215 1450 1306 1522 Η.]
1338 1453 1405 1521 τῇ
1443 1449 1567 1520 δόξῃ
1592 1449 1816 1519 προστί-

227 1543 385 1597 θεται
408 1561 422 1576 ·
451 1545 591 1615 φησὶ
611 1546 665 1598 δὲ
690 1540 844 1605 οὗτος
869 1544 951 1598 ἀν’
966 1545 1010 1576 ²⁰
1039 1543 1157 1608 ἔτος
1178 1543 1407 1598 ἕκαστον
1445 1544 1503 1595 ὲν
1539 1544 1652 1606 τοῖς
1675 1540 1818 1595 κατὰ

225 1635 327 1706 τὴν
357 1635 654 1689 Αἰθιοπίαν
685 1635 955 1706 μεγάλους
996 1636 1091 1689 καί⁵
1139 1636 1380 1705 συνεχεῖς
1429 1632 1675 1702 γίνεσθαι
1718 1633 1819 1704 δμ-

228 1729 399 1797 ϐρους
427 1729 544 1782 ἀπὸ
579 1729 808 1799 θερινῶν
836 1727 1055 1798 τροπῶν
1087 1727 1249 1799 μέχρι
1277 1727 1376 1797 τῆς
1404 1727 1695 1799 ἰσημερίας
1716 1726 1818 1796 τῆς

1920 533 2213 587 deserenda
2239 571 2256 597 ,
2282 541 2336 587 et
2365 533 2419 587 in
2449 533 2631 586 Asiam
2657 526 3074 584 transmittendo
3100 525 3494 583 deliberarent.

1920 622 2268 691 Legationem
2298 624 2483 693 itaque
2513 622 2783 690 extemplo
2812 621 3109 690 imperator
3140 633 3235 689 per
3267 616 3497 671 Harma-

1920 724 2099 769 tonam
2123 714 2191 769 ad
2216 713 2529 783 Chaganum
2557 713 2871 766 mittendam
2898 709 3137 771 censuit,
3172 706 3500 777 splendidis-

1920 820 2026 875 que
2057 805 2388 869 muneribus,
2417 814 2472 858 et
2512 804 2702 875 Viginti
2734 802 2960 856 millium
2978 801 3093 854 auri
3122 801 3295 869 pondo
3313 814 3498 854 acces-

1919 899 2072 952 sione
2097 937 2111 961 ,
2141 911 2323 966 pacem
2351 909 2492 964 :egre
2526 894 2751 948 redemit
2787 913 2801 947 :
2829 893 3043 947 dicente
3072 891 3161 944 illo
3190 907 3204 943 :
3242 909 3259 941 ι
3288 887 3501 942 Judicet

1922 984 2065 1038 Deus
2098 981 2409 1051 Cbaganum
2456 980 2597 1034 inter
2623 988 2677 1034 et
2717 978 3048 1042 Mauritium,
3093 991 3343 1030 romanos
3372 975 3502 1027 item

1920 1075 2064 1130 inter
2092 1072 2234 1144 32a
2263 1087 2326 1126 ac
2361 1070 2682 1125 Barbaros.»
2721 1070 2796 1124 De
2830 1069 3081 1123 monstris
3105 1066 3235 1136 (55‘)
3270 1068 3501 1120 humana

1922 1166 2094 1219 forma
2127 1167 2178 1220 in
2214 1163 2332 1218 Nilo
2358 1161 2581 1216 ﬂumine
2620 1163 2751 1216 visis
2777 1200 2793 1226 ,
2826 1162 2998 1228 deque
3031 1158 3136 1213 Nili
3166 1159 3503 1212 incremento

1922 1270 2083 1332 atque
2109 1261 2359 1316 eluvione
2393 1256 2554 1312 variae
2583 1258 3062 1323 discrepantesque
3087 1252 3388 1307 sententize.
3409 1250 3505 1304 Hic

1923 1368 2052 1408 vero
2080 1351 2334 1420 _scriptor
2368 1345 2742 1419 Agatharcidae
2779 1343 2976 1398 Gnidio
3016 1342 3437 1413 assentitur(5:i
3460 1340 3502 1411 ).

1924 1440 2227 1511 Quotannis
2257 1440 2400 1494 enim
2446 1437 2533 1491 ille
2564 1436 2638 1490 ait
2682 1436 2735 1489 in
2771 1433 3061 1502 Ethiopian
3101 1432 3234 1487 locis
3274 1446 3497 1502 magnos

1925 1534 2377 1601 continentesque
2410 1529 2535 1585 coeli
2570 1528 2771 1582 imbres
2797 1525 3045 1580 decidere
3089 1524 3156 1577 ab
3185 1522 3369 1577 aestivo
3398 1521 3509 1577 sol-

1925 1628 2074 1684 stitio
2092 1667 2107 1692 ,
2137 1627 2202 1681 ad
2220 1640 2390 1693 usque
2403 1620 2644 1676 autumni
2673 1616 3078 1686 aequinoctium.
3104 1612 3218 1667 Non
3244 1613 3360 1667 sine
3377 1627 3509 1666 cau-

1924 1734 1983 1775 sa
2014 1720 2194 1788 itaque
2225 1716 2503 1787 angustius
2533 1713 2713 1768 hieme
2758 1709 2936 1765 Nilum
2966 1705 3133 1760 ﬂuere
3156 1745 3171 1769 ,
3205 1703 3346 1774 quod
3385 1715 3511 1755 suas

228 1794 286 1873 ιν
320 1819 404 1889 τῷ
455 1794 762 1890 μετοπῶρῳ
809 1794 1102 1889 γινομένης
1155 1794 1533 1872 καθ⁹ἓκασταο
1574 1794 1822 1885 ἐὐλόγως

1940 1813 2185 1867 luntaxat
2209 1827 2239 1865 e
2267 1808 2502 1862 fontibus
2526 1813 2921 1874 suaptenatura
2946 1809 3101 1854 natas
3116 1797 3278 1849 vehat
3300 1794 3510 1858 undas;

226 1910 324 1967 οὖν
342 1883 441 1966 τὶν
456 1883 667 1965 -Νεῖλον
777 1883 876 1981 μέν
898 1883 976 1978 τῷ
1000 1883 1231 1981 χειμῶνι
1254 1907 1661 1970 συστέλλεσθαι,
1678 1883 1820 1962 κατὰ

1940 1911 2214 1969 ltzestate,
2245 1900 2657 1956 decurrentibus
2690 1897 2745 1951 in
2774 1891 2957 1948 Nilum
2979 1906 3049 1947 ex
3085 1885 3364 1953 [Ethiopia
3408 1883 3515 1937 im"

229 2005 397 2074 φύσιν
445 2003 643 2074 ἔχοντα
680 2002 834 2072 ῥύσιν
878 2000 985 2053 ἀπὸ
1032 2000 1208 2070 μόνων
1234 1998 1342 2052 τῶν
1375 1999 1567 2052 ἑαυτοῦ
1604 1997 1819 2068 πηγῶν,

231 2095 379 2149 κατὰ
424 2092 488 2146 δὲ
531 2092 598 2144 τὸ
629 2090 789 2161 θέρος
833 2089 919 2143 διὰ
959 2091 1085 2152 τοὺς
1119 2088 1329 2142 ἐκεῖθεν
1358 2088 1713 2158 ἐκχεομένους
1744 2088 1825 2150 είς

232 2185 400 2239 αὐτὸν
430 2183 678 2254 ὄμϐρους
707 2182 1007 2253 λαμϐάνειν
1034 2180 1132 2252 τὴν
1162 2177 1409 2250 αὔξησιν.
1445 2178 1633 2233 Ταῦτα
1663 2178 1761 2250 μὲν
1778 2180 1823 2211 ἰ

234 2279 333 2331 καὶ
356 2278 386 2330 6
412 2275 672 2345 ἕϐδομος.

319 2370 381 2423 '0
412 2369 475 2422 δὲ
514 2367 702 2438 ὄγδοος
749 2366 906 2435 λόγος
948 2365 1304 2436 διαλαμϐάνει
1340 2365 1491 2428 ὅπως
1521 2366 1550 2418 6
1576 2362 1828 2434 Χοσρόης

237 2459 327 2514 διὰ
358 2457 462 2522 τὰς
496 2457 799 2527 ἐπιδρομὰς
848 2456 957 2509 τῶν
1006 2455 1340 2527 Σαρακηνῶν
1383 2455 1491 2508 τῶν
1545 2454 1647 2507 ὑπὸ
1690 2454 1828 2507 Ῥω-

244 2550 431 2621 μαίοις
476 2548 826 2619 ταττομένων
860 2548 1018 2601 λῦσαι
1067 2547 1166 2610 τὰς
1212 2545 1445 2608 σπονδὰς
1491 2543 1828 2615 ἐνεχείρησε,

241 2642 523 2713 Γεωργίου
552 2641 611 2694 δὲ
644 2640 782 2711 πρὸς
810 2640 972 2703 αὐτὴν
998 2637 1284 2701 σταλέντος
1311 2638 1366 2692 ai
1404 2636 1630 2690 σπονδαὶ
1666 2652 1835 2705 μεμε-

246 2736 447 2803 νήκασι
469 2750 487 2767 ο
517 2734 615 2788 καὶ
648 2732 922 2804 Γεώργιος
950 2733 1183 2803 ἀτιμάζε
1195 2749 1276 2785 ται
1309 2730 1385 2794 ὡς
1411 2731 1658 2793 εἰπόντος
1696 2730 1838 2782 Χοσ-

252 2828 375 2901 ρόου
416 2829 510 2882 διὰ
543 2826 820 2899 Γεὼργιον
864 2826 1091 2888 ἀλύτους
1107 2827 1152 2858 ’⁸
1199 2826 1387 2896 τηρεῖν
1431 2824 1529 2887 τὰς
1584 2821 1835 2887 σπονδὰς,

252 2920 365 2972 ἀλλ’
393 2919 456 2972 ού
487 2917 578 2972 διά
604 2918 697 2972 τὸν
732 2917 957 2989 βασιλέα
990 2916 1514 2989 Μαυρίκιον.⁹’οπως
1538 2931 1596 2967 τε
1624 2915 1838 2983 Κομεν-

250 3010 425 3073 τίολος
455 3009 753 3080 προδοσίας
780 3009 1044 3078 κρίνεται,
1076 3008 1172 3062 καὶ
1215 3006 1506 3075 διαλλαγαὶ
1553 3005 1661 3060 τῶν
1701 3005 1839 3058 Ῥω-

258 3101 473 3171 μαῖκῶν
508 3101 933 3171 στρατευμάτων
985 3099 1121 3171 πρὸς
1162 3098 1345 3165 αὐτὸν,
1374 3100 1468 3152 καὶ
1506 3098 1654 3161 ὅπως
1682 3092 1838 3161 αὖθις

257 3191 358 3243 ὑπὸ
408 3189 507 3243 τοῦ
558 3190 960 3261 αὐτοκράτορος
996 3188 1302 3261 στρατηγὸς
1336 3187 1637 3242 στέλλεται.
1673 3185 1839 3256 Μάχη

267 3281 552 3352 Ῥωμαίων
568 3283 668 3334 καὶ
687 3281 954 3352 Ἀϐάρων,
973 3279 1405 3350 στρατηγοῦντος
1426 3277 1668 3346 Πρίσκου
1689 3277 1783 3329 καὶ
1797 3275 1844 3307 ’³

257 3373 648 3446 Κομεντιόλου,
679 3373 775 3426 καὶ
805 3371 1162 3441 Κομεντιόλου
1202 3369 1300 3441 μὲν
1327 3368 1617 3439 άπομάχου
1648 3367 1738 3421 διά
1762 3383 1844 3419 τι-

258 3482 353 3531 νας
383 3466 786 3538 προσποιήσεις
815 3464 966 3527 ὄντος
985 3502 1000 3525 ,
1039 3463 1278 3534 Πρίσκου
1302 3461 1360 3514 δὲ
1389 3460 1467 3533 τῷ
1497 3457 1846 3530 στρατοπέδῳ

259 3562 531 3632 πιρόντος
562 3558 840 3630 Ἀριστεία
855 3556 1141 3627 Ῥωμαίων
1159 3557 1255 3610 καὶ
1278 3552 1673 3625 άναίρεσιςτῶν
1688 3550 1850 3606 Ἀϐά-

262 3670 372 3726 ρων
416 3652 590 3723 μέχρι
632 3651 915 3721 τεσσάρων
948 3648 1223 3720 χιλιάδων.
1257 3647 1499 3717 Δευτέρα
1540 3645 1722 3716 μάχη,
1752 3641 1849 3697 καὶ

257 3746 547 3816 ἀναίρεσις
599 3743 710 3797 τῶν
754 3742 933 3795 αὐτῶν
986 3741 1113 3812 ἄχρι
1156 3739 1411 3811 χιλιάδων
1461 3737 1637 3791 ἐννέα.
1678 3734 1850 3807 Τρίτη

260 3841 439 3910 μάχη,
465 3836 566 3890 καὶ
587 3836 668 3888 ἐτι
685 3834 794 3887 τῶν
815 3834 994 3888 αὐτῶν
1015 3832 1243 3904 δλεθρος
1269 3830 1431 3901 μέχρι
1454 3827 1850 3883 πεντεκαίδεκα

258 3927 544 3999 χιλιάδων.
578 3923 828 3996 Τετάρτη
867 3926 1037 3994 μάχη,
1067 3922 1164 3975 καὶ
1207 3920 1332 3992 νίκη
1366 3920 1530 3973 πάλιν
1564 3916 1851 3986 Ῥωμαίων

259 4021 522 4093 λαμπρὰ,
555 4004 651 4073 καί
687 4017 964 4088 ἀναίρεσις
996 4015 1241 4087 Ἀϐάρων
1257 4014 1304 4046 ⁸⁵
1344 4013 1462 4084 ἅμα
1504 4009 1789 4082 Γηπαίδων
1805 4009 1851 4042 ³³

262 4111 528 4183 χιλιάδων
569 4108 886 4178 τριάκοντα.
921 4106 1153 4177 Πέμπτη
1199 4104 1371 4177 μάχη,
1421 4102 1517 4157 καὶ
1564 4101 1687 4172 νίκη
1722 4101 1854 4153 Ῥω-

266 4204 470 4273 μαίων,
501 4203 600 4255 καὶ
627 4198 906 4268 ἀναίρεσις
938 4198 1219 4269 Ἀϐάρων,
1256 4196 1349 4249 καὶ
1382 4194 1584 4256 ἅλωσις
1612 4191 1720 4246 τῶν
1753 4191 1852 4262 μὲν

263 4294 669 4366 ζωγρηθέντων
700 4292 945 4364 ’Δϐάρων
985 4289 1318 4362 τρισχιλίων,
1348 4288 1524 4343 ἄλλων
1549 4286 1607 4339 δὲ
1649 4284 1855 4356 βαρϐά-

265 4404 377 4458 ρων
405 4384 884 4455 τετρακισχιλίων,
913 4382 1005 4436 καὶ
1039 4381 1241 4450 ἐτέρων
1268 4377 1547 4448 δισχιλίων
1593 4376 1690 4429 καὶ
1732 4374 1850 4427 δια-

1920 1996 2135 2064 bribus,
2156 2008 2407 2050 crescere
2426 1991 2652 2046 nimium
2669 1995 2932 2058 quantum
2951 2022 2989 2052 ,,
3005 1989 3167 2051 atque
3206 1975 3419 2047 augeri.
3444 1972 3511 2028 Et

1924 2091 2041 2147 haec
2069 2088 2287 2160 quidem
2316 2085 2454 2140 libro
2475 2082 2729 2152 septimo.

1999 2361 2233 2419 Octavus
2253 2360 2368 2414 haec
2388 2356 2498 2411 fere
2512 2350 2909 2421 complectitur:
2926 2344 3200 2401 Cbosroen
3220 2336 3289 2391 ob
3304 2333 3517 2390 illorum

1933 2450 2327 2507 Saracenorum
2375 2443 2489 2515 (55)
2517 2485 2533 2508 ,
2562 2441 2652 2509 qui
2698 2433 2961 2492 Romanis
2994 2430 3292 2501 parebant,
3331 2423 3520 2476 incur—

1932 2543 2143 2602 siones.
2177 2549 2426 2604 rumpere
2474 2529 2721 2585 inducias
2759 2535 3039 2586 conatum,
3073 2515 3289 2583 Georgii
3338 2522 3519 2565 tamen

1934 2631 2203 2700 legatione
2222 2638 2560 2695 persuasum,
2592 2619 2769 2674 fwdus
2795 2624 3000 2671 sartnm
3025 2620 3224 2665 tectum
3252 2616 3519 2667 servasse;

1946 2721 2238 2789 Georgium
2266 2715 2378 2788 (56)
2405 2730 2532 2769 vero
2555 2711 2786 2767 Caesaris
2809 2704 3232 2775 indignationem
3260 2695 3522 2751 incurris-

1937 2828 2034 2876 se,
2062 2786 2205 2881 quod
2226 2786 2491 2863 Cliosroes
2529 2803 2757 2856 dixisset
2806 2813 2887 2862 se,
2931 2792 3148 2863 Georgii
3179 2786 3520 2861 potissimum

1937 2902 2110 2974 gratia
2140 2941 2158 2966 ,
2192 2914 2298 2954 non
2335 2895 2677 2966 imperatoris
2707 2889 2948 2944 Mauricii
2979 2898 3145 2941 causa
3165 2921 3179 2946 ,
3205 2890 3376 2935 ratam
3414 2892 3514 2946 pa-

1944 3012 2061 3053 cem
2092 2993 2310 3056 fecisse,
2338 2999 2397 3043 ut
2425 2982 2790 3043 Comentiolus
2819 2976 3136 3050 proditionis
3169 2987 3292 3028 reus
3331 2977 3517 3031 actus,

1943 3105 2067 3146 mox
2101 3085 2466 3141 Romanorum
2497 3077 2596 3132 sibi
2636 3074 2866 3130 militum
2898 3070 3128 3131 animos,
3173 3058 3519 3125 conciliarit;

1945 3194 2236 3254 atqueeam
2264 3176 2332 3231 ob
2350 3189 2463 3229 rem
2480 3175 2586 3227 dux
2611 3169 2805 3224 iterum
2819 3164 3093 3222 exercitus
3110 3160 3178 3215 ab
3197 3160 3525 3227 imperatore

1946 3252 2158 3332 creatus
2191 3271 2283 3327 sit.
2333 3267 2699 3322 Romanorum
2746 3274 2925 3331 pugna
2978 3259 3439 3311 commemoratur
3471 3252 3529 3299 et

1945 3365 2269 3426 Abarorum,
2290 3359 2475 3414 Prisco
2497 3352 2897 3411 etComentiolo
2914 3347 3168 3403 ducibus:
3185 3339 3527 3398 Comentiolo

1947 3465 2127 3509 tamen
2151 3450 2336 3506 nescio
2358 3448 2485 3517 quid
2525 3451 2781 3500 causante
2802 3480 2819 3506 ,
2850 3449 2905 3496 et
2937 3454 2966 3492 a
2998 3450 3170 3507 pugna
3201 3432 3523 3490 abstinente,

1948 3546 2273 3604 Priscovero
2290 3541 2478 3610 copias
2493 3539 2744 3592 ducente.
2767 3532 2988 3587 Militum
3023 3527 3390 3580 Romanorum
3422 3519 3528 3575 for-

1971 3641 2168 3703 titudo,
2186 3645 2238 3691 et
2257 3635 2557 3690 Abarorum
2576 3629 2749 3684 czedes
2767 3633 3001 3696 quatuor
3015 3611 3526 3675 millium.Pr:clium

1951 3734 2082 3790 item
2104 3729 2333 3784 alterum
2350 3766 2366 3793 ,
2393 3722 2815 3788 eorumdemque
2839 3716 3143 3771 Abarorum
3175 3706 3400 3763 millium
3427 3716 3528 3755 no-

1950 3838 2071 3879 vem
2111 3829 2340 3887 strages.
2377 3812 2559 3869 Tertia
2592 3824 2770 3880 pugna
2800 3821 2922 3861 cum
2956 3797 3267 3874 quindecim
3301 3793 3528 3887 millium

1951 3915 2104 3971 clade
2131 3886 2455 3966 Abarorum.
2490 3902 2763 3969 Quartum
2790 3911 2977 3952 rursus
3004 3892 3248 3963 praelium
3266 3886 3528 3942 illustrem

1952 4004 2214 4064 Romanis
2261 3999 2542 4055 victoriam
2588 3990 2907 4053 concessit,
2951 3986 3106 4041 casis
3148 3981 3215 4037 ad
3282 3979 3532 4033 interne-

1952 4102 2163 4157 cionem
2190 4094 2492 4148 Abarorum
2518 4096 2572 4141 et
2602 4081 2901 4153 Gepaedum
2944 4077 3053 4150 (57
3078 4080 3097 4146 )
3152 4074 3375 4142 triginta
3407 4067 3527 4122 mil-

1954 4194 2116 4248 libus.
2167 4185 2363 4254 Quinta
2413 4183 2466 4236 in
2526 4190 2703 4249 pugna
2758 4186 2923 4243 penes
2978 4168 3251 4222 Romanos
3304 4159 3531 4215 victoria

1953 4295 2168 4356 quoque
2193 4252 2342 4334 stetit
2376 4295 2390 4331 :
2426 4272 2550 4328 caesi
2574 4269 2829 4339 captique
2858 4262 3021 4317 Abari
3044 4301 3060 4326 ,
3086 4273 3151 4313 ac
3170 4255 3279 4309 vivi
3313 4252 3532 4325 quidem

1956 4345 2011 4433 in
2030 4345 2346 4446 potestatem
2369 4379 2566 4422 venere
2590 4362 2655 4416 ad
2690 4362 2795 4415 tria
2828 4354 2992 4410 millia
3017 4394 3032 4420 ,
3061 4345 3534 4446 caeterorumBar-

264 4433 488 4543 ζιοσίιιη,
509 4433 1246 4546 ξέάϐήνωῐνῖθχιλιάδων
1271 4433 1414 4525 ὀκτῖῦ
1435 4486 1449 4500 ·
1484 4468 1545 4533 ἐξ
1572 4460 1647 4521 ὧν
1674 4468 1702 4520 6
1735 4466 1834 4519 Χα·

1956 4433 2210 4521 barorum
2239 4452 2749 4528 quatuor;aliorum
2772 4445 2839 4500 ad
2886 4444 3001 4498 hazc
3023 4441 3130 4494 duo
3169 4436 3334 4493 millia
3367 4442 3421 4488 et
3438 4433 3538 4486 du-

267 4572 433 4638 γάνος
459 4569 754 4638 ἀπατήσας
786 4566 877 4618 τὸν
906 4563 1284 4635 αὐτοκράτορα
1312 4563 1437 4624 τοὺς
1466 4557 1854 4631 ζωγρηθέντας

279 4661 549 4731 ’Δϐάρους
596 4657 849 4713 ἀνέλαϐε.
879 4657 1016 4728 Περὶ
1047 4656 1147 4727 τῆς
1177 4654 1537 4726 Κομεντιόλου
1583 4652 1855 4724 μελαγχο-

267 4752 412 4817 λίας,
449 4752 549 4806 καὶ
576 4752 727 4817 ὅπως
753 4753 821 4822 τῇ
852 4749 1040 4803 τούτου
1067 4748 1296 4820 ἀϐουλίᾳ
1315 4747 1515 4818 πλῆθος
1541 4744 1851 4815 Ῥωμαίων,

271 4847 409 4915 πρὸς
421 4843 855 4899 Φιλιππούπολιν
883 4841 1213 4910 ἀπαίροντος
1229 4842 1294 4906 ’⁷,
1311 4840 1390 4910 τῷ
1407 4839 1562 4910 κρύει
1578 4835 1850 4890 διώλοντο.

284 4935 372 5002 Ὦς
398 4937 610 5008 Πέτρος
636 4934 792 5001 αὖθις
817 4932 1127 5005 στρατηγὸς
1168 4932 1268 5001 τῆς
1310 4929 1581 5001 Εὐρώπης
1626 4926 1731 4981 ὑπὸ
1753 4925 1850 4980 τοῦ

1958 4558 2195 4625 centi,et
2221 4526 2536 4608 sclavorum
2570 4557 2692 4600 octo
2718 4541 2904 4596 millia.
2943 4537 3134 4592 Postea
3172 4541 3354 4587 tamen
3394 4526 3538 4583 Cha-

1957 4621 2164 4723 ganus,
2196 4645 2419 4713 decepto
2452 4637 2712 4694 Mauricio
2738 4637 3097 4702 imperatore,
3132 4625 3289 4679 vivos
3326 4621 3540 4674 Abaros

1956 4713 2183 4811 recepit.
2207 4737 2280 4792 De
2294 4730 2617 4790 Comentioli
2639 4724 2920 4799 prmfracto
2938 4732 3171 4776 maerore
3185 4714 3276 4789 (58
3297 4713 3542 4811 )utque

1955 4804 2408 4903 ejus-temeritate
2437 4825 2803 4878 Romanorum
2842 4815 3041 4885 copias,
3072 4825 3207 4881 quas
3244 4809 3309 4861 ad
3340 4804 3541 4903 Philip-

1960 4896 2192 4993 popolim
2210 4915 2477 4990 proﬁcisci
2497 4913 2736 4984 iubebat,
2752 4909 2950 4981 frigore
2965 4908 3072 4963 sint
3085 4902 3386 4959 exstincta.
3404 4896 3542 4964 Quo.

1592 5056 1833 5114 VARIIE
1868 5047 2166 5117 LECTlON
2174 5047 2278 5102 ES.

351 5193 395 5275 ’τ
433 5191 692 5285 ἰδάρων
718 5189 791 5285 A..=
826 5187 1121 5285 βαςὲάιων
1144 5189 1279 5285 ea"
1325 5180 1721 5285 Ἀιαθαεθρίίδξυ
1748 5178 1834 5265 ξδ’

1942 5188 2040 5228 us:
2066 5168 2188 5225 libri
2214 5164 2532 5236 ἀναρχίδου.

1961 5261 2021 5285 ρ-
2100 5243 2146 5273 ³³
2160 5235 2450 5285 ἀλύτουςΑ
2491 5253 2505 5285 :

286 5263 453 5317 derim
476 5245 885 5332 ὄρεσιν-ωηοιο
901 5245 1349 5332 ξῡίρξιοιιοᾯίεηκ
1371 5245 1462 5332 4].
1541 5245 1710 5322 δΓμὲν
1727 5245 1827 5332 ρὶῦν
1846 5246 2022 5332 xa‘t's.

2633 5159 2680 5191 ³⁸
2709 5155 2814 5211 ἀνὰ
2845 5172 2906 5220 ς.
2928 5161 3051 5222 post
3072 5146 3365 5222 Αἰθιοπίαν
3386 5141 3540 5198 addi-

2100 5218 2450 5298 ῖίϋάλύτήουξΑ
2491 5253 2505 5289 :
2532 5229 2732 5291 αὐτοὺς
2760 5245 2835 5297 ς,
2857 5218 3190 5298 if’lalterum
3215 5219 3308 5271 καὶ
3324 5218 3543 5283 Κομιν-

282 5290 1149 5400 255511ZEiii‘k“'f“i1"*XéZ;;.‘;
1168 5290 1584 5398 ἵζ’έέξέάρων
1603 5290 1707 5388 ς’
1727 5290 1834 5387 ειη

1940 5290 2057 5368 ἕξων
2085 5290 2179 5368 Δ(
2227 5308 2274 5341 ’⁸
2299 5290 2627 5376 Σιλαϐήνων
2687 5290 2797 5369 mg.
2832 5290 2901 5328 J"
2931 5292 3259 5361 άπαίροντες
3313 5298 3543 5356 apogra—

289 5403 447 5471 phum
500 5397 794 5470 Stephani.

357 5566 519 5638 (53‘)
547 5564 771 5638 Nicepb.
811 5562 910 5619 lib.
936 5576 1073 5617 xvm
1092 5600 1108 5628 ,
1141 5574 1190 5617 c.
1220 5558 1312 5614 26.
1351 5557 1425 5614 De
1457 5555 1580 5612 Nilo
1614 5554 1736 5609 vide
1763 5475 2157 5638 ﬁli-OTdt-Eitl'l’lias‘
2179 5526 3178 5638 Έξοξῆξυιιὲὶοενίξξξξοίἓξιξκῆξτοθονο
3209 5533 3400 5592 συρτει

296 5634 533 5694 rodotum
579 5646 638 5689 et
663 5634 876 5691 Melam.

367 5708 502 5776 (54)
526 5705 618 5760 Al.
644 5703 986 5776 Anarcltidae.

364 5762 463 5847 (ὣ
528 5775 775 5847 Duplicis
790 5775 1007 5846 generis
1033 5770 1335 5829 Saracenos
1351 5768 1493 5826 alios
1507 5766 1692 5824 Pcrsis
1713 5803 1729 5836 ,
1750 5762 1863 5822 Ro-

2214 5664 2348 5737 Vide
2362 5664 2488 5748 sup.
2526 5686 2593 5731 an
2617 5673 2651 5727 6
2682 5664 2839 5739 hujus
2868 5664 3122 5748 auctoris.

2068 5597 2415 5704 sumh-
2444 5597 3004 5704 ¹ίδ;ἒ“ἰε¹¹.ἱι.ἔξῗ¹.ν;,.ῗῖ;

2068 5621 2158 5684 ’56)
2190 5621 2415 5682 Nicepb.
2444 5621 2538 5663 lto.
2570 5621 2729 5665 xvm,
2756 5621 2884 5678 cap.
2916 5621 3004 5650 ω.

2085 5687 2152 5741 57
2214 5668 2348 5737 Vide
2368 5695 2488 5748 sup.
2526 5686 2593 5731 ad
2617 5673 2651 5727 6
2682 5672 2839 5739 hujus
2868 5675 3005 5721 auc-tt

2041 5621 2199 5837 {58K
2220 5751 2441 5823 Niceph.
2460 5749 2554 5806 lib.
2577 5758 2735 5808 xvut,
2757 5755 2877 5810 cap.
2909 5736 3005 5790 57.
