3980 6234
358 288 371 297 ’
484 328 589 396 159

1669 328 1935 389 PHOTII
1973 329 2483 390 PATRIARCHBE
2523 331 2632 392 ΟΡ.

3642 331 3743 393 1ὓο

487 444 646 501 modo
703 441 901 497 Petrus
952 440 1150 495 iterum
1181 440 1308 495 belli
1336 446 1441 495 dux
1476 442 1639 496 totius
1695 442 1958 512 Europae,
1994 443 2060 498 ab

2175 444 2565 515 ιύτοκράτορος
2599 441 3024 514 προχειρίζεται.
3053 441 3187 514 Περί
3216 459 3274 496 τε
3300 442 3390 496 τοῦ
3415 443 3600 513 γάμου
3625 444 3745 516 [τοῦ

488 539 812 606 imperatore
840 546 1057 591 creatus
1089 536 1179 591 sit.
1233 534 1372 605 32b
1398 535 1473 590 De
1527 536 1730 603 nuptiis
1769 536 2058 592 Theodosii

486 628 582 682 ﬁlii
612 627 851 682 Mauricii
879 626 969 695 (59
990 626 1010 697 )
1032 667 1047 691 ,
1081 635 1134 680 et
1159 626 1282 680 filiae
1306 625 1583 681 Germani.
1623 626 1824 683 Urbem
1856 629 2060 698 regiam

489 720 626 773 fame
652 734 715 773 ea
735 725 1052 788 tempestate
1078 716 1355 771 laborasse
1380 733 1395 783 ;
1416 733 1714 789 precesque
1739 719 1791 772 in
1821 719 2061 773 Ecclesia

490 810 742 864 fundente
766 809 1025 863 Mauricio
1047 847 1064 874 ,
1096 808 1304 878 plebem
1348 823 1471 866 esse
1515 811 1894 865 tutnttltnatam
1925 811 2061 881 (40).

436 906 450 965 μ
489 899 562 954 lle
581 901 698 970 ejus
714 900 1123 956 mansuetudine
1137 915 1199 957 ac
1227 900 1471 963 lenitate,
1488 901 1829 971 militumque
1852 903 2067 972 ablega-

446 985 451 997 ”
491 993 667 1056 tione;
696 1003 861 1062 utque
888 995 1077 1047 eodem
1106 995 1212 1048 sint
1241 995 1328 1049 die
1349 993 1841 1049 revoeatiJ‘etrum
1877 997 1944 1049 ab
1964 994 2068 1050 Au-

488 1091 645 1151 gusto
679 1083 899 1136 missum
926 1121 943 1148 ,
967 1093 1027 1137 ttt
1056 1084 1204 1137 omni
1245 1099 1347 1152 ope
1371 1092 1537 1153 atque
1575 1100 1737 1154 opere
1775 1083 2067 1141 Thracicas

487 1177 673 1245 copias
716 1178 783 1230 ad
833 1179 1134 1247 oppesitatn
1193 1179 1313 1233 lstri
1348 1180 1517 1247 ripam
1575 1179 1862 1235 distineret
1904 1180 2061 1251 (4|);

490 1269 663 1338 deque
709 1269 965 1323 divinitus
1009 1268 1229 1324 Petrum
1287 1271 1594 1340 appellante
1629 1284 1781 1326 voce.
1840 1269 2064 1325 Tumul-

493 1368 731 1413 tuantem
769 1376 981 1415 rursum
1014 1362 1063 1415 in
1125 1363 1320 1416 castris
1353 1364 1744 1428 Romanorum,
1780 1373 1837 1419 et
1879 1372 2066 1419 contra

495 1450 811 1506 Mauricium
837 1451 1003 1507 factio
1032 1453 1305 1519 instituta,
1333 1454 1505 1511 electo
1532 1455 1895 1512 abtincondita
1929 1457 2068 1510 mul-

496 1544 722 1597 titudine
777 1544 957 1598 Phoca
997 1544 1132 1616 (42).
1174 1546 1371 1600 Petrus
1414 1546 1537 1617 fuga
1577 1548 1795 1602 interim
1839 1548 2067 1602 salutem

495 1635 707 1701 quaerit,
736 1645 788 1689 et
814 1636 1096 1692 seditionis
1118 1641 1183 1692 ad
1209 1638 1587 1706 imperatorem
1607 1655 1792 1694 rumor
1812 1640 2067 1694 defertur.

495 1725 659 1782 Plebs
702 1738 881 1783 autem
914 1744 943 1782 a
973 1727 1165 1797 Sergio
1205 1741 1367 1799 atque
1397 1730 1593 1785 Cosma
1638 1732 1871 1785 tribunis
1900 1730 2071 1799 plebis

497 1817 729 1885 primum
761 1818 1008 1884 incitata,
1049 1821 1206 1874 novis
1258 1824 1476 1874 studere
1517 1822 1677 1875 rebus
1727 1818 1950 1889 incipit;
1985 1835 2069 1875 re-

495 1909 742 1977 pertique
788 1909 1138 1964 Prasiuorum
1192 1910 1260 1965 Μ.
1296 1910 1361 1966 D.
1392 1909 1737 1977 ,Venetorum
1774 1926 1904 1965 vero
1958 1923 2066 1967 tre-

496 2001 641 2054 centi
693 2000 974 2056 duntaxat.
1021 2002 1156 2057 Hinc
1202 2003 1424 2073 plebeiis
1485 2005 1735 2059 donativa
1779 2002 2072 2060 Mauricius

498 2091 743 2160 praebuit.
784 2092 1041 2164 Sequitur
1064 2098 1130 2149 ad
1176 2095 1563 2151 tumultuantes
1594 2096 1789 2151 milites
1830 2096 2070 2167 ejusdem

499 2183 714 2253 legatio,
744 2196 798 2242 et
832 2187 1120 2257 legationis
1151 2189 1403 2257 repulsa;
1449 2199 1615 2258 utque
1655 2190 1857 2254 regiam
1885 2192 2071 2245 urbem

497 2277 750 2345 praesidio
788 2279 1061 2333 munierit.
1113 2278 1398 2335 Exercitus
1431 2281 1497 2333 ad
1528 2278 1892 2335 Theodosium
1925 2280 2075 2335 Man-

495 2368 616 2423 ricii
657 2368 720 2423 F.
754 2369 973 2441 legatio,
1008 2372 1202 2439 ipsum,
1246 2381 1337 2426 aut
1376 2388 1621 2427 socerum
1675 2374 1820 2429 illius
1867 2389 2077 2445 germa-

496 2472 625 2512 num
675 2459 790 2513 dari
847 2460 947 2515 sibi
1017 2462 1398 2529 imperatorem
1460 2464 1759 2534 postulans.
1815 2465 1947 2534 Ejus
1998 2465 2073 2519 rei

499 2551 720 2605 nuntius
751 2550 818 2605 ad
849 2552 1102 2607 Mauricii
1149 2568 1307 2610 aures
1347 2556 1562 2622 accidit,
1600 2557 1831 2627 indeque
1891 2574 2078 2627 suspe-

498 2642 607 2696 ctio
638 2642 692 2697 in
736 2640 1086 2707 Germanum,
1125 2654 1184 2699 ut
1210 2647 1508 2716 tyrannidis
1545 2660 1845 2704 auctorem.
1886 2648 2076 2714 Minae,

502 2729 882 2802 minarumque
922 2735 1150 2803 Augusti
1205 2736 1257 2789 in
1305 2736 1636 2791 Germanum
1700 2754 1796 2807 per
1829 2737 2079 2794 Theodo-

500 2821 638 2875 sium
688 2837 945 2893 generum
1000 2826 1199 2879 delatio
1249 2843 1264 2880 :
1310 2837 1365 2881 et
1413 2827 1669 2884 Germani
1730 2830 1782 2883 in
1840 2829 2080 2901 Deiparm

505 2915 784 2981 templum,
821 2926 877 2968 ut
923 2917 974 2969 in
1003 2916 1210 2982 asylum
1258 2916 1381 2987 fuga
1421 2919 1556 2990 (45).
1601 2920 1739 2974 Hinc
1781 2920 1980 2991 Cyros,
2027 2932 2081 2977 et

503 3005 813 3075 Stephanus
854 3011 1134 3066 eunuchus
1193 3010 1306 3080 (qui
1357 3011 1586 3067 Ciesaris
1637 3012 1823 3066 liberis
1873 3028 2079 3068 morum

2163 535 2375 607 παιδὸς]
2409 535 2688 588 Θεοδοσίου
2731 535 2826 588 τοῦ
2859 534 3048 599 παιδὸς
3081 535 3384 603 Μαυρικίου
3414 534 3510 588 ἐπὶ
3542 536 3612 605 τῇ
3648 534 3744 588 θυ-

2162 629 2326 697 γατρὶ
2350 626 2656 699 Γερμανοῦ.
2684 627 2794 679 Καὶ
2824 625 2952 697 περὶ
2971 626 3069 695 τῆς
3101 626 3363 689 σιτοδείας
3387 625 3490 695 τῆς
3512 623 3747 695 γενομέ-

2163 736 2262 791 νης
2298 722 2360 790 τῇ
2395 718 2627 788 βασιλίδι
2652 718 2761 773 τῶν
2793 719 3023 786 πόλεων,
3048 719 3142 772 καὶ
3168 718 3267 787 τῆς
3297 717 3587 788 συμϐάσης
3616 718 3750 770 ἀτα-

2164 811 2284 879 ξίας
2310 811 2417 865 τῶν
2447 811 2631 881 δήμων
2666 810 3037 874 λιτανεύοντος
3058 810 3150 863 τοῦ
3181 809 3465 880 βασιλέως,
3492 808 3588 862 καὶ
3620 809 3751 877 περὶ

2164 904 2262 973 τῆς
2294 903 2673 973 μακροθυμίας
2697 902 2887 968 αὐτοῦ,
2908 902 3003 955 καὶ
3028 900 3242 972 ἐξορίας
3265 900 3371 954 τῶν
3396 898 3751 969 στρατιωτῶν

2165 997 2260 1049 καὶ
2289 994 2628 1066 μονοημέρου
2659 993 3136 1055 ὲπανόδου.”οπως
3165 992 3472 1062 Μαυρίκιος
3494 989 3754 1043 ἐπέστελ-

2165 1087 2223 1141 λε
2239 1087 2283 1119 ¹⁸
2307 1088 2510 1157 Πέτρον
2537 1087 2698 1140 παντὶ
2726 1085 2912 1157 τρόπῳ
2941 1087 3040 1148 τάς
3062 1084 3329 1155 Θρακῴας
3361 1083 3450 1156 [97
3478 1083 3574 1153 8.]
3598 1081 3756 1134 δυνά-

2169 1195 2290 1249 μεις
2324 1181 2404 1241 είς
2443 1177 2504 1230 τὸ
2540 1176 2835 1247 ἀντιπέρας
2867 1174 2960 1229 τοῦ
2985 1176 3201 1246 Ἴστρου
3231 1172 3555 1243 διατρίϐειν,
3602 1170 3755 1231 ὅπως

2166 1289 2226 1326 τε
2259 1272 2377 1325 θεία
2406 1270 2741 1341 προσέπεσεν
2775 1268 2924 1338 ὀμφὴ
2950 1266 3026 1337 τῷ
3053 1267 3265 1336 Πέτρῳ.
3292 1264 3401 1316 Καὶ
3430 1263 3580 1324 ὅπως
3617 1258 3751 1312 στά-

2170 1382 2253 1428 σις
2280 1365 2399 1428 ταῖς
2435 1362 2768 1431 Ῥωμαϊκαῖς
2797 1358 3151 1430 είσήῤῥησε¹⁹
3178 1356 3479 1426 δυνάμεσι,
3524 1353 3622 1406 καὶ
3662 1368 3757 1403 τυ-

2173 1457 2355 1527 ραννὶς
2410 1455 2638 1523 συνέστη
2687 1451 2827 1504 κατά
2874 1451 2971 1503 τοῦ
3009 1450 3431 1519 αὐτοκράτορος,
3461 1446 3630 1499 Φωκᾶ
3658 1442 3753 1496 τοῦ

2167 1548 2430 1619 τυράννου
2460 1545 2564 1598 ὑπὸ
2589 1543 2682 1598 τοῦ
2721 1542 2954 1614 πλήθους
2983 1538 3600 1612 ἀναῤῥηθέντος.”οπως
3624 1552 3685 1588 τε
3710 1533 3756 1566 ³⁸

2171 1640 2360 1709 φεύγει
2374 1638 2601 1709 Πέτρος,
2616 1636 2713 1689 καὶ
2734 1635 2928 1703 ὃπωςή
2951 1634 3135 1695 στάσις
3161 1629 3533 1700 διαγγέλλεται
3562 1625 3640 1697 τῷ
3656 1627 3755 1696 βα-

2176 1733 2330 1785 σιλεῖ.
2352 1730 2462 1784 Καὶ
2494 1730 2642 1792 ὅπως
2659 1727 2725 1780 τά
2756 1725 2947 1797 πρῶτα
2963 1723 3049 1776 διὰ
3064 1723 3174 1775 τῶν
3202 1722 3497 1793 δημάρχων
3523 1718 3755 1790 Σεργίου

2173 1825 2269 1878 καὶ
2299 1824 2497 1892 Κοσμᾶ
2522 1820 2973 1891 πολυπραγμονεῖ
2993 1817 3054 1870 τὸ
3076 1816 3279 1885 πλῆθος
3302 1813 3407 1866 τῶν
3429 1813 3637 1882 δήμων,
3656 1808 3757 1861 καὶ

2171 1916 2484 1988 εὑρίσκεται
2531 1912 2817 1984 Πρασίνων
2865 1911 2962 1980 μὲν
2990 1915 3114 1979 ,αφ’,
3150 1906 3391 1960 Βενέτων
3424 1904 3482 1956 δὲ
3524 1907 3755 1956 ἐννακο-

2174 2006 2381 2071 σίων³ί,
2412 2005 2507 2058 καὶ
2536 2005 2682 2064 ὅπως
2719 2006 2829 2064 τοῖς
2857 2001 3168 2071 δημοτικοῖς
3185 1998 3229 2029 ³⁸
3264 1993 3574 2064 φιλοτιμίας
3608 2006 3755 2059 παρ-

2173 2101 2381 2168 έσχετο.
2418 2093 2688 2169 Πρεσόεία
2715 2112 2773 2147 τε
2799 2092 2891 2147 τοῦ
2927 2091 3325 2161 αὐτοκράτορος
3346 2087 3481 2158 πρὸς
3510 2086 3608 2148 τὰς
3631 2100 3759 2137 στα-

2174 2189 2466 2255 σιαζούσας
2513 2187 2807 2257 δυνάμεις,
2865 2186 2959 2238 καὶ
3011 2182 3114 2255 [48
3144 2182 3236 2254 IL]
3284 2176 3604 2248 ἀποστροφὴ
3654 2175 3758 2243 τῆς

2176 2281 2501 2352 πρεσϐείας·
2532 2280 2679 2340 ὅπως
2716 2294 2775 2330 τε
2818 2276 3178 2348 περιφρουρεί
3225 2273 3322 2344 τὴν
3370 2269 3620 2343 βασιλίδα
3648 2266 3759 2320 τῶν

2177 2373 2407 2425 πόλεων.
2449 2368 2718 2440 Πρεσὸεία
2762 2385 2820 2420 τε
2856 2366 2965 2419 τῶν
3000 2364 3422 2437 στρατευμάτων
3457 2361 3595 2433 πρὸς
3624 2360 3760 2411 Θεο-

2175 2463 2351 2515 δόσιον
2402 2461 2494 2513 τὸν
2541 2460 2848 2530 Μαυρικίου
2895 2458 3029 2521 υἱὸν,
3065 2455 3288 2523 ἀξιοῦσα
3332 2455 3364 2525 ἢ
3414 2450 3636 2523 αὐτὲινῆ
3666 2449 3761 2502 τὸν

2178 2554 2439 2625 πενθερὸν
2467 2552 2745 2622 Γερμανδν
2772 2551 2997 2620 βασιλέα
3030 2549 3180 2618 σφῶν
3201 2545 3597 2619 ἀναρρηθῆναι.
3614 2541 3764 2595 Γνῶ-

2180 2646 2263 2710 σίς
2292 2663 2352 2699 τε
2384 2645 2588 2698 τούτων
2631 2647 2711 2707 εἰς
2749 2642 3053 2714 Μαυρίκιον
3082 2642 3381 2710 ἀφιγμένη,
3412 2638 3506 2691 καὶ
3534 2637 3763 2689 ὑπόνοια

2179 2739 2258 2802 είς
2290 2737 2567 2809 Γερμανὸν
2598 2737 2673 2799 ὡς
2704 2736 2873 2788 αἴτιον
2907 2735 3004 2805 τῆς
3030 2732 3361 2804 τυραννίδος,
3391 2730 3485 2783 καὶ
3534 2725 3758 2798 ἀπειλὴ,

2180 2829 2275 2884 καὶ
2304 2831 2532 2901 μήνυσις
2559 2829 2659 2899 τῆς
2694 2828 2972 2898 βασιλικῆς
3001 2826 3231 2896 ἀπειλῆς
3273 2824 3360 2878 διὰ
3383 2823 3477 2877 τοῦ
3506 2820 3763 2891 γαμϐροῦ

2180 2920 2481 2985 θεοδοσίου,
2513 2922 2605 2973 καὶ
2653 2919 2944 2990 καταφυγὴ
2988 2915 3268 2989 Γερμανοῦ
3301 2915 3439 2987 πρὸς
3486 2914 3578 2967 τὸν
3622 2910 3762 2965 νεὼν

2181 3013 2279 3083 τῆς
2313 3011 2674 3082 Θεομήτορος.
2694 3010 2814 3064 Τῶν
2842 3009 3023 3080 Κύρου
3051 3008 3143 3062 καὶ
3164 3007 3434 3075 Στεφάνου
3458 3003 3552 3058 τοῦ
3580 3002 3769 3057 εὐνού-

503 3097 799 3164 praafectus
846 3099 1047 3172 fuerat)
1095 3101 1160 3155 ad
1207 3101 1537 3157 Germanum
1576 3104 1747 3168 missi,
1792 3112 1851 3158 ut
1883 3104 2073 3176 temple

2183 3120 2279 3175 χου
2299 3104 2363 3163 ⁸³,
2395 3103 2453 3166 ὃς
2486 3103 2779 3172 ἐπίτροπος
2830 3101 3083 3153 ἐτέτακτο
3126 3100 3238 3162 τοῖς
3272 3096 3539 3168 βασιλέως
3580 3093 3766 3158 παισὶ,

509 3185 912 3256 digrederetur;
945 3194 1038 3245 sed
1063 3191 1212 3246 irrita
1245 3191 1443 3263 legatio
1460 3192 1583 3251 fuit.
1621 3194 1877 3251 Fustibus
1909 3211 2073 3251 caesus

2185 3198 2323 3270 πρὸς
2352 3197 2631 3268 Γερμανὸν
2663 3194 2934 3264 ἀποστολὴ
2981 3195 3061 3258 είς
3108 3192 3168 3246 τὸ
3211 3190 3447 3257 ἐξελθεῖν
3477 3189 3646 3242 αὐτὸν
3672 3187 3770 3241 τοῦ

506 3278 845 3337 Theodosius
872 3298 901 3337 a
936 3293 1160 3353 parente
1195 3284 1476 3350 Mauricio,
1516 3288 1661 3355 quod
1711 3303 1901 3342 socero
1956 3304 2081 3342 suas

506 3372 684 3426 minas
713 3371 1027 3429 indicasset.
1075 3373 1333 3429 Germani
1363 3389 1394 3428 e
1431 3375 1632 3443 templo
1658 3375 1718 3429 Β.
1745 3373 1985 3446 Virginis
2014 3380 2083 3432 ad

508 3463 727 3520 Sanctae
762 3467 979 3534 SOphiae
1012 3466 1297 3533 transitus,
1338 3477 1391 3521 et
1426 3468 1642 3533 iterata,
1666 3476 1727 3521 ut
1756 3468 1878 3522 inde
1904 3468 2084 3537 digre-

509 3558 707 3620 diatnr,
742 3557 1010 3623 hortatio;
1036 3558 1130 3612 sed
1163 3574 1268 3626 qua
1302 3558 1435 3612 nihil
1464 3558 1838 3627 persuadet-tr,
1869 3558 2083 3614 Andrea

509 3650 741 3716 quodam
793 3664 1071 3719 egressum
1110 3649 1480 3715 dissuadente,
1515 3653 1641 3705 dum
1677 3652 1930 3720 precandi
1962 3666 2085 3718 gra-

508 3739 584 3793 tia
616 3740 871 3809 templum
912 3741 1219 3810 frequentat
1250 3740 1384 3812 (44).
1416 3740 1614 3797 Turbae
1653 3743 1873 3806 iterum,
1898 3742 2085 3797 incen-

510 3832 765 3902 dinmque
843 3830 1071 3887 Urbattte
1150 3835 1340 3888 d0mus
1395 3833 1770 3896 Constantini,
1834 3834 2082 3903 patricii,

510 3939 667 3994 quem
706 3922 927 3991 Lardyn
965 3922 1124 3991 vulgo
1169 3921 1626 3992 cognominabant
1669 3920 1805 3992 (45).
1841 3920 2083 3976 Mauricii

2183 3289 2310 3344 ναοῦ
2337 3289 2431 3343 καὶ
2457 3286 2697 3356 ἀπραξία
2716 3305 2729 3318 σ
2761 3288 2853 3339 καὶ
2879 3289 2912 3356 ἡ
2934 3286 3021 3340 διὰ
3043 3285 3253 3355 ῥάϐδων
3277 3281 3618 3354 μαστίγωσις
3637 3279 3771 3333 Θεο-

2182 3382 2358 3436 δοσίου
2380 3381 2474 3434 τοῦ
2502 3380 2691 3443 παιδὸς
2718 3380 2821 3433 ὑπὸ
2850 3377 2942 3430 τοῦ
2978 3377 3181 3447 πατρὸς
3205 3376 3366 3429 ἕνεκα
3391 3376 3490 3445 τῆς
3517 3373 3656 3443 πρὸς
3682 3373 3775 3424 τὸν

2186 3474 2444 3544 πενθερὸν
2472 3470 2923 3543 καταμηνύσεως.
2959 3472 3070 3523 Καὶ
3119 3468 3508 3539 μεταφοίτησις
3554 3467 3777 3536 Γερμα-

2186 3567 2279 3621 νοῦ
2316 3566 2423 3620 ἀπὸ
2463 3564 2557 3619 τοῦ
2592 3566 2697 3621 νεὼ
2724 3565 2824 3635 τῆς
2856 3564 3197 3633 Θεομήτορος
3223 3563 3315 3614 ἐπὶ
3341 3560 3439 3631 τὴν
3474 3560 3643 3627 άγίαν
3676 3558 3774 3610 Σο-

2188 3660 2338 3729 φίαν.
2370 3658 2465 3711 καὶ
2511 3657 2673 3711 πάλιν
2723 3655 3059 3728 πρόσκλησις
3105 3656 3201 3708 ἐπὶ
3243 3653 3306 3706 τὸ
3354 3651 3635 3719 ἐξελθεῖν,
3684 3651 3779 3703 καὶ

2186 3747 2762 3819 ἀπείθεια,’Λνδρέα³⁸
2814 3748 2959 3810 τινὸς
3014 3745 3255 3815 συνεχῶς
3304 3742 3601 3812 φοιτῶντος
3656 3744 3780 3805 ταῖς

2186 3842 2480 3905 λιτανείαις
2520 3841 2617 3911 τὴν
2659 3839 2836 3905 ἔξοδον
2877 3837 3270 3901 κεκωλυκὸτος.
3307 3835 3540 3907 Θόρυϐοί
3579 3852 3639 3887 τε
3685 3834 3781 3887 καὶ

2188 3933 2514 4006 ἐμπρησμὸς
2540 3933 2638 4003 τῆς
2670 3932 2811 3986 κατὰ
2839 3930 2939 4001 τὴν
2966 3929 3119 3983 πόλιν
3147 3929 3324 3991 οἰκίας
3356 3929 3779 3981 Κωνσταντίνου

508 4016 756 4070 azstuatio
792 4031 856 4069 ac
882 4016 1030 4084 fuga,
1081 4026 1246 4083 utque
1278 4022 1466 4068 exorta
1486 4012 1650 4069 maris
1678 4021 1972 4082 tempestas
2004 4012 2086 4066 fu-

510 4124 631 4179 gam
651 4108 750 4178 ipsi
777 4107 1117 4163 interciderit
1135 4107 1269 4178 (46).
1287 4104 1577 4160 Theodosii
1600 4105 1692 4160 lilii
1718 4106 1781 4159 ad
1806 4105 2083 4160 Chosroen

2186 4023 2282 4078 τοῦ
2314 4022 2626 4092 πατρικίου,
2656 4021 2717 4074 ὃν
2746 4020 2960 4090 Λαρδῦν
2982 4020 3025 4051 ³⁵
3056 4020 3310 4073 ἐπεκάλει
3340 4017 3410 4071 τὰ
3437 4018 3649 4088 πλήοη·
3684 4017 3786 4070 καὶ

2190 4115 2392 4188 ἀπορία
2436 4112 2744 4185 Μαυρικίου
2794 4112 2890 4165 καὶ
2936 4110 3454 4180 άπόδρασις.”οπως
3503 4106 3788 4169 κλύδωνος

513 4202 719 4267 missio,
772 4201 1122 4268 reductioque
1171 4199 1350 4254 Nicaea
1377 4214 1443 4253 ex
1489 4200 1685 4254 indicio
1713 4199 1895 4253 annuli
1919 4198 2073 4270 33a,

2190 4207 2472 4275 γεγονότος
2512 4204 2754 4274 ἐγκοπὴν
2805 4203 2941 4274 πρὸς
2986 4203 3085 4271 τὴν
3134 4201 3431 4272 ἀπόδρασιν
3481 4199 3785 4271 λαμὸάνει.

513 4306 669 4364 quem
703 4291 810 4345 lilio
854 4306 1049 4360 parens
1079 4290 1370 4347 Mauricius
1423 4291 1562 4360 signi
1613 4301 1939 4361 tesserasque
1972 4292 2073 4345 locc

2191 4297 2303 4352 Καὶ
2346 4296 2617 4365 ἀποστολὴ
2660 4293 2941 4347 Θεοδοσίου
2967 4291 3057 4344 τοῦ
3090 4291 3278 4352 παιδὸς
3317 4291 3452 4361 πρὸς
3500 4289 3786 4357 Χοσρὸιην,

512 4385 829 4440 tradiderat.
856 4382 1199 4439 Urbauorutn
1235 4385 1302 4438 ad
1354 4394 1667 4454 tyrannum,
1705 4386 1757 4438 in
1793 4386 1993 4454 quibus
2033 4397 2073 4439 e1

2193 4388 2288 4441 καὶ
2335 4385 2649 4454 ὑποστροφὴ
2703 4383 2863 4436 πάλιν
2896 4383 3001 4435 ἀπὸ
3032 4382 3267 4443 Νικαίας
3299 4384 3364 4451 τῇ
3395 4378 3657 4446 ἐπιδείξει
3690 4379 3787 4431 τοῦ

514 4475 865 4531 Iiebdomites
912 4486 1050 4541 erat,
1103 4491 1420 4532 concursus.
1458 4477 1751 4546 Imperium
1782 4476 2073 4532 Germanus

2190 4475 2495 4538 δακτυλίου,
2524 4474 2551 4525 ὃ
2587 4468 2655 4543 ἦν
2684 4475 2764 4535 είς
2796 4471 3047 4541 σύνθημα
3071 4469 3146 4539 τῷ
3180 4470 3330 4523 παιδὶ
3364 4469 3516 4539 παρά
3545 4467 3644 4521 τοῦ
3681 4486 3788 4521 πα-

513 4568 772 4623 alTectans
819 4576 944 4622 voto
995 4567 1214 4631 excidit,
1258 4565 1498 4621 Prasinis
1546 4582 1606 4622 se
1654 4582 1776 4621 eum
1808 4575 2073 4621 creaturos

2194 4569 2323 4640 τρὸς
2370 4564 2807 4633 ποιηθέν.”οπως
2842 4579 2900 4615 τε
2953 4562 3088 4633 πρὸς
3136 4561 3228 4614 τὸν
3274 4561 3540 4632 τύραννον
3587 4561 3639 4613 οἱ
3688 4560 3787 4612 τοῦ

514 4664 895 4730 imperatorem
930 4662 1274 4731 negantibus,
1313 4662 1477 4730 quod,
1501 4669 1559 4713 ut
1590 4661 1688 4729 ipsi
1720 4658 2073 4726 afﬁrmabant,

2196 4661 2405 4723 ἄστεως
2427 4660 2492 4723 ³⁸,
2537 4660 2595 4711 ὲν
2626 4653 2708 4721 οἷς
2740 4652 2807 4728 ἦν
2829 4657 2872 4689 ³⁷
2907 4656 3001 4709 καὶ
3031 4656 3059 4707 ὁ
3092 4654 3375 4723 Ἐδομίτης
3396 4653 3461 4720 ⁸⁸,
3491 4651 3789 4723 προσεχώ-

513 4754 768 4811 factionis
791 4765 939 4811 esset
968 4754 1296 4809 Venetorum
1319 4752 1458 4824 (47).
1491 4752 1630 4821 Ergo
1658 4751 1868 4805 Phocas
1889 4751 2073 4806 deinde

2197 4751 2585 4823 ρησαν.”οπως
2617 4766 2674 4801 τε
2705 4748 2981 4819 Γερμανὸς
3015 4745 3441 4809 κατασκευάζων
3467 4742 3651 4814 ἑαυτῷ
3684 4744 3790 4814 τὴν

517 4849 570 4902 in
602 4848 802 4917 templo
827 4847 888 4902 Β.
923 4847 1168 4913 Joannis,
1193 4848 1340 4918 quod
1368 4854 1452 4901 est
1478 4846 1530 4899 in
1560 4843 1824 4914 Septimo,
1849 4844 2073 4911 impera-

2195 4845 2474 4917 βασιλείαν
2515 4842 2918 4912 ἀποτυγχάνει,
2943 4839 3053 4893 τῶν
3104 4837 3388 4909 Πρασίνων
3435 4837 3791 4890 ἀπειπόντων

1818 4975 2049 5033 VARUE
2087 4977 2488 5034 LECTIONES.

579 5079 627 5112 ³⁸
656 5076 870 5131 ἔστελλε
900 5094 961 5141 ς.
1071 5077 1117 5109 ’⁸
1147 5074 1419 5146 εἰσείρησε
1452 5090 1512 5146 ς.
1570 5070 1635 5146 4⁸³
1668 5086 1729 5122 τε
1753 5068 1996 5146 add._di_._
2050 5069 2096 5146 ξι
2125 5068 2483 5146 ἐννακοσίων]
2516 5068 2625 5146 τ’ς.

516 5149 681 5220 γικῆς
720 5167 783 5216 ς.
857 5138 1193 5216 ³⁸ἐὐνούχου
1250 5138 1301 5199 ι(
1328 5138 1709 5264 ι’ήμιάέἓενος
1746 5158 1805 5204 ς.
1881 5138 2200 5227 ⁸⁸ςΑνδρέου
2233 5158 2294 5205 ς.

518 5223 566 5256 ιι
598 5221 790 5264 ἄστεος
819 5238 879 5264 ρ-
951 5218 995 5250 ³⁷
1027 5214 1094 5264 ἧν
1122 5216 1246 5264 add.
1276 5214 1342 5264 A.
1419 5213 1464 5244 ³⁸
1494 5212 1507 5232 ’
1585 5210 1780 5264 enim:
1806 5209 1853 5261 A
1887 5226 1902 5262 :
1968 5210 2283 5264 Εὸοομήτης

518 5209 566 5256 ί⁶
598 5209 790 5285 ἄστεος
819 5238 880 5287 ς.
951 5218 995 5250 ³⁷
1027 5209 1246 5289 ﬁli-add.
1276 5214 1342 5268 A.
1394 5209 1464 5244 ’³⁸
1494 5209 1780 5280 Ἐδομίτης
1806 5209 1853 5261 Α
1887 5226 1902 5262 :
1948 5209 2283 5281 Ἐὁδομήτης
2315 5228 2377 5274 ς.

2036 5321 2267 5381 ΝΟΤΑΕ.

2301 5421 2391 5486 44)
2423 5421 2556 5477 Ibid.

2277 5420 2556 5491 (intum.

2268 5491 2546 5568 (ἐξηυίίί-
2590 5492 2835 5561 θεροιιθο
2958 5558 3024 5568 ,.
3350 5557 3362 5568 .
3560 5554 3593 5568 ..
3721 5556 3732 5568 .

596 5556 987 5654 (ίήᾞίῆὲῖιιιλ
1008 5556 1284 5627 Christum
1342 5564 1517 5654 ipsum
1546 5558 1884 5654 “insomnis
1932 5572 2098 5630 appa-
2408 5556 2907 5654 Egdagra'ﬂioque
2941 5558 3155 5616 dolores
3179 5557 3469 5629 Nicephor.
3505 5556 3793 5628 adiungit.

596 5566 961 5654 (41)'Nit:epli.
1008 5566 1284 5627 Christum
1342 5566 1517 5631 ipsum
1573 5566 1627 5614 in
1675 5566 1884 5615 somnis
1932 5572 2098 5630 appa-
2268 5566 2804 5703 ympqdagmﬁyo,

529 5656 725 5717 ruisse,
761 5644 1194 5717 Mauriciunique
1226 5634 1520 5717 appellasse
1546 5640 1756 5686 narrat.
2294 5631 2384 5701 47)
2409 5631 2635 5701 Niceph.
2673 5631 2804 5688 ibid.

600 5701 955 5792 fiififiiceph.
990 5713 1083 5792 lib.
1098 5701 1274 5792 :XVIII,
1298 5701 1425 5773 cap.
1450 5701 1537 5758 59.

606 5782 716 5865 (43)
746 5782 969 5856 Niceph.
1001 5782 1132 5837 ibid.

2702 5069 2747 5102 ³³
2770 5069 2883 5131 τοῖς
2911 5065 3226 5135 δημοτικοῖς
3254 5068 3334 5120 A:
3367 5066 3469 5134 τῆς
3503 5064 3787 5134 δημιουρ-

2383 5141 2428 5171 ³⁵
2456 5135 2671 5212 λάρδυν
2699 5158 2761 5205 ς.
2797 5140 2920 5194 vide
2980 5138 3186 5193 Anecd.
3263 5147 3478 5202 nostra,
3506 5150 3561 5205 p.
3617 5135 3791 5190 H95.

630 5435 742 5503 39)
775 5433 999 5503 Niceph.
1033 5432 1317 5503 ιὶιιηινιιι,
1354 5438 1474 5491 cap.
1502 5421 1593 5475 37.

630 5437 700 5493 39
775 5435 999 5503 Niceph.
1033 5435 1126 5485 lib.
1164 5444 1185 5481 ι

590 5436 704 5581 £40
721 5435 744 5579 ζ
768 5506 919 5581 Jb“:
942 5517 1067 5581 “Et
1094 5498 1185 5581 5.8?
