3980 6234
263 236 369 304 161

1447 260 1971 326 BIBLIOTHECA.
1997 289 2069 299 -
2100 264 2263 327 COD.
2294 267 2462 328 LXV.

3436 276 3541 341 162

262 354 711 456 grammar»
745 360 840 415 διὰ
855 361 937 456 -τδ
978 364 1078 436 τῆς
1112 367 1380 440 αἱρέσεως
1409 371 1576 454 αὑτὸν
1603 367 1766 441 εἶναι,
1790 375 1849 439 ὡς

1971 383 2056 433 tor
2085 377 2450 442 renuntiatur,
2477 375 2705 449 Cyriaco
2722 376 2884 449 regiae
2902 377 3050 435 urbis
3070 377 3377 448 patriarcha
3397 382 3538 456 (48),

267 447 472 541 ἐκεῖνοι
506 447 778 520 ἔφασκον,
810 453 921 507 τῶν
957 455 1220 514 Βενέτων.
1252 456 1388 515 Εἶτα
1416 447 1777 536 ἀναγόρευσις
1808 464 1849 521 ιε

1969 462 2162 520 Phocze
2193 467 2245 519 in
2281 467 2483 537 regiam
2519 447 2820 538 ingressus,
2868 479 2923 524 et
2956 447 3198 524 Leontiae
3248 471 3367 541 ejus

266 539 352 610 τῷ
376 540 492 609 ναῷ
519 541 618 594 τοῦ
649 543 811 612 ἁγίου
827 546 1072 603 Ἰωάννου
1101 552 1159 606 ἐν
1174 551 1253 623 τῷ
1285 553 1530 627 Ἑϐδόμῳ
1554 556 1651 612 τοῦ
1670 560 1862 615 Φωκᾶ·

266 636 554 705 Κυριακὸς
579 637 638 691 δὲ
672 641 977 710 τηνικαῦτα
1004 645 1132 709 τοὺς
1162 649 1263 718 τῆς
1302 646 1574 718 βασιλίδος
1602 653 1865 723 ἀρχιερα-

267 728 459 791 τικοὺς
491 731 876 803 ἐγκεχείριστο
907 736 1125 805 νόμους.
1154 738 1375 803 Είσοδός
1416 758 1473 794 τε
1517 743 1682 797 Φωκᾶ
1728 745 1865 814 πρὸς

265 820 336 872 τὰ
387 821 665 890 βασίλεια,
697 826 794 878 καὶ
835 826 1141 900 ἁνάρρησις
1182 830 1441 898 Λεοντίας
1472 834 1571 905 τῆς
1605 838 1863 904 γυναικὸς

262 914 455 967 ⁴Ιιωκιί.
486 916 601 969 Καὶ
642 919 772 989 περὶ
821 918 919 991 τὴν
936 920 978 954 ³⁸
1005 921 1187 976 τόπων
1211 922 1400 979 στάσιν
1432 926 1537 980 τῶν
1567 928 1862 1001 δημάρχων

264 1003 407 1070 ἔρις,
441 1006 542 1059 καὶ
566 1008 813 1078 ὠθισμὸς
836 1012 1034 1081 Κοσμᾶ
1058 1012 1154 1066 τοῦ
1182 1013 1467 1087 δημάρχου
1489 1017 1598 1071 τῶν
1623 1019 1861 1075 Βενέτων

264 1095 375 1147 ὑπὸ
410 1097 806 1171 Ἀλεξάνδρου,
850 1103 943 1155 καὶ
981 1103 1137 1174 ὖὸρις
1169 1106 1250 1171 εἰς
1286 1107 1631 1182 Ἀλέξανδρον
1651 1110 1715 1163 ⁸ο.
1752 1113 1862 1166 Kal

265 1191 461 1260 μνήμη
493 1192 829 1263 Μαυρικίου,
855 1194 928 1258 ὡς
949 1196 1048 1249 οὐκ
1067 1198 1327 1264 ἀπέθανε,
1359 1202 1451 1254 καὶ
1477 1201 1565 1256 διὰ
1587 1203 1743 1258 τοῦτο
1764 1203 1859 1258 τοῦ

262 1281 538 1349 τυράννου
563 1284 701 1355 πρὸς
718 1285 810 1337 τὸν
829 1286 989 1355 φόνον
1010 1287 1103 1340 τοῦ
1123 1287 1387 1359 βασιλέως
1411 1293 1612 1363 μᾶλλον
1624 1294 1667 1326 ⁴¹
1690 1296 1855 1366 ὁρμή.

260 1370 583 1443 Ἀναίρεσίς
622 1392 681 1428 τε
713 1375 824 1429 τῶν
854 1377 948 1430 τοῦ
976 1377 1241 1448 βασιλέως
1271 1382 1477 1436 παίδων
1506 1385 1735 1440 ἐνώπιον
1762 1387 1856 1440 τοῦ

258 1466 478 1538 πατρὸς
509 1470 570 1521 ὲν
601 1471 715 1533 τοῖς
746 1471 1069 1543 Εὑτροπίου,
1097 1474 1193 1526 καὶ
1228 1475 1517 1546 φιλοσοφία
1563 1479 1659 1532 καὶ
1689 1479 1855 1549 εὐχα-

258 1558 451 1629 ριστία
501 1557 602 1612 τοῦ
649 1559 934 1629 βασιλέως,
971 1564 1065 1618 καὶ
1093 1564 1257 1619 αὑτοῦ
1292 1568 1499 1622 ἐκείνου
1543 1569 1630 1623 διὰ
1670 1571 1856 1625 Λιλίου

255 1649 576 1721 ἀναίρεσις.
625 1654 735 1707 Καὶ
783 1655 909 1727 περὶ
954 1657 1053 1728 τῆς
1098 1658 1192 1711 ἐπὶ
1224 1657 1546 1729 Ἡρακλείου
1578 1662 1674 1717 τοῦ
1709 1666 1857 1735 βασι-

1967 557 2084 621 ris,
2119 567 2173 611 ut
2211 569 2451 629 augusta:
2503 559 2889 615 consalutatio.
2944 559 3311 617 Tribunorum
3367 564 3541 633 plebis

1966 647 2157 718 ingens
2182 659 2291 703 tum
2326 651 2391 704 de
2466 649 2708 705 locorum
2766 652 3000 706 statione
3049 653 3324 707 contentio
3376 661 3541 725 atque

1964 739 2265 793 altercatio.
2301 739 2513 795 Cosmae
2559 742 2730 808 partis
2776 741 2990 799 Veneta:
3026 744 3227 799 trihuui
3261 743 3431 813 plebis
3470 748 3538 802 ab

1961 831 2267 885 Alexandro
2300 832 2659 899 propulsatio,
2696 834 2979 921 etpiujecta
3025 837 3230 891 mentio
3252 877 3265 897 ,
3300 837 3536 893 nondum

1962 920 2162 977 obiisse
2189 920 2539 977 Mauricium.
2565 923 2683 990 Quo
2727 920 2953 992 factum,
2985 937 3044 981 ut
3076 926 3277 996 impetu
3306 930 3538 997 quodam

1960 1014 2027 1068 ad
2059 1014 2406 1084 imperatoris
2433 1018 2634 1071 eadem
2671 1020 2915 1088 tyrannis
2947 1034 3006 1075 se
3028 1021 3374 1090 proripuerit.
3403 1021 3541 1076 llinc

1961 1104 2138 1159 caedes
2167 1105 2460 1160 liberorum
2492 1105 2719 1177 Augusti
2763 1109 2816 1161 in
2849 1110 3089 1178 parentis
3116 1111 3286 1164 oculis
3328 1112 3393 1165 ad
3432 1110 3539 1164 Eu-

1961 1196 2120 1265 tropii
2170 1196 2306 1268 (49).
2373 1198 2551 1251 Animi
2608 1198 2872 1267 sapientia
2924 1200 3190 1264 Caesaris,
3243 1202 3379 1255 actis
3427 1201 3539 1256 Deo

1958 1288 2184 1359 gratiis;
2218 1299 2384 1358 utque
2418 1304 2445 1341 a
2494 1289 2631 1343 Lilio
2660 1304 2956 1360 percussus
2988 1290 3208 1345 ohierit.
3239 1289 3461 1359 Legitur
3481 1300 3539 1346 et

1959 1388 2339 1434 testamentum
2366 1380 2608 1434 Mauricii
2643 1380 2892 1435 Heraclio
2917 1381 3215 1450 imperante
3237 1384 3534 1438 inventum.

1956 1471 2236 1538 Quomodo
2272 1472 2416 1541 regia
2466 1488 2696 1541 corpora
2748 1473 2972 1527 marinis
3028 1473 3316 1527 commissa
3352 1472 3536 1527 ﬂucti-

1955 1565 2087 1630 hus;
2118 1575 2171 1619 et
2200 1564 2443 1620 funebris
2491 1565 2545 1621 in
2581 1564 2899 1620 llauricium
2931 1564 3197 1630 laudatio,
3246 1575 3410 1635 utque
3444 1566 3534 1619 di-

1955 1658 2094 1711 vinae
2148 1656 2350 1727 judicio
2409 1656 2760 1725 providentia).
2813 1655 2968 1727 (50),
3017 1655 3245 1710 Romani
3312 1656 3530 1722 milites,

252 1737 400 1804 λέως
426 1741 755 1814 εὑρεθείσης
783 1745 1047 1816 διαθήκης
1066 1749 1374 1820 Μαυρικίου
1400 1751 1494 1807 τοῦ
1526 1755 1849 1828 αὐτοκράτο-

1955 1723 2162 1809 eorum;
2202 1761 2322 1815 quae
2345 1723 2749 1800 iuPMauricium
2780 1723 3049 1829 ﬂagitiose
3074 1754 3379 1814 patrarunt,
3413 1760 3532 1813 pte-

254 1848 349 1901 ρος
368 1833 647 1897 “."Om;
678 1853 737 1888 τε
764 1836 831 1889 τὰ
862 1837 1087 1907 σώματα
1109 1839 1216 1893 τῶν
1247 1840 1512 1911 βασιλέων
1539 1845 1619 1917 τῷ
1650 1846 1851 1902 θαλατ-

248 1923 356 1993 τίῳ
404 1925 580 1997 ῥοθίῳ
628 1927 1359 2004 παρεδόθησαν.Ἐπιτάφιός
1404 1952 1466 1988 τε
1512 1939 1592 2001 είς
1634 1939 1888 2012 Μαυρί-.

252 2032 373 2069 κιον
392 2032 410 2047 ⁶
441 2018 544 2070 καὶ
571 2019 719 2083 ὅπως
747 2019 845 2085 τὰς
876 2021 1172 2088 ἀντιδόσεις
1203 2025 1311 2079 τῶν
1353 2030 1853 2101 παρανομηθέντων

251 2107 452 2170 αὑταῖς
481 2110 567 2173 εἰς
604 2111 910 2180 Μαυρίκιον
946 2115 1000 2167 al
1034 2113 1341 2185 Ῥωμαϊκαὶ
1369 2118 1624 2191 δυνάμεις
1675 2123 1851 2193 κρίσει

254 2199 525 2266 προνοίας
550 2199 701 2265 θείας
726 2202 1049 2274 ἐλάμϐανον,
1071 2205 1146 2270 ὡς
1172 2209 1230 2261 ὲν
1256 2208 1420 2280 ὀλίγῳ
1448 2213 1624 2283 χρόνῳ
1650 2213 1851 2285 μηδένα

251 2289 366 2343 τῶν
395 2293 853 2364 κοινωνησάντων
880 2297 980 2366 τῆς
1007 2299 1318 2369 τυραννίδος
1346 2302 1410 2356 ὲκ
1433 2303 1687 2358 τοσούτου
1715 2306 1850 2378 πλή-

256 2380 385 2445 θους
428 2384 850 2454 ὑπολειφθῆναι,
890 2385 1017 2459 [100
1044 2388 1139 2462 3.]
1176 2390 1294 2444 ἀλλ’
1329 2394 1380 2446 οἱ
1427 2394 1525 2463 μὲν
1573 2395 1768 2469 λοιμῷ,
1798 2399 1847 2453 οί

254 2473 311 2526 δὲ
338 2474 477 2545 πυρὶ
508 2476 770 2548 οὐρανίῳ,
801 2479 852 2531 οί
883 2480 939 2533 δὲ
968 2482 1062 2536 καὶ
1092 2484 1320 2554 στόματι
1345 2484 1714 2558 διεφθάρησαν
1740 2508 1847 2559 μα-

256 2565 477 2637 χαίρας,
511 2566 656 2621 ὥστε
685 2570 845 2640 ἡνίκα
875 2568 1194 2643 ’Ἡράκλειος
1213 2575 1242 2628 ὁ
1271 2576 1524 2646 βασιλεὺς
1549 2578 1686 2652 πρὸς
1719 2581 1845 2636 Ῥα-

260 2653 427 2725 rem
459 2657 555 2711 τὸν
587 2659 803 2731 Πέρσην
830 2662 1087 2732 πολεμεῖν
1118 2663 1282 2733 ἔγνω,
1308 2666 1526 2733 ἔκταξιν
1550 2670 1650 2741 τῆς
1683 2688 1849 2743 στρα-

257 2745 407 2809 τείας
435 2749 809 2819 ποιησάμενος
837 2751 931 2806 δύο
958 2754 1153 2824 μόνους
1172 2747 1328 2829 εὗρεν
1354 2760 1846 2832 ὑπολελειμμένους

259 2836 350 2909 [49
376 2838 473 2912 ιι]
507 2842 609 2913 τῆς
638 2844 1026 2917 φιλοτυράννου
1069 2849 1330 2922 πληθύος,
1360 2856 1454 2908 κα)⁸
1490 2855 1611 2909 τότε
1645 2857 1847 2928 ἧρξατο

258 2929 316 2983 τὸ
346 2931 664 3003 Ῥωμαϊκὸν
697 2938 840 2991 κατά
868 2941 1095 3012 Περσῶν
1127 2944 1396 3015 ἐνισχύειν
1415 2946 1448 2985 ’ί
1458 2946 1620 3017 μέχρι
1648 2948 1758 3020 γάρ
1780 2948 1845 3002 ἂν

258 3023 458 3118 εκεῖνοι
514 3026 810 3097 περιῆσαν,
840 3031 872 3099 ή
902 3031 1023 3105 νίκη
1065 3037 1178 3097 τοῖς
1222 3036 1462 3106 Πέρσαις
1511 3037 1840 3109 ὲνηυλίξετο.
1866 3055 1912 3118 C

270 3114 579 3187 ’Δναίρεσις
621 3119 728 3173 ὑπὸ
759 3122 852 3175 τοῦ
883 3126 1144 3195 τυράννου
1169 3126 1235 3182 δι’
1252 3128 1302 3159 ⁸³
1337 3129 1683 3202 Ἀλεξάνδρου
1719 3132 1846 3188 Θεο-

257 3208 431 3262 δοσίου
479 3211 578 3265 τοῦ
622 3212 889 3280 βασιλέως
930 3216 1027 3272 τοῦ
1057 3219 1458 3292 αὐτοκράτορος
1496 3223 1718 3287 παιδὸς,
1752 3224 1845 3277 καὶ

260 3298 465 3370 Πέτρου
496 3303 594 3355 καὶ
631 3304 993 3375 Κομεντιόλου
1022 3309 1117 3363 καὶ
1140 3310 1555 3366 Κωνσταντίνου
1582 3313 1676 3367 τοῦ
1699 3315 1846 3386 Λαρο

257 3388 314 3442 δῦ
335 3407 350 3421 ⁸
379 3390 564 3464 πλάνη
596 3410 656 3447 τε
686 3397 813 3467 περὶ
844 3398 1144 3467 Θεοδοσίου,
1177 3401 1254 3466 ὡς
1276 3404 1337 3457 ού
1370 3405 1716 3472 πεφόνευται.
1736 3407 1845 3459 Kal

258 3480 400 3546 ὅπως
436 3485 584 3538 κατὰ
607 3486 760 3556 τὴνδδ
794 3488 1196 3563 Ἀλεξάνδρειαν
1222 3493 1292 3548 τὰ
1321 3495 1613 3566 ἀγάλματα
1639 3497 1738 3566 τῆς
1768 3497 1845 3549 οἰ-

258 3578 409 3642 κείας
431 3579 601 3650 ἕδρας
630 3581 1011 3650 άποφοιτῶντα
1040 3587 1462 3659 προηγόρευονδδ
1490 3589 1561 3643 τὰ
1584 3590 1844 3658 γεγονότα

258 3670 618 3743 καλλιγράςρῳ
650 3674 791 3737 τινὶ,
819 3676 960 3729 κατᾶ
984 3677 1043 3730 τὸ
1071 3677 1305 3749 Τυχαῖον
1325 3677 1468 3733 οὑτω
1491 3680 1840 3751 καλούμενον,

256 3761 363 3814 ἀπὸ
397 3761 623 3815 δείπνου
657 3763 794 3835 πρὸς
821 3765 889 3820 τά
916 3766 1052 3821 οίκοι
1090 3768 1423 3840 διερχομένῳ
1439 3769 1702 3835 ⁴⁶.⁸Ὀπως
1728 3788 1789 3825 τε
1812 3771 1842 3824 ὁ

253 3851 565 3922 Μαυρίκιος
598 3851 815 3921 λέγεται
844 3854 1034 3924 τρίτην
1064 3857 1257 3925 μοῖραν
1287 3855 1394 3909 τῶν
1420 3856 1602 3928 φόρων
1627 3873 1836 3927 συγχω⁹

255 3942 416 4012 ρῆσαι
439 3943 487 3974 ⁸⁷
509 3944 625 4006 τοῖς
648 3944 928 4015 ὑπηκόοις,
959 3947 1051 4000 καὶ
1075 3948 1369 4019 τριάκοντα
1400 3948 1581 4003 δοῦναι
1603 3947 1841 4004 τάλαντα

252 4036 361 4095 τοῖς
394 4033 723 4099 Βυζαντίοις
745 4038 826 4099 είς
848 4037 1132 4108 νεουργίαν
1156 4038 1250 4092 τοῦ
1279 4039 1389 4092 τῶν
1417 4039 1626 4093 ὑδάτων
1657 4038 1837 4094 ὁλκοῦ.

250 4127 354 4181 Καὶ
376 4128 531 4191 ὅπως
567 4128 931 4199 ἐφιλοτιμεῖτο
956 4129 1224 4201 λαμπρῶς
1252 4132 1379 4195 τοὺς
1425 4131 1533 4185 τῶν
1577 4130 1840 4202 μαθημά-

250 4234 353 4273 των
391 4220 661 4288 ἐραστάς.
696 4222 804 4275 Καὶ
851 4239 918 4274 πε
929 4224 981 4291 pl
1027 4222 1136 4276 τῶν
1171 4224 1474 4292 γεγονότων
1521 4222 1839 4294 παραδόξων

250 4313 343 4382 τῆς
390 4312 506 4365 τῶν
556 4311 805 4382 αἱμάτων
840 4313 1049 4385 ῥύσεως
1093 4314 1385 4386 [εὐφημίας
1412 4314 1513 4384 τῆς
1542 4314 1837 4385 μάρτυρος,

1956 1854 2053 1893 nas
2085 1838 2354 1902 dederint,
2390 1839 2532 1907 quod
2573 1848 2695 1907 post
2733 1853 2839 1892 non
2878 1838 2991 1902 diu,
3038 1838 3227 1903 caedis,
3274 1838 3535 1907 tyranni-

1953 1929 2146 1998 disque
2169 1931 2443 1984 sociorum
2474 1943 2654 1995 nemo,
2688 1928 2742 1983 in
2775 1937 2922 1983 tanta
2950 1929 3316 1993 multitudine,
3342 1944 3532 1998 super-

1951 2018 2168 2075 fuerit:
2214 2029 2366 2089 peste
2413 2019 2558 2074 enim
2613 2019 2726 2084 alii,
2757 2019 2849 2074 alii
2909 2020 3117 2074 ccelestl
3178 2019 3338 2090 igne,
3386 2018 3531 2073 ferro

1953 2112 2138 2167 caeteri
2199 2113 2264 2167 ad
2312 2127 2477 2167 unum
2539 2126 2730 2167 omnes
2784 2110 3064 2180 perierunt
3106 2128 3121 2165 :
3174 2122 3340 2182 atque
3392 2112 3529 2166 adeo

1950 2203 2234 2259 Heraclitus
2277 2215 2399 2274 post
2445 2205 2608 2274 paulo
2649 2218 2826 2260 rerum
2874 2204 3108 2273 potitus,
3140 2217 3264 2258 cum
3324 2202 3523 2257 Rasate

1948 2295 2114 2351 Persa
2145 2296 2345 2351 bellnm
2371 2304 2620 2365 gesturus
2640 2334 2655 2361 ,
2697 2294 2909 2349 delectu
2947 2294 3154 2358 habito,
3184 2294 3270 2348 vix
3296 2292 3433 2348 duos
3459 2307 3524 2347 ex

1948 2389 2057 2443 illis
2074 2390 2309 2459 partium
2337 2388 2596 2443 studiosis
2618 2387 2838 2443 relictos
2858 2388 3079 2457 reperit.
3094 2387 3172 2441 Ac
3186 2396 3296 2440 tum
3309 2386 3523 2439 demum

1947 2480 2178 2549 Romani
2208 2481 2390 2536 Persis
2420 2482 2729 2550 superiores
2756 2492 2880 2535 esse
2903 2489 3207 2548 coeperunt,
3237 2478 3354 2547 qui,
3394 2477 3522 2529 dum

1952 2573 2029 2628 illi
2057 2573 2245 2628 nefarii
2271 2554 2593 2642 superstites
2616 2580 2825 2639 essent,
2858 2586 2888 2625 a
2917 2570 3100 2625 Persis
3135 2568 3261 2623 victi
3309 2583 3526 2638 semper

1952 2663 2337 2719 discesserant.
2383 2661 2573 2719 Caedes
2622 2679 2650 2717 a
2712 2670 2944 2733 tyranno
2998 2675 3096 2732 per
3156 2658 3526 2714 Alexandrum

1948 2754 2211 2809 intentata
2247 2753 2572 2821 Theodosio,
2633 2754 2860 2824 Augusti
2908 2753 3052 2820 filio;
3102 2751 3263 2808 Petro
3302 2753 3429 2807 item
3464 2764 3522 2807 et

1946 2845 2320 2911 Comentiolo;
2394 2856 2561 2915 atque
2631 2844 3035 2910 Constantino,
3089 2844 3269 2916 Lardy
3321 2859 3526 2914 cogno-

1945 2949 2127 2993 mento
2157 2938 2290 3009 (5|).
2327 2939 2517 2994 Falsus
2542 2940 2705 2994 etiam
2730 2955 2917 2995 rumor
2935 2942 2999 2995 de
3029 2938 3335 2993 Theodosio
3365 2953 3525 2991 exor-

1946 3041 2032 3086 tus
2055 3041 2159 3096 est,
2193 3032 2345 3101 quasi
2392 3033 2436 3087 is
2463 3040 2575 3086 tum
2623 3047 2731 3087 non
2774 3030 2966 3088 fuisset
3012 3031 3353 3087 interfectus.
3381 3029 3526 3097 Quo-

1947 3124 2106 3180 modo
2125 3124 2469 3178 Alexandrim
2502 3133 2697 3179 statuae
2721 3124 2837 3179 suis
2861 3124 3084 3179 sedibus
3126 3133 3321 3194 sponte
3345 3132 3523 3186 motae,

1945 3233 2065 3287 qua:
2119 3217 2361 3290 Byzantii
2424 3218 2748 3273 accidissent
2829 3218 3130 3272 nuntiarint
3192 3216 3525 3284 calligrapho

1944 3310 2156 3365 cuidam
2189 3325 2284 3377 per
2300 3307 2588 3378 Tychaeum
2609 3308 2911 3362 transeunti
2942 3324 3063 3362 cum
3083 3322 3111 3359 a
3133 3320 3286 3360 caena
3304 3306 3522 3359 domum

1945 3410 2310 3455 reverteretur
2346 3399 2481 3468 (52).
2526 3397 2598 3453 Ut
2623 3398 2914 3453 Mauricius
2939 3398 3148 3452 tertiam
3181 3395 3522 3465 vectigalium

1945 3490 2246 3560 portionem
2330 3489 2558 3544 subditis
2624 3490 2900 3545 remisisse
2990 3489 3252 3543 feratur:
3305 3486 3523 3557 triginta

1945 3597 2161 3654 quoque
2224 3581 2541 3651 Byzantinis
2607 3584 2841 3636 donasse
2912 3580 3153 3644 talenta,
3214 3578 3524 3632 reficiendis

1946 3672 2350 3742 aqumductibus
2397 3671 2569 3743 33b.
2633 3669 2756 3737 Quo
2822 3672 3028 3727 honore
3075 3669 3405 3740 prmmioque
3445 3669 3526 3724 di-

1947 3763 2295 3831 sciplinarum
2334 3765 2607 3818 studiosos
2630 3762 2843 3831 publice
2874 3761 3115 3817 aﬂ‘ecerit
3141 3761 3280 3833 (55).
3302 3761 3434 3828 Quae
3469 3759 3520 3814 in

1942 3854 2087 3910 ﬂuxu
2111 3854 2389 3925 sanguinis
2417 3855 2734 3924 Euphemiae
2776 3854 3031 3924 martyris
3078 3854 3396 3907 admiranda
3429 3866 3521 3907 ac-

1942 3948 2175 4004 ciderint
2210 3966 2225 4003 :
2262 3958 2427 4016 utque
2447 3946 2761 4012 Mauricius,
2787 3947 2862 4002 rei
2894 3947 3140 4015 periculo
3170 3946 3331 4012 facto,
3374 3947 3518 4015 quod

1943 4038 2098 4094 initio
2121 4054 2226 4094 non
2260 4040 2606 4103 credidisset,
2652 4038 2973 4093 miraculum
3014 4039 3187 4107 magis
3217 4041 3515 4093 continua-

1941 4131 2014 4186 rit
2044 4131 2176 4202 (54).
2203 4129 2289 4186 Uti
2312 4131 2521 4187 Phocas
2554 4141 2816 4203 tyrannus
2843 4129 3237 4195 Constantiam,
3270 4129 3514 4184 Mauricii

1942 4225 2153 4292 augusti
2194 4224 2499 4294 conjugem,
2537 4240 2662 4278 cum
2695 4224 2933 4290 filiabus,
2965 4224 3190 4292 privata:
3221 4223 3403 4276 domui
3436 4222 3519 4275 in-

1941 4314 2186 4371 cluserit.
2208 4313 2407 4371 Phocze
2433 4314 2499 4369 ad
2524 4315 2800 4371 Chosroen
2821 4315 3108 4370 Persarum
3145 4329 3323 4383 regem
3352 4312 3516 4367 missa

250 4406 337 4459 καὶ
366 4405 445 4469 ὡς
464 4406 776 4476 Μαυρίκιος
804 4406 1070 4477 πειράσας
1101 4407 1302 4477 μᾶλλον
1327 4407 1388 4460 τὸ
1413 4406 1597 4478 θαῦμα
1626 4407 1694 4461 δι’
1713 4409 1832 4463 ἀπιο

1950 4411 2133 4482 iegatio
2158 4428 2172 4465 :
2201 4409 2297 4464 sed
2325 4408 2500 4462 irrita.
2526 4406 2719 4477 Rupta
2739 4407 2883 4460 enim
2926 4406 3154 4460 induciae
3190 4414 3336 4471 sunt,
3373 4403 3517 4459 Cho-

252 4495 400 4559 στίας
439 4496 739 4549 ἐπίστωσε.
768 4494 880 4549 Καὶ
930 4496 1078 4561 ὅπως
1127 4499 1155 4550 ὁ
1197 4497 1460 4569 τύραννος
1488 4499 1829 4553 Κωνσταντῖ-

1934 4517 2057 4559 sroe
2098 4509 2451 4568 praetexente,
2510 4499 2652 4569 quod
2697 4497 3011 4553 Mauricium
3069 4497 3216 4564 juste
3272 4495 3515 4549 vindica-

253 4587 398 4639 trav“
427 4587 530 4657 τὴν
560 4587 657 4640 τοῦ
689 4586 954 4657 βασιλέως
977 4588 1282 4659 Μαυρικίου
1305 4591 1539 4656 γυναῖκα
1565 4589 1682 4658 ἅμα
1707 4591 1830 4654 ταῖς

1950 4604 2023 4649 ret
2063 4593 2200 4664 (55).
2233 4593 2322 4647 Sic
2371 4591 2580 4655 Lilius,
2619 4590 2710 4659 qui
2767 4590 2974 4658 legatus
3024 4597 3163 4652 erat,
3205 4603 3264 4642 re
3312 4587 3510 4641 infecta

253 4677 587 4751 θυγατράσιν
634 4680 694 4732 ὲν
752 4679 993 4749 ἰδιωτικῇ
1038 4678 1187 4751 οἰκίᾳ
1238 4679 1531 4734 ἐνέκλεισε.
1561 4679 1833 4750 Πρεσὸεία

1950 4683 2156 4737 lomum
2212 4692 2361 4736 retro
2428 4680 2668 4735 revertit.
2728 4678 2914 4734 Caedes
2976 4677 3268 4732 Alexandri
3327 4692 3508 4731 rerum

252 4770 337 4823 τοῦ
381 4770 660 4843 τυράννου
708 4771 848 4842 πρὸς
891 4769 1142 4843 Χοσρόην
1183 4770 1278 4825 τὸν
1319 4771 1546 4844 Περσῶν
1585 4771 1832 4844 βασιλέα,

1937 4787 2198 4829 novarum
2282 4769 2477 4827 Phocas
2554 4769 2736 4837 socii,
2806 4785 2873 4825 eo
2934 4771 3155 4825 nomine
3221 4768 3508 4840 suspecti,

1525 4908 1760 4966 VARUS
1799 4910 2200 4969 LECTIONES.

316 4999 359 5076 ξ’
389 4998 516 5072 τὴν]
551 5000 656 5076 τῂν
697 4998 808 5054 τῶν
838 5018 953 5076 ς..-
974 5001 1020 5076 ’ξ
1047 5000 1144 5076 καὶ
1195 5000 1388 5076 ὕϐρισε
1417 5002 1526 5076 ,είς
1550 5001 1900 5076 Ἀλέξανδρον
1956 5003 2060 5057 add
2108 5003 2174 5058 A.
2253 5001 2293 5034 ι’
2328 5001 2529 5076 μᾶλλον
2562 5002 2610 5059 Δ
2636 5019 2682 5076 _:
2706 5001 2866 5058 πάλιν
2886 5020 2948 5067 ς.
3000 5075 3003 5076 ν
3043 5003 3089 5036 ⁸³
3112 5004 3511 5076 αὐτοκράτορος

258 5069 569 5143 ἀνάγνωσις.
597 5069 835 5143 ὃπως-ς.
909 5069 955 5143 ν
987 5071 1077 5125 διὰ
1125 5088 1195 5143 ς,
1248 5069 1342 5126 sed
1385 5069 1644 5141 ejusmodi
1684 5069 1941 5143 minutias
1996 5085 2054 5127 ut
2097 5069 2369 5143 nunquam
2394 5074 2510 5127 siue
2529 5073 2716 5129 codice
2746 5076 2968 5136 mutavi.
2996 5075 3069 5129 ita
3125 5091 3231 5129 non
3282 5069 3511 5142 anipl'ius

259 5140 576 5196 memorabo.
653 5139 818 5212 “τὴν
838 5142 961 5200 add.
1008 5144 1075 5198 A.
1152 5141 1198 5174 “
1233 5139 1572 5214 προηγόρευε
1600 5160 1662 5208 ς.
1736 5142 1783 5175 ⁸⁸
1809 5143 2161 5215 διερχομένου
2186 5139 2247 5196 A.

2359 5144 2406 5176 ⁸⁷
2436 5146 2737 5216 συγχωρεῖν
2769 5163 2831 5210 ς.
2909 5145 2955 5177 ⁸⁸
2976 5145 3360 5208 Κωνσταντίαν
3389 5161 3447 5208 ς’.

1762 5256 1999 5315 Nona.
2114 5246 2126 5258 °

334 5351 425 5409 48)
455 5349 596 5409 Ibid.

450 5352 739 5497 gilgauﬂio
777 5418 1016 5487 Portum,
1052 5421 1145 5492 qui
1197 5432 1316 5479 erat
1347 5421 1716 5497 [Chalcedone
1762 5437 1829 5480 ex

260 5492 384 5546 Zona
393 5490 439 5546 ι’.
470 5493 595 5548 init.
622 5490 845 5546 Phoce.

315 5562 422 5632 (ὅθ)
456 5560 693 5634 Niceph.
722 5563 760 5616 l.
784 5576 1074 5634 svttt,cap.
1089 5562 1178 5618 41.

318 5631 424 5705 (δι)
454 5631 611 5690 Ibid!
631 5646 758 5704 cap.
789 5631 879 5687 ιι.

2001 5350 2115 5424 (52)
2145 5351 2223 5424 Ex
2250 5352 2517 5424 matutina
2551 5354 2751 5424 vigilia,
2781 5355 2955 5424 inquit
2989 5354 3140 5411 Diae.
3424 5356 3448 5388 ‘

2151 5421 2454 5513 IHiScepl-n‘l.
2494 5421 2649 5513 alvu],
2680 5421 2799 5497 cap.
2839 5421 2929 5481 42.

2008 5492 2123 5564 (54)
2150 5492 2291 5564 ‘lhid.
2325 5506 2448 5558 cap.
2473 5493 2542 5564 Δλυ
2559 5533 2574 5547 .

2008 5561 2118 5635 (55)
2148 5561 2282 5620 lbid.
2310 5577 2430 5632 cap.
2460 5561 2545 5618 ιδ.
