3980 6234
215 296 303 357 165

1172 285 1695 347 BIBLIOTHECA;
1725 310 1794 320 --
1839 283 2053 344 CODD.
2117 283 2537 343 LXVI-LXIX.

3361 283 3464 348 166

212 406 390 473 ρικόν.
417 402 678 472 ’Δρχεται
704 399 815 452 απὸ
839 398 942 467 τῆς
978 396 1252 467 βασιλείας
1297 399 1460 452 Νίνου
1489 399 1582 452 καὶ
1612 397 1778 467 Σεμι-

1905 411 1968 450 us
1993 398 2222 449 arcessit
2255 395 2470 448 initium
2505 409 2533 446 a
2562 391 2724 460 Nino,
2755 403 2810 447 et
2832 391 3216 460 Semiramide,
3260 396 3462 465 pergit-

218 500 414 568 ρὰμεως
436 536 450 559 ,
481 495 576 546 καὶ
613 493 827 545 κάτεισι
865 491 1028 561 μέχρι
1055 490 1165 543 τῶν
1191 489 1284 543 τοῦ
1323 489 1587 560 βασιλέως
1629 489 1778 542 Ἀλε-

218 586 418 656 ξάνδρου
447 585 676 655 χρόνων.
729 581 1166 651 Συμπεραίνεται
1197 581 1252 634 δὲ
1299 579 1462 633 αὑτοῦ
1490 582 1523 650 ἠ
1569 579 1777 649 ἱστορία

219 680 266 730 ὲν
283 677 448 744 λόγοις
471 675 514 727 θ’
546 673 667 726 κατ’
697 672 1012 742 ἐπωνυμίαν
1033 671 1139 723 τῶν
1164 669 1207 724 ϐ’
1229 671 1479 736 Μουσῶν,
1511 670 1742 733 Κλειοῦς
1759 710 1777 738 ,

219 767 444 831 Θαλείας,
496 766 806 834 Πολυμνίας
837 766 920 830 ⁵¹,
978 763 1360 833 Μελπομένης,
1413 761 1775 833 Τερψιχόρης,

220 859 506 928 Εὐτέρπης,
580 857 932 926 Καλλιόπης,
992 853 1292 924 Ἐρατοῦς,
1351 854 1657 925 Οὐρανίης·
1719 853 1780 905 ὲν

219 947 361 1025 ᾖκαὶ
413 950 483 1002 τὰ
529 950 672 1002 κατὰ
741 947 1086 1017 Ἀλέξανδρον
1122 946 1216 1000 τὸν
1258 947 1547 1001 Μακεδόνα
1581 941 1782 1010 διέξει-

221 1062 308 1096 σιν.

281 1137 423 1189 Ἐστι
446 1136 505 1188 δὲ
535 1136 635 1204 τὴν
659 1134 859 1204 φράσιν
883 1132 1155 1200 ’1ωνὶζων,
1179 1133 1274 1188 καὶ
1294 1133 1387 1186 τοῦ
1410 1133 1778 1204 προσήκοντος

219 1230 362 1284 πλέον
405 1233 475 1300 τῇ
523 1229 790 1298 συντομία
839 1226 1252 1298 ἀποχρώμενος,
1293 1226 1406 1279 οὐδ’
1458 1225 1587 1280 ἄλλο
1629 1226 1780 1280 οὐδὲν

217 1325 346 1388 ἀξιον
370 1324 656 1391 Θαυμάσαι
690 1323 782 1373 καὶ
811 1319 1052 1390 ζηλῶσαι
1077 1319 1485 1390 ἐνδεικνύμενος
1519 1318 1656 1390 πλὴν
1683 1319 1785 1387 τῆς

218 1416 338 1468 κατὰ
383 1413 483 1483 τὴν
524 1413 770 1483 ἱστορίαν
822 1413 1133 1482 μαθήσεως.
1172 1405 1342 1475 Οὗτος
1391 1412 1453 1465 τὸ
1489 1411 1588 1482 μὲν
1629 1413 1784 1479 γένος

219 1505 364 1560 αὑτοῦ
397 1506 492 1558 καὶ
526 1504 786 1574 πατρίδα,
826 1504 900 1566 ὡς
945 1504 1106 1566 αὐτὸς
1143 1503 1348 1567 ἐκεῖνός
1378 1521 1561 1572 φησιν,
1597 1503 1786 1576 ὥσπερ

220 1597 470 1666 Ὅμηρος,
505 1596 822 1665 ἀποσιωπᾷ,
851 1596 932 1646 ὃτι
969 1595 1022 1648 δὲ
1055 1595 1339 1664 διατρίϐων
1370 1594 1663 1666 ὲν;Σικελίᾳ
1688 1611 1788 1663 φυ-

218 1689 304 1756 γῆς
337 1687 498 1739 ἓνεκα
533 1687 635 1756 τὴν
683 1687 924 1757 ἱστορίαν
957 1685 1267 1751 συνέταξεν,
1307 1687 1698 1754 ἀποφαίνεται,
1727 1685 1786 1738 τὸ

1880 499 1986 555 que
2013 485 2078 538 ad
2104 485 2399 538 Alexandri
2428 483 2606 554 Magni
2632 493 2896 552 tempora.
2921 483 3100 538 Libris
3122 498 3314 538 novem
3341 485 3465 538 uni-

1879 591 2036 630 versa
2067 577 2461 641 comprehensa
2494 584 2577 629 est
2608 573 2860 638 historia,
2887 575 3073 628 inditis
3099 575 3324 628 totidem
3344 573 3464 630 Mu-

1881 685 2062 724 sarum
2101 668 2436 732 nominibus,
2472 667 2645 732 Clius,
2693 665 2922 731 Thaliae,
2967 666 3284 737 Polymnim,
3331 666 3466 721 Mel-

1880 773 2140 828 pomencs
2165 798 2181 822 ,
2266 758 2646 826 Terpsichom
2670 796 2686 822 ,
2748 755 3038 827 {Euterpes
3069 800 3082 822 ,
3156 757 3426 826 Calliopes
3448 798 3465 824 ,

1881 850 2080 904 Eratus
2116 850 2250 921 (60),
2283 860 2336 904 et
2381 848 2617 911 Uraniae,
2643 863 2752 918 quo
2790 849 2844 902 in
2875 863 3042 918 opere
3069 857 3123 904 et
3162 849 3465 905 Alexandri

1884 945 2027 1014 regis
2050 941 2406 998 Macedonum
2434 951 2586 1010 gesta
2613 939 2805 996 refert.

1957 1117 2134 1173 Ionica
2158 1116 2390 1171 dialecto
2422 1126 2506 1172 est
2529 1132 2693 1184 usus;
2721 1126 2874 1172 tanta
2898 1133 3113 1188 quoque
3139 1119 3276 1172 citra
3309 1119 3470 1173 deco-

1885 1226 2008 1265 rum
2035 1209 2306 1264 brevitate
2333 1208 2596 1274 adhibita,
2651 1218 2709 1262 ut
2736 1220 2934 1278 praeter
2963 1211 3158 1263 nudam
3192 1221 3469 1278 gestarum

1885 1317 2068 1356 rerum
2092 1300 2486 1364 narrationem,
2510 1299 2648 1354 nihil
2676 1300 3004 1364 mirandum,
3029 1311 3123 1354 aut
3148 1303 3471 1356 imitandum

1894 1391 2105 1446 aderat.
2156 1390 2340 1447 Genus
2377 1401 2436 1445 et.
2474 1392 2734 1460 patriam,
2775 1403 2834 1446 ut
2866 1403 2924 1446 et
2959 1394 3074 1461 ipse
3125 1409 3230 1447 non
3265 1395 3474 1450 inﬁcia-

1887 1496 1995 1550 tur,
2027 1485 2248 1541 Homeri
2277 1485 2548 1555 exemplo,
2575 1487 2776 1554 premit
2802 1487 3045 1542 silentio.
3074 1485 3130 1540 In
3169 1486 3352 1542 Sicilia
3393 1499 3475 1542 ta-

1888 1593 2010 1632 men
2060 1577 2236 1631 exsilii
2278 1592 2445 1631 causa
2487 1578 2769 1647 degentem
2794 1617 2809 1640 ,
2863 1577 3149 1632 historiam
3189 1580 3475 1647 scripsisse

1890 1678 2133 1738 apparet.
2171 1666 2324 1733 Quod
2363 1685 2492 1739 ergo
2543 1669 2908 1723 necessarium
2956 1678 3096 1734 erat,
3152 1669 3388 1737 patriam
3418 1681 3475 1723 et

221 1779 303 1847 μὲν
327 1779 650 1844 ἀναγκαῖον,
677 1776 914 1848 πατρίδα
943 1779 1116 1830 είπείν
1149 1778 1242 1830 καὶ
1264 1777 1441 1844 γένος,
1468 1777 1688 1850 παρεὶς,
1723 1777 1783 1830 τὸ

1899 1776 2054 1832 genus
2093 1762 2332 1829 prolitcri
2366 1761 2417 1815 id
2455 1762 2644 1816 omisit
2671 1761 2808 1832 (61),
2854 1763 2999 1830 quod
3053 1772 3232 1816 autem
3275 1762 3473 1827 ahjecti

217 1867 261 1918 δὲ
288 1866 376 1917 καὶ
409 1867 789 1936 μικροψυχίαν
819 1869 1080 1936 ἐμφαῖνον
1130 1869 1187 1919 ἐν
1217 1868 1403 1938 μνήμῃ
1448 1865 1782 1937 πεποιηκώς.

217 1957 308 2009 Καὶ
329 1957 385 2008 τὸ
409 1958 474 2010 ἐκ
497 1958 674 2010 τόσων
705 1958 760 2009 δὲ
790 1957 886 2011 καὶ
934 1957 1107 2010 τόσων
1138 1959 1476 2028 συνειλέχθαι
1505 1958 1656 2028 αὐτῷ
1687 1957 1785 2029 τὴν

222 2051 439 2120 ἱστορίαν
471 2049 844 2118 σεμνύνεσθαι
875 2049 936 2101 οὐ
966 2050 1106 2103 πάνυ
1155 2050 1332 2120 ψυχῆς
1378 2051 1439 2102 τὸ
1467 2051 1788 2121 μικρολόγον

219 2159 268 2194 τε
294 2143 380 2194 καὶ
405 2142 506 2210 τὴν
569 2140 904 2209 παιδαριώδη
962 2141 1269 2210 φιλοτιμίαν
1313 2142 1709 2210 ἀποσειομένης
1743 2141 1788 2174 δ’

219 2230 492 2295 ἀπόδειξις.
515 2232 660 2302 Φησὶ
681 2230 725 2284 δ’
751 2231 898 2300 ὅμως
927 2231 1015 2283 τὸν
1035 2231 1248 2301 πρῶτον
1275 2231 1422 2302 αὑτῷ
1445 2233 1492 2266 ⁸³
1516 2231 1615 2303 τῆς
1648 2234 1792 2286 ἱστο-

221 2323 322 2391 ρίας
351 2321 697 2391 συνειλέχθαι
719 2323 782 2374 ὲκ
817 2321 990 2389 λόγων
1025 2322 1122 2390 μὲν
1148 2323 1194 2354 ⁸³
1221 2321 1324 2390 φο’,
1367 2316 1441 2376 ὧν
1479 2323 1718 2395 πατέρας
1747 2314 1790 2375 λ’

219 2415 298 2466 καὶ
321 2422 365 2488 α’
390 2411 843 2483 ἀπομνημονεύει
862 2429 875 2442 ο
895 2411 985 2464 τὸν
1007 2410 1064 2463 δὲ
1089 2411 1338 2480 δεύτερον
1360 2413 1424 2464 ὲκ
1442 2411 1660 2482 βιϐλίων
1687 2416 1790 2480 σην,

221 2505 566 2574 συγγραφέων
618 2503 674 2556 δὲ
709 2500 785 2556 κε’
815 2519 831 2534 ⁸
889 2503 982 2556 καὶ
1035 2503 1127 2556 τὸν
1171 2503 1352 2574 τρίτον
1382 2502 1440 2555 δὲ
1483 2503 1550 2556 ὲκ
1575 2500 1794 2572 βιϐλίων

223 2599 308 2668 μὲν
331 2600 375 2631 ⁸⁵
411 2598 480 2667 χ’,
522 2597 894 2667 συγγραφέων
928 2597 986 2650 δὲ
1014 2603 1106 2661 κς¹
1127 2613 1141 2626 ’
1174 2597 1267 2649 τὸν
1297 2597 1483 2665 μέντοι
1530 2593 1795 2664 τέταρτον

223 2692 278 2742 ὲκ
329 2689 557 2760 βιϐλίων
606 2689 703 2757 μὲν
737 2695 848 2755 ων’,
883 2687 1240 2758 συγγραφέων
1273 2687 1333 2740 δὲ
1375 2687 1546 2757 λβ¹⁸⁸ο
1573 2687 1666 2739 καὶ
1705 2684 1795 2738 τὸν

229 2783 454 2851 πέμπτον
505 2781 574 2834 δὲ
603 2782 650 2813 ⁵⁷
668 2782 732 2833 ἐκ
772 2779 990 2849 βιϐλίων
1050 2781 1150 2850 μὲν
1193 2781 1281 2812 ⁸⁷⁹⁶
1337 2786 1403 2845 σ’,
1437 2777 1796 2848 συγγραφέων

223 2872 273 2925 δὲ
321 2880 407 2937 κς⁹
435 2874 482 2906 ⁸⁸
515 2889 532 2904 ο
572 2873 663 2925 τὸν
701 2873 757 2925 δὲ
786 2873 943 2925 ἕκτον
985 2873 1050 2925 ὲκ
1100 2871 1320 2942 βιϐλίων
1351 2869 1523 2940 μὲν..,
1556 2885 1797 2939 συγγρα-

223 2968 348 3033 φέων
373 2967 494 3032 δὲ..,
528 2967 628 3020 τὸν
655 2967 711 3020 δὲ
737 2967 964 3036 ἕϐδομον
994 2967 1059 3020 ἐκ
1095 2965 1315 3036 βιϐλίων
1352 2965 1519 3035 μὲν..,
1554 2979 1800 3032 συγγρα-

224 3059 349 3127 φέων
367 3060 494 3116 δὲ...
520 3059 625 3113 τὸν
660 3059 717 3112 δὲ
749 3058 936 3126 ὃγδοον
977 3059 1043 3112 ἐκ
1075 3058 1294 3129 βιϐλίων
1312 3057 1420 3129 ,μὲν
1553 3071 1797 3126 συγγραο

1888 1864 1972 1908 est
2008 1854 2175 1908 animi
2216 1854 2511 1920 indicium,
2554 1853 2857 1927 [exsilium]
2898 1856 3177 1909 memoria:
3213 1855 3471 1924 prodidit.

1887 1945 2066 1999 Animi
2094 1960 2311 2014 quoque
2349 1947 2588 1999 nondum
2631 1962 2857 2015 prorsus
2921 1947 3137 2001 inanem
3189 1947 3475 2014 puerilem-

1888 2051 1994 2106 que
2023 2035 2248 2104 gloriam
2277 2035 2638 2104 repudiaritis,
2665 2051 2918 2102 magnum
2945 2037 3078 2090 satis
3098 2046 3477 2104 argumentum

1890 2135 1991 2192 est,
2020 2141 2051 2180 e
2079 2137 2212 2195 quot
2240 2127 2569 2195 quantisque
2592 2128 2955 2196 scriptoribus
2982 2126 3211 2181 historia
3246 2127 3476 2181 collecta

1891 2219 1982 2282 sit,
2011 2218 2242 2288 jactare.
2276 2217 2368 2271 Ait
2393 2217 2540 2272 enim
2571 2220 2930 2287 compositum
2959 2219 3153 2273 librum
3180 2221 3414 2290 primum
3445 2233 3479 2274 θ

1893 2309 2047 2364 libris
2075 2309 2390 2379 quingentis
2431 2318 2487 2363 et
2535 2310 2899 2379 septuaginta,
2938 2325 3170 2379 quorum
3225 2321 3480 2366 auctores

1895 2418 2062 2457 unum
2096 2410 2154 2455 et
2183 2401 2400 2471 triginta
2425 2413 2844 2456 commemorat.
2872 2400 3098 2456 Librum
3124 2415 3255 2456 vero
3278 2416 3480 2457 secun-

1895 2495 2019 2551 dum
2051 2509 2083 2549 e
2110 2493 2265 2548 libris
2297 2495 2548 2548 ducentis
2578 2503 2635 2548 et
2659 2503 2804 2560 octo,
2831 2496 3158 2562 scriptorum
3190 2510 3320 2548 xxv.
3345 2492 3483 2549 Ter-

1898 2588 2030 2640 tiqu
2071 2601 2102 2639 e
2149 2585 2304 2640 libris
2346 2601 2436 2652 oc,
2470 2585 2826 2654 scriptoribus
2865 2600 2994 2640 vero
3038 2601 3136 2642 sex
3182 2596 3238 2641 et
3265 2586 3480 2656 viginti.

1898 2678 2162 2746 Quartum
2197 2693 2228 2731 e
2270 2693 2435 2731 xxxvi
2481 2678 2810 2745 scriptorum
2863 2677 3018 2732 libris
3063 2679 3394 2748 octingentis
3427 2687 3483 2732 et

1897 2772 2313 2841 quinquaginta.
2352 2770 2636 2838 Quintum,
2685 2787 2717 2826 e
2763 2771 3008 2826 ducentis
3041 2771 3219 2835 libris,
3250 2785 3482 2838 quorum

1899 2869 2195 2936 scriptores
2213 2883 2305 2922 sex
2329 2878 2384 2922 et
2411 2868 2623 2936 viginti.
2654 2869 2747 2922 Sic
2769 2868 2835 2922 de
2862 2867 3084 2936 reliquis
3104 2866 3238 2939 (6‘2).
3269 2864 3483 2920 Nonum

1899 2973 1931 3013 e
1971 2958 2128 3012 libris
2151 2996 2167 3012 .
2193 2996 2208 3010 .
2234 3001 2247 3014 .
2274 2997 2288 3012 .
2331 2959 2622 3012 collectum
2655 2958 2914 3023 atlirmat,
2946 2957 3312 3027 scriptoribus
3349 2969 3484 3010 vero

1905 3052 2140 3122 triginta.
2171 3052 2348 3120 Atque
2377 3052 2491 3105 haac
2522 3049 2637 3105 fere
2694 3051 3067 3121 Ceplialazouis
3101 3050 3355 3107 historia.

227 3154 350 3220 φέων
377 3155 503 3222 δέη,
551 3155 649 3206 καὶ
700 3153 793 3207 τὸν
823 3151 1043 3206 ἔννατον
1081 3153 1140 3206 δὲ
1173 3154 1219 3187 ⁵³
1245 3153 1311 3206 ἐκ
1367 3151 1588 3216 βιϐλίων
1623 3150 1793 3219 μὲν..,
1834 3146 2197 3217 συγγραφέων
2226 3145 2284 3199 δὲ
2309 3147 2606 3217 τριάκοντα
2635 3163 2650 3178 ο
2683 3147 2741 3200 ὲν
2769 3141 2849 3210 οἷς
2872 3147 2969 3200 καὶ
2999 3148 3032 3216 ή
3134 3143 3487 3215 Κεφαλίωνος

233 3253 443 3324 ἱστορία.

989 3367 1116 3421 ΞΘ¹.

299 3461 589 3531 Ἦσυχίου
630 3459 1046 3528 Ἰλλουστρίου
1107 3457 1408 3527 καθολικὴ
1454 3456 1723 3528 Ἱστορία.

302 3676 644 3747 ’Ᾱνεγνώσθη
694 3693 786 3745 μοι
815 3675 860 3706 ⁸⁸
888 3674 1091 3745 βιϐλίον
1129 3672 1402 3744 ἱστορικὸν
1448 3672 1524 3735 ὡς
1565 3673 1623 3725 ὲν
1671 3688 1797 3726 συνσ-

231 3768 338 3837 ὄψει
366 3769 647 3839 κοσμικῆς
681 3768 941 3837 ἱστορίαςο
971 3767 1000 3818 ὁ
1028 3767 1084 3819 δὲ
1114 3766 1466 3838 συγγραφεὺς
1493 3764 1742 3834 Ἠσύχιος
1770 3765 1799 3816 ὀ

233 3860 568 3932 Ἰλλοὺστριος
595 3861 669 3924 ⁸³,
708 3860 978 3927 Μιλήσιος
1016 3859 1115 3927 μὲν
1149 3860 1213 3911 ἐκ
1255 3858 1531 3928 πατρίδος,
1582 3857 1712 3918 παῖς
1741 3854 1797 3908 δὲ

246 3954 477 4024 Ἡσυχίου
505 3955 605 4008 καὶ
640 3952 962 4020 Φιλοσοφίας
993 3952 1036 3983 ⁸³
1061 3992 1076 4017 ,
1117 3949 1238 4004 καθ’
1268 3950 1296 4002 ὃ
1325 3951 1418 4002 καὶ
1450 3950 1483 4020 ἡ
1517 3946 1796 4018 ἐπιγραφὴ

233 4045 312 4098 τοῦ
344 4046 543 4116 βιϐλίου
579 4045 725 4116 μετὰ
758 4045 853 4096 τοῦ
882 4045 927 4076 ⁸³
963 4043 1200 4114 ἱστορίας
1243 4044 1556 4112 Ῥωμαῖκῆς
1614 4058 1674 4094 τε
1704 4040 1798 4094 καὶ

235 4139 558 4209 παντοδαπῆς
587 4135 874 4206 τυγχάνει.
927 4135 1189 4206 Ἀρχεται
1241 4134 1340 4204 μὲν
1395 4130 1487 4187 οὖν
1542 4133 1650 4186 ἀπὸ
1700 4133 1799 4202 τῆς

234 4228 312 4280 τοῦ
340 4230 507 4300 Βήλου
559 4228 662 4282 τοῦ
723 4228 1027 4298 Ἀσσυρίων
1063 4227 1324 4296 βασιλέως
1349 4226 1642 4296 βασιλείας,
1667 4225 1799 4279 κάτ-

235 4333 325 4371 εισι
364 4320 420 4372 δὲ
478 4321 650 4390 μέχρι
703 4321 799 4390 τῆς
839 4319 1092 4388 τελευτῆς
1150 4316 1532 4382 ’⁸Λναστασίου,
1566 4317 1623 4380 ὃς
1665 4317 1798 4368 Ῥωο

238 4408 392 4476 μαίων
415 4411 646 4478 γέγονεν
674 4411 1028 4480 αὐτοκράτωρ
1047 4407 1174 4480 [104
1200 4406 1315 4478 Β.].
1347 4409 1505 4460 Ἔστι
1531 4406 1587 4460 δὲ
1615 4405 1802 4459 σύντο-

240 4517 323 4567 μος
341 4503 433 4554 καὶ
451 4503 773 4570 καλλιεπὴς
802 4500 943 4565 λέξει
962 4517 1022 4552 τε
1044 4499 1153 4569 γὰρ
1173 4499 1218 4530 ⁸⁸
1237 4497 1446 4568 ἀνθηρᾷ
1463 4496 1558 4551 καὶ
1577 4497 1800 4567 εὐσήμῳ

239 4591 516 4659 κέχρηται,
548 4593 649 4644 καὶ
680 4593 714 4659 ἡ
750 4590 991 4660 συνθήκη
1021 4589 1127 4644 τοῦ.
1148 4588 1306 4657 λόγου
1343 4589 1485 4642 κατὰ
1513 4588 1670 4655 λόγον
1700 4587 1800 4639 αὐ-

238 4679 307 4747 τῷ
348 4682 671 4752 ἡρμοσμένη
695 4699 711 4713 ·
761 4680 1080 4751 κυριολογία
1114 4680 1212 4749 μὲν
1253 4678 1487 4749 μάλιστα
1541 4677 1746 4747 χαίρων
1781 4692 1798 4707 ·

242 4772 283 4820 εἰ
305 4771 356 4823 δέ
381 4790 479 4825 που
515 4776 616 4827 καὶ
639 4773 892 4844 τρέψοιτο
913 4773 957 4804 ⁸⁵
979 4811 995 4836 ,
1035 4770 1114 4841 τῷ
1146 4787 1205 4824 τε
1243 4771 1468 4842 εὐσήμῳ
1502 4769 1596 4823 καὶ
1625 4772 1803 4840 ἐμφα-

240 4868 502 4926 τικωτάτω
559 4870 692 4942 τῆς-
713 4869 910 4934 λέξεως
963 4867 1126 4938 ἥδυνε
1191 4866 1291 4938 μὲν
1352 4869 1418 4938 τῇ
1467 4869 1644 4938 τροπῇ
1714 4867 1806 4920 τὸν

1817 3367 1865 3430 C

2615 3351 2807 3407 LXIX.

1898 3447 2145 3518 Hesychii
2184 3446 2418 3518 illustris
2451 3443 2649 3499 Milesii
2693 3446 2934 3518 historia?
2971 3446 3284 3518 omnigenae,
3333 3455 3488 3518 atque

1971 3513 2228 3572 Romana:
2279 3516 2402 3569 libri
2442 3529 2496 3568 vr
2550 3524 2600 3568 et
2647 3531 2728 3568 res
2780 3532 2814 3568 a
2849 3513 3064 3568 Iustino
3102 3513 3311 3569 seniore
3352 3517 3478 3582 imp.

1965 3598 2146 3659 geslw.

1969 3679 2164 3732 Lectus
2195 3684 2251 3731 et
2281 3676 2565 3730 historicus
2594 3674 2728 3728 liber
2753 3673 2998 3743 (auctore
3053 3673 3329 3744 Hesychia
3370 3675 3486 3746 (65)

1899 3769 2118 3834 illustri,
2156 3769 2330 3838 patria
2364 3767 2597 3830 Milesio,
2631 3766 2884 3838 llesychii
2907 3775 2962 3820 et
2989 3765 3207 3836 Sophia:
3234 3766 3482 3836 tilio)qui

1899 3862 2065 3916 veluti
2117 3860 2537 3929 comprehensio
2575 3861 2820 3926 quaedam
2850 3867 2932 3912 est
2963 3859 3130 3912 totius
3175 3860 3244 3913 de
3283 3861 3488 3915 mundo

1899 3954 2164 4018 historiae,
2198 3964 2255 4008 ut
2279 3954 2405 4007 inde
2441 3969 2670 4023 quoque
2699 3953 2887 4006 titulus
2923 3952 3178 4007 Romamn
3206 3955 3392 4020 simul,
3431 3965 3488 4009 et

1899 4046 2191 4113 omnigenw
2231 4045 2474 4098 historia:
2530 4044 2946 4112 inscriptionem
2989 4043 3263 4114 prazfcrat.
3291 4045 3488 4113 lncipil

1900 4151 1928 4187 a
1966 4134 2092 4189 Belo
2118 4133 2256 4206 34b
2293 4135 2645 4205 Assyriorum
2686 4150 2833 4204 rege,
2889 4146 2943 4188 et
2975 4135 3026 4188 in
3057 4137 3332 4190 Anastasii
3375 4135 3488 4189 Ro-

1900 4242 2186 4280 manorum
2239 4226 2583 4296 imperatoris
2633 4240 2916 4280 excessum
2953 4227 3171 4281 desinit.
3221 4227 3487 4281 Conrisus

1901 4331 1985 4374 est
2019 4328 2183 4386 atque
2221 4319 2476 4371 disertus.
2526 4315 2659 4370 Nam
2724 4326 2780 4372 et
2813 4318 3058 4373 dictiOne
3124 4335 3254 4373 usus
3297 4318 3486 4372 ﬂorida

1902 4425 1964 4464 ac
2003 4409 2373 4478 signiﬁcante,
2409 4418 2465 4462 et
2517 4410 2629 4478 ipsa
2651 4409 2916 4464 orationis
2942 4420 3214 4464 structura
3249 4411 3363 4478 pari
3406 4417 3488 4464 est

1905 4502 2116 4556 ratione
2149 4501 2217 4554 ab
2254 4500 2348 4555 illo
2385 4500 2688 4567 elaborata,
2731 4501 2858 4554 dum
2909 4504 3198 4554 verborum
3253 4501 3490 4554 maxime

1905 4594 2104 4663 gaudet
2143 4593 2494 4660 proprietate.
2552 4591 2736 4644 Sicubi
2778 4605 2908 4645 vero
2951 4591 3242 4645 dictionem
3282 4591 3491 4658 signiti-

1908 4692 2141 4748 cantem,
2174 4682 2338 4736 etiam
2375 4696 2497 4734 cum
2535 4681 2770 4735 maxima
2819 4682 3090 4749 emphasi,
3143 4691 3388 4735 sectatur
3415 4681 3488 4736 ita

1911 4788 2009 4829 sua
2061 4771 2415 4826 translatione
2449 4769 2756 4824 auditorem
2801 4769 3067 4834 oblectat,
3098 4781 3157 4823 ut
3203 4769 3373 4824 nihilo
3395 4770 3492 4825 ob-

1917 4863 2153 4928 scurius,
2193 4861 2326 4931 quin
2365 4859 2510 4914 forte
2546 4859 2769 4927 clarius,
2819 4874 2934 4915 rem
2976 4860 3049 4916 ob
3093 4860 3284 4916 oculos
3325 4871 3492 4932 ponat

1512 4999 1749 5055 VARIA‘]
1778 4995 2188 5054 LECTIONES.

304 5095 342 5124 ιι
365 5095 711 5167 μολυμννεεας
745 5115 805 5162 ς,
903 5098 950 5128 ⁸³
978 5096 1349 5167 ἀποσειμένης
1377 5095 1442 5149 Α·

249 5165 403 5237 Ξ·,,’⁷
433 5167 490 5218 δὲ
533 5166 662 5218 “im-
708 5170 773 5220 Α.
849 5169 915 5198 ⁵⁷⁸
959 5169 1057 5234 μὲν
1105 5165 1215 5221 oni.
1255 5165 1322 5221 Α.
1437 5167 1482 5199 ⁵⁸
1509 5165 1610 5237 κς]

251 5301 287 5330 ⁸⁸
314 5305 558 5373 τέρψοιτο
596 5323 632 5369 ς
645 5345 659 5358 .

1541 5096 1588 5127 ⁵³
1619 5095 1768 5164 αὐτῷ
1802 5096 1925 5149 add.
1955 5096 2020 5148 A.

1662 5162 1750 5219 καί
1797 5165 1880 5220 vel
1939 5167 2015 5217 κδ’
2077 5165 2367 5230 (incertum
2415 5163 2582 5229 enim)
2633 5164 2699 5214 A.
2756 5162 2962 5219 lacunae
3015 5165 3215 5218 eadem
3275 5166 3330 5218 in
3378 5167 3488 5220 AC.

311 5233 364 5308 δε
387 5248 504 5308 ante
536 5237 600 5288 ἐκ
645 5239 764 5294 add.
796 5239 862 5292 A.
940 5232 986 5270 θδ
1015 5255 1106 5308 μοι
1138 5239 1262 5293 add.
1297 5238 1364 5294 A.
1442 5238 1486 5270 “
1531 5232 1831 5308 ἱλὸύστριος
1865 5235 1932 5288 A.
2013 5235 2058 5267 “
2091 5233 2288 5303 Σοφίας
2319 5249 2377 5296 ς.

2127 5093 2176 5124 ⁸⁸
2214 5091 2313 5159 μὲν
2342 5091 2406 5144 ὲκ
2427 5090 2602 5159 λόγων
2634 5110 2695 5156 ς’.
2757 5162 2764 5163 ί
2793 5092 2840 5125 ⁸⁸
2875 5093 2974 5163 μὲν
3007 5094 3131 5148 add.
3163 5095 3230 5149 A.
3341 5097 3387 5128 ⁵⁸
3416 5096 3491 5160 λς

2455 5233 2500 5264 ⁸³
2529 5232 2624 5286 τοῦ
2658 5233 2783 5288 add.
2815 5235 2880 5289 A.
2957 5234 3002 5267 “
3023 5234 3131 5304 γὰρ
3165 5250 3273 5289 Olll.
3307 5251 3392 5304 pr.
3421 5236 3488 5289 A.

1754 5413 1989 5474 NOTAE.

312 5512 414 5579 (60)
448 5513 550 5578 Qui
580 5513 716 5564 liber
748 5510 845 5565 inf.
885 5509 1184 5579 advocatur
1218 5509 1342 5563 cod.
1376 5506 1501 5562 161.

319 5575 422 5653 (61)
451 5575 654 5638 Strabo
673 5583 762 5636 lib.
790 5595 908 5653 xm,
935 5584 985 5633 in
1011 5578 1222 5653 Troade
1246 5579 1603 5653 _G_ergcthium
1638 5575 1808 5635 fuisse

256 5649 381 5705 hunc
406 5649 768 5720 Cephalouent
799 5652 956 5720 docet
993 5660 1051 5702 ut
1081 5658 1137 5702 et
1163 5649 1378 5702 Suidas.

319 5723 421 5791 (62)
469 5727 710 5792 Quatuor
760 5722 850 5777 hic
909 5719 1171 5776 librorum
1233 5719 1475 5776 calculus
1521 5726 1805 5776 auctorum

1916 5511 2233 5582 eorumdem
2271 5521 2539 5565 tomurum
2575 5514 2757 5582 periit.

1991 5581 2103 5652 (65)
2133 5583 2204 5634 De
2227 5597 2335 5650 quo
2358 5581 2615 5650 legendus
2637 5583 2853 5638 Suidas.
2886 5583 3075 5637 Exstat
3097 5584 3490 5644 Grzcco-latina

1915 5652 2078 5720 hujus
2104 5652 2339 5720 epitome
2367 5652 2608 5720 Catalogi
2631 5653 2868 5705 virorum
2893 5655 3152 5710 doctrina:
3202 5660 3357 5712 laude
3389 5663 3496 5714 cla-

1920 5738 2121 5800 torum.
2140 5721 2410 5799 alphahcti
2440 5723 2583 5779 serie
2617 5723 2758 5793 typis
2787 5724 3151 5783 Plantiniauis
3179 5729 3346 5783 edita.
