  <div class='ocr_page' id='page_1' title='image "/cluster/home/n/w/nwhite01/storage/ocr_20150623/103 pt.3/mdp.39015061933738/091.png"; bbox 0 0 3980 6234; ppageno 0'>
   <div class='ocr_carea' id='block_1_1' title="bbox 484 292 585 358">
    <p class='ocr_par' dir='ltr' id='par_1_1' title="bbox 484 292 585 358">
     <span class='ocr_line' id='line_1_1' title="bbox 484 292 585 358; baseline 0.01 -1"><span class='ocrx_word' id='word_1_1' title='bbox 484 292 585 358; x_wconf 82' lang='grc'><strong>167</strong></span> 
     </span>
    </p>
   </div>
   <div class='ocr_carea' id='block_1_2' title="bbox 1639 281 2598 346">
    <p class='ocr_par' dir='ltr' id='par_1_2' title="bbox 1639 281 2598 346">
     <span class='ocr_line' id='line_1_2' title="bbox 1639 281 2598 346; baseline -0.002 0"><span class='ocrx_word' id='word_1_2' title='bbox 1639 282 1904 346; x_wconf 85' lang='grc' dir='ltr'><strong>ΡΗΟΤΙΙ</strong></span> <span class='ocrx_word' id='word_1_3' title='bbox 1941 281 2451 343; x_wconf 76' lang='lat' dir='ltr'><strong>PATRIARCHIE</strong></span> <span class='ocrx_word' id='word_1_4' title='bbox 2486 281 2598 344; x_wconf 89' lang='lat' dir='ltr'><strong>CP.</strong></span> 
     </span>
    </p>
   </div>
   <div class='ocr_carea' id='block_1_3' title="bbox 3626 283 3733 349">
    <p class='ocr_par' dir='ltr' id='par_1_3' title="bbox 3626 283 3733 349">
     <span class='ocr_line' id='line_1_3' title="bbox 3626 283 3733 349; baseline 0.019 -2"><span class='ocrx_word' id='word_1_5' title='bbox 3626 283 3733 349; x_wconf 80' lang='lat'><strong>168</strong></span> 
     </span>
    </p>
   </div>
   <div class='ocr_carea' id='block_1_4' title="bbox 483 354 2052 476">
    <p class='ocr_par' dir='ltr' id='par_1_4' title="bbox 483 354 2052 476">
     <span class='ocr_line' id='line_1_4' title="bbox 483 354 2052 476; baseline -0.007 -17"><span class='ocrx_word' id='word_1_6' title='bbox 483 419 647 476; x_wconf 85' lang='lat' dir='ltr'><strong>quam</strong></span> <span class='ocrx_word' id='word_1_7' title='bbox 670 400 718 459; x_wconf 84' lang='lat' dir='ltr'><strong>si</strong></span> <span class='ocrx_word' id='word_1_8' title='bbox 744 402 890 459; x_wconf 83' lang='lat' dir='ltr'><strong>nulla</strong></span> <span class='ocrx_word' id='word_1_9' title='bbox 912 401 1085 475; x_wconf 82' lang='lat' dir='ltr'><strong>figura</strong></span> <span class='ocrx_word' id='word_1_10' title='bbox 1118 414 1252 458; x_wconf 86' lang='lat' dir='ltr'><strong>usus</strong></span> <span class='ocrx_word' id='word_1_11' title='bbox 1271 354 1487 454; x_wconf 68' lang='lat' dir='ltr'><strong>fuisset.</strong></span> <span class='ocrx_word' id='word_1_12' title='bbox 1508 393 1770 454; x_wconf 80' lang='lat' dir='ltr'><strong>Veritatis</strong></span> <span class='ocrx_word' id='word_1_13' title='bbox 1792 402 2052 466; x_wconf 66' lang='lat' dir='ltr'><strong>praeterea</strong></span> 
     </span>
    </p>
   </div>
   <div class='ocr_carea' id='block_1_5' title="bbox 2166 354 3737 476">
    <p class='ocr_par' dir='ltr' id='par_1_5' title="bbox 2166 388 3737 469">
     <span class='ocr_line' id='line_1_5' title="bbox 2166 388 3737 469; baseline 0.004 -24"><span class='ocrx_word' id='word_1_14' title='bbox 2166 391 2452 463; x_wconf 65' lang='grc' dir='ltr'><strong>άκροατὴν,</strong></span> <span class='ocrx_word' id='word_1_15' title='bbox 2489 392 2642 448; x_wconf 81' lang='grc' dir='ltr'><strong>οὐδὲν</strong></span> <span class='ocrx_word' id='word_1_16' title='bbox 2664 392 2724 447; x_wconf 83' lang='grc' dir='ltr'><strong>δὲ</strong></span> <span class='ocrx_word' id='word_1_17' title='bbox 2776 388 2961 467; x_wconf 83' lang='grc' dir='ltr'><strong>ἧττον,</strong></span> <span class='ocrx_word' id='word_1_18' title='bbox 3004 396 3054 450; x_wconf 83' lang='grc' dir='ltr'><strong>εί</strong></span> <span class='ocrx_word' id='word_1_19' title='bbox 3087 395 3162 466; x_wconf 74' lang='grc' dir='ltr'><strong>μὴ</strong></span> <span class='ocrx_word' id='word_1_20' title='bbox 3192 392 3287 448; x_wconf 79' lang='grc' dir='ltr'><strong>καὶ</strong></span> <span class='ocrx_word' id='word_1_21' title='bbox 3313 395 3516 465; x_wconf 79' lang='grc' dir='ltr'><strong>μᾶλλον</strong></span> <span class='ocrx_word' id='word_1_22' title='bbox 3545 400 3737 469; x_wconf 80' lang='grc' dir='ltr'>σαφῶς</span> 
     </span>
    </p>
   </div>
   <div class='ocr_carea' id='block_1_6' title="bbox 483 487 1604 567">
    <p class='ocr_par' dir='ltr' id='par_1_6' title="bbox 483 487 1604 567">
     <span class='ocr_line' id='line_1_6' title="bbox 483 487 1604 567; baseline -0.011 -14"><span class='ocrx_word' id='word_1_23' title='bbox 483 510 543 553; x_wconf 84' lang='lat' dir='ltr'><strong>se</strong></span> <span class='ocrx_word' id='word_1_24' title='bbox 562 496 654 552; x_wconf 87' lang='lat' dir='ltr'><strong>hic</strong></span> <span class='ocrx_word' id='word_1_25' title='bbox 701 494 954 567; x_wconf 83' lang='lat' dir='ltr'><strong>inprimis</strong></span> <span class='ocrx_word' id='word_1_26' title='bbox 976 493 1278 550; x_wconf 89' lang='lat' dir='ltr'><strong>studiosum</strong></span> <span class='ocrx_word' id='word_1_27' title='bbox 1309 487 1604 561; x_wconf 73' lang='lat' dir='ltr'><strong>promittit.</strong></span> 
     </span>
    </p>
   </div>
   <div class='ocr_carea' id='block_1_7' title="bbox 551 664 2060 744">
    <p class='ocr_par' dir='ltr' id='par_1_7' title="bbox 551 664 2060 744">
     <span class='ocr_line' id='line_1_7' title="bbox 551 664 2060 744; baseline -0.007 -14"><span class='ocrx_word' id='word_1_28' title='bbox 551 673 824 730; x_wconf 60' lang='lat' dir='ltr'><strong>Caeterum</strong></span> <span class='ocrx_word' id='word_1_29' title='bbox 849 686 986 744; x_wconf 88' lang='lat' dir='ltr'><strong>opus</strong></span> <span class='ocrx_word' id='word_1_30' title='bbox 1013 685 1106 727; x_wconf 79' lang='lat' dir='ltr'><strong>sex</strong></span> <span class='ocrx_word' id='word_1_31' title='bbox 1136 671 1190 724; x_wconf 91' lang='lat' dir='ltr'><strong>in</strong></span> <span class='ocrx_word' id='word_1_32' title='bbox 1232 677 1417 740; x_wconf 87' lang='lat' dir='ltr'><strong>partes</strong></span> <span class='ocrx_word' id='word_1_33' title='bbox 1447 666 1705 723; x_wconf 89' lang='lat' dir='ltr'><strong>divisum.</strong></span> <span class='ocrx_word' id='word_1_34' title='bbox 1742 666 1958 723; x_wconf 85' lang='lat' dir='ltr'><strong>Primus</strong></span> <span class='ocrx_word' id='word_1_35' title='bbox 1988 664 2060 720; x_wconf 89' lang='lat' dir='ltr'><strong>li-</strong></span> 
     </span>
    </p>
   </div>
   <div class='ocr_carea' id='block_1_8' title="bbox 480 756 2053 834">
    <p class='ocr_par' dir='ltr' id='par_1_8' title="bbox 480 756 2053 834">
     <span class='ocr_line' id='line_1_8' title="bbox 480 756 2053 834; baseline -0.006 -13"><span class='ocrx_word' id='word_1_36' title='bbox 480 765 600 831; x_wconf 87' lang='lat' dir='ltr'><strong>ber,</strong></span> <span class='ocrx_word' id='word_1_37' title='bbox 652 780 771 834; x_wconf 70' lang='lat' dir='ltr'><strong>qua:</strong></span> <span class='ocrx_word' id='word_1_38' title='bbox 806 764 1002 820; x_wconf 92' lang='lat' dir='ltr'><strong>bellum</strong></span> <span class='ocrx_word' id='word_1_39' title='bbox 1038 759 1331 828; x_wconf 75' lang='lat' dir='ltr'><strong>Troianum</strong></span> <span class='ocrx_word' id='word_1_40' title='bbox 1377 768 1813 825; x_wconf 86' lang='lat' dir='ltr'><strong>antecesserunt,</strong></span> <span class='ocrx_word' id='word_1_41' title='bbox 1861 756 2053 813; x_wconf 90' lang='lat' dir='ltr'><strong>refert.</strong></span> 
     </span>
    </p>
   </div>
   <div class='ocr_carea' id='block_1_9' title="bbox 482 849 2055 922">
    <p class='ocr_par' dir='ltr' id='par_1_9' title="bbox 482 849 2055 922">
     <span class='ocr_line' id='line_1_9' title="bbox 482 849 2055 922; baseline -0.007 -10"><span class='ocrx_word' id='word_1_42' title='bbox 482 856 785 921; x_wconf 85' lang='lat' dir='ltr'><strong>Secundus,</strong></span> <span class='ocrx_word' id='word_1_43' title='bbox 818 855 886 909; x_wconf 89' lang='lat' dir='ltr'><strong>ab</strong></span> <span class='ocrx_word' id='word_1_44' title='bbox 914 852 1009 908; x_wconf 89' lang='lat' dir='ltr'><strong>Ilio</strong></span> <span class='ocrx_word' id='word_1_45' title='bbox 1029 861 1186 922; x_wconf 89' lang='lat' dir='ltr'><strong>capto</strong></span> <span class='ocrx_word' id='word_1_46' title='bbox 1208 852 1276 905; x_wconf 91' lang='lat' dir='ltr'><strong>ad</strong></span> <span class='ocrx_word' id='word_1_47' title='bbox 1300 850 1532 905; x_wconf 81' lang='lat' dir='ltr'><strong>Romam</strong></span> <span class='ocrx_word' id='word_1_48' title='bbox 1563 866 1733 919; x_wconf 84' lang='lat' dir='ltr'><strong>usque</strong></span> <span class='ocrx_word' id='word_1_49' title='bbox 1752 849 2055 915; x_wconf 90' lang='lat' dir='ltr'><strong>conditam,</strong></span> 
     </span>
    </p>
   </div>
   <div class='ocr_carea' id='block_1_10' title="bbox 483 940 2060 1017">
    <p class='ocr_par' dir='ltr' id='par_1_10' title="bbox 483 940 2060 1017">
     <span class='ocr_line' id='line_1_10' title="bbox 483 940 2060 1017; baseline -0.006 -13"><span class='ocrx_word' id='word_1_50' title='bbox 483 957 660 1017; x_wconf 81' lang='lat' dir='ltr'><strong>gesta.</strong></span> <span class='ocrx_word' id='word_1_51' title='bbox 707 946 947 1009; x_wconf 88' lang='lat' dir='ltr'><strong>Tertius,</strong></span> <span class='ocrx_word' id='word_1_52' title='bbox 987 960 1108 1014; x_wconf 65' lang='lat' dir='ltr'><strong>quae</strong></span> <span class='ocrx_word' id='word_1_53' title='bbox 1155 944 1225 998; x_wconf 88' lang='lat' dir='ltr'><strong>ab</strong></span> <span class='ocrx_word' id='word_1_54' title='bbox 1271 944 1406 998; x_wconf 84' lang='lat' dir='ltr'><strong>urbe</strong></span> <span class='ocrx_word' id='word_1_55' title='bbox 1441 943 1660 998; x_wconf 87' lang='lat' dir='ltr'><strong>condita</strong></span> <span class='ocrx_word' id='word_1_56' title='bbox 1705 942 1807 996; x_wconf 86' lang='lat' dir='ltr'><strong>sub</strong></span> <span class='ocrx_word' id='word_1_57' title='bbox 1841 940 2060 1009; x_wconf 83' lang='lat' dir='ltr'><strong>regibus</strong></span> 
     </span>
    </p>
   </div>
   <div class='ocr_carea' id='block_1_11' title="bbox 481 1032 2056 1104">
    <p class='ocr_par' dir='ltr' id='par_1_11' title="bbox 481 1032 2056 1104">
     <span class='ocr_line' id='line_1_11' title="bbox 481 1032 2056 1104; baseline -0.007 -8"><span class='ocrx_word' id='word_1_58' title='bbox 481 1039 816 1104; x_wconf 81' lang='lat' dir='ltr'><strong>acciderunt,</strong></span> <span class='ocrx_word' id='word_1_59' title='bbox 847 1037 1018 1091; x_wconf 89' lang='lat' dir='ltr'><strong>donec</strong></span> <span class='ocrx_word' id='word_1_60' title='bbox 1048 1035 1364 1092; x_wconf 86' lang='lat' dir='ltr'><strong>consulibus</strong></span> <span class='ocrx_word' id='word_1_61' title='bbox 1389 1033 1575 1089; x_wconf 73' lang='lat' dir='ltr'><strong>Romae</strong></span> <span class='ocrx_word' id='word_1_62' title='bbox 1603 1032 1804 1089; x_wconf 75' lang='lat' dir='ltr'><strong>creatis</strong></span> <span class='ocrx_word' id='word_1_63' title='bbox 1829 1047 2056 1101; x_wconf 80' lang='lat' dir='ltr'><strong>regnum</strong></span> 
     </span>
    </p>
   </div>
   <div class='ocr_carea' id='block_1_12' title="bbox 481 1124 2051 1199">
    <p class='ocr_par' dir='ltr' id='par_1_12' title="bbox 481 1124 2051 1199">
     <span class='ocr_line' id='line_1_12' title="bbox 481 1124 2051 1199; baseline -0.008 -10"><span class='ocrx_word' id='word_1_64' title='bbox 481 1148 601 1188; x_wconf 89' lang='lat' dir='ltr'><strong>esse</strong></span> <span class='ocrx_word' id='word_1_65' title='bbox 627 1132 809 1197; x_wconf 79' lang='lat' dir='ltr'><strong>desiit,</strong></span> <span class='ocrx_word' id='word_1_66' title='bbox 841 1137 1265 1195; x_wconf 81' lang='lat' dir='ltr'><strong>commemorat;</strong></span> <span class='ocrx_word' id='word_1_67' title='bbox 1290 1126 1612 1199; x_wconf 85' lang='lat' dir='ltr'><strong>Olympiade</strong></span> <span class='ocrx_word' id='word_1_68' title='bbox 1638 1124 1863 1180; x_wconf 88' lang='lat' dir='ltr'><strong>circiter</strong></span> <span class='ocrx_word' id='word_1_69' title='bbox 1887 1139 2051 1179; x_wconf 82' lang='lat' dir='ltr'><strong>sexa-</strong></span> 
     </span>
    </p>
   </div>
   <div class='ocr_carea' id='block_1_13' title="bbox 482 1214 2057 1295">
    <p class='ocr_par' dir='ltr' id='par_1_13' title="bbox 482 1214 2057 1295">
     <span class='ocr_line' id='line_1_13' title="bbox 482 1214 2057 1295; baseline -0.006 -17"><span class='ocrx_word' id='word_1_70' title='bbox 482 1226 683 1295; x_wconf 87' lang='lat' dir='ltr'><strong>gesima</strong></span> <span class='ocrx_word' id='word_1_71' title='bbox 724 1230 937 1276; x_wconf 83' lang='lat' dir='ltr'><strong>octava.</strong></span> <span class='ocrx_word' id='word_1_72' title='bbox 988 1219 1247 1287; x_wconf 84' lang='lat' dir='ltr'><strong>Quartus,</strong></span> <span class='ocrx_word' id='word_1_73' title='bbox 1290 1233 1358 1273; x_wconf 63' lang='lat' dir='ltr'><strong>ex</strong></span> <span class='ocrx_word' id='word_1_74' title='bbox 1412 1231 1521 1286; x_wconf 92' lang='lat' dir='ltr'><strong>quo</strong></span> <span class='ocrx_word' id='word_1_75' title='bbox 1578 1214 1829 1270; x_wconf 88' lang='lat' dir='ltr'><strong>consules</strong></span> <span class='ocrx_word' id='word_1_76' title='bbox 1867 1215 2057 1269; x_wconf 83' lang='lat' dir='ltr'><strong>Romae</strong></span> 
     </span>
    </p>
   </div>
   <div class='ocr_carea' id='block_1_14' title="bbox 478 1306 2053 1386">
    <p class='ocr_par' dir='ltr' id='par_1_14' title="bbox 478 1306 2053 1386">
     <span class='ocr_line' id='line_1_14' title="bbox 478 1306 2053 1386; baseline -0.008 -15"><span class='ocrx_word' id='word_1_77' title='bbox 478 1316 834 1386; x_wconf 69' lang='lat' dir='ltr'><strong>praafuerunt,</strong></span> <span class='ocrx_word' id='word_1_78' title='bbox 876 1315 983 1368; x_wconf 94' lang='lat' dir='ltr'><strong>hoc</strong></span> <span class='ocrx_word' id='word_1_79' title='bbox 1030 1321 1139 1378; x_wconf 88' lang='lat' dir='ltr'><strong>est,</strong></span> <span class='ocrx_word' id='word_1_80' title='bbox 1177 1327 1206 1365; x_wconf 88' lang='lat' dir='ltr'><strong>a</strong></span> <span class='ocrx_word' id='word_1_81' title='bbox 1254 1309 1593 1381; x_wconf 81' lang='lat' dir='ltr'><strong>sexagesima</strong></span> <span class='ocrx_word' id='word_1_82' title='bbox 1640 1317 1833 1363; x_wconf 87' lang='lat' dir='ltr'><strong>octava</strong></span> <span class='ocrx_word' id='word_1_83' title='bbox 1865 1306 2053 1377; x_wconf 85' lang='lat' dir='ltr'><strong>Olym-</strong></span> 
     </span>
    </p>
   </div>
   <div class='ocr_carea' id='block_1_15' title="bbox 483 1394 2055 1477">
    <p class='ocr_par' dir='ltr' id='par_1_15' title="bbox 483 1394 2055 1477">
     <span class='ocr_line' id='line_1_15' title="bbox 483 1394 2055 1477; baseline -0.008 -17"><span class='ocrx_word' id='word_1_84' title='bbox 483 1406 644 1477; x_wconf 89' lang='lat' dir='ltr'><strong>piade</strong></span> <span class='ocrx_word' id='word_1_85' title='bbox 675 1420 847 1473; x_wconf 91' lang='lat' dir='ltr'><strong>usque</strong></span> <span class='ocrx_word' id='word_1_86' title='bbox 892 1403 959 1457; x_wconf 89' lang='lat' dir='ltr'><strong>ad</strong></span> <span class='ocrx_word' id='word_1_87' title='bbox 1005 1416 1251 1468; x_wconf 69' lang='lat' dir='ltr'><strong>ccxxx“,</strong></span> <span class='ocrx_word' id='word_1_88' title='bbox 1288 1415 1410 1456; x_wconf 91' lang='lat' dir='ltr'><strong>cum</strong></span> <span class='ocrx_word' id='word_1_89' title='bbox 1443 1397 1717 1462; x_wconf 80' lang='lat' dir='ltr'><strong>consules,</strong></span> <span class='ocrx_word' id='word_1_90' title='bbox 1760 1394 1904 1450; x_wconf 87' lang='lat' dir='ltr'><strong>Julio</strong></span> <span class='ocrx_word' id='word_1_91' title='bbox 1941 1395 2055 1449; x_wconf 77' lang='lat' dir='ltr'><strong>Cae-</strong></span> 
     </span>
    </p>
   </div>
   <div class='ocr_carea' id='block_1_16' title="bbox 481 1487 2056 1564">
    <p class='ocr_par' dir='ltr' id='par_1_16' title="bbox 481 1487 2056 1564">
     <span class='ocr_line' id='line_1_16' title="bbox 481 1487 2056 1564; baseline -0.006 -12"><span class='ocrx_word' id='word_1_92' title='bbox 481 1512 606 1553; x_wconf 86' lang='lat' dir='ltr'><strong>sare</strong></span> <span class='ocrx_word' id='word_1_93' title='bbox 643 1496 819 1551; x_wconf 88' lang='lat' dir='ltr'><strong>solum</strong></span> <span class='ocrx_word' id='word_1_94' title='bbox 848 1495 1172 1564; x_wconf 87' lang='lat' dir='ltr'><strong>imperante,</strong></span> <span class='ocrx_word' id='word_1_95' title='bbox 1206 1506 1328 1546; x_wconf 86' lang='lat' dir='ltr'><strong>esse</strong></span> <span class='ocrx_word' id='word_1_96' title='bbox 1350 1491 1654 1545; x_wconf 89' lang='lat' dir='ltr'><strong>desierunt.</strong></span> <span class='ocrx_word' id='word_1_97' title='bbox 1677 1488 1879 1555; x_wconf 84' lang='lat' dir='ltr'><strong>Quinto</strong></span> <span class='ocrx_word' id='word_1_98' title='bbox 1914 1487 2056 1542; x_wconf 91' lang='lat' dir='ltr'><strong>libro</strong></span> 
     </span>
    </p>
   </div>
   <div class='ocr_carea' id='block_1_17' title="bbox 481 1580 2057 1656">
    <p class='ocr_par' dir='ltr' id='par_1_17' title="bbox 481 1580 2057 1656">
     <span class='ocr_line' id='line_1_17' title="bbox 481 1580 2057 1656; baseline -0.007 -12"><span class='ocrx_word' id='word_1_99' title='bbox 481 1603 546 1644; x_wconf 90' lang='lat' dir='ltr'><strong>ea</strong></span> <span class='ocrx_word' id='word_1_100' title='bbox 590 1596 907 1652; x_wconf 88' lang='lat' dir='ltr'><strong>narrantur,</strong></span> <span class='ocrx_word' id='word_1_101' title='bbox 948 1600 1067 1656; x_wconf 76' lang='lat' dir='ltr'><strong>quae</strong></span> <span class='ocrx_word' id='word_1_102' title='bbox 1099 1601 1127 1639; x_wconf 89' lang='lat' dir='ltr'><strong>a</strong></span> <span class='ocrx_word' id='word_1_103' title='bbox 1171 1583 1298 1639; x_wconf 85' lang='lat' dir='ltr'><strong>Julii</strong></span> <span class='ocrx_word' id='word_1_104' title='bbox 1340 1581 1573 1636; x_wconf 68' lang='lat' dir='ltr'><strong>Caesaris</strong></span> <span class='ocrx_word' id='word_1_105' title='bbox 1613 1580 1843 1649; x_wconf 89' lang='lat' dir='ltr'><strong>imperio</strong></span> <span class='ocrx_word' id='word_1_106' title='bbox 1886 1590 2057 1647; x_wconf 86' lang='lat' dir='ltr'><strong>usque</strong></span> 
     </span>
    </p>
   </div>
   <div class='ocr_carea' id='block_1_18' title="bbox 483 1672 2051 1750">
    <p class='ocr_par' dir='ltr' id='par_1_18' title="bbox 483 1672 2051 1750">
     <span class='ocr_line' id='line_1_18' title="bbox 483 1672 2051 1750; baseline -0.006 -15"><span class='ocrx_word' id='word_1_107' title='bbox 483 1681 611 1735; x_wconf 91' lang='lat' dir='ltr'><strong>dum</strong></span> <span class='ocrx_word' id='word_1_108' title='bbox 643 1677 953 1750; x_wconf 66' lang='lat' dir='ltr'><strong>Byzantium</strong></span> <span class='ocrx_word' id='word_1_109' title='bbox 991 1677 1141 1731; x_wconf 87' lang='lat' dir='ltr'><strong>urbis</strong></span> <span class='ocrx_word' id='word_1_110' title='bbox 1172 1675 1340 1744; x_wconf 82' lang='lat' dir='ltr'><strong>gloria</strong></span> <span class='ocrx_word' id='word_1_111' title='bbox 1372 1690 1435 1727; x_wconf 87' lang='lat' dir='ltr'><strong>ac</strong></span> <span class='ocrx_word' id='word_1_112' title='bbox 1459 1674 1629 1728; x_wconf 86' lang='lat' dir='ltr'><strong>virtus</strong></span> <span class='ocrx_word' id='word_1_113' title='bbox 1681 1672 1747 1726; x_wconf 90' lang='lat' dir='ltr'><strong>ad</strong></span> <span class='ocrx_word' id='word_1_114' title='bbox 1782 1685 2051 1726; x_wconf 89' lang='lat' dir='ltr'><strong>summum</strong></span> 
     </span>
    </p>
   </div>
   <div class='ocr_carea' id='block_1_19' title="bbox 2159 483 3738 559">
    <p class='ocr_par' dir='ltr' id='par_1_19' title="bbox 2159 483 3738 559">
     <span class='ocr_line' id='line_1_19' title="bbox 2159 483 3738 559; baseline 0.006 -23"><span class='ocrx_word' id='word_1_115' title='bbox 2159 483 2221 537; x_wconf 80' lang='grc' dir='ltr'><strong>τὸ</strong></span> <span class='ocrx_word' id='word_1_116' title='bbox 2251 485 2507 554; x_wconf 83' lang='grc' dir='ltr'><strong>πρᾶγμα,</strong></span> <span class='ocrx_word' id='word_1_117' title='bbox 2537 484 2572 555; x_wconf 83' lang='grc' dir='ltr'><strong>ἢ</strong></span> <span class='ocrx_word' id='word_1_118' title='bbox 2601 486 2650 539; x_wconf 85' lang='grc' dir='ltr'><strong>εί</strong></span> <span class='ocrx_word' id='word_1_119' title='bbox 2683 484 2759 559; x_wconf 77' lang='grc' dir='ltr'><strong>μὴ</strong></span> <span class='ocrx_word' id='word_1_120' title='bbox 2807 486 3130 557; x_wconf 71' lang='grc' dir='ltr'><strong>ἐτέτραπτο,</strong></span> <span class='ocrx_word' id='word_1_121' title='bbox 3161 489 3563 559; x_wconf 73' lang='grc' dir='ltr'><strong>παρεστήσατο.</strong></span> <span class='ocrx_word' id='word_1_122' title='bbox 3600 491 3738 545; x_wconf 83' lang='grc' dir='ltr'><strong>’Υπ-</strong></span> 
     </span>
    </p>
   </div>
   <div class='ocr_carea' id='block_1_20' title="bbox 2163 574 3485 653">
    <p class='ocr_par' dir='ltr' id='par_1_20' title="bbox 2163 574 3485 653">
     <span class='ocr_line' id='line_1_20' title="bbox 2163 574 3485 653; baseline 0.004 -22"><span class='ocrx_word' id='word_1_123' title='bbox 2163 579 2425 648; x_wconf 85' lang='grc' dir='ltr'><strong>ισχνεῖται</strong></span> <span class='ocrx_word' id='word_1_124' title='bbox 2452 577 2512 631; x_wconf 83' lang='grc' dir='ltr'><strong>δὲ</strong></span> <span class='ocrx_word' id='word_1_125' title='bbox 2537 578 2634 631; x_wconf 73' lang='grc' dir='ltr'><strong>καὶ</strong></span> <span class='ocrx_word' id='word_1_126' title='bbox 2671 578 2933 650; x_wconf 78' lang='grc' dir='ltr'><strong>ἀληθείας</strong></span> <span class='ocrx_word' id='word_1_127' title='bbox 2970 574 3110 633; x_wconf 80' lang='grc' dir='ltr'><strong>εῖναι</strong></span> <span class='ocrx_word' id='word_1_128' title='bbox 3138 583 3485 653; x_wconf 82' lang='grc' dir='ltr'><strong>φροντιστής.</strong></span> 
     </span>
    </p>
   </div>
   <div class='ocr_carea' id='block_1_21' title="bbox 2229 669 3735 745">
    <p class='ocr_par' dir='ltr' id='par_1_21' title="bbox 2229 669 3735 745">
     <span class='ocr_line' id='line_1_21' title="bbox 2229 669 3735 745; baseline 0.005 -23"><span class='ocrx_word' id='word_1_129' title='bbox 2229 670 2524 741; x_wconf 76' lang='grc' dir='ltr'><strong>Διαιρεῖται</strong></span> <span class='ocrx_word' id='word_1_130' title='bbox 2550 669 2607 723; x_wconf 84' lang='grc' dir='ltr'><strong>δὲ</strong></span> <span class='ocrx_word' id='word_1_131' title='bbox 2626 670 2778 740; x_wconf 87' lang='grc' dir='ltr'><strong>αύτῷ</strong></span> <span class='ocrx_word' id='word_1_132' title='bbox 2814 671 2876 724; x_wconf 82' lang='grc' dir='ltr'><strong>τὸ</strong></span> <span class='ocrx_word' id='word_1_133' title='bbox 2902 670 3222 743; x_wconf 87' lang='grc' dir='ltr'><strong>σπούδασμα</strong></span> <span class='ocrx_word' id='word_1_134' title='bbox 3260 675 3340 736; x_wconf 82' lang='grc' dir='ltr'><strong>είς</strong></span> <span class='ocrx_word' id='word_1_135' title='bbox 3366 674 3632 745; x_wconf 82' lang='grc' dir='ltr'><strong>τμήματα</strong></span> <span class='ocrx_word' id='word_1_136' title='bbox 3655 673 3735 740; x_wconf 79' lang='grc' dir='ltr'><strong>ἐξ,</strong></span> 
     </span>
    </p>
   </div>
   <div class='ocr_carea' id='block_1_22' title="bbox 2157 757 3739 839">
    <p class='ocr_par' dir='ltr' id='par_1_22' title="bbox 2157 757 3739 839">
     <span class='ocr_line' id='line_1_22' title="bbox 2157 757 3739 839; baseline 0.004 -22"><span class='ocrx_word' id='word_1_137' title='bbox 2157 757 2233 817; x_wconf 84' lang='grc' dir='ltr'><strong>ὧν</strong></span> <span class='ocrx_word' id='word_1_138' title='bbox 2247 761 2308 815; x_wconf 81' lang='grc' dir='ltr'><strong>τὸ</strong></span> <span class='ocrx_word' id='word_1_139' title='bbox 2338 762 2437 832; x_wconf 80' lang='grc' dir='ltr'><strong>μὲν</strong></span> <span class='ocrx_word' id='word_1_140' title='bbox 2460 761 2673 833; x_wconf 83' lang='grc' dir='ltr'><strong>πρῶτον</strong></span> <span class='ocrx_word' id='word_1_141' title='bbox 2698 763 2892 833; x_wconf 83' lang='grc' dir='ltr'><strong>τμῆμα</strong></span> <span class='ocrx_word' id='word_1_142' title='bbox 2922 763 3168 835; x_wconf 83' lang='grc' dir='ltr'>περιέχει</span> <span class='ocrx_word' id='word_1_143' title='bbox 3193 763 3264 818; x_wconf 88' lang='grc' dir='ltr'><strong>τὰ</strong></span> <span class='ocrx_word' id='word_1_144' title='bbox 3294 765 3401 834; x_wconf 79' lang='grc' dir='ltr'><strong>πρὸ</strong></span> <span class='ocrx_word' id='word_1_145' title='bbox 3422 766 3532 821; x_wconf 83' lang='grc' dir='ltr'><strong>τῶν</strong></span> <span class='ocrx_word' id='word_1_146' title='bbox 3557 769 3739 839; x_wconf 76' lang='grc' dir='ltr'><strong>Τρωϊο</strong></span> 
     </span>
    </p>
   </div>
   <div class='ocr_carea' id='block_1_23' title="bbox 2158 851 3739 931">
    <p class='ocr_par' dir='ltr' id='par_1_23' title="bbox 2158 851 3739 931">
     <span class='ocr_line' id='line_1_23' title="bbox 2158 851 3739 931; baseline 0.007 -26"><span class='ocrx_word' id='word_1_147' title='bbox 2158 851 2293 917; x_wconf 82' lang='grc' dir='ltr'><strong>κῶν,</strong></span> <span class='ocrx_word' id='word_1_148' title='bbox 2322 851 2386 905; x_wconf 81' lang='grc' dir='ltr'><strong>τὸ</strong></span> <span class='ocrx_word' id='word_1_149' title='bbox 2411 852 2466 906; x_wconf 80' lang='grc' dir='ltr'><strong>δὲ</strong></span> <span class='ocrx_word' id='word_1_150' title='bbox 2497 852 2746 924; x_wconf 88' lang='grc' dir='ltr'><strong>δεύτερον</strong></span> <span class='ocrx_word' id='word_1_151' title='bbox 2777 856 2847 907; x_wconf 81' lang='grc' dir='ltr'><strong>τὰ</strong></span> <span class='ocrx_word' id='word_1_152' title='bbox 2866 854 2977 908; x_wconf 79' lang='grc' dir='ltr'><strong>ἀπὸ</strong></span> <span class='ocrx_word' id='word_1_153' title='bbox 3021 855 3174 909; x_wconf 81' lang='grc' dir='ltr'><strong>Ἰλίου</strong></span> <span class='ocrx_word' id='word_1_154' title='bbox 3210 855 3466 923; x_wconf 79' lang='grc' dir='ltr'><strong>ἁλώσεως</strong></span> <span class='ocrx_word' id='word_1_155' title='bbox 3502 859 3608 923; x_wconf 72' lang='grc' dir='ltr'><strong>ἕως</strong></span> <span class='ocrx_word' id='word_1_156' title='bbox 3635 861 3739 931; x_wconf 83' lang='grc' dir='ltr'><strong>τῆς</strong></span> 
     </span>
    </p>
   </div>
   <div class='ocr_carea' id='block_1_24' title="bbox 2158 943 3738 1020">
    <p class='ocr_par' dir='ltr' id='par_1_24' title="bbox 2158 943 3738 1020">
     <span class='ocr_line' id='line_1_24' title="bbox 2158 943 3738 1020; baseline 0.006 -24"><span class='ocrx_word' id='word_1_157' title='bbox 2158 944 2388 1008; x_wconf 79' lang='grc' dir='ltr'><strong>κτίσεως</strong></span> <span class='ocrx_word' id='word_1_158' title='bbox 2437 943 2674 1015; x_wconf 80' lang='grc' dir='ltr'><strong>Ῥώμης,</strong></span> <span class='ocrx_word' id='word_1_159' title='bbox 2714 946 2775 999; x_wconf 84' lang='grc' dir='ltr'><strong>τὸ</strong></span> <span class='ocrx_word' id='word_1_160' title='bbox 2802 947 2860 1000; x_wconf 81' lang='grc' dir='ltr'><strong>δὲ</strong></span> <span class='ocrx_word' id='word_1_161' title='bbox 2889 946 3073 1018; x_wconf 89' lang='grc' dir='ltr'><strong>τρίτον</strong></span> <span class='ocrx_word' id='word_1_162' title='bbox 3102 948 3169 1002; x_wconf 75' lang='grc' dir='ltr'><strong>τὰ</strong></span> <span class='ocrx_word' id='word_1_163' title='bbox 3207 948 3315 1002; x_wconf 81' lang='grc' dir='ltr'><strong>ἀπὸ</strong></span> <span class='ocrx_word' id='word_1_164' title='bbox 3359 951 3462 1020; x_wconf 81' lang='grc' dir='ltr'><strong>τῆς</strong></span> <span class='ocrx_word' id='word_1_165' title='bbox 3500 953 3738 1015; x_wconf 81' lang='grc' dir='ltr'><strong>κτίσεως</strong></span> 
     </span>
    </p>
   </div>
   <div class='ocr_carea' id='block_1_25' title="bbox 2169 1033 3740 1110">
    <p class='ocr_par' dir='ltr' id='par_1_25' title="bbox 2169 1033 3740 1110">
     <span class='ocr_line' id='line_1_25' title="bbox 2169 1033 3740 1110; baseline 0.006 -23"><span class='ocrx_word' id='word_1_166' title='bbox 2169 1033 2387 1106; x_wconf 82' lang='grc' dir='ltr'><strong>Ῥώμης</strong></span> <span class='ocrx_word' id='word_1_167' title='bbox 2406 1036 2598 1106; x_wconf 84' lang='grc' dir='ltr'><strong>μέχρις</strong></span> <span class='ocrx_word' id='word_1_168' title='bbox 2615 1037 2735 1090; x_wconf 83' lang='grc' dir='ltr'><strong>ὃτου</strong></span> <span class='ocrx_word' id='word_1_169' title='bbox 2762 1038 2808 1070; x_wconf 77' lang='grc'>⁸⁸</span> <span class='ocrx_word' id='word_1_170' title='bbox 2841 1037 3179 1110; x_wconf 82' lang='grc' dir='ltr'><strong>Ῥωμαίοιςή</strong></span> <span class='ocrx_word' id='word_1_171' title='bbox 3203 1039 3313 1093; x_wconf 84' lang='grc' dir='ltr'><strong>τῶν</strong></span> <span class='ocrx_word' id='word_1_172' title='bbox 3361 1042 3585 1096; x_wconf 79' lang='grc' dir='ltr'><strong>ὑπάτων</strong></span> <span class='ocrx_word' id='word_1_173' title='bbox 3625 1045 3740 1096; x_wconf 76' lang='grc' dir='ltr'><strong>εἱσ-</strong></span> 
     </span>
    </p>
   </div>
   <div class='ocr_carea' id='block_1_26' title="bbox 2158 1129 3739 1208">
    <p class='ocr_par' dir='ltr' id='par_1_26' title="bbox 2158 1129 3739 1208">
     <span class='ocr_line' id='line_1_26' title="bbox 2158 1129 3739 1208; baseline 0.005 -27"><span class='ocrx_word' id='word_1_174' title='bbox 2158 1129 2297 1201; x_wconf 85' lang='grc' dir='ltr'><strong>ήχθη</strong></span> <span class='ocrx_word' id='word_1_175' title='bbox 2332 1131 2601 1200; x_wconf 78' lang='grc' dir='ltr'><strong>ἡγεμονία</strong></span> <span class='ocrx_word' id='word_1_176' title='bbox 2626 1130 2961 1185; x_wconf 87' lang='grc' dir='ltr'><strong>καταλύσασι</strong></span> <span class='ocrx_word' id='word_1_177' title='bbox 2988 1131 3114 1194; x_wconf 81' lang='grc' dir='ltr'><strong>τοὺς</strong></span> <span class='ocrx_word' id='word_1_178' title='bbox 3153 1131 3402 1201; x_wconf 77' lang='grc' dir='ltr'><strong>βασιλέας</strong></span> <span class='ocrx_word' id='word_1_179' title='bbox 3423 1177 3438 1199; x_wconf 92' lang='grc'><strong>,</strong></span> <span class='ocrx_word' id='word_1_180' title='bbox 3473 1137 3616 1189; x_wconf 72' lang='grc' dir='ltr'><strong>κατὰ</strong></span> <span class='ocrx_word' id='word_1_181' title='bbox 3639 1136 3739 1208; x_wconf 74' lang='grc' dir='ltr'><strong>τὴν</strong></span> 
     </span>
    </p>
   </div>
   <div class='ocr_carea' id='block_1_27' title="bbox 2157 1220 3737 1300">
    <p class='ocr_par' dir='ltr' id='par_1_27' title="bbox 2157 1220 3737 1300">
     <span class='ocr_line' id='line_1_27' title="bbox 2157 1220 3737 1300; baseline 0.007 -27"><span class='ocrx_word' id='word_1_182' title='bbox 2157 1220 2349 1291; x_wconf 82' lang='grc' dir='ltr'><strong>ὀγδόην</strong></span> <span class='ocrx_word' id='word_1_183' title='bbox 2389 1221 2488 1275; x_wconf 75' lang='grc' dir='ltr'><strong>καὶ</strong></span> <span class='ocrx_word' id='word_1_184' title='bbox 2530 1223 2828 1295; x_wconf 76' lang='grc' dir='ltr'><strong>ἑξηκοστὴν</strong></span> <span class='ocrx_word' id='word_1_185' title='bbox 2863 1223 3227 1296; x_wconf 81' lang='grc' dir='ltr'><strong>Ὀλυμπιάδα·</strong></span> <span class='ocrx_word' id='word_1_186' title='bbox 3269 1228 3330 1281; x_wconf 82' lang='grc' dir='ltr'><strong>τὸ</strong></span> <span class='ocrx_word' id='word_1_187' title='bbox 3363 1228 3421 1281; x_wconf 83' lang='grc' dir='ltr'><strong>δὲ</strong></span> <span class='ocrx_word' id='word_1_188' title='bbox 3451 1228 3737 1300; x_wconf 87' lang='grc' dir='ltr'><strong>τέταρτον,</strong></span> 
     </span>
    </p>
   </div>
   <div class='ocr_carea' id='block_1_28' title="bbox 2156 1304 3740 1390">
    <p class='ocr_par' dir='ltr' id='par_1_28' title="bbox 2156 1304 3740 1390">
     <span class='ocr_line' id='line_1_28' title="bbox 2156 1304 3740 1390; baseline 0.006 -26"><span class='ocrx_word' id='word_1_189' title='bbox 2156 1310 2216 1375; x_wconf 72' lang='grc' dir='ltr'><strong>ἐξ</strong></span> <span class='ocrx_word' id='word_1_190' title='bbox 2243 1304 2414 1383; x_wconf 78' lang='grc' dir='ltr'><strong>οὗπερ</strong></span> <span class='ocrx_word' id='word_1_191' title='bbox 2452 1311 2738 1383; x_wconf 85' lang='grc' dir='ltr'><strong>Ῥωμαίων</strong></span> <span class='ocrx_word' id='word_1_192' title='bbox 2770 1314 3044 1385; x_wconf 76' lang='grc' dir='ltr'><strong>ἡγήσαντο</strong></span> <span class='ocrx_word' id='word_1_193' title='bbox 3081 1314 3310 1382; x_wconf 74' lang='grc' dir='ltr'><strong>ὕπατοι,</strong></span> <span class='ocrx_word' id='word_1_194' title='bbox 3335 1317 3454 1389; x_wconf 76' lang='grc' dir='ltr'><strong>ἦτοι</strong></span> <span class='ocrx_word' id='word_1_195' title='bbox 3501 1319 3614 1372; x_wconf 84' lang='grc' dir='ltr'><strong>ἀπὸ</strong></span> <span class='ocrx_word' id='word_1_196' title='bbox 3637 1320 3740 1390; x_wconf 84' lang='grc' dir='ltr'><strong>τῆς</strong></span> 
     </span>
    </p>
   </div>
   <div class='ocr_carea' id='block_1_29' title="bbox 2155 1405 3740 1479">
    <p class='ocr_par' dir='ltr' id='par_1_29' title="bbox 2155 1405 3740 1479">
     <span class='ocr_line' id='line_1_29' title="bbox 2155 1405 3740 1479; baseline 0.004 -21"><span class='ocrx_word' id='word_1_197' title='bbox 2155 1405 2347 1477; x_wconf 83' lang='grc' dir='ltr'><strong>ὀγδόης</strong></span> <span class='ocrx_word' id='word_1_198' title='bbox 2372 1406 2468 1459; x_wconf 75' lang='grc' dir='ltr'><strong>καὶ</strong></span> <span class='ocrx_word' id='word_1_199' title='bbox 2506 1406 2806 1478; x_wconf 79' lang='grc' dir='ltr'><strong>ἑξηκοστῆς</strong></span> <span class='ocrx_word' id='word_1_200' title='bbox 2846 1407 3233 1478; x_wconf 80' lang='grc' dir='ltr'><strong>Ὀλυμπιάδος,</strong></span> <span class='ocrx_word' id='word_1_201' title='bbox 3270 1409 3434 1479; x_wconf 87' lang='grc' dir='ltr'><strong>μέχρι</strong></span> <span class='ocrx_word' id='word_1_202' title='bbox 3476 1409 3740 1479; x_wconf 82' lang='grc' dir='ltr'><strong>δευτέρας</strong></span> 
     </span>
    </p>
   </div>
   <div class='ocr_carea' id='block_1_30' title="bbox 2156 1500 3736 1575">
    <p class='ocr_par' dir='ltr' id='par_1_30' title="bbox 2156 1500 3736 1575">
     <span class='ocr_line' id='line_1_30' title="bbox 2156 1500 3736 1575; baseline 0.006 -24"><span class='ocrx_word' id='word_1_203' title='bbox 2156 1500 2248 1552; x_wconf 79' lang='grc' dir='ltr'><strong>καὶ</strong></span> <span class='ocrx_word' id='word_1_204' title='bbox 2274 1500 2640 1570; x_wconf 81' lang='grc' dir='ltr'><strong>ὀγδοηκοστῆς</strong></span> <span class='ocrx_word' id='word_1_205' title='bbox 2672 1500 2765 1553; x_wconf 75' lang='grc' dir='ltr'><strong>καὶ</strong></span> <span class='ocrx_word' id='word_1_206' title='bbox 2792 1501 3086 1570; x_wconf 79' lang='grc' dir='ltr'><strong>ἑκατοστῆς</strong></span> <span class='ocrx_word' id='word_1_207' title='bbox 3114 1501 3199 1556; x_wconf 81' lang='grc'><strong>[51</strong></span> <span class='ocrx_word' id='word_1_208' title='bbox 3240 1501 3331 1575; x_wconf 87' lang='grc' dir='ltr'><strong>Η.]</strong></span> <span class='ocrx_word' id='word_1_209' title='bbox 3348 1504 3736 1574; x_wconf 78' lang='grc' dir='ltr'><strong>Ὀλυμπιάδος,</strong></span> 
     </span>
    </p>
   </div>
   <div class='ocr_carea' id='block_1_31' title="bbox 2157 1583 3738 1671">
    <p class='ocr_par' dir='ltr' id='par_1_31' title="bbox 2157 1583 3738 1671">
     <span class='ocr_line' id='line_1_31' title="bbox 2157 1583 3738 1671; baseline 0.006 -28"><span class='ocrx_word' id='word_1_210' title='bbox 2157 1583 2219 1645; x_wconf 69' lang='grc' dir='ltr'>οὗ</span> <span class='ocrx_word' id='word_1_211' title='bbox 2248 1591 2343 1645; x_wconf 67' lang='grc' dir='ltr'><strong>καὶ</strong></span> <span class='ocrx_word' id='word_1_212' title='bbox 2375 1589 2563 1661; x_wconf 78' lang='grc' dir='ltr'>ἔληξεν</span> <span class='ocrx_word' id='word_1_213' title='bbox 2600 1592 2881 1662; x_wconf 76' lang='grc' dir='ltr'><strong>ἡτοιαύτη</strong></span> <span class='ocrx_word' id='word_1_214' title='bbox 2916 1593 3060 1664; x_wconf 82' lang='grc' dir='ltr'><strong>ἀρχὴ</strong></span> <span class='ocrx_word' id='word_1_215' title='bbox 3075 1594 3295 1648; x_wconf 87' lang='grc' dir='ltr'><strong>Ἰουλίου</strong></span> <span class='ocrx_word' id='word_1_216' title='bbox 3326 1595 3423 1649; x_wconf 79' lang='grc' dir='ltr'><strong>τοῦ</strong></span> <span class='ocrx_word' id='word_1_217' title='bbox 3452 1598 3738 1671; x_wconf 84' lang='grc' dir='ltr'><strong>Καίσαρος</strong></span> 
     </span>
    </p>
   </div>
   <div class='ocr_carea' id='block_1_32' title="bbox 2158 1681 3741 1759">
    <p class='ocr_par' dir='ltr' id='par_1_32' title="bbox 2158 1681 3741 1759">
     <span class='ocr_line' id='line_1_32' title="bbox 2158 1681 3741 1759; baseline 0.008 -27"><span class='ocrx_word' id='word_1_218' title='bbox 2158 1682 2621 1754; x_wconf 84' lang='grc' dir='ltr'><strong>μοναρχήσαντος.</strong></span> <span class='ocrx_word' id='word_1_219' title='bbox 2658 1681 2731 1735; x_wconf 78' lang='grc' dir='ltr'>Τὸ</span> <span class='ocrx_word' id='word_1_220' title='bbox 2767 1682 2824 1736; x_wconf 81' lang='grc' dir='ltr'><strong>δὲ</strong></span> <span class='ocrx_word' id='word_1_221' title='bbox 2854 1684 3107 1753; x_wconf 81' lang='grc' dir='ltr'><strong>πέμπτον</strong></span> <span class='ocrx_word' id='word_1_222' title='bbox 3142 1686 3341 1755; x_wconf 84' lang='grc' dir='ltr'><strong>τμῆμα</strong></span> <span class='ocrx_word' id='word_1_223' title='bbox 3381 1689 3625 1759; x_wconf 80' lang='grc' dir='ltr'><strong>περιέχει</strong></span> <span class='ocrx_word' id='word_1_224' title='bbox 3666 1692 3741 1745; x_wconf 78' lang='grc' dir='ltr'><strong>τὰ</strong></span> 
     </span>
    </p>
   </div>
   <div class='ocr_carea' id='block_1_33' title="bbox 483 1756 2052 1849">
    <p class='ocr_par' dir='ltr' id='par_1_33' title="bbox 483 1762 2052 1840">
     <span class='ocr_line' id='line_1_33' title="bbox 483 1762 2052 1840; baseline -0.007 -15"><span class='ocrx_word' id='word_1_225' title='bbox 483 1770 744 1840; x_wconf 88' lang='lat' dir='ltr'><strong>perducta</strong></span> <span class='ocrx_word' id='word_1_226' title='bbox 775 1780 878 1836; x_wconf 88' lang='lat' dir='ltr'><strong>est,</strong></span> <span class='ocrx_word' id='word_1_227' title='bbox 919 1769 1286 1837; x_wconf 89' lang='lat' dir='ltr'><strong>contigerunt,</strong></span> <span class='ocrx_word' id='word_1_228' title='bbox 1324 1764 1644 1836; x_wconf 82' lang='lat' dir='ltr'><strong>Olympiade</strong></span> <span class='ocrx_word' id='word_1_229' title='bbox 1683 1778 1931 1818; x_wconf 75' lang='lat' dir='ltr'><strong>ccuxvu</strong></span> <span class='ocrx_word' id='word_1_230' title='bbox 1973 1762 2052 1815; x_wconf 78' lang='lat' dir='ltr'><strong>in-</strong></span> 
     </span>
    </p>
   </div>
   <div class='ocr_carea' id='block_1_34' title="bbox 2166 1756 3738 1849">
    <p class='ocr_par' dir='ltr' id='par_1_34' title="bbox 2166 1756 3738 1849">
     <span class='ocr_line' id='line_1_34' title="bbox 2166 1756 3738 1849; baseline 0.007 -27"><span class='ocrx_word' id='word_1_231' title='bbox 2166 1770 2269 1823; x_wconf 79' lang='grc' dir='ltr'><strong>άπὸ</strong></span> <span class='ocrx_word' id='word_1_232' title='bbox 2316 1772 2415 1841; x_wconf 85' lang='grc' dir='ltr'><strong>τῆς</strong></span> <span class='ocrx_word' id='word_1_233' title='bbox 2460 1770 2678 1827; x_wconf 83' lang='grc' dir='ltr'><strong>Ἰουλίου</strong></span> <span class='ocrx_word' id='word_1_234' title='bbox 2719 1771 2813 1825; x_wconf 81' lang='grc' dir='ltr'><strong>τοῦ</strong></span> <span class='ocrx_word' id='word_1_235' title='bbox 2856 1773 3134 1843; x_wconf 84' lang='grc' dir='ltr'><strong>Καίσαρος</strong></span> <span class='ocrx_word' id='word_1_236' title='bbox 3188 1756 3491 1847; x_wconf 77' lang='grc' dir='ltr'><strong>μοναρχίας</strong></span> <span class='ocrx_word' id='word_1_237' title='bbox 3543 1756 3738 1849; x_wconf 76' lang='grc' dir='ltr'><strong>μέχρις</strong></span> 
     </span>
    </p>
   </div>
   <div class='ocr_carea' id='block_1_35' title="bbox 482 1856 2056 1927">
    <p class='ocr_par' dir='ltr' id='par_1_35' title="bbox 482 1856 2056 1927">
     <span class='ocr_line' id='line_1_35' title="bbox 482 1856 2056 1927; baseline -0.003 -12"><span class='ocrx_word' id='word_1_238' title='bbox 482 1863 734 1916; x_wconf 86' lang='lat' dir='ltr'><strong>choante.</strong></span> <span class='ocrx_word' id='word_1_239' title='bbox 757 1860 923 1915; x_wconf 84' lang='lat' dir='ltr'><strong>Sexto</strong></span> <span class='ocrx_word' id='word_1_240' title='bbox 941 1859 1102 1922; x_wconf 91' lang='lat' dir='ltr'><strong>libro,</strong></span> <span class='ocrx_word' id='word_1_241' title='bbox 1130 1873 1197 1913; x_wconf 80' lang='lat' dir='ltr'><strong>ex</strong></span> <span class='ocrx_word' id='word_1_242' title='bbox 1221 1872 1327 1927; x_wconf 91' lang='lat' dir='ltr'><strong>quo</strong></span> <span class='ocrx_word' id='word_1_243' title='bbox 1347 1857 1763 1914; x_wconf 78' lang='lat' dir='ltr'><strong>Constantinum</strong></span> <span class='ocrx_word' id='word_1_244' title='bbox 1788 1856 2056 1911; x_wconf 86' lang='lat' dir='ltr'><strong>Constan—</strong></span> 
     </span>
    </p>
   </div>
   <div class='ocr_carea' id='block_1_36' title="bbox 483 1948 2050 2020">
    <p class='ocr_par' dir='ltr' id='par_1_36' title="bbox 483 1948 2050 2020">
     <span class='ocr_line' id='line_1_36' title="bbox 483 1948 2050 2020; baseline -0.002 -16"><span class='ocrx_word' id='word_1_245' title='bbox 483 1951 739 2020; x_wconf 85' lang='lat' dir='ltr'><strong>tinopolis</strong></span> <span class='ocrx_word' id='word_1_246' title='bbox 789 1965 982 2020; x_wconf 81' lang='lat' dir='ltr'><strong>magno</strong></span> <span class='ocrx_word' id='word_1_247' title='bbox 1016 1964 1116 2006; x_wconf 85' lang='lat' dir='ltr'><strong>suo</strong></span> <span class='ocrx_word' id='word_1_248' title='bbox 1141 1950 1281 2004; x_wconf 91' lang='lat' dir='ltr'><strong>bono</strong></span> <span class='ocrx_word' id='word_1_249' title='bbox 1319 1956 1474 2003; x_wconf 88' lang='lat' dir='ltr'><strong>nacta</strong></span> <span class='ocrx_word' id='word_1_250' title='bbox 1509 1954 1595 2004; x_wconf 89' lang='lat' dir='ltr'><strong>est</strong></span> <span class='ocrx_word' id='word_1_251' title='bbox 1642 1948 2050 2016; x_wconf 87' lang='lat' dir='ltr'><strong>imperatorem,</strong></span> 
     </span>
    </p>
   </div>
   <div class='ocr_carea' id='block_1_37' title="bbox 483 2030 2054 2112">
    <p class='ocr_par' dir='ltr' id='par_1_37' title="bbox 483 2030 2054 2112">
     <span class='ocr_line' id='line_1_37' title="bbox 483 2030 2054 2112; baseline -0.003 -17"><span class='ocrx_word' id='word_1_252' title='bbox 483 2056 655 2112; x_wconf 90' lang='lat' dir='ltr'><strong>usque</strong></span> <span class='ocrx_word' id='word_1_253' title='bbox 675 2042 741 2097; x_wconf 90' lang='lat' dir='ltr'><strong>ad</strong></span> <span class='ocrx_word' id='word_1_254' title='bbox 779 2037 1055 2096; x_wconf 67' lang='lat' dir='ltr'><strong>Anastasii</strong></span> <span class='ocrx_word' id='word_1_255' title='bbox 1106 2054 1390 2095; x_wconf 84' lang='lat' dir='ltr'><strong>excessum</strong></span> <span class='ocrx_word' id='word_1_256' title='bbox 1438 2045 1592 2109; x_wconf 90' lang='lat' dir='ltr'><strong>gesta</strong></span> <span class='ocrx_word' id='word_1_257' title='bbox 1624 2046 1846 2104; x_wconf 88' lang='lat' dir='ltr'><strong>narrat;</strong></span> <span class='ocrx_word' id='word_1_258' title='bbox 1890 2030 2054 2106; x_wconf 80' lang='lat' dir='ltr'><strong>quem</strong></span> 
     </span>
    </p>
   </div>
   <div class='ocr_carea' id='block_1_38' title="bbox 481 2127 2053 2202">
    <p class='ocr_par' dir='ltr' id='par_1_38' title="bbox 481 2127 2053 2202">
     <span class='ocr_line' id='line_1_38' title="bbox 481 2127 2053 2202; baseline -0.004 -13"><span class='ocrx_word' id='word_1_259' title='bbox 481 2133 753 2189; x_wconf 78' lang='lat' dir='ltr'><strong>Caesarem</strong></span> <span class='ocrx_word' id='word_1_260' title='bbox 781 2133 1012 2202; x_wconf 89' lang='lat' dir='ltr'><strong>scriptor</strong></span> <span class='ocrx_word' id='word_1_261' title='bbox 1040 2132 1126 2187; x_wconf 90' lang='lat' dir='ltr'><strong>hic</strong></span> <span class='ocrx_word' id='word_1_262' title='bbox 1154 2130 1461 2195; x_wconf 89' lang='lat' dir='ltr'><strong>clementia,</strong></span> <span class='ocrx_word' id='word_1_263' title='bbox 1490 2144 1553 2183; x_wconf 90' lang='lat' dir='ltr'><strong>ac</strong></span> <span class='ocrx_word' id='word_1_264' title='bbox 1571 2127 1901 2199; x_wconf 77' lang='lat' dir='ltr'><strong>benignitate</strong></span> <span class='ocrx_word' id='word_1_265' title='bbox 1918 2129 2053 2198; x_wconf 66' lang='lat' dir='ltr'><strong>(6i),</strong></span> 
     </span>
    </p>
   </div>
   <div class='ocr_carea' id='block_1_39' title="bbox 482 2218 2053 2294">
    <p class='ocr_par' dir='ltr' id='par_1_39' title="bbox 482 2218 2053 2294">
     <span class='ocr_line' id='line_1_39' title="bbox 482 2218 2053 2294; baseline -0.003 -16"><span class='ocrx_word' id='word_1_266' title='bbox 482 2226 667 2280; x_wconf 84' lang='lat' dir='ltr'><strong>nescio</strong></span> <span class='ocrx_word' id='word_1_267' title='bbox 693 2223 991 2294; x_wconf 83' lang='lat' dir='ltr'><strong>quomodo.</strong></span> <span class='ocrx_word' id='word_1_268' title='bbox 1016 2222 1197 2276; x_wconf 89' lang='lat' dir='ltr'><strong>multis</strong></span> <span class='ocrx_word' id='word_1_269' title='bbox 1218 2218 1597 2276; x_wconf 87' lang='lat' dir='ltr'><strong>antecelluisse</strong></span> <span class='ocrx_word' id='word_1_270' title='bbox 1615 2220 1873 2288; x_wconf 74' lang='lat' dir='ltr'><strong>przedicat</strong></span> <span class='ocrx_word' id='word_1_271' title='bbox 1908 2236 1923 2274; x_wconf 91' lang='lat'><strong>:</strong></span> <span class='ocrx_word' id='word_1_272' title='bbox 1956 2234 2053 2274; x_wconf 88' lang='lat' dir='ltr'><strong>cu-</strong></span> 
     </span>
    </p>
   </div>
   <div class='ocr_carea' id='block_1_40' title="bbox 475 2310 2055 2386">
    <p class='ocr_par' dir='ltr' id='par_1_40' title="bbox 475 2310 2055 2386">
     <span class='ocr_line' id='line_1_40' title="bbox 475 2310 2055 2386; baseline -0.002 -17"><span class='ocrx_word' id='word_1_273' title='bbox 475 2315 568 2386; x_wconf 83' lang='lat' dir='ltr'><strong>jus</strong></span> <span class='ocrx_word' id='word_1_274' title='bbox 593 2316 775 2371; x_wconf 87' lang='lat' dir='ltr'><strong>obitus</strong></span> <span class='ocrx_word' id='word_1_275' title='bbox 796 2315 847 2369; x_wconf 92' lang='lat' dir='ltr'><strong>in</strong></span> <span class='ocrx_word' id='word_1_276' title='bbox 875 2314 1215 2369; x_wconf 89' lang='lat' dir='ltr'><strong>undecimam</strong></span> <span class='ocrx_word' id='word_1_277' title='bbox 1247 2312 1438 2367; x_wconf 91' lang='lat' dir='ltr'><strong>indicit</strong></span> <span class='ocrx_word' id='word_1_278' title='bbox 1465 2312 1837 2378; x_wconf 87' lang='lat' dir='ltr'><strong>indictionem,</strong></span> <span class='ocrx_word' id='word_1_279' title='bbox 1858 2310 2055 2383; x_wconf 86' lang='lat' dir='ltr'><strong>Magno</strong></span> 
     </span>
    </p>
   </div>
   <div class='ocr_carea' id='block_1_41' title="bbox 480 2402 2052 2476">
    <p class='ocr_par' dir='ltr' id='par_1_41' title="bbox 480 2402 2052 2476">
     <span class='ocr_line' id='line_1_41' title="bbox 480 2402 2052 2476; baseline -0.003 -15"><span class='ocrx_word' id='word_1_280' title='bbox 480 2407 703 2463; x_wconf 90' lang='lat' dir='ltr'><strong>consule</strong></span> <span class='ocrx_word' id='word_1_281' title='bbox 749 2408 869 2461; x_wconf 91' lang='lat' dir='ltr'><strong>sine</strong></span> <span class='ocrx_word' id='word_1_282' title='bbox 919 2406 1148 2476; x_wconf 81' lang='lat' dir='ltr'><strong>collega.</strong></span> <span class='ocrx_word' id='word_1_283' title='bbox 1194 2403 1519 2474; x_wconf 86' lang='lat' dir='ltr'><strong>Temporum</strong></span> <span class='ocrx_word' id='word_1_284' title='bbox 1575 2418 1706 2458; x_wconf 91' lang='lat' dir='ltr'><strong>vero</strong></span> <span class='ocrx_word' id='word_1_285' title='bbox 1753 2402 2052 2473; x_wconf 85' lang='lat' dir='ltr'><strong>periodus,</strong></span> 
     </span>
    </p>
   </div>
   <div class='ocr_carea' id='block_1_42' title="bbox 480 2498 1978 2572">
    <p class='ocr_par' dir='ltr' id='par_1_42' title="bbox 480 2498 1978 2572">
     <span class='ocr_line' id='line_1_42' title="bbox 480 2498 1978 2572; baseline -0.005 -16"><span class='ocrx_word' id='word_1_286' title='bbox 480 2515 587 2572; x_wconf 88' lang='lat' dir='ltr'><strong>qua</strong></span> <span class='ocrx_word' id='word_1_287' title='bbox 619 2501 845 2556; x_wconf 90' lang='lat' dir='ltr'><strong>historia</strong></span> <span class='ocrx_word' id='word_1_288' title='bbox 883 2499 970 2553; x_wconf 88' lang='lat' dir='ltr'><strong>illa</strong></span> <span class='ocrx_word' id='word_1_289' title='bbox 994 2498 1316 2563; x_wconf 83' lang='lat' dir='ltr'><strong>absolvitur,</strong></span> <span class='ocrx_word' id='word_1_290' title='bbox 1348 2511 1617 2552; x_wconf 86' lang='lat' dir='ltr'><strong>annorum</strong></span> <span class='ocrx_word' id='word_1_291' title='bbox 1639 2505 1723 2552; x_wconf 87' lang='lat' dir='ltr'><strong>est</strong></span> <span class='ocrx_word' id='word_1_292' title='bbox 1742 2511 1827 2551; x_wconf 78' lang='lat' dir='ltr'><strong>cio</strong></span> <span class='ocrx_word' id='word_1_293' title='bbox 1858 2510 1978 2552; x_wconf 79' lang='lat' dir='ltr'><strong>cxc.</strong></span> 
     </span>
    </p>
   </div>
   <div class='ocr_carea' id='block_1_43' title="bbox 2161 1861 3734 1941">
    <p class='ocr_par' dir='ltr' id='par_1_43' title="bbox 2161 1861 3734 1941">
     <span class='ocr_line' id='line_1_43' title="bbox 2161 1861 3734 1941; baseline 0.005 -26"><span class='ocrx_word' id='word_1_294' title='bbox 2161 1862 2284 1915; x_wconf 83' lang='grc' dir='ltr'><strong>ὅτου</strong></span> <span class='ocrx_word' id='word_1_295' title='bbox 2343 1861 2636 1926; x_wconf 76' lang='grc' dir='ltr'><strong>Βυζάντιον</strong></span> <span class='ocrx_word' id='word_1_296' title='bbox 2687 1863 2781 1914; x_wconf 71' lang='grc' dir='ltr'><strong>ἐπὶ</strong></span> <span class='ocrx_word' id='word_1_297' title='bbox 2829 1862 2971 1933; x_wconf 90' lang='grc' dir='ltr'><strong>μέγα</strong></span> <span class='ocrx_word' id='word_1_298' title='bbox 3016 1862 3175 1934; x_wconf 79' lang='grc' dir='ltr'><strong>δόξης</strong></span> <span class='ocrx_word' id='word_1_299' title='bbox 3235 1864 3419 1936; x_wconf 77' lang='grc' dir='ltr'><strong>ἰσχύος</strong></span> <span class='ocrx_word' id='word_1_300' title='bbox 3473 1869 3519 1900; x_wconf 81' lang='grc'>⁸⁷</span> <span class='ocrx_word' id='word_1_301' title='bbox 3563 1869 3734 1941; x_wconf 77' lang='grc' dir='ltr'><strong>ήρθη,</strong></span> 
     </span>
    </p>
   </div>
   <div class='ocr_carea' id='block_1_44' title="bbox 2172 1953 3739 2028">
    <p class='ocr_par' dir='ltr' id='par_1_44' title="bbox 2172 1953 3739 2028">
     <span class='ocr_line' id='line_1_44' title="bbox 2172 1953 3739 2028; baseline 0.005 -20"><span class='ocrx_word' id='word_1_302' title='bbox 2172 1953 2529 2023; x_wconf 81' lang='grc' dir='ltr'><strong>Ὀλυμπιάδος</strong></span> <span class='ocrx_word' id='word_1_303' title='bbox 2552 1953 2781 2024; x_wconf 74' lang='grc' dir='ltr'><strong>ἑϐδόμης</strong></span> <span class='ocrx_word' id='word_1_304' title='bbox 2800 1955 2890 2007; x_wconf 79' lang='grc' dir='ltr'><strong>καὶ</strong></span> <span class='ocrx_word' id='word_1_305' title='bbox 2913 1954 3322 2028; x_wconf 78' lang='grc' dir='ltr'><strong>ἑϐδομηκοστῆς</strong></span> <span class='ocrx_word' id='word_1_306' title='bbox 3342 1959 3439 2012; x_wconf 65' lang='grc' dir='ltr'><strong>καὶ⁴</strong></span> <span class='ocrx_word' id='word_1_307' title='bbox 3461 1959 3739 2016; x_wconf 86' lang='grc' dir='ltr'><strong>διακοσιο-</strong></span> 
     </span>
    </p>
   </div>
   <div class='ocr_carea' id='block_1_45' title="bbox 2163 2042 3742 2118">
    <p class='ocr_par' dir='ltr' id='par_1_45' title="bbox 2163 2042 3742 2118">
     <span class='ocr_line' id='line_1_45' title="bbox 2163 2042 3742 2118; baseline 0.004 -20"><span class='ocrx_word' id='word_1_308' title='bbox 2163 2046 2291 2115; x_wconf 87' lang='grc' dir='ltr'><strong>στῆς</strong></span> <span class='ocrx_word' id='word_1_309' title='bbox 2315 2045 2629 2117; x_wconf 82' lang='grc' dir='ltr'><strong>ἱσταμένης.</strong></span> <span class='ocrx_word' id='word_1_310' title='bbox 2653 2046 2727 2099; x_wconf 83' lang='grc' dir='ltr'><strong>Τὸ</strong></span> <span class='ocrx_word' id='word_1_311' title='bbox 2747 2046 2803 2098; x_wconf 81' lang='grc' dir='ltr'><strong>δὲ</strong></span> <span class='ocrx_word' id='word_1_312' title='bbox 2826 2047 3004 2113; x_wconf 77' lang='grc' dir='ltr'><strong>ἕκτον,</strong></span> <span class='ocrx_word' id='word_1_313' title='bbox 3027 2046 3088 2112; x_wconf 79' lang='grc' dir='ltr'>ἐξ</span> <span class='ocrx_word' id='word_1_314' title='bbox 3111 2042 3173 2103; x_wconf 74' lang='grc' dir='ltr'>οὗ</span> <span class='ocrx_word' id='word_1_315' title='bbox 3196 2047 3423 2118; x_wconf 84' lang='grc' dir='ltr'><strong>βασιλέα</strong></span> <span class='ocrx_word' id='word_1_316' title='bbox 3451 2053 3742 2107; x_wconf 81' lang='grc' dir='ltr'><strong>Κώνσταν-</strong></span> 
     </span>
    </p>
   </div>
   <div class='ocr_carea' id='block_1_46' title="bbox 2160 2137 3743 2216">
    <p class='ocr_par' dir='ltr' id='par_1_46' title="bbox 2160 2137 3743 2216">
     <span class='ocr_line' id='line_1_46' title="bbox 2160 2137 3743 2216; baseline 0.005 -25"><span class='ocrx_word' id='word_1_317' title='bbox 2160 2137 2468 2202; x_wconf 89' lang='grc' dir='ltr'><strong>τινούπολις</strong></span> <span class='ocrx_word' id='word_1_318' title='bbox 2493 2138 2756 2210; x_wconf 84' lang='grc' dir='ltr'><strong>εὐτύχησε</strong></span> <span class='ocrx_word' id='word_1_319' title='bbox 2790 2140 2837 2197; x_wconf 78' lang='lat'><strong>&quot;.</strong></span> <span class='ocrx_word' id='word_1_320' title='bbox 2893 2141 3316 2208; x_wconf 84' lang='grc' dir='ltr'><strong>Κωνσταντῖνον,</strong></span> <span class='ocrx_word' id='word_1_321' title='bbox 3349 2144 3513 2215; x_wconf 86' lang='grc' dir='ltr'><strong>μέχρι</strong></span> <span class='ocrx_word' id='word_1_322' title='bbox 3563 2146 3665 2216; x_wconf 82' lang='grc' dir='ltr'><strong>τῆς</strong></span> <span class='ocrx_word' id='word_1_323' title='bbox 3695 2148 3743 2180; x_wconf 83' lang='grc'>⁶⁹</span> 
     </span>
    </p>
   </div>
   <div class='ocr_carea' id='block_1_47' title="bbox 2172 2223 3741 2311">
    <p class='ocr_par' dir='ltr' id='par_1_47' title="bbox 2172 2223 3741 2311">
     <span class='ocr_line' id='line_1_47' title="bbox 2172 2223 3741 2311; baseline 0.006 -30"><span class='ocrx_word' id='word_1_324' title='bbox 2172 2229 2522 2283; x_wconf 84' lang='grc' dir='ltr'><strong>Ἀναστασίου</strong></span> <span class='ocrx_word' id='word_1_325' title='bbox 2554 2230 2829 2300; x_wconf 84' lang='grc' dir='ltr'><strong>τελευτῆς,</strong></span> <span class='ocrx_word' id='word_1_326' title='bbox 2855 2230 2914 2284; x_wconf 84' lang='grc' dir='ltr'><strong>ὃν</strong></span> <span class='ocrx_word' id='word_1_327' title='bbox 2943 2223 3098 2296; x_wconf 76' lang='grc' dir='ltr'><strong>οὗτος</strong></span> <span class='ocrx_word' id='word_1_328' title='bbox 3131 2234 3160 2287; x_wconf 84' lang='grc' dir='ltr'><strong>ό</strong></span> <span class='ocrx_word' id='word_1_329' title='bbox 3194 2239 3548 2307; x_wconf 82' lang='grc' dir='ltr'><strong>συγγραφεὺς</strong></span> <span class='ocrx_word' id='word_1_330' title='bbox 3576 2240 3741 2311; x_wconf 85' lang='grc' dir='ltr'><strong>πραό-</strong></span> 
     </span>
    </p>
   </div>
   <div class='ocr_carea' id='block_1_48' title="bbox 2159 2321 3743 2393">
    <p class='ocr_par' dir='ltr' id='par_1_48' title="bbox 2159 2321 3743 2393">
     <span class='ocr_line' id='line_1_48' title="bbox 2159 2321 3743 2393; baseline 0.009 -20"><span class='ocrx_word' id='word_1_331' title='bbox 2159 2338 2282 2392; x_wconf 85' lang='grc' dir='ltr'><strong>τητι</strong></span> <span class='ocrx_word' id='word_1_332' title='bbox 2309 2322 2404 2376; x_wconf 78' lang='grc' dir='ltr'><strong>καὶ</strong></span> <span class='ocrx_word' id='word_1_333' title='bbox 2428 2323 2474 2354; x_wconf 85' lang='grc'>⁷⁰</span> <span class='ocrx_word' id='word_1_334' title='bbox 2502 2321 2822 2393; x_wconf 81' lang='grc' dir='ltr'><strong>ήμερότητι,</strong></span> <span class='ocrx_word' id='word_1_335' title='bbox 2855 2323 2956 2376; x_wconf 75' lang='grc' dir='ltr'><strong>οὐκ</strong></span> <span class='ocrx_word' id='word_1_336' title='bbox 2979 2321 3073 2377; x_wconf 75' lang='grc' dir='ltr'><strong>οἶδ⁹</strong></span> <span class='ocrx_word' id='word_1_337' title='bbox 3098 2325 3269 2393; x_wconf 85' lang='grc' dir='ltr'><strong>ὅπως,</strong></span> <span class='ocrx_word' id='word_1_338' title='bbox 3304 2330 3514 2383; x_wconf 86' lang='grc' dir='ltr'><strong>πολλῶν</strong></span> <span class='ocrx_word' id='word_1_339' title='bbox 3538 2332 3743 2387; x_wconf 82' lang='grc' dir='ltr'><strong>ἀποσε-</strong></span> 
     </span>
    </p>
   </div>
   <div class='ocr_carea' id='block_1_49' title="bbox 2166 2405 3743 2497">
    <p class='ocr_par' dir='ltr' id='par_1_49' title="bbox 2166 2405 3743 2497">
     <span class='ocr_line' id='line_1_49' title="bbox 2166 2405 3743 2497; baseline 0.011 -35"><span class='ocrx_word' id='word_1_340' title='bbox 2166 2410 2352 2481; x_wconf 88' lang='grc' dir='ltr'><strong>μνύνει</strong></span> <span class='ocrx_word' id='word_1_341' title='bbox 2381 2411 2695 2479; x_wconf 83' lang='grc' dir='ltr'><strong>διενεγκεῖν·</strong></span> <span class='ocrx_word' id='word_1_342' title='bbox 2733 2405 2797 2466; x_wconf 79' lang='grc' dir='ltr'><strong>οὗ</strong></span> <span class='ocrx_word' id='word_1_343' title='bbox 2832 2413 3126 2468; x_wconf 85' lang='grc' dir='ltr'><strong>συνέπεσεν</strong></span> <span class='ocrx_word' id='word_1_344' title='bbox 3148 2418 3182 2487; x_wconf 83' lang='grc' dir='ltr'>ἠ</span> <span class='ocrx_word' id='word_1_345' title='bbox 3217 2418 3441 2490; x_wconf 81' lang='grc' dir='ltr'><strong>τελευτὴ</strong></span> <span class='ocrx_word' id='word_1_346' title='bbox 3471 2423 3614 2477; x_wconf 74' lang='grc' dir='ltr'><strong>κατὰ</strong></span> <span class='ocrx_word' id='word_1_347' title='bbox 3643 2424 3743 2497; x_wconf 78' lang='grc' dir='ltr'><strong>τὴν</strong></span> 
     </span>
    </p>
   </div>
   <div class='ocr_carea' id='block_1_50' title="bbox 2160 2501 3738 2580">
    <p class='ocr_par' dir='ltr' id='par_1_50' title="bbox 2160 2501 3738 2580">
     <span class='ocr_line' id='line_1_50' title="bbox 2160 2501 3738 2580; baseline 0.013 -26"><span class='ocrx_word' id='word_1_348' title='bbox 2160 2501 2454 2573; x_wconf 77' lang='grc' dir='ltr'><strong>ἑνδεκάτην</strong></span> <span class='ocrx_word' id='word_1_349' title='bbox 2481 2502 2806 2570; x_wconf 86' lang='grc' dir='ltr'><strong>ίνδικτιῶνα,</strong></span> <span class='ocrx_word' id='word_1_350' title='bbox 2837 2505 3061 2575; x_wconf 87' lang='grc' dir='ltr'><strong>Μάγνου</strong></span> <span class='ocrx_word' id='word_1_351' title='bbox 3093 2508 3254 2577; x_wconf 85' lang='grc' dir='ltr'><strong>μόνου</strong></span> <span class='ocrx_word' id='word_1_352' title='bbox 3282 2510 3323 2542; x_wconf 79' lang='grc'><strong>⁷⁸</strong></span> <span class='ocrx_word' id='word_1_353' title='bbox 3352 2512 3738 2580; x_wconf 81' lang='grc' dir='ltr'><strong>ὑπατεύοντος.</strong></span> 
     </span>
    </p>
   </div>
   <div class='ocr_carea' id='block_1_51' title="bbox 2051 2590 3743 2676">
    <p class='ocr_par' dir='ltr' id='par_1_51' title="bbox 2051 2590 3743 2676">
     <span class='ocr_line' id='line_1_51' title="bbox 2051 2590 3743 2676; baseline 0.013 -34"><span class='ocrx_word' id='word_1_354' title='bbox 2051 2605 2053 2608; x_wconf 73' lang='lat'><em>‘</em></span> <span class='ocrx_word' id='word_1_355' title='bbox 2170 2590 2236 2644; x_wconf 87' lang='lat' dir='ltr'><strong>&#39;H</strong></span> <span class='ocrx_word' id='word_1_356' title='bbox 2267 2591 2325 2645; x_wconf 84' lang='grc' dir='ltr'><strong>δὲ</strong></span> <span class='ocrx_word' id='word_1_357' title='bbox 2363 2593 2595 2663; x_wconf 82' lang='grc' dir='ltr'><strong>περιοχὴ</strong></span> <span class='ocrx_word' id='word_1_358' title='bbox 2637 2594 2746 2649; x_wconf 83' lang='grc' dir='ltr'><strong>τῶν</strong></span> <span class='ocrx_word' id='word_1_359' title='bbox 2788 2596 2995 2665; x_wconf 82' lang='grc' dir='ltr'><strong>χρόνων</strong></span> <span class='ocrx_word' id='word_1_360' title='bbox 3040 2597 3233 2667; x_wconf 90' lang='grc' dir='ltr'><strong>χιλίων</strong></span> <span class='ocrx_word' id='word_1_361' title='bbox 3274 2602 3370 2654; x_wconf 75' lang='grc' dir='ltr'><strong>καὶ</strong></span> <span class='ocrx_word' id='word_1_362' title='bbox 3412 2604 3743 2676; x_wconf 79' lang='grc' dir='ltr'><strong>ἐνενήκοντα</strong></span> 
     </span>
    </p>
   </div>
   <div class='ocr_carea' id='block_1_52' title="bbox 551 2758 2056 2832">
    <p class='ocr_par' dir='ltr' id='par_1_52' title="bbox 551 2758 2056 2832">
     <span class='ocr_line' id='line_1_52' title="bbox 551 2758 2056 2832; baseline -0.001 -16"><span class='ocrx_word' id='word_1_363' title='bbox 551 2761 806 2832; x_wconf 77' lang='lat' dir='ltr'><strong>Legimus</strong></span> <span class='ocrx_word' id='word_1_364' title='bbox 829 2761 957 2815; x_wconf 85' lang='lat' dir='ltr'><strong>item</strong></span> <span class='ocrx_word' id='word_1_365' title='bbox 982 2761 1224 2831; x_wconf 86' lang='lat' dir='ltr'><strong>ejusdem</strong></span> <span class='ocrx_word' id='word_1_366' title='bbox 1250 2758 1504 2832; x_wconf 82' lang='lat' dir='ltr'><strong>Hesychii</strong></span> <span class='ocrx_word' id='word_1_367' title='bbox 1532 2760 1645 2832; x_wconf 85' lang='lat'><strong>(65)</strong></span> <span class='ocrx_word' id='word_1_368' title='bbox 1669 2759 1898 2815; x_wconf 89' lang='lat' dir='ltr'><strong>alterum</strong></span> <span class='ocrx_word' id='word_1_369' title='bbox 1921 2775 2056 2831; x_wconf 86' lang='lat' dir='ltr'><strong>opus</strong></span> 
     </span>
    </p>
   </div>
   <div class='ocr_carea' id='block_1_53' title="bbox 479 2852 2055 2921">
    <p class='ocr_par' dir='ltr' id='par_1_53' title="bbox 479 2852 2055 2921">
     <span class='ocr_line' id='line_1_53' title="bbox 479 2852 2055 2921; baseline -0.003 -12"><span class='ocrx_word' id='word_1_370' title='bbox 479 2852 683 2909; x_wconf 89' lang='lat' dir='ltr'><strong>Justini</strong></span> <span class='ocrx_word' id='word_1_371' title='bbox 733 2853 985 2921; x_wconf 87' lang='lat' dir='ltr'><strong>imperat.</strong></span> <span class='ocrx_word' id='word_1_372' title='bbox 1029 2866 1116 2907; x_wconf 89' lang='lat' dir='ltr'><strong>res</strong></span> <span class='ocrx_word' id='word_1_373' title='bbox 1164 2862 1344 2918; x_wconf 77' lang='lat' dir='ltr'><strong>gestas</strong></span> <span class='ocrx_word' id='word_1_374' title='bbox 1387 2854 1675 2907; x_wconf 85' lang='lat' dir='ltr'><strong>continens</strong></span> <span class='ocrx_word' id='word_1_375' title='bbox 1716 2869 1732 2906; x_wconf 91' lang='lat'><strong>:</strong></span> <span class='ocrx_word' id='word_1_376' title='bbox 1785 2853 2055 2921; x_wconf 84' lang='lat' dir='ltr'><strong>quomodo</strong></span> 
     </span>
    </p>
   </div>
   <div class='ocr_carea' id='block_1_54' title="bbox 479 2942 2058 3011">
    <p class='ocr_par' dir='ltr' id='par_1_54' title="bbox 479 2942 2058 3011">
     <span class='ocr_line' id='line_1_54' title="bbox 479 2942 2058 3011; baseline 0 -11"><span class='ocrx_word' id='word_1_377' title='bbox 479 2946 776 3000; x_wconf 79' lang='lat' dir='ltr'><strong>Anastasio</strong></span> <span class='ocrx_word' id='word_1_378' title='bbox 808 2953 1023 3000; x_wconf 87' lang='lat' dir='ltr'><strong>mortuo</strong></span> <span class='ocrx_word' id='word_1_379' title='bbox 1047 2943 1305 2998; x_wconf 86' lang='lat' dir='ltr'><strong>sull‘ectus</strong></span> <span class='ocrx_word' id='word_1_380' title='bbox 1326 2942 1600 3009; x_wconf 85' lang='lat' dir='ltr'><strong>Justinus,</strong></span> <span class='ocrx_word' id='word_1_381' title='bbox 1630 2955 1682 2998; x_wconf 90' lang='lat' dir='ltr'><strong>et</strong></span> <span class='ocrx_word' id='word_1_382' title='bbox 1711 2944 1870 3011; x_wconf 84' lang='lat' dir='ltr'><strong>hujus</strong></span> <span class='ocrx_word' id='word_1_383' title='bbox 1897 2946 2058 3000; x_wconf 88' lang='lat' dir='ltr'><strong>vicis-</strong></span> 
     </span>
    </p>
   </div>
   <div class='ocr_carea' id='block_1_55' title="bbox 2161 2680 3256 2762">
    <p class='ocr_par' dir='ltr' id='par_1_55' title="bbox 2161 2680 3256 2762">
     <span class='ocr_line' id='line_1_55' title="bbox 2161 2680 3256 2762; baseline 0.009 -27"><span class='ocrx_word' id='word_1_384' title='bbox 2161 2684 2257 2736; x_wconf 75' lang='grc' dir='ltr'><strong>καὶ</strong></span> <span class='ocrx_word' id='word_1_385' title='bbox 2280 2683 2495 2738; x_wconf 81' lang='grc' dir='ltr'><strong>ἑκατόν.</strong></span> <span class='ocrx_word' id='word_1_386' title='bbox 2524 2685 2616 2739; x_wconf 89' lang='grc' dir='ltr'><strong>Ἐν</strong></span> <span class='ocrx_word' id='word_1_387' title='bbox 2644 2680 2725 2750; x_wconf 71' lang='grc' dir='ltr'><strong>οἷς</strong></span> <span class='ocrx_word' id='word_1_388' title='bbox 2753 2687 2846 2741; x_wconf 79' lang='grc' dir='ltr'><strong>καὶ</strong></span> <span class='ocrx_word' id='word_1_389' title='bbox 2881 2688 2915 2757; x_wconf 85' lang='grc' dir='ltr'><strong>ἡ</strong></span> <span class='ocrx_word' id='word_1_390' title='bbox 2942 2695 3256 2762; x_wconf 83' lang='grc' dir='ltr'><strong>συγγραφή.</strong></span> 
     </span>
    </p>
   </div>
   <div class='ocr_carea' id='block_1_56' title="bbox 2226 2777 3743 2860">
    <p class='ocr_par' dir='ltr' id='par_1_56' title="bbox 2226 2777 3743 2860">
     <span class='ocr_line' id='line_1_56' title="bbox 2226 2777 3743 2860; baseline 0.012 -31"><span class='ocrx_word' id='word_1_391' title='bbox 2226 2777 2569 2849; x_wconf 81' lang='grc' dir='ltr'><strong>’Δνεγνώσθη</strong></span> <span class='ocrx_word' id='word_1_392' title='bbox 2592 2779 2650 2832; x_wconf 87' lang='grc' dir='ltr'><strong>δέ</strong></span> <span class='ocrx_word' id='word_1_393' title='bbox 2679 2797 2770 2850; x_wconf 86' lang='grc' dir='ltr'><strong>μοι</strong></span> <span class='ocrx_word' id='word_1_394' title='bbox 2798 2782 2892 2834; x_wconf 74' lang='grc' dir='ltr'><strong>καὶ</strong></span> <span class='ocrx_word' id='word_1_395' title='bbox 2917 2783 3081 2853; x_wconf 78' lang='grc' dir='ltr'><strong>ἑτέρα</strong></span> <span class='ocrx_word' id='word_1_396' title='bbox 3101 2784 3196 2838; x_wconf 77' lang='grc' dir='ltr'><strong>τοῦ</strong></span> <span class='ocrx_word' id='word_1_397' title='bbox 3224 2785 3391 2841; x_wconf 78' lang='grc' dir='ltr'><strong>αὑτοῦ</strong></span> <span class='ocrx_word' id='word_1_398' title='bbox 3417 2788 3600 2860; x_wconf 87' lang='grc' dir='ltr'><strong>βίϐλος</strong></span> <span class='ocrx_word' id='word_1_399' title='bbox 3623 2831 3642 2856; x_wconf 93' lang='grc'><strong>,</strong></span> <span class='ocrx_word' id='word_1_400' title='bbox 3679 2794 3743 2848; x_wconf 79' lang='grc' dir='ltr'><strong>ὲν</strong></span> 
     </span>
    </p>
   </div>
   <div class='ocr_carea' id='block_1_57' title="bbox 2163 2865 3742 2949">
    <p class='ocr_par' dir='ltr' id='par_1_57' title="bbox 2163 2865 3742 2949">
     <span class='ocr_line' id='line_1_57' title="bbox 2163 2865 3742 2949; baseline 0.008 -26"><span class='ocrx_word' id='word_1_401' title='bbox 2163 2865 2197 2945; x_wconf 81' lang='grc' dir='ltr'>ᾖ</span> <span class='ocrx_word' id='word_1_402' title='bbox 2225 2871 2531 2941; x_wconf 85' lang='grc' dir='ltr'><strong>περιείχετο</strong></span> <span class='ocrx_word' id='word_1_403' title='bbox 2567 2871 2637 2925; x_wconf 89' lang='grc' dir='ltr'><strong>τά</strong></span> <span class='ocrx_word' id='word_1_404' title='bbox 2692 2888 2753 2925; x_wconf 89' lang='grc' dir='ltr'><strong>τε</strong></span> <span class='ocrx_word' id='word_1_405' title='bbox 2805 2873 3077 2946; x_wconf 86' lang='grc' dir='ltr'><strong>Ἰουστίνῳ</strong></span> <span class='ocrx_word' id='word_1_406' title='bbox 3102 2876 3441 2949; x_wconf 82' lang='grc' dir='ltr'><strong>πραχθέντα,</strong></span> <span class='ocrx_word' id='word_1_407' title='bbox 3495 2882 3648 2945; x_wconf 86' lang='grc' dir='ltr'><strong>ὅπως</strong></span> <span class='ocrx_word' id='word_1_408' title='bbox 3680 2900 3742 2936; x_wconf 86' lang='grc' dir='ltr'><strong>τε</strong></span> 
     </span>
    </p>
   </div>
   <div class='ocr_carea' id='block_1_58' title="bbox 2092 2961 3745 3041">
    <p class='ocr_par' dir='ltr' id='par_1_58' title="bbox 2092 2961 3745 3041">
     <span class='ocr_line' id='line_1_58' title="bbox 2092 2961 3745 3041; baseline 0.009 -30"><span class='ocrx_word' id='word_1_409' title='bbox 2092 3020 2103 3028; x_wconf 48' lang='grc'><strong>,</strong></span> <span class='ocrx_word' id='word_1_410' title='bbox 2161 2961 2516 3014; x_wconf 74' lang='grc' dir='ltr'><strong>Ἀναστασίου</strong></span> <span class='ocrx_word' id='word_1_411' title='bbox 2574 2961 2999 3031; x_wconf 75' lang='grc' dir='ltr'><strong>τελευτήσαντος</strong></span> <span class='ocrx_word' id='word_1_412' title='bbox 3055 2965 3216 3028; x_wconf 83' lang='grc' dir='ltr'><strong>αὐτὸς</strong></span> <span class='ocrx_word' id='word_1_413' title='bbox 3263 2969 3565 3041; x_wconf 75' lang='grc' dir='ltr'><strong>ἀνερρήθη.</strong></span> <span class='ocrx_word' id='word_1_414' title='bbox 3607 2968 3745 3026; x_wconf 75' lang='grc' dir='ltr'><strong>Εἶτα</strong></span> 
     </span>
    </p>
   </div>
   <div class='ocr_carea' id='block_1_59' title="bbox 480 3036 2052 3133">
    <p class='ocr_par' dir='ltr' id='par_1_59' title="bbox 480 3036 2052 3107">
     <span class='ocr_line' id='line_1_59' title="bbox 480 3036 2052 3107; baseline -0.004 -12"><span class='ocrx_word' id='word_1_415' title='bbox 480 3041 583 3097; x_wconf 86' lang='lat' dir='ltr'><strong>sim</strong></span> <span class='ocrx_word' id='word_1_416' title='bbox 626 3040 911 3107; x_wconf 90' lang='lat' dir='ltr'><strong>imperium</strong></span> <span class='ocrx_word' id='word_1_417' title='bbox 945 3036 1284 3091; x_wconf 86' lang='lat' dir='ltr'><strong>Justinianus</strong></span> <span class='ocrx_word' id='word_1_418' title='bbox 1308 3037 1610 3105; x_wconf 82' lang='lat' dir='ltr'><strong>exceperit,</strong></span> <span class='ocrx_word' id='word_1_419' title='bbox 1638 3036 1853 3106; x_wconf 85' lang='lat' dir='ltr'><strong>aliaque</strong></span> <span class='ocrx_word' id='word_1_420' title='bbox 1898 3037 2052 3090; x_wconf 85' lang='lat' dir='ltr'><strong>annis</strong></span> 
     </span>
    </p>
   </div>
   <div class='ocr_carea' id='block_1_60' title="bbox 2166 3036 3743 3133">
    <p class='ocr_par' dir='ltr' id='par_1_60' title="bbox 2166 3051 3743 3133">
     <span class='ocr_line' id='line_1_60' title="bbox 2166 3051 3743 3133; baseline 0.009 -30"><span class='ocrx_word' id='word_1_421' title='bbox 2166 3051 2254 3103; x_wconf 73' lang='grc' dir='ltr'><strong>καὶ</strong></span> <span class='ocrx_word' id='word_1_422' title='bbox 2283 3051 2384 3121; x_wconf 81' lang='grc' dir='ltr'><strong>τὴν</strong></span> <span class='ocrx_word' id='word_1_423' title='bbox 2403 3051 2781 3108; x_wconf 85' lang='grc' dir='ltr'><strong>Ἰουστινιανοῦ</strong></span> <span class='ocrx_word' id='word_1_424' title='bbox 2808 3053 2904 3106; x_wconf 83' lang='grc' dir='ltr'><strong>τοῦ</strong></span> <span class='ocrx_word' id='word_1_425' title='bbox 2929 3055 3070 3124; x_wconf 77' lang='grc' dir='ltr'><strong>μετὰ</strong></span> <span class='ocrx_word' id='word_1_426' title='bbox 3092 3057 3380 3112; x_wconf 89' lang='grc' dir='ltr'><strong>Ἰουστίνον</strong></span> <span class='ocrx_word' id='word_1_427' title='bbox 3402 3060 3554 3114; x_wconf 77' lang='grc' dir='ltr'><strong>ἔστιν</strong></span> <span class='ocrx_word' id='word_1_428' title='bbox 3576 3063 3743 3133; x_wconf 78' lang='grc' dir='ltr'><strong>ἀνάρ-</strong></span> 
     </span>
    </p>
   </div>
   <div class='ocr_carea' id='block_1_61' title="bbox 480 3112 2052 3223">
    <p class='ocr_par' dir='ltr' id='par_1_61' title="bbox 480 3126 2052 3204">
     <span class='ocr_line' id='line_1_61' title="bbox 480 3126 2052 3204; baseline -0.003 -19"><span class='ocrx_word' id='word_1_429' title='bbox 480 3133 689 3202; x_wconf 80' lang='lat' dir='ltr'><strong>aliqu0t</strong></span> <span class='ocrx_word' id='word_1_430' title='bbox 721 3132 820 3186; x_wconf 88' lang='lat' dir='ltr'><strong>sub</strong></span> <span class='ocrx_word' id='word_1_431' title='bbox 844 3145 910 3185; x_wconf 88' lang='lat' dir='ltr'><strong>eo</strong></span> <span class='ocrx_word' id='word_1_432' title='bbox 956 3139 1133 3200; x_wconf 83' lang='lat' dir='ltr'><strong>gesta.</strong></span> <span class='ocrx_word' id='word_1_433' title='bbox 1168 3126 1247 3182; x_wconf 87' lang='lat' dir='ltr'><strong>Ne</strong></span> <span class='ocrx_word' id='word_1_434' title='bbox 1270 3140 1470 3204; x_wconf 61' lang='lat' dir='ltr'><strong>catera</strong></span> <span class='ocrx_word' id='word_1_435' title='bbox 1497 3128 1732 3193; x_wconf 88' lang='lat' dir='ltr'><strong>scriptor</strong></span> <span class='ocrx_word' id='word_1_436' title='bbox 1783 3127 2052 3182; x_wconf 74' lang='lat' dir='ltr'><strong>memoria:</strong></span> 
     </span>
    </p>
   </div>
   <div class='ocr_carea' id='block_1_62' title="bbox 2166 3112 3739 3223">
    <p class='ocr_par' dir='ltr' id='par_1_62' title="bbox 2166 3112 3739 3223">
     <span class='ocr_line' id='line_1_62' title="bbox 2166 3112 3739 3223; baseline 0.01 -30"><span class='ocrx_word' id='word_1_437' title='bbox 2166 3112 2584 3212; x_wconf 54' lang='grc' dir='ltr'><strong>ῥησινοιατιδεῖν</strong></span> <span class='ocrx_word' id='word_1_438' title='bbox 2603 3185 2618 3210; x_wconf 92' lang='grc'><strong>,</strong></span> <span class='ocrx_word' id='word_1_439' title='bbox 2651 3145 2747 3197; x_wconf 80' lang='grc' dir='ltr'><strong>καὶ</strong></span> <span class='ocrx_word' id='word_1_440' title='bbox 2773 3143 2872 3209; x_wconf 79' lang='grc' dir='ltr'><strong>τὰς</strong></span> <span class='ocrx_word' id='word_1_441' title='bbox 2904 3112 3070 3211; x_wconf 63' lang='grc' dir='ltr'><strong>ἀλλας</strong></span> <span class='ocrx_word' id='word_1_442' title='bbox 3094 3149 3322 3218; x_wconf 79' lang='grc' dir='ltr'><strong>πράξεις</strong></span> <span class='ocrx_word' id='word_1_443' title='bbox 3357 3112 3551 3223; x_wconf 83' lang='grc' dir='ltr'><strong>μέχρις</strong></span> 
     </span>
    </p>
   </div>
   <div class='ocr_carea' id='block_1_63' title="bbox 483 3217 2060 3286">
    <p class='ocr_par' dir='ltr' id='par_1_63' title="bbox 483 3217 2060 3286">
     <span class='ocr_line' id='line_1_63' title="bbox 483 3217 2060 3286; baseline -0.004 -9"><span class='ocrx_word' id='word_1_444' title='bbox 483 3225 785 3286; x_wconf 76' lang='lat' dir='ltr'><strong>mandaret,</strong></span> <span class='ocrx_word' id='word_1_445' title='bbox 834 3231 1122 3277; x_wconf 88' lang='lat' dir='ltr'><strong>revocatus</strong></span> <span class='ocrx_word' id='word_1_446' title='bbox 1154 3231 1240 3275; x_wconf 89' lang='lat' dir='ltr'><strong>est</strong></span> <span class='ocrx_word' id='word_1_447' title='bbox 1290 3228 1463 3273; x_wconf 88' lang='lat' dir='ltr'><strong>morte</strong></span> <span class='ocrx_word' id='word_1_448' title='bbox 1508 3218 1737 3274; x_wconf 89' lang='lat' dir='ltr'><strong>Joannis</strong></span> <span class='ocrx_word' id='word_1_449' title='bbox 1769 3217 1902 3281; x_wconf 84' lang='lat' dir='ltr'><strong>lilii,</strong></span> <span class='ocrx_word' id='word_1_450' title='bbox 1941 3232 2060 3286; x_wconf 83' lang='lat' dir='ltr'><strong>quae</strong></span> 
     </span>
    </p>
   </div>
   <div class='ocr_carea' id='block_1_64' title="bbox 482 3309 2058 3381">
    <p class='ocr_par' dir='ltr' id='par_1_64' title="bbox 482 3309 2058 3381">
     <span class='ocr_line' id='line_1_64' title="bbox 482 3309 2058 3381; baseline -0.004 -13"><span class='ocrx_word' id='word_1_451' title='bbox 482 3322 722 3368; x_wconf 89' lang='lat' dir='ltr'><strong>mentem</strong></span> <span class='ocrx_word' id='word_1_452' title='bbox 769 3311 1004 3367; x_wconf 85' lang='lat' dir='ltr'><strong>hominis</strong></span> <span class='ocrx_word' id='word_1_453' title='bbox 1057 3312 1193 3365; x_wconf 88' lang='lat' dir='ltr'><strong>adeo</strong></span> <span class='ocrx_word' id='word_1_454' title='bbox 1244 3310 1504 3381; x_wconf 87' lang='lat' dir='ltr'><strong>perculit,</strong></span> <span class='ocrx_word' id='word_1_455' title='bbox 1546 3320 1607 3365; x_wconf 89' lang='lat' dir='ltr'><strong>ut</strong></span> <span class='ocrx_word' id='word_1_456' title='bbox 1652 3309 2058 3366; x_wconf 86' lang='lat' dir='ltr'><strong>commentandi</strong></span> 
     </span>
    </p>
   </div>
   <div class='ocr_carea' id='block_1_65' title="bbox 482 3400 1493 3474">
    <p class='ocr_par' dir='ltr' id='par_1_65' title="bbox 482 3400 1493 3474">
     <span class='ocr_line' id='line_1_65' title="bbox 482 3400 1493 3474; baseline -0.004 -14"><span class='ocrx_word' id='word_1_457' title='bbox 482 3403 879 3474; x_wconf 76' lang='lat' dir='ltr'><strong>scribendique</strong></span> <span class='ocrx_word' id='word_1_458' title='bbox 906 3413 1158 3458; x_wconf 78' lang='lat' dir='ltr'><strong>conatum</strong></span> <span class='ocrx_word' id='word_1_459' title='bbox 1189 3400 1493 3472; x_wconf 80' lang='lat' dir='ltr'><strong>infregerit.</strong></span> 
     </span>
    </p>
   </div>
   <div class='ocr_carea' id='block_1_66' title="bbox 1183 3579 1347 3636">
    <p class='ocr_par' dir='ltr' id='par_1_66' title="bbox 1183 3579 1347 3636">
     <span class='ocr_line' id='line_1_66' title="bbox 1183 3579 1347 3636; baseline 0.006 -1"><span class='ocrx_word' id='word_1_460' title='bbox 1183 3579 1347 3636; x_wconf 77' lang='lat' dir='ltr'><strong>LXX.</strong></span> 
     </span>
    </p>
   </div>
   <div class='ocr_carea' id='block_1_67' title="bbox 648 3671 1914 3746">
    <p class='ocr_par' dir='ltr' id='par_1_67' title="bbox 648 3671 1914 3746">
     <span class='ocr_line' id='line_1_67' title="bbox 648 3671 1914 3746; baseline 0.002 -17"><span class='ocrx_word' id='word_1_461' title='bbox 648 3675 792 3746; x_wconf 81' lang='lat' dir='ltr'><strong>35a</strong></span> <span class='ocrx_word' id='word_1_462' title='bbox 823 3675 1048 3729; x_wconf 81' lang='lat' dir='ltr'><strong>Diodori</strong></span> <span class='ocrx_word' id='word_1_463' title='bbox 1082 3673 1250 3729; x_wconf 82' lang='lat' dir='ltr'><strong>Siculi</strong></span> <span class='ocrx_word' id='word_1_464' title='bbox 1282 3673 1644 3728; x_wconf 77' lang='lat' dir='ltr'><strong>Historiarum</strong></span> <span class='ocrx_word' id='word_1_465' title='bbox 1669 3671 1794 3728; x_wconf 81' lang='lat' dir='ltr'><strong>libri</strong></span> <span class='ocrx_word' id='word_1_466' title='bbox 1824 3689 1914 3731; x_wconf 77' lang='lat' dir='ltr'><strong>XL.</strong></span> 
     </span>
    </p>
   </div>
   <div class='ocr_carea' id='block_1_68' title="bbox 550 3764 2061 3837">
    <p class='ocr_par' dir='ltr' id='par_1_68' title="bbox 550 3764 2061 3837">
     <span class='ocr_line' id='line_1_68' title="bbox 550 3764 2061 3837; baseline -0.003 -13"><span class='ocrx_word' id='word_1_467' title='bbox 550 3769 806 3837; x_wconf 78' lang='lat' dir='ltr'><strong>Legimus</strong></span> <span class='ocrx_word' id='word_1_468' title='bbox 850 3766 1073 3819; x_wconf 86' lang='lat' dir='ltr'><strong>Diodori</strong></span> <span class='ocrx_word' id='word_1_469' title='bbox 1115 3765 1283 3820; x_wconf 83' lang='lat' dir='ltr'><strong>Siculi</strong></span> <span class='ocrx_word' id='word_1_470' title='bbox 1335 3764 1698 3819; x_wconf 77' lang='lat' dir='ltr'><strong>Historiarum</strong></span> <span class='ocrx_word' id='word_1_471' title='bbox 1729 3765 1890 3819; x_wconf 81' lang='lat' dir='ltr'><strong>libros</strong></span> <span class='ocrx_word' id='word_1_472' title='bbox 1928 3782 2061 3835; x_wconf 86' lang='lat' dir='ltr'><strong>qua-</strong></span> 
     </span>
    </p>
   </div>
   <div class='ocr_carea' id='block_1_69' title="bbox 2158 3234 3746 3314">
    <p class='ocr_par' dir='ltr' id='par_1_69' title="bbox 2158 3234 3746 3314">
     <span class='ocr_line' id='line_1_69' title="bbox 2158 3234 3746 3314; baseline 0.009 -29"><span class='ocrx_word' id='word_1_473' title='bbox 2158 3250 2324 3286; x_wconf 88' lang='grc' dir='ltr'><strong>τινων</strong></span> <span class='ocrx_word' id='word_1_474' title='bbox 2346 3235 2392 3266; x_wconf 79' lang='grc'>⁷⁸</span> <span class='ocrx_word' id='word_1_475' title='bbox 2423 3235 2522 3302; x_wconf 81' lang='grc' dir='ltr'><strong>τῆς</strong></span> <span class='ocrx_word' id='word_1_476' title='bbox 2565 3235 2729 3288; x_wconf 78' lang='grc' dir='ltr'><strong>αὐτοῦ</strong></span> <span class='ocrx_word' id='word_1_477' title='bbox 2774 3234 3071 3306; x_wconf 86' lang='grc' dir='ltr'><strong>βασιλείας.</strong></span> <span class='ocrx_word' id='word_1_478' title='bbox 3107 3241 3219 3293; x_wconf 77' lang='grc' dir='ltr'><strong>Καὶ</strong></span> <span class='ocrx_word' id='word_1_479' title='bbox 3258 3242 3319 3294; x_wconf 83' lang='grc' dir='ltr'><strong>τὸ</strong></span> <span class='ocrx_word' id='word_1_480' title='bbox 3342 3242 3529 3297; x_wconf 78' lang='grc' dir='ltr'><strong>λοιπὸν</strong></span> <span class='ocrx_word' id='word_1_481' title='bbox 3552 3247 3582 3298; x_wconf 87' lang='grc' dir='ltr'><strong>ὁ</strong></span> <span class='ocrx_word' id='word_1_482' title='bbox 3609 3262 3746 3314; x_wconf 84' lang='grc' dir='ltr'><strong>συγ-</strong></span> 
     </span>
    </p>
   </div>
   <div class='ocr_carea' id='block_1_70' title="bbox 2159 3324 3745 3407">
    <p class='ocr_par' dir='ltr' id='par_1_70' title="bbox 2159 3324 3745 3407">
     <span class='ocr_line' id='line_1_70' title="bbox 2159 3324 3745 3407; baseline 0.011 -33"><span class='ocrx_word' id='word_1_483' title='bbox 2159 3324 2403 3395; x_wconf 78' lang='grc' dir='ltr'><strong>γραφεὺς</strong></span> <span class='ocrx_word' id='word_1_484' title='bbox 2433 3325 2704 3397; x_wconf 76' lang='grc' dir='ltr'><strong>ἐπεσχέθη</strong></span> <span class='ocrx_word' id='word_1_485' title='bbox 2726 3368 2740 3392; x_wconf 93' lang='grc'><strong>,</strong></span> <span class='ocrx_word' id='word_1_486' title='bbox 2773 3327 2989 3399; x_wconf 80' lang='grc' dir='ltr'><strong>θανάτῳ</strong></span> <span class='ocrx_word' id='word_1_487' title='bbox 3013 3329 3108 3383; x_wconf 83' lang='grc' dir='ltr'><strong>τοῦ</strong></span> <span class='ocrx_word' id='word_1_488' title='bbox 3143 3333 3333 3396; x_wconf 82' lang='grc' dir='ltr'><strong>παιδὸς</strong></span> <span class='ocrx_word' id='word_1_489' title='bbox 3359 3334 3610 3388; x_wconf 84' lang='grc' dir='ltr'><strong>Ἰωάννου</strong></span> <span class='ocrx_word' id='word_1_490' title='bbox 3640 3336 3745 3407; x_wconf 80' lang='grc' dir='ltr'><strong>τὴν</strong></span> 
     </span>
    </p>
   </div>
   <div class='ocr_carea' id='block_1_71' title="bbox 2158 3414 3745 3501">
    <p class='ocr_par' dir='ltr' id='par_1_71' title="bbox 2158 3414 3745 3501">
     <span class='ocr_line' id='line_1_71' title="bbox 2158 3414 3745 3501; baseline 0.012 -37"><span class='ocrx_word' id='word_1_491' title='bbox 2158 3414 2336 3485; x_wconf 81' lang='grc' dir='ltr'><strong>ψυχὴν</strong></span> <span class='ocrx_word' id='word_1_492' title='bbox 2355 3416 2577 3488; x_wconf 87' lang='grc' dir='ltr'><strong>καιρίαν</strong></span> <span class='ocrx_word' id='word_1_493' title='bbox 2601 3415 2820 3489; x_wconf 79' lang='grc' dir='ltr'><strong>βληθεὶς</strong></span> <span class='ocrx_word' id='word_1_494' title='bbox 2834 3421 2922 3475; x_wconf 73' lang='grc' dir='ltr'><strong>καὶ</strong></span> <span class='ocrx_word' id='word_1_495' title='bbox 2947 3421 3046 3491; x_wconf 82' lang='grc' dir='ltr'><strong>τῆς</strong></span> <span class='ocrx_word' id='word_1_496' title='bbox 3065 3421 3200 3492; x_wconf 85' lang='grc' dir='ltr'><strong>πρὸς</strong></span> <span class='ocrx_word' id='word_1_497' title='bbox 3222 3422 3283 3477; x_wconf 88' lang='grc' dir='ltr'><strong>τδ</strong></span> <span class='ocrx_word' id='word_1_498' title='bbox 3307 3424 3545 3496; x_wconf 72' lang='grc' dir='ltr'><strong>γράφειν</strong></span> <span class='ocrx_word' id='word_1_499' title='bbox 3565 3429 3745 3501; x_wconf 77' lang='grc' dir='ltr'><strong>ὁρμῆς</strong></span> 
     </span>
    </p>
   </div>
   <div class='ocr_carea' id='block_1_72' title="bbox 2158 3503 2438 3568">
    <p class='ocr_par' dir='ltr' id='par_1_72' title="bbox 2158 3503 2438 3568">
     <span class='ocr_line' id='line_1_72' title="bbox 2158 3503 2438 3568; baseline 0.014 -12"><span class='ocrx_word' id='word_1_500' title='bbox 2158 3503 2438 3568; x_wconf 74' lang='grc' dir='ltr'><strong>ἐκκοπείς.</strong></span> 
     </span>
    </p>
   </div>
   <div class='ocr_carea' id='block_1_73' title="bbox 2866 3599 2953 3656">
    <p class='ocr_par' dir='ltr' id='par_1_73' title="bbox 2866 3599 2953 3656">
     <span class='ocr_line' id='line_1_73' title="bbox 2866 3599 2953 3656; baseline 0 0"><span class='ocrx_word' id='word_1_501' title='bbox 2866 3599 2953 3656; x_wconf 90' lang='lat'><strong>0&#39;.</strong></span> 
     </span>
    </p>
   </div>
   <div class='ocr_carea' id='block_1_74' title="bbox 2405 3691 3484 3767">
    <p class='ocr_par' dir='ltr' id='par_1_74' title="bbox 2405 3691 3484 3767">
     <span class='ocr_line' id='line_1_74' title="bbox 2405 3691 3484 3767; baseline 0.009 -24"><span class='ocrx_word' id='word_1_502' title='bbox 2405 3691 2699 3761; x_wconf 74' lang='grc' dir='ltr'><strong>Διοδώρου</strong></span> <span class='ocrx_word' id='word_1_503' title='bbox 2735 3691 3089 3749; x_wconf 79' lang='grc' dir='ltr'><strong>Σικελιώτου</strong></span> <span class='ocrx_word' id='word_1_504' title='bbox 3134 3694 3484 3767; x_wconf 63' lang='grc' dir='ltr'><strong>’Ῑστορικόη</strong></span> 
     </span>
    </p>
   </div>
   <div class='ocr_carea' id='block_1_75' title="bbox 2226 3781 3747 3857">
    <p class='ocr_par' dir='ltr' id='par_1_75' title="bbox 2226 3781 3747 3857">
     <span class='ocr_line' id='line_1_75' title="bbox 2226 3781 3747 3857; baseline 0.01 -23"><span class='ocrx_word' id='word_1_505' title='bbox 2226 3781 2567 3854; x_wconf 85' lang='grc' dir='ltr'><strong>Ἀνεγνώσθη</strong></span> <span class='ocrx_word' id='word_1_506' title='bbox 2606 3784 2650 3815; x_wconf 85' lang='grc'><strong>⁷³</strong></span> <span class='ocrx_word' id='word_1_507' title='bbox 2686 3801 2776 3854; x_wconf 79' lang='grc' dir='ltr'><strong>μοι</strong></span> <span class='ocrx_word' id='word_1_508' title='bbox 2837 3783 3102 3855; x_wconf 88' lang='grc' dir='ltr'><strong>Διοδώρου</strong></span> <span class='ocrx_word' id='word_1_509' title='bbox 3158 3787 3480 3845; x_wconf 86' lang='grc' dir='ltr'><strong>Σικελιώτου</strong></span> <span class='ocrx_word' id='word_1_510' title='bbox 3539 3791 3747 3857; x_wconf 83' lang='grc' dir='ltr'><strong>βιϐλίον</strong></span> 
     </span>
    </p>
   </div>
   <div class='ocr_carea' id='block_1_76' title="bbox 477 3856 2052 3962">
    <p class='ocr_par' dir='ltr' id='par_1_76' title="bbox 477 3856 2052 3932">
     <span class='ocr_line' id='line_1_76' title="bbox 477 3856 2052 3932; baseline -0.003 -16"><span class='ocrx_word' id='word_1_511' title='bbox 477 3863 750 3932; x_wconf 81' lang='lat' dir='ltr'><strong>draginta,</strong></span> <span class='ocrx_word' id='word_1_512' title='bbox 790 3860 880 3929; x_wconf 91' lang='lat' dir='ltr'><strong>qui</strong></span> <span class='ocrx_word' id='word_1_513' title='bbox 907 3859 1214 3913; x_wconf 84' lang='lat' dir='ltr'><strong>universam</strong></span> <span class='ocrx_word' id='word_1_514' title='bbox 1239 3859 1527 3926; x_wconf 82' lang='lat' dir='ltr'><strong>quamdam</strong></span> <span class='ocrx_word' id='word_1_515' title='bbox 1562 3857 1748 3911; x_wconf 90' lang='lat' dir='ltr'><strong>mundi</strong></span> <span class='ocrx_word' id='word_1_516' title='bbox 1773 3856 2052 3911; x_wconf 89' lang='lat' dir='ltr'><strong>continent</strong></span> 
     </span>
    </p>
   </div>
   <div class='ocr_carea' id='block_1_77' title="bbox 2166 3856 3747 3962">
    <p class='ocr_par' dir='ltr' id='par_1_77' title="bbox 2166 3856 3747 3962">
     <span class='ocr_line' id='line_1_77' title="bbox 2166 3856 3747 3962; baseline 0.009 -36"><span class='ocrx_word' id='word_1_517' title='bbox 2166 3873 2441 3962; x_wconf 75' lang='grc' dir='ltr'><strong>ίστορικὺν</strong></span> <span class='ocrx_word' id='word_1_518' title='bbox 2491 3876 2550 3928; x_wconf 78' lang='grc' dir='ltr'><strong>ὲν</strong></span> <span class='ocrx_word' id='word_1_519' title='bbox 2604 3874 2785 3944; x_wconf 84' lang='grc' dir='ltr'><strong>λόγοις</strong></span> <span class='ocrx_word' id='word_1_520' title='bbox 2837 3882 2910 3946; x_wconf 86' lang='grc' dir='ltr'><strong>μ’,</strong></span> <span class='ocrx_word' id='word_1_521' title='bbox 2965 3879 3348 3951; x_wconf 80' lang='grc' dir='ltr'><strong>οίκουμενικὴν</strong></span> <span class='ocrx_word' id='word_1_522' title='bbox 3393 3884 3747 3955; x_wconf 84' lang='grc' dir='ltr'><strong>περιέχουσιν</strong></span> 
     </span>
    </p>
   </div>
   <div class='ocr_carea' id='block_1_78' title="bbox 479 3941 2052 4042">
    <p class='ocr_par' dir='ltr' id='par_1_78' title="bbox 479 3947 2052 4018">
     <span class='ocr_line' id='line_1_78' title="bbox 479 3947 2052 4018; baseline -0.004 -10"><span class='ocrx_word' id='word_1_523' title='bbox 479 3952 784 4008; x_wconf 77' lang='lat' dir='ltr'><strong>historiam.</strong></span> <span class='ocrx_word' id='word_1_524' title='bbox 827 3949 922 4004; x_wconf 86' lang='lat' dir='ltr'><strong>Est</strong></span> <span class='ocrx_word' id='word_1_525' title='bbox 969 3948 1301 4018; x_wconf 87' lang='lat' dir='ltr'><strong>Cephalione</strong></span> <span class='ocrx_word' id='word_1_526' title='bbox 1342 3947 1501 4016; x_wconf 89' lang='lat' dir='ltr'><strong>longe</strong></span> <span class='ocrx_word' id='word_1_527' title='bbox 1550 3948 1803 4013; x_wconf 90' lang='lat' dir='ltr'><strong>uberior,</strong></span> <span class='ocrx_word' id='word_1_528' title='bbox 1861 3950 2052 4004; x_wconf 87' lang='lat' dir='ltr'><strong>saltem</strong></span> 
     </span>
    </p>
   </div>
   <div class='ocr_carea' id='block_1_79' title="bbox 2166 3941 3745 4042">
    <p class='ocr_par' dir='ltr' id='par_1_79' title="bbox 2166 3941 3745 4042">
     <span class='ocr_line' id='line_1_79' title="bbox 2166 3941 3745 4042; baseline 0.009 -30"><span class='ocrx_word' id='word_1_529' title='bbox 2166 3941 2427 4031; x_wconf 74' lang='grc' dir='ltr'><strong>ἱστορίαν.</strong></span> <span class='ocrx_word' id='word_1_530' title='bbox 2459 3963 2619 4015; x_wconf 85' lang='grc' dir='ltr'><strong>Ἔστι</strong></span> <span class='ocrx_word' id='word_1_531' title='bbox 2642 3941 2699 4015; x_wconf 67' lang='grc' dir='ltr'><strong>δὲ</strong></span> <span class='ocrx_word' id='word_1_532' title='bbox 2729 3941 2913 4036; x_wconf 84' lang='grc' dir='ltr'><strong>πολλῷ</strong></span> <span class='ocrx_word' id='word_1_533' title='bbox 2948 3941 3424 4039; x_wconf 56' lang='grc' dir='ltr'><strong>πλατύτεροςποῢ</strong></span> <span class='ocrx_word' id='word_1_534' title='bbox 3458 3941 3518 4024; x_wconf 71' lang='grc' dir='ltr'><strong>τε</strong></span> <span class='ocrx_word' id='word_1_535' title='bbox 3550 3941 3745 4042; x_wconf 49' lang='lat' dir='ltr'><strong>lisqu-</strong></span> 
     </span>
    </p>
   </div>
   <div class='ocr_carea' id='block_1_80' title="bbox 476 4036 2052 4132">
    <p class='ocr_par' dir='ltr' id='par_1_80' title="bbox 476 4036 2052 4110">
     <span class='ocr_line' id='line_1_80' title="bbox 476 4036 2052 4110; baseline -0.003 -11"><span class='ocrx_word' id='word_1_536' title='bbox 476 4058 601 4099; x_wconf 91' lang='lat' dir='ltr'><strong>cum</strong></span> <span class='ocrx_word' id='word_1_537' title='bbox 637 4040 829 4096; x_wconf 88' lang='lat' dir='ltr'><strong>eadem</strong></span> <span class='ocrx_word' id='word_1_538' title='bbox 878 4038 1092 4104; x_wconf 88' lang='lat' dir='ltr'><strong>refert,</strong></span> <span class='ocrx_word' id='word_1_539' title='bbox 1139 4047 1282 4093; x_wconf 86' lang='lat' dir='ltr'><strong>utet</strong></span> <span class='ocrx_word' id='word_1_540' title='bbox 1313 4036 1581 4108; x_wconf 84' lang='lat' dir='ltr'><strong>Hesycbio</strong></span> <span class='ocrx_word' id='word_1_541' title='bbox 1633 4038 1850 4094; x_wconf 92' lang='lat' dir='ltr'><strong>illustri.</strong></span> <span class='ocrx_word' id='word_1_542' title='bbox 1906 4039 2052 4110; x_wconf 88' lang='lat' dir='ltr'><strong>Stylo</strong></span> 
     </span>
    </p>
   </div>
   <div class='ocr_carea' id='block_1_81' title="bbox 2166 4036 3746 4132">
    <p class='ocr_par' dir='ltr' id='par_1_81' title="bbox 2166 4036 3746 4132">
     <span class='ocr_line' id='line_1_81' title="bbox 2166 4036 3746 4132; baseline 0.009 -29"><span class='ocrx_word' id='word_1_543' title='bbox 2166 4051 2366 4116; x_wconf 78' lang='grc' dir='ltr'><strong>λίωνος,</strong></span> <span class='ocrx_word' id='word_1_544' title='bbox 2396 4054 2453 4106; x_wconf 80' lang='grc' dir='ltr'><strong>ὲν</strong></span> <span class='ocrx_word' id='word_1_545' title='bbox 2484 4049 2566 4117; x_wconf 76' lang='grc' dir='ltr'><strong>οἷς</strong></span> <span class='ocrx_word' id='word_1_546' title='bbox 2595 4054 2722 4120; x_wconf 84' lang='grc' dir='ltr'><strong>τοὺς</strong></span> <span class='ocrx_word' id='word_1_547' title='bbox 2751 4056 2952 4121; x_wconf 85' lang='grc' dir='ltr'><strong>αὐτοὺς</strong></span> <span class='ocrx_word' id='word_1_548' title='bbox 2983 4036 3211 4129; x_wconf 81' lang='grc' dir='ltr'><strong>χρόνους</strong></span> <span class='ocrx_word' id='word_1_549' title='bbox 3244 4061 3534 4132; x_wconf 86' lang='grc' dir='ltr'><strong>συμϐαίνει</strong></span> <span class='ocrx_word' id='word_1_550' title='bbox 3556 4036 3746 4131; x_wconf 72' lang='grc' dir='ltr'><strong>αὐτοῖς</strong></span> 
     </span>
    </p>
   </div>
   <div class='ocr_carea' id='block_1_82' title="bbox 478 4128 2052 4226">
    <p class='ocr_par' dir='ltr' id='par_1_82' title="bbox 478 4128 2052 4200">
     <span class='ocr_line' id='line_1_82' title="bbox 478 4128 2052 4200; baseline -0.001 -13"><span class='ocrx_word' id='word_1_551' title='bbox 478 4136 649 4187; x_wconf 81' lang='lat' dir='ltr'><strong>utitur</strong></span> <span class='ocrx_word' id='word_1_552' title='bbox 692 4130 1002 4200; x_wconf 87' lang='lat' dir='ltr'><strong>perspicuo,</strong></span> <span class='ocrx_word' id='word_1_553' title='bbox 1042 4144 1144 4185; x_wconf 92' lang='lat' dir='ltr'><strong>nec</strong></span> <span class='ocrx_word' id='word_1_554' title='bbox 1178 4128 1447 4197; x_wconf 70' lang='lat' dir='ltr'><strong>affectata,</strong></span> <span class='ocrx_word' id='word_1_555' title='bbox 1491 4130 1586 4185; x_wconf 87' lang='lat' dir='ltr'><strong>sed</strong></span> <span class='ocrx_word' id='word_1_556' title='bbox 1636 4130 1728 4200; x_wconf 87' lang='lat' dir='ltr'><strong>qui</strong></span> <span class='ocrx_word' id='word_1_557' title='bbox 1770 4130 2052 4185; x_wconf 88' lang='lat' dir='ltr'><strong>historiam</strong></span> 
     </span>
    </p>
   </div>
   <div class='ocr_carea' id='block_1_83' title="bbox 2166 4128 3743 4226">
    <p class='ocr_par' dir='ltr' id='par_1_83' title="bbox 2166 4128 3743 4226">
     <span class='ocr_line' id='line_1_83' title="bbox 2166 4128 3743 4226; baseline 0.011 -33"><span class='ocrx_word' id='word_1_558' title='bbox 2166 4142 2520 4213; x_wconf 69' lang='grc' dir='ltr'><strong>άναγράφειν,</strong></span> <span class='ocrx_word' id='word_1_559' title='bbox 2566 4146 2662 4199; x_wconf 76' lang='grc' dir='ltr'><strong>καὶ</strong></span> <span class='ocrx_word' id='word_1_560' title='bbox 2722 4147 2819 4201; x_wconf 85' lang='grc' dir='ltr'><strong>τοῦ</strong></span> <span class='ocrx_word' id='word_1_561' title='bbox 2860 4128 3117 4220; x_wconf 80' lang='grc' dir='ltr'><strong>Ἡσυχίου</strong></span> <span class='ocrx_word' id='word_1_562' title='bbox 3141 4151 3233 4205; x_wconf 81' lang='grc' dir='ltr'><strong>τοῦ</strong></span> <span class='ocrx_word' id='word_1_563' title='bbox 3282 4128 3647 4226; x_wconf 24' lang='grc' dir='ltr'><strong>Ἰγλλουστρίου</strong></span> <span class='ocrx_word' id='word_1_564' title='bbox 3673 4128 3743 4213; x_wconf 51' lang='grc'><strong>’⁸,</strong></span> 
     </span>
    </p>
   </div>
   <div class='ocr_carea' id='block_1_84' title="bbox 477 4216 2058 4287">
    <p class='ocr_par' dir='ltr' id='par_1_84' title="bbox 477 4216 2058 4287">
     <span class='ocr_line' id='line_1_84' title="bbox 477 4216 2058 4287; baseline 0.003 -15"><span class='ocrx_word' id='word_1_565' title='bbox 477 4220 715 4272; x_wconf 85' lang='lat' dir='ltr'><strong>maxime</strong></span> <span class='ocrx_word' id='word_1_566' title='bbox 753 4220 962 4273; x_wconf 83' lang='lat' dir='ltr'><strong>deceat.</strong></span> <span class='ocrx_word' id='word_1_567' title='bbox 1012 4216 1200 4287; x_wconf 84' lang='lat' dir='ltr'><strong>Neque</strong></span> <span class='ocrx_word' id='word_1_568' title='bbox 1241 4217 1428 4283; x_wconf 86' lang='lat' dir='ltr'><strong>etiam,</strong></span> <span class='ocrx_word' id='word_1_569' title='bbox 1467 4226 1525 4272; x_wconf 91' lang='lat' dir='ltr'><strong>ut</strong></span> <span class='ocrx_word' id='word_1_570' title='bbox 1568 4219 1649 4273; x_wconf 89' lang='lat' dir='ltr'><strong>sic</strong></span> <span class='ocrx_word' id='word_1_571' title='bbox 1676 4220 1931 4285; x_wconf 79' lang='lat' dir='ltr'><strong>dixerim,</strong></span> <span class='ocrx_word' id='word_1_572' title='bbox 1976 4222 2058 4275; x_wconf 90' lang='lat' dir='ltr'><strong>ui-</strong></span> 
     </span>
    </p>
   </div>
   <div class='ocr_carea' id='block_1_85' title="bbox 480 4308 2051 4379">
    <p class='ocr_par' dir='ltr' id='par_1_85' title="bbox 480 4308 2051 4379">
     <span class='ocr_line' id='line_1_85' title="bbox 480 4308 2051 4379; baseline -0.001 -16"><span class='ocrx_word' id='word_1_573' title='bbox 480 4310 648 4364; x_wconf 87' lang='lat' dir='ltr'><strong>mium</strong></span> <span class='ocrx_word' id='word_1_574' title='bbox 688 4309 975 4373; x_wconf 88' lang='lat' dir='ltr'><strong>atticissat,</strong></span> <span class='ocrx_word' id='word_1_575' title='bbox 1008 4318 1101 4361; x_wconf 88' lang='lat' dir='ltr'><strong>aut</strong></span> <span class='ocrx_word' id='word_1_576' title='bbox 1138 4308 1478 4377; x_wconf 88' lang='lat' dir='ltr'><strong>antiquarius</strong></span> <span class='ocrx_word' id='word_1_577' title='bbox 1507 4315 1590 4363; x_wconf 88' lang='lat' dir='ltr'><strong>est</strong></span> <span class='ocrx_word' id='word_1_578' title='bbox 1620 4323 1781 4379; x_wconf 84' lang='lat' dir='ltr'><strong>supra</strong></span> <span class='ocrx_word' id='word_1_579' title='bbox 1811 4311 2051 4375; x_wconf 89' lang='lat' dir='ltr'><strong>modum,</strong></span> 
     </span>
    </p>
   </div>
   <div class='ocr_carea' id='block_1_86' title="bbox 476 4398 2049 4470">
    <p class='ocr_par' dir='ltr' id='par_1_86' title="bbox 476 4398 2049 4470">
     <span class='ocr_line' id='line_1_86' title="bbox 476 4398 2049 4470; baseline -0.001 -15"><span class='ocrx_word' id='word_1_580' title='bbox 476 4415 651 4469; x_wconf 91' lang='lat' dir='ltr'><strong>neque</strong></span> <span class='ocrx_word' id='word_1_581' title='bbox 676 4410 867 4455; x_wconf 90' lang='lat' dir='ltr'><strong>contra</strong></span> <span class='ocrx_word' id='word_1_582' title='bbox 897 4399 964 4453; x_wconf 91' lang='lat' dir='ltr'><strong>ad</strong></span> <span class='ocrx_word' id='word_1_583' title='bbox 990 4398 1193 4453; x_wconf 89' lang='lat' dir='ltr'><strong>humile</strong></span> <span class='ocrx_word' id='word_1_584' title='bbox 1215 4399 1430 4453; x_wconf 87' lang='lat' dir='ltr'><strong>dicendi</strong></span> <span class='ocrx_word' id='word_1_585' title='bbox 1468 4414 1637 4470; x_wconf 88' lang='lat' dir='ltr'><strong>genus</strong></span> <span class='ocrx_word' id='word_1_586' title='bbox 1676 4414 1737 4456; x_wconf 89' lang='lat' dir='ltr'><strong>se</strong></span> <span class='ocrx_word' id='word_1_587' title='bbox 1760 4399 1997 4455; x_wconf 87' lang='lat' dir='ltr'><strong>demittit</strong></span> <span class='ocrx_word' id='word_1_588' title='bbox 2033 4417 2049 4454; x_wconf 91' lang='lat'><strong>:</strong></span> 
     </span>
    </p>
   </div>
   <div class='ocr_carea' id='block_1_87' title="bbox 2154 4232 3747 4316">
    <p class='ocr_par' dir='ltr' id='par_1_87' title="bbox 2154 4232 3747 4316">
     <span class='ocr_line' id='line_1_87' title="bbox 2154 4232 3747 4316; baseline 0.013 -32"><span class='ocrx_word' id='word_1_589' title='bbox 2154 4232 2438 4304; x_wconf 82' lang='grc' dir='ltr'><strong>Κέχρηται</strong></span> <span class='ocrx_word' id='word_1_590' title='bbox 2479 4235 2536 4289; x_wconf 83' lang='grc' dir='ltr'><strong>δὲ</strong></span> <span class='ocrx_word' id='word_1_591' title='bbox 2578 4238 2779 4308; x_wconf 84' lang='grc' dir='ltr'><strong>φράσει</strong></span> <span class='ocrx_word' id='word_1_592' title='bbox 2806 4244 2970 4310; x_wconf 76' lang='grc' dir='ltr'><strong>σαφεῖ</strong></span> <span class='ocrx_word' id='word_1_593' title='bbox 2996 4258 3057 4295; x_wconf 89' lang='grc' dir='ltr'><strong>τε</strong></span> <span class='ocrx_word' id='word_1_594' title='bbox 3088 4244 3183 4298; x_wconf 82' lang='grc' dir='ltr'><strong>καὶ</strong></span> <span class='ocrx_word' id='word_1_595' title='bbox 3213 4246 3445 4316; x_wconf 77' lang='grc' dir='ltr'><strong>ἀκόμψῳ</strong></span> <span class='ocrx_word' id='word_1_596' title='bbox 3474 4248 3570 4301; x_wconf 78' lang='grc' dir='ltr'><strong>καὶ</strong></span> <span class='ocrx_word' id='word_1_597' title='bbox 3596 4251 3747 4303; x_wconf 79' lang='grc' dir='ltr'><strong>ἱστο-</strong></span> 
     </span>
    </p>
   </div>
   <div class='ocr_carea' id='block_1_88' title="bbox 2157 4323 3744 4406">
    <p class='ocr_par' dir='ltr' id='par_1_88' title="bbox 2157 4323 3744 4406">
     <span class='ocr_line' id='line_1_88' title="bbox 2157 4323 3744 4406; baseline 0.012 -31"><span class='ocrx_word' id='word_1_598' title='bbox 2157 4323 2250 4394; x_wconf 81' lang='grc' dir='ltr'><strong>ρίᾳ</strong></span> <span class='ocrx_word' id='word_1_599' title='bbox 2284 4324 2521 4395; x_wconf 88' lang='grc' dir='ltr'><strong>μάλιστα</strong></span> <span class='ocrx_word' id='word_1_600' title='bbox 2564 4329 2850 4404; x_wconf 84' lang='grc' dir='ltr'><strong>πρεπούσῃ</strong></span> <span class='ocrx_word' id='word_1_601' title='bbox 2877 4372 2891 4398; x_wconf 89' lang='grc'><strong>,</strong></span> <span class='ocrx_word' id='word_1_602' title='bbox 2926 4332 3023 4385; x_wconf 79' lang='grc' dir='ltr'><strong>καὶ</strong></span> <span class='ocrx_word' id='word_1_603' title='bbox 3053 4334 3192 4405; x_wconf 86' lang='grc' dir='ltr'><strong>μήτε</strong></span> <span class='ocrx_word' id='word_1_604' title='bbox 3222 4334 3321 4399; x_wconf 79' lang='grc' dir='ltr'><strong>τὰς</strong></span> <span class='ocrx_word' id='word_1_605' title='bbox 3366 4335 3461 4406; x_wconf 88' lang='grc' dir='ltr'><strong>(ὡς</strong></span> <span class='ocrx_word' id='word_1_606' title='bbox 3493 4337 3561 4391; x_wconf 81' lang='grc' dir='ltr'><strong>ἂν</strong></span> <span class='ocrx_word' id='word_1_607' title='bbox 3594 4339 3744 4394; x_wconf 75' lang='grc' dir='ltr'><strong>εἴποι</strong></span> 
     </span>
    </p>
   </div>
   <div class='ocr_carea' id='block_1_89' title="bbox 726 4414 3745 4504">
    <p class='ocr_par' dir='ltr' id='par_1_89' title="bbox 726 4414 3745 4504">
     <span class='ocr_line' id='line_1_89' title="bbox 726 4414 3745 4504; baseline 0.005 -36"><span class='ocrx_word' id='word_1_608' title='bbox 726 4414 867 4504; x_wconf 40' lang='lat' dir='ltr'><strong>in&quot;?</strong></span> <span class='ocrx_word' id='word_1_609' title='bbox 889 4414 964 4504; x_wconf 54' lang='lat' dir='ltr'><strong>fa</strong></span> <span class='ocrx_word' id='word_1_610' title='bbox 991 4414 1193 4453; x_wconf 73' lang='grc' dir='ltr'><strong>Πυῐηηθ</strong></span> <span class='ocrx_word' id='word_1_611' title='bbox 1215 4414 1430 4504; x_wconf 43' lang='lat' dir='ltr'><strong>main“:</strong></span> <span class='ocrx_word' id='word_1_612' title='bbox 1468 4414 1637 4470; x_wconf 66' lang='lat' dir='ltr'><strong>genus</strong></span> <span class='ocrx_word' id='word_1_613' title='bbox 1676 4414 1737 4456; x_wconf 71' lang='lat' dir='ltr'><strong>se</strong></span> <span class='ocrx_word' id='word_1_614' title='bbox 1760 4414 1997 4504; x_wconf 59' lang='grc' dir='ltr'><strong>ξξθηηιῑιῑ</strong></span> <span class='ocrx_word' id='word_1_615' title='bbox 2033 4417 2049 4454; x_wconf 70' lang='grc' dir='ltr'>ε</span> <span class='ocrx_word' id='word_1_616' title='bbox 2084 4451 2128 4504; x_wconf 80' lang='lat' dir='ltr'><strong>D</strong></span> <span class='ocrx_word' id='word_1_617' title='bbox 2155 4416 2261 4478; x_wconf 89' lang='grc' dir='ltr'><strong>τις)</strong></span> <span class='ocrx_word' id='word_1_618' title='bbox 2291 4414 2411 4468; x_wconf 84' lang='grc' dir='ltr'><strong>λίαν</strong></span> <span class='ocrx_word' id='word_1_619' title='bbox 2453 4416 3040 4494; x_wconf 76' lang='grc' dir='ltr'><strong>ύπερηττικισμέναςῆ</strong></span> <span class='ocrx_word' id='word_1_620' title='bbox 3077 4425 3508 4496; x_wconf 86' lang='grc' dir='ltr'><strong>άρχαιοτρόπους</strong></span> <span class='ocrx_word' id='word_1_621' title='bbox 3526 4428 3745 4485; x_wconf 88' lang='grc' dir='ltr'><strong>διώκων</strong></span> 
     </span>
    </p>
   </div>
   <div class='ocr_carea' id='block_1_90' title="bbox 474 4489 2052 4592">
    <p class='ocr_par' dir='ltr' id='par_1_90' title="bbox 474 4489 2047 4561">
     <span class='ocr_line' id='line_1_90' title="bbox 474 4489 2047 4561; baseline 0.001 -15"><span class='ocrx_word' id='word_1_622' title='bbox 474 4492 567 4547; x_wconf 87' lang='lat' dir='ltr'><strong>sed</strong></span> <span class='ocrx_word' id='word_1_623' title='bbox 597 4492 857 4546; x_wconf 88' lang='lat' dir='ltr'><strong>mediocri</strong></span> <span class='ocrx_word' id='word_1_624' title='bbox 888 4489 1061 4545; x_wconf 84' lang='lat' dir='ltr'><strong>forma</strong></span> <span class='ocrx_word' id='word_1_625' title='bbox 1093 4491 1367 4546; x_wconf 88' lang='lat' dir='ltr'><strong>sermonis</strong></span> <span class='ocrx_word' id='word_1_626' title='bbox 1395 4490 1724 4559; x_wconf 84' lang='lat' dir='ltr'><strong>delectatur,</strong></span> <span class='ocrx_word' id='word_1_627' title='bbox 1760 4493 2047 4561; x_wconf 82' lang='lat' dir='ltr'><strong>figuratam</strong></span> 
     </span>
    </p>
   </div>
   <div class='ocr_carea' id='block_1_91' title="bbox 2166 4489 3743 4592">
    <p class='ocr_par' dir='ltr' id='par_1_91' title="bbox 2166 4489 3743 4592">
     <span class='ocr_line' id='line_1_91' title="bbox 2166 4489 3743 4592; baseline 0.013 -36"><span class='ocrx_word' id='word_1_628' title='bbox 2166 4505 2458 4572; x_wconf 80' lang='grc' dir='ltr'><strong>συντάξεις,</strong></span> <span class='ocrx_word' id='word_1_629' title='bbox 2493 4489 2634 4579; x_wconf 85' lang='grc' dir='ltr'><strong>μήτε</strong></span> <span class='ocrx_word' id='word_1_630' title='bbox 2678 4489 2831 4583; x_wconf 34' lang='grc' dir='ltr'><strong>πρὸς-</strong></span> <span class='ocrx_word' id='word_1_631' title='bbox 2862 4514 2962 4585; x_wconf 82' lang='grc' dir='ltr'><strong>τὴν</strong></span> <span class='ocrx_word' id='word_1_632' title='bbox 2992 4489 3455 4592; x_wconf 73' lang='grc' dir='ltr'><strong>καθωμιλημένην</strong></span> <span class='ocrx_word' id='word_1_633' title='bbox 3485 4489 3532 4555; x_wconf 51' lang='grc' dir='ltr'><strong>θ’</strong></span> <span class='ocrx_word' id='word_1_634' title='bbox 3565 4523 3743 4576; x_wconf 86' lang='grc' dir='ltr'><strong>νεύων</strong></span> 
     </span>
    </p>
   </div>
   <div class='ocr_carea' id='block_1_92' title="bbox 472 4581 2052 4678">
    <p class='ocr_par' dir='ltr' id='par_1_92' title="bbox 472 4581 2052 4654">
     <span class='ocr_line' id='line_1_92' title="bbox 472 4581 2052 4654; baseline -0.001 -16"><span class='ocrx_word' id='word_1_635' title='bbox 472 4584 802 4649; x_wconf 87' lang='lat' dir='ltr'><strong>orationem,</strong></span> <span class='ocrx_word' id='word_1_636' title='bbox 857 4582 1075 4651; x_wconf 89' lang='lat' dir='ltr'><strong>aliaque</strong></span> <span class='ocrx_word' id='word_1_637' title='bbox 1118 4581 1332 4649; x_wconf 81' lang='lat' dir='ltr'><strong>vitans;</strong></span> <span class='ocrx_word' id='word_1_638' title='bbox 1375 4582 1477 4637; x_wconf 88' lang='lat' dir='ltr'><strong>nisi</strong></span> <span class='ocrx_word' id='word_1_639' title='bbox 1514 4585 1659 4652; x_wconf 88' lang='lat' dir='ltr'><strong>quod</strong></span> <span class='ocrx_word' id='word_1_640' title='bbox 1702 4585 1770 4639; x_wconf 89' lang='lat' dir='ltr'><strong>de</strong></span> <span class='ocrx_word' id='word_1_641' title='bbox 1814 4585 2052 4654; x_wconf 87' lang='lat' dir='ltr'><strong>gentium</strong></span> 
     </span>
    </p>
   </div>
   <div class='ocr_carea' id='block_1_93' title="bbox 2166 4581 3743 4678">
    <p class='ocr_par' dir='ltr' id='par_1_93' title="bbox 2166 4581 3743 4678">
     <span class='ocr_line' id='line_1_93' title="bbox 2166 4581 3743 4678; baseline 0.011 -33"><span class='ocrx_word' id='word_1_642' title='bbox 2166 4594 2469 4660; x_wconf 77' lang='grc' dir='ltr'><strong>παντελῶς,</strong></span> <span class='ocrx_word' id='word_1_643' title='bbox 2524 4597 2661 4651; x_wconf 82' lang='grc' dir='ltr'><strong>ἀλλὰ</strong></span> <span class='ocrx_word' id='word_1_644' title='bbox 2834 4581 2984 4673; x_wconf 79' lang='grc' dir='ltr'><strong>μέσῳ</strong></span> <span class='ocrx_word' id='word_1_645' title='bbox 3027 4581 3161 4657; x_wconf 34' lang='grc' dir='ltr'><strong>τῶν,</strong></span> <span class='ocrx_word' id='word_1_646' title='bbox 3199 4581 3373 4672; x_wconf 68' lang='grc' dir='ltr'><strong>λόγων</strong></span> <span class='ocrx_word' id='word_1_647' title='bbox 3407 4581 3743 4678; x_wconf 57' lang='grc' dir='ltr'><strong>’χαρακτῆρι</strong></span> 
     </span>
    </p>
   </div>
   <div class='ocr_carea' id='block_1_94' title="bbox 474 4651 2052 4765">
    <p class='ocr_par' dir='ltr' id='par_1_94' title="bbox 474 4651 2052 4742">
     <span class='ocr_line' id='line_1_94' title="bbox 474 4651 2052 4742; baseline 0.001 -12"><span class='ocrx_word' id='word_1_648' title='bbox 474 4676 599 4737; x_wconf 88' lang='lat' dir='ltr'><strong>diis,</strong></span> <span class='ocrx_word' id='word_1_649' title='bbox 634 4684 688 4729; x_wconf 92' lang='lat' dir='ltr'><strong>et</strong></span> <span class='ocrx_word' id='word_1_650' title='bbox 725 4675 1005 4740; x_wconf 87' lang='lat' dir='ltr'><strong>heroibus,</strong></span> <span class='ocrx_word' id='word_1_651' title='bbox 1043 4684 1331 4742; x_wconf 87' lang='lat' dir='ltr'><strong>poetarum</strong></span> <span class='ocrx_word' id='word_1_652' title='bbox 1363 4651 1541 4740; x_wconf 87' lang='lat' dir='ltr'><strong>more,</strong></span> <span class='ocrx_word' id='word_1_653' title='bbox 1565 4651 1858 4731; x_wconf 74' lang='lat' dir='ltr'><strong>fabulatur.</strong></span> <span class='ocrx_word' id='word_1_654' title='bbox 1897 4676 2052 4731; x_wconf 90' lang='lat' dir='ltr'><strong>Ducit</strong></span> 
     </span>
    </p>
   </div>
   <div class='ocr_carea' id='block_1_95' title="bbox 2166 4651 3743 4765">
    <p class='ocr_par' dir='ltr' id='par_1_95' title="bbox 2166 4651 3743 4765">
     <span class='ocr_line' id='line_1_95' title="bbox 2166 4651 3743 4765; baseline 0.01 -29"><span class='ocrx_word' id='word_1_655' title='bbox 2166 4685 2377 4756; x_wconf 74' lang='grc' dir='ltr'><strong>(αίρων,</strong></span> <span class='ocrx_word' id='word_1_656' title='bbox 2431 4689 2649 4758; x_wconf 86' lang='grc' dir='ltr'><strong>φεύγων</strong></span> <span class='ocrx_word' id='word_1_657' title='bbox 2709 4709 2768 4745; x_wconf 89' lang='grc' dir='ltr'><strong>τε</strong></span> <span class='ocrx_word' id='word_1_658' title='bbox 2819 4651 3027 4763; x_wconf 58' lang='grc' dir='ltr'><strong>τροπΤὰς</strong></span> <span class='ocrx_word' id='word_1_659' title='bbox 3064 4697 3160 4748; x_wconf 76' lang='grc' dir='ltr'><strong>καὶ</strong></span> <span class='ocrx_word' id='word_1_660' title='bbox 3217 4651 3601 4765; x_wconf 54' lang='grc' dir='ltr'><strong>τέλλα,Λπλὴν</strong></span> <span class='ocrx_word' id='word_1_661' title='bbox 3628 4651 3743 4751; x_wconf 46' lang='grc' dir='ltr'><strong>τίὲν</strong></span> 
     </span>
    </p>
   </div>
   <div class='ocr_carea' id='block_1_96' title="bbox 474 4765 2052 4858">
    <p class='ocr_par' dir='ltr' id='par_1_96' title="bbox 474 4765 2052 4839">
     <span class='ocr_line' id='line_1_96' title="bbox 474 4765 2052 4839; baseline 0.001 -18"><span class='ocrx_word' id='word_1_662' title='bbox 474 4766 715 4821; x_wconf 84' lang='lat' dir='ltr'><strong>historiae</strong></span> <span class='ocrx_word' id='word_1_663' title='bbox 744 4767 958 4822; x_wconf 84' lang='lat' dir='ltr'><strong>initium</strong></span> <span class='ocrx_word' id='word_1_664' title='bbox 983 4765 1373 4833; x_wconf 65' lang='lat' dir='ltr'><strong>aGraecorum,</strong></span> <span class='ocrx_word' id='word_1_665' title='bbox 1405 4767 1882 4839; x_wconf 88' lang='lat' dir='ltr'><strong>Barbarorumque</strong></span> <span class='ocrx_word' id='word_1_666' title='bbox 1901 4770 2052 4823; x_wconf 81' lang='lat' dir='ltr'><strong>fabu-</strong></span> 
     </span>
    </p>
   </div>
   <div class='ocr_carea' id='block_1_97' title="bbox 2166 4765 3740 4858">
    <p class='ocr_par' dir='ltr' id='par_1_97' title="bbox 2166 4778 3740 4858">
     <span class='ocr_line' id='line_1_97' title="bbox 2166 4778 3740 4858; baseline 0.01 -30"><span class='ocrx_word' id='word_1_667' title='bbox 2166 4778 2281 4849; x_wconf 79' lang='lat' dir='ltr'><strong>rrap‘</strong></span> <span class='ocrx_word' id='word_1_668' title='bbox 2310 4779 2536 4852; x_wconf 85' lang='grc' dir='ltr'><strong>Ἕλλησι</strong></span> <span class='ocrx_word' id='word_1_669' title='bbox 2586 4784 3067 4853; x_wconf 83' lang='grc' dir='ltr'><strong>μυθολογουμένων</strong></span> <span class='ocrx_word' id='word_1_670' title='bbox 3112 4788 3251 4842; x_wconf 85' lang='grc' dir='ltr'><strong>θεῶν</strong></span> <span class='ocrx_word' id='word_1_671' title='bbox 3292 4804 3351 4841; x_wconf 86' lang='grc' dir='ltr'><strong>τε</strong></span> <span class='ocrx_word' id='word_1_672' title='bbox 3388 4789 3483 4842; x_wconf 76' lang='grc' dir='ltr'><strong>καὶ</strong></span> <span class='ocrx_word' id='word_1_673' title='bbox 3515 4787 3740 4858; x_wconf 77' lang='grc' dir='ltr'><strong>ἡρώων,</strong></span> 
     </span>
    </p>
   </div>
   <div class='ocr_carea' id='block_1_98' title="bbox 475 4856 2052 4949">
    <p class='ocr_par' dir='ltr' id='par_1_98' title="bbox 475 4856 2047 4929">
     <span class='ocr_line' id='line_1_98' title="bbox 475 4856 2047 4929; baseline 0.003 -21"><span class='ocrx_word' id='word_1_674' title='bbox 475 4856 606 4912; x_wconf 86' lang='lat' dir='ltr'><strong>losis</strong></span> <span class='ocrx_word' id='word_1_675' title='bbox 652 4858 985 4928; x_wconf 88' lang='lat' dir='ltr'><strong>temporibus</strong></span> <span class='ocrx_word' id='word_1_676' title='bbox 1009 4898 1025 4926; x_wconf 98' lang='lat'><strong>,</strong></span> <span class='ocrx_word' id='word_1_677' title='bbox 1052 4860 1336 4929; x_wconf 76' lang='lat' dir='ltr'><strong>pergitque</strong></span> <span class='ocrx_word' id='word_1_678' title='bbox 1376 4859 1443 4913; x_wconf 87' lang='lat' dir='ltr'><strong>ad</strong></span> <span class='ocrx_word' id='word_1_679' title='bbox 1490 4859 1801 4914; x_wconf 84' lang='lat' dir='ltr'><strong>inchoatum</strong></span> <span class='ocrx_word' id='word_1_680' title='bbox 1826 4860 2047 4926; x_wconf 87' lang='lat' dir='ltr'><strong>bellum,</strong></span> 
     </span>
    </p>
   </div>
   <div class='ocr_carea' id='block_1_99' title="bbox 2166 4856 3743 4949">
    <p class='ocr_par' dir='ltr' id='par_1_99' title="bbox 2166 4856 3743 4949">
     <span class='ocr_line' id='line_1_99' title="bbox 2166 4856 3743 4949; baseline 0.007 -28"><span class='ocrx_word' id='word_1_681' title='bbox 2166 4869 2254 4922; x_wconf 84' lang='grc' dir='ltr'><strong>5σα</strong></span> <span class='ocrx_word' id='word_1_682' title='bbox 2285 4870 2346 4924; x_wconf 81' lang='grc' dir='ltr'><strong>τὸ</strong></span> <span class='ocrx_word' id='word_1_683' title='bbox 2369 4874 2653 4944; x_wconf 83' lang='grc' dir='ltr'><strong>ποιητικὸν</strong></span> <span class='ocrx_word' id='word_1_684' title='bbox 2701 4875 2823 4941; x_wconf 73' lang='grc' dir='ltr'><strong>ἔθος</strong></span> <span class='ocrx_word' id='word_1_685' title='bbox 2850 4877 2899 4910; x_wconf 68' lang='grc'><strong>’⁸</strong></span> <span class='ocrx_word' id='word_1_686' title='bbox 2923 4878 3167 4948; x_wconf 87' lang='grc' dir='ltr'><strong>νέμεται.</strong></span> <span class='ocrx_word' id='word_1_687' title='bbox 3203 4880 3464 4949; x_wconf 81' lang='grc' dir='ltr'><strong>Ἀρχεται</strong></span> <span class='ocrx_word' id='word_1_688' title='bbox 3507 4856 3609 4947; x_wconf 68' lang='grc' dir='ltr'><strong>μέν</strong></span> <span class='ocrx_word' id='word_1_689' title='bbox 3645 4876 3743 4932; x_wconf 78' lang='grc' dir='ltr'><strong>οὖν</strong></span> 
     </span>
    </p>
   </div>
   <div class='ocr_carea' id='block_1_100' title="bbox 474 4946 2052 5041">
    <p class='ocr_par' dir='ltr' id='par_1_100' title="bbox 474 4946 2046 5021">
     <span class='ocr_line' id='line_1_100' title="bbox 474 4946 2046 5021; baseline 0.006 -22"><span class='ocrx_word' id='word_1_690' title='bbox 474 4953 616 5015; x_wconf 83' lang='lat' dir='ltr'><strong>quod</strong></span> <span class='ocrx_word' id='word_1_691' title='bbox 644 4963 768 5002; x_wconf 89' lang='lat' dir='ltr'><strong>cum</strong></span> <span class='ocrx_word' id='word_1_692' title='bbox 810 4946 980 5003; x_wconf 85' lang='lat' dir='ltr'><strong>Gallis</strong></span> <span class='ocrx_word' id='word_1_693' title='bbox 1006 4948 1238 5003; x_wconf 82' lang='lat' dir='ltr'><strong>Romani</strong></span> <span class='ocrx_word' id='word_1_694' title='bbox 1268 4963 1488 5020; x_wconf 80' lang='lat' dir='ltr'><strong>gessere</strong></span> <span class='ocrx_word' id='word_1_695' title='bbox 1516 4967 1530 5004; x_wconf 93' lang='lat'><strong>:</strong></span> <span class='ocrx_word' id='word_1_696' title='bbox 1563 4965 1669 5019; x_wconf 90' lang='lat' dir='ltr'><strong>qua</strong></span> <span class='ocrx_word' id='word_1_697' title='bbox 1725 4959 2046 5021; x_wconf 86' lang='lat' dir='ltr'><strong>tempestate</strong></span> 
     </span>
    </p>
   </div>
   <div class='ocr_carea' id='block_1_101' title="bbox 2166 4946 3744 5041">
    <p class='ocr_par' dir='ltr' id='par_1_101' title="bbox 2166 4946 3744 5041">
     <span class='ocr_line' id='line_1_101' title="bbox 2166 4946 3744 5041; baseline -0.001 -17"><span class='ocrx_word' id='word_1_698' title='bbox 2166 4961 2256 5032; x_wconf 79' lang='grc' dir='ltr'><strong>τῆς</strong></span> <span class='ocrx_word' id='word_1_699' title='bbox 2296 4963 2538 5035; x_wconf 75' lang='grc' dir='ltr'><strong>ἱστορίας</strong></span> <span class='ocrx_word' id='word_1_700' title='bbox 2564 4967 2673 5020; x_wconf 81' lang='grc' dir='ltr'><strong>ἀπὸ</strong></span> <span class='ocrx_word' id='word_1_701' title='bbox 2700 4968 2809 5021; x_wconf 86' lang='grc' dir='ltr'><strong>τῶν</strong></span> <span class='ocrx_word' id='word_1_702' title='bbox 2831 4946 3320 5039; x_wconf 79' lang='grc' dir='ltr'><strong>μυθολογουμένων</strong></span> <span class='ocrx_word' id='word_1_703' title='bbox 3336 4946 3477 5041; x_wconf 86' lang='grc' dir='ltr'><strong>παρ’</strong></span> <span class='ocrx_word' id='word_1_704' title='bbox 3509 4946 3744 5039; x_wconf 75' lang='grc' dir='ltr'><strong>Ἕλλησι</strong></span> 
     </span>
    </p>
   </div>
   <div class='ocr_carea' id='block_1_102' title="bbox 472 5037 2052 5134">
    <p class='ocr_par' dir='ltr' id='par_1_102' title="bbox 472 5037 2046 5113">
     <span class='ocr_line' id='line_1_102' title="bbox 472 5037 2046 5113; baseline 0.001 -18"><span class='ocrx_word' id='word_1_705' title='bbox 472 5039 533 5095; x_wconf 90' lang='lat' dir='ltr'><strong>C.</strong></span> <span class='ocrx_word' id='word_1_706' title='bbox 569 5037 744 5095; x_wconf 89' lang='lat' dir='ltr'><strong>Julius</strong></span> <span class='ocrx_word' id='word_1_707' title='bbox 764 5039 950 5095; x_wconf 65' lang='lat' dir='ltr'><strong>Caesar</strong></span> <span class='ocrx_word' id='word_1_708' title='bbox 982 5039 1096 5112; x_wconf 90' lang='lat' dir='ltr'><strong>(cui</strong></span> <span class='ocrx_word' id='word_1_709' title='bbox 1121 5042 1192 5096; x_wconf 91' lang='lat' dir='ltr'><strong>ob</strong></span> <span class='ocrx_word' id='word_1_710' title='bbox 1229 5056 1317 5096; x_wconf 81' lang='lat' dir='ltr'><strong>res</strong></span> <span class='ocrx_word' id='word_1_711' title='bbox 1345 5053 1524 5113; x_wconf 85' lang='lat' dir='ltr'><strong>gestas</strong></span> <span class='ocrx_word' id='word_1_712' title='bbox 1556 5041 1673 5097; x_wconf 85' lang='lat' dir='ltr'><strong>Divi</strong></span> <span class='ocrx_word' id='word_1_713' title='bbox 1718 5058 2046 5113; x_wconf 81' lang='lat' dir='ltr'><strong>cognomen-</strong></span> 
     </span>
    </p>
   </div>
   <div class='ocr_carea' id='block_1_103' title="bbox 2166 5037 3745 5134">
    <p class='ocr_par' dir='ltr' id='par_1_103' title="bbox 2166 5037 3745 5134">
     <span class='ocr_line' id='line_1_103' title="bbox 2166 5037 3745 5134; baseline 0.003 -27"><span class='ocrx_word' id='word_1_714' title='bbox 2166 5054 2249 5106; x_wconf 73' lang='grc' dir='ltr'><strong>καὶ</strong></span> <span class='ocrx_word' id='word_1_715' title='bbox 2276 5054 2592 5127; x_wconf 87' lang='grc' dir='ltr'><strong>βαρϐάροις,</strong></span> <span class='ocrx_word' id='word_1_716' title='bbox 2629 5058 2758 5128; x_wconf 77' lang='grc' dir='ltr'><strong>ἑξῆς</strong></span> <span class='ocrx_word' id='word_1_717' title='bbox 2780 5037 2930 5114; x_wconf 87' lang='grc' dir='ltr'><strong>διιὼν</strong></span> <span class='ocrx_word' id='word_1_718' title='bbox 2978 5037 3150 5133; x_wconf 64' lang='grc' dir='ltr'><strong>μέχρι⁷</strong></span> <span class='ocrx_word' id='word_1_719' title='bbox 3175 5063 3274 5134; x_wconf 86' lang='grc' dir='ltr'><strong>τῆς</strong></span> <span class='ocrx_word' id='word_1_720' title='bbox 3309 5037 3484 5133; x_wconf 58' lang='grc' dir='ltr'><strong>ἀρχῆς</strong></span> <span class='ocrx_word' id='word_1_721' title='bbox 3516 5061 3611 5115; x_wconf 83' lang='grc' dir='ltr'><strong>τοῦ</strong></span> <span class='ocrx_word' id='word_1_722' title='bbox 3648 5037 3745 5113; x_wconf 81' lang='grc' dir='ltr'><strong>συ-</strong></span> 
     </span>
    </p>
   </div>
   <div class='ocr_carea' id='block_1_104' title="bbox 476 5118 2052 5221">
    <p class='ocr_par' dir='ltr' id='par_1_104' title="bbox 476 5128 2046 5204">
     <span class='ocr_line' id='line_1_104' title="bbox 476 5128 2046 5204; baseline 0.005 -21"><span class='ocrx_word' id='word_1_723' title='bbox 476 5138 587 5185; x_wconf 87' lang='lat' dir='ltr'><strong>tum</strong></span> <span class='ocrx_word' id='word_1_724' title='bbox 623 5130 880 5187; x_wconf 88' lang='lat' dir='ltr'><strong>addidere</strong></span> <span class='ocrx_word' id='word_1_725' title='bbox 918 5128 1172 5200; x_wconf 85' lang='lat' dir='ltr'><strong>Romani)</strong></span> <span class='ocrx_word' id='word_1_726' title='bbox 1205 5133 1490 5203; x_wconf 88' lang='lat' dir='ltr'><strong>plurimas,</strong></span> <span class='ocrx_word' id='word_1_727' title='bbox 1517 5132 1863 5204; x_wconf 77' lang='lat' dir='ltr'><strong>maximeque</strong></span> <span class='ocrx_word' id='word_1_728' title='bbox 1894 5136 2046 5191; x_wconf 67' lang='lat' dir='ltr'><strong>bulli-</strong></span> 
     </span>
    </p>
   </div>
   <div class='ocr_carea' id='block_1_105' title="bbox 2166 5118 3745 5221">
    <p class='ocr_par' dir='ltr' id='par_1_105' title="bbox 2166 5118 3745 5221">
     <span class='ocr_line' id='line_1_105' title="bbox 2166 5118 3745 5221; baseline 0.005 -25"><span class='ocrx_word' id='word_1_729' title='bbox 2166 5145 2378 5209; x_wconf 68' lang='grc' dir='ltr'><strong>στάντος</strong></span> <span class='ocrx_word' id='word_1_730' title='bbox 2401 5148 2642 5220; x_wconf 83' lang='grc' dir='ltr'><strong>πολέμου</strong></span> <span class='ocrx_word' id='word_1_731' title='bbox 2686 5150 2980 5221; x_wconf 80' lang='grc' dir='ltr'><strong>Ῥωμαίοις</strong></span> <span class='ocrx_word' id='word_1_732' title='bbox 3004 5169 3062 5206; x_wconf 88' lang='grc' dir='ltr'><strong>τε</strong></span> <span class='ocrx_word' id='word_1_733' title='bbox 3088 5118 3194 5207; x_wconf 45' lang='grc' dir='ltr'><strong>’καὶ</strong></span> <span class='ocrx_word' id='word_1_734' title='bbox 3230 5118 3462 5216; x_wconf 53' lang='grc' dir='ltr'><strong>’Κελτοῖς</strong></span> <span class='ocrx_word' id='word_1_735' title='bbox 3483 5193 3499 5219; x_wconf 93' lang='grc'><strong>,</strong></span> <span class='ocrx_word' id='word_1_736' title='bbox 3534 5151 3659 5206; x_wconf 87' lang='grc' dir='ltr'><strong>καθ’</strong></span> <span class='ocrx_word' id='word_1_737' title='bbox 3681 5149 3745 5204; x_wconf 80' lang='grc' dir='ltr'><strong>ὃν</strong></span> 
     </span>
    </p>
   </div>
   <div class='ocr_carea' id='block_1_106' title="bbox 1730 5223 2429 5293">
    <p class='ocr_par' dir='ltr' id='par_1_106' title="bbox 1730 5223 2429 5293">
     <span class='ocr_line' id='line_1_106' title="bbox 1730 5223 2429 5293; baseline 0.017 -12"><span class='ocrx_word' id='word_1_738' title='bbox 1730 5223 1966 5282; x_wconf 76' lang='lat' dir='ltr'><strong>VARUE</strong></span> <span class='ocrx_word' id='word_1_739' title='bbox 2022 5228 2429 5293; x_wconf 76' lang='lat' dir='ltr'><strong>LECTIONES.</strong></span> 
     </span>
    </p>
   </div>
   <div class='ocr_carea' id='block_1_107' title="bbox 478 5309 3744 5411">
    <p class='ocr_par' dir='ltr' id='par_1_107' title="bbox 478 5309 3744 5411">
     <span class='ocr_line' id='line_1_107' title="bbox 478 5309 3744 5411; baseline 0 0"><span class='ocrx_word' id='word_1_740' title='bbox 478 5309 1966 5411; x_wconf 42' lang='grc' dir='ltr'><strong>τ,ῗῗέξῐτυὶδτες.Α;...εῙῖτιτιὲεδξ]μ’]ταὲἱςικξειὶὶσκθξε,,</strong></span> <span class='ocrx_word' id='word_1_741' title='bbox 2026 5322 2893 5411; x_wconf 46' lang='lat' dir='ltr'><strong>“manners;--&#39;:_a:1-xqr</strong></span> <span class='ocrx_word' id='word_1_742' title='bbox 2935 5339 3037 5405; x_wconf 77' lang='grc' dir='ltr'><strong>τῆς</strong></span> <span class='ocrx_word' id='word_1_743' title='bbox 3065 5355 3126 5403; x_wconf 69' lang='grc' dir='ltr'><strong>ς.</strong></span> <span class='ocrx_word' id='word_1_744' title='bbox 3206 5334 3405 5411; x_wconf 54' lang='lat' dir='ltr'><strong>aer</strong></span> <span class='ocrx_word' id='word_1_745' title='bbox 3543 5339 3645 5411; x_wconf 58' lang='grc' dir='ltr'><strong>και</strong></span> <span class='ocrx_word' id='word_1_746' title='bbox 3677 5353 3744 5411; x_wconf 83' lang='grc' dir='ltr'><strong>ς-</strong></span> 
     </span>
    </p>
   </div>
   <div class='ocr_carea' id='block_1_108' title="bbox 477 5381 3739 5481">
    <p class='ocr_par' dir='ltr' id='par_1_108' title="bbox 477 5381 3739 5481">
     <span class='ocr_line' id='line_1_108' title="bbox 477 5381 3739 5481; baseline 0.001 0"><span class='ocrx_word' id='word_1_747' title='bbox 477 5381 521 5481; x_wconf 73' lang='lat'><strong>3:</strong></span> <span class='ocrx_word' id='word_1_748' title='bbox 550 5381 1139 5481; x_wconf 53' lang='lat' dir='ltr'><strong>&amp;§:?3..E;.-TT.I:YP:1</strong></span> <span class='ocrx_word' id='word_1_749' title='bbox 1186 5381 1446 5481; x_wconf 56' lang='lat' dir='ltr'><strong>“mea:</strong></span> <span class='ocrx_word' id='word_1_750' title='bbox 1471 5385 1775 5481; x_wconf 59' lang='lat' dir='ltr'><strong>L‘iéE&#39;l‘it&#39;I&#39;l</strong></span> <span class='ocrx_word' id='word_1_751' title='bbox 1801 5381 2457 5481; x_wconf 52' lang='grc' dir='ltr'><strong>Ἐβιέἶθεμῖἶάνεῗνῖδσθῆ</strong></span> <span class='ocrx_word' id='word_1_752' title='bbox 2512 5381 2887 5470; x_wconf 45' lang='lat' dir='ltr'><strong>Mucianus.</strong></span> <span class='ocrx_word' id='word_1_753' title='bbox 3239 5408 3285 5440; x_wconf 69' lang='grc' dir='ltr'><strong>τι</strong></span> <span class='ocrx_word' id='word_1_754' title='bbox 3315 5381 3620 5478; x_wconf 70' lang='grc' dir='ltr'><strong>ελοὶιστρίου</strong></span> <span class='ocrx_word' id='word_1_755' title='bbox 3670 5381 3739 5460; x_wconf 64' lang='lat'><strong>3-</strong></span> 
     </span>
    </p>
   </div>
   <div class='ocr_carea' id='block_1_109' title="bbox 552 5452 2261 5526">
    <p class='ocr_par' dir='ltr' id='par_1_109' title="bbox 552 5452 2261 5526">
     <span class='ocr_line' id='line_1_109' title="bbox 552 5452 2261 5526; baseline 0.009 -22"><span class='ocrx_word' id='word_1_756' title='bbox 552 5452 1049 5525; x_wconf 83' lang='grc' dir='ltr'><strong>καθωμαλισμένην</strong></span> <span class='ocrx_word' id='word_1_757' title='bbox 1076 5452 1139 5519; x_wconf 52' lang='lat' dir='ltr'><strong>gi</strong></span> <span class='ocrx_word' id='word_1_758' title='bbox 1212 5454 1256 5485; x_wconf 84' lang='lat'><strong>&quot;</strong></span> <span class='ocrx_word' id='word_1_759' title='bbox 1293 5453 1446 5519; x_wconf 76' lang='grc' dir='ltr'><strong>ἔθνος</strong></span> <span class='ocrx_word' id='word_1_760' title='bbox 1471 5452 1777 5526; x_wconf 75' lang='lat' dir='ltr'><strong>Stephanus</strong></span> <span class='ocrx_word' id='word_1_761' title='bbox 1799 5452 1857 5512; x_wconf 77' lang='lat' dir='ltr'><strong>et</strong></span> <span class='ocrx_word' id='word_1_762' title='bbox 1886 5452 2261 5521; x_wconf 62' lang='lat' dir='ltr'><strong>Casau&#39;mnus:</strong></span> 
     </span>
    </p>
   </div>
   <div class='ocr_carea' id='block_1_110' title="bbox 1962 5553 2196 5615">
    <p class='ocr_par' dir='ltr' id='par_1_110' title="bbox 1962 5553 2196 5615">
     <span class='ocr_line' id='line_1_110' title="bbox 1962 5553 2196 5615; baseline 0.026 -6"><span class='ocrx_word' id='word_1_763' title='bbox 1962 5553 2196 5615; x_wconf 64' lang='lat' dir='ltr'><strong>NOTAE.</strong></span> 
     </span>
    </p>
   </div>
   <div class='ocr_carea' id='block_1_111' title="bbox 541 5626 3035 5783">
    <p class='ocr_par' dir='ltr' id='par_1_111' title="bbox 541 5626 3035 5783">
     <span class='ocr_line' id='line_1_111' title="bbox 541 5626 3035 5736; baseline 0.014 -47"><span class='ocrx_word' id='word_1_764' title='bbox 541 5636 654 5718; x_wconf 55' lang='grc' dir='ltr'><strong>(ϐξ)</strong></span> <span class='ocrx_word' id='word_1_765' title='bbox 680 5639 930 5727; x_wconf 59' lang='grc' dir='ltr'><strong>Ιζοςιεεεε</strong></span> <span class='ocrx_word' id='word_1_766' title='bbox 957 5641 1026 5696; x_wconf 89' lang='lat' dir='ltr'><strong>ob</strong></span> <span class='ocrx_word' id='word_1_767' title='bbox 1045 5641 1474 5732; x_wconf 71' lang='lat' dir='ltr'><strong>Chrysargyron,</strong></span> <span class='ocrx_word' id='word_1_768' title='bbox 1507 5645 1694 5701; x_wconf 89' lang='lat' dir='ltr'><strong>tributi</strong></span> <span class='ocrx_word' id='word_1_769' title='bbox 1731 5663 1921 5729; x_wconf 79' lang='lat' dir='ltr'><strong>genus,</strong></span> <span class='ocrx_word' id='word_1_770' title='bbox 1949 5626 2247 5728; x_wconf 70' lang='lat' dir='ltr'><strong>sublatum,</strong></span> <span class='ocrx_word' id='word_1_771' title='bbox 2273 5661 2473 5736; x_wconf 77' lang='lat' dir='ltr'><strong>alioqui</strong></span> <span class='ocrx_word' id='word_1_772' title='bbox 2509 5665 2733 5723; x_wconf 88' lang='lat' dir='ltr'><strong>minime</strong></span> <span class='ocrx_word' id='word_1_773' title='bbox 2764 5667 3035 5724; x_wconf 87' lang='lat' dir='ltr'><strong>militaris.</strong></span> 
     </span>
     <span class='ocr_line' id='line_1_112' title="bbox 543 5707 1822 5783; baseline 0.011 -22"><span class='ocrx_word' id='word_1_774' title='bbox 543 5707 655 5779; x_wconf 77' lang='lat'><strong>(65)</strong></span> <span class='ocrx_word' id='word_1_775' title='bbox 682 5712 850 5782; x_wconf 56' lang='lat' dir='ltr'><strong>huius</strong></span> <span class='ocrx_word' id='word_1_776' title='bbox 880 5711 1027 5770; x_wconf 83' lang='lat' dir='ltr'><strong>nulla</strong></span> <span class='ocrx_word' id='word_1_777' title='bbox 1056 5724 1143 5769; x_wconf 89' lang='lat' dir='ltr'><strong>est</strong></span> <span class='ocrx_word' id='word_1_778' title='bbox 1168 5716 1309 5783; x_wconf 87' lang='lat' dir='ltr'><strong>apud</strong></span> <span class='ocrx_word' id='word_1_779' title='bbox 1336 5717 1560 5774; x_wconf 69' lang='lat' dir='ltr'><strong>butdam</strong></span> <span class='ocrx_word' id='word_1_780' title='bbox 1595 5729 1822 5775; x_wconf 76' lang='lat' dir='ltr'><strong>mentio.</strong></span> 
     </span>
    </p>
   </div>
  </div>
