3980 6234
364 206 460 273 171

1540 167 1810 267 PHO'l‘II
1851 200 2359 263 PATRIAIlCHzE
2397 201 2507 260 cr.

3543 190 3652 259 172-

427 319 607 376 Patria
651 317 727 376 illi
763 317 940 374 Nicaea
985 317 1256 392 Bithynia:
1288 335 1301 389 :
1336 331 1498 387 quam
1539 331 1606 369 ex
1643 323 1798 386 parte
1850 327 1948 383 pa-

2071 310 2223 380 Ἐσχε
2251 309 2309 363 δὲ
2338 309 2572 382 πατρίδα
2618 309 2718 376 τὴν
2757 310 2813 364 ἐν
2836 308 3058 381 Βιθυνίᾳ
3103 307 3359 374 Νίκαιαν,
3386 309 3454 382 ῆν
3495 311 3640 365 κατὰ

358 413 465 480 lus,
497 413 736 469 Ascania
763 413 934 480 dicta,
965 412 1298 468 circumluit.
1343 408 1579 464 Grandis
1604 407 1721 478 ejus
1751 418 1954 470 sermo,

365 516 423 560 et
447 507 707 575 tumidus,
735 521 800 562 eo
832 501 1189 576 quod'rerum
1223 503 1524 574 ingentium
1550 515 1710 558 sensa
1741 497 1954 553 all’erat.

362 596 580 652 Veteris
645 599 775 654 item
835 599 940 669 ipsi
997 595 1424 654 constructionis
1479 606 1665 649 sermo
1717 591 1955 660 plenus,

361 690 783 761 verborumque.
813 707 934 761 qua:
958 705 1138 746 rerum
1174 687 1533 759 magnitudini
1566 685 1955 756 respondeant.

366 783 586 842 Periodi
638 784 1055 854 parentltesihus
1102 781 1369 851 trajectus,
1419 788 1475 835 et
1527 779 1956 849 hyperbatorum

363 889 710 952 Opportmtus
774 891 926 931 usus.
992 874 1218 930 Numeri
1272 887 1459 942 porro,
1530 880 1588 927 et
1652 869 1955 934 intercisio,

367 974 470 1029 etsi
500 979 751 1025 accurate
799 967 1071 1025 adhibita.
1111 966 1183 1021 ob
1215 965 1486 1021 orationis
1533 973 1713 1020 tamen
1750 961 1960 1032 perspi-

367 1065 645 1124 cuitatem,
678 1059 856 1114 obiter
887 1056 1194 1127 legentibus
1230 1071 1333 1110 non
1363 1063 1490 1109 suttt
1527 1051 1839 1107 manifesta.
1900 1049 1955 1105 ln

369 1151 773 1210 narrationibus
805 1158 1068 1217 prseterea
1115 1156 1170 1200 et
1198 1143 1580 1204 concionihus,
1622 1139 1956 1211 Thucydidis

369 1244 603 1294 maxime
633 1248 719 1293 est
759 1236 1023 1303 annulus;
1069 1235 1171 1290 nisi
1204 1234 1348 1304 quod
1395 1231 1462 1287 ad
1513 1230 1954 1301 perspicuitatem

369 1334 543 1402 magis
588 1331 811 1386 tendit:
855 1338 1051 1384 caetera
1105 1327 1218 1380 fere
1265 1324 1611 1394 Thucydides
1661 1322 1733 1374 illi
1767 1335 1954 1374 norma

369 1433 452 1479 est
483 1438 546 1478 ac
582 1422 787 1493 regula.

1056 1601 1267 1658 LXXII.

477 1699 666 1755 Clesiw
706 1696 886 1753 Cnidii
924 1694 1267 1750 Persicorum
1309 1710 1486 1748 rerum
1523 1692 1652 1747 libri
1689 1706 1845 1746 xxm.

441 1791 603 1844 Lecta
630 1788 825 1844 Ctesias
857 1787 1040 1842 Cnidii
1090 1783 1332 1852 Persica,
1382 1786 1435 1838 in
1469 1785 1639 1839 libros
1667 1782 1955 1838 distributa

373 1892 486 1936 tres
523 1894 689 1949 supra
736 1877 956 1947 viginti.
1015 1877 1269 1931 Attamen
1322 1875 1594 1946 prioribus
1647 1887 1747 1929 sex
1807 1872 1961 1928 libris

371 1969 722 2040 Assyriorum
761 1982 873 2030 res,
898 1976 955 2021 et
983 1981 1324 2036 quacunque
1355 1963 1633 2019 Persicum
1669 1961 1958 2033 imperium

370 2063 805 2122 antecesserunt,
870 2054 1228 2123 complexus,
1301 2070 1406 2108 non
1469 2053 1572 2108 nisi
1628 2068 1658 2107 ι’.
1729 2053 1960 2122 septimo

375 2151 633 2220 deinceps
697 2162 785 2203 res
820 2146 1066 2202 Persicas
1119 2162 1341 2202 narrare
1381 2146 1576 2217 pergit.
1619 2145 1744 2216 Ipso
1779 2147 1960 2214 itaque

371 2244 606 2313 septimo
639 2241 797 2308 libro,
840 2249 1032 2294 octavo
1061 2240 1192 2294 item
1226 2254 1288 2294 ac
1312 2254 1477 2304 nouo,
1511 2237 1745 2305 decimo,
1788 2237 1958 2292 unde-

370 2330 514 2384 cimo
545 2339 600 2382 et
625 2326 965 2392 duodecimo,
1011 2328 1075 2381 ad
1099 2329 1313 2382 tertium
1338 2343 1507 2398 usque
1528 2329 1818 2390 decimum,
1844 2341 1964 2396 qua:

371 2423 439 2477 ad
462 2421 663 2492 Cyrum
691 2460 707 2484 .
739 2431 795 2477 et
826 2423 1151 2499 Cambysen,
1188 2438 1251 2478 ac
1281 2421 1494 2491 Magum
1537 2419 1753 2491 (70-7!)
1791 2419 1963 2484 illum,

373 2514 610 2584 itemque
632 2515 696 2568 ad
733 2514 949 2568 Darium
969 2526 1022 2570 et
1047 2513 1280 2570 Xerxem
1312 2515 1606 2584 pertinent,
1638 2513 1962 2584 descripsit;

373 2608 427 2662 in
458 2608 710 2662 omnibus
745 2609 1137 2678 pr0pemodum
1167 2606 1440 2662 Herodoto
1471 2605 1587 2677 (Ἰῖ)
1615 2607 1960 2670 adversatus,

373 2699 520 2772 36a
561 2715 725 2769 quem
758 2701 844 2770 (ut
883 2701 1158 2770 posterior
1205 2699 1300 2755 illo
1349 2701 1593 2772 scripsit)
1645 2701 1963 2756 mendacem

375 2794 430 2848 in
468 2793 675 2856 multis,
727 2803 783 2847 et
819 2790 1124 2846 fabularum
1171 2792 1524 2848 conﬁctorem
1578 2792 1729 2847 facit.
1783 2790 1862 2846 De
1906 2805 1966 2846 se

375 2899 508 2956 vero
541 2883 822 2955 praedicat,
863 2897 1054 2939 eorum
1103 2898 1223 2953 qua:
1272 2885 1466 2940 scribit
1519 2884 1780 2953 majorem
1835 2899 1964 2952 par-

2061 405 2204 476 μέρη
2253 405 2287 476 ἡ
2337 406 2645 478 καλουμένη
2708 406 2873 480 λίμνη
2929 408 3191 463 ⁹Ασκανία
3237 407 3644 479 περιλιμνάζει.

2062 495 2226 550 Ἐστι
2248 495 2306 549 δὲ
2332 495 2433 568 τὴν
2457 496 2660 568 φράσιν
2699 497 3138 569 μεγαλοπρεπῶς
3171 515 3233 552 τε
3259 499 3354 552 καὶ
3385 499 3443 562 ἐς
3479 497 3648 567 ὄγκον

2057 587 2531 662 διεσκευασμένος,
2595 592 2678 644 ὅτι
2730 591 2824 644 καὶ
2892 591 3145 661 μεγάλων
3207 591 3384 661 ἔργων
3436 591 3645 654 ἑννοίας

2058 678 2416 747 ἀπαγγέλλει.
2463 679 2769 750 Ἀρχαῖκῶν
2811 697 2872 732 τε
2899 680 3050 750 αὑτῴ
3086 679 3391 747 συντάξεων
3431 681 3460 735 ό
3487 681 3648 751 λόγος

2063 773 2262 843 μεστὸς
2311 772 2409 826 καὶ⁹
2447 772 2650 842 λέξεων
2686 776 3018 846 πρεπουσῶν
3063 776 3286 845 μεγέθει
3319 774 3365 806 ⁸⁸
3404 772 3649 848 περίοδοί

2058 883 2118 918 τε
2153 866 2291 936 μετὰ
2317 867 2699 940 παρενθὲσεων
2739 868 3214 941 παρατεταμέναι,
3249 868 3318 901 ⁸²⁹
3341 868 3436 923 καὶ
3471 867 3648 937 ὑπερ-

2061 958 2240 1012 ϐατῶν
2302 958 2560 1033 εὔκαιρος
2615 961 2833 1034 χρῆσις.
2884 961 3116 1034 Ῥυθμός
3167 979 3230 1018 τε
3268 962 3364 1017 καὶ
3400 961 3652 1017 ἀναπαύε-

2061 1066 2180 1113 σεις
2210 1049 2258 1082 ⁸³
2290 1051 2373 1114 εἰς
2416 1049 2741 1121 ἐπιμέλειαν
2783 1052 3072 1124 ἠσκημένα
3099 1051 3189 1106 διὰ
3214 1052 3275 1106 τδ
3329 1053 3502 1122 σαφὲς
3545 1053 3650 1108 οὐκ

2058 1139 2175 1194 ἐστι
2215 1143 2331 1205 τοῖς
2372 1141 2560 1206 ἁπλῶς
2603 1140 3080 1212 ἀναγινώσκουσιν
3115 1143 3331 1215 ἐμφανῆ
3356 1143 3426 1200 ⁸³.
3473 1145 3561 1198 Ἐν
3589 1143 3650 1198 δὲ

2059 1249 2125 1303 γε
2145 1234 2268 1297 ταῖς
2296 1232 2344 1265 ⁸⁸
2387 1234 2757 1307 δημηγορίαις
2790 1235 3012 1308 ἄριστος
3039 1237 3134 1291 καὶ
3169 1237 3414 1309 μιμητὴς
3437 1238 3484 1270 ⁸⁸
3512 1238 3650 1292 Θου-

2059 1322 2299 1386 κυδίδου,
2348 1323 2488 1395 πλὴν
2519 1326 2571 1378 εί
2591 1343 2643 1378 τι
2671 1325 2810 1397 πρὸς
2840 1326 2902 1380 τὸ
2931 1328 3263 1397 σαφέστερον
3289 1329 3490 1399 ἀφορᾷ.
3517 1330 3654 1398 Σχε-

2058 1415 2148 1470 δὸν
2177 1417 2237 1470 δὲ
2266 1418 2369 1470 κάν
2401 1421 2517 1482 τοῖς
2560 1418 2743 1484 ἄλλοις
2767 1422 3095 1493 Θουκυδίδης
3123 1423 3274 1476 ἐστὶν
3306 1423 3456 1494 αὐτῷ
3483 1425 3512 1477 ὁ
3544 1440 3646 1478 κα·-

2059 1509 2187 1564 νών.

2735 1609 2856 1665 ΟΒ’.

2309 1700 2577 1768 Κτησίου
2608 1700 2716 1755 τοῦ
2743 1699 2987 1756 Κνιδίου
3015 1701 3087 1753 τὰ
3114 1699 3398 1766 Περσικά.

2153 1792 2493 1866 Ἀνεγνώσθη
2536 1793 2740 1866 βιϐλίον
2762 1793 3002 1865 Κτησίου
3032 1791 3124 1846 τοῦ
3161 1791 3377 1846 Κνιδίου
3401 1791 3468 1845 τὰ
3504 1795 3654 1859 Περ-

2067 1887 2234 1952 σικὰ,
2269 1888 2329 1941 ὲν
2357 1887 2582 1959 βιϐλίοις
2600 1885 2706 1956 κγ’.
2732 1886 2872 1941 Ἀλλ’
2891 1888 2950 1941 ὲν
2974 1885 3073 1957 μὲν
3096 1885 3223 1959 [108
3248 1885 3342 1959 IL]
3362 1887 3475 1950 τοῖς
3503 1884 3658 1957 πρώ-

2061 1995 2176 2041 τοις
2205 1984 2260 2044 ς’
2295 1978 2366 2034 τά
2408 1995 2469 2031 τε
2501 1979 2767 2051 Ἀσσύρια
2809 1978 2856 2011 ³⁷
2883 1977 3247 2048 διαλαμϐάνει
3294 1978 3388 2031 καὶ
3413 1978 3517 2032 ὅσα
3546 1978 3656 2049 πρὸ

2063 2069 2173 2126 τῶν
2200 2072 2511 2144 Περσικῶν,
2542 2073 2651 2126 ἀπὸ
2676 2073 2860 2143 μέντοι
2879 2071 2975 2126 τοῦ
3007 2071 3052 2136 ζ’
3073 2071 3140 2125 τά
3167 2071 3414 2140 Περσικὰ
3443 2071 3657 2141 διεξέρ-

2063 2179 2238 2234 χεται.
2279 2162 2391 2216 Καὶ
2422 2163 2480 2217 ἐν
2512 2162 2610 2234 μὲν
2637 2161 2718 2231 τῷ
2751 2162 2794 2226 ζ’
2826 2161 2922 2215 καὶ
2956 2159 3006 2233 η’
3043 2161 3140 2216 καὶ
3165 2161 3197 2214 ι’
3227 2161 3324 2215 καὶ
3360 2167 3430 2215 ια’
3464 2161 3562 2216 καὶ
3590 2161 3657 2230 ιβ’

2068 2254 2165 2308 καὶ
2197 2251 2264 2323 ιγ’
2307 2253 2552 2319 διέξεισι,
2585 2253 2656 2308 τά
2694 2257 2823 2326 περὶ
2853 2253 3037 2325 Κύρου
3090 2253 3186 2306 καὶ
3228 2252 3532 2324 Καμϐύσου
3563 2254 3661 2306 καὶ

2064 2344 2160 2400 τοῦ
2219 2345 2398 2416 μάγου
2444 2347 2674 2418 Δαρειου
2736 2364 2793 2400 τε
2829 2348 2923 2400 καὶ
2979 2346 3074 2400 τοῦ
3098 2345 3327 2418 Ξέρξου,
3379 2347 3568 2416 σχεδὸν
3600 2348 3660 2398 ἐν

2068 2440 2272 2494 ἅπασιν
2324 2441 2682 2510 ἀντικείμενα
2734 2438 3006 2512 Ἡροδότῳ
3069 2440 3322 2510 ἱστορῶν,
3377 2437 3514 2493 ἀλλὰ
3563 2441 3660 2492 καὶ

2065 2530 2307 2601 ψεύστην
2347 2531 2513 2586 αὐτὸν
2560 2531 2883 2602 ἁπελέγχων
2913 2532 2960 2564 ⁸⁸
3009 2532 3066 2585 ὲν
3097 2532 3312 2595 πολλοῖς
3345 2532 3442 2585 καὶ
3501 2531 3661 2599 λογο-

2067 2623 2221 2676 ποιὸν
2247 2622 2543 2677 ἀποκαλῶν
2574 2637 2590 2652 ·
2623 2623 2719 2676 καὶ
2748 2624 2856 2693 γὰρ
2884 2622 3146 2693 νεώτερος
3174 2622 3274 2693 μέν
3295 2623 3441 2675 ἐστιν
3467 2621 3660 2688 αὐτοῦ,

2067 2713 2202 2784 φησὶ
2260 2713 2318 2767 δὲ
2369 2714 2532 2767 αὑτὸν
2560 2712 2669 2767 τῶν
2699 2713 2982 2776 πλειόνων,
3038 2710 3074 2766 ἃ
3125 2712 3349 2783 ἱστορεῖ,
3379 2711 3663 2782 αὐτόπτην

2065 2805 2413 2877 γενόμενονῆ
2443 2807 2574 2877 παρ’
2625 2804 2804 2860 αὐτῶν
2848 2803 3098 2876 Περσῶν,
3155 2803 3283 2859 ἔνθα
3309 2804 3370 2857 τὸ
3394 2806 3529 2876 ὁρᾷν
3585 2807 3662 2876 μὴ

2069 2897 2354 2969 ἐνεχώρει,
2387 2897 2655 2968 αὐτήκοον
2687 2897 3059 2960 καταστάντα,
3091 2895 3237 2950 οὕτω
3273 2896 3373 2968 τὴν
3418 2897 3663 2968 ἱστορίαν

380 2987 487 3046 tem
517 2991 702 3034 coram
753 2976 993 3044 vidisse;
1036 2988 1235 3031 caetera
1269 3017 1284 3043 ,
1337 2991 1460 3048 quae
1510 2977 1699 3033 videre
1747 2991 1854 3032 non
1897 2977 1963 3032 li-

2078 2989 2412 3060 συγγράψαι.
2448 2989 2562 3060 Οὐχ
2593 2989 2863 3061 Ἡροδότῳ
2891 2989 2948 3042 δὲ
2984 2989 3132 3060 μόνῳ
3156 2989 3414 3042 τάναντία
3437 2990 3664 3059 ἱστορεῖ,

378 3070 574 3146 cuerit,
595 3069 662 3123 ab
694 3069 940 3138 ipsismet
966 3067 1152 3124 Persis
1195 3070 1462 3140 accpisse,
1494 3077 1656 3139 atque
1683 3069 1756 3124 ita
1790 3071 1856 3123 ad
1887 3070 1963 3124 hi-

2080 3081 2173 3156 [55
2204 3082 2300 3156 Η.)
2339 3083 2477 3137 άλλά
2505 3083 2600 3137 καὶ
2645 3082 2781 3153 πρὸς
2827 3081 3147 3150 Ξενοφῶντα
3177 3081 3270 3134 τὸν
3299 3080 3539 3153 Γρύλλου
3572 3083 3663 3136 ἐπ’

379 3160 605 3214 ειοτὶοιιι
637 3161 986 3215 scribendam
1018 3161 1338 3216 accessisse.
1367 3163 1438 3217 At
1468 3177 1576 3217 non
1603 3162 1673 3218 ab
1707 3161 1970 3218 llerodoti

383 3253 758 3306 tantunnnodo
796 3252 1024 3308 historia
1077 3253 1330 3319 discedit,
1387 3253 1480 3309 sed
1536 3252 1605 3308 ab
1655 3255 1773 3324 ipso
1804 3256 1968 3311 etiam

382 3342 747 3412 Xenophonte
811 3343 985 3416 Grylli
1018 3344 1140 3404 lilio
1179 3343 1380 3399 alicubi
1434 3343 1707 3401 dissentit.
1761 3344 1973 3401 Floruit

381 3434 528 3492 illius
559 3435 687 3507 Cyri
721 3438 1076 3507 temporibus,
1107 3438 1200 3508 qui
1227 3437 1391 3493 Dario
1420 3437 1537 3511 (73)
1576 3449 1631 3495 et
1661 3437 1972 3496 Parisatide

384 3528 622 3598 genitus,
665 3528 840 3586 frater
873 3528 978 3585 fuit
1027 3529 1353 3587 Artaxerxis
1383 3531 1519 3603 (74),
1566 3532 1685 3603 ejus
1711 3533 1779 3588 ad
1808 3548 1968 3603 quem

383 3617 666 3675 Persicum
715 3635 942 3691 regnum
990 3622 1227 3678 devenit.

455 3708 580 3765 Mox
604 3726 733 3782 ergo
765 3712 933 3768 refert
956 3713 1025 3769 de
1055 3715 1290 3786 Astyage
1316 3715 1454 3785 (75),
1490 3731 1654 3787 quem
1693 3727 1750 3774 et
1785 3717 1965 3791 Astyi-

385 3816 489 3872 gan
519 3809 698 3866 vocat,
752 3803 900 3858 nulla
950 3803 1152 3874 Cyrum
1204 3805 1319 3877 (76)
1373 3807 1473 3877 ipsi
1505 3807 1724 3878 generis
1756 3812 1973 3880 propino

386 3894 598 3974 quitate
625 3893 875 3964 junctum
925 3895 1110 3950 fuisse.
1145 3896 1374 3967 Fugisse
1417 3906 1600 3953 autem
1641 3899 1904 3970 Astyigan
1939 3915 1969 3954 a

386 3987 514 4057 Cyri
542 3997 838 4056 conspectu
878 3988 932 4041 in
969 3986 1280 4056 Ecbatana,
1324 3989 1511 4058 ibique
1539 3992 1592 4045 in
1630 3991 1763 4060 ipsis
1792 3992 1972 4061 regia-

391 4093 510 4130 rmn
540 4077 736 4132 :edium
770 4078 1068 4134 criscranis
1107 4081 1175 4135 ab
1217 4078 1398 4151 Amyti
1440 4081 1574 4146 illia,
1603 4092 1660 4137 et
1703 4081 1819 4150 ejus
1853 4087 1972 4138 viro

391 4168 634 4240 Spitama
675 4171 1028 4239 occultatum,
1086 4171 1329 4229 latuisse.
1374 4173 1446 4229 At
1493 4177 1970 4246 supervenientem

389 4253 634 4336 Cyrum:
673 4279 778 4319 non
819 4280 850 4321 e
879 4263 1128 4335 Spitama
1165 4266 1364 4331 solum,
1415 4277 1580 4336 atque
1629 4269 1834 4341 Amyti,
1873 4271 1971 4326 sed

2074 3176 2233 3231 ὲνίων
2266 3175 2548 3245 διαφωνεῖ.
2587 3176 2844 3246 Ἥκμασε
2870 3175 2928 3228 δὲ
2960 3177 3074 3238 τοῖς
3108 3174 3323 3246 χρόνοις
3354 3173 3538 3244 Κύρου
3565 3171 3664 3227 τοῦ

2072 3269 2138 3324 ἐκ
2165 3269 2391 3342 Δαρείου
2429 3269 2526 3322 καὶ
2566 3267 2964 3339 Παρυσάτιδος,
2993 3267 3052 3331 ὃς
3095 3267 3324 3336 ἀδελφὸς
3371 3266 3663 3339 Ἀρτοξέρ-

2074 3361 2165 3428 ξου
2194 3363 2264 3429 δ’,
2294 3362 2374 3426 εἰς
2403 3361 2513 3433 ὂνή
2552 3361 2798 3433 Περσικὴ
2827 3360 3076 3432 βασιλεία
3103 3360 3393 3432 κατῆλθεν,
3423 3359 3665 3432 ἐτύγχα-

2073 3470 2187 3506 νεν.

2151 3716 2321 3787 Φησὶν
2352 3712 2447 3771 οὖν
2487 3714 2685 3769 αὐτίκα
2722 3714 2853 3784 περὶ
2888 3711 2980 3766 τοῦ
3020 3711 3357 3782 ’Δστυάγους
3395 3713 3471 3777 ὡς
3508 3712 3670 3767 οὐδὲν

2073 3811 2245 3868 αὐτοῦ
2279 3809 2462 3881 Κῦρος
2492 3808 2630 3879 πρὸς
2653 3806 2812 3876 γένος
2839 3805 3212 3876 ἐχρημάτιζεν
3244 3819 3259 3834 ·
3290 3797 3446 3869 οὗτος
3473 3805 3531 3860 δὲ
3565 3808 3670 3861 αὖ-

2073 3909 2168 3963 τὸν
2192 3907 2287 3961 καὶ
2329 3904 2624 3971 Ἀστυῒγαν
2653 3902 2700 3934 ⁵ο
2725 3901 2902 3957 καλεῖ.
2927 3903 3124 3969 Φυγεῖν
3150 3901 3208 3955 δὲ
3233 3901 3340 3956 άπδ
3371 3901 3668 3972 προσώπου

2074 3999 2259 4070 Κύρου
2328 3997 2621 4065 Ἀστυϊγαν
2688 3994 3041 4056 Ἐκϐατάνοις
3073 3995 3142 4061 ⁸⁸,
3199 3994 3293 4048 καὶ
3353 3994 3676 4065 κρυφθῆναι

2074 4096 2133 4149 ὲν
2179 4093 2295 4151 τοῖς
2346 4089 2698 4161 κριοκράνοις
2739 4089 2784 4121 ⁸⁸
2819 4088 2928 4141 τῶν
2985 4087 3272 4159 βασιλείων
3322 4089 3667 4160 οἰκημάτων,

2077 4183 2404 4256 κρυψάντων
2449 4183 2611 4237 αὐτὸν
2653 4182 2752 4251 τῆς
2787 4197 2848 4234 τε
2890 4179 3164 4251 θυγατρὸς
3191 4181 3452 4253 Ἀμύτιος
3475 4181 3522 4214 ⁸³
3568 4182 3670 4234 καὶ

2073 4276 2169 4330 τοῦ
2235 4273 2429 4346 ἀνδρὸς
2473 4273 2642 4342 αὐτῆς
2706 4272 2985 4341 Σπιτάμα.
3014 4273 3345 4326 Ἐπιστάντα
3398 4272 3457 4326 δὲ
3482 4271 3668 4344 Κῦρον

389 4374 457 4414 ex
489 4373 676 4413 eorum
732 4373 950 4429 quoque
1005 4359 1193 4415 liberis
1243 4359 1463 4430 Spitace
1515 4369 1571 4416 et
1628 4359 1963 4432 Megaberne,

2082 4366 2336 4434 ἐπιτάξαι
2377 4365 2693 4436 ἀνακρίνειν
2717 4364 2807 4419 διὰ
2854 4363 3241 4434 στρεϐλώσεων
3271 4364 3560 4434 Σπιτάμαν
3605 4381 3668 4416 τε

390 4453 720 4522 ψιαιειίοιιθε
749 4454 817 4506 de
847 4451 1070 4523 Astyiga
1111 4467 1208 4522 per
1262 4461 1534 4507 tormenta
1585 4455 1830 4508 exerceri
1871 4453 1974 4508 im-

391 4559 633 4613 perasse.
683 4543 866 4614 Ipsum
919 4545 1081 4615 igitur
1123 4544 1422 4616 Astyigan,
1487 4559 1555 4598 ne
1599 4545 1751 4614 pueri
1814 4561 1979 4616 nepo-

396 4642 480 4689 tes
517 4633 635 4703 ejus
668 4649 830 4690 causa
879 4643 1282 4704 torquerentur,
1341 4648 1462 4688 sese
1518 4635 1840 4704 prodidisse,
1883 4653 1975 4692 ca-

2085 4461 2180 4515 καὶ
2207 4459 2434 4530 Ἀμύτιν
2467 4458 2535 4522 9",
2573 4456 2710 4511 ἀλλὰ
2748 4457 2843 4509 καὶ
2873 4456 3000 4518 τοὺς
3029 4456 3220 4519 παῖδας
3242 4457 3422 4510 αὐτῶν
3454 4457 3664 4510 Σπιτά-

2085 4569 2189 4622 κην
2242 4567 2302 4604 τε
2357 4551 2451 4603 καὶ
2513 4547 2899 4619 Μεγαϐἐρνην,
2959 4549 3088 4620 περὶ
3137 4548 3438 4616 Ἀστυῒγα·
3486 4549 3578 4603 τὸν
3609 4549 3668 4601 δὲ

2085 4644 2278 4698 ἑαυτὸν
2307 4641 2722 4716 προσαγγεῖλαι,
2757 4639 2844 4695 ἵνα
2883 4641 2959 4712 μὴ
2987 4640 3055 4694 δι’
3085 4641 3248 4694 αὐτὸν
3275 4639 3674 4713 στρεϐλωθείηι-

1709 4751 1940 4810 νΑιιικΕ
1978 4757 2388 4814 LECTIONES.

467 4871 757 4974 Ῐῗρμξτέθέὶ
770 4890 879 4974 3L.
907 4869 1537 4974 'i:.'ff§€§f‘E-‘i°.‘§ﬂ‘."“i
1555 4889 1616 4937 ς’

1691 4873 1738 4952 ⁸ξ
1756 4873 2066 4952 ἀνάπαυσις
2100 4899 2161 4945 ς.
2235 4879 2548 4952 ³⁵⁸*ιέρ.φανές
2595 4881 2677 4952 A._
2719 4881 2766 4918 ³⁵
2794 4881 2916 4952 ταῖς
2973 4877 3241 4952 ἱστορίαι-ς
3289 4872 3674 4952 καὶ-,δημηγο-

397 4941 886 5047 errem:
905 4941 1555 5047 ,ιιιτιέιεξρισςτθεηςς
1590 4941 1914 5047 suam
1954 4941 2061 5004 Av
2527 4941 2573 5032 λι
2603 4941 2949 5047 autem
2982 4972 3043 5018 ςο
3073 4941 3164 5047 2'
3201 4941 3570 5047 Ἀρταιξριξξ

501 5014 778 5092 Αστυῖγᾷν
810 5033 873 5092 ς.
905 5011 1082 5092 sicel;
1110 5011 1273 5065 infra.
1349 5011 1396 5042 "
1427 5023 1555 5068 ante
1590 5011 1946 5084 Ἐκϐατάνοις
1989 5038 2111 5076 cum
2168 5038 2251 5092 pr.
2316 5011 2562 5077 Anotnisi
2621 5023 2703 5077 ὲν.
2777 5023 2824 5057 ⁸⁸
2863 5011 3220 5092 κρισκράνοις
3249 5011 3311 5083 ςί.
3384 5011 3671 5085 π’Δμύν-

397 5101 511 5147 τιος
544 5101 605 5148 ς.
682 5084 729 5116 ³³
766 5087 862 5138 καὶ
893 5084 995 5154 τὴν
1029 5083 1297 5153 ’Δμυντιν
1329 5098 1389 5146 ς.

1946 5200 2181 5260 NOTAE.

473 5301 688 5377 (70-71)
703 5301 1094 5374 Sphendataten
1117 5300 1216 5355 tnl‘.
1232 5297 1493 5353 nominat.
1516 5297 1775 5355 llerodot.
1798 5301 1979 5355 Siner-

401 5377 588 5518 ίἶϐνδῖ)
639 5443 744 5512 Qui
791 5445 860 5518 de
903 5455 1139 5518 quatuor
1170 5439 1343 5518 _hisce
1393 5438 1660 5518 duntaxat
1710 5439 1975 5510 scripsit:

402 5509 615 5590 Ctesias
638 5509 769 5590 fero
799 5514 884 5569 his
914 5509 1052 5590 alios
1092 5511 1331 5590 quinque
1365 5509 1582 5590 adjecit.
1658 5579 1692 5590 η

475 5589 587 5659 (73)
629 5585 900 5640 Dariwum
931 5580 1231 5649 ltunc,’non
1281 5580 1532 5648 Darium,
1567 5581 1621 5636 in
1658 5580 1726 5635 iis
1752 5593 1872 5650 quas
1895 5594 1982 5635 se-

407 5669 642 5728 quentur
666 5665 861 5713 vocab.

2177 5301 2264 5372 74)
2301 5301 2374 5372 ρο
2404 5315 2511 5372 quo
2550 5299 2693 5355 intra
2723 5299 2812 5372 hic
2844 5308 3052 5372 auctor.

2181 5371 2269 5444 75)
2323 5369 2718 5444 De_"Aslyage_,
2782 5371 3002 5444 Amyti,_
3037 5369 3252 5444 (libare
3305 5377 3360 5444 et
3412 5371 3669 5427 Petesara

2081 5445 2163 5514 (ut
2195 5443 2264 5514 ibi
2293 5441 2593 5514 scribitur),
2618 5441 2752 5514 vide
2763 5441 3046 5514 egCtesia
3064 5456 3184 5514 qua:
3209 5441 3443 5514 breviter
3457 5457 3671 5514 excer-

2081 5509 2371 5585 psit_.!oan.
2397 5510 3005 5585 'l‘zetsesinChiliadib.
3038 5509 3231 5568 histor.
3261 5511 3355 5567 lib.
3384 5527 3427 5582 ι,
3455 5511 3511 5568 in
3540 5511 3667 5567 line.

2153 5582 2269 5657 (76)
2302 5581 2476 5654 Cyrus
2502 5581 2589 5638 hic
2612 5579 2799 5652 Major.
