3980 6234
357 235 449 300 173

1419 239 1942 302 BIBLIOTHECA.
1962 265 2031 274 -
2059 239 2222 300 COD.
2262 241 2501 300 LXXII.

3493 242 3620 308 17-1.

353 371 448 408 σαν
474 352 526 406 οἱ
557 355 763 420 παῖδες.
793 355 1083 425 Δηφθέντα
1106 355 1162 410 δὲ
1191 353 1382 419 πέδαις
1406 355 1660 425 παχείαις
1688 353 1795 408 ὑπὸ
1820 355 1912 407 υί-

2018 362 2272 421 ptumque
2298 352 2554 421 gravibus
2569 353 2635 407 ab
2659 351 2870 407 (Elian
2899 351 3250 422 compedibus
3283 355 3594 428 oneratum)

351 447 490 516 δάρα
509 446 557 478 ³⁸
611 447 854 517 δεθῆναι,
883 449 1109 520 λυθῆναι
1136 449 1193 502 δὲ
1229 447 1320 500 ὑπ’
1366 446 1532 500 αὑτοῦ
1579 447 1763 521 Κύρου
1802 450 1919 520 μετ’

349 537 411 589 οὐ
441 537 578 592 πολὺ
603 537 696 592 xui
713 537 788 602 ώς
815 540 1031 612 πατέρα
1055 538 1376 611 τιμηθῆναι,
1401 538 1496 592 xui
1523 538 1620 610 τὴν
1644 539 1922 610 θυγατέρα

348 625 571 697 ’Δμύτιν
596 629 643 662 ’⁸
664 631 931 702 πρότερον
956 631 1056 702 μὲν
1078 630 1353 701 μητρικῆς
1379 630 1682 684 ἀπολαῦσαι
1711 632 1918 702 ,τιμῆς,

347 719 537 774 ἔπειτα
559 720 616 773 δὲ
643 724 736 776 xui
761 723 844 786 είς
869 725 1104 792 γυναῖκα
1133 722 1367 793 ἀχθῆναι
1389 722 1466 793 τῷ
1503 722 1690 794 Κύρῳ,
1715 724 1920 778 Σπιτά-

347 828 426 880 μα
455 812 500 843 "
543 813 640 865 τοῦ
684 814 877 886 ἀνδρὸς
923 813 1095 885 αὐτῆς
1133 815 1501 886 ἀνῃρημένου,
1539 815 1622 868 ὅτι
1655 815 1922 885 ἐψεύσατο

343 903 560 967 ἀγνοεῖν
594 903 764 957 είπὼν
782 905 1152 976 ἐρευνώμενον
1187 904 1498 974 Ἀστυτγαν.
1549 907 1735 960 Ταῦτα
1769 906 1920 976 λέγει

342 993 590 1063 Κτησίας
635 996 762 1066 περὶ
801 996 1007 1066 Κύρου,
1051 998 1144 1050 καὶ
1172 997 1271 1068 οὐχ
1323 993 1411 1050 οἶα
1450 997 1752 1068 Ἡρὸδοτος.
1811 999 1919 1052 Καὶ

339 1081 422 1134 ὅτι
475 1083 612 1151 πρὸς
666 1083 965 1154 Βακτρίους
994 1083 1322 1154 ἐπολέμησε,
1379 1083 1475 1138 xui
1521 1083 1850 1153 ἀγχώμαλος
1884 1084 1919 1154 ἡ

340 1171 494 1241 μάχη
521 1173 756 1240 ἐγένετο·
779 1173 967 1245 ἐπεὶιδὲ
996 1173 1558 1244 ΒάκτριοιἋστυῖγαν
1584 1173 1682 1242 μὲν
1709 1175 1920 1244 πατέρα

337 1265 526 1334 Κύρου
548 1267 916 1336 γεγενημένον
940 1308 954 1328 ,
983 1266 1038 1317 Ἀ
1049 1266 1206 1335 μύτιν
1222 1266 1278 1319 δὲ
1308 1265 1521 1335 μητέρα
1551 1267 1646 1318 xui
1687 1268 1922 1333 γυναῖκα

335 1355 545 1425 ἔμαθον
569 1395 584 1420 ,
618 1359 845 1422 ἑαυτοὺς
877 1359 1092 1422 ἑκόντες
1129 1360 1327 1432 Ἀμύτι
1349 1361 1445 1414 xui
1485 1359 1655 1428 Κύρῳ
1693 1359 1920 1428 παρέδοο

335 1464 462 1500 σαν.
492 1449 599 1500 Καὶ
621 1449 700 1502 ὅτι
730 1450 866 1520 πρὸς
890 1451 1070 1513 Σάκας
1091 1451 1399 1522 ἐπολέμησε
1433 1451 1640 1523 Κῦρος,
1675 1452 1767 1506 xui
1796 1469 1922 1503 συν-

333 1539 533 1592 έλαὸεν
571 1541 848 1612 Ἀμόργην
885 1543 992 1594 τῶν
1019 1543 1066 1574 ’⁸
1121 1543 1310 1596 Σακῶν
1344 1543 1442 1614 μὲν
1478 1543 1722 1614 βασιλέα,
1753 1543 1920 1613 ἄνδρα

330 1630 386 1681 δέ
416 1630 769 1702 Σπαρέθρης,
805 1632 924 1702 ἥτις
953 1633 1048 1686 xui
1077 1633 1218 1702 μετὰ
1247 1635 1346 1706 τὴν
1371 1634 1576 1688 ἅλωσιν
1605 1636 1698 1689 τοῦ
1725 1637 1917 1707 ἀνδρὸς

2021 443 2223 509 fuisse;
2259 444 2496 500 solutum
2533 453 2711 500 tamen
2743 461 2847 500 non
2879 446 2954 500 ita
3004 445 3173 500 multo
3206 457 3327 516 post
3367 449 3436 501 ab
3480 449 3596 518 ipso

2019 535 2184 605 Cyro,
2249 537 2598 608 parentisque
2649 537 2765 592 loco
2809 538 3053 592 habitum
3086 539 3542 611 observatumque
3577 556 3594 595 :

2020 627 2150 695 quin
2196 636 2252 681 et
2295 627 2531 698 Astyigze
2571 628 2738 698 ipsius
2792 627 2957 682 filiam
3000 629 3217 699 Amytin
3263 644 3361 699 pro
3425 640 3598 684 matre

2021 719 2252 787 primum
2273 720 2326 771 in
2349 721 2552 772 honore
2581 734 2608 771 a
2626 717 2770 790 Cyro
2791 719 3050 780 habitam.
3075 721 3360 790 eidemque
3378 721 3595 775 tandem

2021 808 2304 876 nupsisse;
2349 818 2470 878 post
2505 811 2677 864 virum
2708 809 2825 881 ejus
2874 810 3170 880 Spitamam
3221 811 3591 878 interfectum,

2020 909 2309 967 proliterea
2335 902 2476 968 quod
2509 901 2636 955 dum
2669 911 3005 971 quaereretur
3032 904 3595 977 Astyigas,_ignorare

2019 1001 2078 1041 se
2106 987 2254 1041 illum
2294 992 2548 1044 mentitus
2588 990 2799 1044 fuisset.
2831 992 2960 1046 Haec
2988 993 3054 1046 de
3087 993 3230 1062 Cyro
3252 991 3484 1061 Ctesias,
3527 995 3598 1050 ab

2020 1077 2087 1133 iis
2120 1078 2332 1133 diversa
2359 1093 2476 1148 qua:
2502 1079 2805 1134 Herodotus
2837 1091 3250 1139 commemorat.
3285 1083 3468 1151 Addit,
3503 1085 3598 1138 ad-

2020 1184 2210 1225 versus
2240 1170 2486 1226 Bactrios
2526 1171 2726 1242 Cyrum
2789 1173 2986 1226 bellum
3034 1174 3289 1242 gessisse,
3330 1183 3385 1229 et
3443 1191 3598 1246 aequo

2021 1269 2196 1315 marte
2248 1278 2367 1316 cum
2447 1263 2578 1330 ipsis
2627 1263 2866 1331 prmlium
2927 1266 3293 1320 commisisse.
3351 1265 3597 1322 Bactrios

2020 1352 2168 1415 dein,
2228 1353 2502 1408 intellecto
2575 1354 2833 1425 Aslyigan
2901 1356 3042 1425 Cyro
3101 1367 3307 1426 patrem
3368 1359 3595 1426 factum,

2021 1447 2240 1515 Amytin
2273 1460 2400 1500 vero
2443 1457 2670 1501 matrem
2714 1454 2876 1516 atque
2909 1463 3157 1514 uxorem,
3195 1450 3334 1506 ultro
3361 1467 3482 1506 sese
3528 1453 3598 1505 li-

2021 1537 2320 1607 bentesque
2352 1538 2532 1608 Amyti
2585 1553 2650 1592 ac
2703 1537 2844 1610 Cyro
2887 1539 3182 1595 dedidisse.
3219 1541 3415 1598 Narrat
3467 1545 3594 1599 item

2021 1625 2220 1698 Cyrum
2251 1627 2450 1682 bellum
2497 1627 2654 1684 Sacis
2679 1630 2927 1686 intulisse
2953 1631 3092 1702 (77),
3133 1649 3420 1704 regemque
3449 1635 3599 1705 ipso-

333 1723 573 1793 στρατὸν
627 1723 926 1788 συλλέξασα
977 1725 1288 1795 ἐπολέμησε
1339 1727 1540 1798 Κύρῳ,
1576 1729 1786 1798 ἀνδρῶν
1812 1731 1912 1797 μὲν

2021 1736 2136 1774 rum
2170 1721 2459 1790 Amorgen,
2494 1719 2806 1791 Sparethrze
2836 1725 3036 1796 reginae
3078 1727 3330 1782 maritum
3362 1730 3594 1800 cepisse.

331 1817 657 1886 στράτευμα
695 1818 991 1888 τριάκοντα
1030 1819 1300 1889 μυριάδας
1344 1820 1682 1892 ἐπαγομένη,
1725 1836 1920 1889 γυναι-

328 1904 443 1958 κῶν
494 1906 556 1958 δὲ
599 1909 793 1968 εἴκοσι,
849 1908 945 1962 xui
996 1911 1120 1980 νικᾷ
1169 1909 1370 1981 Κῦρον,
1404 1911 1498 1964 καὶ
1551 1911 1919 1981 συλλαμϐάνει

329 1999 582 2067 ζωγρέαν
613 2000 753 2070 μετὰ
781 2001 873 2054 xui
901 2001 1074 2056 ἄλλων
1108 2001 1375 2055 πλείστων
1415 2003 1704 2076 Παρμίσην
1740 2021 1799 2058 τε
1827 2005 1918 2058 τὸν

329 2089 596 2160 Ἀμύτιος
637 2092 864 2161 ἀδελχςὸν
897 2095 995 2146 xui
1043 2098 1193 2164 τρεῖς
1227 2095 1391 2148 αὑτοῦ
1437 2095 1630 2160 παῖδας
1655 2113 1672 2128 ο
1709 2097 1776 2151 δι’
1826 2096 1918 2162 οὓς

327 2185 565 2256 ὓστερον
595 2190 688 2241 xui
718 2187 996 2262 ’Δμόργης
1036 2190 1212 2263 ἠφέθη
1233 2191 1302 2258 ’⁸,
1338 2193 1461 2248 ἐπεὶ
1520 2195 1764 2250 κάκεῖνοι
1807 2199 1917 2268 ἡφ-

326 2278 561 2348 έθησαν.

393 2542 513 2596 Καὶ
549 2543 632 2596 ὅτι
663 2541 952 2613 στρατεύει
975 2542 1159 2616 Κῦρος
1197 2544 1292 2597 ἐπὶ
1319 2545 1553 2616 Κροισον
1587 2545 1685 2598 xui
1717 2543 1874 2597 πόλιν
1897 2543 1914 2575 ¹

323 2637 583 2708 Σάρδεις,
610 2638 868 2709 συνεργὸν
894 2637 1034 2708 ἔχων
1063 2639 1360 2710 ’Δμόργην.
1395 2639 1584 2702 Ὅπως
1613 2655 1672 2691 τε
1702 2638 1722 2669 ²
1752 2637 1915 2710 βουλῇ

325 2729 547 2800 Οἰϐάρα
571 2729 797 2800 Περσῶν
818 2729 1012 2784 εἴδωλα
1039 2731 1228 2797 ξύλινα
1256 2732 1361 2784 ἀνὰ
1385 2731 1446 2784 τὸ
1469 2732 1647 2801 τεῖχος
1679 2730 1916 2801 φανέντα

322 2824 401 2884 εἰς
425 2821 558 2884 δέος
589 2821 692 2889 μὲν
719 2821 1022 2892 κατέστησε
1049 2825 1174 2887 τοὺς
1209 2823 1571 2886 ἐνοικοῦντας,
1603 2823 1718 2893 ἥλω
1746 2822 1800 2875 δὲ
1829 2821 1917 2876 διὰ

322 2914 502 2967 ταῦτα
533 2917 631 2968 xui
660 2915 797 2986 αύτὴ
826 2916 861 2986 ἡ
898 2916 1073 2979 πόλις.
1100 2917 1289 2980 Ὅπως
1314 2934 1371 2970 τε
1406 2917 1511 2988 πρὸ
1541 2917 1638 2986 τῆς
1665 2914 1916 2977 ἁλώσεως

319 3006 528 3060 δίδοται
564 3009 592 3061 ὁ
622 3010 751 3070 παῖς
790 3009 1027 3080 Κροίσου
1078 3009 1136 3062 ἐν
1188 3010 1398 3078 ὁμήρου
1435 3008 1602 3077 λόγῳ,
1636 3007 1912 3076 δαιμονίου

322 3099 723 3169 φαντάσματος
753 3071 1136 3170 ἀπατήσαντος
1165 3071 1399 3172 Κροίσον
1426 3116 1440 3130 ο
1463 3071 1609 3163 ὅπως
1636 3117 1694 3152 τε
1728 3071 1912 3170 δολοῤ-
1939 3071 1980 3128 c

321 3190 636 3262 ραςροῦντος
684 3193 918 3260 Κροίσου
959 3192 987 3242 ὁ
1018 3194 1147 3253 παῖς
1177 3191 1298 3244 κατ’
1333 3189 1645 3260 ὀφθαλμοὺς
1669 3190 1912 3259 ἀναιρεῖ-

316 3299 408 3338 ται
443 3299 458 3312 ·
486 3285 596 3337 καὶ
618 3284 767 3347 ὅπως
792 3285 825 3352 ἡ
851 3284 1036 3354 μήτηρ
1065 3286 1123 3335 τὸ
1158 3282 1327 3347 πάθος
1365 3279 1550 3336 ἰδοῦσα
1580 3280 1780 3352 ἑαυτὴν
1814 3280 1910 3334 τοῦ

316 3374 540 3444 τείχους
570 3374 973 3446 ἀποκρημνίζει
1005 3372 1131 3448 [109
1155 3373 1246 3446 3.]
1280 3374 1373 3428 xui
1399 3372 1622 3444 θνήσκει
1651 3372 1693 3426 ⁸.
1725 3372 1913 3437 Ὅπως

314 3481 374 3518 τε
408 3464 664 3534 ἁλούσης
689 3465 788 3534 τῆς
811 3463 1016 3526 πόλεως
1038 3463 1174 3535 πρὸς
1202 3463 1263 3516 τὸ
1286 3465 1344 3516 ἐν
1365 3465 1430 3534 τῇ
1456 3461 1608 3515 πόλει
1644 3460 1788 3532 ἱερὸν
1817 3460 1911 3515 τοῦ

317 3555 668 3617 ’Λπόλλωνος
689 3552 1022 3624 καταφεύγει
1046 3556 1074 3607 ὁ
1097 3555 1350 3625 Κροῖσος,
1369 3551 1390 3582 ⁸
1410 3553 1504 3606 xui
1523 3551 1599 3615 ὡς
1619 3553 1738 3622 τρὶς
1761 3551 1818 3604 ἐν
1836 3549 1912 3622 τῷ

317 3647 450 3717 ίερῷ
496 3645 763 3717 πεδηθεὶς
802 3645 906 3698 ὑπό
948 3645 1130 3716 Κύρου
1173 3643 1360 3697 λύεται
1416 3642 1598 3712 τρίτον
1637 3641 1907 3712 ἀοράτως,

315 3738 498 3792 καίτοι
542 3737 861 3810 σφραγίδων
905 3735 983 3807 τῷ
1014 3735 1145 3808 ἱερῷ
1183 3735 1548 3806 ἐπικειμένων
1576 3734 1672 3787 xui
1705 3734 1910 3786 τούτων

313 3830 413 3902 τὴν
447 3829 707 3900 φυλακην
749 3829 960 3899 Οίόάρα
984 3828 1498 3898 ἐμπεπιστευμένου
1528 3842 1540 3854 ·
1582 3825 1731 3888 ὅπως
1761 3842 1822 3878 τε
1857 3825 1907 3878 οί

319 3922 684 3992 συνδούμενοι
724 3921 944 3991 Κροίσῳ
979 3923 1079 3982 τὰς
1132 3917 1373 3987 κεφαλὰς
1411 3917 1784 3988 ἀπετέμνοντο
1833 3915 1910 3979 ώς

317 4011 811 4085 καταπροδιδόντες
829 4011 1049 4064 λύεσθαι
1069 4013 1301 4080 Κροῖσον
1321 4026 1336 4041 ·
1362 4010 1453 4064 xui
1470 4009 1552 4063 ὅτι
1575 4008 1908 4080 ἀναληφθεὶς

316 4107 374 4159 ἐν
401 4109 521 4170 τοῖς
575 4103 869 4176 βασιλείοις
903 4105 998 4158 xui
1037 4103 1211 4166 δεθεὶς
1234 4102 1639 4174 ἀσφαλέστερον
1670 4101 1907 4174 βροντῶν

317 4201 411 4251 xui
461 4198 733 4269 σκηπτῶν
775 4197 1175 4268 ἐπενεχθέντων
1208 4195 1396 4249 λύεται
1447 4196 1631 4259 πάλιν,
1659 4194 1754 4248 xui
1782 4193 1905 4247 τότε

320 4291 472 4360 μόλις
529 4291 643 4344 ὑπὸ
695 4289 880 4360 Κύρου
924 4290 1166 4358 ἀφίεται·
1197 4288 1290 4354 Ἐξ
1325 4280 1388 4342 οὗ
1418 4289 1512 4344 xui
1564 4286 1902 4358 περιείπετο,

193 4377 205 4389 ’
317 4380 408 4453 [34
433 4382 536 4455 ΙΙ.]
565 4383 662 4436 xui
689 4381 857 4435 ἔδωκε
883 4381 1064 4454 Κῦρος
1094 4381 1314 4452 Κροίσῳ
1333 4380 1489 4433 πόλιν
1522 4379 1766 4450 μεγάλην
1795 4381 1904 4432 Βα-

321 4475 540 4546 ρήνην³
600 4475 770 4544 ἐγγὺς
821 4475 1189 4538 Ἐκϐατάνων,
1243 4475 1301 4527 ἐν
1356 4467 1556 4546 ᾖῆσαν
1605 4473 1785 4535 ἱππεῖς
1813 4474 1910 4541 μὲν

318 4562 760 4634 πεντακισχίλιοι
777 4601 795 4628 ,
828 4563 1126 4618 πελτασταὶ
1151 4564 1208 4617 δὲ
1231 4563 1325 4616 xui
1349 4561 1668 4616 ἀκοντισταὶ
1699 4563 1789 4615 xui
1815 4579 1907 4614 το-

319 4653 471 4719 ξόται
501 4655 715 4726 μύριοι.

317 4758 441 4796 cum
471 4743 598 4799 aliis
625 4758 747 4799 eum
779 4742 1137 4798 humanitatis
1167 4741 1357 4798 ofﬁciis
1386 4753 1731 4812 prosecutum
1792 4757 1935 4808 esse,

2021 1811 2174 1868 Hauc
2202 1827 2351 1883 ergo,
2387 1815 2584 1869 marito
2617 1825 2795 1886 capto,
2817 1821 3118 1872 exercitum
3161 1819 3466 1891 collegisse,
3510 1831 3597 1878 at-

2020 1917 2129 1975 que
2158 1907 2416 1961 adversus
2444 1905 2644 1978 Cyrum
2673 1907 2871 1963 bellum
2913 1911 3240 1980 suscepisse,
3269 1913 3600 1984 eductisque

2020 1999 2076 2055 in
2139 1999 2312 2054 aciem
2357 1998 2598 2054 virorum
2657 2000 2938 2066 trecentis,
2998 2002 3280 2058 mulierum
3348 2005 3597 2064 ducentis

2020 2091 2275 2154 millibus,
2334 2091 2535 2163 Cyrum
2600 2106 2911 2162 superasse,
2968 2103 3024 2149 et
3055 2094 3237 2150 vivum
3298 2111 3422 2152 cum
3479 2100 3600 2155 aliis

2019 2184 2285 2253 plurimis,
2314 2183 2605 2258 Parmysen
2638 2188 2854 2257 Amytis
2883 2187 3128 2253 fratrem,
3165 2205 3230 2244 ac
3271 2198 3452 2247 ternos
3481 2192 3599 2262 ejus

2017 2275 2251 2338 liberos,
2283 2276 2514 2346 cepisse.
2548 2275 2750 2332 Horum
2775 2287 2958 2333 autem
2987 2293 3151 2334 causa
3183 2290 3370 2351 postea
3401 2282 3600 2337 Amor-

2017 2380 2119 2436 gen
2175 2366 2401 2421 liberum
2452 2364 2773 2436 dimissum',
2836 2370 2980 2441 quod
3037 2371 3138 2442 ipsi
3195 2374 3350 2444 prius
3403 2389 3600 2431 omnes

2020 2458 2227 2512 liberati
2267 2457 2514 2513 fuissent.

2089 2546 2291 2604 Scribit
2314 2564 2466 2619 aeque
2501 2547 2726 2620 Cyrum,
2757 2549 3005 2620 Amorgae
3036 2552 3277 2623 adiutum
3308 2569 3412 2626 ope
3439 2554 3596 2611 στω-

2017 2653 2137 2693 sum
2197 2650 2355 2708 atque
2407 2640 2629 2696 Sardeis
2672 2641 2860 2696 urbem
2916 2641 3057 2699 bello
3123 2645 3396 2714 petivisse.
3454 2645 3600 2715 Quo-

2018 2729 2178 2784 modo
2208 2731 2369 2784 etiam
2405 2728 2632 2785 (Etiam
2660 2731 2890 2789 consilio
2935 2733 3048 2804 (78)
3084 2735 3258 2806 lignea
3307 2734 3597 2794 Persarum

2016 2821 2303 2876 simulacra
2338 2819 2479 2893 36b
2543 2838 2640 2892 per
2669 2838 2854 2879 muros
2884 2825 3147 2892 exhibita,
3175 2837 3232 2882 et
3269 2828 3460 2886 incolis
3489 2840 3600 2885 ter-

2018 2923 2194 2962 rorem
2235 2908 2589 2977 incusserint,
2624 2918 2680 2965 et
2707 2912 2859 2968 urbis
2887 2914 3164 2985 capienda:
3193 2931 3410 2974 causam
3439 2919 3602 2975 dede-

2017 2999 2142 3052 rint.
2181 2999 2296 3066 Quo
2327 3001 2454 3056 item
2488 3011 2648 3074 pacto
2691 3015 2818 3060 ante
2857 3015 3069 3076 captam
3121 3009 3331 3077 urbem,
3366 3025 3466 3080 pro
3495 3013 3598 3067 ob-

2013 3091 2126 3145 side
2180 3090 2352 3148 Crmsi
2405 3092 2547 3148 [ilius
2587 3093 2746 3150 datus
2794 3096 2983 3162 fuerit,
3037 3113 3160 3154 cum
3207 3099 3432 3158 Crmsus
3481 3104 3600 3175 ipse

2015 3196 2172 3239 antea
2227 3186 2408 3240 divino
2461 3188 2694 3256 quodam
2775 3199 2990 3260 spectro
3059 3193 3320 3265 deceptus
3383 3197 3594 3252 fuisset.

2013 3274 2221 3331 Rursus
2251 3279 2521 3346 quomodo
2548 3280 2701 3336 dolos
2734 3291 2988 3336 nectente
3017 3282 3233 3352 Croeso,
3271 3287 3322 3340 in
3355 3291 3597 3357 parentis

2012 3369 2183 3424 oculis
2216 3368 2421 3442 [obses]
2480 3370 2624 3427 illius
2678 3373 2750 3428 sit
2805 3374 3160 3444 interfectus;
3217 3387 3382 3449 utque
3423 3391 3597 3436 mater

2014 3460 2108 3515 ﬁlii
2134 3466 2335 3517 ca2dem
2363 3464 2579 3532 intuita,
2617 3479 2648 3519 e
2674 3480 2833 3522 muro
2861 3483 2982 3524 sese
3020 3471 3352 3541 praecipitem
3397 3477 3594 3546 egerit,

2013 3568 2113 3608 nec
2148 3562 2326 3608 tamen
2369 3554 2709 3610 occubuerit.
2749 3555 2817 3612 Ut
2850 3568 2972 3628 post
3021 3571 3235 3631 captam
3289 3567 3477 3620 urbem
3528 3569 3595 3622 ad

2011 3642 2294 3712 Apollinis,
2335 3657 2455 3712 qua:
2503 3644 2578 3699 ibi
2632 3657 2774 3714 erat,
2809 3649 2981 3703 aedem
3023 3650 3245 3708 Croesus
3273 3655 3593 3725 confugerit,

2011 3736 2342 3806 perieritque
2388 3737 2524 3809 (79).
2581 3737 2654 3795 Ut
2690 3741 2914 3795 tertium
2967 3742 3020 3796 in
3076 3744 3275 3814 templo
3309 3747 3523 3803 vinctus
3564 3771 3593 3803 a

2010 3828 2150 3900 Cyro
2231 3829 2496 3897 Crmsus,
2576 3831 2795 3887 tertium
2865 3834 3030 3888 etiam
3114 3835 3334 3893 fallente
3406 3841 3596 3897 oculos

2010 3918 2217 3972 fascino
2249 3919 2458 3976 solutus
2498 3921 2591 3988 sit,
2627 3922 2881 3992 quamvis
2913 3924 3159 3996 pluribus
3190 3927 3446 3999 templum
3491 3945 3596 3986 es-

2010 4025 2094 4067 set
2123 4013 2313 4082 sigillis
2341 4015 2714 4085 obsignatum,
2752 4015 2972 4074 (Ebara
3013 4020 3131 4089 ipso
3163 4024 3231 4076 ad
3271 4022 3465 4078 horum
3501 4040 3596 4079 cu-

2016 4107 2246 4161 stodiam
2279 4108 2549 4177 apposito.
2603 4109 2691 4165 Uti
2723 4119 2778 4164 et
2807 4111 2914 4167 illis
2944 4113 3035 4181 qui
3082 4127 3206 4168 cum
3235 4112 3426 4170 Crmso
3473 4117 3597 4172 vin-

2013 4198 2087 4252 cti
2134 4214 2237 4251 una
2267 4198 2504 4264 fuerant,
2541 4201 2720 4270 capita
2760 4201 2872 4257 sint
2904 4213 3209 4274 amputata,
3236 4207 3378 4276 quod
3406 4224 3594 4265 eorum

2007 4287 2312 4358 proditione
2339 4289 2572 4344 vinculis
2617 4292 2827 4348 solutus
2879 4307 3002 4349 esse
3031 4294 3258 4353 Croesus
3287 4309 3592 4370 putaretur.

2013 4377 2262 4434 Croesum
2295 4380 2348 4433 in
2387 4382 2592 4451 regiam
2615 4383 2931 4448 adductum,
2963 4385 3290 4458 ﬁrmiusque
3319 4391 3589 4458 vinctum,

2019 4483 2142 4524 cum
2206 4468 2434 4524 fulmina
2491 4479 2654 4541 atque
2711 4473 2950 4530 tonitrua
3003 4477 3334 4546 irruissent,
3396 4482 3591 4536 iterum

2017 4559 2188 4616 fuisse
2217 4560 2475 4628 solutum,
2509 4579 2571 4618 ac
2625 4575 2736 4618 tum
2769 4565 2984 4622 demum
3015 4586 3044 4622 a
3102 4570 3246 4642 Cyro
3295 4588 3438 4644 aegre
3472 4591 3596 4631 esse

2018 4652 2246 4708 liberum
2283 4655 2590 4713 dimissum.
2640 4657 2719 4711 Ex
2770 4673 2836 4715 eo
2871 4661 3054 4731 itaque
3107 4672 3348 4733 tempore
3393 4667 3592 4740 Cyrum

2015 4752 2127 4798 tum
2179 4744 2366 4800 urbem
2422 4747 2470 4801 ei
2534 4762 2810 4818 magnam,
2881 4749 3122 4809 Barenen
3175 4758 3393 4812 nomine
3453 4760 3588 4832 (80).

1629 4916 1863 4972 νΑιιιΑξ
1892 4917 2290 4978 LECTIONES.

386 5036 454 5118 ’ξι
477 5034 694 5120 οξϐαρᾷ
723 5053 783 5100 ς.
811 5107 827 5120 Α
862 5035 908 5067 ’⁸
941 5037 1210 5120 ςΔμιιντιν
1231 5035 1480 5120 ’πρῶτον
1529 5054 1590 5120 ς.
1621 5106 1635 5120 .
1665 5036 1709 5120 ’,ξ’
1734 5037 1993 5120 ξπιταμᾶ
2043 5053 2102 5120 ςἰ
2127 5104 2167 5120 η
2180 5035 2226 5066 ’³
2243 5035 2395 5120 ίτῶν]
2441 5037 2624 5120 malim
2673 5039 2786 5095 τόν.
2863 5043 2908 5120 ’μ’
2935 5044 3134 5120 ᾁφείθη
3154 5047 3484 5120 Δἀφείθησαν
3528 5071 3589 5118 ς.

321 5101 336 5132 ⁸
367 5104 549 5176 πόλιν]
583 5101 767 5170 πόλεις
798 5107 865 5161 Δ.
941 5107 962 5137 ⁸
991 5101 1074 5177 τε]
1100 5123 1161 5160 τε
1193 5109 1263 5178 τῇ
1426 5107 1447 5139 ³
1470 5108 1563 5161 xui
1582 5106 1644 5159 οὐ
1676 5101 2000 5174 θνήσκείς.
2073 5103 2096 5134 ⁸
2126 5101 2394 5174 Κροῖσος,’
2408 5109 2504 5160 xui
2529 5107 2775 5178 θνήσκει,
2807 5101 3020 5177 xui
3095 5101 3496 5189 1⁵’βαρήυνιῖιξίλ

1867 5224 2096 5284 ΝΟΤᾹΞ..

385 5341 501 5423 (77)
688 5339 842 5398 Sacis
880 5349 936 5398 et
966 5341 1069 5399 hoc
1107 5343 1235 5415 Cyri
1278 5344 1420 5400 bello
1477 5345 1626 5401 varia
1687 5343 1906 5412 scripsit

321 5409 546 5476 Strabo,
572 5411 664 5466 lib.
692 5427 752 5466 tt.
1154 5409 1172 5415 ⁷

388 5483 503 5548 (78)
533 5479 694 5535 Joan.
732 5482 918 5537 'l'zetz.
955 5480 1095 5537 Hist.
1113 5483 1212 5539 lib.
1249 5501 1287 5541 t.

391 5550 506 5621 (79)
535 5549 832 5620 Negantem
870 5553 997 5607 hinc
1034 5555 1358 5621 particulam
1415 5555 1469 5610 in
1502 5555 1901 5624 praecedentem

324 5634 878 5692 versumdperperam
914 5625 1232 5679 translatam
1283 5625 1442 5692 plane
1500 5625 1631 5679 milii
1675 5640 1901 5692 persua-

325 5642 548 5675 VCTSIIIII
597 5642 878 5688 perperam
914 5642 1232 5679 ll'aIISlalam
1320 5642 1442 5680 lane
1500 5642 1631 5679 Illllll
1675 5642 1897 5692 persua-

325 5692 444 5748 deo.
470 5690 582 5749 Alii
607 5692 805 5750 omissa
849 5706 982 5750 voce
1013 5693 1244 5760 Cmam,
1281 5642 1394 5753 {iace
1427 5697 1494 5754 ad
1531 5695 1648 5765 ejus
1673 5709 1897 5752 uxorem

2015 5342 2276 5398 referunt.

2087 5416 2198 5494 (ἕρ)
2224 5414 2359 5494 Hinc
2388 5414 2624 5494 forsitan
2664 5416 2830 5494 Steph
2873 5417 3402 5494 ByzpntuBupﬁyq,
3434 5424 3593 5491 πόλις

2087 5433 2198 5484 tuo)
2224 5433 2359 5469 ntuc
2396 5433 2622 5472 Iorsttan
2664 5433 2830 5485 btepn
2876 5433 2914 5470 υ
2954 5433 3121 5473 zant.:
3160 5433 3236 5473 bu
3277 5433 3402 5494 ηνη,
3434 5433 3590 5491 πόλις

2013 5485 2246 5567 Μηδίας,
2278 5485 2448 5567 mp5
2489 5486 2862 5567 Ἀγόατάνων.
2895 5433 2999 5567 (iui
3030 5498 3084 5567 et
3119 5489 3205 5567 de_
3237 5436 3404 5567 in.qu
3441 5497 3590 5552 vocis

2010 5558 2336 5632 scripturn}
2379 5557 2629 5632 Κτησίας
2682 5557 2974 5632 παντοχοῦ-
3003 5557 3110 5611 τῶν
3160 5557 3468 5632 Περσικῶν,
3517 5568 3590 5619 τὰ

2012 5625 2391 5708 παρὰὶΜήδρις
2434 5625 2738 5708 ίᾹγὸάξανα
2764 5625 3048 5708 τού-ἰι
3068 5625 3271 5708 γράφεί
3295 5646 3313 5664 ο
3344 5625 3494 5708 παρὰ
3527 5637 3586 5690 δέ

2006 5699 2120 5760 τοῖς
2152 5696 2401 5767 ἀρχαίοις
2432 5697 2519 5754 διὰ
2549 5695 2642 5752 τοῦ
2682 5712 2729 5749 ε.
2764 5695 2895 5754 Vide
2923 5699 3051 5756 alibi
3081 5695 3262 5769 plut—'a.
