  <div class='ocr_page' id='page_1' title='image "/cluster/home/n/w/nwhite01/storage/ocr_20150623/103 pt.3/mdp.39015061933738/095.png"; bbox 0 0 3980 6234; ppageno 0'>
   <div class='ocr_carea' id='block_1_1' title="bbox 349 248 452 314">
    <p class='ocr_par' dir='ltr' id='par_1_1' title="bbox 349 248 452 314">
     <span class='ocr_line' id='line_1_1' title="bbox 349 248 452 314; baseline 0 0"><span class='ocrx_word' id='word_1_1' title='bbox 349 248 452 314; x_wconf 82' lang='lat'><strong>175</strong></span> 
     </span>
    </p>
   </div>
   <div class='ocr_carea' id='block_1_2' title="bbox 1523 259 2486 323">
    <p class='ocr_par' dir='ltr' id='par_1_2' title="bbox 1523 259 2486 323">
     <span class='ocr_line' id='line_1_2' title="bbox 1523 259 2486 323; baseline 0.004 -4"><span class='ocrx_word' id='word_1_2' title='bbox 1523 259 1788 320; x_wconf 79' lang='lat' dir='ltr'><strong>PHOTII</strong></span> <span class='ocrx_word' id='word_1_3' title='bbox 1824 260 2334 323; x_wconf 81' lang='lat' dir='ltr'><strong>PATRIARCH/E</strong></span> <span class='ocrx_word' id='word_1_4' title='bbox 2374 263 2486 323; x_wconf 79' lang='grc' dir='ltr'><strong>ΟΡ.</strong></span> 
     </span>
    </p>
   </div>
   <div class='ocr_carea' id='block_1_3' title="bbox 3517 260 3619 329">
    <p class='ocr_par' dir='ltr' id='par_1_3' title="bbox 3517 260 3619 329">
     <span class='ocr_line' id='line_1_3' title="bbox 3517 260 3619 329; baseline 0 -1"><span class='ocrx_word' id='word_1_5' title='bbox 3517 260 3619 329; x_wconf 83' lang='grc'><strong>176</strong></span> 
     </span>
    </p>
   </div>
   <div class='ocr_carea' id='block_1_4' title="bbox 340 369 3617 447">
    <p class='ocr_par' dir='ltr' id='par_1_4' title="bbox 340 369 3617 447">
     <span class='ocr_line' id='line_1_4' title="bbox 340 369 3617 447; baseline 0.002 -23"><span class='ocrx_word' id='word_1_6' title='bbox 340 383 510 440; x_wconf 85' lang='lat' dir='ltr'><strong>prope</strong></span> <span class='ocrx_word' id='word_1_7' title='bbox 559 369 837 428; x_wconf 84' lang='lat' dir='ltr'><strong>Ecbatana</strong></span> <span class='ocrx_word' id='word_1_8' title='bbox 881 371 1133 439; x_wconf 80' lang='lat' dir='ltr'><strong>dedisse,</strong></span> <span class='ocrx_word' id='word_1_9' title='bbox 1190 372 1244 428; x_wconf 94' lang='lat' dir='ltr'><strong>in</strong></span> <span class='ocrx_word' id='word_1_10' title='bbox 1292 387 1399 444; x_wconf 86' lang='lat' dir='ltr'><strong>qua</strong></span> <span class='ocrx_word' id='word_1_11' title='bbox 1451 372 1694 442; x_wconf 80' lang='lat' dir='ltr'><strong>quinque</strong></span> <span class='ocrx_word' id='word_1_12' title='bbox 1744 381 1930 427; x_wconf 87' lang='lat' dir='ltr'><strong>essent</strong></span> <span class='ocrx_word' id='word_1_13' title='bbox 1962 374 2231 442; x_wconf 84' lang='lat' dir='ltr'><strong>equitum,</strong></span> <span class='ocrx_word' id='word_1_14' title='bbox 2265 375 2595 444; x_wconf 86' lang='lat' dir='ltr'><strong>peltatorum</strong></span> <span class='ocrx_word' id='word_1_15' title='bbox 2622 391 2752 431; x_wconf 86' lang='lat' dir='ltr'><strong>vero</strong></span> <span class='ocrx_word' id='word_1_16' title='bbox 2787 376 3264 447; x_wconf 85' lang='lat' dir='ltr'><strong>jaculatorumque</strong></span> <span class='ocrx_word' id='word_1_17' title='bbox 3326 385 3383 432; x_wconf 90' lang='lat' dir='ltr'><strong>et</strong></span> <span class='ocrx_word' id='word_1_18' title='bbox 3447 377 3617 447; x_wconf 77' lang='lat' dir='ltr'><strong>sagit-</strong></span> 
     </span>
    </p>
   </div>
   <div class='ocr_carea' id='block_1_5' title="bbox 341 465 1144 522">
    <p class='ocr_par' dir='ltr' id='par_1_5' title="bbox 341 465 1144 522">
     <span class='ocr_line' id='line_1_5' title="bbox 341 465 1144 522; baseline 0 -2"><span class='ocrx_word' id='word_1_19' title='bbox 341 465 607 520; x_wconf 89' lang='lat' dir='ltr'><strong>tariorum</strong></span> <span class='ocrx_word' id='word_1_20' title='bbox 635 465 702 520; x_wconf 83' lang='lat' dir='ltr'><strong>ad</strong></span> <span class='ocrx_word' id='word_1_21' title='bbox 734 466 922 522; x_wconf 85' lang='lat' dir='ltr'><strong>decem</strong></span> <span class='ocrx_word' id='word_1_22' title='bbox 956 467 1144 522; x_wconf 84' lang='lat' dir='ltr'><strong>millia.</strong></span> 
     </span>
    </p>
   </div>
   <div class='ocr_carea' id='block_1_6' title="bbox 415 558 1994 631">
    <p class='ocr_par' dir='ltr' id='par_1_6' title="bbox 415 558 1994 631">
     <span class='ocr_line' id='line_1_6' title="bbox 415 558 1994 631; baseline -0.003 -15"><span class='ocrx_word' id='word_1_23' title='bbox 415 558 597 616; x_wconf 78' lang='lat' dir='ltr'><strong>Refert</strong></span> <span class='ocrx_word' id='word_1_24' title='bbox 657 569 942 631; x_wconf 58' lang='lat' dir='ltr'><strong>praeterea,</strong></span> <span class='ocrx_word' id='word_1_25' title='bbox 981 559 1280 616; x_wconf 85' lang='lat' dir='ltr'><strong>Petisacam</strong></span> <span class='ocrx_word' id='word_1_26' title='bbox 1333 561 1668 624; x_wconf 86' lang='lat' dir='ltr'><strong>eunuchum,</strong></span> <span class='ocrx_word' id='word_1_27' title='bbox 1720 575 1913 629; x_wconf 81' lang='lat' dir='ltr'><strong>magna</strong></span> <span class='ocrx_word' id='word_1_28' title='bbox 1947 565 1994 620; x_wconf 77' lang='grc' dir='ltr'>Α</span> 
     </span>
    </p>
   </div>
   <div class='ocr_carea' id='block_1_7' title="bbox 341 650 1920 723">
    <p class='ocr_par' dir='ltr' id='par_1_7' title="bbox 341 650 1920 723">
     <span class='ocr_line' id='line_1_7' title="bbox 341 650 1920 723; baseline 0 -19"><span class='ocrx_word' id='word_1_29' title='bbox 341 651 482 720; x_wconf 86' lang='lat' dir='ltr'><strong>apud</strong></span> <span class='ocrx_word' id='word_1_30' title='bbox 513 650 716 723; x_wconf 87' lang='lat' dir='ltr'><strong>Cyrum</strong></span> <span class='ocrx_word' id='word_1_31' title='bbox 743 653 1074 707; x_wconf 70' lang='lat' dir='ltr'><strong>auctoritate</strong></span> <span class='ocrx_word' id='word_1_32' title='bbox 1097 650 1412 721; x_wconf 84' lang='lat' dir='ltr'><strong>pollentem,</strong></span> <span class='ocrx_word' id='word_1_33' title='bbox 1435 654 1485 704; x_wconf 93' lang='lat' dir='ltr'><strong>in</strong></span> <span class='ocrx_word' id='word_1_34' title='bbox 1508 651 1706 706; x_wconf 81' lang='lat' dir='ltr'><strong>Persas</strong></span> <span class='ocrx_word' id='word_1_35' title='bbox 1736 667 1920 705; x_wconf 83' lang='lat' dir='ltr'><strong>aman-</strong></span> 
     </span>
    </p>
   </div>
   <div class='ocr_carea' id='block_1_8' title="bbox 341 743 1919 816">
    <p class='ocr_par' dir='ltr' id='par_1_8' title="bbox 341 743 1919 816">
     <span class='ocr_line' id='line_1_8' title="bbox 341 743 1919 816; baseline -0.001 -18"><span class='ocrx_word' id='word_1_36' title='bbox 341 745 556 806; x_wconf 85' lang='lat' dir='ltr'><strong>datum.</strong></span> <span class='ocrx_word' id='word_1_37' title='bbox 597 745 688 814; x_wconf 88' lang='lat' dir='ltr'><strong>qui</strong></span> <span class='ocrx_word' id='word_1_38' title='bbox 735 746 995 816; x_wconf 76' lang='lat' dir='ltr'><strong>Astyigan</strong></span> <span class='ocrx_word' id='word_1_39' title='bbox 1032 760 1060 799; x_wconf 90' lang='lat' dir='ltr'><strong>a</strong></span> <span class='ocrx_word' id='word_1_40' title='bbox 1101 743 1384 798; x_wconf 89' lang='lat' dir='ltr'><strong>Barcaniis</strong></span> <span class='ocrx_word' id='word_1_41' title='bbox 1417 743 1734 810; x_wconf 81' lang='lat' dir='ltr'><strong>adduceret,</strong></span> <span class='ocrx_word' id='word_1_42' title='bbox 1775 743 1919 812; x_wconf 90' lang='lat' dir='ltr'><strong>quod</strong></span> 
     </span>
    </p>
   </div>
   <div class='ocr_carea' id='block_1_9' title="bbox 341 832 1920 906">
    <p class='ocr_par' dir='ltr' id='par_1_9' title="bbox 341 832 1920 906">
     <span class='ocr_line' id='line_1_9' title="bbox 341 832 1920 906; baseline -0.001 -19"><span class='ocrx_word' id='word_1_43' title='bbox 341 851 463 890; x_wconf 82' lang='lat' dir='ltr'><strong>cum</strong></span> <span class='ocrx_word' id='word_1_44' title='bbox 503 837 638 906; x_wconf 87' lang='lat' dir='ltr'><strong>ipse,</strong></span> <span class='ocrx_word' id='word_1_45' title='bbox 674 846 785 889; x_wconf 90' lang='lat' dir='ltr'><strong>tum</strong></span> <span class='ocrx_word' id='word_1_46' title='bbox 814 835 1022 906; x_wconf 84' lang='lat' dir='ltr'><strong>Amytis</strong></span> <span class='ocrx_word' id='word_1_47' title='bbox 1059 833 1168 889; x_wconf 81' lang='lat' dir='ltr'><strong>ﬁlia</strong></span> <span class='ocrx_word' id='word_1_48' title='bbox 1207 843 1487 904; x_wconf 86' lang='lat' dir='ltr'><strong>parentem</strong></span> <span class='ocrx_word' id='word_1_49' title='bbox 1551 832 1741 887; x_wconf 89' lang='lat' dir='ltr'><strong>videre</strong></span> <span class='ocrx_word' id='word_1_50' title='bbox 1787 847 1920 886; x_wconf 38' lang='lat' dir='ltr'><strong>exos</strong></span> 
     </span>
    </p>
   </div>
   <div class='ocr_carea' id='block_1_10' title="bbox 344 923 1919 997">
    <p class='ocr_par' dir='ltr' id='par_1_10' title="bbox 344 923 1919 997">
     <span class='ocr_line' id='line_1_10' title="bbox 344 923 1919 997; baseline -0.004 -16"><span class='ocrx_word' id='word_1_51' title='bbox 344 937 550 997; x_wconf 85' lang='lat' dir='ltr'><strong>ptarel.</strong></span> <span class='ocrx_word' id='word_1_52' title='bbox 583 927 837 983; x_wconf 75' lang='lat' dir='ltr'><strong>(Eburan</strong></span> <span class='ocrx_word' id='word_1_53' title='bbox 870 937 1050 980; x_wconf 88' lang='lat' dir='ltr'><strong>autem</strong></span> <span class='ocrx_word' id='word_1_54' title='bbox 1084 924 1656 981; x_wconf 70' lang='lat' dir='ltr'><strong>consilinmPetisacac</strong></span> <span class='ocrx_word' id='word_1_55' title='bbox 1678 923 1919 985; x_wconf 79' lang='lat' dir='ltr'><strong>dedisse,</strong></span> 
     </span>
    </p>
   </div>
   <div class='ocr_carea' id='block_1_11' title="bbox 340 1014 1922 1088">
    <p class='ocr_par' dir='ltr' id='par_1_11' title="bbox 340 1014 1922 1088">
     <span class='ocr_line' id='line_1_11' title="bbox 340 1014 1922 1088; baseline -0.001 -19"><span class='ocrx_word' id='word_1_56' title='bbox 340 1027 399 1072; x_wconf 91' lang='lat' dir='ltr'><strong>ut</strong></span> <span class='ocrx_word' id='word_1_57' title='bbox 442 1017 495 1072; x_wconf 92' lang='lat' dir='ltr'><strong>in</strong></span> <span class='ocrx_word' id='word_1_58' title='bbox 537 1019 749 1072; x_wconf 74' lang='lat' dir='ltr'><strong>deserto</strong></span> <span class='ocrx_word' id='word_1_59' title='bbox 795 1018 915 1072; x_wconf 89' lang='lat' dir='ltr'><strong>loco</strong></span> <span class='ocrx_word' id='word_1_60' title='bbox 961 1018 1144 1085; x_wconf 85' lang='lat' dir='ltr'><strong>aliquo</strong></span> <span class='ocrx_word' id='word_1_61' title='bbox 1189 1017 1451 1088; x_wconf 78' lang='lat' dir='ltr'><strong>Astyigan</strong></span> <span class='ocrx_word' id='word_1_62' title='bbox 1489 1016 1736 1070; x_wconf 90' lang='lat' dir='ltr'><strong>relictum</strong></span> <span class='ocrx_word' id='word_1_63' title='bbox 1779 1014 1922 1069; x_wconf 81' lang='lat' dir='ltr'><strong>fame</strong></span> 
     </span>
    </p>
   </div>
   <div class='ocr_carea' id='block_1_12' title="bbox 339 1106 1918 1178">
    <p class='ocr_par' dir='ltr' id='par_1_12' title="bbox 339 1106 1918 1178">
     <span class='ocr_line' id='line_1_12' title="bbox 339 1106 1918 1178; baseline -0.001 -16"><span class='ocrx_word' id='word_1_64' title='bbox 339 1109 540 1178; x_wconf 91' lang='lat' dir='ltr'><strong>sitique</strong></span> <span class='ocrx_word' id='word_1_65' title='bbox 571 1108 902 1175; x_wconf 82' lang='lat' dir='ltr'><strong>conﬁceret;</strong></span> <span class='ocrx_word' id='word_1_66' title='bbox 945 1108 1187 1178; x_wconf 88' lang='lat' dir='ltr'><strong>illudque</strong></span> <span class='ocrx_word' id='word_1_67' title='bbox 1211 1109 1378 1163; x_wconf 83' lang='lat' dir='ltr'><strong>etiam</strong></span> <span class='ocrx_word' id='word_1_68' title='bbox 1421 1109 1491 1162; x_wconf 87' lang='lat' dir='ltr'><strong>ita</strong></span> <span class='ocrx_word' id='word_1_69' title='bbox 1532 1106 1735 1162; x_wconf 82' lang='lat' dir='ltr'><strong>factum</strong></span> <span class='ocrx_word' id='word_1_70' title='bbox 1777 1120 1918 1161; x_wconf 89' lang='lat' dir='ltr'><strong>esse.</strong></span> 
     </span>
    </p>
   </div>
   <div class='ocr_carea' id='block_1_13' title="bbox 341 1197 1919 1269">
    <p class='ocr_par' dir='ltr' id='par_1_13' title="bbox 341 1197 1919 1269">
     <span class='ocr_line' id='line_1_13' title="bbox 341 1197 1919 1269; baseline -0.001 -17"><span class='ocrx_word' id='word_1_71' title='bbox 341 1198 540 1255; x_wconf 81' lang='lat' dir='ltr'><strong>Verum</strong></span> <span class='ocrx_word' id='word_1_72' title='bbox 580 1199 792 1255; x_wconf 83' lang='lat' dir='ltr'><strong>scelere</strong></span> <span class='ocrx_word' id='word_1_73' title='bbox 835 1214 934 1269; x_wconf 90' lang='lat' dir='ltr'><strong>per</strong></span> <span class='ocrx_word' id='word_1_74' title='bbox 977 1199 1192 1255; x_wconf 88' lang='lat' dir='ltr'><strong>somnia</strong></span> <span class='ocrx_word' id='word_1_75' title='bbox 1233 1199 1528 1269; x_wconf 82' lang='lat' dir='ltr'><strong>patefacto,</strong></span> <span class='ocrx_word' id='word_1_76' title='bbox 1556 1197 1860 1253; x_wconf 83' lang='lat' dir='ltr'><strong>Petisacam</strong></span> <span class='ocrx_word' id='word_1_77' title='bbox 1890 1213 1919 1250; x_wconf 88' lang='lat' dir='ltr'><strong>a</strong></span> 
     </span>
    </p>
   </div>
   <div class='ocr_carea' id='block_1_14' title="bbox 338 1288 1922 1362">
    <p class='ocr_par' dir='ltr' id='par_1_14' title="bbox 338 1288 1922 1362">
     <span class='ocr_line' id='line_1_14' title="bbox 338 1288 1922 1362; baseline -0.001 -19"><span class='ocrx_word' id='word_1_78' title='bbox 338 1290 502 1362; x_wconf 91' lang='lat' dir='ltr'><strong>Cyro,</strong></span> <span class='ocrx_word' id='word_1_79' title='bbox 542 1289 833 1345; x_wconf 88' lang='lat' dir='ltr'><strong>identidem</strong></span> <span class='ocrx_word' id='word_1_80' title='bbox 867 1289 996 1344; x_wconf 90' lang='lat' dir='ltr'><strong>illud</strong></span> <span class='ocrx_word' id='word_1_81' title='bbox 1027 1289 1342 1360; x_wconf 87' lang='lat' dir='ltr'><strong>exposcenti</strong></span> <span class='ocrx_word' id='word_1_82' title='bbox 1372 1289 1581 1361; x_wconf 81' lang='lat' dir='ltr'><strong>Amyli,</strong></span> <span class='ocrx_word' id='word_1_83' title='bbox 1614 1289 1682 1344; x_wconf 90' lang='lat' dir='ltr'><strong>ad</strong></span> <span class='ocrx_word' id='word_1_84' title='bbox 1715 1288 1922 1360; x_wconf 91' lang='lat' dir='ltr'><strong>suppli-</strong></span> 
     </span>
    </p>
   </div>
   <div class='ocr_carea' id='block_1_15' title="bbox 338 1381 1921 1453">
    <p class='ocr_par' dir='ltr' id='par_1_15' title="bbox 338 1381 1921 1453">
     <span class='ocr_line' id='line_1_15' title="bbox 338 1381 1921 1453; baseline -0.002 -15"><span class='ocrx_word' id='word_1_85' title='bbox 338 1385 481 1438; x_wconf 89' lang='lat' dir='ltr'><strong>cium</strong></span> <span class='ocrx_word' id='word_1_86' title='bbox 509 1383 752 1438; x_wconf 89' lang='lat' dir='ltr'><strong>deditum</strong></span> <span class='ocrx_word' id='word_1_87' title='bbox 781 1397 923 1438; x_wconf 89' lang='lat' dir='ltr'><strong>esse.</strong></span> <span class='ocrx_word' id='word_1_88' title='bbox 954 1381 1106 1436; x_wconf 88' lang='lat' dir='ltr'><strong>Illam</strong></span> <span class='ocrx_word' id='word_1_89' title='bbox 1155 1382 1343 1437; x_wconf 84' lang='lat' dir='ltr'><strong>oculos</strong></span> <span class='ocrx_word' id='word_1_90' title='bbox 1387 1385 1622 1453; x_wconf 90' lang='lat' dir='ltr'><strong>primum</strong></span> <span class='ocrx_word' id='word_1_91' title='bbox 1661 1382 1921 1436; x_wconf 83' lang='lat' dir='ltr'><strong>semiviro</strong></span> 
     </span>
    </p>
   </div>
   <div class='ocr_carea' id='block_1_16' title="bbox 337 1471 1919 1545">
    <p class='ocr_par' dir='ltr' id='par_1_16' title="bbox 337 1471 1919 1545">
     <span class='ocr_line' id='line_1_16' title="bbox 337 1471 1919 1545; baseline -0.005 -15"><span class='ocrx_word' id='word_1_92' title='bbox 337 1475 732 1545; x_wconf 85' lang='lat' dir='ltr'><strong>exsculpsisse,</strong></span> <span class='ocrx_word' id='word_1_93' title='bbox 768 1483 881 1528; x_wconf 89' lang='lat' dir='ltr'><strong>tum</strong></span> <span class='ocrx_word' id='word_1_94' title='bbox 914 1473 1110 1543; x_wconf 86' lang='lat' dir='ltr'><strong>pellem</strong></span> <span class='ocrx_word' id='word_1_95' title='bbox 1137 1473 1466 1536; x_wconf 79' lang='lat' dir='ltr'><strong>detraxisse,</strong></span> <span class='ocrx_word' id='word_1_96' title='bbox 1501 1471 1574 1526; x_wconf 90' lang='lat' dir='ltr'><strong>ita</strong></span> <span class='ocrx_word' id='word_1_97' title='bbox 1610 1471 1844 1542; x_wconf 91' lang='lat' dir='ltr'><strong>denique</strong></span> <span class='ocrx_word' id='word_1_98' title='bbox 1869 1471 1919 1523; x_wconf 94' lang='lat' dir='ltr'><strong>in</strong></span> 
     </span>
    </p>
   </div>
   <div class='ocr_carea' id='block_1_17' title="bbox 338 1563 1922 1639">
    <p class='ocr_par' dir='ltr' id='par_1_17' title="bbox 338 1563 1922 1639">
     <span class='ocr_line' id='line_1_17' title="bbox 338 1563 1922 1639; baseline -0.001 -19"><span class='ocrx_word' id='word_1_99' title='bbox 338 1581 556 1621; x_wconf 91' lang='lat' dir='ltr'><strong>crucem</strong></span> <span class='ocrx_word' id='word_1_100' title='bbox 599 1568 801 1639; x_wconf 76' lang='lat' dir='ltr'><strong>egisse.</strong></span> <span class='ocrx_word' id='word_1_101' title='bbox 845 1565 985 1622; x_wconf 88' lang='lat' dir='ltr'><strong>lIinc</strong></span> <span class='ocrx_word' id='word_1_102' title='bbox 1027 1565 1302 1631; x_wconf 74' lang='lat' dir='ltr'><strong>(Ebaran,</strong></span> <span class='ocrx_word' id='word_1_103' title='bbox 1338 1581 1406 1621; x_wconf 90' lang='lat' dir='ltr'><strong>ne</strong></span> <span class='ocrx_word' id='word_1_104' title='bbox 1442 1564 1581 1620; x_wconf 91' lang='lat' dir='ltr'><strong>idem</strong></span> <span class='ocrx_word' id='word_1_105' title='bbox 1631 1563 1922 1633; x_wconf 86' lang='lat' dir='ltr'><strong>aliquando</strong></span> 
     </span>
    </p>
   </div>
   <div class='ocr_carea' id='block_1_18' title="bbox 337 1655 1918 1730">
    <p class='ocr_par' dir='ltr' id='par_1_18' title="bbox 337 1655 1918 1730">
     <span class='ocr_line' id='line_1_18' title="bbox 337 1655 1918 1730; baseline -0.001 -19"><span class='ocrx_word' id='word_1_106' title='bbox 337 1669 618 1730; x_wconf 86' lang='lat' dir='ltr'><strong>pateretur</strong></span> <span class='ocrx_word' id='word_1_107' title='bbox 659 1659 892 1714; x_wconf 82' lang='lat' dir='ltr'><strong>veritum</strong></span> <span class='ocrx_word' id='word_1_108' title='bbox 933 1658 1058 1729; x_wconf 88' lang='lat' dir='ltr'><strong>(etsi</strong></span> <span class='ocrx_word' id='word_1_109' title='bbox 1093 1667 1247 1714; x_wconf 90' lang='lat' dir='ltr'><strong>certo</strong></span> <span class='ocrx_word' id='word_1_110' title='bbox 1279 1657 1352 1713; x_wconf 90' lang='lat' dir='ltr'><strong>illi</strong></span> <span class='ocrx_word' id='word_1_111' title='bbox 1380 1657 1679 1712; x_wconf 89' lang='lat' dir='ltr'><strong>allirmaret</strong></span> <span class='ocrx_word' id='word_1_112' title='bbox 1723 1655 1918 1723; x_wconf 82' lang='lat' dir='ltr'><strong>Cyrus,</strong></span> 
     </span>
    </p>
   </div>
   <div class='ocr_carea' id='block_1_19' title="bbox 342 1750 1922 1822">
    <p class='ocr_par' dir='ltr' id='par_1_19' title="bbox 342 1750 1922 1822">
     <span class='ocr_line' id='line_1_19' title="bbox 342 1750 1922 1822; baseline -0.004 -14"><span class='ocrx_word' id='word_1_113' title='bbox 342 1753 478 1808; x_wconf 84' lang='lat' dir='ltr'><strong>nihil</strong></span> <span class='ocrx_word' id='word_1_114' title='bbox 538 1767 598 1809; x_wconf 84' lang='lat' dir='ltr'><strong>se</strong></span> <span class='ocrx_word' id='word_1_115' title='bbox 645 1750 912 1821; x_wconf 85' lang='lat' dir='ltr'><strong>ejusmodi</strong></span> <span class='ocrx_word' id='word_1_116' title='bbox 973 1767 1211 1821; x_wconf 91' lang='lat' dir='ltr'><strong>unquam</strong></span> <span class='ocrx_word' id='word_1_117' title='bbox 1250 1750 1689 1822; x_wconf 87' lang='lat' dir='ltr'><strong>permissurum),</strong></span> <span class='ocrx_word' id='word_1_118' title='bbox 1732 1750 1922 1802; x_wconf 86' lang='lat' dir='ltr'><strong>decem</strong></span> 
     </span>
    </p>
   </div>
   <div class='ocr_carea' id='block_1_20' title="bbox 336 1839 1919 1912">
    <p class='ocr_par' dir='ltr' id='par_1_20' title="bbox 336 1839 1919 1912">
     <span class='ocr_line' id='line_1_20' title="bbox 336 1839 1919 1912; baseline -0.005 -11"><span class='ocrx_word' id='word_1_119' title='bbox 336 1845 696 1902; x_wconf 85' lang='lat' dir='ltr'><strong>nihilominus</strong></span> <span class='ocrx_word' id='word_1_120' title='bbox 755 1844 965 1899; x_wconf 90' lang='lat' dir='ltr'><strong>dierum</strong></span> <span class='ocrx_word' id='word_1_121' title='bbox 1023 1843 1201 1898; x_wconf 75' lang='lat' dir='ltr'><strong>inedia</strong></span> <span class='ocrx_word' id='word_1_122' title='bbox 1262 1842 1436 1912; x_wconf 88' lang='lat' dir='ltr'><strong>ipsum</strong></span> <span class='ocrx_word' id='word_1_123' title='bbox 1520 1839 1624 1896; x_wconf 85' lang='lat' dir='ltr'><strong>sibi</strong></span> <span class='ocrx_word' id='word_1_124' title='bbox 1691 1848 1919 1894; x_wconf 86' lang='lat' dir='ltr'><strong>mortem</strong></span> 
     </span>
    </p>
   </div>
   <div class='ocr_carea' id='block_1_21' title="bbox 335 1931 1919 2006">
    <p class='ocr_par' dir='ltr' id='par_1_21' title="bbox 335 1931 1919 2006">
     <span class='ocr_line' id='line_1_21' title="bbox 335 1931 1919 2006; baseline -0.008 -12"><span class='ocrx_word' id='word_1_125' title='bbox 335 1937 696 1994; x_wconf 87' lang='lat' dir='ltr'><strong>conscivisse.</strong></span> <span class='ocrx_word' id='word_1_126' title='bbox 748 1933 869 1992; x_wconf 78' lang='lat' dir='ltr'><strong>Iam</strong></span> <span class='ocrx_word' id='word_1_127' title='bbox 923 1934 1102 2006; x_wconf 85' lang='lat' dir='ltr'><strong>ipsum</strong></span> <span class='ocrx_word' id='word_1_128' title='bbox 1147 1933 1408 2004; x_wconf 79' lang='lat' dir='ltr'><strong>Astyigan</strong></span> <span class='ocrx_word' id='word_1_129' title='bbox 1469 1931 1754 2003; x_wconf 87' lang='lat' dir='ltr'><strong>splendide</strong></span> <span class='ocrx_word' id='word_1_130' title='bbox 1795 1945 1919 1984; x_wconf 88' lang='lat' dir='ltr'><strong>cum</strong></span> 
     </span>
    </p>
   </div>
   <div class='ocr_carea' id='block_1_22' title="bbox 335 2023 1914 2100">
    <p class='ocr_par' dir='ltr' id='par_1_22' title="bbox 335 2023 1914 2100">
     <span class='ocr_line' id='line_1_22' title="bbox 335 2023 1914 2100; baseline -0.006 -16"><span class='ocrx_word' id='word_1_131' title='bbox 335 2028 531 2099; x_wconf 84' lang='lat' dir='ltr'><strong>primis</strong></span> <span class='ocrx_word' id='word_1_132' title='bbox 569 2037 732 2100; x_wconf 89' lang='lat' dir='ltr'><strong>atque</strong></span> <span class='ocrx_word' id='word_1_133' title='bbox 773 2025 1061 2098; x_wconf 73' lang='lat' dir='ltr'><strong>magnifice</strong></span> <span class='ocrx_word' id='word_1_134' title='bbox 1109 2025 1378 2096; x_wconf 91' lang='lat' dir='ltr'><strong>sepultum</strong></span> <span class='ocrx_word' id='word_1_135' title='bbox 1411 2023 1617 2092; x_wconf 83' lang='lat' dir='ltr'><strong>fuisse;</strong></span> <span class='ocrx_word' id='word_1_136' title='bbox 1651 2023 1914 2078; x_wconf 89' lang='lat' dir='ltr'><strong>intactum</strong></span> 
     </span>
    </p>
   </div>
   <div class='ocr_carea' id='block_1_23' title="bbox 335 2114 1917 2194">
    <p class='ocr_par' dir='ltr' id='par_1_23' title="bbox 335 2114 1917 2194">
     <span class='ocr_line' id='line_1_23' title="bbox 335 2114 1917 2194; baseline -0.003 -22"><span class='ocrx_word' id='word_1_137' title='bbox 335 2120 538 2194; x_wconf 85' lang='lat' dir='ltr'><strong>quippe</strong></span> <span class='ocrx_word' id='word_1_138' title='bbox 571 2118 704 2174; x_wconf 83' lang='lat' dir='ltr'><strong>feris</strong></span> <span class='ocrx_word' id='word_1_139' title='bbox 747 2115 864 2189; x_wconf 84' lang='lat' dir='ltr'><strong>ejus</strong></span> <span class='ocrx_word' id='word_1_140' title='bbox 912 2117 1149 2174; x_wconf 83' lang='lat' dir='ltr'><strong>cadaver</strong></span> <span class='ocrx_word' id='word_1_141' title='bbox 1185 2116 1319 2173; x_wconf 89' lang='lat' dir='ltr'><strong>locis</strong></span> <span class='ocrx_word' id='word_1_142' title='bbox 1365 2115 1474 2170; x_wconf 83' lang='lat' dir='ltr'><strong>illis</strong></span> <span class='ocrx_word' id='word_1_143' title='bbox 1518 2114 1753 2171; x_wconf 89' lang='lat' dir='ltr'><strong>desertis</strong></span> <span class='ocrx_word' id='word_1_144' title='bbox 1789 2128 1917 2184; x_wconf 84' lang='lat' dir='ltr'><strong>per-</strong></span> 
     </span>
    </p>
   </div>
   <div class='ocr_carea' id='block_1_24' title="bbox 337 2206 1915 2285">
    <p class='ocr_par' dir='ltr' id='par_1_24' title="bbox 337 2206 1915 2285">
     <span class='ocr_line' id='line_1_24' title="bbox 337 2206 1915 2285; baseline -0.006 -17"><span class='ocrx_word' id='word_1_145' title='bbox 337 2213 630 2278; x_wconf 84' lang='lat' dir='ltr'><strong>mansisse,</strong></span> <span class='ocrx_word' id='word_1_146' title='bbox 663 2212 806 2285; x_wconf 85' lang='lat' dir='ltr'><strong>quod</strong></span> <span class='ocrx_word' id='word_1_147' title='bbox 837 2207 963 2264; x_wconf 90' lang='lat' dir='ltr'><strong>illud</strong></span> <span class='ocrx_word' id='word_1_148' title='bbox 991 2207 1063 2263; x_wconf 89' lang='lat' dir='ltr'><strong>ibi</strong></span> <span class='ocrx_word' id='word_1_149' title='bbox 1101 2207 1307 2272; x_wconf 89' lang='lat' dir='ltr'><strong>leones,</strong></span> <span class='ocrx_word' id='word_1_150' title='bbox 1336 2207 1463 2262; x_wconf 86' lang='lat' dir='ltr'><strong>dum</strong></span> <span class='ocrx_word' id='word_1_151' title='bbox 1512 2206 1790 2262; x_wconf 86' lang='lat' dir='ltr'><strong>Petisacas</strong></span> <span class='ocrx_word' id='word_1_152' title='bbox 1826 2218 1915 2260; x_wconf 88' lang='lat' dir='ltr'><strong>re-</strong></span> 
     </span>
    </p>
   </div>
   <div class='ocr_carea' id='block_1_25' title="bbox 337 2290 1520 2368">
    <p class='ocr_par' dir='ltr' id='par_1_25' title="bbox 337 2290 1520 2368">
     <span class='ocr_line' id='line_1_25' title="bbox 337 2290 1520 2368; baseline -0.004 -10"><span class='ocrx_word' id='word_1_153' title='bbox 337 2319 530 2362; x_wconf 76' lang='lat' dir='ltr'><strong>versus</strong></span> <span class='ocrx_word' id='word_1_154' title='bbox 547 2302 813 2368; x_wconf 81' lang='lat' dir='ltr'><strong>auferret,</strong></span> <span class='ocrx_word' id='word_1_155' title='bbox 837 2311 1276 2358; x_wconf 81' lang='lat' dir='ltr'><strong>conservassem.</strong></span> <span class='ocrx_word' id='word_1_156' title='bbox 1512 2290 1520 2298; x_wconf 84' lang='grc'><strong>’</strong></span> 
     </span>
    </p>
   </div>
   <div class='ocr_carea' id='block_1_26' title="bbox 405 2387 1916 2468">
    <p class='ocr_par' dir='ltr' id='par_1_26' title="bbox 405 2387 1916 2468">
     <span class='ocr_line' id='line_1_26' title="bbox 405 2387 1916 2468; baseline -0.007 -17"><span class='ocrx_word' id='word_1_157' title='bbox 405 2393 658 2468; x_wconf 88' lang='lat' dir='ltr'><strong>Cyrusin</strong></span> <span class='ocrx_word' id='word_1_158' title='bbox 685 2393 943 2448; x_wconf 89' lang='lat' dir='ltr'><strong>Derbices</strong></span> <span class='ocrx_word' id='word_1_159' title='bbox 995 2389 1146 2463; x_wconf 84' lang='lat'><strong>(8|),</strong></span> <span class='ocrx_word' id='word_1_160' title='bbox 1190 2405 1423 2459; x_wconf 90' lang='lat' dir='ltr'><strong>quorum</strong></span> <span class='ocrx_word' id='word_1_161' title='bbox 1463 2398 1577 2443; x_wconf 90' lang='lat' dir='ltr'><strong>tum</strong></span> <span class='ocrx_word' id='word_1_162' title='bbox 1616 2404 1711 2444; x_wconf 78' lang='lat' dir='ltr'><strong>rex</strong></span> <span class='ocrx_word' id='word_1_163' title='bbox 1750 2387 1916 2442; x_wconf 83' lang='lat' dir='ltr'><strong>Amo-</strong></span> 
     </span>
    </p>
   </div>
   <div class='ocr_carea' id='block_1_27' title="bbox 333 2479 1916 2552">
    <p class='ocr_par' dir='ltr' id='par_1_27' title="bbox 333 2479 1916 2552">
     <span class='ocr_line' id='line_1_27' title="bbox 333 2479 1916 2552; baseline -0.006 -8"><span class='ocrx_word' id='word_1_164' title='bbox 333 2503 506 2552; x_wconf 71' lang='lat' dir='ltr'><strong>nens,</strong></span> <span class='ocrx_word' id='word_1_165' title='bbox 538 2487 843 2546; x_wconf 77' lang='lat' dir='ltr'><strong>exercitum</strong></span> <span class='ocrx_word' id='word_1_166' title='bbox 873 2483 1063 2552; x_wconf 91' lang='lat' dir='ltr'><strong>ducit;</strong></span> <span class='ocrx_word' id='word_1_167' title='bbox 1103 2494 1158 2538; x_wconf 87' lang='lat' dir='ltr'><strong>at</strong></span> <span class='ocrx_word' id='word_1_168' title='bbox 1187 2482 1263 2538; x_wconf 90' lang='lat' dir='ltr'><strong>illi</strong></span> <span class='ocrx_word' id='word_1_169' title='bbox 1293 2496 1356 2536; x_wconf 84' lang='lat' dir='ltr'><strong>ex</strong></span> <span class='ocrx_word' id='word_1_170' title='bbox 1393 2480 1606 2536; x_wconf 88' lang='lat' dir='ltr'><strong>insidiis</strong></span> <span class='ocrx_word' id='word_1_171' title='bbox 1637 2479 1916 2550; x_wconf 90' lang='lat' dir='ltr'><strong>productis</strong></span> 
     </span>
    </p>
   </div>
   <div class='ocr_carea' id='block_1_28' title="bbox 333 2570 1912 2652">
    <p class='ocr_par' dir='ltr' id='par_1_28' title="bbox 333 2570 1912 2652">
     <span class='ocr_line' id='line_1_28' title="bbox 333 2570 1912 2652; baseline -0.004 -21"><span class='ocrx_word' id='word_1_172' title='bbox 333 2575 662 2652; x_wconf 72' lang='lat' dir='ltr'><strong>elephantis,</strong></span> <span class='ocrx_word' id='word_1_173' title='bbox 701 2573 830 2646; x_wconf 89' lang='lat' dir='ltr'><strong>Cyri</strong></span> <span class='ocrx_word' id='word_1_174' title='bbox 878 2573 1182 2645; x_wconf 84' lang='lat' dir='ltr'><strong>equitatum</strong></span> <span class='ocrx_word' id='word_1_175' title='bbox 1231 2570 1285 2626; x_wconf 89' lang='lat' dir='ltr'><strong>in</strong></span> <span class='ocrx_word' id='word_1_176' title='bbox 1329 2570 1511 2640; x_wconf 78' lang='lat' dir='ltr'><strong>fugam</strong></span> <span class='ocrx_word' id='word_1_177' title='bbox 1561 2578 1912 2626; x_wconf 89' lang='lat' dir='ltr'><strong>convertunt.</strong></span> 
     </span>
    </p>
   </div>
   <div class='ocr_carea' id='block_1_29' title="bbox 332 2661 1910 2740">
    <p class='ocr_par' dir='ltr' id='par_1_29' title="bbox 332 2661 1910 2740">
     <span class='ocr_line' id='line_1_29' title="bbox 332 2661 1910 2740; baseline -0.008 -14"><span class='ocrx_word' id='word_1_178' title='bbox 332 2669 455 2740; x_wconf 89' lang='lat' dir='ltr'><strong>Ipse</strong></span> <span class='ocrx_word' id='word_1_179' title='bbox 496 2668 570 2725; x_wconf 90' lang='lat' dir='ltr'><strong>ibi</strong></span> <span class='ocrx_word' id='word_1_180' title='bbox 621 2667 798 2739; x_wconf 80' lang='lat' dir='ltr'><strong>Cyrus</strong></span> <span class='ocrx_word' id='word_1_181' title='bbox 831 2681 897 2722; x_wconf 86' lang='lat' dir='ltr'><strong>ex</strong></span> <span class='ocrx_word' id='word_1_182' title='bbox 939 2681 1080 2736; x_wconf 87' lang='lat' dir='ltr'><strong>equo</strong></span> <span class='ocrx_word' id='word_1_183' title='bbox 1125 2663 1365 2729; x_wconf 87' lang='lat' dir='ltr'><strong>decidit,</strong></span> <span class='ocrx_word' id='word_1_184' title='bbox 1393 2672 1449 2717; x_wconf 90' lang='lat' dir='ltr'><strong>et</strong></span> <span class='ocrx_word' id='word_1_185' title='bbox 1496 2661 1658 2718; x_wconf 87' lang='lat' dir='ltr'><strong>Indus</strong></span> <span class='ocrx_word' id='word_1_186' title='bbox 1693 2663 1910 2732; x_wconf 87' lang='lat' dir='ltr'><strong>quidam</strong></span> 
     </span>
    </p>
   </div>
   <div class='ocr_carea' id='block_1_30' title="bbox 334 2755 1916 2834">
    <p class='ocr_par' dir='ltr' id='par_1_30' title="bbox 334 2755 1916 2834">
     <span class='ocr_line' id='line_1_30' title="bbox 334 2755 1916 2834; baseline -0.003 -18"><span class='ocrx_word' id='word_1_187' title='bbox 334 2761 684 2834; x_wconf 87' lang='lat' dir='ltr'><strong>(Derbicibus</strong></span> <span class='ocrx_word' id='word_1_188' title='bbox 704 2759 851 2815; x_wconf 90' lang='lat' dir='ltr'><strong>enim</strong></span> <span class='ocrx_word' id='word_1_189' title='bbox 883 2758 1000 2814; x_wconf 91' lang='lat' dir='ltr'><strong>Indi</strong></span> <span class='ocrx_word' id='word_1_190' title='bbox 1024 2773 1180 2825; x_wconf 89' lang='lat' dir='ltr'><strong>opem</strong></span> <span class='ocrx_word' id='word_1_191' title='bbox 1209 2757 1264 2812; x_wconf 92' lang='lat' dir='ltr'><strong>in</strong></span> <span class='ocrx_word' id='word_1_192' title='bbox 1287 2757 1426 2813; x_wconf 90' lang='lat' dir='ltr'><strong>bello</strong></span> <span class='ocrx_word' id='word_1_193' title='bbox 1456 2755 1727 2824; x_wconf 79' lang='lat' dir='ltr'><strong>ferebant,</strong></span> <span class='ocrx_word' id='word_1_194' title='bbox 1751 2764 1916 2826; x_wconf 89' lang='lat' dir='ltr'><strong>atque</strong></span> 
     </span>
    </p>
   </div>
   <div class='ocr_carea' id='block_1_31' title="bbox 334 2849 1913 2922">
    <p class='ocr_par' dir='ltr' id='par_1_31' title="bbox 334 2849 1913 2922">
     <span class='ocr_line' id='line_1_31' title="bbox 334 2849 1913 2922; baseline -0.001 -14"><span class='ocrx_word' id='word_1_195' title='bbox 334 2857 404 2909; x_wconf 86' lang='lat' dir='ltr'><strong>ab</strong></span> <span class='ocrx_word' id='word_1_196' title='bbox 429 2854 518 2909; x_wconf 87' lang='lat' dir='ltr'><strong>his</strong></span> <span class='ocrx_word' id='word_1_197' title='bbox 542 2852 646 2920; x_wconf 88' lang='lat' dir='ltr'><strong>illi,</strong></span> <span class='ocrx_word' id='word_1_198' title='bbox 675 2867 816 2922; x_wconf 78' lang='lat' dir='ltr'><strong>quos</strong></span> <span class='ocrx_word' id='word_1_199' title='bbox 846 2851 1136 2914; x_wconf 90' lang='lat' dir='ltr'><strong>ducebant,</strong></span> <span class='ocrx_word' id='word_1_200' title='bbox 1169 2851 1488 2920; x_wconf 85' lang='lat' dir='ltr'><strong>elephantos</strong></span> <span class='ocrx_word' id='word_1_201' title='bbox 1525 2849 1872 2920; x_wconf 89' lang='lat' dir='ltr'><strong>acceperant)</strong></span> <span class='ocrx_word' id='word_1_202' title='bbox 1898 2892 1913 2907; x_wconf 93' lang='lat'><strong>.</strong></span> 
     </span>
    </p>
   </div>
   <div class='ocr_carea' id='block_1_32' title="bbox 333 2940 1915 3017">
    <p class='ocr_par' dir='ltr' id='par_1_32' title="bbox 333 2940 1915 3017">
     <span class='ocr_line' id='line_1_32' title="bbox 333 2940 1915 3017; baseline -0.001 -19"><span class='ocrx_word' id='word_1_203' title='bbox 333 2945 476 3017; x_wconf 78' lang='lat' dir='ltr'><strong>37a</strong></span> <span class='ocrx_word' id='word_1_204' title='bbox 501 2943 664 3000; x_wconf 88' lang='lat' dir='ltr'><strong>Indus</strong></span> <span class='ocrx_word' id='word_1_205' title='bbox 693 2943 859 3015; x_wconf 77' lang='lat' dir='ltr'><strong>igitur</strong></span> <span class='ocrx_word' id='word_1_206' title='bbox 889 2942 980 2997; x_wconf 93' lang='lat' dir='ltr'><strong>ille</strong></span> <span class='ocrx_word' id='word_1_207' title='bbox 1013 2942 1214 3014; x_wconf 84' lang='lat' dir='ltr'><strong>Cyrum</strong></span> <span class='ocrx_word' id='word_1_208' title='bbox 1260 2941 1536 3012; x_wconf 87' lang='lat' dir='ltr'><strong>delapsum</strong></span> <span class='ocrx_word' id='word_1_209' title='bbox 1571 2940 1758 3010; x_wconf 79' lang='lat' dir='ltr'><strong>iaculo</strong></span> <span class='ocrx_word' id='word_1_210' title='bbox 1813 2941 1915 2997; x_wconf 86' lang='lat' dir='ltr'><strong>sub</strong></span> 
     </span>
    </p>
   </div>
   <div class='ocr_carea' id='block_1_33' title="bbox 333 3033 1918 3105">
    <p class='ocr_par' dir='ltr' id='par_1_33' title="bbox 333 3033 1918 3105">
     <span class='ocr_line' id='line_1_33' title="bbox 333 3033 1918 3105; baseline -0.002 -13"><span class='ocrx_word' id='word_1_211' title='bbox 333 3051 472 3093; x_wconf 86' lang='lat' dir='ltr'><strong>coxa</strong></span> <span class='ocrx_word' id='word_1_212' title='bbox 499 3037 550 3091; x_wconf 92' lang='lat' dir='ltr'><strong>in</strong></span> <span class='ocrx_word' id='word_1_213' title='bbox 578 3036 788 3091; x_wconf 80' lang='lat' dir='ltr'><strong>femore</strong></span> <span class='ocrx_word' id='word_1_214' title='bbox 815 3035 1149 3100; x_wconf 81' lang='lat' dir='ltr'><strong>vulneravit,</strong></span> <span class='ocrx_word' id='word_1_215' title='bbox 1176 3048 1283 3105; x_wconf 89' lang='lat' dir='ltr'><strong>quo</strong></span> <span class='ocrx_word' id='word_1_216' title='bbox 1316 3033 1408 3090; x_wconf 83' lang='lat' dir='ltr'><strong>ille</strong></span> <span class='ocrx_word' id='word_1_217' title='bbox 1434 3048 1505 3089; x_wconf 86' lang='lat' dir='ltr'><strong>ex</strong></span> <span class='ocrx_word' id='word_1_218' title='bbox 1543 3034 1769 3090; x_wconf 81' lang='lat' dir='ltr'><strong>vulnere</strong></span> <span class='ocrx_word' id='word_1_219' title='bbox 1822 3048 1918 3104; x_wconf 85' lang='lat' dir='ltr'><strong>po-</strong></span> 
     </span>
    </p>
   </div>
   <div class='ocr_carea' id='block_1_34' title="bbox 335 3123 1917 3195">
    <p class='ocr_par' dir='ltr' id='par_1_34' title="bbox 335 3123 1917 3195">
     <span class='ocr_line' id='line_1_34' title="bbox 335 3123 1917 3195; baseline -0.003 -12"><span class='ocrx_word' id='word_1_220' title='bbox 335 3140 453 3183; x_wconf 87' lang='lat' dir='ltr'><strong>stea</strong></span> <span class='ocrx_word' id='word_1_221' title='bbox 495 3127 749 3183; x_wconf 90' lang='lat' dir='ltr'><strong>moritur.</strong></span> <span class='ocrx_word' id='word_1_222' title='bbox 786 3124 967 3195; x_wconf 88' lang='lat' dir='ltr'><strong>Ipsmn</strong></span> <span class='ocrx_word' id='word_1_223' title='bbox 1017 3135 1204 3180; x_wconf 87' lang='lat' dir='ltr'><strong>autem</strong></span> <span class='ocrx_word' id='word_1_224' title='bbox 1239 3134 1354 3177; x_wconf 89' lang='lat' dir='ltr'><strong>tum</strong></span> <span class='ocrx_word' id='word_1_225' title='bbox 1383 3123 1562 3178; x_wconf 87' lang='lat' dir='ltr'><strong>adhuc</strong></span> <span class='ocrx_word' id='word_1_226' title='bbox 1608 3123 1788 3177; x_wconf 89' lang='lat' dir='ltr'><strong>vivum</strong></span> <span class='ocrx_word' id='word_1_227' title='bbox 1835 3123 1917 3178; x_wconf 79' lang='lat' dir='ltr'><strong>fa-</strong></span> 
     </span>
    </p>
   </div>
   <div class='ocr_carea' id='block_1_35' title="bbox 337 3215 1918 3285">
    <p class='ocr_par' dir='ltr' id='par_1_35' title="bbox 337 3215 1918 3285">
     <span class='ocr_line' id='line_1_35' title="bbox 337 3215 1918 3285; baseline -0.002 -13"><span class='ocrx_word' id='word_1_228' title='bbox 337 3217 582 3273; x_wconf 89' lang='lat' dir='ltr'><strong>miliares</strong></span> <span class='ocrx_word' id='word_1_229' title='bbox 611 3217 694 3273; x_wconf 87' lang='lat' dir='ltr'><strong>sui</strong></span> <span class='ocrx_word' id='word_1_230' title='bbox 726 3216 1084 3281; x_wconf 88' lang='lat' dir='ltr'><strong>sustulerunt,</strong></span> <span class='ocrx_word' id='word_1_231' title='bbox 1119 3225 1284 3285; x_wconf 86' lang='lat' dir='ltr'><strong>atque</strong></span> <span class='ocrx_word' id='word_1_232' title='bbox 1315 3215 1368 3269; x_wconf 93' lang='lat' dir='ltr'><strong>in</strong></span> <span class='ocrx_word' id='word_1_233' title='bbox 1399 3226 1577 3270; x_wconf 89' lang='lat' dir='ltr'><strong>castra</strong></span> <span class='ocrx_word' id='word_1_234' title='bbox 1630 3228 1918 3270; x_wconf 88' lang='lat' dir='ltr'><strong>concesse-</strong></span> 
     </span>
    </p>
   </div>
   <div class='ocr_carea' id='block_1_36' title="bbox 2094 555 3614 628">
    <p class='ocr_par' dir='ltr' id='par_1_36' title="bbox 2094 555 3614 628">
     <span class='ocr_line' id='line_1_36' title="bbox 2094 555 3614 628; baseline -0.001 -17"><span class='ocrx_word' id='word_1_235' title='bbox 2094 559 2215 611; x_wconf 87' lang='grc' dir='ltr'><strong>Ἔτι</strong></span> <span class='ocrx_word' id='word_1_236' title='bbox 2237 555 2593 627; x_wconf 88' lang='grc' dir='ltr'><strong>διαλαμϐάνει</strong></span> <span class='ocrx_word' id='word_1_237' title='bbox 2616 556 2638 588; x_wconf 78' lang='grc'>⁸</span> <span class='ocrx_word' id='word_1_238' title='bbox 2663 555 2739 621; x_wconf 84' lang='grc' dir='ltr'><strong>ὡς</strong></span> <span class='ocrx_word' id='word_1_239' title='bbox 2759 556 3080 610; x_wconf 85' lang='grc' dir='ltr'><strong>ἀποστέλλει</strong></span> <span class='ocrx_word' id='word_1_240' title='bbox 3105 555 3288 628; x_wconf 79' lang='grc' dir='ltr'><strong>Κῦρος</strong></span> <span class='ocrx_word' id='word_1_241' title='bbox 3306 558 3366 610; x_wconf 86' lang='grc' dir='ltr'><strong>ἐν</strong></span> <span class='ocrx_word' id='word_1_242' title='bbox 3389 555 3614 628; x_wconf 77' lang='grc' dir='ltr'><strong>Περσίδι</strong></span> 
     </span>
    </p>
   </div>
   <div class='ocr_carea' id='block_1_37' title="bbox 2021 647 3617 721">
    <p class='ocr_par' dir='ltr' id='par_1_37' title="bbox 2021 647 3617 721">
     <span class='ocr_line' id='line_1_37' title="bbox 2021 647 3617 721; baseline -0.001 -17"><span class='ocrx_word' id='word_1_243' title='bbox 2021 650 2375 720; x_wconf 75' lang='grc' dir='ltr'><strong>Πετησάκαντ</strong></span> <span class='ocrx_word' id='word_1_244' title='bbox 2394 649 2485 702; x_wconf 76' lang='grc' dir='ltr'><strong>τὸν</strong></span> <span class='ocrx_word' id='word_1_245' title='bbox 2511 648 2766 719; x_wconf 79' lang='grc' dir='ltr'><strong>εὐνοῦχον</strong></span> <span class='ocrx_word' id='word_1_246' title='bbox 2783 649 2826 714; x_wconf 81' lang='grc'><strong>⁸,</strong></span> <span class='ocrx_word' id='word_1_247' title='bbox 2848 649 2990 719; x_wconf 88' lang='grc' dir='ltr'><strong>μέγα</strong></span> <span class='ocrx_word' id='word_1_248' title='bbox 3005 647 3136 721; x_wconf 77' lang='grc' dir='ltr'><strong>παρ’</strong></span> <span class='ocrx_word' id='word_1_249' title='bbox 3153 647 3301 720; x_wconf 83' lang='grc' dir='ltr'><strong>αύτῷ</strong></span> <span class='ocrx_word' id='word_1_250' title='bbox 3316 649 3617 720; x_wconf 80' lang='grc' dir='ltr'><strong>δυνάμενον</strong></span> 
     </span>
    </p>
   </div>
   <div class='ocr_carea' id='block_1_38' title="bbox 2021 741 3615 814">
    <p class='ocr_par' dir='ltr' id='par_1_38' title="bbox 2021 741 3615 814">
     <span class='ocr_line' id='line_1_38' title="bbox 2021 741 3615 814; baseline -0.001 -18"><span class='ocrx_word' id='word_1_251' title='bbox 2021 743 2240 812; x_wconf 90' lang='grc' dir='ltr'><strong>ἐνέγκαι</strong></span> <span class='ocrx_word' id='word_1_252' title='bbox 2271 742 2380 796; x_wconf 83' lang='grc' dir='ltr'><strong>ἀπὸ</strong></span> <span class='ocrx_word' id='word_1_253' title='bbox 2409 741 2732 812; x_wconf 88' lang='grc' dir='ltr'><strong>Βαρκανίων</strong></span> <span class='ocrx_word' id='word_1_254' title='bbox 2773 741 3064 811; x_wconf 81' lang='grc' dir='ltr'><strong>Ἀστυϊγαν</strong></span> <span class='ocrx_word' id='word_1_255' title='bbox 3099 758 3114 773; x_wconf 79' lang='grc' dir='ltr'>ο</span> <span class='ocrx_word' id='word_1_256' title='bbox 3157 742 3342 796; x_wconf 86' lang='grc' dir='ltr'><strong>ἐπόθει</strong></span> <span class='ocrx_word' id='word_1_257' title='bbox 3369 743 3480 814; x_wconf 82' lang='grc' dir='ltr'><strong>γάρ</strong></span> <span class='ocrx_word' id='word_1_258' title='bbox 3509 742 3615 795; x_wconf 83' lang='grc' dir='ltr'><strong>αύ-</strong></span> 
     </span>
    </p>
   </div>
   <div class='ocr_carea' id='block_1_39' title="bbox 2021 832 3614 905">
    <p class='ocr_par' dir='ltr' id='par_1_39' title="bbox 2021 832 3614 905">
     <span class='ocr_line' id='line_1_39' title="bbox 2021 832 3614 905; baseline 0 -17"><span class='ocrx_word' id='word_1_259' title='bbox 2021 835 2113 898; x_wconf 89' lang='grc' dir='ltr'><strong>τός</strong></span> <span class='ocrx_word' id='word_1_260' title='bbox 2138 851 2194 888; x_wconf 88' lang='grc' dir='ltr'><strong>τε</strong></span> <span class='ocrx_word' id='word_1_261' title='bbox 2225 835 2320 887; x_wconf 79' lang='grc' dir='ltr'><strong>καὶ</strong></span> <span class='ocrx_word' id='word_1_262' title='bbox 2348 835 2384 904; x_wconf 76' lang='grc' dir='ltr'><strong>ἡ</strong></span> <span class='ocrx_word' id='word_1_263' title='bbox 2413 833 2661 904; x_wconf 80' lang='grc' dir='ltr'><strong>θυγάτηρ</strong></span> <span class='ocrx_word' id='word_1_264' title='bbox 2702 832 2933 905; x_wconf 82' lang='grc' dir='ltr'><strong>Ἀμύτις</strong></span> <span class='ocrx_word' id='word_1_265' title='bbox 2951 834 3044 888; x_wconf 81' lang='grc' dir='ltr'><strong>τὸν</strong></span> <span class='ocrx_word' id='word_1_266' title='bbox 3072 833 3289 905; x_wconf 83' lang='grc' dir='ltr'><strong>πατέρα</strong></span> <span class='ocrx_word' id='word_1_267' title='bbox 3324 834 3470 891; x_wconf 75' lang='grc' dir='ltr'><strong>ἰδεῖν.</strong></span> <span class='ocrx_word' id='word_1_268' title='bbox 3499 835 3614 890; x_wconf 74' lang='grc' dir='ltr'><strong>Καὶ</strong></span> 
     </span>
    </p>
   </div>
   <div class='ocr_carea' id='block_1_40' title="bbox 2021 925 3615 999">
    <p class='ocr_par' dir='ltr' id='par_1_40' title="bbox 2021 925 3615 999">
     <span class='ocr_line' id='line_1_40' title="bbox 2021 925 3615 999; baseline 0.001 -21"><span class='ocrx_word' id='word_1_269' title='bbox 2021 926 2097 989; x_wconf 82' lang='grc' dir='ltr'><strong>ὡς</strong></span> <span class='ocrx_word' id='word_1_270' title='bbox 2140 926 2390 998; x_wconf 82' lang='grc' dir='ltr'><strong>Οίϐάρας</strong></span> <span class='ocrx_word' id='word_1_271' title='bbox 2435 925 2679 997; x_wconf 79' lang='grc' dir='ltr'><strong>βουλεύει</strong></span> <span class='ocrx_word' id='word_1_272' title='bbox 2728 927 3022 997; x_wconf 79' lang='grc' dir='ltr'><strong>ΙΙετησάκᾳ</strong></span> <span class='ocrx_word' id='word_1_273' title='bbox 3049 927 3076 960; x_wconf 70' lang='grc'><strong>⁸</strong></span> <span class='ocrx_word' id='word_1_274' title='bbox 3116 927 3176 979; x_wconf 91' lang='grc' dir='ltr'><strong>ἐν</strong></span> <span class='ocrx_word' id='word_1_275' title='bbox 3226 926 3418 998; x_wconf 77' lang='grc' dir='ltr'><strong>ἐρήμῳ</strong></span> <span class='ocrx_word' id='word_1_276' title='bbox 3463 929 3615 999; x_wconf 79' lang='grc' dir='ltr'><strong>τόπῳ</strong></span> 
     </span>
    </p>
   </div>
   <div class='ocr_carea' id='block_1_41' title="bbox 2021 1017 3607 1091">
    <p class='ocr_par' dir='ltr' id='par_1_41' title="bbox 2021 1017 3607 1091">
     <span class='ocr_line' id='line_1_41' title="bbox 2021 1017 3607 1091; baseline 0 -20"><span class='ocrx_word' id='word_1_277' title='bbox 2021 1019 2393 1072; x_wconf 82' lang='grc' dir='ltr'><strong>καταλιπόντα</strong></span> <span class='ocrx_word' id='word_1_278' title='bbox 2418 1019 2714 1086; x_wconf 80' lang='grc' dir='ltr'><strong>Ἀστυῖγαν</strong></span> <span class='ocrx_word' id='word_1_279' title='bbox 2740 1017 2886 1091; x_wconf 85' lang='grc' dir='ltr'><strong>λιμῷ</strong></span> <span class='ocrx_word' id='word_1_280' title='bbox 2919 1021 3014 1072; x_wconf 75' lang='grc' dir='ltr'><strong>καὶ</strong></span> <span class='ocrx_word' id='word_1_281' title='bbox 3045 1019 3188 1090; x_wconf 75' lang='grc' dir='ltr'><strong>δίψει</strong></span> <span class='ocrx_word' id='word_1_282' title='bbox 3223 1019 3266 1052; x_wconf 75' lang='grc'><strong>⁸⁸</strong></span> <span class='ocrx_word' id='word_1_283' title='bbox 3297 1019 3564 1073; x_wconf 75' lang='grc' dir='ltr'><strong>ἀπολέσαι</strong></span> <span class='ocrx_word' id='word_1_284' title='bbox 3590 1034 3607 1049; x_wconf 78' lang='grc'><strong>⁸</strong></span> 
     </span>
    </p>
   </div>
   <div class='ocr_carea' id='block_1_42' title="bbox 2020 1110 3616 1182">
    <p class='ocr_par' dir='ltr' id='par_1_42' title="bbox 2020 1110 3616 1182">
     <span class='ocr_line' id='line_1_42' title="bbox 2020 1110 3616 1182; baseline 0.001 -19"><span class='ocrx_word' id='word_1_285' title='bbox 2020 1110 2048 1163; x_wconf 86' lang='grc' dir='ltr'><strong>δ</strong></span> <span class='ocrx_word' id='word_1_286' title='bbox 2084 1111 2243 1165; x_wconf 65' lang='grc' dir='ltr'><strong>ἰκαὶ</strong></span> <span class='ocrx_word' id='word_1_287' title='bbox 2273 1111 2484 1181; x_wconf 88' lang='grc' dir='ltr'><strong>γέγονε.</strong></span> <span class='ocrx_word' id='word_1_288' title='bbox 2517 1110 2597 1165; x_wconf 89' lang='grc' dir='ltr'><strong>Δι’</strong></span> <span class='ocrx_word' id='word_1_289' title='bbox 2614 1112 2880 1165; x_wconf 88' lang='grc' dir='ltr'><strong>ἐνυπνίων</strong></span> <span class='ocrx_word' id='word_1_290' title='bbox 2907 1111 2965 1165; x_wconf 80' lang='grc' dir='ltr'><strong>δὲ</strong></span> <span class='ocrx_word' id='word_1_291' title='bbox 2992 1111 3084 1165; x_wconf 88' lang='grc' dir='ltr'><strong>τοῦ</strong></span> <span class='ocrx_word' id='word_1_292' title='bbox 3111 1111 3416 1181; x_wconf 79' lang='grc' dir='ltr'><strong>μιάσματος</strong></span> <span class='ocrx_word' id='word_1_293' title='bbox 3444 1128 3616 1182; x_wconf 87' lang='grc' dir='ltr'><strong>μηνυ-</strong></span> 
     </span>
    </p>
   </div>
   <div class='ocr_carea' id='block_1_43' title="bbox 2022 1203 3609 1276">
    <p class='ocr_par' dir='ltr' id='par_1_43' title="bbox 2022 1203 3609 1276">
     <span class='ocr_line' id='line_1_43' title="bbox 2022 1203 3609 1276; baseline -0.001 -20"><span class='ocrx_word' id='word_1_294' title='bbox 2022 1204 2206 1268; x_wconf 88' lang='grc' dir='ltr'><strong>θέντος</strong></span> <span class='ocrx_word' id='word_1_295' title='bbox 2233 1205 2578 1274; x_wconf 85' lang='grc' dir='ltr'><strong>Πετησάκας,</strong></span> <span class='ocrx_word' id='word_1_296' title='bbox 2609 1204 2872 1267; x_wconf 83' lang='grc' dir='ltr'><strong>πολλάκις</strong></span> <span class='ocrx_word' id='word_1_297' title='bbox 2917 1203 3296 1276; x_wconf 76' lang='grc' dir='ltr'><strong>αἰτησαμένης</strong></span> <span class='ocrx_word' id='word_1_298' title='bbox 3331 1203 3609 1274; x_wconf 82' lang='grc' dir='ltr'><strong>Ἀμύτιος,</strong></span> 
     </span>
    </p>
   </div>
   <div class='ocr_carea' id='block_1_44' title="bbox 2021 1293 3611 1368">
    <p class='ocr_par' dir='ltr' id='par_1_44' title="bbox 2021 1293 3611 1368">
     <span class='ocr_line' id='line_1_44' title="bbox 2021 1293 3611 1368; baseline -0.001 -21"><span class='ocrx_word' id='word_1_299' title='bbox 2021 1295 2104 1358; x_wconf 86' lang='grc' dir='ltr'><strong>είς</strong></span> <span class='ocrx_word' id='word_1_300' title='bbox 2132 1295 2401 1368; x_wconf 76' lang='grc' dir='ltr'><strong>τιμωρίαν</strong></span> <span class='ocrx_word' id='word_1_301' title='bbox 2421 1296 2574 1365; x_wconf 86' lang='grc' dir='ltr'><strong>παρὰ</strong></span> <span class='ocrx_word' id='word_1_302' title='bbox 2597 1297 2783 1368; x_wconf 82' lang='grc' dir='ltr'>Κύρου</span> <span class='ocrx_word' id='word_1_303' title='bbox 2808 1296 3096 1350; x_wconf 89' lang='grc' dir='ltr'><strong>ἐκδίδοται·</strong></span> <span class='ocrx_word' id='word_1_304' title='bbox 3125 1297 3158 1366; x_wconf 78' lang='grc' dir='ltr'>ὴ</span> <span class='ocrx_word' id='word_1_305' title='bbox 3184 1295 3239 1348; x_wconf 77' lang='grc' dir='ltr'><strong>δὲ</strong></span> <span class='ocrx_word' id='word_1_306' title='bbox 3261 1296 3388 1358; x_wconf 80' lang='grc' dir='ltr'><strong>τοὺς</strong></span> <span class='ocrx_word' id='word_1_307' title='bbox 3415 1293 3611 1362; x_wconf 69' lang='grc' dir='ltr'><strong>ὀφθαλ-</strong></span> 
     </span>
    </p>
   </div>
   <div class='ocr_carea' id='block_1_45' title="bbox 2025 1384 3610 1460">
    <p class='ocr_par' dir='ltr' id='par_1_45' title="bbox 2025 1384 3610 1460">
     <span class='ocr_line' id='line_1_45' title="bbox 2025 1384 3610 1460; baseline -0.002 -20"><span class='ocrx_word' id='word_1_308' title='bbox 2025 1389 2161 1459; x_wconf 76' lang='grc' dir='ltr'><strong>μοὺς</strong></span> <span class='ocrx_word' id='word_1_309' title='bbox 2196 1387 2498 1460; x_wconf 80' lang='grc' dir='ltr'><strong>ἐξορύξασα</strong></span> <span class='ocrx_word' id='word_1_310' title='bbox 2535 1388 2634 1442; x_wconf 60' lang='grc' dir='ltr'><strong>καὶ⁹</strong></span> <span class='ocrx_word' id='word_1_311' title='bbox 2668 1389 2728 1442; x_wconf 89' lang='grc' dir='ltr'><strong>τδ</strong></span> <span class='ocrx_word' id='word_1_312' title='bbox 2755 1388 2932 1459; x_wconf 89' lang='grc' dir='ltr'><strong>δέρμα</strong></span> <span class='ocrx_word' id='word_1_313' title='bbox 2955 1387 3312 1458; x_wconf 85' lang='grc' dir='ltr'><strong>περιδείρασα</strong></span> <span class='ocrx_word' id='word_1_314' title='bbox 3336 1384 3610 1440; x_wconf 81' lang='grc' dir='ltr'><strong>ἀνεσταύ-</strong></span> 
     </span>
    </p>
   </div>
   <div class='ocr_carea' id='block_1_46' title="bbox 2025 1475 3609 1549">
    <p class='ocr_par' dir='ltr' id='par_1_46' title="bbox 2025 1475 3609 1549">
     <span class='ocr_line' id='line_1_46' title="bbox 2025 1475 3609 1549; baseline -0.002 -17"><span class='ocrx_word' id='word_1_315' title='bbox 2025 1495 2218 1548; x_wconf 81' lang='grc' dir='ltr'><strong>ρωσεν.</strong></span> <span class='ocrx_word' id='word_1_316' title='bbox 2259 1478 2510 1549; x_wconf 76' lang='grc' dir='ltr'><strong>Οἰϐάρας</strong></span> <span class='ocrx_word' id='word_1_317' title='bbox 2554 1478 2610 1531; x_wconf 84' lang='grc' dir='ltr'><strong>δέ</strong></span> <span class='ocrx_word' id='word_1_318' title='bbox 2650 1475 2838 1542; x_wconf 85' lang='grc' dir='ltr'><strong>δεδιὼς</strong></span> <span class='ocrx_word' id='word_1_319' title='bbox 2874 1477 2950 1549; x_wconf 72' lang='grc' dir='ltr'><strong>μὴ</strong></span> <span class='ocrx_word' id='word_1_320' title='bbox 2976 1477 3045 1531; x_wconf 82' lang='grc' dir='ltr'><strong>τὰ</strong></span> <span class='ocrx_word' id='word_1_321' title='bbox 3067 1477 3230 1547; x_wconf 85' lang='grc' dir='ltr'><strong>ὅμοια</strong></span> <span class='ocrx_word' id='word_1_322' title='bbox 3257 1476 3508 1529; x_wconf 86' lang='grc' dir='ltr'><strong>πείσεται</strong></span> <span class='ocrx_word' id='word_1_323' title='bbox 3543 1475 3609 1540; x_wconf 78' lang='grc'><strong>⁸⁸,</strong></span> 
     </span>
    </p>
   </div>
   <div class='ocr_carea' id='block_1_47' title="bbox 2022 1568 3613 1642">
    <p class='ocr_par' dir='ltr' id='par_1_47' title="bbox 2022 1568 3613 1642">
     <span class='ocr_line' id='line_1_47' title="bbox 2022 1568 3613 1642; baseline -0.003 -17"><span class='ocrx_word' id='word_1_324' title='bbox 2022 1571 2200 1625; x_wconf 87' lang='grc' dir='ltr'><strong>καίτοι</strong></span> <span class='ocrx_word' id='word_1_325' title='bbox 2230 1570 2416 1642; x_wconf 84' lang='grc' dir='ltr'><strong>Κύρου</strong></span> <span class='ocrx_word' id='word_1_326' title='bbox 2448 1570 2615 1642; x_wconf 82' lang='grc' dir='ltr'><strong>μηδὲν</strong></span> <span class='ocrx_word' id='word_1_327' title='bbox 2634 1569 2879 1623; x_wconf 81' lang='grc' dir='ltr'><strong>τοιοῦτον</strong></span> <span class='ocrx_word' id='word_1_328' title='bbox 2911 1568 3324 1638; x_wconf 74' lang='grc' dir='ltr'><strong>ἰσχυριζομένου</strong></span> <span class='ocrx_word' id='word_1_329' title='bbox 3351 1583 3613 1638; x_wconf 83' lang='grc' dir='ltr'><strong>παραχω-</strong></span> 
     </span>
    </p>
   </div>
   <div class='ocr_carea' id='block_1_48' title="bbox 2023 1658 3609 1733">
    <p class='ocr_par' dir='ltr' id='par_1_48' title="bbox 2023 1658 3609 1733">
     <span class='ocr_line' id='line_1_48' title="bbox 2023 1658 3609 1733; baseline -0.001 -18"><span class='ocrx_word' id='word_1_330' title='bbox 2023 1661 2207 1733; x_wconf 86' lang='grc' dir='ltr'><strong>ρῆσαι,</strong></span> <span class='ocrx_word' id='word_1_331' title='bbox 2230 1661 2393 1726; x_wconf 82' lang='grc' dir='ltr'><strong>αὐτὸς</strong></span> <span class='ocrx_word' id='word_1_332' title='bbox 2422 1662 2522 1731; x_wconf 82' lang='grc' dir='ltr'><strong>μὲν</strong></span> <span class='ocrx_word' id='word_1_333' title='bbox 2554 1661 2597 1693; x_wconf 75' lang='grc'><strong>⁸³</strong></span> <span class='ocrx_word' id='word_1_334' title='bbox 2640 1663 3098 1733; x_wconf 75' lang='grc' dir='ltr'><strong>άποκαρτερήσας</strong></span> <span class='ocrx_word' id='word_1_335' title='bbox 3126 1659 3195 1714; x_wconf 83' lang='grc' dir='ltr'><strong>δι’</strong></span> <span class='ocrx_word' id='word_1_336' title='bbox 3227 1658 3450 1732; x_wconf 79' lang='grc' dir='ltr'><strong>ἡμερῶν</strong></span> <span class='ocrx_word' id='word_1_337' title='bbox 3475 1659 3609 1713; x_wconf 82' lang='grc' dir='ltr'><strong>δέκα</strong></span> 
     </span>
    </p>
   </div>
   <div class='ocr_carea' id='block_1_49' title="bbox 2023 1753 3604 1826">
    <p class='ocr_par' dir='ltr' id='par_1_49' title="bbox 2023 1753 3604 1826">
     <span class='ocr_line' id='line_1_49' title="bbox 2023 1753 3604 1826; baseline -0.001 -17"><span class='ocrx_word' id='word_1_338' title='bbox 2023 1755 2214 1810; x_wconf 78' lang='grc' dir='ltr'><strong>ἐαυτὸν</strong></span> <span class='ocrx_word' id='word_1_339' title='bbox 2237 1755 2527 1826; x_wconf 80' lang='grc' dir='ltr'><strong>ἐξήγαγεν,</strong></span> <span class='ocrx_word' id='word_1_340' title='bbox 2545 1754 2836 1823; x_wconf 78' lang='grc' dir='ltr'><strong>Ἀστυῖγας</strong></span> <span class='ocrx_word' id='word_1_341' title='bbox 2857 1754 2913 1807; x_wconf 82' lang='grc' dir='ltr'><strong>δέ</strong></span> <span class='ocrx_word' id='word_1_342' title='bbox 2942 1753 3384 1826; x_wconf 87' lang='grc' dir='ltr'><strong>μεγαλοπρεπῶς</strong></span> <span class='ocrx_word' id='word_1_343' title='bbox 3405 1755 3604 1824; x_wconf 80' lang='grc' dir='ltr'><strong>ἐτάφη.</strong></span> 
     </span>
    </p>
   </div>
   <div class='ocr_carea' id='block_1_50' title="bbox 2023 1845 3608 1918">
    <p class='ocr_par' dir='ltr' id='par_1_50' title="bbox 2023 1845 3608 1918">
     <span class='ocr_line' id='line_1_50' title="bbox 2023 1845 3608 1918; baseline -0.001 -17"><span class='ocrx_word' id='word_1_344' title='bbox 2023 1848 2134 1901; x_wconf 74' lang='grc' dir='ltr'><strong>Καὶ</strong></span> <span class='ocrx_word' id='word_1_345' title='bbox 2172 1848 2230 1900; x_wconf 89' lang='grc' dir='ltr'><strong>ἐν</strong></span> <span class='ocrx_word' id='word_1_346' title='bbox 2257 1849 2324 1918; x_wconf 76' lang='grc' dir='ltr'><strong>τῇ</strong></span> <span class='ocrx_word' id='word_1_347' title='bbox 2359 1848 2554 1918; x_wconf 86' lang='grc' dir='ltr'><strong>ἐρήμῳ</strong></span> <span class='ocrx_word' id='word_1_348' title='bbox 2583 1847 2641 1900; x_wconf 83' lang='grc' dir='ltr'><strong>δὲ</strong></span> <span class='ocrx_word' id='word_1_349' title='bbox 2681 1845 2929 1917; x_wconf 78' lang='grc' dir='ltr'><strong>ἄϐρωτος</strong></span> <span class='ocrx_word' id='word_1_350' title='bbox 2975 1845 3141 1900; x_wconf 82' lang='grc' dir='ltr'><strong>αὐτοῦ</strong></span> <span class='ocrx_word' id='word_1_351' title='bbox 3170 1845 3442 1918; x_wconf 83' lang='grc' dir='ltr'><strong>διέμεινεν</strong></span> <span class='ocrx_word' id='word_1_352' title='bbox 3464 1847 3492 1900; x_wconf 95' lang='lat'><strong>6</strong></span> <span class='ocrx_word' id='word_1_353' title='bbox 3520 1861 3608 1899; x_wconf 82' lang='grc' dir='ltr'><strong>νε-</strong></span> 
     </span>
    </p>
   </div>
   <div class='ocr_carea' id='block_1_51' title="bbox 2023 1941 3608 2017">
    <p class='ocr_par' dir='ltr' id='par_1_51' title="bbox 2023 1941 3608 2017">
     <span class='ocr_line' id='line_1_51' title="bbox 2023 1941 3608 2017; baseline -0.003 -16"><span class='ocrx_word' id='word_1_354' title='bbox 2023 1945 2193 2017; x_wconf 78' lang='grc' dir='ltr'><strong>κρόςο</strong></span> <span class='ocrx_word' id='word_1_355' title='bbox 2246 1943 2460 2007; x_wconf 87' lang='grc' dir='ltr'><strong>λέοντες</strong></span> <span class='ocrx_word' id='word_1_356' title='bbox 2506 1944 2614 2014; x_wconf 81' lang='grc' dir='ltr'><strong>γὰρ</strong></span> <span class='ocrx_word' id='word_1_357' title='bbox 2663 1941 2853 2007; x_wconf 77' lang='grc' dir='ltr'><strong>αὐτοῦ,</strong></span> <span class='ocrx_word' id='word_1_358' title='bbox 2911 1941 3070 2012; x_wconf 80' lang='grc' dir='ltr'><strong>φησὶ,</strong></span> <span class='ocrx_word' id='word_1_359' title='bbox 3137 1943 3302 2014; x_wconf 85' lang='grc' dir='ltr'><strong>μέχρι</strong></span> <span class='ocrx_word' id='word_1_360' title='bbox 3357 1941 3608 2011; x_wconf 85' lang='grc' dir='ltr'><strong>Πετησά-</strong></span> 
     </span>
    </p>
   </div>
   <div class='ocr_carea' id='block_1_52' title="bbox 2023 2031 3606 2103">
    <p class='ocr_par' dir='ltr' id='par_1_52' title="bbox 2023 2031 3606 2103">
     <span class='ocr_line' id='line_1_52' title="bbox 2023 2031 3606 2103; baseline -0.003 -12"><span class='ocrx_word' id='word_1_361' title='bbox 2023 2054 2124 2092; x_wconf 88' lang='grc' dir='ltr'><strong>καν</strong></span> <span class='ocrx_word' id='word_1_362' title='bbox 2168 2035 2213 2066; x_wconf 69' lang='grc'><strong>’⁸</strong></span> <span class='ocrx_word' id='word_1_363' title='bbox 2271 2033 2436 2088; x_wconf 87' lang='grc' dir='ltr'><strong>πάλιν</strong></span> <span class='ocrx_word' id='word_1_364' title='bbox 2492 2033 2666 2088; x_wconf 79' lang='grc' dir='ltr'><strong>ἐλθεῖν</strong></span> <span class='ocrx_word' id='word_1_365' title='bbox 2714 2033 2811 2087; x_wconf 78' lang='grc' dir='ltr'><strong>καὶ</strong></span> <span class='ocrx_word' id='word_1_366' title='bbox 2848 2031 3138 2088; x_wconf 84' lang='grc' dir='ltr'><strong>ἀναλαϐεῖν</strong></span> <span class='ocrx_word' id='word_1_367' title='bbox 3169 2032 3476 2103; x_wconf 63' lang='grc' dir='ltr'><strong>ἐφύλαττον</strong></span> <span class='ocrx_word' id='word_1_368' title='bbox 3514 2033 3606 2087; x_wconf 76' lang='grc' dir='ltr'><strong>τὸν</strong></span> 
     </span>
    </p>
   </div>
   <div class='ocr_carea' id='block_1_53' title="bbox 2022 2125 2237 2198">
    <p class='ocr_par' dir='ltr' id='par_1_53' title="bbox 2022 2125 2237 2198">
     <span class='ocr_line' id='line_1_53' title="bbox 2022 2125 2237 2198; baseline -0.009 -16"><span class='ocrx_word' id='word_1_369' title='bbox 2022 2125 2237 2198; x_wconf 87' lang='grc' dir='ltr'><strong>νεκρόν.</strong></span> 
     </span>
    </p>
   </div>
   <div class='ocr_carea' id='block_1_54' title="bbox 2094 2381 3608 2463">
    <p class='ocr_par' dir='ltr' id='par_1_54' title="bbox 2094 2381 3608 2463">
     <span class='ocr_line' id='line_1_54' title="bbox 2094 2381 3608 2463; baseline -0.002 -16"><span class='ocrx_word' id='word_1_370' title='bbox 2094 2391 2280 2463; x_wconf 82' lang='grc' dir='ltr'><strong>Κύρος</strong></span> <span class='ocrx_word' id='word_1_371' title='bbox 2305 2391 2364 2446; x_wconf 83' lang='grc' dir='ltr'><strong>δὲ</strong></span> <span class='ocrx_word' id='word_1_372' title='bbox 2395 2389 2683 2463; x_wconf 84' lang='grc' dir='ltr'><strong>στρατεύει</strong></span> <span class='ocrx_word' id='word_1_373' title='bbox 2725 2392 2822 2445; x_wconf 82' lang='grc' dir='ltr'><strong>ἐπὶ</strong></span> <span class='ocrx_word' id='word_1_374' title='bbox 2849 2390 3122 2462; x_wconf 89' lang='grc' dir='ltr'><strong>Δέρϐικας</strong></span> <span class='ocrx_word' id='word_1_375' title='bbox 3173 2381 3468 2462; x_wconf 80' lang='grc' dir='ltr'><strong>’Λμοραίου</strong></span> <span class='ocrx_word' id='word_1_376' title='bbox 3504 2390 3608 2460; x_wconf 84' lang='grc' dir='ltr'><strong>βα-</strong></span> 
     </span>
    </p>
   </div>
   <div class='ocr_carea' id='block_1_55' title="bbox 2023 2482 3610 2554">
    <p class='ocr_par' dir='ltr' id='par_1_55' title="bbox 2023 2482 3610 2554">
     <span class='ocr_line' id='line_1_55' title="bbox 2023 2482 3610 2554; baseline -0.003 -14"><span class='ocrx_word' id='word_1_377' title='bbox 2023 2485 2326 2548; x_wconf 85' lang='grc' dir='ltr'><strong>σιλεύοντος</strong></span> <span class='ocrx_word' id='word_1_378' title='bbox 2361 2482 2561 2537; x_wconf 85' lang='grc' dir='ltr'><strong>αὐτῶν.</strong></span> <span class='ocrx_word' id='word_1_379' title='bbox 2597 2483 2710 2538; x_wconf 78' lang='grc' dir='ltr'><strong>Καὶ</strong></span> <span class='ocrx_word' id='word_1_380' title='bbox 2734 2482 2792 2548; x_wconf 82' lang='grc' dir='ltr'><strong>ἐξ</strong></span> <span class='ocrx_word' id='word_1_381' title='bbox 2815 2483 3039 2552; x_wconf 83' lang='grc' dir='ltr'><strong>ἐνέδρας</strong></span> <span class='ocrx_word' id='word_1_382' title='bbox 3071 2485 3119 2536; x_wconf 79' lang='grc' dir='ltr'><strong>οι</strong></span> <span class='ocrx_word' id='word_1_383' title='bbox 3155 2483 3418 2554; x_wconf 85' lang='grc' dir='ltr'><strong>Δέρϐικες</strong></span> <span class='ocrx_word' id='word_1_384' title='bbox 3451 2483 3610 2537; x_wconf 76' lang='grc' dir='ltr'><strong>ἱστῶ-</strong></span> 
     </span>
    </p>
   </div>
   <div class='ocr_carea' id='block_1_56' title="bbox 2025 2573 3605 2646">
    <p class='ocr_par' dir='ltr' id='par_1_56' title="bbox 2025 2573 3605 2646">
     <span class='ocr_line' id='line_1_56' title="bbox 2025 2573 3605 2646; baseline -0.004 -14"><span class='ocrx_word' id='word_1_385' title='bbox 2025 2596 2110 2632; x_wconf 91' lang='grc' dir='ltr'><strong>σιν</strong></span> <span class='ocrx_word' id='word_1_386' title='bbox 2156 2575 2621 2646; x_wconf 43' lang='grc' dir='ltr'><strong>ἐλέφανταςμκαὶ</strong></span> <span class='ocrx_word' id='word_1_387' title='bbox 2675 2575 2801 2638; x_wconf 74' lang='grc' dir='ltr'><strong>τοὺς</strong></span> <span class='ocrx_word' id='word_1_388' title='bbox 2849 2576 3038 2638; x_wconf 79' lang='grc' dir='ltr'><strong>ἱππεῖς</strong></span> <span class='ocrx_word' id='word_1_389' title='bbox 3093 2573 3280 2644; x_wconf 81' lang='grc' dir='ltr'><strong>Κύρου</strong></span> <span class='ocrx_word' id='word_1_390' title='bbox 3322 2573 3605 2646; x_wconf 83' lang='grc' dir='ltr'><strong>τρέπουσι.</strong></span> 
     </span>
    </p>
   </div>
   <div class='ocr_carea' id='block_1_57' title="bbox 2021 2663 3611 2738">
    <p class='ocr_par' dir='ltr' id='par_1_57' title="bbox 2021 2663 3611 2738">
     <span class='ocr_line' id='line_1_57' title="bbox 2021 2663 3611 2738; baseline -0.004 -14"><span class='ocrx_word' id='word_1_391' title='bbox 2021 2669 2136 2725; x_wconf 78' lang='grc' dir='ltr'><strong>Καὶ</strong></span> <span class='ocrx_word' id='word_1_392' title='bbox 2167 2669 2358 2724; x_wconf 84' lang='grc' dir='ltr'><strong>πίπτει</strong></span> <span class='ocrx_word' id='word_1_393' title='bbox 2387 2669 2482 2723; x_wconf 64' lang='grc' dir='ltr'><strong>καὶ⁵</strong></span> <span class='ocrx_word' id='word_1_394' title='bbox 2512 2667 2673 2732; x_wconf 79' lang='grc' dir='ltr'><strong>αὐτὸς</strong></span> <span class='ocrx_word' id='word_1_395' title='bbox 2712 2663 2895 2738; x_wconf 82' lang='grc' dir='ltr'><strong>Κῦρος</strong></span> <span class='ocrx_word' id='word_1_396' title='bbox 2929 2666 2993 2720; x_wconf 89' lang='grc' dir='ltr'><strong>ἐκ</strong></span> <span class='ocrx_word' id='word_1_397' title='bbox 3027 2664 3120 2719; x_wconf 85' lang='grc' dir='ltr'><strong>τοῦ</strong></span> <span class='ocrx_word' id='word_1_398' title='bbox 3148 2665 3338 2732; x_wconf 77' lang='grc' dir='ltr'><strong>ἵππου,</strong></span> <span class='ocrx_word' id='word_1_399' title='bbox 3378 2665 3474 2719; x_wconf 73' lang='grc' dir='ltr'><strong>καὶ</strong></span> <span class='ocrx_word' id='word_1_400' title='bbox 3511 2666 3611 2718; x_wconf 80' lang='grc' dir='ltr'><strong>Ἰν-</strong></span> 
     </span>
    </p>
   </div>
   <div class='ocr_carea' id='block_1_58' title="bbox 2021 2756 3607 2833">
    <p class='ocr_par' dir='ltr' id='par_1_58' title="bbox 2021 2756 3607 2833">
     <span class='ocr_line' id='line_1_58' title="bbox 2021 2756 3607 2833; baseline -0.004 -18"><span class='ocrx_word' id='word_1_401' title='bbox 2021 2762 2110 2826; x_wconf 80' lang='grc' dir='ltr'><strong>δὸς</strong></span> <span class='ocrx_word' id='word_1_402' title='bbox 2133 2761 2275 2833; x_wconf 73' lang='grc' dir='ltr'><strong>ἀνὴρ</strong></span> <span class='ocrx_word' id='word_1_403' title='bbox 2289 2759 2776 2831; x_wconf 81' lang='grc' dir='ltr'><strong>(συνεμάχουνγάρ</strong></span> <span class='ocrx_word' id='word_1_404' title='bbox 2806 2759 2850 2791; x_wconf 75' lang='grc'><strong>³⁸</strong></span> <span class='ocrx_word' id='word_1_405' title='bbox 2875 2757 3029 2812; x_wconf 77' lang='grc' dir='ltr'><strong>Ἰνδοὶ</strong></span> <span class='ocrx_word' id='word_1_406' title='bbox 3057 2757 3170 2819; x_wconf 77' lang='grc' dir='ltr'><strong>τοῖς</strong></span> <span class='ocrx_word' id='word_1_407' title='bbox 3193 2757 3258 2808; x_wconf 87' lang='grc' dir='ltr'><strong>Δε</strong></span> <span class='ocrx_word' id='word_1_408' title='bbox 3269 2756 3520 2826; x_wconf 85' lang='grc' dir='ltr'><strong>ρϐίκεσιν</strong></span> <span class='ocrx_word' id='word_1_409' title='bbox 3538 2756 3607 2819; x_wconf 70' lang='grc'><strong>’⁸,</strong></span> 
     </span>
    </p>
   </div>
   <div class='ocr_carea' id='block_1_59' title="bbox 2023 2841 3610 2921">
    <p class='ocr_par' dir='ltr' id='par_1_59' title="bbox 2023 2841 3610 2921">
     <span class='ocr_line' id='line_1_59' title="bbox 2023 2841 3610 2921; baseline -0.004 -15"><span class='ocrx_word' id='word_1_410' title='bbox 2023 2853 2082 2921; x_wconf 83' lang='grc' dir='ltr'><strong>ἐξ</strong></span> <span class='ocrx_word' id='word_1_411' title='bbox 2111 2846 2186 2908; x_wconf 80' lang='grc' dir='ltr'><strong>ὧν</strong></span> <span class='ocrx_word' id='word_1_412' title='bbox 2217 2853 2312 2907; x_wconf 79' lang='grc' dir='ltr'><strong>καὶ</strong></span> <span class='ocrx_word' id='word_1_413' title='bbox 2337 2853 2465 2916; x_wconf 79' lang='grc' dir='ltr'><strong>τοὺς</strong></span> <span class='ocrx_word' id='word_1_414' title='bbox 2512 2851 2810 2920; x_wconf 83' lang='grc' dir='ltr'><strong>ἐλέφαντας</strong></span> <span class='ocrx_word' id='word_1_415' title='bbox 2839 2849 3076 2920; x_wconf 80' lang='grc' dir='ltr'><strong>ἔφερον),</strong></span> <span class='ocrx_word' id='word_1_416' title='bbox 3124 2841 3278 2910; x_wconf 70' lang='grc' dir='ltr'><strong>οὗτος</strong></span> <span class='ocrx_word' id='word_1_417' title='bbox 3301 2849 3344 2880; x_wconf 81' lang='grc'><strong>¹⁷</strong></span> <span class='ocrx_word' id='word_1_418' title='bbox 3380 2848 3408 2899; x_wconf 89' lang='lat'><strong>6</strong></span> <span class='ocrx_word' id='word_1_419' title='bbox 3447 2846 3610 2910; x_wconf 74' lang='grc' dir='ltr'><strong>Ἰνδὸς</strong></span> 
     </span>
    </p>
   </div>
   <div class='ocr_carea' id='block_1_60' title="bbox 2023 2941 3610 3014">
    <p class='ocr_par' dir='ltr' id='par_1_60' title="bbox 2023 2941 3610 3014">
     <span class='ocr_line' id='line_1_60' title="bbox 2023 2941 3610 3014; baseline -0.004 -13"><span class='ocrx_word' id='word_1_420' title='bbox 2023 2945 2354 3001; x_wconf 85' lang='grc' dir='ltr'><strong>πεπτωκότα</strong></span> <span class='ocrx_word' id='word_1_421' title='bbox 2399 2943 2583 3014; x_wconf 81' lang='grc' dir='ltr'><strong>Κῦρον</strong></span> <span class='ocrx_word' id='word_1_422' title='bbox 2618 2942 2799 3014; x_wconf 82' lang='grc' dir='ltr'><strong>βάλλει</strong></span> <span class='ocrx_word' id='word_1_423' title='bbox 2833 2942 3069 3013; x_wconf 82' lang='grc' dir='ltr'><strong>ἀκοντίῳ</strong></span> <span class='ocrx_word' id='word_1_424' title='bbox 3096 2941 3200 2995; x_wconf 78' lang='grc' dir='ltr'><strong>ὑπὸ</strong></span> <span class='ocrx_word' id='word_1_425' title='bbox 3236 2941 3296 2994; x_wconf 84' lang='grc' dir='ltr'><strong>τὸ</strong></span> <span class='ocrx_word' id='word_1_426' title='bbox 3330 2941 3498 3011; x_wconf 69' lang='grc' dir='ltr'><strong>ἰσχίον</strong></span> <span class='ocrx_word' id='word_1_427' title='bbox 3527 2941 3610 3005; x_wconf 79' lang='grc' dir='ltr'><strong>είς</strong></span> 
     </span>
    </p>
   </div>
   <div class='ocr_carea' id='block_1_61' title="bbox 2021 3029 3609 3112">
    <p class='ocr_par' dir='ltr' id='par_1_61' title="bbox 2021 3029 3609 3112">
     <span class='ocr_line' id='line_1_61' title="bbox 2021 3029 3609 3112; baseline -0.004 -18"><span class='ocrx_word' id='word_1_428' title='bbox 2021 3041 2114 3094; x_wconf 77' lang='grc' dir='ltr'><strong>τὸν</strong></span> <span class='ocrx_word' id='word_1_429' title='bbox 2143 3040 2318 3112; x_wconf 87' lang='grc' dir='ltr'><strong>μηρόν</strong></span> <span class='ocrx_word' id='word_1_430' title='bbox 2346 3054 2362 3070; x_wconf 80' lang='grc' dir='ltr'><strong>ο</strong></span> <span class='ocrx_word' id='word_1_431' title='bbox 2389 3037 2448 3105; x_wconf 81' lang='grc' dir='ltr'><strong>ἐξ</strong></span> <span class='ocrx_word' id='word_1_432' title='bbox 2481 3029 2542 3091; x_wconf 73' lang='grc' dir='ltr'>οὗ</span> <span class='ocrx_word' id='word_1_433' title='bbox 2571 3037 2665 3091; x_wconf 72' lang='grc' dir='ltr'><strong>καὶ</strong></span> <span class='ocrx_word' id='word_1_434' title='bbox 2692 3035 2940 3106; x_wconf 75' lang='grc' dir='ltr'><strong>τελευτᾷ.</strong></span> <span class='ocrx_word' id='word_1_435' title='bbox 2972 3035 3108 3088; x_wconf 87' lang='grc' dir='ltr'><strong>Τότε</strong></span> <span class='ocrx_word' id='word_1_436' title='bbox 3135 3033 3191 3089; x_wconf 86' lang='grc' dir='ltr'><strong>δὲ</strong></span> <span class='ocrx_word' id='word_1_437' title='bbox 3215 3033 3396 3100; x_wconf 77' lang='grc' dir='ltr'><strong>ζῶντα</strong></span> <span class='ocrx_word' id='word_1_438' title='bbox 3423 3033 3609 3089; x_wconf 81' lang='grc' dir='ltr'><strong>ἀνελό-</strong></span> 
     </span>
    </p>
   </div>
   <div class='ocr_carea' id='block_1_62' title="bbox 2026 3126 3605 3202">
    <p class='ocr_par' dir='ltr' id='par_1_62' title="bbox 2026 3126 3605 3202">
     <span class='ocr_line' id='line_1_62' title="bbox 2026 3126 3605 3202; baseline -0.001 -18"><span class='ocrx_word' id='word_1_439' title='bbox 2026 3148 2177 3202; x_wconf 88' lang='grc' dir='ltr'><strong>μενοι</strong></span> <span class='ocrx_word' id='word_1_440' title='bbox 2229 3129 2393 3184; x_wconf 79' lang='grc' dir='ltr'><strong>αύτδν</strong></span> <span class='ocrx_word' id='word_1_441' title='bbox 2444 3129 2494 3184; x_wconf 86' lang='grc' dir='ltr'><strong>οί</strong></span> <span class='ocrx_word' id='word_1_442' title='bbox 2541 3130 2732 3182; x_wconf 75' lang='grc' dir='ltr'><strong>οἰκεῖοι</strong></span> <span class='ocrx_word' id='word_1_443' title='bbox 2776 3127 2872 3181; x_wconf 77' lang='grc' dir='ltr'><strong>ἐπὶ</strong></span> <span class='ocrx_word' id='word_1_444' title='bbox 2904 3126 2966 3180; x_wconf 79' lang='grc' dir='ltr'><strong>τὸ</strong></span> <span class='ocrx_word' id='word_1_445' title='bbox 3016 3127 3386 3198; x_wconf 86' lang='grc' dir='ltr'><strong>στρατόπεδον</strong></span> <span class='ocrx_word' id='word_1_446' title='bbox 3410 3127 3605 3199; x_wconf 64' lang='grc' dir='ltr'><strong>⁴ᾔεσαν.</strong></span> 
     </span>
    </p>
   </div>
   <div class='ocr_carea' id='block_1_63' title="bbox 2025 3217 3609 3290">
    <p class='ocr_par' dir='ltr' id='par_1_63' title="bbox 2025 3217 3609 3290">
     <span class='ocr_line' id='line_1_63' title="bbox 2025 3217 3609 3290; baseline -0.003 -14"><span class='ocrx_word' id='word_1_447' title='bbox 2025 3221 2324 3276; x_wconf 80' lang='grc' dir='ltr'><strong>Ἀπέθανον</strong></span> <span class='ocrx_word' id='word_1_448' title='bbox 2377 3221 2434 3274; x_wconf 84' lang='grc' dir='ltr'><strong>δέ</strong></span> <span class='ocrx_word' id='word_1_449' title='bbox 2477 3219 2535 3272; x_wconf 88' lang='grc' dir='ltr'><strong>ἐν</strong></span> <span class='ocrx_word' id='word_1_450' title='bbox 2577 3221 2644 3290; x_wconf 76' lang='grc' dir='ltr'><strong>τῇ</strong></span> <span class='ocrx_word' id='word_1_451' title='bbox 2680 3217 2830 3290; x_wconf 82' lang='grc' dir='ltr'><strong>μάχῃ</strong></span> <span class='ocrx_word' id='word_1_452' title='bbox 2873 3219 2968 3271; x_wconf 74' lang='grc' dir='ltr'><strong>καὶ</strong></span> <span class='ocrx_word' id='word_1_453' title='bbox 3015 3218 3246 3288; x_wconf 82' lang='grc' dir='ltr'><strong>Περσῶν</strong></span> <span class='ocrx_word' id='word_1_454' title='bbox 3293 3217 3481 3271; x_wconf 74' lang='grc' dir='ltr'><strong>πολλοὶ</strong></span> <span class='ocrx_word' id='word_1_455' title='bbox 3511 3217 3609 3271; x_wconf 73' lang='grc' dir='ltr'><strong>καὶ</strong></span> 
     </span>
    </p>
   </div>
   <div class='ocr_carea' id='block_1_64' title="bbox 336 3304 1919 3385">
    <p class='ocr_par' dir='ltr' id='par_1_64' title="bbox 336 3304 1917 3377">
     <span class='ocr_line' id='line_1_64' title="bbox 336 3304 1917 3377; baseline -0.003 -12"><span class='ocrx_word' id='word_1_456' title='bbox 336 3319 486 3365; x_wconf 87' lang='lat' dir='ltr'><strong>runt.</strong></span> <span class='ocrx_word' id='word_1_457' title='bbox 537 3307 856 3365; x_wconf 90' lang='lat' dir='ltr'><strong>Occubuere</strong></span> <span class='ocrx_word' id='word_1_458' title='bbox 905 3307 1007 3363; x_wconf 91' lang='lat' dir='ltr'><strong>hoc</strong></span> <span class='ocrx_word' id='word_1_459' title='bbox 1053 3307 1106 3362; x_wconf 93' lang='lat' dir='ltr'><strong>in</strong></span> <span class='ocrx_word' id='word_1_460' title='bbox 1157 3307 1350 3377; x_wconf 69' lang='lat' dir='ltr'><strong>praelia</strong></span> <span class='ocrx_word' id='word_1_461' title='bbox 1400 3306 1688 3363; x_wconf 82' lang='lat' dir='ltr'><strong>Persarum</strong></span> <span class='ocrx_word' id='word_1_462' title='bbox 1740 3304 1917 3373; x_wconf 83' lang='lat' dir='ltr'><strong>multi,</strong></span> 
     </span>
    </p>
   </div>
   <div class='ocr_carea' id='block_1_65' title="bbox 2028 3304 3607 3385">
    <p class='ocr_par' dir='ltr' id='par_1_65' title="bbox 2028 3308 3607 3385">
     <span class='ocr_line' id='line_1_65' title="bbox 2028 3308 3607 3385; baseline -0.003 -18"><span class='ocrx_word' id='word_1_463' title='bbox 2028 3313 2304 3385; x_wconf 89' lang='grc' dir='ltr'><strong>Δερϐίκων</strong></span> <span class='ocrx_word' id='word_1_464' title='bbox 2336 3313 2439 3367; x_wconf 81' lang='grc' dir='ltr'><strong>ῐσοι</strong></span> <span class='ocrx_word' id='word_1_465' title='bbox 2475 3327 2491 3343; x_wconf 81' lang='grc' dir='ltr'><strong><em>ο</em></strong></span> <span class='ocrx_word' id='word_1_466' title='bbox 2544 3310 2730 3381; x_wconf 86' lang='grc' dir='ltr'><strong>μύριοι</strong></span> <span class='ocrx_word' id='word_1_467' title='bbox 2759 3312 2867 3382; x_wconf 85' lang='grc' dir='ltr'><strong>γὰρ</strong></span> <span class='ocrx_word' id='word_1_468' title='bbox 2897 3309 2994 3362; x_wconf 77' lang='grc' dir='ltr'><strong>καὶ</strong></span> <span class='ocrx_word' id='word_1_469' title='bbox 3025 3309 3200 3364; x_wconf 79' lang='grc' dir='ltr'><strong>αὐτοί.</strong></span> <span class='ocrx_word' id='word_1_470' title='bbox 3242 3308 3522 3380; x_wconf 81' lang='grc' dir='ltr'><strong>Ἀμόργης</strong></span> <span class='ocrx_word' id='word_1_471' title='bbox 3549 3308 3607 3363; x_wconf 81' lang='grc' dir='ltr'><strong>δέ</strong></span> 
     </span>
    </p>
   </div>
   <div class='ocr_carea' id='block_1_66' title="bbox 334 3397 1923 3473">
    <p class='ocr_par' dir='ltr' id='par_1_66' title="bbox 334 3397 1923 3473">
     <span class='ocr_line' id='line_1_66' title="bbox 334 3397 1923 3473; baseline -0.004 -15"><span class='ocrx_word' id='word_1_472' title='bbox 334 3417 516 3473; x_wconf 87' lang='lat' dir='ltr'><strong>neque</strong></span> <span class='ocrx_word' id='word_1_473' title='bbox 551 3400 840 3456; x_wconf 91' lang='lat' dir='ltr'><strong>Derbicum</strong></span> <span class='ocrx_word' id='word_1_474' title='bbox 871 3400 1184 3471; x_wconf 82' lang='lat' dir='ltr'><strong>pauciores.</strong></span> <span class='ocrx_word' id='word_1_475' title='bbox 1217 3399 1414 3454; x_wconf 90' lang='lat' dir='ltr'><strong>Decem</strong></span> <span class='ocrx_word' id='word_1_476' title='bbox 1454 3399 1600 3453; x_wconf 91' lang='lat' dir='ltr'><strong>enim</strong></span> <span class='ocrx_word' id='word_1_477' title='bbox 1630 3397 1793 3454; x_wconf 90' lang='lat' dir='ltr'><strong>etiam</strong></span> <span class='ocrx_word' id='word_1_478' title='bbox 1822 3399 1923 3453; x_wconf 71' lang='lat' dir='ltr'><strong>hoo</strong></span> 
     </span>
    </p>
   </div>
   <div class='ocr_carea' id='block_1_67' title="bbox 335 3491 1922 3563">
    <p class='ocr_par' dir='ltr' id='par_1_67' title="bbox 335 3491 1922 3563">
     <span class='ocr_line' id='line_1_67' title="bbox 335 3491 1922 3563; baseline -0.003 -13"><span class='ocrx_word' id='word_1_479' title='bbox 335 3511 455 3550; x_wconf 89' lang='lat' dir='ltr'><strong>rmn</strong></span> <span class='ocrx_word' id='word_1_480' title='bbox 489 3493 656 3549; x_wconf 86' lang='lat' dir='ltr'><strong>millia</strong></span> <span class='ocrx_word' id='word_1_481' title='bbox 685 3493 955 3549; x_wconf 90' lang='lat' dir='ltr'><strong>cecidere.</strong></span> <span class='ocrx_word' id='word_1_482' title='bbox 980 3492 1249 3563; x_wconf 72' lang='lat' dir='ltr'><strong>Amorges</strong></span> <span class='ocrx_word' id='word_1_483' title='bbox 1293 3492 1390 3556; x_wconf 87' lang='lat' dir='ltr'><strong>ibi,</strong></span> <span class='ocrx_word' id='word_1_484' title='bbox 1424 3503 1650 3562; x_wconf 88' lang='lat' dir='ltr'><strong>accepto</strong></span> <span class='ocrx_word' id='word_1_485' title='bbox 1685 3492 1751 3546; x_wconf 89' lang='lat' dir='ltr'><strong>de</strong></span> <span class='ocrx_word' id='word_1_486' title='bbox 1779 3491 1922 3563; x_wconf 90' lang='lat' dir='ltr'><strong>Cyro</strong></span> 
     </span>
    </p>
   </div>
   <div class='ocr_carea' id='block_1_68' title="bbox 338 3583 1919 3656">
    <p class='ocr_par' dir='ltr' id='par_1_68' title="bbox 338 3583 1919 3656">
     <span class='ocr_line' id='line_1_68' title="bbox 338 3583 1919 3656; baseline 0 -17"><span class='ocrx_word' id='word_1_487' title='bbox 338 3587 554 3650; x_wconf 90' lang='lat' dir='ltr'><strong>nuntio,</strong></span> <span class='ocrx_word' id='word_1_488' title='bbox 589 3600 821 3656; x_wconf 85' lang='lat' dir='ltr'><strong>pr0pere</strong></span> <span class='ocrx_word' id='word_1_489' title='bbox 862 3586 930 3640; x_wconf 86' lang='lat' dir='ltr'><strong>ad</strong></span> <span class='ocrx_word' id='word_1_490' title='bbox 973 3583 1168 3640; x_wconf 83' lang='lat' dir='ltr'><strong>Persas</strong></span> <span class='ocrx_word' id='word_1_491' title='bbox 1215 3585 1452 3650; x_wconf 89' lang='lat' dir='ltr'><strong>accedit,</strong></span> <span class='ocrx_word' id='word_1_492' title='bbox 1502 3584 1766 3641; x_wconf 88' lang='lat' dir='ltr'><strong>Sacarum</strong></span> <span class='ocrx_word' id='word_1_493' title='bbox 1815 3586 1919 3640; x_wconf 89' lang='lat' dir='ltr'><strong>du-</strong></span> 
     </span>
    </p>
   </div>
   <div class='ocr_carea' id='block_1_69' title="bbox 339 3676 1920 3749">
    <p class='ocr_par' dir='ltr' id='par_1_69' title="bbox 339 3676 1920 3749">
     <span class='ocr_line' id='line_1_69' title="bbox 339 3676 1920 3749; baseline 0.002 -20"><span class='ocrx_word' id='word_1_494' title='bbox 339 3694 472 3732; x_wconf 66' lang='lat' dir='ltr'><strong>cens</strong></span> <span class='ocrx_word' id='word_1_495' title='bbox 500 3679 741 3749; x_wconf 87' lang='lat' dir='ltr'><strong>equitum</strong></span> <span class='ocrx_word' id='word_1_496' title='bbox 771 3678 961 3749; x_wconf 72' lang='lat' dir='ltr'><strong>viginti</strong></span> <span class='ocrx_word' id='word_1_497' title='bbox 998 3678 1188 3732; x_wconf 81' lang='lat' dir='ltr'><strong>millia.</strong></span> <span class='ocrx_word' id='word_1_498' title='bbox 1219 3677 1419 3732; x_wconf 69' lang='lat' dir='ltr'><strong>Praelio</strong></span> <span class='ocrx_word' id='word_1_499' title='bbox 1443 3693 1572 3748; x_wconf 79' lang='lat' dir='ltr'><strong>ergo</strong></span> <span class='ocrx_word' id='word_1_500' title='bbox 1593 3676 1791 3734; x_wconf 87' lang='lat' dir='ltr'><strong>Persas</strong></span> <span class='ocrx_word' id='word_1_501' title='bbox 1831 3677 1920 3732; x_wconf 86' lang='lat' dir='ltr'><strong>in-</strong></span> 
     </span>
    </p>
   </div>
   <div class='ocr_carea' id='block_1_70' title="bbox 335 3767 1917 3840">
    <p class='ocr_par' dir='ltr' id='par_1_70' title="bbox 335 3767 1917 3840">
     <span class='ocr_line' id='line_1_70' title="bbox 335 3767 1917 3840; baseline 0.001 -14"><span class='ocrx_word' id='word_1_502' title='bbox 335 3781 420 3826; x_wconf 85' lang='lat' dir='ltr'><strong>ter</strong></span> <span class='ocrx_word' id='word_1_503' title='bbox 465 3785 528 3825; x_wconf 88' lang='lat' dir='ltr'><strong>ac</strong></span> <span class='ocrx_word' id='word_1_504' title='bbox 591 3769 847 3824; x_wconf 84' lang='lat' dir='ltr'><strong>Derbices</strong></span> <span class='ocrx_word' id='word_1_505' title='bbox 908 3779 1185 3836; x_wconf 88' lang='lat' dir='ltr'><strong>conserto,</strong></span> <span class='ocrx_word' id='word_1_506' title='bbox 1232 3785 1261 3823; x_wconf 91' lang='lat' dir='ltr'><strong>a</strong></span> <span class='ocrx_word' id='word_1_507' title='bbox 1324 3767 1506 3825; x_wconf 87' lang='lat' dir='ltr'><strong>Persis</strong></span> <span class='ocrx_word' id='word_1_508' title='bbox 1560 3779 1724 3840; x_wconf 92' lang='lat' dir='ltr'><strong>atque</strong></span> <span class='ocrx_word' id='word_1_509' title='bbox 1761 3769 1917 3827; x_wconf 85' lang='lat' dir='ltr'><strong>Sacis</strong></span> 
     </span>
    </p>
   </div>
   <div class='ocr_carea' id='block_1_71' title="bbox 332 3859 1916 3933">
    <p class='ocr_par' dir='ltr' id='par_1_71' title="bbox 332 3859 1916 3933">
     <span class='ocr_line' id='line_1_71' title="bbox 332 3859 1916 3933; baseline 0 -17"><span class='ocrx_word' id='word_1_510' title='bbox 332 3861 635 3917; x_wconf 71' lang='lat' dir='ltr'><strong>fortissime</strong></span> <span class='ocrx_word' id='word_1_511' title='bbox 651 3863 1020 3933; x_wconf 68' lang='lat' dir='ltr'><strong>pugnantibus</strong></span> <span class='ocrx_word' id='word_1_512' title='bbox 1039 3860 1262 3915; x_wconf 82' lang='lat' dir='ltr'><strong>victoria</strong></span> <span class='ocrx_word' id='word_1_513' title='bbox 1285 3861 1459 3916; x_wconf 90' lang='lat' dir='ltr'><strong>stetit.</strong></span> <span class='ocrx_word' id='word_1_514' title='bbox 1477 3859 1762 3916; x_wconf 90' lang='lat' dir='ltr'><strong>Occumbit</strong></span> <span class='ocrx_word' id='word_1_515' title='bbox 1780 3861 1916 3918; x_wconf 85' lang='lat' dir='ltr'><strong>Der-</strong></span> 
     </span>
    </p>
   </div>
   <div class='ocr_carea' id='block_1_72' title="bbox 339 3952 1915 4023">
    <p class='ocr_par' dir='ltr' id='par_1_72' title="bbox 339 3952 1915 4023">
     <span class='ocr_line' id='line_1_72' title="bbox 339 3952 1915 4023; baseline 0 -15"><span class='ocrx_word' id='word_1_516' title='bbox 339 3954 520 4008; x_wconf 86' lang='lat' dir='ltr'><strong>bicnm</strong></span> <span class='ocrx_word' id='word_1_517' title='bbox 555 3969 650 4008; x_wconf 91' lang='lat' dir='ltr'><strong>rex</strong></span> <span class='ocrx_word' id='word_1_518' title='bbox 687 3952 805 4023; x_wconf 89' lang='lat' dir='ltr'><strong>ipse</strong></span> <span class='ocrx_word' id='word_1_519' title='bbox 833 3952 1118 4008; x_wconf 71' lang='lat' dir='ltr'><strong>Amorteus</strong></span> <span class='ocrx_word' id='word_1_520' title='bbox 1143 3967 1265 4006; x_wconf 91' lang='lat' dir='ltr'><strong>cum</strong></span> <span class='ocrx_word' id='word_1_521' title='bbox 1306 3952 1519 4008; x_wconf 89' lang='lat' dir='ltr'><strong>duobus</strong></span> <span class='ocrx_word' id='word_1_522' title='bbox 1568 3953 1711 4010; x_wconf 85' lang='lat' dir='ltr'><strong>liliis.</strong></span> <span class='ocrx_word' id='word_1_523' title='bbox 1756 3953 1915 4008; x_wconf 83' lang='lat' dir='ltr'><strong>Ceci-</strong></span> 
     </span>
    </p>
   </div>
   <div class='ocr_carea' id='block_1_73' title="bbox 2021 3401 3607 3478">
    <p class='ocr_par' dir='ltr' id='par_1_73' title="bbox 2021 3401 3607 3478">
     <span class='ocr_line' id='line_1_73' title="bbox 2021 3401 3607 3478; baseline -0.003 -19"><span class='ocrx_word' id='word_1_524' title='bbox 2021 3406 2152 3476; x_wconf 77' lang='grc' dir='ltr'><strong>περὶ</strong></span> <span class='ocrx_word' id='word_1_525' title='bbox 2177 3403 2367 3478; x_wconf 87' lang='grc' dir='ltr'><strong>Κύρου</strong></span> <span class='ocrx_word' id='word_1_526' title='bbox 2389 3401 2630 3465; x_wconf 80' lang='grc' dir='ltr'><strong>ἀκούσας</strong></span> <span class='ocrx_word' id='word_1_527' title='bbox 2657 3403 2862 3474; x_wconf 75' lang='grc' dir='ltr'><strong>σπουδῇ</strong></span> <span class='ocrx_word' id='word_1_528' title='bbox 2891 3401 3278 3473; x_wconf 87' lang='grc' dir='ltr'><strong>παραγίνεται,</strong></span> <span class='ocrx_word' id='word_1_529' title='bbox 3307 3401 3446 3472; x_wconf 82' lang='grc' dir='ltr'><strong>έχων</strong></span> <span class='ocrx_word' id='word_1_530' title='bbox 3493 3403 3607 3455; x_wconf 86' lang='grc' dir='ltr'><strong>Σα-</strong></span> 
     </span>
    </p>
   </div>
   <div class='ocr_carea' id='block_1_74' title="bbox 2022 3493 3607 3567">
    <p class='ocr_par' dir='ltr' id='par_1_74' title="bbox 2022 3493 3607 3567">
     <span class='ocr_line' id='line_1_74' title="bbox 2022 3493 3607 3567; baseline -0.004 -16"><span class='ocrx_word' id='word_1_531' title='bbox 2022 3496 2135 3551; x_wconf 86' lang='grc' dir='ltr'><strong>κῶν</strong></span> <span class='ocrx_word' id='word_1_532' title='bbox 2160 3495 2482 3567; x_wconf 73' lang='grc' dir='ltr'><strong>δισμυρίους</strong></span> <span class='ocrx_word' id='word_1_533' title='bbox 2533 3493 2756 3555; x_wconf 80' lang='grc' dir='ltr'><strong>ἱππέας.</strong></span> <span class='ocrx_word' id='word_1_534' title='bbox 2813 3493 2925 3547; x_wconf 76' lang='grc' dir='ltr'><strong>Καὶ</strong></span> <span class='ocrx_word' id='word_1_535' title='bbox 2962 3493 3202 3562; x_wconf 87' lang='grc' dir='ltr'><strong>πολέμου</strong></span> <span class='ocrx_word' id='word_1_536' title='bbox 3238 3493 3607 3564; x_wconf 73' lang='grc' dir='ltr'><strong>συρραγέντος</strong></span> 
     </span>
    </p>
   </div>
   <div class='ocr_carea' id='block_1_75' title="bbox 2023 3583 3607 3658">
    <p class='ocr_par' dir='ltr' id='par_1_75' title="bbox 2023 3583 3607 3658">
     <span class='ocr_line' id='line_1_75' title="bbox 2023 3583 3607 3658; baseline -0.004 -17"><span class='ocrx_word' id='word_1_537' title='bbox 2023 3587 2253 3658; x_wconf 87' lang='grc' dir='ltr'><strong>Περσῶν</strong></span> <span class='ocrx_word' id='word_1_538' title='bbox 2279 3587 2376 3639; x_wconf 85' lang='grc' dir='ltr'><strong>καὶ</strong></span> <span class='ocrx_word' id='word_1_539' title='bbox 2405 3585 2682 3656; x_wconf 89' lang='grc' dir='ltr'><strong>Δερϐίκων</strong></span> <span class='ocrx_word' id='word_1_540' title='bbox 2715 3585 2843 3654; x_wconf 71' lang='grc' dir='ltr'><strong>νικᾷ</strong></span> <span class='ocrx_word' id='word_1_541' title='bbox 2871 3583 3014 3637; x_wconf 77' lang='grc' dir='ltr'><strong>κατὰ</strong></span> <span class='ocrx_word' id='word_1_542' title='bbox 3045 3584 3249 3654; x_wconf 86' lang='grc' dir='ltr'><strong>κράτος</strong></span> <span class='ocrx_word' id='word_1_543' title='bbox 3281 3585 3308 3636; x_wconf 98' lang='lat'><strong>6</strong></span> <span class='ocrx_word' id='word_1_544' title='bbox 3338 3583 3607 3652; x_wconf 80' lang='grc' dir='ltr'><strong>Περσικὸς</strong></span> 
     </span>
    </p>
   </div>
   <div class='ocr_carea' id='block_1_76' title="bbox 2023 3675 3608 3749">
    <p class='ocr_par' dir='ltr' id='par_1_76' title="bbox 2023 3675 3608 3749">
     <span class='ocr_line' id='line_1_76' title="bbox 2023 3675 3608 3749; baseline -0.004 -17"><span class='ocrx_word' id='word_1_545' title='bbox 2023 3679 2118 3733; x_wconf 77' lang='grc' dir='ltr'><strong>καὶ</strong></span> <span class='ocrx_word' id='word_1_546' title='bbox 2149 3677 2337 3733; x_wconf 84' lang='grc' dir='ltr'><strong>Σακῶν</strong></span> <span class='ocrx_word' id='word_1_547' title='bbox 2369 3677 2602 3749; x_wconf 80' lang='grc' dir='ltr'><strong>στρατὸς</strong></span> <span class='ocrx_word' id='word_1_548' title='bbox 2625 3715 2641 3740; x_wconf 85' lang='grc'><em>,</em></span> <span class='ocrx_word' id='word_1_549' title='bbox 2673 3677 2977 3747; x_wconf 85' lang='grc' dir='ltr'><strong>ἀναιρεῖται</strong></span> <span class='ocrx_word' id='word_1_550' title='bbox 3003 3675 3061 3728; x_wconf 84' lang='grc' dir='ltr'><strong>δέ</strong></span> <span class='ocrx_word' id='word_1_551' title='bbox 3087 3675 3181 3729; x_wconf 77' lang='grc' dir='ltr'><strong>καὶ</strong></span> <span class='ocrx_word' id='word_1_552' title='bbox 3207 3675 3249 3707; x_wconf 78' lang='grc'><strong>⁸⁸</strong></span> <span class='ocrx_word' id='word_1_553' title='bbox 3287 3676 3315 3728; x_wconf 91' lang='lat'><strong>6</strong></span> <span class='ocrx_word' id='word_1_554' title='bbox 3340 3676 3447 3727; x_wconf 85' lang='grc' dir='ltr'><strong>τῶν</strong></span> <span class='ocrx_word' id='word_1_555' title='bbox 3476 3681 3608 3745; x_wconf 82' lang='grc' dir='ltr'><strong>Δερ-</strong></span> 
     </span>
    </p>
   </div>
   <div class='ocr_carea' id='block_1_77' title="bbox 2023 3766 3606 3840">
    <p class='ocr_par' dir='ltr' id='par_1_77' title="bbox 2023 3766 3606 3840">
     <span class='ocr_line' id='line_1_77' title="bbox 2023 3766 3606 3840; baseline -0.003 -16"><span class='ocrx_word' id='word_1_556' title='bbox 2023 3771 2192 3825; x_wconf 89' lang='grc' dir='ltr'><strong>ϐίκων</strong></span> <span class='ocrx_word' id='word_1_557' title='bbox 2213 3770 2464 3840; x_wconf 79' lang='grc' dir='ltr'><strong>βασιλεὺς</strong></span> <span class='ocrx_word' id='word_1_558' title='bbox 2493 3771 2784 3840; x_wconf 84' lang='grc' dir='ltr'><strong>Ἀμοραῖος</strong></span> <span class='ocrx_word' id='word_1_559' title='bbox 2800 3768 2896 3822; x_wconf 80' lang='grc' dir='ltr'><strong>καὶ</strong></span> <span class='ocrx_word' id='word_1_560' title='bbox 2920 3767 3080 3831; x_wconf 84' lang='grc' dir='ltr'><strong>αὐτὸς</strong></span> <span class='ocrx_word' id='word_1_561' title='bbox 3108 3768 3200 3820; x_wconf 72' lang='grc' dir='ltr'><strong>καὶ</strong></span> <span class='ocrx_word' id='word_1_562' title='bbox 3217 3767 3266 3820; x_wconf 81' lang='grc' dir='ltr'><strong>οί</strong></span> <span class='ocrx_word' id='word_1_563' title='bbox 3290 3766 3382 3820; x_wconf 84' lang='grc' dir='ltr'><strong>δύο</strong></span> <span class='ocrx_word' id='word_1_564' title='bbox 3415 3767 3606 3832; x_wconf 84' lang='grc' dir='ltr'><strong>παῖδες</strong></span> 
     </span>
    </p>
   </div>
   <div class='ocr_carea' id='block_1_78' title="bbox 2022 3859 3603 3933">
    <p class='ocr_par' dir='ltr' id='par_1_78' title="bbox 2022 3859 3603 3933">
     <span class='ocr_line' id='line_1_78' title="bbox 2022 3859 3603 3933; baseline -0.002 -16"><span class='ocrx_word' id='word_1_565' title='bbox 2022 3861 2210 3917; x_wconf 84' lang='grc' dir='ltr'><strong>αὑτοῦ.</strong></span> <span class='ocrx_word' id='word_1_566' title='bbox 2227 3861 2523 3915; x_wconf 84' lang='grc' dir='ltr'><strong>Ἀπέθανον</strong></span> <span class='ocrx_word' id='word_1_567' title='bbox 2541 3861 2596 3914; x_wconf 80' lang='grc' dir='ltr'><strong>δὲ</strong></span> <span class='ocrx_word' id='word_1_568' title='bbox 2609 3860 2888 3933; x_wconf 84' lang='grc' dir='ltr'><strong>Δερϐίκων</strong></span> <span class='ocrx_word' id='word_1_569' title='bbox 2906 3859 3007 3931; x_wconf 84' lang='grc' dir='ltr'><strong>μὲν</strong></span> <span class='ocrx_word' id='word_1_570' title='bbox 3019 3859 3356 3931; x_wconf 74' lang='grc' dir='ltr'><strong>τρισμύριοι,</strong></span> <span class='ocrx_word' id='word_1_571' title='bbox 3377 3861 3603 3930; x_wconf 77' lang='grc' dir='ltr'><strong>Περσῶν</strong></span> 
     </span>
    </p>
   </div>
   <div class='ocr_carea' id='block_1_79' title="bbox 2021 3950 3600 4023">
    <p class='ocr_par' dir='ltr' id='par_1_79' title="bbox 2021 3950 3600 4023">
     <span class='ocr_line' id='line_1_79' title="bbox 2021 3950 3600 4023; baseline -0.001 -14"><span class='ocrx_word' id='word_1_572' title='bbox 2021 3955 2078 4009; x_wconf 79' lang='grc' dir='ltr'><strong>δὲ</strong></span> <span class='ocrx_word' id='word_1_573' title='bbox 2111 3951 2547 4023; x_wconf 67' lang='grc' dir='ltr'><strong>ἐνακισχίλιοιίθ,</strong></span> <span class='ocrx_word' id='word_1_574' title='bbox 2579 3951 2675 4004; x_wconf 73' lang='grc' dir='ltr'><strong>καὶ</strong></span> <span class='ocrx_word' id='word_1_575' title='bbox 2700 3950 3125 4022; x_wconf 82' lang='grc' dir='ltr'><strong>προσεχώρησεν</strong></span> <span class='ocrx_word' id='word_1_576' title='bbox 3155 3952 3187 4021; x_wconf 81' lang='grc' dir='ltr'><strong>ἡ</strong></span> <span class='ocrx_word' id='word_1_577' title='bbox 3222 3951 3374 4021; x_wconf 81' lang='grc' dir='ltr'><strong>χώρα</strong></span> <span class='ocrx_word' id='word_1_578' title='bbox 3407 3950 3600 4023; x_wconf 86' lang='grc' dir='ltr'><strong>Κύρῳ.</strong></span> 
     </span>
    </p>
   </div>
   <div class='ocr_carea' id='block_1_80' title="bbox 331 4043 3392 4117">
    <p class='ocr_par' dir='ltr' id='par_1_80' title="bbox 331 4043 3392 4117">
     <span class='ocr_line' id='line_1_80' title="bbox 331 4043 3392 4117; baseline -0.001 -17"><span class='ocrx_word' id='word_1_579' title='bbox 331 4050 528 4100; x_wconf 88' lang='lat' dir='ltr'><strong>derunt</strong></span> <span class='ocrx_word' id='word_1_580' title='bbox 561 4055 618 4100; x_wconf 95' lang='lat' dir='ltr'><strong>et</strong></span> <span class='ocrx_word' id='word_1_581' title='bbox 666 4043 955 4100; x_wconf 86' lang='lat' dir='ltr'><strong>Derbicum</strong></span> <span class='ocrx_word' id='word_1_582' title='bbox 1003 4045 1223 4117; x_wconf 80' lang='lat' dir='ltr'><strong>triginta</strong></span> <span class='ocrx_word' id='word_1_583' title='bbox 1263 4045 1451 4108; x_wconf 90' lang='lat' dir='ltr'><strong>millia,</strong></span> <span class='ocrx_word' id='word_1_584' title='bbox 1481 4044 1769 4102; x_wconf 87' lang='lat' dir='ltr'><strong>Persarum</strong></span> <span class='ocrx_word' id='word_1_585' title='bbox 1811 4063 2030 4104; x_wconf 88' lang='lat' dir='ltr'><strong>novem.</strong></span> <span class='ocrx_word' id='word_1_586' title='bbox 2080 4049 2157 4102; x_wconf 89' lang='lat' dir='ltr'><strong>Ita</strong></span> <span class='ocrx_word' id='word_1_587' title='bbox 2207 4049 2355 4117; x_wconf 80' lang='lat' dir='ltr'><strong>regio</strong></span> <span class='ocrx_word' id='word_1_588' title='bbox 2400 4043 2490 4100; x_wconf 90' lang='lat' dir='ltr'><strong>illa</strong></span> <span class='ocrx_word' id='word_1_589' title='bbox 2551 4044 2605 4099; x_wconf 91' lang='lat' dir='ltr'><strong>in</strong></span> <span class='ocrx_word' id='word_1_590' title='bbox 2658 4043 2787 4114; x_wconf 88' lang='lat' dir='ltr'><strong>Cyri</strong></span> <span class='ocrx_word' id='word_1_591' title='bbox 2819 4045 3076 4099; x_wconf 85' lang='lat' dir='ltr'><strong>ditionem</strong></span> <span class='ocrx_word' id='word_1_592' title='bbox 3101 4045 3392 4100; x_wconf 62' lang='lat' dir='ltr'><strong>concessit.</strong></span> 
     </span>
    </p>
   </div>
   <div class='ocr_carea' id='block_1_81' title="bbox 405 4137 1908 4208">
    <p class='ocr_par' dir='ltr' id='par_1_81' title="bbox 405 4137 1908 4208">
     <span class='ocr_line' id='line_1_81' title="bbox 405 4137 1908 4208; baseline 0.001 -17"><span class='ocrx_word' id='word_1_593' title='bbox 405 4138 584 4208; x_wconf 83' lang='lat' dir='ltr'><strong>Cyrus</strong></span> <span class='ocrx_word' id='word_1_594' title='bbox 607 4151 741 4193; x_wconf 82' lang='lat' dir='ltr'><strong>vero</strong></span> <span class='ocrx_word' id='word_1_595' title='bbox 773 4137 874 4193; x_wconf 84' lang='lat' dir='ltr'><strong>sub</strong></span> <span class='ocrx_word' id='word_1_596' title='bbox 897 4137 1095 4193; x_wconf 84' lang='lat' dir='ltr'><strong>mortis</strong></span> <span class='ocrx_word' id='word_1_597' title='bbox 1127 4146 1340 4208; x_wconf 88' lang='lat' dir='ltr'><strong>tempus</strong></span> <span class='ocrx_word' id='word_1_598' title='bbox 1366 4138 1536 4194; x_wconf 81' lang='lat' dir='ltr'><strong>tilium</strong></span> <span class='ocrx_word' id='word_1_599' title='bbox 1561 4149 1694 4193; x_wconf 87' lang='lat' dir='ltr'><strong>natu</strong></span> <span class='ocrx_word' id='word_1_600' title='bbox 1730 4139 1908 4193; x_wconf 86' lang='lat' dir='ltr'><strong>maxi-</strong></span> 
     </span>
    </p>
   </div>
   <div class='ocr_carea' id='block_1_82' title="bbox 332 4231 1907 4305">
    <p class='ocr_par' dir='ltr' id='par_1_82' title="bbox 332 4231 1907 4305">
     <span class='ocr_line' id='line_1_82' title="bbox 332 4231 1907 4305; baseline 0.001 -19"><span class='ocrx_word' id='word_1_601' title='bbox 332 4246 481 4286; x_wconf 87' lang='lat' dir='ltr'><strong>mum</strong></span> <span class='ocrx_word' id='word_1_602' title='bbox 518 4231 828 4303; x_wconf 87' lang='lat' dir='ltr'><strong>Cambysen</strong></span> <span class='ocrx_word' id='word_1_603' title='bbox 863 4245 1045 4300; x_wconf 75' lang='lat' dir='ltr'><strong>regem</strong></span> <span class='ocrx_word' id='word_1_604' title='bbox 1082 4242 1235 4286; x_wconf 83' lang='lat' dir='ltr'><strong>creat</strong></span> <span class='ocrx_word' id='word_1_605' title='bbox 1261 4232 1575 4302; x_wconf 71' lang='lat' dir='ltr'><strong>:[juniorem</strong></span> <span class='ocrx_word' id='word_1_606' title='bbox 1605 4234 1730 4288; x_wconf 90' lang='lat' dir='ltr'><strong>dein</strong></span> <span class='ocrx_word' id='word_1_607' title='bbox 1770 4235 1907 4305; x_wconf 72' lang='lat'><strong>(82),</strong></span> 
     </span>
    </p>
   </div>
   <div class='ocr_carea' id='block_1_83' title="bbox 2088 4119 3602 4210">
    <p class='ocr_par' dir='ltr' id='par_1_83' title="bbox 2088 4119 3602 4210">
     <span class='ocr_line' id='line_1_83' title="bbox 2088 4119 3602 4210; baseline 0 -18"><span class='ocrx_word' id='word_1_608' title='bbox 2088 4139 2269 4210; x_wconf 83' lang='grc' dir='ltr'><strong>Κύρος</strong></span> <span class='ocrx_word' id='word_1_609' title='bbox 2294 4138 2351 4192; x_wconf 84' lang='grc' dir='ltr'><strong>δέ</strong></span> <span class='ocrx_word' id='word_1_610' title='bbox 2375 4136 2586 4207; x_wconf 83' lang='grc' dir='ltr'><strong>μέλλων</strong></span> <span class='ocrx_word' id='word_1_611' title='bbox 2604 4137 2860 4207; x_wconf 81' lang='grc' dir='ltr'><strong>τελευτᾷν</strong></span> <span class='ocrx_word' id='word_1_612' title='bbox 2885 4119 3315 4206; x_wconf 69' lang='grc' dir='ltr'><strong>Καμϐύσην’”μέν</strong></span> <span class='ocrx_word' id='word_1_613' title='bbox 3334 4137 3425 4191; x_wconf 85' lang='grc' dir='ltr'><strong>τὸν</strong></span> <span class='ocrx_word' id='word_1_614' title='bbox 3447 4137 3602 4210; x_wconf 76' lang='grc' dir='ltr'><strong>πρῶο</strong></span> 
     </span>
    </p>
   </div>
   <div class='ocr_carea' id='block_1_84' title="bbox 2016 4229 3601 4302">
    <p class='ocr_par' dir='ltr' id='par_1_84' title="bbox 2016 4229 3601 4302">
     <span class='ocr_line' id='line_1_84' title="bbox 2016 4229 3601 4302; baseline 0 -17"><span class='ocrx_word' id='word_1_615' title='bbox 2016 4249 2108 4285; x_wconf 87' lang='grc' dir='ltr'><strong>τον</strong></span> <span class='ocrx_word' id='word_1_616' title='bbox 2131 4232 2244 4284; x_wconf 78' lang='grc' dir='ltr'><strong>υἱὸν</strong></span> <span class='ocrx_word' id='word_1_617' title='bbox 2279 4231 2506 4302; x_wconf 85' lang='grc' dir='ltr'><strong>βασιλέα</strong></span> <span class='ocrx_word' id='word_1_618' title='bbox 2527 4229 2780 4299; x_wconf 84' lang='grc' dir='ltr'><strong>καθίστη,</strong></span> <span class='ocrx_word' id='word_1_619' title='bbox 2806 4229 3197 4299; x_wconf 79' lang='grc' dir='ltr'><strong>Τανυοξάρκην</strong></span> <span class='ocrx_word' id='word_1_620' title='bbox 3213 4229 3270 4283; x_wconf 79' lang='grc' dir='ltr'><strong>δὲ</strong></span> <span class='ocrx_word' id='word_1_621' title='bbox 3289 4230 3382 4282; x_wconf 85' lang='grc' dir='ltr'><strong>τὸν</strong></span> <span class='ocrx_word' id='word_1_622' title='bbox 3403 4230 3601 4285; x_wconf 83' lang='grc' dir='ltr'><strong>νεώτε-</strong></span> 
     </span>
    </p>
   </div>
   <div class='ocr_carea' id='block_1_85' title="bbox 333 4320 1919 4396">
    <p class='ocr_par' dir='ltr' id='par_1_85' title="bbox 333 4321 1912 4396">
     <span class='ocr_line' id='line_1_85' title="bbox 333 4321 1912 4396; baseline 0.001 -20"><span class='ocrx_word' id='word_1_623' title='bbox 333 4321 746 4393; x_wconf 86' lang='lat' dir='ltr'><strong>Tanyoxarcem</strong></span> <span class='ocrx_word' id='word_1_624' title='bbox 809 4322 1050 4387; x_wconf 88' lang='lat' dir='ltr'><strong>nomine,</strong></span> <span class='ocrx_word' id='word_1_625' title='bbox 1086 4321 1425 4378; x_wconf 86' lang='lat' dir='ltr'><strong>Bactriorum</strong></span> <span class='ocrx_word' id='word_1_626' title='bbox 1465 4323 1580 4396; x_wconf 76' lang='lat'><strong>(85)</strong></span> <span class='ocrx_word' id='word_1_627' title='bbox 1631 4324 1912 4381; x_wconf 88' lang='lat' dir='ltr'><strong>dominum</strong></span> 
     </span>
    </p>
   </div>
   <div class='ocr_carea' id='block_1_86' title="bbox 2028 4320 3601 4396">
    <p class='ocr_par' dir='ltr' id='par_1_86' title="bbox 2028 4320 3601 4396">
     <span class='ocr_line' id='line_1_86' title="bbox 2028 4320 3601 4396; baseline 0.001 -20"><span class='ocrx_word' id='word_1_628' title='bbox 2028 4341 2113 4394; x_wconf 84' lang='grc' dir='ltr'><strong>ρον</strong></span> <span class='ocrx_word' id='word_1_629' title='bbox 2146 4323 2418 4394; x_wconf 85' lang='grc' dir='ltr'><strong>ἐπέστησε</strong></span> <span class='ocrx_word' id='word_1_630' title='bbox 2454 4322 2500 4354; x_wconf 72' lang='grc'><strong>⁸⁸</strong></span> <span class='ocrx_word' id='word_1_631' title='bbox 2538 4322 2806 4392; x_wconf 84' lang='grc' dir='ltr'><strong>δεσπότην</strong></span> <span class='ocrx_word' id='word_1_632' title='bbox 2837 4320 3122 4392; x_wconf 87' lang='grc' dir='ltr'><strong>Βακτρίων</strong></span> <span class='ocrx_word' id='word_1_633' title='bbox 3154 4323 3250 4376; x_wconf 76' lang='grc' dir='ltr'><strong>καὶ</strong></span> <span class='ocrx_word' id='word_1_634' title='bbox 3286 4324 3385 4393; x_wconf 76' lang='grc' dir='ltr'><strong>τῆς</strong></span> <span class='ocrx_word' id='word_1_635' title='bbox 3411 4323 3601 4396; x_wconf 84' lang='grc' dir='ltr'><strong>χώρας</strong></span> 
     </span>
    </p>
   </div>
   <div class='ocr_carea' id='block_1_87' title="bbox 331 4411 1919 4487">
    <p class='ocr_par' dir='ltr' id='par_1_87' title="bbox 331 4413 1911 4487">
     <span class='ocr_line' id='line_1_87' title="bbox 331 4413 1911 4487; baseline 0.001 -17"><span class='ocrx_word' id='word_1_636' title='bbox 331 4416 613 4487; x_wconf 85' lang='lat' dir='ltr'><strong>ipsiusque</strong></span> <span class='ocrx_word' id='word_1_637' title='bbox 667 4415 928 4486; x_wconf 75' lang='lat' dir='ltr'><strong>regionis,</strong></span> <span class='ocrx_word' id='word_1_638' title='bbox 976 4430 1188 4472; x_wconf 90' lang='lat' dir='ltr'><strong>necnon</strong></span> <span class='ocrx_word' id='word_1_639' title='bbox 1237 4415 1731 4484; x_wconf 86' lang='lat' dir='ltr'><strong>Cboramniorutn,</strong></span> <span class='ocrx_word' id='word_1_640' title='bbox 1773 4413 1911 4471; x_wconf 84' lang='lat' dir='ltr'><strong>Par-</strong></span> 
     </span>
    </p>
   </div>
   <div class='ocr_carea' id='block_1_88' title="bbox 2028 4411 3603 4487">
    <p class='ocr_par' dir='ltr' id='par_1_88' title="bbox 2028 4411 3603 4485">
     <span class='ocr_line' id='line_1_88' title="bbox 2028 4411 3603 4485; baseline 0.001 -19"><span class='ocrx_word' id='word_1_641' title='bbox 2028 4414 2117 4467; x_wconf 75' lang='grc' dir='ltr'><strong>καὶ</strong></span> <span class='ocrx_word' id='word_1_642' title='bbox 2149 4411 2477 4484; x_wconf 85' lang='grc' dir='ltr'><strong>Χοραμνίων</strong></span> <span class='ocrx_word' id='word_1_643' title='bbox 2518 4412 2610 4465; x_wconf 76' lang='grc' dir='ltr'><strong>καὶ</strong></span> <span class='ocrx_word' id='word_1_644' title='bbox 2642 4411 2897 4482; x_wconf 85' lang='grc' dir='ltr'><strong>Παρθίων</strong></span> <span class='ocrx_word' id='word_1_645' title='bbox 2935 4413 3030 4466; x_wconf 76' lang='grc' dir='ltr'><strong>καὶ</strong></span> <span class='ocrx_word' id='word_1_646' title='bbox 3072 4414 3431 4485; x_wconf 81' lang='grc' dir='ltr'><strong>Καρμανίων,</strong></span> <span class='ocrx_word' id='word_1_647' title='bbox 3474 4416 3603 4467; x_wconf 85' lang='grc' dir='ltr'><strong>άτε-</strong></span> 
     </span>
    </p>
   </div>
   <div class='ocr_carea' id='block_1_89' title="bbox 331 4501 1919 4579">
    <p class='ocr_par' dir='ltr' id='par_1_89' title="bbox 331 4507 1911 4579">
     <span class='ocr_line' id='line_1_89' title="bbox 331 4507 1911 4579; baseline -0.001 -17"><span class='ocrx_word' id='word_1_648' title='bbox 331 4509 720 4579; x_wconf 85' lang='lat' dir='ltr'><strong>tbiorumque,</strong></span> <span class='ocrx_word' id='word_1_649' title='bbox 768 4521 825 4563; x_wconf 90' lang='lat' dir='ltr'><strong>et</strong></span> <span class='ocrx_word' id='word_1_650' title='bbox 877 4507 1290 4563; x_wconf 89' lang='lat' dir='ltr'><strong>Carmaniorum</strong></span> <span class='ocrx_word' id='word_1_651' title='bbox 1337 4507 1662 4572; x_wconf 79' lang='lat' dir='ltr'><strong>constituit,</strong></span> <span class='ocrx_word' id='word_1_652' title='bbox 1715 4507 1911 4562; x_wconf 81' lang='lat' dir='ltr'><strong>immu-</strong></span> 
     </span>
    </p>
   </div>
   <div class='ocr_carea' id='block_1_90' title="bbox 2028 4501 3601 4579">
    <p class='ocr_par' dir='ltr' id='par_1_90' title="bbox 2028 4501 3601 4578">
     <span class='ocr_line' id='line_1_90' title="bbox 2028 4501 3601 4578; baseline 0.003 -22"><span class='ocrx_word' id='word_1_653' title='bbox 2028 4504 2131 4567; x_wconf 80' lang='grc' dir='ltr'><strong>λείς</strong></span> <span class='ocrx_word' id='word_1_654' title='bbox 2162 4505 2308 4575; x_wconf 77' lang='grc' dir='ltr'><strong>ἔχειν</strong></span> <span class='ocrx_word' id='word_1_655' title='bbox 2339 4503 2438 4566; x_wconf 85' lang='grc' dir='ltr'><strong>τὰς</strong></span> <span class='ocrx_word' id='word_1_656' title='bbox 2460 4501 2645 4574; x_wconf 81' lang='grc' dir='ltr'><strong>χώρας</strong></span> <span class='ocrx_word' id='word_1_657' title='bbox 2665 4503 3064 4574; x_wconf 87' lang='grc' dir='ltr'><strong>διορισάμενος.</strong></span> <span class='ocrx_word' id='word_1_658' title='bbox 3099 4506 3223 4560; x_wconf 87' lang='grc' dir='ltr'><strong>Τῶν</strong></span> <span class='ocrx_word' id='word_1_659' title='bbox 3252 4506 3307 4560; x_wconf 85' lang='grc' dir='ltr'><strong>δὲ</strong></span> <span class='ocrx_word' id='word_1_660' title='bbox 3341 4507 3601 4578; x_wconf 86' lang='grc' dir='ltr'><strong>Σπιτάμα</strong></span> 
     </span>
    </p>
   </div>
   <div class='ocr_carea' id='block_1_91' title="bbox 330 4579 1919 4672">
    <p class='ocr_par' dir='ltr' id='par_1_91' title="bbox 330 4595 1905 4667">
     <span class='ocr_line' id='line_1_91' title="bbox 330 4595 1905 4667; baseline 0 -18"><span class='ocrx_word' id='word_1_661' title='bbox 330 4609 536 4666; x_wconf 84' lang='lat' dir='ltr'><strong>nesqne</strong></span> <span class='ocrx_word' id='word_1_662' title='bbox 581 4611 712 4651; x_wconf 89' lang='lat' dir='ltr'><strong>suas</strong></span> <span class='ocrx_word' id='word_1_663' title='bbox 756 4596 860 4651; x_wconf 90' lang='lat' dir='ltr'><strong>sibi</strong></span> <span class='ocrx_word' id='word_1_664' title='bbox 891 4597 1139 4667; x_wconf 67' lang='lat' dir='ltr'><strong>regiones</strong></span> <span class='ocrx_word' id='word_1_665' title='bbox 1173 4610 1201 4648; x_wconf 90' lang='lat' dir='ltr'><strong>a</strong></span> <span class='ocrx_word' id='word_1_666' title='bbox 1237 4595 1436 4650; x_wconf 88' lang='lat' dir='ltr'><strong>tributo</strong></span> <span class='ocrx_word' id='word_1_667' title='bbox 1482 4596 1685 4652; x_wconf 87' lang='lat' dir='ltr'><strong>habere</strong></span> <span class='ocrx_word' id='word_1_668' title='bbox 1726 4595 1905 4664; x_wconf 86' lang='lat' dir='ltr'><strong>jubet.</strong></span> 
     </span>
    </p>
   </div>
   <div class='ocr_carea' id='block_1_92' title="bbox 2028 4579 3596 4672">
    <p class='ocr_par' dir='ltr' id='par_1_92' title="bbox 2028 4593 3596 4672">
     <span class='ocr_line' id='line_1_92' title="bbox 2028 4593 3596 4672; baseline 0.003 -24"><span class='ocrx_word' id='word_1_669' title='bbox 2028 4593 2225 4648; x_wconf 68' lang='grc' dir='ltr'><strong>παίδων</strong></span> <span class='ocrx_word' id='word_1_670' title='bbox 2264 4593 2546 4664; x_wconf 82' lang='grc' dir='ltr'><strong>Σπιτάκην</strong></span> <span class='ocrx_word' id='word_1_671' title='bbox 2575 4595 2619 4626; x_wconf 72' lang='grc'>⁸⁸</span> <span class='ocrx_word' id='word_1_672' title='bbox 2664 4595 2764 4662; x_wconf 82' lang='grc' dir='ltr'><strong>μὲν</strong></span> <span class='ocrx_word' id='word_1_673' title='bbox 2793 4595 3075 4667; x_wconf 87' lang='grc' dir='ltr'><strong>Δερϐίκων</strong></span> <span class='ocrx_word' id='word_1_674' title='bbox 3108 4598 3358 4664; x_wconf 77' lang='grc' dir='ltr'><strong>ἀπέδειξε</strong></span> <span class='ocrx_word' id='word_1_675' title='bbox 3389 4601 3596 4672; x_wconf 84' lang='grc' dir='ltr'><strong>σατρά-</strong></span> 
     </span>
    </p>
   </div>
   <div class='ocr_carea' id='block_1_93' title="bbox 331 4683 1919 4762">
    <p class='ocr_par' dir='ltr' id='par_1_93' title="bbox 331 4683 1911 4760">
     <span class='ocr_line' id='line_1_93' title="bbox 331 4683 1911 4760; baseline 0.003 -23"><span class='ocrx_word' id='word_1_676' title='bbox 331 4683 375 4737; x_wconf 80' lang='lat' dir='ltr'><strong>E</strong></span> <span class='ocrx_word' id='word_1_677' title='bbox 411 4683 668 4754; x_wconf 68' lang='lat' dir='ltr'><strong>Spitamze</strong></span> <span class='ocrx_word' id='word_1_678' title='bbox 717 4701 847 4740; x_wconf 92' lang='lat' dir='ltr'><strong>vero</strong></span> <span class='ocrx_word' id='word_1_679' title='bbox 891 4685 1096 4752; x_wconf 79' lang='lat' dir='ltr'><strong>liberis,</strong></span> <span class='ocrx_word' id='word_1_680' title='bbox 1143 4685 1404 4755; x_wconf 86' lang='lat' dir='ltr'><strong>Spitaden</strong></span> <span class='ocrx_word' id='word_1_681' title='bbox 1437 4686 1552 4760; x_wconf 71' lang='grc'><strong>(86)</strong></span> <span class='ocrx_word' id='word_1_682' title='bbox 1590 4687 1911 4742; x_wconf 89' lang='lat' dir='ltr'><strong>Derbicibus</strong></span> 
     </span>
    </p>
   </div>
   <div class='ocr_carea' id='block_1_94' title="bbox 2028 4683 3599 4762">
    <p class='ocr_par' dir='ltr' id='par_1_94' title="bbox 2028 4686 3599 4762">
     <span class='ocr_line' id='line_1_94' title="bbox 2028 4686 3599 4762; baseline 0.004 -22"><span class='ocrx_word' id='word_1_683' title='bbox 2028 4703 2143 4757; x_wconf 76' lang='grc' dir='ltr'><strong>την,</strong></span> <span class='ocrx_word' id='word_1_684' title='bbox 2173 4686 2535 4757; x_wconf 85' lang='grc' dir='ltr'><strong>Μεγαϐἐρνην</strong></span> <span class='ocrx_word' id='word_1_685' title='bbox 2567 4686 2622 4740; x_wconf 80' lang='grc' dir='ltr'><strong>δὲ</strong></span> <span class='ocrx_word' id='word_1_686' title='bbox 2649 4688 3004 4760; x_wconf 84' lang='grc' dir='ltr'><strong>Βαρκανίων·</strong></span> <span class='ocrx_word' id='word_1_687' title='bbox 3039 4692 3107 4762; x_wconf 76' lang='grc' dir='ltr'><strong>τῇ</strong></span> <span class='ocrx_word' id='word_1_688' title='bbox 3141 4693 3310 4762; x_wconf 81' lang='grc' dir='ltr'><strong>μητρὶ</strong></span> <span class='ocrx_word' id='word_1_689' title='bbox 3339 4691 3394 4744; x_wconf 80' lang='grc' dir='ltr'><strong>δὲ</strong></span> <span class='ocrx_word' id='word_1_690' title='bbox 3421 4693 3599 4746; x_wconf 84' lang='grc' dir='ltr'><strong>πάντα</strong></span> 
     </span>
    </p>
   </div>
   <div class='ocr_carea' id='block_1_95' title="bbox 333 4774 1919 4857">
    <p class='ocr_par' dir='ltr' id='par_1_95' title="bbox 333 4774 1909 4850">
     <span class='ocr_line' id='line_1_95' title="bbox 333 4774 1909 4850; baseline 0.004 -24"><span class='ocrx_word' id='word_1_691' title='bbox 333 4774 598 4843; x_wconf 68' lang='lat' dir='ltr'><strong>praefecit,</strong></span> <span class='ocrx_word' id='word_1_692' title='bbox 659 4774 1042 4847; x_wconf 73' lang='lat' dir='ltr'><strong>Megabernem</strong></span> <span class='ocrx_word' id='word_1_693' title='bbox 1105 4777 1408 4844; x_wconf 85' lang='lat' dir='ltr'><strong>Barcaniis,</strong></span> <span class='ocrx_word' id='word_1_694' title='bbox 1464 4792 1668 4848; x_wconf 88' lang='lat' dir='ltr'><strong>eosque</strong></span> <span class='ocrx_word' id='word_1_695' title='bbox 1729 4779 1909 4850; x_wconf 77' lang='lat' dir='ltr'><strong>Amyti</strong></span> 
     </span>
    </p>
   </div>
   <div class='ocr_carea' id='block_1_96' title="bbox 2028 4774 3598 4857">
    <p class='ocr_par' dir='ltr' id='par_1_96' title="bbox 2028 4780 3598 4857">
     <span class='ocr_line' id='line_1_96' title="bbox 2028 4780 3598 4857; baseline 0.006 -23"><span class='ocrx_word' id='word_1_696' title='bbox 2028 4780 2295 4834; x_wconf 70' lang='grc' dir='ltr'><strong>πείθεσθαι</strong></span> <span class='ocrx_word' id='word_1_697' title='bbox 2338 4782 2690 4852; x_wconf 81' lang='grc' dir='ltr'><strong>προσέταττε.</strong></span> <span class='ocrx_word' id='word_1_698' title='bbox 2733 4783 2844 4837; x_wconf 75' lang='grc' dir='ltr'><strong>Καὶ</strong></span> <span class='ocrx_word' id='word_1_699' title='bbox 2887 4784 3165 4857; x_wconf 83' lang='grc' dir='ltr'><strong>Ἀμόργην</strong></span> <span class='ocrx_word' id='word_1_700' title='bbox 3203 4789 3357 4856; x_wconf 81' lang='grc' dir='ltr'><strong>φίλον</strong></span> <span class='ocrx_word' id='word_1_701' title='bbox 3384 4789 3598 4854; x_wconf 84' lang='grc' dir='ltr'><strong>τούτοις</strong></span> 
     </span>
    </p>
   </div>
   <div class='ocr_carea' id='block_1_97' title="bbox 333 4865 1919 4951">
    <p class='ocr_par' dir='ltr' id='par_1_97' title="bbox 333 4865 1910 4939">
     <span class='ocr_line' id='line_1_97' title="bbox 333 4865 1910 4939; baseline 0.004 -21"><span class='ocrx_word' id='word_1_702' title='bbox 333 4865 494 4920; x_wconf 86' lang='lat' dir='ltr'><strong>matri</strong></span> <span class='ocrx_word' id='word_1_703' title='bbox 549 4866 602 4920; x_wconf 92' lang='lat' dir='ltr'><strong>in</strong></span> <span class='ocrx_word' id='word_1_704' title='bbox 663 4869 916 4924; x_wconf 90' lang='lat' dir='ltr'><strong>onmibus</strong></span> <span class='ocrx_word' id='word_1_705' title='bbox 963 4883 1154 4937; x_wconf 89' lang='lat' dir='ltr'><strong>parere</strong></span> <span class='ocrx_word' id='word_1_706' title='bbox 1218 4869 1489 4939; x_wconf 69' lang='lat' dir='ltr'><strong>praecipit.</strong></span> <span class='ocrx_word' id='word_1_707' title='bbox 1533 4869 1686 4926; x_wconf 89' lang='lat' dir='ltr'><strong>Datis</strong></span> <span class='ocrx_word' id='word_1_708' title='bbox 1745 4871 1910 4926; x_wconf 87' lang='lat' dir='ltr'><strong>etiam</strong></span> 
     </span>
    </p>
   </div>
   <div class='ocr_carea' id='block_1_98' title="bbox 2028 4865 3593 4951">
    <p class='ocr_par' dir='ltr' id='par_1_98' title="bbox 2028 4869 3593 4951">
     <span class='ocr_line' id='line_1_98' title="bbox 2028 4869 3593 4951; baseline 0.006 -25"><span class='ocrx_word' id='word_1_709' title='bbox 2028 4871 2119 4926; x_wconf 68' lang='grc' dir='ltr'><strong>πῶν</strong></span> <span class='ocrx_word' id='word_1_710' title='bbox 2161 4869 2352 4937; x_wconf 84' lang='grc' dir='ltr'><strong>δεξιῶν</strong></span> <span class='ocrx_word' id='word_1_711' title='bbox 2396 4873 2820 4944; x_wconf 86' lang='grc' dir='ltr'><strong>ἐμϐαλλομένων</strong></span> <span class='ocrx_word' id='word_1_712' title='bbox 2867 4875 3125 4941; x_wconf 79' lang='grc' dir='ltr'><strong>ἐποιεῖτο,</strong></span> <span class='ocrx_word' id='word_1_713' title='bbox 3165 4879 3260 4932; x_wconf 79' lang='grc' dir='ltr'><strong>καὶ</strong></span> <span class='ocrx_word' id='word_1_714' title='bbox 3309 4879 3593 4951; x_wconf 60' lang='grc' dir='ltr'><strong>«ἀλλήλοις⁸</strong></span> 
     </span>
    </p>
   </div>
   <div class='ocr_carea' id='block_1_99' title="bbox 331 4953 1919 5042">
    <p class='ocr_par' dir='ltr' id='par_1_99' title="bbox 331 4953 1908 5031">
     <span class='ocr_line' id='line_1_99' title="bbox 331 4953 1908 5031; baseline 0.004 -23"><span class='ocrx_word' id='word_1_715' title='bbox 331 4953 565 5021; x_wconf 78' lang='lat' dir='ltr'><strong>dextris,</strong></span> <span class='ocrx_word' id='word_1_716' title='bbox 619 4965 675 5009; x_wconf 89' lang='lat' dir='ltr'><strong>ct</strong></span> <span class='ocrx_word' id='word_1_717' title='bbox 729 4956 871 5010; x_wconf 91' lang='lat' dir='ltr'><strong>inter</strong></span> <span class='ocrx_word' id='word_1_718' title='bbox 931 4971 1012 5020; x_wconf 89' lang='lat' dir='ltr'><strong>se,</strong></span> <span class='ocrx_word' id='word_1_719' title='bbox 1057 4967 1113 5013; x_wconf 86' lang='lat' dir='ltr'><strong>et</strong></span> <span class='ocrx_word' id='word_1_720' title='bbox 1153 4973 1277 5012; x_wconf 90' lang='lat' dir='ltr'><strong>cum</strong></span> <span class='ocrx_word' id='word_1_721' title='bbox 1321 4959 1562 5031; x_wconf 78' lang='lat' dir='ltr'><strong>Amorge</strong></span> <span class='ocrx_word' id='word_1_722' title='bbox 1611 4959 1908 5015; x_wconf 88' lang='lat' dir='ltr'><strong>amicitiam</strong></span> 
     </span>
    </p>
   </div>
   <div class='ocr_carea' id='block_1_100' title="bbox 2028 4953 3598 5042">
    <p class='ocr_par' dir='ltr' id='par_1_100' title="bbox 2039 4961 3598 5042">
     <span class='ocr_line' id='line_1_100' title="bbox 2039 4961 3598 5042; baseline 0.005 -25"><span class='ocrx_word' id='word_1_723' title='bbox 2039 4963 2140 5017; x_wconf 74' lang='grc'><strong>112</strong></span> <span class='ocrx_word' id='word_1_724' title='bbox 2167 4961 2256 5036; x_wconf 69' lang='lat'><strong>8.]</strong></span> <span class='ocrx_word' id='word_1_725' title='bbox 2288 4963 2382 5018; x_wconf 75' lang='grc' dir='ltr'><strong>καὶ</strong></span> <span class='ocrx_word' id='word_1_726' title='bbox 2411 4967 2522 5028; x_wconf 86' lang='grc' dir='ltr'><strong>τοῖς</strong></span> <span class='ocrx_word' id='word_1_727' title='bbox 2551 4965 2648 5037; x_wconf 78' lang='grc' dir='ltr'><strong>μὲν</strong></span> <span class='ocrx_word' id='word_1_728' title='bbox 2679 4966 2980 5037; x_wconf 84' lang='grc' dir='ltr'><strong>ἐμμένουσι</strong></span> <span class='ocrx_word' id='word_1_729' title='bbox 3011 4970 3134 5032; x_wconf 83' lang='grc' dir='ltr'><strong>ταῖς</strong></span> <span class='ocrx_word' id='word_1_730' title='bbox 3162 4969 3299 5040; x_wconf 78' lang='grc' dir='ltr'><strong>πρὸς</strong></span> <span class='ocrx_word' id='word_1_731' title='bbox 3330 4970 3598 5042; x_wconf 81' lang='grc' dir='ltr'><strong>ἀλλήλους</strong></span> 
     </span>
    </p>
   </div>
   <div class='ocr_carea' id='block_1_101' title="bbox 333 5043 1919 5136">
    <p class='ocr_par' dir='ltr' id='par_1_101' title="bbox 333 5043 1909 5120">
     <span class='ocr_line' id='line_1_101' title="bbox 333 5043 1909 5120; baseline 0.007 -23"><span class='ocrx_word' id='word_1_732' title='bbox 333 5043 476 5100; x_wconf 85' lang='lat' dir='ltr'><strong>inire</strong></span> <span class='ocrx_word' id='word_1_733' title='bbox 499 5043 692 5112; x_wconf 85' lang='lat' dir='ltr'><strong>voluit,</strong></span> <span class='ocrx_word' id='word_1_734' title='bbox 719 5045 898 5102; x_wconf 77' lang='lat' dir='ltr'><strong>fausta</strong></span> <span class='ocrx_word' id='word_1_735' title='bbox 929 5046 1036 5103; x_wconf 87' lang='lat' dir='ltr'><strong>illis</strong></span> <span class='ocrx_word' id='word_1_736' title='bbox 1066 5049 1249 5104; x_wconf 87' lang='lat' dir='ltr'><strong>omnia</strong></span> <span class='ocrx_word' id='word_1_737' title='bbox 1283 5059 1556 5118; x_wconf 86' lang='lat' dir='ltr'><strong>precatus,</strong></span> <span class='ocrx_word' id='word_1_738' title='bbox 1592 5051 1683 5120; x_wconf 93' lang='lat' dir='ltr'><strong>qui</strong></span> <span class='ocrx_word' id='word_1_739' title='bbox 1711 5051 1764 5105; x_wconf 94' lang='lat' dir='ltr'><strong>in</strong></span> <span class='ocrx_word' id='word_1_740' title='bbox 1790 5067 1909 5108; x_wconf 85' lang='lat' dir='ltr'><strong>nut-</strong></span> 
     </span>
    </p>
   </div>
   <div class='ocr_carea' id='block_1_102' title="bbox 2028 5043 3598 5136">
    <p class='ocr_par' dir='ltr' id='par_1_102' title="bbox 2028 5056 3598 5136">
     <span class='ocr_line' id='line_1_102' title="bbox 2028 5056 3598 5136; baseline 0.006 -27"><span class='ocrx_word' id='word_1_741' title='bbox 2028 5056 2258 5120; x_wconf 81' lang='grc' dir='ltr'><strong>εὐνοίαις</strong></span> <span class='ocrx_word' id='word_1_742' title='bbox 2286 5057 2468 5126; x_wconf 77' lang='grc' dir='ltr'><strong>ἀγαθά</strong></span> <span class='ocrx_word' id='word_1_743' title='bbox 2508 5056 2728 5128; x_wconf 78' lang='grc' dir='ltr'><strong>ηὔχετο,</strong></span> <span class='ocrx_word' id='word_1_744' title='bbox 2764 5059 3012 5130; x_wconf 71' lang='grc' dir='ltr'><strong>ἐπηρᾶτο</strong></span> <span class='ocrx_word' id='word_1_745' title='bbox 3051 5061 3110 5114; x_wconf 83' lang='grc' dir='ltr'><strong>δέ</strong></span> <span class='ocrx_word' id='word_1_746' title='bbox 3136 5065 3249 5126; x_wconf 86' lang='grc' dir='ltr'><strong>τοῖς</strong></span> <span class='ocrx_word' id='word_1_747' title='bbox 3275 5063 3474 5134; x_wconf 87' lang='grc' dir='ltr'><strong>χειρῶν</strong></span> <span class='ocrx_word' id='word_1_748' title='bbox 3497 5065 3598 5136; x_wconf 82' lang='grc' dir='ltr'><strong>ἄρ-</strong></span> 
     </span>
    </p>
   </div>
   <div class='ocr_carea' id='block_1_103' title="bbox 1642 5162 2318 5224">
    <p class='ocr_par' dir='ltr' id='par_1_103' title="bbox 1642 5162 2318 5224">
     <span class='ocr_line' id='line_1_103' title="bbox 1642 5162 2318 5224; baseline 0.009 -8"><span class='ocrx_word' id='word_1_749' title='bbox 1642 5162 1729 5217; x_wconf 81' lang='lat' dir='ltr'><strong>VA</strong></span> <span class='ocrx_word' id='word_1_750' title='bbox 1741 5162 1876 5219; x_wconf 66' lang='grc' dir='ltr'><strong>ΜΕ</strong></span> <span class='ocrx_word' id='word_1_751' title='bbox 1914 5164 2318 5224; x_wconf 86' lang='lat' dir='ltr'><strong>LECTIONES.</strong></span> 
     </span>
    </p>
   </div>
   <div class='ocr_carea' id='block_1_104' title="bbox 330 5252 3592 5355">
    <p class='ocr_par' dir='ltr' id='par_1_104' title="bbox 330 5252 3592 5355">
     <span class='ocr_line' id='line_1_104' title="bbox 330 5252 3592 5355; baseline 0 0"><span class='ocrx_word' id='word_1_752' title='bbox 330 5324 372 5355; x_wconf 71' lang='grc' dir='ltr'><strong>,ι</strong></span> <span class='ocrx_word' id='word_1_753' title='bbox 400 5252 618 5355; x_wconf 42' lang='lat' dir='ltr'><strong>illis“</strong></span> <span class='ocrx_word' id='word_1_754' title='bbox 634 5253 1152 5355; x_wconf 54' lang='grc' dir='ltr'><strong>ἔαὶξῗίὲἶέὶἳῖιέλ</strong></span> <span class='ocrx_word' id='word_1_755' title='bbox 1197 5257 1218 5286; x_wconf 79' lang='grc'><strong>⁷</strong></span> <span class='ocrx_word' id='word_1_756' title='bbox 1247 5256 1685 5355; x_wconf 58' lang='grc' dir='ltr'><strong>Ἶῗτῖῗξῗξδζὲξ.-</strong></span> <span class='ocrx_word' id='word_1_757' title='bbox 1720 5258 3089 5355; x_wconf 47' lang='grc' dir='ltr'><strong>’.εὐνοὶῖκὲᾏἐέμὶάρίδῗὲἦὶ,ἕο--ᾇηξῖιέαῗίᾶν</strong></span> <span class='ocrx_word' id='word_1_758' title='bbox 3265 5269 3316 5355; x_wconf 69' lang='grc' dir='ltr'><strong>’ἶ</strong></span> <span class='ocrx_word' id='word_1_759' title='bbox 3342 5271 3471 5355; x_wconf 49' lang='grc' dir='ltr'><strong>δίψη</strong></span> <span class='ocrx_word' id='word_1_760' title='bbox 3530 5289 3592 5355; x_wconf 66' lang='grc' dir='ltr'><strong>ς·</strong></span> 
     </span>
    </p>
   </div>
   <div class='ocr_carea' id='block_1_105' title="bbox 326 5324 3589 5426">
    <p class='ocr_par' dir='ltr' id='par_1_105' title="bbox 326 5324 3589 5426">
     <span class='ocr_line' id='line_1_105' title="bbox 326 5324 3589 5426; baseline 0 0"><span class='ocrx_word' id='word_1_761' title='bbox 326 5324 696 5426; x_wconf 52' lang='grc' dir='ltr'><strong>122ιὶἓέλὲ</strong></span> <span class='ocrx_word' id='word_1_762' title='bbox 775 5325 1192 5426; x_wconf 55' lang='grc' dir='ltr'><strong>¹ἶέ333ἓῖ⁰ξίβλ</strong></span> <span class='ocrx_word' id='word_1_763' title='bbox 1282 5327 1342 5426; x_wconf 65' lang='grc' dir='ltr'><strong>Ἰ.</strong></span> <span class='ocrx_word' id='word_1_764' title='bbox 1368 5324 1847 5426; x_wconf 61' lang='grc' dir='ltr'><strong>ίξίγ].ἒὲλ,ίέτῑι.ῖ·-</strong></span> <span class='ocrx_word' id='word_1_765' title='bbox 1904 5324 2350 5426; x_wconf 60' lang='grc' dir='ltr'><strong>’ἹΞτὶἮέιζδΞί</strong></span> <span class='ocrx_word' id='word_1_766' title='bbox 2376 5324 2774 5426; x_wconf 52' lang='grc' dir='ltr'><strong>’.ἶϊῖέρὶρϊὲρ</strong></span> <span class='ocrx_word' id='word_1_767' title='bbox 2979 5353 3087 5426; x_wconf 65' lang='grc' dir='ltr'><strong>ςέη.</strong></span> <span class='ocrx_word' id='word_1_768' title='bbox 3118 5324 3161 5426; x_wconf 64' lang='grc' dir='ltr'><strong>¹Ῠ</strong></span> <span class='ocrx_word' id='word_1_769' title='bbox 3184 5324 3494 5426; x_wconf 42' lang='lat' dir='ltr'><strong>fama“</strong></span> <span class='ocrx_word' id='word_1_770' title='bbox 3523 5324 3589 5397; x_wconf 72' lang='grc' dir='ltr'><strong>Ᾰέ</strong></span> 
     </span>
    </p>
   </div>
   <div class='ocr_carea' id='block_1_106' title="bbox 400 5392 3270 5477">
    <p class='ocr_par' dir='ltr' id='par_1_106' title="bbox 400 5392 3270 5477">
     <span class='ocr_line' id='line_1_106' title="bbox 400 5392 3270 5477; baseline 0.006 -32"><span class='ocrx_word' id='word_1_771' title='bbox 400 5392 455 5466; x_wconf 86' lang='lat'><em>6]</em></span> <span class='ocrx_word' id='word_1_772' title='bbox 481 5393 574 5449; x_wconf 76' lang='grc' dir='ltr'><strong>οὖν</strong></span> <span class='ocrx_word' id='word_1_773' title='bbox 595 5395 625 5446; x_wconf 90' lang='lat'><strong>6</strong></span> <span class='ocrx_word' id='word_1_774' title='bbox 655 5412 717 5459; x_wconf 80' lang='grc' dir='ltr'><strong>ς.</strong></span> <span class='ocrx_word' id='word_1_775' title='bbox 807 5395 852 5429; x_wconf 76' lang='grc'><strong>³⁸</strong></span> <span class='ocrx_word' id='word_1_776' title='bbox 883 5392 978 5450; x_wconf 77' lang='grc' dir='ltr'><strong>καὶ</strong></span> <span class='ocrx_word' id='word_1_777' title='bbox 1006 5398 1128 5450; x_wconf 86' lang='lat' dir='ltr'><strong>add.</strong></span> <span class='ocrx_word' id='word_1_778' title='bbox 1154 5397 1220 5450; x_wconf 84' lang='lat' dir='ltr'><strong>A.</strong></span> <span class='ocrx_word' id='word_1_779' title='bbox 1300 5395 1342 5429; x_wconf 79' lang='lat'><strong>&quot;</strong></span> <span class='ocrx_word' id='word_1_780' title='bbox 1368 5392 1784 5466; x_wconf 68' lang='grc' dir='ltr'><strong>ἐννεάκισχίλιοι</strong></span> <span class='ocrx_word' id='word_1_781' title='bbox 1809 5416 1868 5464; x_wconf 82' lang='grc' dir='ltr'><strong>ς’.</strong></span> <span class='ocrx_word' id='word_1_782' title='bbox 1948 5401 1994 5432; x_wconf 77' lang='grc' dir='ltr'><strong>³ο</strong></span> <span class='ocrx_word' id='word_1_783' title='bbox 2023 5403 2230 5472; x_wconf 82' lang='grc' dir='ltr'><strong>ἐπέστη</strong></span> <span class='ocrx_word' id='word_1_784' title='bbox 2393 5404 2436 5435; x_wconf 83' lang='grc'>¹¹</span> <span class='ocrx_word' id='word_1_785' title='bbox 2469 5392 2760 5475; x_wconf 64' lang='lat' dir='ltr'><strong>ini-Eatath</strong></span> <span class='ocrx_word' id='word_1_786' title='bbox 2796 5407 2902 5461; x_wconf 88' lang='lat' dir='ltr'><strong>vid.</strong></span> <span class='ocrx_word' id='word_1_787' title='bbox 2935 5392 3088 5477; x_wconf 51' lang='lat' dir='ltr'><strong>p.36</strong></span> <span class='ocrx_word' id='word_1_788' title='bbox 3117 5424 3148 5460; x_wconf 91' lang='lat' dir='ltr'><strong>a</strong></span> <span class='ocrx_word' id='word_1_789' title='bbox 3181 5392 3270 5463; x_wconf 59' lang='lat' dir='ltr'><strong>I6:</strong></span> 
     </span>
    </p>
   </div>
   <div class='ocr_carea' id='block_1_107' title="bbox 1873 5493 2109 5554">
    <p class='ocr_par' dir='ltr' id='par_1_107' title="bbox 1873 5493 2109 5554">
     <span class='ocr_line' id='line_1_107' title="bbox 1873 5493 2109 5554; baseline 0.017 -4"><span class='ocrx_word' id='word_1_790' title='bbox 1873 5493 2109 5554; x_wconf 66' lang='lat' dir='ltr'><strong>NOTAE.</strong></span> 
     </span>
    </p>
   </div>
   <div class='ocr_carea' id='block_1_108' title="bbox 381 5579 3560 5667">
    <p class='ocr_par' dir='ltr' id='par_1_108' title="bbox 381 5579 3560 5667">
     <span class='ocr_line' id='line_1_108' title="bbox 381 5579 3560 5667; baseline 0.005 -23"><span class='ocrx_word' id='word_1_791' title='bbox 555 5579 829 5667; x_wconf 32' lang='lat' dir='ltr'><strong>Derbicaeo,</strong></span> <span class='ocrx_word' id='word_1_792' title='bbox 871 5585 1050 5667; x_wconf 75' lang='lat' dir='ltr'><strong>inquit</strong></span> <span class='ocrx_word' id='word_1_793' title='bbox 1097 5586 1287 5667; x_wconf 39' lang='lat' dir='ltr'><strong>§_tep.b.</strong></span> <span class='ocrx_word' id='word_1_794' title='bbox 1345 5583 1596 5667; x_wconf 38' lang='lat' dir='ltr'><strong>Byzant...</strong></span> <span class='ocrx_word' id='word_1_795' title='bbox 1655 5586 1886 5667; x_wconf 72' lang='lat' dir='ltr'><strong>populus</strong></span> <span class='ocrx_word' id='word_1_796' title='bbox 2065 5590 2183 5667; x_wconf 59' lang='grc' dir='ltr'><strong>(ξῇ)⁵</strong></span> <span class='ocrx_word' id='word_1_797' title='bbox 2212 5589 2465 5667; x_wconf 62' lang='grc' dir='ltr'><strong>ξιῃενάεη</strong></span> <span class='ocrx_word' id='word_1_798' title='bbox 2501 5592 2635 5667; x_wconf 78' lang='lat' dir='ltr'><strong>Cyri</strong></span> <span class='ocrx_word' id='word_1_799' title='bbox 2653 5604 2917 5667; x_wconf 79' lang='lat' dir='ltr'><strong>perpetuo</strong></span> <span class='ocrx_word' id='word_1_800' title='bbox 2947 5592 3257 5653; x_wconf 80' lang='lat' dir='ltr'><strong>Herodotus</strong></span> <span class='ocrx_word' id='word_1_801' title='bbox 3291 5601 3560 5659; x_wconf 85' lang='lat' dir='ltr'><strong>nominat.</strong></span> 
     </span>
    </p>
   </div>
   <div class='ocr_carea' id='block_1_109' title="bbox 325 5651 3334 5732">
    <p class='ocr_par' dir='ltr' id='par_1_109' title="bbox 325 5651 3334 5732">
     <span class='ocr_line' id='line_1_109' title="bbox 325 5651 3334 5732; baseline 0.007 -26"><span class='ocrx_word' id='word_1_802' title='bbox 325 5662 410 5732; x_wconf 70' lang='lat' dir='ltr'><strong>est</strong></span> <span class='ocrx_word' id='word_1_803' title='bbox 439 5651 690 5732; x_wconf 62' lang='lat' dir='ltr'><strong>Iﬁrcanis</strong></span> <span class='ocrx_word' id='word_1_804' title='bbox 717 5651 1304 5732; x_wconf 14' lang='lat' dir='ltr'><strong>vicings.i_4pollunius</strong></span> <span class='ocrx_word' id='word_1_805' title='bbox 1344 5651 1669 5732; x_wconf 60' lang='lat' dir='ltr'><strong>per_(_lupl_ex&#39;</strong></span> <span class='ocrx_word' id='word_1_806' title='bbox 1687 5651 1744 5710; x_wconf 72' lang='lat' dir='ltr'><strong>cc</strong></span> <span class='ocrx_word' id='word_1_807' title='bbox 1763 5659 1900 5713; x_wconf 84' lang='lat' dir='ltr'><strong>scri-</strong></span> <span class='ocrx_word' id='word_1_808' title='bbox 2072 5651 2191 5732; x_wconf 61' lang='grc' dir='ltr'><strong>’(βὸ)</strong></span> <span class='ocrx_word' id='word_1_809' title='bbox 2220 5660 2494 5732; x_wconf 66' lang='lat' dir='ltr'><strong>Yidendus</strong></span> <span class='ocrx_word' id='word_1_810' title='bbox 2534 5651 2602 5720; x_wconf 74' lang='lat' dir='ltr'><strong>de</strong></span> <span class='ocrx_word' id='word_1_811' title='bbox 2624 5651 2711 5718; x_wconf 72' lang='lat' dir='ltr'><strong>bis</strong></span> <span class='ocrx_word' id='word_1_812' title='bbox 2737 5651 2999 5731; x_wconf 78' lang='lat' dir='ltr'><strong>Stcpban.</strong></span> <span class='ocrx_word' id='word_1_813' title='bbox 3035 5681 3088 5723; x_wconf 88' lang='lat' dir='ltr'><strong>et</strong></span> <span class='ocrx_word' id='word_1_814' title='bbox 3108 5651 3334 5726; x_wconf 68' lang='lat' dir='ltr'><strong>Strabo.</strong></span> 
     </span>
    </p>
   </div>
   <div class='ocr_carea' id='block_1_110' title="bbox 328 5721 2685 5805">
    <p class='ocr_par' dir='ltr' id='par_1_110' title="bbox 328 5721 2685 5805">
     <span class='ocr_line' id='line_1_110' title="bbox 328 5721 2685 5805; baseline 0.004 -27"><span class='ocrx_word' id='word_1_815' title='bbox 328 5721 409 5778; x_wconf 79' lang='lat' dir='ltr'><strong>bit</strong></span> <span class='ocrx_word' id='word_1_816' title='bbox 455 5723 665 5780; x_wconf 79' lang='lat' dir='ltr'><strong>Ctesias</strong></span> <span class='ocrx_word' id='word_1_817' title='bbox 695 5738 824 5781; x_wconf 78' lang='lat' dir='ltr'><strong>vero</strong></span> <span class='ocrx_word' id='word_1_818' title='bbox 851 5721 1071 5780; x_wconf 58' lang='lat' dir='ltr'><strong>Dubio)</strong></span> <span class='ocrx_word' id='word_1_819' title='bbox 1107 5735 1285 5793; x_wconf 90' lang='lat' dir='ltr'><strong>vocat,</strong></span> <span class='ocrx_word' id='word_1_820' title='bbox 1316 5721 1411 5781; x_wconf 67' lang='lat' dir='ltr'><strong>aut</strong></span> <span class='ocrx_word' id='word_1_821' title='bbox 1440 5721 1737 5783; x_wconf 70' lang='lat' dir='ltr'><strong>Tefbissos.</strong></span> <span class='ocrx_word' id='word_1_822' title='bbox 2075 5721 2189 5800; x_wconf 64' lang='lat' dir='ltr'><strong>(Si)</strong></span> <span class='ocrx_word' id='word_1_823' title='bbox 2223 5731 2472 5802; x_wconf 73' lang='lat' dir='ltr'><strong>Spitaccn</strong></span> <span class='ocrx_word' id='word_1_824' title='bbox 2497 5749 2685 5805; x_wconf 85' lang='lat' dir='ltr'><strong>supra.</strong></span> 
     </span>
    </p>
   </div>
  </div>
