3980 6234
372 382 474 448 ῙΠ

1478 393 2004 460 BIBLIOTHECA.
2042 425 2111 434 --
2139 398 2305 461 COD.
2333 397 2575 460 LXXII.

3510 387 3617 455 178

368 500 549 562 ξουσιν
597 499 823 555 ἀδίκων.
868 499 1057 556 Ταῦτα
1098 503 1259 567 εῐπας
1304 504 1351 535 ²²
1402 504 1723 576 ἐτελεύτησε
1779 508 1941 581 τρίτῃ

2047 517 2133 563 tua
2180 518 2490 579 pet-starent
2537 504 2938 574 benevolentia,
2987 504 3231 576 dirisque
3274 503 3396 561 illos
3443 505 3614 559 devo-

365 589 590 663 ὕστερον
610 593 718 647 ἀπὸ
737 592 832 645 τοῦ
850 593 1161 664 τραύματος
1178 594 1381 666 ἡμέρᾳ,
1401 594 1727 665 βασιλεύσας
1758 597 1852 671 ἔτη
1873 599 1939 655 λ’.

378 683 471 738 Ἐν
502 676 585 746 οἷς
622 686 652 737 6
675 689 744 738 ια’
782 685 830 716 ³³
848 685 1089 755 Κτησίου
1119 686 1276 754 λόγος
1294 685 1389 739 τοῦ
1420 687 1658 743 Κνιδίου.

439 952 703 1022 ’Δρχεται
728 954 785 1009 δὲ
803 956 834 1008 6
864 955 932 1026 ιβ’
957 958 1004 989 ’⁵
1026 958 1137 1011 ἀπὸ
1165 957 1268 1027 τῆς
1307 959 1607 1030 Καμϐύσου
1642 961 1937 1030 βασιλείας.

361 1034 536 1106 Οὗτος
577 1042 902 1114 βασιλεύσας
937 1048 1226 1102 ἀπέστειλε
1262 1051 1354 1102 τὸν
1394 1051 1488 1103 τοῦ
1521 1053 1724 1123 πατρὸς
1750 1053 1942 1124 νεκρὸν

2047 1052 2149 1109 llic
2181 1092 2197 1117 ,
2277 1069 2501 1125 regnum
2572 1054 2801 1124 adeptus
2840 1093 2858 1119 ,

360 1133 449 1186 διὰ
474 1134 800 1203 Βαγαπάτου
825 1137 919 1191 τοῦ
937 1140 1192 1208 εὐνούχου
1216 1142 1262 1172 ⁸⁵
1284 1144 1364 1204 εἰς
1386 1142 1597 1213 Πέρσας
1618 1144 1855 1213 ταφῆναι
1872 1146 1938 1212 ⁸⁸,

358 1224 459 1277 καὶ
488 1225 680 1291 τᾶλλα,
708 1227 786 1291 ὡς
812 1230 843 1281 6
869 1228 1055 1300 πατὴρ
1099 1230 1297 1301 ὥρισεν
1320 1232 1362 1262 ¹’
1393 1232 1718 1303 διῳκήσατο.
1764 1235 1939 1302 Μέγι-

360 1334 487 1371 στον
535 1320 597 1373 δὲ
660 1323 794 1393 παρ’
840 1323 992 1395 αύτῷ
1047 1324 1278 1394 ἠδύνατο
1318 1323 1412 1397 [55
1454 1324 1545 1399 11.]
1603 1328 1941 1399 Ἀρτασύρας

372 1409 691 1480 Ὑρκάνιος,
731 1412 840 1466 τῶν
872 1414 929 1467 δὲ
976 1414 1245 1487 εὐνούχων
1283 1418 1328 1449 ³⁸
1368 1418 1651 1488 Ἰζαϐάτης
1680 1420 1725 1452 ³9
1753 1437 1813 1473 τε
1841 1421 1938 1474 καὶ

371 1502 725 1573 ’Δσπαδάτης
747 1505 841 1557 καὶ
870 1507 1222 1578 Βαγαπάτης,
1254 1508 1314 1571 ὃς
1348 1510 1444 1562 καί
1474 1510 1624 1581 παρὰ
1656 1510 1732 1581 τῷ
1769 1512 1941 1581 πατρί

361 1589 627 1659 μέγιστος
660 1587 727 1663 ἦν
767 1592 910 1663 μετά
939 1594 984 1626 ³ο
1015 1596 1105 1649 τὸν
1140 1597 1436 1667 Πεησάκα
1485 1598 1733 1654 θάνατον.
1769 1593 1941 1665 Οὗτος

356 1682 655 1751 στρατεύει
680 1685 767 1737 ἐπ’
803 1685 1076 1756 Αἴγυπτον
1098 1688 1193 1741 καὶ
1222 1685 1332 1741 τῶν
1371 1688 1683 1756 Αἰγυπτίων
1714 1690 1806 1743 τὸν
1845 1691 1941 1760 βα-

357 1773 518 1827 σιλέα
544 1775 894 1845 ’Λμυρταῖον.
910 1779 1003 1832 καὶ
1021 1780 1147 1850 νικᾷ
1160 1780 1217 1831 ’Δ
1226 1797 1299 1851 μυ
1309 1780 1875 1851 ρταῖον,ξΚομ6άφεως
1894 1783 1935 1813 ³1

2046 615 2177 653 vens
2241 600 2332 667 qui
2404 600 2616 668 priores
2678 598 2934 669 injuriatn
2986 599 3191 656 illaturi
3242 606 3446 654 essent.
3503 598 3615 653 Ista

2045 688 2277 756 locutus,
2308 688 2488 743 vivere
2514 688 2692 754 desiit,
2726 689 2888 743 tertio
2910 688 2979 745 ab
3000 698 3230 759 accepto
3253 689 3479 744 vulnere
3502 688 3609 755 die,

2048 798 2172 835 cum
2195 796 2364 835 annos
2403 781 2514 848 jam
2551 790 2830 851 regnasset
2858 784 3107 854 triginta.
3145 782 3245 838 Hic
3282 782 3407 838 linis
3445 782 3618 836 unde-

2042 871 2166 926 cimi
2197 871 2392 925 Ctesias
2430 871 2606 926 Cttitlii
2635 872 2923 929 librorum.

2118 961 2483 1017 Duodecimus
2520 963 2659 1017 liber
2705 978 2735 1018 a
2778 963 3066 1035 Cambysis
3096 979 3265 1036 regno
3296 964 3606 1019 inchoatur.

2941 1055 3114 1124 patris
3196 1070 3325 1109 mox
3418 1069 3618 1124 corpus

2043 1160 2139 1215 per
2163 1144 2488 1215 Bagapatetn
2531 1145 2838 1199 eunuchum
2862 1145 2915 1199 in
2946 1144 3223 1201 Persidem
3244 1144 3615 1216 sepeliendum

2044 1236 2213 1297 misit,
2249 1236 2560 1306 reliquaque
2588 1250 2655 1289 ex
2701 1236 2875 1304 patris
2915 1238 3138 1292 decreto
3187 1237 3615 1292 administravit.

2044 1324 2098 1378 In
2128 1326 2194 1379 iis
2233 1335 2412 1378 autem
2450 1325 2541 1395 qui
2580 1324 2869 1394 plurimum
2914 1326 3240 1381 auctoritate
3274 1327 3412 1395 apud
3456 1324 3618 1379 Cam-

2045 1418 2214 1488 bysen
2245 1417 2520 1484 valebant,
2542 1416 2838 1488 Artasyras
2866 1428 2984 1471 erat
3012 1416 3327 1481 Hircanius,
3362 1425 3527 1487 atque
3546 1431 3617 1470 ex

2040 1509 2304 1563 eunuchis
2325 1511 2586 1576 lzabates,
2617 1521 2671 1566 et
2699 1512 3021 1581 Aspadates,
3044 1520 3097 1564 et
3119 1510 3211 1581 qui
3230 1510 3367 1578 apud
3403 1518 3611 1577 patrem

2040 1601 2203 1654 etiam
2218 1602 2490 1657 maximus
2511 1601 2706 1669 fuerat,
2724 1602 3043 1671 Bagapates.
3067 1599 3167 1656 llic
3180 1602 3466 1670 enim'post
3483 1599 3615 1655 Peti-

2039 1705 2179 1745 sacae
2204 1702 2430 1748 mortem
2463 1694 2758 1749 exercitum
2790 1694 3049 1750 adversus
3079 1693 3394 1765 Egyptum,
3417 1692 3620 1761 ipsum-

2043 1798 2147 1851 que
2169 1781 2543 1854 {Egyptiorum
2564 1786 3090 1856 regemAmyrtazum
3109 1784 3361 1860 ducebat,
3380 1799 3538 1853 quem
3566 1792 3621 1839 et

354 1865 451 1917 τοῦ
473 1865 739 1937 εὐνούχου
771 1868 835 1931 ³³,
865 1868 925 1931 ὃς
955 1864 1024 1939 ἦν
1058 1847 1199 1939 μέγα
1229 1847 1528 1938 δυνάμενος
1567 1847 1818 1942 παρὰ
1843 1874 1939 1925 Αἰ-

2047 1847 2345 1941 sttperavit,
2382 1889 2503 1928 cum
2528 1874 2576 1929 ei
2602 1847 3006 1943 Combapbeus,
3038 1875 3130 1945 qui
3159 1856 3299 1943 apud
3332 1847 3618 1944 Egyptio-

352 1955 613 2024 γυπτίων
656 1957 883 2027 βασιλεῖ,
940 1959 1376 2030 καταπροδόντος
1425 1959 1527 2024 τάς
1580 1976 1641 2012 τε
1693 1960 1941 2032 γεφύρας

354 2047 453 2100 καὶ
481 2047 661 2101 τᾶλλα
688 2048 795 2101 τῶν
816 2050 1129 2117 Αἰγυπτίων
1159 2050 1483 2120 πράγματα.
1507 2051 1593 2118 ἐφ’
1622 2045 1667 2120 ᾧ
1686 2052 1943 2119 γενέσθαι

355 2139 615 2210 ὕπαρχος
641 2139 944 2208 Αἰγύπτου.
992 2141 1105 2196 Καὶ
1149 2143 1373 2210 γέγονεο
1428 2142 1603 2197 ταῦτα
1655 2145 1763 2216 γὰρ
1793 2144 1943 2216 αύτῷ

353 2232 678 2302 Καμϐύσης
722 2232 812 2287 διά
852 2232 1131 2296 Ἰξαϐάτου
1180 2232 1275 2286 τοῦ
1324 2235 1673 2304 Κομϐἀφεως
1717 2236 1941 2306 ἀνεψιοῦ

354 2325 646 2391 συνέθετο,
674 2326 770 2379 καὶ
791 2325 955 2390 αὐτὸς
982 2326 1039 2380 δὲ
1065 2327 1109 2359 ³⁹
1139 2328 1507 2395 οἰκειοφὼνως
1540 2327 1782 2398 ὕστερον.
1825 2330 1942 2383 Ζω-

352 2416 521 2485 γρίαν
563 2416 621 2471 δὲ
674 2416 857 2471 λαϐὼν
899 2418 992 2471 τὸν
1029 2418 1357 2490 Ἀμυρταῖον
1400 2418 1549 2473 οὐδὲν
1591 2420 1721 2473 ἄλλο
1773 2420 1943 2475 κακὸν

349 2508 663 2577 εἰργάσατο
697 2508 840 2579 arm
868 2510 947 2572 εἰς
983 2509 1159 2563 Σοῦσα
1188 2510 1536 2564 ἀνάσπαστον
1581 2510 1681 2564 σὺν
1719 2509 1942 2575 ἑξακισ-

348 2598 559 2668 χιλίοις
594 2594 933 2667 Αἰγυπτίοις,
964 2599 1062 2664 οὓς
1086 2600 1248 2664 αὐτὸς
1288 2600 1601 2672 ᾑρετίσατο,
1626 2602 1941 2671 ἐποιήσατο.

350 2690 463 2743 Καὶ
496 2688 608 2759 τὴν
640 2688 918 2759 Αἴγυπτον
943 2690 1000 2743 δὲ
1039 2692 1218 2745 πᾶσαν
1247 2691 1529 2757 ὑπέταξεν.
1568 2692 1863 2747 Ἀπέθανον
1885 2694 1940 2747 δέ

349 2783 407 2835 ἐν
432 2785 502 2853 τῇ
551 2782 704 2853 μάχῃ
735 2782 1048 2850 Αἰγυπτίων
1081 2783 1179 2853 μὲν
1206 2784 1466 2855 μυριάδες
1498 2783 1686 2849 πέντε,
1716 2784 1943 2855 Περσῶν

346 2873 404 2928 δὲ
430 2872 844 2945 ἑπτακισχίλιοι
878 2872 944 2929 ³⁸.
1248 2864 1251 2867 Δ

417 3053 628 3121 Μάγος
671 3051 730 3106 δέ
769 3070 853 3117 τις
878 3050 1256 3124 Σφενδαδάτης
1288 3051 1333 3087 ³⁵
1370 3051 1565 3125 ὄνομα,
1613 3052 1943 3126 ἁμαρτήσας

348 3145 446 3199 καὶ
484 3142 864 3215 μαστιγωθεὶς
889 3143 995 3197 ὑπὸ
1022 3143 1426 3214 Τανυοξάρκου,
1456 3144 1768 3213 ἀφικνεῖται
1801 3145 1940 3216 πρὸς
1964 3184 2011 3246 C

348 3235 675 3307 Καμϐύσην
698 3234 1058 3290 ἐνδιαϐάλλων
1077 3235 1175 3289 τὸν
1198 3235 1428 3306 ἀδελφὸν
1447 3234 1837 3308 Τανυοξάρκην
1863 3236 1940 3301 ὡς

350 3327 783 3383 ἐπιϐουλεύοντα
827 3327 978 3398 αὐτῷ
998 3346 1013 3361 ·
1063 3328 1160 3382 καὶ
1194 3329 1419 3396 σημεῖον
1450 3327 1621 3382 ἐδίδου
1664 3328 1765 3399 τῆς
1800 3328 1940 3381 ἀπο-

352 3422 629 3485 στάσεως.
654 3419 731 3484 ὡς
760 3420 810 3474 εἰ
840 3419 1064 3492 κληθείη
1109 3420 1308 3485 ἐλθεῖν,
1337 3421 1439 3474 οὐκ
1485 3418 1550 3475 ἀν
1576 3420 1740 3475 ἔλθοι.
1778 3421 1940 3493 Δηλοί

348 3512 535 3566 τοίνυν
564 3515 596 3567 6
628 3512 933 3583 Καμϐύσης
964 3511 1141 3567 ἐλθεῖν
1170 3511 1261 3565 τὸν
1289 3511 1520 3581 ἀδελφόν
1542 3527 1558 3541 ’
1587 3514 1615 3566 6
1646 3512 1724 3578 δέ,
1748 3514 1941 3585 χρείας

349 3603 519 3669 ἄλλης,
566 3604 914 3674 ἀπαιτούσης
954 3604 1157 3674 μένειν,
1192 3604 1508 3659 ἀνεϐάλετο.
1554 3604 1942 3676 Παρῤησιάζε-

349 3714 439 3749 ται
471 3696 519 3730 ³⁸
569 3696 701 3759 ταῖς
738 3695 1014 3759 διαϐολαῖς
1058 3696 1223 3750 πλέον
1249 3699 1279 3751 6
1307 3696 1501 3767 μάγος.
1548 3696 1775 3767 ’Δμύτις
1818 3698 1876 3751 δὲ
1906 3699 1940 3769 ή

353 3789 541 3860 μήτηρ
563 3788 641 3845 τά
662 3786 756 3842 τοῦ
789 3788 963 3859 μάγου
979 3790 1057 3851 ὡς
1078 3784 1146 3859 ἦν
1168 3789 1492 3855 ὑπονοοῦσα,
1512 3789 1943 3859 ἐνουθέτειΚαμσ

351 3879 529 3951 ϐύσην
559 3880 661 3933 τὸν
688 3878 803 3933 υἰὸν
847 3879 923 3951 μὴ
968 3880 1291 3935 πείθεσθαι·
1320 3884 1349 3935 6
1380 3882 1439 3935 δὲ
1496 3881 1824 3953 ὑπεκρίνετο
1867 3883 1941 3952 μὴ

350 3971 674 4036 πείθεσθαι,
711 3969 962 4023 ἐπείθετο
1005 3969 1063 4023 δὲ
1096 3970 1351 4040 μάλιστα.
1388 3972 1849 4042 Διαπεμψαμένου
1883 3973 1943 4026 δὲ

348 4063 537 4135 τρίτον
580 4060 889 4131 Καμϐύσου
941 4060 1079 4129 πρὸς
1137 4060 1231 4114 τὸν
1274 4060 1504 4130 ἀδελφὸν
1554 4062 1943 4131 παραγίνεται.

350 4156 464 4210 Καὶ
485 4153 805 4219 ἀσπάζεται
840 4152 939 4222 μὲν
966 4152 1128 4207 αὑτὸν
1154 4155 1183 4207 6
1224 4153 1471 4222 ἀδελφὸς,
1501 4154 1652 4207 οὐδὲν
1682 4155 1724 4186 ³⁷
1756 4154 1815 4208 δέ
1842 4147 1942 4224 ἦτ-

353 4262 442 4302 τον
472 4246 693 4299 ἀνελεῖν
722 4243 986 4313 ἐμελέτα·
1017 4244 1205 4315 κρύφα
1240 4244 1299 4298 δὲ
1350 4243 1605 4314 ’Δμύτιος
1636 4245 1717 4307 εἰς
1744 4244 1944 4315 πρᾶξιν

352 4337 591 4405 ἀγαγεῖν
630 4333 729 4405 τὴν
762 4332 999 4405 μελέτην
1028 4332 1280 4387 ἔσπευδε.
1312 4334 1425 4387 Καὶ
1462 4332 1732 4404 λαμϐάνει
1765 4335 1945 4405 πέρας

352 4428 387 4498 ἡ
410 4426 657 4499 πρᾶξιςο
695 4426 725 4479 6
750 4424 862 4496 γάρ
896 4442 978 4478 τοι
1026 4425 1198 4495 μάγος
1245 4424 1440 4495 βουλῆς
1485 4424 1564 4498 τῷ
1595 4425 1807 4496 βασιλεῖ
1833 4442 1947 4480 κοι-

2046 1976 2165 2014 rum
2232 1977 2412 2032 regem
2471 1964 2696 2017 multum
2762 1973 3015 2035 poterat,
3073 1974 3269 2033 pontes
3302 1977 3365 2018 ac
3395 1972 3622 2017 caeteras

2044 2051 2421 2123 Egyptiorum
2452 2069 2538 2108 res
2575 2055 2921 2123 prodidisset,
2955 2070 3062 2126 quo
3097 2054 3212 2124 ipse
3242 2053 3363 2126 [per
3388 2053 3625 2126 Cambyy

2044 2144 2164 2216 seu]
2199 2144 2415 2215 Egypti
2466 2146 2848 2215 prmfecturam
2890 2157 3341 2217 consequeretur.
3374 2147 3429 2200 ld
3478 2146 3619 2215 quod

2045 2246 2101 2292 et
2129 2237 2389 2295 obtinuit.
2425 2239 2564 2294 Nam
2596 2240 2711 2295 haec
2738 2240 2811 2294 ita
2837 2240 2888 2293 ei
2915 2238 3216 2311 Cambyses
3237 2239 3619 2302 consutuerat,

2044 2343 2141 2399 per
2168 2328 2416 2385 lsabaten
2450 2331 2686 2401 primum
2712 2330 3043 2400 Combapbei
3068 2330 3394 2403 patruelem,
3431 2328 3621 2383 etsuis

2045 2421 2160 2488 ipse
2206 2421 2391 2477 verbis
2433 2433 2645 2491 postea.
2680 2422 2822 2493 37b
2864 2423 3035 2479 Vivus
3090 2430 3272 2477 autem
3316 2422 3623 2490 Amyrtams

2044 2527 2165 2567 cum
2195 2513 2248 2567 in
2296 2513 2580 2584 Cambysae
2623 2523 2947 2584 potestatem
3000 2516 3264 2580 venisset,
3320 2512 3468 2568 aliud
3522 2511 3617 2568 ille

2047 2605 2250 2658 nullntn
2296 2605 2712 2661 incommodum
2751 2606 2984 2675 accepit,
3028 2607 3359 2675 quamquod
3391 2606 3442 2659 in
3482 2602 3620 2659 Susa

2045 2712 2168 2748 cum
2204 2711 2297 2751 sex
2329 2696 2710 2769 Egypliorum
2745 2698 3004 2763 millibus,
3031 2714 3171 2770 quos
3212 2700 3443 2768 ipsemet
3470 2696 3621 2752 dele-

2047 2787 2236 2853 gisset,
2278 2788 2556 2857 ablegatus
2598 2790 2690 2845 sit.
2737 2787 3000 2846 Universa
3042 2799 3126 2844 est
3165 2789 3351 2860 itaque
3396 2789 3622 2844 subacta

2046 2876 2336 2949 Egyplus,
2384 2881 2586 2935 occisis
2633 2881 2685 2934 in
2736 2881 2922 2949 ι)νωίἰο
2953 2881 3332 2953 ἉΕεγριίοτιιιιι
3384 2879 3623 2935 millibus

2045 2970 2458 3040 quinquaginta,
2483 2970 2769 3028 Persarum
2795 2983 3021 3042 septem.

2114 3060 2299 3130 Magus
2340 3064 2555 3118 interim
2598 3064 2816 3133 quidam
2844 3105 2859 3131 ,
2908 3066 2994 3121 cui
3048 3064 3446 3135 Sphendadalte
3506 3062 3623 3135 (85)

2045 3167 2238 3207 nomen
2273 3164 2409 3219 erat,
2453 3171 2577 3209 cum
2618 3154 2807 3215 fuisset
2837 3156 2906 3211 ob
2931 3157 3184 3213 delictum
3209 3170 3238 3209 a
3272 3155 3625 3227 Tanyoxarce

2043 3244 2357 3299 verberibus
2375 3246 2722 3311 multatus,ad
2739 3247 3041 3319 Cambysen
3060 3247 3289 3311 accedit,
3303 3258 3466 3315 atque
3483 3246 3623 3313 apud

2046 3349 2169 3389 eum
2219 3335 2445 3392 fratrem
2490 3339 2759 3393 struxisse
2811 3338 2862 3392 in
2920 3339 3096 3407 ipsum
3148 3337 3369 3393 insidias
3415 3335 3616 3389 calum-

2042 3425 2240 3481 niatur.
2291 3429 2452 3482 Addit
2494 3439 2865 3498 argumentum
2931 3427 3241 3484 rebellionis
3282 3446 3295 3483 :
3340 3443 3445 3482 non
3494 3443 3627 3481 ven-

2043 3526 2220 3571 turnm
2246 3519 2652 3589 Tanyoxarcen,
2679 3522 2723 3575 si
2754 3519 3063 3574 advocetur.
3093 3518 3254 3573 lubet
3279 3519 3441 3588 igitur
3462 3517 3627 3574 Cam-

2042 3608 2200 3679 byst-s
2234 3609 2453 3665 fratrem
2492 3613 2556 3665 ad
2587 3626 2645 3666 se
2681 3612 2883 3666 venire.
2905 3610 3015 3675 Ille,
3049 3622 3230 3665 uttum
3250 3609 3391 3665 forte
3409 3609 3514 3664 alia
3537 3625 3626 3665 res

2043 3702 2306 3770 quaepiam
2324 3718 2540 3758 manere
2551 3703 3026 3770 suadebat,venire
3043 3703 3419 3775 distulit.Ergo
3433 3723 3625 3779 magus

2043 3803 2165 3842 eum
2192 3790 2450 3845 audacius
2462 3805 2526 3844 ex
2546 3806 2612 3846 eo
2631 3790 2935 3846 criminari.
2963 3792 3174 3861 Atnytis
3199 3793 3404 3849 interea
3425 3806 3620 3860 mater,

2045 3881 2099 3935 id
2142 3884 2283 3950 quod
2308 3888 2447 3939 rcrat
2487 3885 2554 3938 de
2599 3899 2756 3954 mago
2783 3885 3084 3955 suspicata,
3114 3884 3418 3956 Cambysen
3458 3887 3621 3941 llliunt

2044 3975 2394 4040 admonebat,
2417 3990 2486 4029 ne
2513 3990 2675 4046 quam
2704 3976 2861 4031 fidem
2889 3990 3049 4047 mago
3078 3974 3329 4034 haberet.
3358 3976 3425 4031 Et
3456 3977 3624 4046 linge-

2045 4064 2137 4119 bat
2169 4080 2287 4131 rex,
2320 4066 2453 4121 nihil
2494 4081 2554 4123 se
2602 4067 2794 4122 horum
2821 4069 3084 4134 credere,
3133 4082 3257 4123 cum
3290 4080 3469 4125 tamen
3504 4085 3626 4126 cre-

2044 4159 2199 4213 deret
2240 4161 2495 4217 maxime.
2542 4161 2791 4216 Tertium
2840 4162 3006 4232 igitur
3040 4178 3068 4215 a
3117 4163 3387 4233 Catnbyse
3434 4177 3626 4218 accer-

2045 4253 2181 4308 situs
2221 4253 2415 4315 frater,
2434 4254 2585 4308 venit
2612 4253 2827 4307 tandem
2864 4271 2878 4309 :
2912 4263 2968 4307 et
3000 4254 3349 4322 amplexatus
3384 4263 3473 4307 est
3500 4268 3625 4308 eum

2046 4358 2163 4409 rex,
2197 4344 2368 4398 nihilo
2410 4352 2590 4398 tamen
2640 4344 2820 4399 secius
2886 4345 2953 4399 de
2998 4344 3088 4398 illo
3122 4345 3507 4399 interficiendo
3537 4361 3629 4400 co-

2048 4436 2246 4505 gitans.
2283 4435 2516 4489 Maturat
2550 4449 2732 4490 autem
2767 4435 2912 4491 clam
2954 4445 3133 4490 matre
3177 4437 3358 4505 Amyli
3394 4438 3627 4491 medita-

353 4519 542 4572 νωνῶν
579 4515 828 4588 βουλεύει
850 4515 1114 4569 τοιοῦτον
1144 4516 1373 4586 Ὀμοιος
1403 4512 1475 4587 ἦν
1511 4516 1674 4581 αὐτὸς
1712 4518 1741 4571 6
1771 4516 1942 4587 μάγος

2057 4539 2167 4581 tum
2213 4526 2427 4582 facinus
2475 4528 2543 4582 ad
2585 4528 2788 4582 exitum
2822 4527 3163 4597 perducere:
3201 4529 3344 4597 quod
3374 4528 3625 4596 equidem

353 4611 538 4681 κάρτα
564 4607 648 4678 τῷ
678 4608 1033 4679 Τανυοξάρκῃ
1061 4607 1137 4639 ³⁸·
1172 4607 1416 4677 βουλεύει
1461 4608 1755 4680 τοιγαροῦν
1784 4608 1945 4663 αὐτὸν

359 4703 461 4771 μὲν
494 4703 556 4755 ἐν
593 4701 672 4772 τῷ
694 4700 936 4771 φανερῷ,
968 4699 1045 4763 ὡς
1072 4700 1231 4771 δῆθεν
1261 4698 1496 4769 ἀδελφοῦ
1520 4700 1784 4771 βασιλέως
1810 4718 1946 4756 κατ-

356 4794 628 4861 ειπόνταλ
646 4793 745 4863 τὴν
768 4791 1012 4863 κεφαλὴν
1048 4791 1351 4862 προστάξαι
1379 4793 1784 4863 ἀποτμηθῆναι,
1808 4794 1867 4846 ἐν
1890 4793 1947 4847 δὲ

355 4881 435 4952 τῷ
457 4881 699 4954 κρυπτῷ
726 4880 1084 4950 ἀναιρεθῆναι
1107 4879 1522 4951 Τανυοξάρκην,
1553 4882 1648 4933 καί⁸
1676 4879 1779 4951 τὴν
1800 4880 1947 4933 ἐκεί-

357 4987 450 5025 νου
502 4971 701 5043 στολὴν
754 4971 1137 5042 ἀμφωσθῆναι
1183 4972 1276 5024 τὸν
1309 4970 1503 5041 μάγον,
1555 4970 1699 5023 ὥστε
1745 4972 1842 5025 καὶ
1870 4969 1947 5041 τῷ

358 5063 723 5133 ἀμφιάσματι
768 5062 1088 5133 νομίζεσθαι
1118 5060 1529 5132 Τανυοξάρκην.
1577 5062 1691 5115 Καὶ
1735 5060 1946 5131 γίνεται

360 5155 568 5208 ταῦτα·
614 5155 810 5226 αἵματι
857 5156 966 5227 γὰρ
1004 5155 1228 5226 ταύρου,
1278 5155 1307 5208 ὃ
1356 5153 1593 5221 ἐξέπιεν,
1644 5157 1951 5226 ἀναιρεῖται

2055 4617 2353 4690 perfectum
2375 4626 2480 4673 est.
2520 4618 2736 4673 Etenim
2776 4632 2988 4688 magus,
3025 4617 3309 4671 consilium
3341 4632 3463 4672 cum
3500 4632 3627 4687 rege

2052 4708 2487 4773 communicans,
2523 4707 2633 4762 tale
2670 4709 2771 4762 boc
2817 4706 3111 4775 suggessit.
3157 4706 3481 4763 Similllmus
3512 4706 3624 4760 Ta-

2053 4813 2340 4869 nyoxarca:
2382 4813 2571 4868 magus
2615 4799 2732 4868 ipse
2771 4813 2895 4852 cum
2934 4808 3103 4863 esset,
3140 4798 3331 4854 suadet
3359 4808 3417 4852 ut
3450 4799 3627 4867 palam

2054 4888 2272 4956 quidem
2312 4897 2477 4955 atque
2523 4888 2580 4942 in
2628 4886 2937 4956 propatulo,
2993 4896 3251 4956 tanquam
3299 4885 3440 4942 falso
3491 4888 3623 4957 regii

2053 4977 2242 5032 fratris
2270 4977 2497 5033 delatori
2544 4987 2707 5046 caput
2756 4978 2862 5033 sibi
2901 4976 3177 5048 amputari
3212 4978 3432 5048 jubeant;
3483 4979 3623 5033 clam

2055 5084 2185 5123 vero
2217 5078 2382 5139 atque
2411 5069 2462 5123 in
2496 5070 2712 5125 occulto
2741 5069 3134 5142 Tanyoxarcen
3172 5069 3348 5138 ipsum
3393 5068 3623 5123 interfici

2058 5171 2235 5224 curet,
2268 5169 2323 5215 et
2355 5160 2500 5214 illius
2527 5161 2632 5215 sibi
2675 5168 2884 5215 vestem
2921 5160 3094 5223 indui,
3126 5167 3185 5212 ut
3220 5172 3283 5212 ex
3322 5157 3437 5225 ipso
3463 5158 3626 5210 etiam

362 5247 777 5319 Τανυοξάρκης,
807 5249 1145 5319 ἀμφιάζεται
1178 5249 1235 5302 δὲ
1264 5250 1293 5303 6
1327 5249 1502 5319 μάγος
1541 5249 1635 5302 καὶ
1664 5249 1942 5317 νομίζεται

2059 5253 2253 5304 vestitu
2274 5266 2371 5321 pro
2397 5252 2751 5324 Tanyoxarce
2779 5251 2965 5308 haberi
2999 5250 3189 5320 possit.
3245 5249 3421 5317 Atque
3449 5248 3521 5299 ita
3551 5246 3631 5301 fa-

728 5364 731 5365 ν
1656 5341 1788 5395 γειιι
1801 5341 1885 5396 ΙᾹΞ
1930 5341 2330 5400 LECTIONES.

434 5433 482 5462 “
518 5429 693 5483 εἰπών
723 5447 783 5495 ς’.
863 5433 908 5463 ’³
943 5431 1035 5503 ια’]
1069 5433 1284 5501 πρῶτος
1312 5433 1376 5485 Α.
1453 5433 1499 5465 ⁸⁸
1529 5431 1617 5503 ιβ’]
1647 5432 1904 5501 δεύτερος
1932 5434 1998 5487 Α.
2076 5436 2123 5467 ³⁸
2148 5435 2405 5505 εὐνούχου
2433 5436 2475 5489 Α
2508 5450 2523 5489 :
2552 5434 2891 5536 ἠμιάρρενος
2920 5446 2982 5498 ς’.
3057 5432 3104 5465 ³⁸
3138 5433 3381 5504 ταφῆναι
3408 5429 3629 5502 νεκρὸν.

436 5500 455 5536 ι
494 5518 534 5536 .-
641 5502 682 5532 1'7
714 5502 954 5536 ,ξιηξηη-ρη
992 5519 1029 5536 .-
1131 5502 1176 5535 ss
1205 5502 1475 5536 ειθις.η.’.υ.....
1519 5502 1548 5536 Δ
1591 5522 1603 5532 ι
1635 5503 1990 5536 sumsum...“
2022 5521 2061 5536 .-
2164 5506 2210 5536 sa
2247 5507 2540 5536 unas---
2574 5507 2600 5536 Α
2708 5504 2728 5536 ι
2781 5500 2851 5536 Ζ...
2899 5505 2988 5536 aut
3021 5502 3155 5536 ..ραι-Α.
3187 5520 3226 5536 ,-
3324 5502 3367 5533 8|
3403 5503 3629 5536 unum..-

368 5500 459 5550 iul.
494 5518 557 5564 ς.

367 5566 509 5652 ea»:
540 5588 606 5634 ςο

370 5654 535 5709 οατης
567 5658 631 5704 ς.

641 5502 682 5532 1⁸7
715 5502 816 5532 ,ἓιλξ

714 5519 955 5570 ωρισατο
992 5519 1051 5566 ς.
1132 5519 1176 5535 ’³
1204 5520 1475 5570 ευνουχων
1510 5519 1556 5555 Α
1591 5522 1603 5556 :
1635 5519 1939 5573 ημιαρρενο

683 5570 727 5600 ³³
758 5572 1093 5640 ἡμιάῥρενος
1132 5590 1191 5635 ς.
1269 5572 1314 5603 ³³
1344 5573 1400 5624 δὲ
1430 5580 1553 5624 ιιιιιθ
1581 5574 1684 5624 οἰκ.
1719 5575 1841 5625 add.
1874 5574 1939 5626 A.

1131 5502 1176 5535 1⁸
1205 5502 1475 5537 ειίυηιῖυωυ
1519 5502 1548 5537 Δ
1591 5502 1613 5532 ξ
1635 5503 1894 5537 διπηιλλέι

1204 5502 1475 5570 εὐνούχων
1510 5502 1556 5555 Α
1591 5502 1613 5556 ξ
1635 5503 1990 5573 ήμιαρῤένων
2022 5521 2083 5567 ς.
2164 5506 2210 5537 ²⁹
2247 5502 2540 5576 imam;
2564 5502 2629 5559 Ᾱ.
2701 5502 2754 5536 ’³ο
2781 5502 2871 5574 ἦν.
2899 5505 2994 5556 καὶ
3020 5502 3157 5572 μετά
3187 5520 3210 5568 ς

1269 5572 1314 5603 ³³
1344 5573 1407 5645 δέ
1430 5580 1553 5645 ante
1581 5574 1841 5645 oix._add.
1874 5574 1953 5645 A_._
2020 5575 2064 5606 ³⁸
2092 5585 2215 5645 post
2251 5575 2659 5645 ἑπτακισχίλιοι
2686 5588 2806 5629 cum
2842 5575 2890 5628 Α
2915 5573 3072 5629 omisi
3098 5571 3210 5627 δύο.

705 5641 749 5672 ³⁸
788 5642 958 5711 παρῤ.
994 5641 1049 5693 δέ
1078 5647 1196 5703 ταῖς
1231 5660 1291 5707 ς.
1364 5642 1407 5674 ³⁷
1441 5642 1669 5710 ἀδελφὸς
1697 5643 1821 5695 ἐπεὶ
1846 5641 1999 5695 οὐδὲν
2033 5641 2109 5709 ς’(
2168 5645 2214 5678 ³⁸
2262 5641 2619 5717 τανυοξᾶρκει
2649 5646 2711 5699 Α.

2164 5506 2210 5537 ²⁹
2247 5502 2629 5576 ἰζαλϐἀτηςᾹ.
2701 5502 2754 5536 ’³ο
2781 5502 2871 5576 ἦν.
2899 5502 3157 5576 καὶ-μετά
3187 5520 3247 5568 ς.
3276 5502 3282 5504 ⁷
3393 5503 3634 5576 Bonga-

2781 5500 2871 5574 ἦν.
2899 5505 2994 5556 καὶ
3020 5502 3157 5572 μετά
3187 5500 3247 5568 ς.
3275 5500 3283 5504 ⁷
3324 5502 3367 5533 ³¹
3403 5500 3631 5569 Κομφα-

2781 5588 2806 5627 ιι
2842 5575 2890 5628 Α
2915 5573 3072 5629 omisi
3098 5571 3210 5627 δύο.
3319 5573 3363 5605 ³⁸
3392 5571 3631 5641 Saguntia-

1916 5734 2151 5794 NOTZE.

451 5821 564 5890 (85)
598 5818 847 5875 Smerden
879 5838 1085 5894 magum
1118 5832 1434 5881 constanter
1460 5824 1767 5881 Herodotus
1815 5838 1985 5881 vocat.
