3980 6234
357 371 462 453 179‘

1520 390 1785 451 PHOTII
1821 389 2259 451 PATBIARCH
2265 389 2330 448 1E
2369 389 2481 450 CP.

3514 378 3617 444 180

354 513 500 558 ctum
530 514 636 562 est.
668 504 908 562 Taurino
957 507 1072 576 (86)
1119 507 1263 561 enlm
1316 507 1507 563 hausto
1545 509 1808 580 sanguine
1839 509 1936 562 Ta-

2041 507 2450 580 Τανυοξάρκης.
2482 506 2592 562 Kal
2629 506 2886 561 λανθάνει
2919 505 3130 567 πάντας
3161 501 3256 556 ἐπὶ
3286 500 3454 555 πολὺν
3483 501 3616 572 χρό-

255 657 260 666 ’
356 610 660 664 nyoxarces
703 596 914 663 interit,
948 607 1005 652 et
1032 597 1178 652 illius
1223 597 1443 652 indutus
1469 607 1675 654 vestem
1719 615 1928 667 magus,

355 702 454 754 pro
507 686 864 760 Tanyoxarce
907 689 1244 761 agnoscitur,
1294 687 1496 760 diuque
1548 690 1680 746 latet
1721 705 1932 754 omnes,

356 789 553 847 praeter
606 783 946 854 Artosyran,
1005 781 1318 852 Bagapaten
1359 822 1374 847 ,
1429 794 1596 851 atque
1649 782 1931 839 lzabaten.

357 869 452 924 llis
479 871 681 942 quippe
723 875 860 928 solis
894 887 1008 928 rem
1036 873 1254 942 aperire
1297 873 1596 945 Cambyses
1625 889 1792 931 ausus
1825 885 1929 930 est.

356 960 468 1015 Rex
511 963 636 1018 inde
685 964 986 1035 Labyzum,
1021 965 1113 1034 qui
1162 965 1307 1020 inter
1351 965 1722 1038 Tanyoxarcte
1754 983 1934 1022 eunu-

357 1055 488 1110 chos
515 1054 676 1110 facile
708 1057 914 1125 primus
942 1066 1086 1123 erat,
1111 1067 1166 1112 et
1199 1069 1398 1126 praeter
1427 1060 1574 1114 hunc
1597 1059 1736 1117 alios
1768 1059 1836 1114 ad
1875 1073 1934 1114 se

355 1155 512 1201 vocat
547 1163 562 1199 :
600 1163 814 1218 magum
847 1148 899 1202 in
948 1148 1038 1203 illa
1079 1159 1230 1203 veste
1263 1150 1547 1205 sedentem
1597 1151 1844 1218 exhibet,
1879 1159 1936 1205 et

357 1235 617 1303 numquid
663 1235 807 1289 hunc
846 1235 1234 1309 Tanyoxart-en
1278 1251 1659 1310 agnoscerent,
1694 1242 1934 1297 interro-

351 1334 460 1395 gat.
492 1326 575 1380 Ad
609 1341 732 1396 quae
780 1326 1068 1400 Labyzus:
1097 1327 1163 1384 Et
1187 1345 1503 1400 quemnam,
1536 1333 1732 1400 inquit,
1765 1334 1930 1388 alium
1964 1347 1970 1354 ·

353 1419 811 1485 agnosceremus?
853 1419 989 1476 adeo
1040 1422 1174 1476 texit
1223 1436 1441 1492 magum
1489 1424 1737 1492 corporis
1780 1423 1936 1478 habi-

354 1515 551 1575 rusque
623 1507 944 1564 similitudo.
1022 1511 1254 1566 Mittitur
1317 1527 1448 1582 ergo
1521 1515 1576 1568 in
1636 1513 1932 1578 Bactrios,

349 1599 641 1670 omniaque
659 1601 799 1656 haud
816 1602 974 1658 aliter
984 1617 1146 1673 quam
1163 1605 1207 1658 si
1225 1604 1455 1674 ipsemet
1470 1613 1616 1660 esset
1629 1605 1880 1677 Tanyoxa
1892 1621 1935 1659 r-

350 1709 464 1760 ces,
496 1696 860 1754 administrat.
895 1699 1030 1755 Post
1052 1701 1306 1772 quintum
1341 1703 1558 1757 tandem
1602 1720 1803 1757 annum
1848 1719 1935 1760 res

358 1794 472 1839 tota
521 1802 622 1854 per
660 1785 998 1858 Tybetheum
1060 1793 1394 1857 eunuchum,
1446 1790 1592 1862 38a
1627 1802 1792 1862 'qnem
1827 1809 1933 1847 ma-

354 1897 457 1950 gus
481 1883 819 1952 pulsaverat,
849 1883 1032 1957 Amyli
1060 1886 1372 1956 exponitur.
1404 1885 1651 1940 Postulat
1681 1887 1794 1940 haec
1825 1886 1927 1940 sibi

353 1974 772 2048 Sphendadaten
809 1992 838 2030 a
881 1978 1154 2050 Cambyse
1193 1979 1340 2033 dedi.
1379 1979 1449 2033 At
1482 1995 1578 2035 rex
1608 1980 1806 2036 dedere
1835 1996 1930 2036 no-

349 2064 448 2120 luit
477 2067 862 2137 :quamohrem
887 2069 1035 2126 diras
1071 2071 1146 2125 illi
1179 2073 1496 2141 imprecata,
1535 2085 1806 2144 epotoque
1839 2089 1931 2130 ve-

350 2171 518 2224 neno,
559 2161 808 2214 moritur.
856 2162 1070 2217 Accidit
1117 2163 1313 2219 deinde
1362 2174 1440 2230 ut,
1471 2179 1624 2219 sacra
1667 2175 1931 2234 operante

351 2246 646 2319 Cambyse,
681 2265 805 2305 cum
848 2250 1086 2306 victimae
1125 2252 1531 2323 jngularentur,
1566 2251 1801 2324 sanguis
1825 2269 1930 2309 non

351 2339 572 2408 lluerel;
603 2358 709 2412 qua
735 2359 868 2398 sane
894 2359 959 2398 ex
998 2360 1058 2401 re
1091 2346 1276 2400 animo
1309 2346 1606 2402 concidere
1635 2347 1803 2417 cmpit
1830 2365 1846 2414 ;
1871 2362 1936 2402 ac

351 2435 525 2504 magis
579 2435 743 2489 etlam
791 2445 997 2506 postea,
1035 2439 1256 2508 quando
1305 2439 1354 2494 ei
1395 2439 1622 2495 Roxane
1653 2451 1932 2496 carentem

351 2526 534 2593 capite
593 2541 820 2596 puerum
886 2531 1133 2599 peperit;
1193 2540 1248 2584 et
1313 2531 1453 2601 magi
1513 2532 1932 2598 renuntiarunt,

2037 616 2147 664 νον,
2173 598 2312 669 πλὴν
2349 597 2660 670 ’Δρτασύρα
2690 599 2785 652 καὶ
2832 595 3164 666 Βαγαπάτόυ
3195 593 3240 625 ³⁹
3269 593 3366 647 καὶ
3400 591 3617 656 Ίζαϐά-

2035 703 2168 745 του⁹
2202 689 2414 754 τούτοις
2447 689 2558 759 γὰρ
2610 689 2793 759 μόνοις
2843 687 3150 758 Καμϐύσης
3195 684 3470 756 ἐθάρρησε
3518 685 3619 754 τὴν

2036 783 2258 854 πρᾶξιν.
2290 781 2537 846 Λάϐυξον
2567 781 2614 812 ⁸ο
2644 781 2701 834 δὲ
2739 780 2848 834 τῶν
2881 777 3154 848 εὐνούχων
3181 775 3226 809 ⁸¹
3256 775 3349 830 τὸν
3378 775 3618 846 πρῶτον,

2035 877 2085 930 οἳ
2113 872 2252 946 ἦσαν
2271 875 2685 945 Τανυοξάρκεω,
2713 870 3228 944 προσκαλεσάμενος
3255 870 3285 924 ό
3313 867 3621 938 Καμϐύσης

2037 969 2133 1022 καὶ
2158 968 2286 1030 τοὺς
2314 967 2528 1030 ἄλλους,
2557 964 2846 1030 ὑποδείξας
2867 963 2914 996 ⁸²
2937 962 3032 1016 τὸν
3068 962 3242 1035 μάγον
3267 960 3344 1024 ὡς
3370 957 3619 1030 ἐσχημά-

2036 1075 2188 1111 τιστο
2244 1057 2648 1128 καθεζόμενον,
2696 1055 2898 1109 Τοῦτον
2950 1055 3056 1128 ἔφη
3105 1053 3354 1124 νομίζετε
3418 1051 3624 1104 Tantu-

2042 1153 2290 1223 ξάρκηνς
2342 1151 2400 1204 ⁸0
2445 1151 2502 1203 δέ
2542 1149 2790 1216 Δάϐυξος
2818 1149 3106 1220 Θαυμάσας
3149 1147 3264 1201 Καὶ
3292 1145 3415 1198 τίνα
3437 1143 3619 1207 ἄλλον,

2038 1245 2167 1315 ἔφη,
2237 1242 2569 1312 νομιοῦμεν;
2642 1240 2770 1313 [113
2800 1240 2892 1313 8.]
2953 1239 3209 1294 τοσοῦτον
3254 1237 3510 1292 ἐλάνθανε
3549 1238 3620 1304 τῇ

2037 1335 2320 1406 ὁμοιότητι
2351 1337 2380 1388 ὁ
2414 1333 2608 1404 μάγος.
2647 1333 3023 1404 Ἐκπέμπεται
3063 1329 3157 1386 οὖν
3182 1333 3263 1394 είς
3294 1329 3619 1400 Βακτρίους.

2037 1429 2134 1482 καὶ
2148 1428 2375 1498 πράττει
2395 1429 2574 1482 πάντα
2583 1426 2659 1490 ὡς
2677 1427 3086 1499 Τανυοξάρκης.
3105 1427 3271 1478 Πέντε
3285 1424 3342 1477 δὲ
3360 1423 3622 1478 ἐνιαυτῶν

2035 1520 2374 1586 διελθόντων,
2395 1519 2659 1591 μηνύεται
2677 1520 2712 1590 ἡ
2726 1519 2953 1589 Ἀμύτις
2967 1517 3027 1570 τὸ
3042 1504 3225 1588 δρᾶμα
3243 1516 3331 1570 διά
3348 1514 3622 1576 Τιϐἐθεως

2036 1612 2130 1667 τοῦ
2156 1611 2412 1683 εὐνούχου
2443 1611 2510 1678 ⁸³,
2534 1612 2594 1666 ὃν
2621 1613 2650 1664 ὁ
2676 1611 2850 1682 μάγος
2875 1609 3164 1681 τυπτήσας
3195 1607 3461 1678 ἐτύγχανε
3479 1623 3492 1636 ·
3526 1607 3623 1660 καὶ

2037 1707 2178 1758 αίτεῖ
2206 1704 2296 1758 τὸν
2325 1703 2704 1773 Σφενδαδάτην
2723 1701 2771 1733 ⁸⁸
2805 1701 2956 1772 παρὰ
3007 1699 3312 1770 Καμϐύσου
3343 1713 3357 1728 ⁸
3401 1697 3430 1750 ό
3477 1696 3532 1750 δὲ
3557 1697 3622 1748 οῦ

2037 1797 2273 1851 δίδωσιν.
2316 1797 2382 1850 Ἦ
2407 1797 2464 1850 δέ
2510 1797 2806 1866 ἐπαρᾶται,
2837 1793 2936 1848 καὶ
2968 1793 3168 1848 πιοῦσα
3214 1793 3504 1862 φάρμακον
3531 1806 3622 1842 τε·

2038 1887 2223 1958 λευτᾷ.
2258 1885 2388 1939 Θύει
2422 1887 2451 1939 ό
2484 1884 2816 1957 Καμϐύσης,
2847 1884 2943 1937 καὶ
2973 1883 3080 1938 τῶν
3103 1883 3317 1952 ἱερείων
3347 1879 3624 1951 σφαζομέ-

2036 1998 2144 2036 νων
2189 1977 2327 2051 αἷμα
2375 1980 2476 2034 οὐκ
2525 1979 2779 2050 ἀπορρεῖ,
2813 1977 2907 2050 [56
2955 1975 3046 2048 H.]
3094 1976 3190 2030 καὶ
3238 1973 3458 2043 ἀθυμεῖ.
3512 1971 3624 2026 Καὶ

2036 2071 2211 2123 τίκτει
2242 2069 2391 2141 αὐτῷ
2421 2071 2456 2140 ή
2491 2069 2732 2140 Ῥωξάνη
2769 2068 2982 2122 παιδίον
3011 2065 3305 2137 ἀκέφαλον,
3336 2065 3431 2118 καὶ
3461 2063 3623 2117 πλέον

2037 2159 2238 2230 ἀθυμεῖ
2260 2177 2274 2191 ο
2307 2160 2402 2212 καὶ
2445 2161 2494 2214 οἱ
2528 2161 2696 2231 μάγοι
2725 2159 2979 2228 λέγουσιν
3007 2158 3158 2228 αὐτῷ
3188 2159 3290 2228 τὴν
3317 2157 3426 2210 τῶν
3453 2155 3623 2225 τεράσ-

2032 2267 2142 2303 των
2161 2251 2413 2321 δήλωσιν,
2445 2251 2528 2304 ὅτι
2565 2251 2626 2303 ού
2668 2249 2990 2319 καταλείψει
3018 2249 3065 2282 ⁸⁸
3088 2251 3189 2320 τῆς
3229 2247 3409 2319 ἀρχῆς
3446 2246 3624 2300 διάδψ

2031 2364 2146 2416 χον.
2178 2346 2288 2398 Kal
2330 2345 2617 2414 ἐφίσταται
2658 2344 2809 2414 αύτῷ
2854 2345 2887 2414 ἡ
2942 2344 3129 2414 μήτηρ
3159 2343 3216 2396 ἐν
3265 2340 3422 2394 νυκτὶ
3462 2341 3621 2392 ἀπει-

2031 2437 2202 2492 λοῦσα
2220 2439 2319 2508 τῆς
2347 2437 2683 2508 μιαιφονίας,
2711 2436 2806 2489 καὶ
2830 2435 2992 2490 πλέον
3013 2435 3233 2505 ἀθυμεῖ.
3265 2431 3625 2502 Ἀφικόμενος

2033 2529 2089 2581 δέ
2116 2530 2196 2592 εἰς
2218 2526 2538 2590 Βαϐυλῶνα,
2563 2527 2658 2579 καὶ
2689 2527 2823 2593 ξέων
2856 2525 3109 2596 ξυλάριον
3138 2523 3385 2595 μαχαίρᾳ
3414 2521 3623 2591 διατρι-

352 2616 558 2670 nullum
589 2619 657 2672 ab
686 2635 751 2674 eo
778 2621 927 2691 regni
955 2637 1330 2677 successorem
1366 2622 1613 2677 relictum
1649 2623 1739 2688 iri,
1777 2625 1930 2678 hisce

2040 2622 2140 2692 ϐῆς
2169 2620 2366 2691 χάριν,
2420 2619 2570 2673 παίει
2621 2618 2711 2671 τὸν
2757 2618 2931 2688 μηρὸν
2965 2619 3046 2680 είς
3100 2615 3194 2670 τὸν
3227 2614 3352 2685 μῦν,
3395 2615 3489 2667 καὶ¹
3535 2613 3624 2664 ἐν·

353 2709 612 2762 monstris
635 2712 902 2777 portendi.
947 2711 1087 2779 Qulu
1137 2722 1190 2767 et
1221 2721 1409 2767 astans
1443 2726 1607 2767 noctu
1640 2715 1691 2767 in
1723 2715 1932 2769 somnis

2040 2712 2320 2775 δεκαταῖος
2390 2713 2655 2781 τελευτᾷ,
2725 2709 3054 2780 βασιλεύσας
3106 2708 3253 2762 δυοῖν
3302 2707 3491 2761 δέοντα
3548 2705 3626 2758 εί-

353 2811 547 2866 tnaler,
579 2800 862 2872 minusque
894 2803 964 2857 ob
995 2812 1363 2872 perpetratum
1403 2806 1604 2860 caedem
1633 2807 1932 2870 intentans,
2044 2823 2188 2862 κοσι.
2591 2799 2594 2806 ’

353 2894 512 2966 longe
567 2896 803 2951 maxime
865 2913 1047 2967 regem
1096 2899 1348 2967 perculit.
1387 2898 1522 2953 Cum
1582 2901 1763 2969 itaque
1812 2900 2153 2972 Babylonem
2189 2901 2448 2966 venisset,
2513 2911 2678 2969 atque
2741 2900 2812 2954 ibi
2889 2913 3116 2968 parvum
3187 2894 3388 2964 lignum
3451 2893 3628 2947 cultro

353 2988 584 3062 poliens,
634 3003 742 3058 quo
792 2998 1004 3058 tempus
1056 2988 1292 3057 falleret,
1336 2989 1560 3046 femoris
1612 2991 1915 3046 musculum
1957 2993 2346 3060 percussisset,
2396 2992 2682 3047 undecimo
2714 2999 2837 3062 post
2872 2991 2958 3046 die
2982 2996 3212 3045 mortem
3277 2986 3436 3048 obiit,
3493 3000 3618 3040 cum

353 3096 525 3138 unitos
553 3092 836 3152 regnasset
867 3080 1259 3152 duodeviginti.

427 3214 724 3286 Bagapates
759 3227 938 3270 autem
983 3227 1038 3272 et
1091 3219 1382 3282 Artasvras
1425 3220 1733 3284 consilium,
1782 3229 1937 3274 ante-

2115 3213 2448 3283 Βαγαπάτης
2475 3212 2534 3266 δέ
2555 3211 2651 3266 καὶ
2682 3211 3048 3283 ’Δρτασύρας,
3091 3210 3223 3279 πρὶν
3253 3210 3286 3280 ἢ
3323 3208 3630 3279 Καμϐύσης

354 3321 518 3375 quam
567 3305 864 3376 Cambyses
899 3320 1224 3375 moreretur,
1261 3311 1523 3376 inierunt,
1561 3311 1628 3364 de
1676 3326 1843 3382 regno
1871 3309 1939 3363 ad

357 3413 592 3466 tnaguur
621 3397 945 3465 deferendo;
1002 3409 1058 3456 et
1087 3415 1215 3456 vero
1251 3411 1372 3470 post
1405 3402 1549 3454 illius
1579 3410 1806 3454 mortem
1841 3401 1938 3455 de-

359 3491 553 3545 tulere.
587 3490 796 3560 Corpus
821 3491 1107 3563 Cambysae
1137 3491 1379 3548 lzabates
1409 3504 1681 3557 sumptum
1718 3493 1770 3546 in
1804 3492 1940 3546 Per-

356 3582 527 3638 sitlem
576 3584 779 3639 avexit.
819 3581 971 3638 Unde
997 3584 1285 3652 aliquando
1320 3599 1590 3650 reversus,
1628 3594 1940 3654 regnantem

352 3673 465 3741 jam
497 3675 599 3726 sub
629 3672 996 3742 Tanyoxarcze
1031 3676 1251 3728 nomine
1279 3691 1494 3744 magum
1536 3677 1764 3743 prodere
1799 3675 1941 3742 apud

360 3762 676 3817 univ'ersum
745 3765 1066 3828 exercitum,
1117 3776 1282 3834 atque
1311 3765 1579 3820 infamare
1621 3781 1940 3834 aggressus,

359 3856 414 3910 in
451 3853 708 3924 templum
737 3855 1002 3925 confugit,
1045 3842 1402 3912 verum’inde
1425 3869 1727 3922 extractus,
1763 3859 1944 3929 capite

359 3961 548 4014 pinnas
575 3945 694 4002 luit.
737 3945 873 4000 Hinc
903 3958 1112 4018 septem
1144 3952 1284 4004 inter
1331 3948 1526 4004 Persas
1556 3950 1795 4005 illustres
1841 3950 1942 4005 viri

360 4054 464 4092 uua
494 4037 758 4094 adversus
799 4055 1013 4110 magum
1041 4043 1450 4112 conspiravere,
1491 4041 1767 4110 Onophas,
1805 4043 1945 4097 lder-

357 4145 479 4194 nes,
521 4129 920 4198 Norodabares,
947 4132 1280 4200 Mardonius,
1320 4136 1554 4199 Barises,
1583 4137 1942 4205 Atapherues,

357 4231 415 4279 et
441 4224 633 4278 Darius
663 4222 925 4294 llystaspe
951 4225 1114 4280 Illius.
1133 4225 1198 4280 lli
1223 4243 1344 4283 cum
1370 4227 1526 4296 primi
1549 4227 1690 4282 inter
1709 4244 1766 4282 se
1785 4228 1941 4282 (idem

359 4315 661 4380 dedissent,
703 4325 825 4386 post
873 4317 1041 4372 etiam
1084 4319 1374 4388 Artasyras
1395 4320 1720 4384 assumitur,
1756 4331 1811 4374 et
1839 4319 1943 4374 Ba-

360 4416 580 4477 gapates
596 4416 880 4478 praeterea,
905 4409 995 4476 qui
1019 4407 1200 4464 claves
1226 4423 1416 4464 omnes
1449 4411 1720 4480 regiarum
1745 4415 1940 4467 aedium

361 4499 416 4553 in
474 4508 745 4568 potestate
779 4498 1037 4554 habebat.
1081 4499 1299 4569 Septem
1333 4514 1463 4570 ergo
1499 4501 1595 4565 illi,
1661 4501 1946 4573 Bagapata:

2043 3305 2382 3375 τελευτήσει,
2415 3304 2812 3359 ἐϐουλεύσαντο
2835 3303 3153 3373 βασιλεῦσαι
3181 3302 3272 3355 τὸν
3300 3302 3505 3372 μάγον
3535 3300 3634 3354 καὶ

2044 3398 2394 3452 ἐϐασίλευσεν
2425 3397 2472 3430 ⁸⁸
2499 3397 2713 3450 ἐκείνου
2759 3397 3205 3466 τελευτήσαντος.
3237 3393 3434 3448 Λαϐὼν
3472 3394 3531 3448 δὲ
3569 3393 3634 3446 τὸ

2045 3487 2346 3556 Καμϐύσου
2383 3487 2545 3558 σῶμα
2591 3486 2876 3558 Ἰζαϐάτης
2907 3489 2952 3519 ⁵⁷
2983 3483 3118 3557 ἦγεν
3151 3487 3231 3550 είς
3255 3489 3490 3551 Πέρσας.
3521 3483 3632 3538 Τοῦ

2048 3580 2224 3648 μάγου
2259 3579 2317 3633 δὲ
2353 3578 2776 3651 βασιλεύσαντος
2817 3580 2904 3632 ἐπ’
2943 3578 3168 3650 ὀνόματι
3195 3577 3290 3632 τοῦ
3322 3575 3632 3646 Τανυοξάρ⁹

2044 3687 2143 3724 κου
2176 3667 2311 3745 ἧκεν
2349 3670 2632 3742 Ίξαϐάτης
2679 3672 2746 3724 ἐκ
2784 3671 3069 3741 Περσίδος,
3111 3670 3210 3724 καὶ
3243 3668 3520 3750 κατειπὼν
3563 3669 3633 3739 τῇ

2049 3766 2281 3836 στρατιᾷ
2307 3764 2490 3820 πάντα
2520 3765 2567 3798 ⁸⁸
2599 3765 2694 3821 καὶ
2743 3762 3123 3836 θριαμϐεύσας
3168 3761 3258 3815 τὸν
3294 3762 3466 3831 μάγον
3497 3777 3636 3816 κατ-

2047 3858 2251 3926 έφυγεν
2270 3859 2352 3921 είς
2378 3857 2438 3910 τὸ
2462 3858 2631 3929 ἱερὸν,
2653 3856 2866 3910 ἐκεῖθέν
2881 3872 2941 3908 τε
2963 3855 3294 3926 συλληφθεὶς
3312 3851 3633 3922 ἀπετμήθη.

2047 3945 2332 4000 Ἐντεῦθεν
2367 3947 2508 4000 ἐπτὰ
2537 3947 2647 4001 τῶν
2683 3947 2911 4018 Περσῶν
2939 3947 3204 4016 ἐπίσημοι
3233 3947 3520 3999 συνέθεντο
3547 3945 3638 3998 άλ-

2045 4039 2230 4108 λήλοις
2259 4039 2402 4094 κατὰ
2430 4040 2527 4093 τοῦ
2558 4042 2757 4111 μάγου,
2784 4041 3037 4110 Ὀνόφας,
3079 4039 3332 4110 Ἰδέρνης,
3363 4037 3638 4104 Νορονδα-

2047 4131 2219 4201 ϐάτης
2251 4133 2318 4197 δ’,
2361 4132 2684 4201 Μαρδόνιος,
2742 4133 3020 4203 Βαρίσσης
3058 4133 3128 4196 ⁵ο,
3160 4131 3502 4201 Ἀταφέρνης
3543 4132 3640 4185 καὶ

2046 4225 2271 4294 Δαρεῖος
2305 4223 2648 4282 Ὑστάσπεω.
2679 4223 2897 4278 Τούτων
2923 4223 3175 4293 ἀλλήλοις
3201 4223 3412 4284 πίστεις
3435 4221 3638 4275 δόντων

2047 4314 2533 4387 προσλαμϐάνεται
2565 4315 2662 4370 καὶ
2686 4317 2716 4368 ό
2741 4315 3106 4386 Ἀρτασύρας,
3138 4311 3256 4368 εἶτα
3290 4315 3383 4368 καὶ
3407 4317 3435 4368 ό
3460 4316 3640 4381 Βαγα-

2047 4411 2252 4476 πάτης.
2278 4407 2334 4472 ὃς
2365 4408 2465 4471 τὰς
2511 4407 2660 4471 κλεῖς
2691 4409 2871 4471 πάσας
2893 4407 3002 4462 τῶν
3041 4407 3329 4477 βασιλείων
3360 4403 3493 4475 εἶχε.
3527 4407 3640 4460 Καὶ

2045 4498 2381 4563 εἰσελθόντες
2403 4500 2492 4554 διὰ
2520 4500 2615 4554 τοῦ
2645 4501 2976 4568 Βαγαπάτου
3003 4501 3054 4552 οἱ
3095 4499 3234 4552 ἑπτά
3263 4499 3345 4562 εἰς
3377 4499 3448 4550 τὰ
3477 4498 3637 4568 βασί-

359 4604 550 4658 οροη,
611 4588 664 4644 in
721 4589 896 4660 regias
944 4590 1090 4647 aedes
1123 4590 1374 4660 ingressi.
1429 4593 1789 4657 dormientem
1821 4609 1937 4646 eum

2050 4592 2172 4646 λεια
2198 4591 2516 4663 εὑρίσκουσι
2543 4593 2635 4646 τὸν
2666 4593 2843 4662 μάγον
2868 4591 3121 4663 παλλακῇ
3160 4591 3482 4664 Βαϐυλωνίᾳ
3506 4609 3639 4658 συγ-

358 4679 652 4752 Babylonla
702 4681 898 4751 pellice
939 4697 1154 4752 magum
1200 4681 1504 4742 offendunt.
1547 4682 1695 4749 Quos
1748 4684 1856 4748 ille,
1887 4694 1937 4738 ut

2049 4683 2402 4740 καθεύδοντα.
2434 4685 2555 4750 ιὭς
2620 4685 2679 4739 δὲ
2723 4682 2885 4750 εἶδεν,
2937 4685 3276 4756 ἀνεπήδησε,
3322 4685 3418 4739 καὶ
3470 4685 3640 4755 μηδὲν

357 4771 514 4830 vidit.
561 4771 740 4826 subito
789 4773 1045 4841 prosiliit,
1090 4783 1146 4828 et
1201 4789 1324 4829 cum
1369 4773 1572 4828 nullum
1620 4789 1741 4828 sese
1777 4775 1940 4830 telum

360 4859 611 4916 bellicum
649 4861 876 4916 oll'erret
902 4862 1064 4930 (clam
1086 4864 1232 4917 enim
1259 4864 1440 4919 omnia
1480 4864 1782 4934 Bagapates
1811 4866 1942 4920 sub-

360 4950 649 5020 traxerat),
679 4951 852 5008 sedile
898 4953 1038 5008 forte
1087 4969 1312 5008 aureum
1368 4955 1659 5026 confregit,
1714 4957 1943 5026 ejusque

358 5053 580 5110 arrepto
619 5045 758 5114 pede
809 5059 1048 5114 pugnare
1079 5046 1265 5114 cmpit,
1325 5047 1452 5100 dum
1513 5048 1728 5103 tandem
1769 5065 1797 5101 ιι
1855 5064 1942 5104 se-

2047 4775 2226 4848 εύρὼν
2254 4777 2365 4830 τῶν
2394 4777 2711 4849 πολεμικῶν
2749 4778 2999 4849 ὀργάνων
3037 4778 3236 4848 (πάντα
3263 4778 3372 4847 γὰρ
3399 4777 3428 4830 ό
3455 4773 3639 4843 Βαγαο

2048 4870 2228 4939 πάτης
2254 4869 2432 4941 λάθρα
2459 4869 2799 4939 ὑπεξήγαγε)
2835 4869 3028 4942 δίφρον
3058 4869 3292 4940 χρύσεον
3336 4866 3640 4936 συντρίψας

2045 4964 2141 5016 καὶ
2171 4962 2352 5017 λαϐὼν
2390 4965 2484 5018 τὸν
2511 4965 2650 5022 πόδα
2678 4964 2935 5033 ἐμάχετο,
2968 4965 3064 5016 καὶ
3099 4964 3255 5025 τέλος
3286 4977 3636 5028 κατακεντή-

2045 5053 2160 5118 θεὶς
2189 5055 2295 5109 ὑπὸ
2324 5056 2434 5110 τῶν
2461 5057 2600 5110 ἑπτὰ
2627 5055 2891 5120 ἀπέθανε,
2914 5054 3242 5126 βασιλεύσας
3265 5054 3444 5124 μῆνας
3469 5051 3634 5106 ἑπτά.

1679 5238 1914 5294 νΑῐιιΑε
1963 5241 2375 5297 LECTIONES.

435 5345 847 5434 ξμῐξαγαὲάθου
877 5365 939 5412 ς.
1075 5347 1649 5434 Λάϐυζον-ᾼάϐυζος
1680 5372 1740 5419 ς.
1766 5354 2236 5434 ,βξ-ήμιαρρὲνων
2267 5375 2326 5422 ς.
2397 5357 2439 5390 δ’
2460 5355 2792 5434 ¹διν-ἰοδὶκιιιὶ
2830 5355 3076 5434 ὑποδης.
3124 5349 3176 5434 ξ’
3205 5349 3536 5434 ήμιάρῤεγος
3571 5363 3639 5412 ς.

438 5415 826 5493 ξφανραξᾲτης
867 5435 928 5482 ς.
997 5418 1045 5493 ff
1063 5412 1588 5493 gbxﬁyxaralsiq/et

359 5483 410 5519 ⁸ο
439 5483 826 5558 Νοροδαϐάτης
853 5507 915 5554 ς.
994 5490 1041 5524 ⁸⁸
1059 5483 1302 5564 Βαρίσης
1337 5507 1399 5556 ς.

1764 5424 1812 5459 ’⁵⁸
1841 5421 1964 5482 libri
1995 5421 2377 5482 ἐϐασίλευσαν.
2457 5429 2502 5460 ⁸⁷
2545 5421 2829 5500 Ἰξαῖϐάνης
2865 5445 2926 5492 ς.
2990 5423 3037 5454 ’⁵⁸
3067 5421 3310 5476 πάνταΔ
3332 5437 3355 5475 ἐ
3386 5421 3535 5490 πάσῃ
3573 5436 3634 5484 ς’.

1907 5647 2118 5706 NOTAE

435 5739 544 5812 (86l
575 5739 918 5812 Venenosum
949 5760 1072 5799 eum
1103 5761 1224 5801 esse
1262 5747 1456 5802 docent
1481 5745 1696 5809 medici,
1721 5754 1776 5800 et
1842 5761 1947 5802 non
2023 5743 2130 5801 alio
2179 5760 2388 5804 veneno
2455 5746 2709 5802 exstincti
2774 5743 2974 5811 Midas,
3029 5743 3444 5810 Themistocles,
3503 5741 3619 5800 alii.

365 5809 501 5871 Vide
529 5811 658 5871 iufr.
681 5814 805 5869 eod.
842 5814 966 5880 t90,
995 5817 1088 5872 tib.
1113 5833 1197 5883 ιιι,
1218 5815 1448 5875 Ptolem.
1483 5815 1752 5889 llcphtest.
