3980 6234
327 307 424 374 131
1423 320 1908 384 ΒΙΒΙᾸΟἸἩΕΟΆ

2011 350 2045 358 -
2065 323 2228 385 COD.
2248 325 2487 386 LXXII.
3486 323 3589 387 182

324 422 607 480 Βασιλεύει
651 425 709 481 δέ
739 427 848 481 τῶν
882 429 1023 485 ἐπτά
1049 430 1078 484 ό
1119 432 1366 501 Δαρεῖος,
1397 434 1493 487 τοῦ
1533 438 1721 504 ἵππου,
1764 438 1908 493 καθά

2011 449 2156 510 ptem
2208 441 2316 497 illis
2356 442 2490 497 viris
2519 441 2801 497 confossus
2852 436 3124 505 occubuit,
3170 418 3403 510 septimo
3434 444 3584 510 regni

325 517 605 570 συνέκειτο
626 517 902 590 ἀλλήλοις,
928 521 1149 594 πρώτου
1172 524 1217 556 ⁸¹
1241 530 1457 598 μηχανῇ
1483 545 1589 582 τινι
1610 531 1704 583 καὶ
1720 529 1907 602 τέχνῃ,
2016 530 2145 585 aditi
2176 547 2383 586 mense.

321 608 546 665 ἐπειδὰν
573 612 779 682 όῆλιος
805 614 943 685 πρὸς
1003 617 1270 681 ἀνατολὰς
1338 621 1582 689 ἐγένετο,
1651 624 2096 694 χρεμετίσαντος.
2133 626 2360 693 Ἀγεται
2408 627 2520 690 τοῖς
2568 625 2802 696 Πέρσαις
2844 624 3025 694 ἑορτὴ,
3073 623 3174 691 τῆς
3228 616 3589 691 μαγοφονίας.

318 701 447 756 καθ’
479 703 549 771 ἦν
576 703 956 777 Σφενδαδάτης
984 708 1013 760 ὁ
1041 708 1216 779 μάγος
1246 709 1539 781 ἀνῄρηται.

387 800 621 871 Δαρεῖος
653 802 989 873 προστάσσει
1034 805 1208 875 τάφον
1237 808 1415 879 ἐαυτῷ
1448 810 1908 882 ’κατασκευασθῆ-

2080 806 2289 873 Regnat
2316 801 2508 856 deinde
2540 814 2605 854 ex
2652 807 2857 867 septem
2901 798 3007 852 illis
3049 797 3178 851 viris
3214 796 3429 863 Darius,
3458 812 3583 851 cum

317 906 406 944 ναι
435 892 501 944 ἐν
526 890 608 962 τῷ
645 891 813 965 δισσῷ
844 895 982 966 δρει,
1021 898 1117 951 καὶ
1152 899 1646 965 κατασκευάζεται.
1679 902 1908 957 Ἐπιθυ-

2011 899 2123 969 ejus
2156 911 2326 968 equus
2355 893 2458 963 (sic
2493 894 2637 947 inter
2659 892 2779 947 illos
2811 888 3161 958 convenerat)
3204 903 3322 943 arte
3350 890 3583 959 quadam

318 982 510 1052 μήσας
550 982 610 1037 δέ
638 984 770 1039 ἰδεῖν
794 985 963 1041 αὐτὸν
992 987 1099 1041 ὑπό
1127 1004 1187 1041 τε
1218 990 1329 1043 τῶν
1368 990 1651 1045 Χαλδαίων
1674 992 1767 1046 καὶ
1796 992 1908 1045 τῶν

2011 989 2292 1053 adhibita,
2356 985 2561 1053 primus
2618 990 2743 1050 post
2805 992 2983 1035 ortum
3043 979 3209 1034 solem
3275 980 3584 1033 hinuiisset.

314 1073 526 1142 γονέων
558 1076 853 1134 κωλύεται.
879 1080 943 1133 Οἱ
971 1079 1030 1133 δὲ
1054 1082 1236 1148 γονεῖς
1262 1082 1505 1136 ἀνελθεῖν
1535 1081 1908 1153 βουληθέντες,

2011 1082 2272 1137 Caeterum
2303 1091 2410 1146 quo
2439 1075 2527 1128 die
2580 1073 2992 1144 Splrendadates
3038 1086 3228 1142 nragus
3268 1070 3585 1126 interfectus

314 1164 443 1218 ἐπεὶ
471 1166 524 1219 οἱ
549 1167 720 1239 ἱερεῖς
743 1164 886 1223 εἶδον
911 1169 1064 1240 δφεις
1080 1172 1127 1204 ⁸⁸
1154 1172 1207 1224 οἱ
1230 1172 1548 1238 ἀνέλκοντες
1571 1173 1791 1241 αὐτοὺς,
1808 1175 1905 1227 καὶ

2011 1181 2112 1234 est.
2166 1170 2362 1225 festum
2405 1183 2472 1222 ex
2518 1181 2583 1221 eo
2620 1165 2758 1234 apud
2798 1164 3027 1228 Persas,
3086 1162 3441 1233 Magopliouia
3496 1160 3586 1214 di-

314 1255 699 1328 ἐφοϐήθησαν,
728 1260 827 1314 καὶ
888 1261 1220 1333 φοϐηθέντες
1273 1265 1496 1334 ἀφῆκαν
1545 1264 1614 1318 τὰ
1669 1264 1901 1335 σχοινία,

2011 1274 2157 1319 ctum
2191 1262 2327 1331 (87),
2377 1258 2700 1315 celebratur.
2732 1256 2926 1309 Darius
2978 1254 3066 1309 hic
3119 1253 3425 1321 sepulcrum
3482 1251 3586 1306 sibi

310 1346 515 1402 ἔπεσον
545 1351 645 1404 καὶ
676 1351 1059 1425 ἐτελεύτησαν.
1092 1356 1205 1409 Kal
1230 1354 1480 1426 ἐλυπήθη
1507 1356 1733 1426 Δαρεῖος
1756 1354 1902 1422 λίαν,

2011 1355 2064 1411 In
2117 1353 2326 1420 bicipiti
2368 1360 2551 1407 monte
2588 1350 2793 1404 exstrui
2833 1347 3139 1417 imperabat
3180 1345 3328 1415 (88),
3376 1352 3432 1397 et
3470 1343 3583 1411 jam

312 1440 407 1493 καὶ
422 1442 838 1518 ἀπετμήθησαν
851 1448 905 1501 αἱ
926 1446 1164 1518 κεφαλαὶ⁵
1177 1448 1584 1517 τεσσαράκοντα
1603 1446 1773 1502 ὅντων
1793 1449 1903 1504 τῶν

2011 1446 2433 1510 exstruebatur;
2471 1443 2615 1514 quod
2651 1442 2835 1495 videre
2863 1441 2978 1509 ipse
3011 1453 3134 1493 cum
3172 1437 3525 1497 desideraret,
3554 1448 3586 1487 a

309 1529 681 1589 ἀνθελκόντων.
2006 1536 2275 1595 Chaldaeis
2306 1542 2469 1604 atque
2500 1533 2815 1605 parentibus
2843 1531 3146 1601 prohibitus
3172 1538 3277 1582 est.
3299 1527 3377 1581 Eo
3404 1537 3584 1581 tamen

308 1638 582 1694 parentes
616 1627 738 1698 ejus
790 1632 1088 1687 ascendere
1136 1633 1428 1688 voluerunt
1488 1634 1655 1707 38b,
1686 1635 1781 1690 sed
1827 1637 1881 1690 in
1920 1648 2163 1705 praeceps
2197 1631 2307 1687 acti
2356 1627 2560 1684 mortui
2608 1627 2986 1689 conciderunt,
3036 1639 3159 1680 cum
3226 1624 3293 1677 ad
3364 1637 3588 1690 serpen-

309 1726 425 1773 tum
509 1731 796 1791 aspectum
845 1723 1002 1780 funes
1061 1726 1238 1782 territi
1292 1730 1652 1796 remisissent,
1706 1733 1795 1799 qui
1838 1747 1932 1787 eos
2011 1745 2225 1786 sursum
2287 1726 2595 1791 trahebant,
2627 1725 2961 1787 sacerdotes,
3019 1736 3138 1791 quae
3181 1736 3269 1775 res
3314 1721 3586 1791 ingentem

311 1810 483 1866 Dario
546 1828 847 1885 maerorem
902 1816 1119 1884 attulit,
1155 1822 1211 1873 et
1259 1834 1391 1874 vero
1424 1821 1600 1890 capita
1642 1821 1750 1876 illis
1786 1823 2143 1895 quadraginta
2175 1821 2311 1876 viris
2346 1825 2623 1888 amputata
2668 1825 2816 1881 sunt,
2856 1814 2948 1883 qui
2993 1813 3091 1867 hos
3129 1820 3487 1866 attraxerant.

374 1903 509 1958 Ὅτι
542 1906 836 1961 ἐπιτάσσει
860 1910 1084 1979 Δαρεῖος
1107 1910 1455 1986 Ἀριαράμνῃ
1479 1914 1526 1947 ⁸³
1546 1913 1626 1984 τῷ
1652 1915 1908 1985 σατράπῃ

2077 1913 2391 1968 Ariammen
2444 1918 2707 1981 praeterea
2762 1905 3117 1976 Cappadociae
3166 1913 3441 1972 satrapam
3489 1905 3587 1959 ad-

305 1997 723 2059 Καππαδοκίας
753 1999 848 2053 ἐπὶ
878 2000 1092 2065 Σκύθας
1135 2001 1392 2075 διαϐῆναι
1438 2005 1535 2058 καὶ
1577 2005 1774 2075 ἄνδρας
1809 2008 1904 2059 κα)⁸

305 2091 588 2158 γυναῖκας
628 2091 1068 2161 αἰχμαλωτίσαιο
1116 2091 1146 2144 ὀ
1189 2092 1248 2146 δὲ
1298 2094 1494 2158 διαϐὰς
1543 2097 1903 2167 πεντηκοντό-

310 2196 422 2250 ροις
444 2178 491 2233 λ’
521 2182 906 2253 ῂχμαλώτισε.
964 2183 1235 2238 Συνέλαϐε
1285 2185 1345 2239 δὲ
1387 2187 1483 2241 καὶ
1537 2187 1763 2257 ἀδελφὸν
1808 2188 1904 2241 τοῦ

2006 2019 2197 2060 versus
2232 2003 2467 2076 Scythas
2500 1999 2796 2071 proficisci,
2845 2008 2897 2052 et
2924 1997 3072 2052 viros
3105 1997 3229 2051 inde
3262 2012 3325 2051 ac
3354 1996 3586 2051 feminas

2005 2101 2248 2170 captivos
2277 2096 2545 2153 abducere
2570 2094 2766 2149 Darius
2794 2093 3044 2162 imperat.
3073 2092 3165 2146 Ille
3200 2106 3322 2145 cum
3366 2091 3582 2160 triginta

2005 2193 2232 2247 navibus
2272 2187 2662 2259 quinquaginta
2699 2200 2970 2239 remorum
2994 2183 3291 2253 trajicicus,
3328 2183 3583 2235 mandata

309 2270 587 2341 βασιλέως
618 2272 712 2326 τοῦ
752 2274 975 2327 Σκυθῶν
1014 2276 1386 2349 Μαρσαγέτην
1414 2278 1483 2345 ⁸⁸,
1520 2281 1613 2333 ἐπὶ
1662 2280 1905 2335 κακώσει

2011 2281 2254 2354 perfecit.
2299 2280 2453 2349 Cepit
2479 2279 2623 2333 inter
2657 2277 2795 2331 alios
2826 2278 2969 2347 regis
2998 2273 3321 2344 Scytharum
3356 2272 3583 2327 fratrem

306 2363 485 2434 εὑρὼν
513 2365 679 2438 παρὰ
708 2365 807 2418 τοῦ
829 2366 1030 2420 οἰκείου
1054 2367 1288 2437 ἀδελφοῦ
1317 2370 1621 2441 δεδεμένον.
1650 2372 1778 2443 [H6
1811 2371 1903 2444 R.]

307 2454 647 2526 Σκυθάρὸης
678 2457 726 2489 ⁸⁸
753 2456 811 2509 δέ
840 2457 870 2510 ό
896 2457 1122 2512 Σκυθῶν
1151 2458 1403 2529 βασιλεὺς
1430 2460 1710 2532 ὀργισθεὶς
1742 2460 1907 2534 ἔγρα-

306 2551 405 2618 ψεν
437 2550 694 2623 ὑϐρίζων
734 2552 982 2625 Δαρεῖον,
1017 2552 1113 2606 καὶ
1142 2552 1461 2624 ἀντεγράφη
1498 2552 1648 2624 αὐτῷ
1682 2553 1905 2625 ὁμοίως.

310 2641 651 2713 Στράτευμα
678 2642 736 2695 δὲ
761 2643 992 2714 ἀγείρας
1010 2644 1235 2713 Δαρεῖος
1265 2651 1318 2697 π’
1341 2644 1632 2715 μυριάδας,
1658 2644 1754 2697 καὶ
1781 2643 1907 2707 ζεύ-

311 2733 404 2799 ξας
436 2733 531 2786 τὸν
583 2733 862 2804 Βόσπορον
902 2734 998 2787 καὶ
1046 2733 1142 2788 τὸν
1168 2733 1402 2805 Ἵστρον,
1448 2734 1601 2805 διέϐη
1648 2735 1739 2787 ἐπὶ
1765 2732 1906 2786 Σκύ-

311 2824 427 2888 οας,
458 2822 593 2878 όδδν
626 2823 830 2887 ἐλάσας
854 2824 1079 2895 ἡμερῶν
1107 2831 1189 2879 ιε’.
1220 2824 1330 2878 Καὶ
1357 2825 1712 2895 ἀντέπεμπον
1743 2824 1909 2895 ἀλλή-

309 2914 418 2976 λοις
439 2916 606 2981 τόξα.
648 2916 1141 2988 Ἐπικρατέστερον
1165 2916 1210 2970 δ’
1234 2911 1304 2988 ἦν
1323 2915 1372 2948 ⁸⁸
1402 2915 1466 2969 τὸ
1497 2917 1542 2948 ⁵⁷
1567 2916 1674 2968 τῶν
1709 2915 1796 2988 [57
1814 2915 1905 2989 H.]

310 3005 537 3060 Σκυθῶν
566 3022 582 3038 ο
624 3007 706 3059 διδ
743 3008 839 3061 κα)⁸
869 3006 1088 3078 φεύγων
1142 3009 1367 3077 Δαρεῖος
1407 3006 1557 3076 διέϐη
1598 3010 1698 3070 τὰς
1741 3024 1910 3077 γεφυ-

317 3096 531 3167 ρὼσεις,
576 3097 675 3150 καὶ
701 3096 859 3150 ἔλυσε
905 3097 1152 3151 σπεύδων
1192 3099 1324 3169 πρὶν
1348 3100 1383 3169 ἢ
1418 3099 1480 3153 τὸ
1505 3099 1627 3152 ὅλον
1651 3096 1909 3169 διαϐῆναι

318 3182 665 3257 στράτευμα.
699 3188 810 3241 Καὶ
841 3187 1114 3241 ἀπέθανον
1149 3188 1256 3241 ὑπὸ
1297 3188 1629 3259 Σκυθάρϐεω
1652 3189 1698 3221 ⁵⁸
1727 3190 1777 3241 οἱ
1810 3206 1910 3242 κα-

2004 2373 2337 2443 Masageten,
2380 2386 2540 2440 quem
2583 2370 2654 2424 ob
2703 2368 2855 2423 illata
2892 2367 3033 2421 mala
3068 2369 3120 2419 in
3148 2364 3359 2419 vincula
3398 2378 3427 2417 a
3458 2377 3584 2432 rege

2005 2464 2174 2519 fratre
2190 2464 2492 2533 conjectum
2525 2461 2747 2531 reperit.
2777 2460 2915 2528 Ergo
2937 2458 3260 2527 Scytbarces
3284 2456 3421 2527 (89),
3445 2454 3583 2524 Scy-

2009 2556 2222 2611 tharum
2257 2570 2370 2620 rex,
2409 2554 2741 2621 indignatus,
2767 2550 3109 2607 contumeliis
3151 2549 3337 2619 plenas
3377 2547 3441 2601 ad
3475 2546 3585 2600 Da-

2008 2649 2145 2703 rium
2195 2647 2404 2702 litteras
2445 2645 2699 2714 scripsit;
2740 2652 2795 2699 et
2854 2642 3020 2698 simili
3061 2645 3127 2695 ad
3192 2643 3364 2710 ipsum
3425 2640 3585 2694 modo

2006 2739 2328 2809 rescriptum
2363 2746 2469 2792 est.
2511 2726 2705 2791 Darius
2731 2734 2944 2790 tandem
2974 2734 3407 2803 octingentorum
3462 2730 3585 2784 mil-

2007 2831 2136 2887 lium
2169 2840 2355 2885 coacto
2409 2829 2689 2894 exercitu,
2744 2836 2800 2882 et
2847 2827 3087 2897 Bosporo
3130 2823 3383 2894 lstroque
3417 2834 3584 2894 ponte

2011 2921 2325 2984 constratis,
2359 2922 2619 2975 adversus
2647 2918 2881 2991 Scythas
2901 2918 3213 2989 quindecim
3246 2917 3455 2972 dierqu
3488 2916 3581 2970 iti-

2010 3029 2138 3069 nere
2166 3028 2483 3083 progressus
2530 2998 2631 3068 est.
2665 3011 2729 3067 Hi
2767 3026 2926 3066 arcus
2953 3010 3065 3082 (90)
3115 3010 3218 3064 sibi
3253 3019 3437 3063 mutuo
3492 3008 3587 3061 rui-

2009 3112 2217 3159 serunt.
2251 3104 2358 3159 Sed
2403 3119 2526 3159 cum
2561 3104 2848 3175 Scythicus
2882 3102 3109 3155 validior
3134 3116 3253 3156 esse
3282 3099 3582 3170 deprehen-

2011 3199 2249 3260 deretur,
2281 3195 2492 3265 fugiens
2520 3209 2617 3265 per
2643 3202 2837 3263 pontes
2869 3192 3083 3256 Darius,
3118 3190 3441 3246 festinanter
3466 3201 3582 3253 eos,

319 3277 707 3348 ταλειφθέντες
745 3280 804 3333 ἐν
824 3283 891 3350 τῇ
926 3278 1167 3351 Εὐρώπῃ
1206 3281 1468 3351 μυριάδες
1494 3280 1657 3334 ὀκτώ.
1685 3283 1908 3351 Δαρεῖος

2011 3295 2299 3355 antequam
2375 3294 2519 3340 totus
2584 3284 2894 3339 transiisset
2952 3284 3249 3346 exercitus,
3312 3279 3581 3335 dissolvit.

319 3367 374 3422 δέ
414 3369 517 3441 τὴν
558 3370 813 3442 γέφυραν
864 3370 1061 3435 διαϐὰς
1106 3370 1492 3441 Χαλκηδονίων
1516 3372 1563 3405 ⁵⁸
1591 3370 1770 3436 οἰκίας
1815 3372 1911 3425 καὶ

324 3460 440 3532 ἱερά
468 3461 803 3533 ἐνέπρησεν,
838 3463 962 3515 ἐπεὶ
988 3462 1088 3527 τὰς
1124 3462 1261 3534 πρὸς
1300 3462 1485 3526 αὐτοῖς
1508 3463 1751 3532 γεφύρας
1779 3462 1911 3533 ἐμε-

320 3549 556 3622 λέτησαν
611 3551 797 3618 λῦσαι,
850 3553 946 3607 καὶ
1001 3554 1084 3607 ὅτι
1138 3553 1231 3606 τὸν
1278 3551 1482 3623 βωμὸν,
1532 3552 1592 3606 ὃν
1649 3552 1834 3622 περῶν
1866 3553 1911 3585 ⁶⁰

321 3646 542 3715 Δαρεῖος
605 3645 870 3700 κατέθετο
919 3646 1008 3700 ἐπ’
1056 3646 1284 3716 ὀνόματι
1346 3646 1702 3717 διαϐατηρίου
1752 3647 1908 3712 Διὸς,

322 3735 615 3804 ἠφάνισαν.
659 3738 822 3801 Δᾶτις
844 3737 900 3791 δὲ
933 3735 1173 3792 ἐπανιὼν
1207 3740 1273 3792 ἐκ
1300 3739 1507 3792 Πόντου
1542 3738 1759 3792 καὶτοῦ
1792 3740 1914 3810 Μη-

323 3824 469 3880 δικοῦ
498 3829 544 3860 ⁶¹
581 3826 776 3882 στόλου
820 3825 1128 3900 ἡγούμενος
1164 3828 1392 3899 ἐπόρθει
1434 3829 1633 3898 νήσους
1681 3827 1778 3881 καὶ¹
1813 3828 1913 3896 τὴν

332 3914 580 3970 Ἐλλάδα.
624 3914 723 3969 Ἐν
757 3917 1058 3988 Μαραθῶνι
1112 3917 1169 3971 δὲ
1216 3917 1516 3988 Μιλτιάδης
1568 3918 1910 3983 ὑπαντιάζει,

326 4007 416 4059 καὶ
437 4010 571 4079 νικᾷ
601 4007 734 4070 τοὺς
769 4008 1101 4080 βαρϐάρους,
1134 4008 1234 4063 καὶ
1266 4009 1455 4062 πίπτει
1489 4010 1585 4063 καὶ
1615 4009 1777 4072 αὐτὸς
1800 4010 1909 4062 Δᾶ-

324 4114 402 4162 τις
422 4116 437 4131 ο
485 4102 584 4154 καὶ
607 4099 732 4154 οὐδὲ
767 4101 829 4153 τὸ
856 4101 1017 4172 σῶμα
1046 4102 1288 4172 Πέρσαις
1310 4102 1701 4172 αἰτησαμένοις
1731 4101 1909 4169 ἐδόθη.

326 4191 553 4261 Δαρεῖος
600 4191 661 4244 δὲ
709 4192 1019 4246 ἐπανελθὼν
1052 4194 1134 4255 είς
1186 4194 1402 4259 Πέρσας
1458 4193 1552 4246 καὶ
1606 4191 1774 4254 θύσας
1820 4195 1915 4245 καὶ

327 4281 539 4353 ἡμέρας
581 4284 823 4355 νοσήσας
845 4284 889 4337 λ’
927 4284 1180 4356 τελευτᾷ,
1226 4283 1399 4355 ζήσας
1454 4283 1553 4354 μὲν
1608 4283 1705 4353 ἐτη
1739 4283 1815 4353 οβ’
1844 4284 1913 4347 ⁸⁸,

332 4371 657 4444 βασιλεύσας
682 4375 741 4429 δὲ
764 4375 857 4448 ἐτη
882 4376 986 4431 λα’.
1028 4375 1293 4431 ’Δπέθανε
1329 4375 1388 4429 δὲ
1420 4375 1519 4430 καὶ
1552 4376 1911 4446 Ἀρτασύρας.

332 4467 436 4522 Καὶ
456 4471 486 4524 ὁ
514 4471 859 4543 Βαγαπάτης
895 4471 953 4524 δὲ
977 4470 1039 4525 τὸ
1080 4470 1233 4542 σῆμα
1262 4470 1491 4543 Δαρείου
1522 4470 1914 4541 παρακαθίσας

335 4557 424 4631 ἔτη
454 4562 500 4627 ζ’
523 4562 873 4632 ἐτελεύτησε.

2014 3374 2127 3441 Qua
2177 3390 2236 3430 re
2280 3373 2484 3429 factum
2539 3383 2644 3439 est,
2700 3382 2757 3427 ut
2809 3372 2906 3441 qui
2956 3370 3150 3440 reliqui
3208 3370 3274 3423 ad
3306 3368 3583 3436 octoginta

2014 3467 2182 3523 millia
2221 3467 2274 3521 in
2320 3464 2536 3534 Europa
2586 3464 2759 3519 relicti
2789 3473 2970 3527 erant,
3000 3478 3030 3516 a
3064 3460 3361 3531 Scytharce
3392 3472 3585 3511 names

2014 3556 2281 3613 interfecti
2318 3556 2535 3611 fuerint.
2570 3554 2761 3608 Darius
2784 3561 2991 3617 autem,
3035 3563 3201 3623 ponte
3238 3549 3583 3614 transmisso,

2013 3649 2242 3703 flammis
2313 3646 2834 3701 Cbalcedoneusium
2896 3647 3085 3699 domos
3164 3652 3327 3713 atque
3390 3640 3584 3709 templa

2013 3738 2351 3794 combussit:
2394 3746 2507 3792 tum
2556 3738 2700 3808 quod
2742 3753 2836 3793 eos
2893 3738 2985 3806 qui
3027 3735 3169 3804 apud
3215 3735 3362 3804 ipsos
3392 3741 3586 3802 pontes

2012 3838 2189 3894 erant,
2247 3828 2557 3883 rescindere
2615 3837 2914 3882 tentassent
2967 3844 2982 3883 :
3035 3840 3144 3882 tum
3205 3826 3351 3894 quod
3408 3839 3585 3886 aram.

2013 3935 2174 3991 quam
2234 3921 2353 3991 ipse
2394 3919 2806 3984 transmittens,
2847 3918 2902 3973 iu
2959 3917 3109 3973 Jovis
3148 3916 3435 3970 Diabaterii
3472 3913 3586 3984 (9|)

2014 4012 2275 4067 honorem
2310 4021 2601 4075 statuerat,
2655 4011 2730 4065 illi
2784 4012 3132 4066 evertissent.
3187 4009 3336 4063 Datis
3366 4021 3586 4062 veroex

2015 4103 2186 4159 Ponto
2217 4113 2518 4167 revertens,
2542 4112 2600 4157 ut
2630 4102 2869 4157 Pontica:
2903 4111 3131 4171 praeerat
3158 4101 3339 4165 classi,
3382 4101 3589 4156 insulas

2016 4196 2214 4263 passim
2253 4193 2631 4264 Graeciamque
2664 4194 2929 4249 vastabat.
2964 4193 3098 4248 llnic
3138 4196 3279 4263 apud
3307 4193 3582 4247 Maratho-

2016 4303 2137 4342 nem
2178 4286 2293 4358 (92)
2329 4286 2600 4341 Miltiades
2632 4302 2927 4342 occurrens
2961 4287 3229 4344 Barbaros
3272 4288 3423 4352 vicit,
3469 4287 3587 4357 ipso

2015 4378 2176 4432 etiam
2210 4378 2570 4432 occumbente
2620 4376 2776 4442 Date,
2829 4376 2984 4445 cujus
3009 4376 3091 4429 vel
3126 4378 3360 4431 cadaver
3394 4383 3583 4443 peten-

2017 4467 2160 4521 tibus
2186 4465 2367 4520 Persis
2396 4466 2718 4535 denegatum
2761 4474 2866 4517 est.
2899 4463 3093 4516 Darius
3123 4476 3341 4531 quoque
3359 4463 3426 4512 ad
3458 4459 3587 4513 Per-

2016 4575 2107 4615 sas
2140 4573 2409 4622 reversus,
2440 4567 2562 4628 post
2591 4557 2772 4611 oblata
2809 4556 3101 4621 sacrificia,
3147 4566 3202 4609 et
3231 4556 3439 4610 dierum
3490 4556 3586 4608 tri-

336 4653 478 4719 ginta
553 4659 843 4724 morbum,
901 4658 1015 4712 vita
1086 4656 1304 4713 functus
1370 4667 1491 4725 est,
1557 4673 1679 4714 cum
1744 4672 1916 4712 annos
1950 4656 2179 4711 vixisset
2243 4668 2437 4718 Lxxtr,
2507 4662 2630 4723 post
2693 4666 2919 4722 regnum
2972 4652 3175 4706 aditqu
3242 4651 3463 4721 triginta
3532 4661 3586 4704 et

1617 4775 1856 4833 VARIA'J
1893 4771 2307 4832 LECTIONES.

439 4895 482 4965 '_‘
522 4894 740 4965 πρῶτον
770 4912 831 4959 ς.
906 4896 954 4930 υ
985 4895 1138 4965 ὄφεις
1164 4910 1274 4949 om.
1307 4910 1391 4960 pr-
1426 4894 1490 4947 Αο
1567 4893 1614 4925 ⁸³
1659 4894 1940 4964 Ἀρεάμμη
1968 4912 2027 4957 ς·

340 4963 506 5031 pnA.
566 4963 618 5035 ξτ
648 4965 710 5017 τὺ
754 4981 895 5035 om._
922 4966 989 5020 Α.
1029 4963 1038 4965 ’
1064 4965 1111 4997 ³⁸
1144 4966 1441 5035 Σκυθάρων
1472 4982 1531 5028 ς.

342 5032 592 5088 ποντικοῦ
624 5053 683 5100 ς’.
760 5036 821 5065 η
841 5033 917 5104 οβ’
949 5040 997 5091 Α
1028 5052 1043 5089 :
1073 5034 1138 5102 ιβ’
1166 5036 1275 5106 πρὸ
1301 5032 1398 5089 τοῦ
1430 5032 1849 5104 βασιλεῦσαις.

1608 4964 1653 4995 ³⁹
1684 4981 1754 5016 κα
1763 4965 1954 5033 ρχηδον
1962 4966 2055 5017 ίων
2096 4981 2158 5028 ς.

2106 4893 2154 4926 ⁸⁸
2180 4892 2519 4973 Μασαγέτην
2548 4911 2607 4973 ς.
2651 4895 2696 4926 ⁸⁵
2731 4895 3051 4973 Σκυθαρκης
3084 4916 3182 4973 g.“
3296 4897 3340 4973 δ]
3371 4893 3582 4973 ἦνηοιιι.

2237 4963 2283 4994 ⁸⁸⁵
2308 4964 2493 5033 περῶν
2549 4966 2593 5016 Α
2624 4983 2640 5021 :
2688 4963 2941 5038 περσῶνλ
2977 4963 3039 5033 ς.
3143 4969 3185 5001 ⁶¹
3217 4963 3463 5038 Μηδικοῦ
3491 4971 3533 5020 Α
3569 4991 3581 5023 :

1881 5144 2107 5201 NOTAE.

467 5268 521 5335 7)
558 5265 863 5323 Herodotus
897 5265 991 5319 lib.
1021 5279 1105 5329 ιιι,
1128 5273 1185 5318 et
1210 5264 1491 5334 Agathias,
1516 5263 1610 5319 lib.
1641 5279 1704 5317 ιι.

433 5330 522 5406 88)
561 5337 704 5405 Lege
738 5335 1094 5406 Persepoleos
1140 5330 1294 5406 δι’ςίᾇῄ
1311 5335 1734 5406 descriptionem
1757 5330 1909 5406 apud

346 5401 561 5462 “ludor.
608 5401 780 5463 Sicul.
836 5401 931 5459 lib.
988 5419 1099 5457 XVII
1154 5402 1411 5467 Biblioth,
1475 5404 1562 5457 ubi
1628 5401 1908 5471 βασιλικὸν

349 5477 479 5547 ὅρος,
522 5477 665 5547 hunc
722 5476 1151 5547 locumuvoeat.
1225 5472 1563 5547 Potentiores
1612 5470 1791 5526 autem
1860 5470 1913 5547 iu

354 5540 615 5601 uiou'tibus
645 5545 758 5602 fere
792 5543 1008 5613 sepeliri
1031 5543 1240 5609 solitos,
1288 5544 1454 5598 multa
1480 5552 1728 5597 veterum
1779 5540 1913 5595 scri-

356 5628 554 5685 ptorum
576 5612 887 5685 testimonia
921 5612 1137 5685 docent.

340 5679 368 5759 ξ
422 5686 531 5759 (89)
559 5682 1122 5759 {ancyramnolniuat
1152 5679 1349 5738 Justin.
1381 5682 1477 5759 lib.
1506 5696 1604 5759 Ill.

428 5751 531 5824 (90)
567 5757 637 5811 De
664 5751 790 5813 arcu
830 5755 897 5811 ab
918 5751 1231 5824 Ethiopum
1262 5765 1386 5823 rege
1407 5752 1485 5809 sic
1515 5754 1582 5808 ad
1609 5752 1906 5824 Cambysen

1944 5264 1997 5323 D
2026 5266 2215 5337 misso.
2247 5266 2364 5337 lege
2390 5265 2592 5320 Herod.
2627 5267 2722 5322 lib.
2764 5283 2847 5333 ru,
2885 5266 3160 5337 postginlt.

2095 5336 2205 5405 (91)
2238 5335 2488 5391 δοιοιιιιιο
2508 5335 2974 5408 quippegentilius
3005 5335 3407 5408 fuit,,t_ransitus
3422 5348 3583 5408 causa

2023 5403 2127 5459 diis
2181 5403 2539 5475 sacrificare.‘
2573 5403 2663 5461 Sic
2708 5403 2921 5461 Eucull.
2977 5407 3118 5475 apud
3148 5403 3292 5459 Plut.
3323 5406 3586 5474 Euphrati

2022 5491 2235 5531 taurum
2272 5474 2420 5530 fecit.

2087 5547 2198 5618 (92)
2233 5544 2570 5618 Marathonia
2598 5544 2956 5618 pugnaJnihil
2986 5560 3224 5614 unquam
3254 5545 3583 5618 celebratum

2020 5612 2591 5689 magis,500ad_eam
2620 5612 3030 5689 describendam
3080 5612 3362 5689 occuparis
3397 5619 3585 5678 αοειο-

2020 5684 2135 5742 rum
2171 5688 2419 5758 ingeniis,
2456 5684 2748 5739 Plutarcho
2780 5694 2940 5740 teste.
