3980 6234
271 344 371 409 185

1399 322 2002 421 ΒιΒιῐοῚἮΕεΑεο-
2024 362 2188 423 COD.
2229 363 2469 424 unm.

3412 363 3511 428 186

268 463 345 534 μὴ
372 461 799 532 κυκλωθείησαν.
818 462 982 533 Ἦγου
991 464 1166 535 μένων
1194 465 1251 520 δὲ
1280 468 1386 520 τῶν
1414 469 1509 521 δύο
1534 472 1836 541 Τραχινίων

1958 474 2317 531 :beniensiunt
2338 479 2608 550 principes
2624 477 2897 536 Call-iades
2918 486 3083 547 atque
3103 475 3523 548 Timaphernes,

265 554 357 608 διὰ
392 554 659 609 δυσϐάτου
686 556 912 626 στρατὸς
948 559 1215 627 Περσικὸς
1239 561 1540 632 διελήλυθε,
1586 566 1847 634 μυριάδες

262 646 551 717 τέσσαρες,
578 646 674 700 καὶ
703 648 845 703 κατὰ
883 648 1051 703 νώτου
1088 650 1327 717 γίνονται
1367 653 1475 706 τῶν
1508 656 1848 726 Λακεδαιμο-

262 738 418 792 νίωνδ
453 743 547 792 καὶ
571 740 942 805 κυκλωθέντες
969 743 1239 798 ἀπέθανον
1270 747 1567 818 μαχόμενοι
1590 750 1848 821 ἀνδρείως

261 829 518 895 ἅπαντες.
552 829 759 902 Ξέρξης
796 832 852 884 δὲ
891 833 1051 885 πάλιν
1092 835 1410 907 στράτευμα
1462 839 1668 909 πέμπει
1706 840 1847 893 κατὰ

262 920 603 988 Πλαταιέων,
643 924 910 994 μυριάδας
942 924 1028 994 ιβ’,
1058 925 1366 996 ἡγούμενον
1402 929 1446 960 ⁷⁸
1477 929 1662 989 αὐτοῖς
1686 930 1846 999 Μαρ-

261 1013 435 1069 δόνιον
480 1019 819 1087 ἐπιστήσαςο
875 1017 1101 1086 Θηϐαῖοι
1152 1018 1196 1073 δ’
1242 1015 1383 1091 ἦσαν
1435 1022 1483 1074 οί
1513 1021 1651 1074 κατὰ
1698 1021 1844 1075 Πλα-

258 1109 462 1161 ταιέων
519 1109 611 1162 τὸν
670 1107 874 1179 Ξέρξην
936 1109 1236 1173 κινοῦντες.
1301 1111 1735 1182 Ἀντιστρατεύει
1787 1112 1846 1167 δὲ

259 1200 578 1263 Παυσανίας
626 1201 655 1254 6
682 1200 1129 1269 Λακεδαιμόνιος,
1176 1202 1523 1271 τριακοσίους
1574 1204 1671 1273 μὲν
1704 1203 1847 1275 ἔχων

258 1291 634 1361 Σπαρτιήτας,
684 1291 889 1362 χιλίους
923 1291 979 1344 δὲ
1028 1292 1137 1346 τῶν
1169 1294 1484 1364 περιοίκων,
1534 1295 1600 1348 ἐκ
1647 1294 1702 1347 δὲ
1741 1294 1848 1349 τῶν

256 1382 437 1437 ἄλλων
469 1383 679 1437 πόλεων
705 1384 948 1454 χιλιάδας
969 1385 1013 1416 ⁷⁷
1044 1383 1107 1449 ἒξ
1126 1400 1140 1416 ⁸
1175 1384 1268 1438 καὶ
1290 1386 1506 1438 νικᾶται
1542 1386 1681 1438 κατὰ
1711 1385 1847 1455 κρά-

255 1493 351 1537 τος
380 1479 413 1546 ή
446 1476 695 1547 Περσικὴ
751 1479 995 1547 στρατιὰ,
1036 1477 1131 1531 καὶ
1181 1479 1373 1547 φεύγει
1420 1478 1849 1549 τραυματισθείς

256 1568 358 1621 καὶ
402 1568 725 1640 Μαρδόνιος.
759 1563 926 1634 Οὗτος
955 1572 983 1623 6
1028 1569 1330 1641 Μαρδόνιος
1360 1570 1639 1639 πέμπεται
1678 1572 1837 1643 συλῆ-

256 1678 353 1714 σαι
396 1663 463 1714 τὸ
507 1662 601 1715 τοῦ
637 1663 969 1727 Ἀπόλλωνος
1022 1663 1165 1732 ἱερὸν
1206 1662 1359 1733 παρὰ
1403 1662 1629 1734 Ξέρξου,
1662 1666 1847 1729 κάκεῖ,

1948 582 2069 622 cum
2112 568 2355 623 exercitu
2404 571 2651 626 aderant.
2698 570 2788 626 llis
2830 568 3038 625 Xerxes
3083 569 3149 624 ad
3206 583 3266 625 se
3286 570 3522 634 vocalis,

1946 677 2160 732 unaque
2198 663 2508 728 Demarato,
2538 676 2591 720 et
2637 664 2800 735 llegia
2834 664 3090 733 Ephesio,
3125 663 3276 721 nulla
3312 664 3524 720 ratione

1947 754 2090 808 vinci
2126 771 2288 825 posse
2344 756 2782 813 Lacedaemonios
2834 756 3120 825 intellexit,
3177 757 3279 812 nisi
3353 758 3523 825 copiis

1948 845 2109 899 cincti
2180 847 2230 899 in
2284 848 2468 901 orbein
2526 864 2765 917 pugnare
2816 858 3102 917 cogantur.
3154 848 3523 917 Quadraginta

1946 950 2075 1004 ergo
2139 936 2428 993 Persarum
2493 940 2685 1002 millia,
2744 939 2975 993 ducibus
3028 936 3526 993 Tracbenicnsibus

1942 1027 2055 1087 illis
2084 1029 2317 1095 duobus,
2375 1046 2467 1098 per
2505 1030 2650 1084 invia
2686 1029 3035 1097 transgressi,
3079 1044 3108 1083 a
3162 1039 3313 1096 tergo
3359 1028 3526 1082 Lace-

1949 1118 2241 1177 d:emonios
2290 1119 2631 1183 adoriuntur,
2689 1118 2779 1187 qui
2832 1118 2933 1171 boc
2978 1126 3137 1187 pacto
3181 1114 3523 1177 circumdati,

1948 1209 2165 1269 fortiter
2223 1218 2523 1281 pugnantes
2573 1209 2639 1263 ad
2710 1224 2875 1263 unum
2945 1224 3134 1263 omnes
3193 1207 3521 1262 occubuere.

1948 1299 2109 1359 Mittit
2134 1316 2320 1355 rursus
2336 1299 2632 1352 exercitum
2660 1297 2869 1355 Xerxes
2904 1297 3167 1353 adversus
3200 1293 3527 1351 Plataeenses

1946 1403 2163 1447 centum
2200 1401 2253 1444 et
2327 1389 2468 1460 39b
2521 1389 2709 1459 viginti
2738 1388 2989 1453 millium,
3047 1389 3184 1443 duce
3221 1386 3523 1440 Mardonio.

1950 1480 2190 1537 Thebani
2229 1490 2410 1535 autem
2472 1496 2656 1547 regem
2691 1480 2744 1533 in
2790 1478 3116 1535 Platreenses
3156 1480 3523 1533 concitabant.

1948 1572 2227 1631 Mardonio
2261 1572 2497 1626 occurrit
2534 1572 2830 1627 Pausanias
2867 1570 3340 1636 Lacedaemonius,
3371 1568 3529 1639 Spar-

1949 1675 2103 1721 tanos
2134 1682 2239 1719 non
2276 1666 2374 1718 nisi
2406 1674 2697 1728 trecentos,
2746 1665 2959 1720 accolas
3007 1664 3175 1728 mille,
3230 1672 3285 1717 et
3312 1678 3375 1716 ex
3405 1662 3526 1716 aliis

255 1753 420 1825 φησὶ,
452 1752 678 1824 θνήσκει
709 1754 950 1825 χαλάζης
991 1754 1371 1823 ἐπιπεσούσης
1393 1757 1651 1825 παχείας·
1685 1757 1772 1826 ἐφ’
1803 1753 1848 1826 ᾧ

1958 1756 2173 1811 urbibus
2208 1758 2273 1809 ad
2320 1771 2411 1811 sex
2465 1755 2628 1808 millia
2674 1771 2858 1809 set-um
2910 1757 3133 1809 ducens.
3191 1750 3266 1807 lbi
3303 1751 3525 1808 Persico

251 1823 379 1896 λίαν
401 1823 615 1915 Ξέρξης
647 1823 914 1917 ἐλυπήθη.
948 1845 1155 1915 Ξέρξης
1186 1846 1240 1899 δὲ
1283 1846 1373 1900 ἐπ’
1401 1823 1576 1910 αὑτὰς
1619 1823 1848 1918 Ἀθήνας

1958 1849 2188 1902 exercitu
2234 1857 2508 1917 superato,
2566 1846 2875 1900 Mardonius
2934 1846 3251 1901 vulneratus
3298 1844 3523 1912 aufugit.

252 1934 507 1997 ἐλαύνει,
561 1938 658 1988 καὶ
719 1935 991 2007 Ἀθηναῖοι
1036 1935 1426 2011 πληρώσαντες
1468 1938 1662 1992 ἑκατὸν
1717 1939 1848 1993 δέκα

250 2026 516 2097 τριήρεις
565 2027 858 2095 φεύγουσιν
905 2030 983 2093 εἰς
1036 2028 1335 2098 Σαλαμῖνα.
1362 2031 1472 2083 Καὶ
1516 2028 1723 2101 Ξέρξης
1752 2032 1849 2103 τὴν

253 2116 417 2169 πόλιν
450 2116 614 2187 κενὴν
644 2119 790 2188 αἱρεῖ
826 2119 919 2172 καὶ
952 2118 1261 2191 ἐμπίπρησι
1291 2120 1355 2185 ⁷⁸,
1392 2120 1531 2189 πλὴν
1560 2122 1656 2192 τῆς
1678 2124 1847 2191 ἀκρος

252 2206 505 2270 πόλεως’
538 2208 597 2258 ὲν
644 2208 781 2279 αὐτῇ
826 2209 931 2278 γὰρ
963 2207 1044 2261 ἔτι
1072 2208 1217 2274 τινὲς
1260 2209 1678 2279 ὑπολειφθέντες
1708 2212 1848 2281 ἐμά-

252 2315 439 2367 χοντο.
508 2298 679 2361 Τέλος
728 2301 997 2353 κάκείνων
1049 2301 1206 2357 νυκτὶ
1260 2301 1540 2371 φυγόντων
1589 2302 1849 2372 κάκείνην

254 2388 599 2459 συνέφλεξαν
624 2392 693 2445 ’⁸.
732 2393 792 2444 Ὀ
811 2391 868 2445 δὲ
900 2391 1109 2463 Ξέρξης
1140 2392 1363 2446 αὐτόθεν
1403 2392 1572 2446 ἐλθὼν
1594 2394 1688 2446 ἐπὶ
1709 2411 1848 2447 στει-

251 2481 485 2534 νότατον
521 2482 570 2513 ⁸⁸
623 2482 723 2565 τῆς
784 2483 1038 2553 Ἀττικῆς
1067 2483 1425 2556 (Ἡράκλειον
1469 2484 1513 2516 ⁸³
1555 2485 1846 2555 καλεῖται),

252 2570 499 2641 ἐχώννυε
542 2574 705 2644 χῶμα
747 2575 837 2627 ἐπὶ
885 2576 1185 2646 Σαλαμῖνα,
1218 2577 1356 2648 πεζῇ
1408 2577 1494 2631 ἐπ’
1526 2579 1698 2649 αὐτὴν
1731 2577 1850 2630 δια-

256 2663 425 2727 ϐῆναι
468 2664 875 2735 διανοούμενος.
928 2667 1099 2738 Βουλῇ
1126 2668 1184 2721 δὲ
1228 2669 1661 2737 Θεμιστοκλέους
1690 2669 1852 2739 Ἀθη-

253 2754 410 2807 ναίου
436 2756 532 2809 καὶ
561 2756 893 2827 ’Δριστείδου
920 2758 1136 2823 τοξόται
1164 2759 1263 2829 μὲν
1284 2760 1393 2812 ἀπὸ
1423 2762 1651 2832 Κρήτης
1683 2777 1853 2831 προσ-

256 2845 563 2901 καλοῦνται
596 2850 693 2902 καὶ
724 2851 1137 2923 παραγίνονται,
1170 2846 1293 2905 εἶτα
1320 2852 1599 2921 ναυμαχία
1628 2851 1853 2923 Περσῶν

256 2940 354 2991 καὶ
381 2938 655 3010 Ἐλλήνων
676 2940 906 3008 γίνεται,
934 2942 1160 3013 Περσῶν
1180 2943 1279 3015 μὲν
1309 2943 1438 3007 ναῦς
1463 2944 1692 3014 ἑχόντων
1713 2944 1853 3014 ὑπὲρ

255 3031 359 3093 τας
395 3030 603 3101 χιλίας,
637 3033 1067 3104 στρατηγοῦντος
1106 3036 1289 3098 αὐτοῖς
1326 3036 1544 3105 Ὀνόφα,
1587 3034 1854 3106 Ἐλλήνων

1950 1938 2097 1993 ldem
2129 1939 2215 1993 bic
2232 1938 2552 1994 Mardonius
2591 1939 2655 1991 ad
2679 1937 3037 2007 diripiendum
3072 1935 3332 2005 Apollinis
3358 1936 3526 1997 aedem

1950 2048 1978 2084 a
2011 2030 2187 2087 Xerxe
2222 2033 2440 2094 missus,
2483 2030 2684 2099 ingenti
2713 2044 3007 2098 Oppressus
3037 2028 3300 2099 grandine
3355 2027 3526 2080 inter-

1950 2125 2061 2189 riit,
2092 2139 2285 2193 magno
2317 2123 2607 2178 admodum
2666 2122 2808 2191 regis
2845 2122 3049 2176 dolore.
3092 2119 3303 2178 Xerxes
3330 2118 3529 2174 deinde

1947 2216 2187 2273 Athenas
2218 2216 2362 2284 ipsas
2403 2214 2536 2283 petit
2563 2230 2682 2267 cum
2719 2212 2978 2266 exercitu.
3012 2212 3209 2265 Verum
3231 2210 3530 2265 Athenien-

1950 2322 2061 2370 ses.
2098 2317 2317 2361 centum
2352 2315 2407 2360 et
2442 2306 2625 2359 decem
2657 2304 2971 2358 triremibus
3000 2302 3305 2366 instructis,
3330 2303 3394 2357 ad
3429 2301 3529 2354 Sa-

1951 2399 2206 2455 laminam
2241 2398 2473 2453 insulam
2529 2397 2802 2467 fugcrunt.
2839 2394 3038 2450 Urbem
3078 2396 3262 2465 itaque
3304 2409 3528 2448 vacuam

1950 2506 2072 2543 cum
2109 2489 2367 2556 cepisset,
2400 2488 2674 2553 incendit;
2711 2496 2908 2555 praeter
2949 2486 3119 2540 solam
3138 2501 3344 2548 arcem,
3368 2499 3529 2555 quam

1951 2579 2159 2649 aliquot
2194 2580 2371 2633 adhuc
2425 2577 2496 2631 ibi
2532 2577 2707 2631 relicti
2767 2577 3203 2646 propugnabant.
3257 2575 3361 2630 Sed
3406 2590 3531 2630 cum

1954 2670 2167 2723 tandem
2198 2679 2252 2724 et
2284 2668 2336 2723 bi
2375 2678 2532 2724 noctu
2583 2667 2868 2737 fugissent,
2901 2668 3065 2721 etiam
3117 2666 3265 2721 illam
3296 2667 3526 2723 exussit.

1957 2760 2071 2816 Rex
2113 2762 2238 2817 inde
2299 2761 2365 2816 ad
2404 2762 2851 2830 angustissimum
2903 2760 3095 2816 Attica:
3132 2758 3331 2821 locum,
3375 2773 3533 2827 quem

1956 2852 2281 2909 Heracleum
2327 2854 2623 2925 appellant,
2666 2852 2967 2922 profectus,
3028 2866 3278 2922 aggerem
3306 2850 3536 2905 Salami-

1955 2962 2080 3001 nam
2116 2961 2304 3001 versus
2331 2947 2530 3001 ducere
2567 2946 2753 3013 capit,
2783 2958 2848 3000 eo
2886 2944 3136 3008 consilio,
3184 2953 3243 2998 ut
3288 2942 3527 3012 pedestri

1955 3041 2023 3096 ad
2057 3039 2285 3095 insulam
2319 3040 2513 3093 itinere
2546 3038 2786 3093 transire
2809 3037 3102 3108 aliquando
3129 3037 3320 3106 possit.
3372 3036 3442 3090 At
3469 3049 3533 3090 ex

256 3122 314 3177 δὲ
358 3124 722 3188 ἑπτακοσίας.
782 3127 896 3181 Καὶ
949 3126 1176 3181 νικῶσιν
1239 3127 1523 3198 Ἕλληνες,
1589 3128 1683 3182 καὶ
1735 3128 1851 3181 δια-

1959 3131 2343 3187 Themistoclis
2371 3131 2722 3187 Atheniensis
2773 3140 2824 3184 et
2862 3130 3114 3185 Aristide:
3163 3127 3393 3185 consilio
3443 3144 3536 3183 sa-

260 3215 585 3285 φθείρονται
620 3218 887 3289 Περσικαὶ
932 3220 1287 3273 πεντακόσιαι
1333 3219 1484 3289 νῆες,
1525 3219 1620 3273 καὶ
1660 3218 1851 3288 φεύγει

1958 3223 2159 3295 gittarii
2203 3238 2268 3279 ex
2297 3222 2457 3278 Creta
2497 3232 2849 3279 accersuntur
2878 3233 2936 3276 et
2979 3221 3233 3287 veniunt;
3267 3219 3460 3274 deinde
3485 3226 3540 3273 et

262 3308 499 3379 Ξέρξης,
531 3308 696 3381 βουλῇ
739 3311 902 3365 πάλιν
942 3312 1037 3365 καὶ
1074 3311 1239 3383 τέχνῃ
1267 3312 1598 3383 ’Δριστείδου
1634 3314 1729 3366 καὶ
1756 3312 1856 3365 Θε-

264 3401 668 3470 μιστοοιλέους⁸
720 3404 779 3455 ὲν
830 3403 888 3456 δὲ
926 3405 1049 3466 ταῖς
1096 3403 1310 3467 λοιπαῖς
1357 3404 1602 3468 άπάσαις
1655 3405 1857 3474 μάχαις

264 3494 549 3548 ἀπέθανον
585 3494 811 3564 Περσῶν
855 3494 1061 3550 δώδεκα
1110 3497 1390 3568 μυριάδες.
1425 3494 1630 3567 Ξέρξης
1662 3497 1717 3550 δὲ
1758 3515 1857 3550 πε-

266 3588 442 3656 ράσας
489 3588 577 3649 είς
603 3585 703 3656 τὴν
744 3587 949 3653 Ἀσίαν,
980 3590 1070 3641 καὶ
1112 3587 1433 3643 ἀπελαύνων
1486 3591 1565 3651 εἰς
1610 3589 1853 3659 Σάρδεις,

265 3680 488 3749 ἔπεμπε
508 3677 835 3745 Μεγάὸυζον
856 3679 916 3732 τὸ
939 3682 996 3733 ὲν
1022 3680 1246 3749 Δελφοῖς
1274 3682 1418 3750 ἱερὸν
1445 3680 1673 3747 συλῆσαι
1690 3698 1703 3711 ο
1731 3680 1855 3732 ἐπεὶ

266 3769 322 3823 δὲ
364 3770 583 3830 ἐκεῖνος
629 3771 947 3840 παρῃτεῖτο,
990 3769 1381 3822 ἀποστέλλεται
1436 3768 1703 3830 Ματάκας
1736 3767 1780 3798 ⁸¹
1825 3768 1855 3821 6

268 3860 547 3932 εὐνοῦχος,
577 3859 766 3930 ὕϐρεις
804 3877 863 3913 τε
896 3862 1077 3931 φέρων
1097 3861 1177 3932 τῷ
1220 3859 1515 3915 Ἀπόλλωνι
1550 3860 1645 3912 καὶ
1680 3858 1855 3913 πάντα

270 3954 522 4022 συλήσων
550 3969 564 3981 ⁸
606 3954 704 4006 καὶ
748 3953 813 4024 δὴ
846 3952 989 4008 οὕτω
1022 3955 1258 4025 ποιήσας
1319 3953 1457 4024 πρὸς
1505 3950 1710 4023 Ξέρξην
1755 3951 1857 4005 ὑπο

272 4047 566 4119 ἔστρεφεν.

270 4144 355 4210 qui
428 4141 691 4210 templum
746 4142 1059 4209 Delphicum
1112 4142 1411 4210 diriperet;

268 4237 502 4307 Apollini
559 4237 851 4303 illaturus,
906 4239 1195 4308 omniaque
1261 4237 1598 4307 expilaturus
1658 4236 1949 4291 mittitur:

1959 3314 2134 3369 navali
2171 3329 2345 3383 pugna
2375 3312 2552 3369 Persa:
2587 3328 2710 3367 cum
2740 3313 2943 3368 Graecis
2967 3310 3409 3380 congrediuntur.
3432 3310 3539 3361 Dn-

1962 3406 2159 3459 cebant
2216 3405 2290 3458 illi
2364 3419 2530 3459 naves
2582 3419 2743 3473 supra
2806 3402 2977 3466 mille,
3036 3403 3233 3472 quibus
3285 3402 3541 3469 Onopbas

1962 3505 2217 3566 praeerat,
2250 3495 2302 3550 hi
2343 3495 2734 3564 septingentos.
2780 3491 3019 3547 Vincunt
3046 3502 3225 3547 tamen
3257 3490 3455 3551 Grazci.
3487 3500 3543 3544 et

1959 3586 2282 3654 quingentas
2341 3587 2520 3641 Persae
2580 3600 2743 3639 naves
2803 3584 3086 3638 amittunt.
3156 3584 3276 3653 Ipse
3327 3596 3542 3653 quoque

1960 3675 2173 3732 Xerxes
2202 3675 2429 3731 consilio
2484 3689 2674 3729 rursus
2697 3682 2754 3730 et
2784 3683 2903 3727 arte
2928 3673 3183 3728 Aristidis
3206 3684 3367 3741 atque
3397 3670 3542 3726 Tlte-

1962 3767 2247 3830 iniStoclis,
2273 3766 2450 3836 fugam
2474 3766 2691 3835 arripit,
2723 3765 3024 3821 interfectis
3040 3766 3105 3819 de
3125 3763 3345 3819 Persico
3371 3778 3543 3818 exer-

1960 3862 2091 3923 citu,
2144 3860 2397 3916 omnibus
2458 3859 2609 3913 hisce
2670 3858 2914 3928 prteliis“
2954 3872 3060 3911 non
3102 3857 3278 3911 minus
3324 3865 3541 3912 centum

1963 3951 2151 4020 viginti
2179 3951 2441 4007 millibus.
2490 3949 2625 4005 Cum
2674 3959 2857 4006 autem
2925 3948 2980 4004 in
3028 3948 3215 4002 Asiam
3256 3962 3348 4001 rex
3377 3945 3545 4014 traje-

1962 4045 2148 4109 cisset,
2202 4054 2255 4100 et
2280 4041 2483 4099 Sardes
2531 4050 2802 4113 pergeret,
2859 4040 3212 4112 Megabyzum
3275 4039 3543 4108 designat,

1505 4141 1602 4197 sed
1670 4139 1998 4197 detrectavit
2064 4139 2158 4194 ille
2213 4138 2465 4203 facinus;
2516 4153 2687 4208 quare
2722 4136 2961 4192 Matacas
2997 4136 3279 4191 eunuchus
3323 4135 3549 4202 injurias

2008 4237 2100 4304 qui
2134 4235 2397 4291 confectis
2432 4235 2505 4288 ita
2540 4234 2727 4297 rebus,
2768 4233 2835 4285 ad
2919 4246 3097 4302 regem
3140 4246 3391 4287 reversus
3442 4237 3547 4288 est.

333 4330 549 4401 Ξέρξης
570 4330 617 4363 ⁸³
642 4331 749 4385 ἀπὸ
778 4331 1096 4395 Βασυλῶνος
1113 4333 1193 4394 είς
1221 4332 1434 4402 Πέρσας
1459 4330 1851 4399 παραγίνεται,

2035 4332 2099 4384 In
2158 4329 2405 4383 Persiam
2455 4326 2673 4381 interim
2722 4322 2932 4378 Xerxes
2999 4323 3271 4393 Babylone
3330 4327 3552 4377 venerat

269 4424 359 4476 καὶ
390 4421 726 4490 Μεγάϐυζος
756 4422 899 4477 κατὰ
942 4424 1043 4494 τῆς
1072 4423 1332 4489 γυναικὸς
1365 4422 1461 4489 τῆς
1497 4420 1632 4483 ἰδίας
1674 4419 1845 4489 Ἀμύ-

266 4533 399 4581 τιος,
431 4515 469 4585 ἢ
498 4515 772 4584 θυγάτηρ,
795 4515 870 4579 ὡς
894 4516 1239 4585 προείρηται,
1277 4512 1479 4584 Ξέρξου
1537 4512 1861 4583 ἐτύγχανεν,

267 4607 339 4671 ὡς
402 4606 848 4676 μεμοιχευμένης
915 4606 1106 4673 λόγους
1149 4606 1341 4659 ἐκίνει.
1380 4606 1490 4659 Καὶ
1529 4605 1855 4674 ἐπιτιμᾶται

1974 4437 2098 4477 cum
2156 4420 2488 4491 Megabyzus
2541 4433 2767 4474 uxorem
2819 4432 2972 4472 suam
3025 4416 3247 4485 Amytin
3295 4415 3461 4483 (quae,
3494 4422 3552 4467 ut

1965 4514 2079 4585 jam
2109 4524 2270 4569 antea
2302 4514 2529 4575 dictum,
2568 4512 2763 4565 Xerxte
2805 4509 2912 4564 tilia
2955 4508 3096 4577 erat)
3140 4506 3388 4562 adulterii
3422 4505 3553 4559 insi-

1972 4608 2160 4671 mulat,
2190 4608 2539 4685 quamobrem
2571 4606 2657 4659 illa
2683 4604 2885 4658 acriter
2914 4617 2945 4656 a
2972 4611 3198 4671 parente
3260 4599 3553 4669 increpita,

282 4698 508 4767 Ἀμύτις
555 4697 737 4766 λόγοις
795 4698 903 4751 ὑπὸ
965 4697 1061 4751 τοῦ
1117 4697 1346 4769 πατρὸς,
1379 4698 1475 4750 καὶ
1520 4698 1851 4766 ὑπισχνεῖται

1968 4701 2199 4770 spondet
2228 4714 2289 4754 se
2321 4708 2531 4754 castam
2572 4712 2716 4755 esse.

272 4792 599 4859 σωφρονεῖν.

351 4880 766 4952 Ἀρτάπανος⁸⁸
810 4880 868 4934 δὲ
922 4880 1067 4949 μέγα
1123 4880 1277 4951 παρὰ
1326 4879 1502 4952 Ξέρξῃ
1556 4881 1853 4949 δυνάμενος

2037 4877 2353 4945 Artapanus
2421 4872 2575 4939 item,
2626 4869 2720 4940 qui
2790 4866 3084 4937 plurimum
3143 4865 3287 4935 apud
3340 4862 3557 4920 Xerxen

277 4978 393 5046 μετ’
426 4974 873 5045 Ἀσπαμίτρου⁸⁸
903 4974 998 5026 τοῦ
1058 4973 1317 5043 εὐνούχου
1336 4973 1405 5037 ³⁸,
1453 4972 1581 5044 [120
1612 4971 1702 5044 8.]
1768 4974 1851 5027 ml

1971 4966 2295 5022 auctoritate
2324 4963 2560 5025 valebat,
2584 4972 2640 5017 et
2662 4976 2784 5015 cum
2816 4975 2882 5015 eo
2902 4958 3239 5029 Aspamitres
3269 4956 3557 5012 eunuchus

275 5067 440 5121 αὑτοῦ
498 5066 645 5137 μέγα
682 5066 1006 5135 δυναμένου,
1041 5065 1392 5137 βουλεύονται
1416 5065 1624 5121 ἀνελεῖν
1646 5067 1691 5099 ⁸⁷
1722 5065 1866 5136 Ξέρ-

1972 5060 2087 5130 (qui
2124 5059 2238 5127 ipse
2288 5070 2506 5127 quoque
2554 5054 2844 5125 plurimum
2902 5052 3047 5123 apud
3098 5064 3279 5120 regem
3321 5046 3561 5117 poterat)

280 5158 396 5229 ξην,
443 5160 542 5217 καὶ
595 5157 909 5228 ἀναιροῦσι.
960 5160 1056 5213 καὶ
1118 5156 1398 5215 πείθουσιν
1448 5156 1843 5227 Ἀρτοξέρξην⁸

1976 5154 2045 5208 de
2089 5150 2270 5205 Xerxe
2322 5148 2707 5206 interﬁciendo
2749 5147 3037 5203 consilium
3070 5146 3300 5215 agitant,
3342 5144 3559 5195 cadem-

280 5252 367 5306 τὸ)
389 5253 509 5306 υἱὸν
533 5251 611 5315 ὡς
642 5253 928 5321 Δαρειαῖος
948 5249 995 5280 ⁸’
1026 5249 1188 5303 αὑτὸν
1210 5251 1239 5302 6
1265 5248 1454 5319 ἕτερος
1504 5251 1635 5313 παῖς
1668 5247 1872 5301 ἀνεῖλε.

1980 5258 2085 5314 que
2112 5250 2332 5312 patrant
2363 5240 2530 5312 50a.
2570 5243 2890 5295 Artaxerxae
2923 5236 3141 5292 interim
3198 5234 3309 5288 ﬁlio
3335 5246 3559 5301 persua-

1594 5429 1829 5486 VARUE
1865 5425 2271 5485 LECTIONES.

351 5577 397 5608 ⁷⁸
424 5574 735 5647 ἡγούμενον
761 5572 821 5627 δὲ
848 5572 1119 5647 αὺτοῖς-ς’.
1148 5642 1159 5647 _
1211 5572 1255 5603 τ’
1284 5570 1528 5647 χιλιάδας
1548 5567 1750 5647 ἕως·
1775 5570 1840 5623 Α·

284 5716 449 5782 τόσας
491 5716 554 5781 ς.

289 5780 477 5858 ξιρξην
502 5780 548 5851 ξ
580 5786 671 5842 bic
700 5792 755 5841 cl
784 5780 944 5841 infra.
1020 5786 1064 5817 ⁸³
1091 5780 1332 5855 δαριαῖος
1364 5782 1430 5851 Α,
1455 5781 1548 5851 qui
1579 5794 1720 5851 saepe
1747 5780 1846 5835 ita.

183 5611 190 5617 -
351 5577 397 5608 ⁷⁸
424 5574 735 5647 ἡγούμενον
761 5572 821 5627 δὲ
848 5572 1031 5637 αὐτοῖς
1059 5590 1119 5637 ς’.
1211 5572 1255 5603 τ’
1284 5570 1528 5642 χιλιάδας
1548 5567 1657 5639 ἓξ]
1688 5587 1750 5634 ς.
1775 5570 1840 5623 A.
1918 5564 1965 5598 ’³⁸
2004 5564 2365 5634 ὲμπίμπρηοι
2390 5581 2449 5628 ς.
2532 5564 2580 5595 ⁷⁹
2609 5564 2931 5627 συνέφλεξεν
2963 5564 3099 5639 gn"
3128 5569 3229 5605 στεε

361 5646 511 5717 ’Bp-i
541 5646 572 5699 δ
615 5645 850 5717 Ἦρκςτ
919 5645 965 5675 ⁸·
998 5642 1271 5717 Μετάκας
1329 5643 1544 5717 ίαοηιηε
1585 5640 1676 5710 (iui
1696 5651 1882 5717 ,ευρη
1911 5637 2016 5717 ,ίρς
2049 5636 2123 5717 38.
2149 5635 2205 5717 ρ)
2239 5634 2499 5698 Νατάκας
2520 5634 2570 5717 ἶ.
2610 5632 2660 5717 .”
2686 5627 2981 5717 ξ-έρέηεέἔ
3002 5623 3229 5717 erif-

632 5706 702 5748 δι”
731 5706 856 5769 libri
891 5713 1031 5783 μετὰ
1078 5712 1398 5783 Σπαμίτρου
1447 5710 1542 5783 (βίον
1570 5706 1621 5778 ll:
1683 5706 1833 5783 4ου.
1909 5707 1955 5739 ⁸⁸
1985 5706 2327 5777 ἡμεάρῤενος
2362 5722 2423 5769 ς-

2532 5564 2580 5595 ⁷⁹
2609 5558 2931 5627 συνέφλεξεν
2963 5574 3021 5621 ς.
3053 5553 3099 5585 ⁸⁸
3128 5549 3458 5607 στενώτατον
3488 5569 3553 5616 ς.

2532 5634 2544 5669 l
2614 5632 2660 5663 ⁸³
2686 5629 2890 5673 Ξέοὲτιε
2922 5627 2978 5673 δὲ
3020 5623 3128 5673 ἀπὸ
3169 5640 3229 5673 ς’.
3333 5622 3381 5654 ⁸⁸
3422 5623 3554 5673 ’Λο-

2525 5639 2544 5686 ?
2614 5639 2660 5663 "
2686 5639 2890 5699 Ξέρξης
2922 5639 2978 5679 οε
3020 5639 3128 5678 απο
3169 5640 3229 5688 ς.
3333 5639 3381 5654 ν’
3428 5639 3550 5691 ’Λρ-

2525 5704 2570 5735 ⁸⁷
2599 5699 2829 5772 ἀνελεῖν]
2862 5695 3193 5769 ἀναιρεῖνΑ.
3266 5693 3313 5729 ⁸⁸
3359 5693 3550 5762 Ἀρτα-
