3942 6234
419 374 520 442 187

1590 371 1856 433 PHOTII
1894 370 2399 432 PATRIABCl-l/E
2435 373 2546 432 ΕΡ.

3556 377 3662 446 188

416 501 570 563 dent,
605 511 635 552 a
665 495 876 550 Darimo
915 493 1086 548 altero
1129 490 1238 546 lilio
1279 498 1485 560 patrem
1538 505 1663 546 esse
1714 500 1984 544 necatum.

2096 490 2202 542 Καὶ
2250 489 2610 557 παραγίνεται
2641 491 2923 562 Δαρειαῖος
2939 491 2986 523 ⁹⁰
3015 492 3280 564 ἀγόμενος
3324 495 3429 550 ὑπὸ
3465 497 3663 570 Ἀρτα-

419 589 722 644 Adducitur
748 601 878 657 ergo
907 585 976 639 ab
1022 585 1300 652 Artapano
1329 585 1383 636 in
1418 583 1738 636 Artaxerxae
1767 582 1987 634 domum

423 681 684 744 Darimus,
721 676 896 732 multo
926 690 1046 730 cum
1080 673 1319 728 clamore
1358 671 1653 727 identidem
1686 687 1990 742 pernegaris

421 785 482 825 se
515 769 839 840 parricidam
872 782 1012 831 esse,
1047 765 1094 820 is
1131 775 1310 820 tamen
1342 766 1519 834 capite
1542 764 1732 834 plexus
1761 763 1990 818 moritur

421 863 797 918 nihilominus.

495 954 826 1008 Artaxerxes
852 948 964 1021 (96)
1003 947 1195 1003 deinde
1215 946 1475 1016 Artapani
1504 954 1666 1016 opera
1695 959 1864 1012 regno
1891 957 1990 1012 po-

422 1047 574 1099 titur.
607 1044 859 1097 Attamen
881 1042 1044 1095 etiam
1072 1039 1230 1109 hujus
1257 1038 1382 1093 vitae
1413 1038 1721 1106 Artapanus
1743 1037 1882 1090 idem
1911 1035 1994 1089 in-

418 1132 590 1187 sidias
627 1130 819 1197 tendit,
853 1139 908 1184 et
943 1129 1344 1184 communicato
1385 1142 1509 1183 cum
1540 1125 1828 1196 Megabyso
1858 1140 1993 1181 con-

421 1225 548 1279 silio
575 1224 691 1295 (qui
713 1225 824 1292 jam
856 1224 926 1278 ob
953 1232 1258 1293 suspectam
1287 1221 1537 1276 adulterii
1577 1236 1798 1274 uxorem
1837 1235 1990 1275 suam

419 1315 658 1385 Amytin,
715 1328 912 1382 magno
954 1313 1007 1366 in
1063 1325 1299 1366 maerore
1358 1309 1721 1379 versabatur),
1781 1307 1990 1375 Jureju-

417 1407 590 1460 rando
624 1405 726 1460 sibi
761 1412 946 1458 mutuo
984 1413 1200 1458 cavent.
1226 1401 1429 1457 Verum
1466 1416 1525 1455 re
1569 1408 1676 1456 tota
1717 1399 1990 1470 Megabyzi

419 1495 622 1550 indicio
653 1496 883 1564 prodita,
907 1494 1096 1548 eodem
1127 1493 1315 1548 mortis
1341 1507 1540 1562 genere
1567 1492 1707 1561 quod
1729 1492 1991 1546 Artaxer-

423 1601 519 1639 xes
559 1584 824 1637 tollendus
868 1583 1066 1648 fuerat,
1123 1583 1434 1651 Artapanus
1489 1582 1602 1650 ipse
1644 1579 1870 1646 tollitur,
1903 1589 1992 1634 at-

423 1691 528 1746 que
557 1677 692 1728 adeo
725 1690 1061 1744 quaecunque
1091 1674 1144 1729 in
1185 1671 1420 1726 Xerxem
1464 1686 1526 1725 ac
1570 1671 1833 1724 Dariatum
1865 1684 1991 1739 per-

422 1777 628 1836 petrata
671 1768 906 1831 fuerant,
959 1767 1218 1837 patefiunt
1265 1767 1467 1820 omnia.
1516 1765 1697 1831 Quare
1740 1765 1990 1831 Aspami-

419 1872 531 1914 tres
564 1861 676 1931 (97)
706 1875 942 1930 quoque,
991 1862 1080 1929 qui
1133 1859 1329 1913 Xerxis
1374 1869 1536 1928 atque
1581 1856 1771 1911 Darimi
1827 1855 1989 1909 credis

419 1953 668 2008 conscius
691 1953 886 2019 fuerat,
905 1953 1100 2007 acerbo
1135 1955 1186 2006 in
1212 1951 1402 2021 primis
1425 1967 1486 2004 ac
1505 1949 1650 2004 dnro’
1668 1947 1779 2020 (98)
1800 1947 1990 2002 mortis

419 2059 637 2113 genere,
680 2044 938 2099 adhibitis
962 2060 1058 2112 per
1089 2044 1344 2112 scapham
1389 2041 1699 2102 tormentis.
1732 2037 1986 2092 aﬂicitnr.

419 2135 545 2188 Post
587 2135 847 2202 Artapani
880 2142 1109 2189 mortem
1163 2150 1337 2202 pugna
1365 2132 1607 2187 exoritur
1638 2132 1780 2185 inter
1801 2129 1991 2200 conju-

419 2225 646 2279 rationis
680 2225 824 2280 illius
873 2227 1050 2279 socios
1099 2225 1447 2295 reliquosque
1498 2221 1741 2276 Persas:
1793 2235 1900 2290 qua
1932 2219 1986 2274 in

417 2329 591 2384 pugna
623 2316 882 2384 Artapani
926 2315 1020 2368 filii
1050 2315 1276 2377 cadunt,
1310 2312 1603 2383 Megabyzo
1628 2325 1844 2380 quoque
1867 2323 1991 2378 gra-

415 2407 555 2459 viter
586 2407 788 2462 saucio.
831 2405 1000 2474 Quem
1030 2405 1190 2473 huius
1217 2421 1403 2460 casum
1439 2405 1792 2464 Artaxerxes,
1825 2402 1986 2455 item-

413 2511 518 2563 que
544 2497 756 2569 Amytis
783 2506 839 2552 et
861 2495 1219 2564 Rhodogune,
1267 2495 1618 2563 ipsarumque
1648 2499 1821 2546 mater
1842 2489 1992 2543 Ami-

414 2592 547 2646 stris
596 2589 946 2645 vehementer
1002 2587 1278 2642 luxerunt.
1340 2584 1582 2639 Tandem
1632 2591 1834 2644 tamen,
1886 2579 1988 2633 etsi

414 2697 558 2751 :Pgre
613 2681 941 2741 admodum,
1043 2678 1240 2744 insigni
1302 2677 1580 2746 diligentia
1651 2671 1988 2743 Apollonium

412 2773 509 2827 Coi
543 2771 737 2826 medici
767 2779 1012 2825 servatus
1038 2779 1141 2824 est.

485 2861 808 2918 Desciscnnt
835 2863 904 2914 ab
955 2861 1260 2914 Artaxerxe
1311 2860 1528 2925 Bactra,
1581 2873 1688 2912 una
1737 2874 1859 2914 cum
1903 2874 1993 2914 sa-

414 2965 566 3022 trapa
611 2953 888 3022 Artapano
935 2952 1110 3006 altero
1148 2961 1203 3005 et
1235 2959 1506 3020 pugnatur
1546 2965 1703 3019 aequo
1735 2952 1992 3020 utrinque

415 3043 607 3098 Marte.
637 3042 745 3098 Sed
779 3059 899 3098 cum
927 3042 1243 3129 jamﬁaltero
1273 3043 1408 3096 inito
1437 3041 1625 3111 praelia
1660 3041 1714 3095 in
1742 3040 1991 3097 Bactrio-

411 3150 532 3190 rum
585 3135 779 3190 faciem
823 3146 1017 3190 ventus
1051 3134 1308 3202 spiraret,
1361 3135 1612 3204 superior
1655 3135 1989 3189 Artaxerxes
2013 3166 2061 3229 ε

411 3225 667 3293 efﬁcitur,
714 3235 878 3297 atque
919 3229 973 3280 In
1023 3224 1141 3295 ejus
1182 3224 1444 3280 ditionem
1475 3225 1694 3279 Bactria
1740 3225 1990 3280 concedit

413 3335 688 3376 universa.

479 3412 687 3469 Defecit
714 3423 770 3467 et
784 3410 1074 3483 Egyptus,
1097 3409 1254 3465 lnaro
1279 3408 1471 3481 Lydia,
1504 3408 1788 3477 alteroque
1819 3407 1990 3478 Egy-

413 3506 526 3575 ptio
557 3505 789 3575 quodam
816 3504 1137 3560 defectionis
1179 3503 1518 3567 auctoribus,
1550 3508 1605 3556 et
1636 3501 1819 3556 omnia
1849 3501 1991 3555 bello

412 3597 649 3666 gerendo
699 3595 1004 3650 necessaria
1065 3601 1475 3663 comparantur.
1531 3590 1671 3657 Quin
1718 3600 1774 3645 et
1823 3591 1991 3643 Athe-

413 3689 630 3742 nienses
679 3687 839 3742 lnaro
885 3688 1089 3754 petenti
1132 3685 1493 3754 quadraginta
1557 3684 1722 3736 naves
1763 3681 1992 3735 subruit-

412 3789 554 3835 tunt.
581 3778 946 3845 Quamobrem
989 3779 1320 3834 Arlaxerxes
1365 3777 1479 3846 ipse
1511 3777 1563 3830 in
1593 3776 1734 3829 hanc
1767 3773 1989 3844 expedi-

412 3873 613 3927 tionem
646 3871 915 3940 proﬁcisci
943 3872 1240 3939 cogitabat.
1276 3868 1474 3923 Verum
1513 3869 1563 3921 id
1587 3870 1635 3922 ei
1660 3867 1850 3920 amicis
1878 3866 1991 3921 dis-

412 3964 787 4030 suadentibus,
833 3962 1269 4017 Acltaamenidem
1307 3961 1531 4015 fratrem
1577 3975 1702 4013 cum
1750 3958 1987 4027 peditum

412 4057 650 4112 millibus
675 4055 1111 4128 quadringentis,
1184 4063 1240 4111 et
1315 4054 1541 4108 navibus
1594 4052 1869 4122 octoginta
1935 4050 1991 4104 in

411 4148 704 4220 Egyptum
743 4149 928 4203 mittit.
982 4145 1237 4220 Conﬂigit
1280 4145 1470 4202 lnarus
1528 4161 1650 4202 cum
1709 4144 1991 4198 Achaeme-

413 4242 575 4308 nides;
622 4247 882 4308 superant
940 4238 1229 4310 Egyptii;
1281 4237 1693 4292 Achaemenides
1743 4235 1860 4305 ipse
1921 4235 1989 4289 ab

413 4329 570 4385 lnaro
600 4344 890 4400 percussus
921 4332 1179 4394 moritur,
1214 4341 1521 4398 corpusque
1548 4326 1615 4380 ad
1646 4327 1987 4380 Artaxerxen

413 4423 666 4478 mittitur.
718 4421 778 4476 In
823 4421 961 4475 mari
1005 4435 1220 4491 qttoque
1267 4420 1555 4474 victoriam
1611 4416 1801 4472 lnarus
1845 4415 1989 4470 obti-

2090 581 2260 633 πάνου
2298 583 2379 644 είς
2411 581 2509 648 τὴν
2530 581 2710 635 οἰκίαν
2753 581 3105 654 Ἀρτοξέρξου
3121 585 3187 647 ⁸⁸,
3227 586 3400 642 πολλὰ
3442 586 3533 661 [59
3569 589 3662 662 IL]

2091 672 2229 742 βοῶν
2278 672 2373 726 καὶ
2427 670 2838 742 ἀπαρνούμενος
2858 675 2906 706 θ’
2926 673 3002 738 ὡς
3053 675 3155 730 οὐκ
3187 676 3274 748 εἴη
3346 681 3540 748 φονεὺς
3566 681 3662 735 τοῦ

2090 765 2318 835 πατρὸς,
2346 765 2443 819 καὶ
2467 765 2822 837 ἀποθνήσκει.

2161 940 2271 994 Καὶ
2329 939 2602 1009 βασιλεύει
2647 939 3004 1012 Ἀρτοξέρξης
3049 943 3250 1015 σπουδῇ
3296 944 3661 1016 Ἀρταπάνου.

2089 1030 2203 1084 Καὶ
2242 1031 2644 1086 ἐπιϐουλεύεται
2704 1032 2870 1087 πάλιν
2893 1033 2986 1087 ὑπ’
3013 1034 3200 1098 αὑτοῦ,
3256 1035 3347 1089 καί⁵
3393 1035 3665 1107 λαμϐάνει

2091 1124 2345 1176 κοινωνὸν
2402 1127 2503 1194 τῆς
2548 1124 2742 1197 βουλῆς
2781 1126 3118 1199 Ἀρτάπανος
3169 1128 3496 1196 Μεγάϐυζον
3559 1129 3663 1202 ἤδη

2089 1214 2463 1286 λελυπημένον
2511 1216 2603 1270 ἐπὶ
2647 1219 2713 1286 τῇ
2738 1217 2843 1286 ἰδίᾳ
2898 1220 3119 1288 γυναικί
3165 1220 3360 1289 Ἀμύτι
3416 1221 3505 1274 διά
3563 1221 3666 1291 τὴν

2089 1302 2190 1372 τῆς
2221 1303 2463 1372 μοιχείας
2520 1304 2818 1375 ὑπόληψινο
2847 1307 2942 1360 καὶ
2969 1308 3156 1378 ὅρκοις
3187 1307 3451 1378 ἀλλήλους
3479 1309 3668 1378 ἀσφα-

2090 1396 2347 1459 λίζονται.
2420 1397 2580 1451 Ἀλλά
2642 1397 2834 1470 μηνύει
2894 1400 3074 1454 πάντα
3133 1401 3462 1470 Μεγάϐυζος
3490 1444 3507 1469 ,
3562 1406 3664 1460 καὶ

2091 1489 2392 1560 ἀναιρεῖται
2440 1490 2774 1560 Ἀρτάπανος
2807 1483 2852 1559 ᾦ
2905 1493 3093 1564 τρόπῳ
3143 1493 3369 1564 ἔμελλεν
3415 1497 3668 1567 ἀναιρεῖν

2103 1579 2480 1650 Ἀρτοξέρξην.
2499 1583 2611 1635 Καὶ
2634 1581 2842 1650 γίνεται
2877 1585 3056 1639 πάντα
3075 1584 3213 1654 δῆλα
3236 1585 3306 1639 τά
3323 1587 3666 1658 εἰργασμένα

2092 1669 2186 1724 ἐπὶ
2224 1670 2399 1744 Ξέρξῃ
2435 1672 2529 1725 καὶ
2556 1675 2849 1745 Δαρειαίῳ.
2917 1676 3010 1729 καὶ
3040 1677 3336 1731 ἀπόλλυται
3362 1679 3543 1750 πικρῷ
3568 1680 3665 1733 καὶ

2091 1762 2338 1832 κακίστῳ
2392 1763 2606 1834 θανάτῳ
2653 1765 3051 1837 Ἀσπαμίτρης,
3083 1767 3142 1828 ὃς
3171 1763 3240 1840 ἦν
3267 1769 3524 1832 κοινωνὸς
3568 1772 3665 1824 ἐπὶ

2089 1855 2201 1916 τοῖς
2234 1854 2418 1922 φόνοις
2449 1854 2649 1926 Ξέρξου
2683 1857 2777 1910 καὶ
2810 1859 3101 1928 Δαρειαίου
3125 1877 3140 1891 ·
3175 1859 3510 1928 σκαφεύεται
3551 1860 3664 1932 γάρ

2089 1945 2185 1998 καὶ
2239 1943 2412 2009 οὕτως
2458 1948 2784 2018 ἀναιρεῖται.
2845 1949 3011 2020 Μάχη
3037 1949 3095 2002 δὲ
3125 1949 3337 2020 γίνεται
3391 1951 3526 2021 μετά
3569 1951 3670 2004 τὸν

2089 2035 2318 2092 θάνατον
2359 2039 2697 2109 Ἀρταπάνου
2736 2041 2845 2096 τῶν
2865 2059 2925 2096 τε
2953 2044 3279 2114 συνωμοτῶν
3327 2044 3491 2099 αὑτοῦ
3566 2045 3665 2098 καί⁴

2087 2129 2197 2182 τῶν
2237 2128 2413 2183 ἄλλων
2472 2132 2714 2203 Περσῶν,
2770 2135 2862 2187 καὶ
2922 2135 3211 2189 πίπτουσιν
3239 2137 3297 2188 ὲν
3330 2139 3396 2208 τῇ
3439 2137 3588 2209 μάχῃ
3609 2138 3664 2188 οἰ

2088 2224 2240 2292 τρεῖς
2287 2223 2382 2276 τοῦ
2454 2224 2793 2294 Ἀρταπάνου
2851 2228 2977 2292 υἱοὶ,
3015 2227 3446 2300 τραυματίζεται
3477 2229 3534 2282 δὲ
3570 2231 3666 2283 καὶ

2089 2312 2411 2380 Μεγάϐυζος
2457 2314 2729 2388 ἰσχυρῶς·
2785 2316 2880 2371 καὶ
2939 2317 3129 2389 θρηνεῖ
3167 2319 3523 2390 Ἀρτοξέρξης
3565 2320 3666 2372 καὶ

2089 2404 2123 2474 ἡ
2159 2404 2383 2472 Ἀμύτις
2445 2408 2596 2478 καὶὴ
2637 2407 2954 2479 Ῥοδογούνη
3012 2413 3106 2464 καὶ
3152 2413 3187 2484 ὴ
3245 2413 3430 2484 μήτηρ
3480 2411 3664 2464 αὐτῶν

2101 2497 2424 2567 Ἀμῆστρις,
2462 2499 2558 2552 καὶ
2585 2499 2738 2570 μόλις
2773 2502 2939 2573 πολλῇ
2973 2504 3264 2576 ἐπιμελείᾳ
3298 2503 3666 2578 περισώζεται

2103 2589 2488 2644 Ἀπολλωνίδου
2502 2592 2549 2625 ’³
2585 2593 2769 2665 ἰατροῦ
2797 2595 2892 2649 τοῦ
2921 2597 3103 2670 Κῴου.

2173 2856 2490 2926 Ἀφίσταται
2529 2857 2878 2930 Ἀρτοξέρξου
2915 2861 3137 2934 Βάκτρα
3166 2863 3260 2918 καὶ
3291 2864 3320 2917 ό
3350 2862 3658 2936 σατράπης,

2089 2947 2248 3012 ἄλλος
2291 2951 2648 3021 Ἀρτάϐανοςο
2680 2954 2776 3006 καὶ
2803 2953 3016 3020 γίνεται
3049 2954 3195 3025 μάχη
3229 2955 3515 3026 ἰσοπαλής.
3554 2957 3666 3010 Καὶ

2089 3037 2299 3105 γίνεται
2345 3038 2508 3093 πάλιν
2548 3040 2613 3093 ὲκ
2649 3040 2926 3112 δευτέρου,
2960 3043 3056 3097 καὶ
3083 3043 3287 3114 ἀνέμου
3318 3044 3461 3098 κατά
3505 3045 3672 3116 πρόσ-

2091 3148 2240 3184 ωπον
2281 3131 2565 3203 Βακτρίων
2611 3133 2950 3198 πνεύσαντος
2977 3135 3106 3207 νικᾷ
3147 3134 3526 3208 Ἀρτοξέρξης,
3571 3137 3672 3190 καὶ

2094 3225 2407 3295 προσχωρεῐ
2427 3223 2576 3296 αὐτῷ
2601 3225 2750 3279 πᾶσα
2775 3225 3042 3298 Βακτρία.

2171 3401 2492 3471 Ἀφίσταται
2551 3401 2830 3471 Αἴγυπτος
2850 3443 2866 3467 ,
2913 3403 3120 3475 Ἰνάρου
3163 3401 3358 3457 Λυδίου
3373 3402 3423 3436 ⁸⁸
3475 3403 3675 3475 ἀνδρὸς

2088 3497 2187 3548 καὶ
2215 3493 2403 3566 ἑτέρου
2433 3493 2731 3562 Αἰγυπτίου
2769 3495 2868 3565 τὴν
2899 3494 3200 3549 ἀπόστασιν
3247 3492 3672 3566 μελετήσαντος.

2089 3585 2182 3638 καί
2235 3583 2618 3655 εύτρεπίζεται
2641 3584 2710 3638 τά
2750 3585 2887 3655 πρὸς
2945 3585 3219 3656 πόλεμονο
3260 3585 3544 3656 πέμπουσι
3577 3586 3677 3640 καὶ

2103 3676 2377 3748 Ἀθηναῖοι
2431 3677 2802 3749 αἰτησαμένου
2845 3677 3012 3731 αὐτοῦ
3059 3679 3474 3752 τεσσαράκοντα
3509 3679 3670 3750 νῆας.

2091 3769 2201 3823 Καὶ
2253 3771 2452 3843 μελετᾷ
2508 3771 2674 3835 αὐτὸς
2708 3771 3068 3844 Ἀρτοξέρξης
3121 3773 3545 3845 ἐκστρατεῦσαι,
3570 3776 3676 3826 καὶ

2087 3860 2200 3916 τῶν
2228 3862 2399 3930 φίλων
2431 3862 2491 3915 οὐ
2527 3861 3006 3932 συμϐουλευόντων
3046 3862 3256 3932 πέμπει
3291 3864 3678 3934 Ἀχαιμεδίνην

2089 3954 2180 4008 τὸν
2205 3953 2455 4023 ἀδελφὸν,
2484 3954 2896 4025 τεσσαράκοντα
2919 3955 3020 4026 μὲν
3051 3955 3318 4026 μυριάδας
3332 3956 3679 4026 ἐπαγόμενον

2091 4046 2407 4116 στράτευμα
2439 4046 2687 4112 πεζικὸν,
2723 4047 2857 4118 νῆας
2881 4048 2938 4100 δὲ
2970 4053 3046 4104 π’.
3098 4047 3408 4119 Συμϐάλλει
3436 4048 3680 4118 πόλεμον

2093 4135 2308 4206 Ἴναρος
2337 4135 2474 4207 πρὸς
2519 4135 2924 4207 Ἀχαιμενίδην,
2961 4137 3056 4191 καὶ
3103 4136 3328 4192 νικῶσιν
3360 4138 3678 4206 Αἰγύπτιοι,

2089 4226 2184 4280 καὶ
2212 4225 2469 4296 βάλλεται
2511 4227 2888 4300 Ἀχαιμενίδης
2921 4229 3028 4282 ὑπὸ
3053 4229 3281 4302 Ἰνάρου,
3309 4230 3404 4284 καὶ
3427 4229 3679 4299 θνήσκει,

2089 4319 2186 4373 καὶ
2235 4318 2630 4390 ἀποπέμπεται
2669 4321 2700 4373 δ
2735 4320 2932 4391 νεκρὸς
2967 4321 3134 4375 αὑτοῦ
3167 4323 3248 4386 είς
3290 4322 3680 4394 Ἀρτοξέρξην.

2103 4413 2390 4485 Ἐνίκησεν
2423 4415 2642 4484 Ἰναρος
2667 4413 2764 4466 καὶ
2796 4413 2938 4468 κατά
2996 4413 3268 4468 θάλατταν
3284 4414 3354 4479 ⁸⁵,
3377 4413 3683 4486 Χαριτιμί-

411 4519 551 4584 nuit,
616 4532 867 4585 magnam
909 4515 980 4571 ibi
1035 4515 1261 4585 gloriam
1329 4513 1554 4581 indepto
1602 4507 1982 4572 Charitimide,

2096 4509 2181 4563 δου
2197 4510 2244 4542 ’⁸
2272 4509 2754 4580 εὐδοκιμήσαντος,
2786 4509 2847 4573 ὃς
2895 4508 3004 4563 τῶν
3034 4509 3094 4577 ἐξ
3140 4508 3380 4580 Ἀθηνῶν
3427 4516 3477 4581 μ’
3527 4509 3680 4580 νηῶν

410 4611 502 4681 qui
527 4609 887 4681 quadraginta
913 4607 1128 4663 illarum
1173 4605 1414 4670 navium,
1443 4618 1563 4673 quae
1591 4601 1660 4656 ab
1689 4597 1990 4654 Athenien-

411 4703 563 4757 sibus
615 4702 972 4765 advenerant,
1014 4699 1302 4768 praefectus
1340 4706 1479 4751 erat.
1526 4691 1662 4747 Nam
1701 4707 1769 4746 ex
1814 4690 1978 4760 quin-

412 4793 671 4864 quaginta
719 4793 948 4848 navibus
971 4791 1231 4855 Persicis,
1261 4788 1448 4860 viginti
1479 4802 1604 4842 cum
1635 4785 1768 4856 ipsis
1806 4781 1987 4838 homi-

415 4885 580 4941 nibus
624 4895 799 4954 capta:
848 4895 997 4948 sunt,
1045 4883 1265 4953 reliqua:
1293 4880 1514 4951 triginta
1574 4878 1807 4948 periere.
1843 4874 1984 4948 4οὸ

410 4976 648 5033 Mittitur
703 4986 826 5046 post
881 4975 995 5030 haec
1037 4974 1362 5046 Megabyzus
1431 4973 1690 5025 adversus
1737 4968 1982 5032 lnarnm,

408 5071 500 5141 qui
529 5071 594 5124 ad
639 5069 827 5140 copias
857 5083 977 5138 qua:
1015 5069 1237 5138 reliquae
1287 5065 1524 5131 fuerant,
1554 5064 1720 5118 alium
1755 5060 1988 5115 ducebat

411 5161 712 5219 exercitum
756 5162 1114 5217 ducentorum
1150 5158 1402 5225 millium,
1447 5171 1573 5212 cum
1613 5153 1841 5209 navibus
1880 5161 1989 5205 tre-

2094 4601 2491 4672 ὲχρημάτιζεοτ
2528 4601 2801 4673 ναύαρχος
2822 4618 2835 4632 ·
2865 4603 2962 4657 καὶ
2987 4609 3030 4658 ν’
3070 4603 3296 4673 Περσῶν
3320 4606 3468 4676 νῆες,
3497 4605 3551 4657 αἰ
3577 4603 3684 4673 μὲν

2093 4693 2143 4748 κ’
2160 4693 2344 4775 αὐτοῖς
2375 4693 2633 4765 ἀνδράσιν
2666 4693 3003 4766 ἐλήφθησαν,
3034 4695 3091 4748 αἰ
3118 4694 3175 4748 δὲ
3204 4694 3248 4748 λ’
3276 4694 3679 4764 διεφθάρησαν.

2092 4779 2213 4838 εἶτα
2233 4784 2514 4856 πέμπεται
2543 4785 2686 4839 κατά
2719 4784 2928 4853 Ἰνάρου
2959 4784 3308 4854 Μεγάϐυζος,
3330 4786 3680 4855 ἑπαγόμενος

2091 4875 2221 4930 ἄλλο
2245 4875 2562 4947 στράτευμα
2593 4875 2735 4947 πρδς
2764 4876 2844 4946 τῷ
2878 4875 3279 4944 ὑπολειφθέντι,
3305 4875 3571 4946 μυριάδας
3602 4881 3679 4940 κ’,

2091 4965 2187 5022 καὶ
2243 4967 2377 5038 νῆας
2403 4966 2470 5032 τ’,
2535 4966 2632 5020 καὶ
2683 4967 2985 5038 ἐπιστάτην
3041 4967 3234 5031 αὐταῖς
3251 4967 3299 5000 ’⁸
3339 4966 3678 5038 Ὀρίσκον⁹⁹,

2090 5058 2167 5122 ὡς
2187 5054 2328 5113 εἶναι
2348 5063 2521 5132 χωρὶς
2534 5059 2643 5113 τῶν
2667 5059 2808 5113 νεῶν
2828 5060 2890 5112 τὸ
2913 5059 3041 5114 ἄλλο
3068 5059 3276 5130 πλῆθος
3305 5058 3350 5112 ν’
3377 5058 3676 5130 μυριάδας⁸

2104 5149 2495 5222 Ἀχαιμενίδης
2545 5149 2656 5221 γὰρ
2708 5149 2802 5203 ὅτε
2829 5148 3018 5216 ἔπεσε,
3045 5148 3179 5203 δέκα
3211 5147 3473 5221 μυριάδες
3500 5145 3680 5219 αὐτῷ,

1680 5264 1908 5321 VARUS
1941 5263 2350 5322 LECTIONES.

479 5368 530 5398 ‘°
574 5363 943 5438 Ἀρταξέρξης
1007 5380 1069 5438 ς,

419 5437 468 5469 ’³
495 5434 886 5490 Ἀπολλωνίδου
909 5434 1220 5500 Stephanus
1257 5450 1270 5487 :

1145 5362 1192 5395 ἰ
1231 5359 1589 5485 Ἀρτοξέρξου
1646 5372 1792 5413 corr.
1842 5358 1886 5412 A
1918 5375 1932 5411 :
1968 5355 2259 5429 Δαρειαίου
2304 5373 2365 5420 ς’.
2446 5356 2492 5389 ⁹⁹
2523 5355 2944 5427 άπαρνούμενος
3001 5356 3042 5410 Α
3091 5373 3106 5410 :
3150 5356 3587 5429 παραινούμενος
3613 5373 3678 5422 ς’.

1145 5447 1220 5485 nus
1257 5450 1270 5485 :
1327 5432 1426 5485 ibri
1455 5427 1842 5483 Ἀπολλωνίου.
1921 5428 1970 5461 ’⁸
1999 5425 2221 5485 Λυδίου]
2247 5427 2418 5480 immo
2447 5424 2668 5485 Λίϐυος.
2699 5427 2807 5481 vid.
2837 5426 3141 5485 Thucvdid.
3193 5427 3236 5485 Ι.
3273 5427 3398 5484 104.
3470 5428 3518 5462 ⁸⁸
3549 5426 3678 5482 θάλ-

1327 5424 1426 5486 ibri
1455 5424 1842 5483 Ἀπολλωνίου.
1921 5428 1970 5461 ⁸⁸
1999 5424 2221 5499 Λυδίου]
2247 5427 2418 5499 immo
2447 5424 2668 5499 Λίϐυος.
2695 5424 2807 5499 viil.
2837 5426 3141 5499 'l‘bucydid.
3193 5424 3245 5497 Ι,’
3273 5427 3398 5484 104.
3426 5424 3439 5429 ’
3470 5428 3518 5462 ⁸⁸
3549 5426 3684 5482 θάλ-

420 5504 626 5561 λασσαν
655 5524 716 5571 ς.
790 5506 838 5573 ’f
867 5495 1248 5576 χαριστιμίδου
1269 5503 1334 5556 Λ.
1412 5501 1459 5534 ’⁷
1486 5500 1824 5573 ἐχρημάτισε
1856 5516 1918 5565 ς.
1993 5499 2042 5530 ’⁸
2075 5495 2430 5560 libri—athon
2507 5497 2552 5529 ”
2589 5495 2841 5568 Ὠρίσκον
2875 5515 2938 5563 ς.

1938 5614 2167 5673 ΝΟΤΔΕ.

491 5712 605 5784 (96)
637 5712 989 5784 Longimanus
1022 5720 1400 5782 cognomento.

494 5786 609 5858 (97)
631 5784 800 5841 Paulo
832 5793 958 5842 ante
985 5785 1278 5856 Spamitres
1299 5785 1497 5842 dictus.

2175 5704 2289 5777 («98)
2317 5705 2496 5763 llabes
2522 5706 2574 5762 id
2604 5721 2633 5761 a
2665 5704 2964 5791 Plutarcho
2986 5708 3318 5780 descriptum
3339 5707 3394 5765 in
3420 5706 3541 5764 Vita
3574 5705 3680 5764 Ar-

2102 5787 2365 5844 taaerxm,
2389 5792 2514 5834 mox
2548 5793 2579 5833 8
2612 5787 2902 5850 principio.
3513 5799 3518 5803 ’
