3942 6234
191 380 290 444 139

1290 384 1818 450 BIBLIOTHECA.
1837 415 1908 425 -
1945 391 2107 453 COD.
2137 394 2377 455 LXXII.

3362 398 3463 464 190

188 494 247 558 ἐξ
268 487 346 546 ὧν
376 486 488 564 ἦγε
517 498 594 564 μ’,
626 493 1116 566 συνδιεφθάρησαν.
1177 494 1395 549 Γίνεται
1450 496 1546 550 οὖν
1618 500 1770 569 μάχη

1902 505 2072 568 :entls,
2105 507 2302 574 quibus
2349 506 2574 562 Oriscus
2620 519 2881 588 przeerat:
2933 520 2992 565 ut
3043 507 3242 582 praeter
3275 527 3459 573 naves.

193 587 462 656 κρατερὰ,
479 586 576 639 καὶ
597 586 894 640 πίπτουσιν
917 587 1305 658 ἀμφοτέρωθεν
1326 586 1535 652 πολλοὶ,
1558 589 1779 653 πλείους

189 679 244 730 δὲ
283 677 605 746 Αἰγύπτιοι,
655 680 750 732 καὶ
786 679 971 750 βάλλει
1001 678 1329 746 Μεγάϐυζος
1373 681 1455 742 είς
1482 680 1574 733 τὸν
1609 681 1782 751 μηρὸν

195 771 472 842 Ἰναρον¹,
537 771 633 824 καὶ
687 773 970 844 τρέπεται,
1019 774 1114 825 καὶ
1134 771 1328 825 νικῶσι
1380 773 1586 842 Πέρσαι
1643 772 1782 826 κατὰ

192 863 418 931 κράτος.
445 860 646 927 Φεύγει
668 861 726 914 δὲ
765 861 901 932 πρὸς
954 861 1051 931 τὴν
1079 859 1283 914 Βύϐλον
1310 862 1525 932 ’ῐναρος
1550 861 1728 930 (πόλις
1760 863 1780 893 ³

194 954 396 1025 ισχυρὰ
426 955 486 1007 ὲν
509 952 774 1024 Αἰγύπτῳ
832 951 1018 1023 αὕτη),
1065 953 1157 1006 καὶ
1195 955 1243 1006 οἱ
1280 952 1544 1022 ’Έλληνες
1577 952 1631 1006 δὲ
1663 954 1781 1021 μετ’

192 1043 386 1104 αὑτοῦ.
437 1044 554 1096 ὅσοι
589 1042 664 1113 μὴ
689 1045 748 1095 ὲν
769 1045 836 1114 τῇ
859 1044 879 1073 ⁸
915 1043 1064 1114 μάχῃ
1099 1043 1195 1096 καὶ
1245 1042 1384 1112 μετά
1420 1043 1782 1112 Χαριτιμίδου

191 1135 491 1189 ἀπέθανον.
557 1132 681 1206 [121
728 1133 822 1205 [1.]
865 1132 1266 1205 Προσχωρεῖδὲ
1293 1135 1570 1202 Αἴγυπτος
1635 1134 1780 1204 πλὴν

190 1226 405 1280 Βύϐλου
436 1225 576 1297 πρὸς
616 1224 964 1293 Μεγάϐυζον.
1011 1225 1166 1278 Ἐπεὶ
1195 1224 1253 1278 δὲ
1293 1225 1480 1295 ὲκείνη
1507 1225 1786 1289 ἀνάλωτος

188 1320 394 1384 ἐδόκει,
448 1318 739 1372 σπένδεται
781 1317 917 1386 πρὸς
957 1316 1169 1386 Ἰναρον
1192 1317 1286 1370 καὶ
1334 1317 1461 1379 τοὺς
1481 1315 1778 1387 Ἕλληνας,

188 1410 597 1480 ἑξακισχιλίους
635 1409 796 1473 ὄντας
823 1408 917 1462 καὶ
944 1407 1026 1461 ἔτι
1061 1408 1222 1480 πρὸς,
1259 1409 1289 1461 ὀ
1320 1408 1670 1475 Μεγάϐυζος,
1697 1409 1784 1477 ἐφ’

186 1497 231 1571 ᾧ
262 1504 438 1575 μηδὲν
497 1503 670 1558 κακὸν
721 1501 875 1574 παρὰ
907 1500 1172 1573 βασιλέως
1205 1499 1296 1574 [60
1329 1499 1424 1574 Η.]
1453 1500 1661 1564 λαϐεῖν,
1690 1501 1786 1555 καὶ

186 1600 313 1660 τοὺς
346 1597 646 1667 Ἕλληνας,
688 1596 778 1650 ὅτε
807 1594 1104 1666 βούλοιντο,
1138 1593 1276 1664 πρὸς
1308 1594 1380 1647 τὰ
1400 1597 1578 1648 οἰκεῖα
1617 1594 1788 1649 ἐπαν-

186 1691 389 1745 ελθεῖν.
414 1691 724 1761 Καθίστησι
753 1690 808 1742 δὲ
830 1689 931 1760 τῆς
953 1687 1233 1757 Αἰγύπτου
1259 1688 1544 1758 σατράπην
1563 1688 1783 1758 Σαρσά·

189 1797 298 1849 μαν
314 1780 360 1833 ⁸.
391 1780 506 1833 Καὶ
532 1777 717 1833 λαϐὼν
764 1780 978 1849 ἰναρον
1018 1777 1262 1840 καὶτοὺς
1301 1777 1570 1846 Ἕλληνας
1605 1794 1786 1846 παρα-

1888 594 2109 663 reliqute
2159 595 2330 664 cOpia:
2395 597 2820 666 quingentorum
2893 601 3122 656 millium
3178 619 3463 658 numerum

1883 685 2186 753 explerent.
2232 685 2367 740 Nam
2401 703 2522 742 cum
2568 689 2979 747 Achaemenides
3006 693 3224 760 cecidit,
3262 709 3294 748 e
3323 708 3462 763 qua-

1884 778 2185 847 dringentis
2222 779 2456 834 millibus
2477 796 2596 849 qua:
2626 781 2879 848 duxerat,
2917 795 3132 839 centqu
3167 801 3272 839 una
3297 787 3464 840 millia

1886 872 2181 939 perierant.
2214 867 2493 939 Pugnatur
2523 873 2704 942 itaque
2753 877 2912 930 modo
2953 877 3174 938 acriter,
3218 893 3283 930 ac
3335 877 3466 931 mni-

1887 961 1956 1014 tis
1986 964 2242 1031 utrinque
2293 964 2636 1030 cadentibus,
2666 967 2847 1035 plures
2890 980 3068 1022 tamen
3100 967 3342 1039 Egyptii
3378 984 3468 1024 oc-

1884 1054 2171 1108 cumbunt.
2224 1055 2439 1109 luarum
2499 1059 2715 1112 tandem
2790 1059 3117 1130 Megaliyzus
3162 1064 3213 1114 in
3263 1059 3468 1117 femore

1887 1146 2154 1211 vulnerat,
2184 1158 2348 1217 atque
2391 1149 2443 1202 in
2479 1148 2657 1218 fugam
2704 1155 2864 1204 vertit
2896 1171 2909 1206 :
2955 1166 3010 1206 et
3057 1153 3262 1207 viribus
3290 1154 3468 1208 Persa:

1887 1235 2142 1292 fortiores
2221 1237 2351 1292 facti
2419 1239 2666 1295 vincunt.
2727 1239 2962 1312 Fugiens
3015 1254 3198 1297 autem
3254 1244 3468 1308 lnarus,

1887 1327 2111 1398 Byblum
2143 1343 2203 1382 se
2230 1331 2432 1398 recepit
2460 1327 2613 1398 (urbs
2651 1331 2765 1385 hac
2801 1333 2852 1385 iu
2892 1330 3128 1401 Egypto
3167 1343 3253 1386 est
3277 1333 3468 1386 admo-

1888 1421 2014 1476 dum
2051 1421 2280 1490 munita)
2328 1431 2383 1477 et
2421 1436 2542 1477 cum
2578 1437 2645 1478 eo
2683 1422 2856 1478 Graeci
2905 1439 3115 1491 omnes,
3161 1426 3470 1495 quicunque

1887 1517 1972 1570 vel
2004 1517 2057 1570 in
2081 1515 2288 1587 praelia,
2309 1517 2393 1571 vel
2417 1533 2537 1572 cum
2561 1517 2922 1574 Charimitide
2945 1518 3070 1573 εωθί
3105 1533 3208 1571 non
3235 1518 3466 1573 fuerant.

1889 1608 2004 1675 Qua
2027 1625 2094 1662 ex
2136 1623 2195 1662 re
2228 1618 2428 1678 praeter
2476 1608 2731 1681 Byblum,
2794 1608 3063 1680 Egyptus
3109 1609 3359 1662 universa
3401 1608 3471 1661 ad

1889 1695 2163 1766 Megabazi
2212 1706 2395 1767 partes
2448 1712 2508 1753 se
2541 1697 2807 1768 adiunxit.
2855 1698 2922 1752 Et
2968 1698 3224 1767 quoniam
3267 1697 3473 1768 Byblus

1890 1789 2184 1858 expugnari
2244 1804 2352 1842 non
2390 1772 2563 1858 posse.
2608 1790 2918 1855 videbatur,
2980 1789 3307 1859 Megabyzus
3347 1803 3470 1842 curn

186 1873 402 1940 γίνεται
431 1873 570 1940 πρὸς
595 1871 822 1943 Ξέρξην,
854 1873 949 1924 καὶ
979 1869 1226 1941 εὑρίσκει
1245 1868 1370 1921 λίαν
1404 1869 1774 1937 κατάΊνάρου

1902 1876 2052 1934 lnaro
2083 1890 2138 1932 et
2176 1878 2402 1942 Graecis,
2443 1895 2672 1950 quorum
2717 1890 2876 1935 erant
2924 1895 3088 1950 supra
3139 1895 3230 1934 sex
3277 1879 3473 1941 millia.

187 1965 605 2036 τεθυμωμένον,
632 1966 714 2018 ὅτι
733 1965 825 2019 τὸν
860 1962 1089 2033 ἀδελφὸν
1119 1961 1506 2032 Ἀχαιμενίδην
1529 1961 1766 2014 ἀπεκτο-

1895 1971 2000 2026 fide
2028 1972 2154 2026 data
2198 1973 2516 2040 paciscitur,
2564 1972 2771 2027 nullum
2814 1988 2910 2028 eos
2943 1989 2972 2027 a
3008 1988 3135 2043 rege
3176 1973 3475 2027 incommo-

186 2061 292 2121 νὼς
341 2058 456 2127 εἴη.
505 2058 783 2127 Διηγεῖται
811 2055 882 2110 τά
927 2054 1192 2125 γεγονότα
1246 2051 1574 2120 Μεγάϐυζος
1591 2053 1634 2116 ³,
1687 2050 1784 2104 καὶ

1902 2061 2018 2114 dum
2067 2069 2413 2131 accepturos,
2455 2077 2518 2117 ac
2568 2062 2788 2118 Grzecos
2839 2064 3026 2130 etiam,
3077 2079 3200 2119 cum
3254 2061 3472 2122 liberet,

189 2150 264 2214 ὡς
288 2149 514 2212 πίστεις
563 2149 689 2213 δοὺς
743 2150 933 2220 Ἰνάρῳ
985 2148 1077 2201 καὶ
1133 2147 1248 2207 τοῖς
1287 2144 1516 2215 Ἕλλησι
1577 2142 1782 2196 Βύϐλον

1902 2152 2112 2207 domum
2164 2169 2499 2210 reversuros.
2538 2155 2826 2210 Sartaman
2863 2156 3027 2226 igitur
3069 2171 3192 2210 cum
3239 2153 3476 2225 Egypto

188 2245 412 2312 είληφε·
467 2244 562 2296 καὶ
613 2240 906 2306 ἐξαιτεῖται
951 2238 1202 2310 λιπαρῶς
1253 2235 1479 2307 βασιλέα
1507 2235 1770 2306 περὶτῆς

1902 2243 2251 2312 praefecisset,
2308 2255 2592 2313 assumpto
2642 2259 2826 2299 secum
2878 2243 3038 2299 lnaro
3065 2243 3380 2310 Graecisque
3409 2241 3474 2294 ad

191 2333 421 2387 αύτῶν⁶
481 2331 778 2401 σωτηρίας,
835 2331 928 2384 καὶ
973 2328 1264 2398 λαμϐάνει,
1318 2327 1411 2379 καὶ
1475 2325 1777 2393 ὲξάγεταιτ

1902 2333 2235 2386 Artaxerxen:
2277 2333 2702 2399 proficiscitur:
2745 2347 2906 2402 quem
2949 2333 3158 2387 invenit
3199 2331 3356 2385 litaro
3387 2344 3479 2382 ve-

192 2429 351 2492 τέλος
379 2431 450 2500 τῇ
481 2427 713 2499 στρατιᾷ
758 2425 834 2490 ὡς
859 2426 1072 2495 ’Ῑναρος
1129 2421 1227 2476 καὶ
1256 2422 1308 2474 oi
1341 2419 1600 2491 Ἕλληνες
1630 2418 1786 2472 οὐδὲν

1902 2422 2182 2475 ltementer
2216 2422 2440 2485 iratum,
2472 2423 2612 2491 quod
2650 2423 2695 2477 is
2722 2422 3159 2476 Acbaamenidem
3205 2420 3344 2489 regis
3369 2417 3478 2471 fra-

195 2523 370 2577 κακὸν
399 2520 745 2575 micon-at“.
1898 2521 2034 2568 trem
2095 2514 2464 2568 interfecerat.
2518 2512 2691 2568 Porro
2754 2512 3103 2583 Megabyzus,
3157 2526 3278 2581 qua:
3326 2517 3476 2577 gesta

200 2619 445 2682 fuerant,
483 2615 663 2670 omnia
693 2621 910 2680 narrat,
938 2619 995 2669 et
1029 2612 1304 2682 quomodo
1333 2611 1437 2665 lide
1461 2608 1622 2664 lnaro
1650 2607 1965 2677 Graecisque
1999 2608 2125 2662 data
2193 2609 2422 2680 Byblum
2473 2608 2716 2678 ceperit:
2775 2609 3030 2677 precibus
3095 2606 3219 2660 dein
3289 2604 3475 2656 uudtis

201 2717 342 2784 apud
398 2729 585 2783 regem
635 2710 912 2777 instando,
957 2723 1018 2764 ut
1061 2709 1242 2764 salvos
1298 2724 1393 2764 eos
1447 2721 1573 2762 esse
1621 2705 1806 2769 vellet,
1849 2705 2122 2774 postulata
2163 2705 2467 2776 impetrat:
2510 2706 2841 2774 tandemque
2888 2706 2956 2756 ad
3024 2700 3328 2758 exercitum
3373 2699 3480 2753 de-

202 2808 395 2869 fertur,
451 2805 671 2860 luarum
727 2820 790 2860 ac
822 2804 1047 2861 Graecos
1091 2803 1228 2858 nihil
1271 2803 1400 2857 mali
1443 2815 1566 2856 esse
1616 2813 1896 2870 passuros.

268 2919 507 2992 ’Δμύτις
526 2919 586 2974 δὲ
613 2920 757 2991 ὑπὲρ
787 2919 885 2973 τοῦ
940 2917 1132 2982 παιδὸς
1165 2915 1545 2987 ’Δχαιμενίδου
1564 2917 1586 2949 ⁹
1639 2913 1790 2968 δεινά

203 3015 476 3078 ἐποιεῖτο,
529 3014 579 3067 εί
639 3011 716 3084 μὴ
766 3013 1144 3082 τιμωρήσαιτο
1163 3009 1206 3041 ¹⁰
1243 3010 1456 3079 Ἵναρον
1503 3006 1600 3061 καὶ
1663 3007 1791 3066 τοὺς

202 3105 514 3176 Ἕλληνας·
575 3106 672 3159 καὶ
717 3105 950 3158 αἰτεῖται
995 3102 1170 3156 ταῦτα
1220 3099 1455 3171 βασιλεῖ,
1497 3099 1524 3152 ὁ
1585 3097 1643 3150 δὲ
1694 3097 1796 3150 οὐκ

204 3197 523 3250 ἐνδίδωσιν*
577 3191 697 3250 εἶτα
754 3195 1152 3266 Μεγαϐύζῳίί,
1203 3197 1230 3248 ὁ
1282 3193 1339 3246 δὲ
1377 3190 1792 3260 ἀποπέμπεται.

205 3285 337 3344 Εἶτα
363 3291 491 3344 ἐπεὶ
524 3289 743 3361 διώχλει
768 3289 860 3344 τὸν
879 3291 1016 3354 υἱὸν,
1042 3271 1470 3358 κατειργάσατο,
1513 3284 1608 3336 καὶ
1635 3282 1794 3334 πέντε

206 3384 589 3455 παρελθόντων
617 3383 755 3438 ἑτῶν
781 3384 1049 3455 λαμϐάνει
1079 3382 1174 3436 τὸν
1207 3383 1422 3450 Ἴναρον
1453 3378 1605 3448 παρὰ
1639 3377 1798 3447 βασι-

207 3479 342 3543 λέως
394 3478 651 3543 καὶτοὺς
673 3477 961 3550 Ἕλληνας.
995 3477 1107 3530 Καὶ
1137 3472 1525 3544 ἀνεσταύρωσε
1571 3470 1673 3540 μὲν
1709 3469 1803 3522 ἐπὶ

206 3574 353 3645 τρισὶ
411 3572 671 3642 σταυροῖς
708 3585 723 3600 ο
787 3571 1134 3640 πεντήκοντα
1171 3567 1230 3621 δὲ
1289 3566 1558 3638 Ἐλλήνων
1588 3603 1604 3626 ,
1646 3565 1804 3624 ὅσους

212 3666 398 3721 λαϐεῖν
455 3663 670 3734 ἴσχυσε,
734 3661 942 3716 τούτων
983 3660 1146 3732 ἔτεμε
1197 3657 1300 3722 τὰς
1361 3655 1626 3726 κεφαλάς.
1688 3653 1804 3707 Kal.

211 3757 460 3829 ἐλυπήθη
504 3755 687 3826 λύπην
717 3753 955 3826 σφοδράν
984 3751 1338 3822 Μεγάϐυζος,
1370 3749 1466 3804 καὶ
1513 3746 1803 3816 ἐπένθησε,

212 3852 303 3905 καὶ
351 3850 602 3923 ᾐτήσατο
621 3848 716 3902 ἐπὶ
736 3846 938 3916 Συρίαν
963 3846 1065 3916 τὴν
1095 3843 1292 3899 ἑαυτοῦ
1328 3842 1519 3914 χώραν
1553 3840 1800 3894 ἀπιέναιο

213 3943 452 3999 ἐνταῦθα
471 3941 652 4012 λάθρα
697 3939 793 3994 καὶ
824 3939 949 4002 τοὺς
976 3937 1171 4002 ἄλλους
1211 3936 1322 3990 τῶν
1362 3933 1638 4004 Ἐλλήνων
1671 3948 1808 4002 προ-

213 4035 454 4104 έπεμπε.
511 4033 626 4086 Kal.
679 4031 870 4103 ἀπῄει,
923 4029 1022 4084 καὶ
1087 4028 1306 4098 ἀπέστη
1368 4024 1656 4096 βασιλέως,
1714 4023 1806 4076 καὶ

214 4126 456 4196 ἀθροίζει
510 4123 756 4194 μεγάλην
779 4123 1031 4192 δύναμιν,
1065 4121 1196 4191 ἄχρι
1223 4120 1282 4173 ιε’
1318 4117 1596 4190 μυριάδων
1637 4114 1812 4185 χωρὶς

213 4218 317 4272 τῶν
342 4217 562 4272 ἱππέων
591 4213 818 4270 καὶτῶν
848 4214 1048 4279 πεζῶν.
1081 4213 1190 4267 Ka‘t
1208 4210 1490 4281 πέμπεται
1522 4206 1810 4278 Οὖσιρις,¹²

215 4311 334 4364 κατ’
362 4306 538 4363 αὐτοῦ
561 4309 660 4360 σὺν
694 4305 743 4359 κ’
777 4306 1023 4376 μυριάσι,
1055 4305 1152 4358 καὶ
1184 4301 1516 4356 συνάπτεται
1547 4299 1808 4368 πόλεμος,

1977 2913 2268 2968 Enimvero
2297 2912 2509 2984 Amytis
2533 2911 2670 2981 (99),
2704 2925 2814 2980 pra!
2843 2909 3029 2962 dolore
3075 2921 3139 2961 ex
3169 2905 3261 2960 lilii
3289 2903 3457 2958 Aclne

1905 3005 2138 3060 menid:e
2167 3006 2414 3072 interitu,
2463 3005 2736 3074 indignam
2787 3017 2901 3056 rem
2940 2999 3054 3052 fore
3092 2997 3479 3055 arbitrabatur,

1905 3099 2006 3151 nisi
2046 3112 2166 3151 cum
2207 3095 2410 3152 Graecis
2440 3095 2631 3150 lnarus
2679 3108 2895 3164 quoque
2923 3105 3116 3160 pcenas
3146 3087 3251 3143 sibi
3287 3089 3439 3140 daret
3461 3088 3484 3151 ς’

1903 3205 2074 3258 quare
2104 3189 2174 3243 ab
2209 3203 2336 3258 rege
2363 3187 2466 3242 sibi
2518 3187 2641 3242 illos
2683 3185 2962 3256 poposcit;
3011 3195 3198 3235 verum
3246 3179 3337 3232 ille
3376 3191 3485 3230 non

1905 3281 2160 3347 tradidit;
2226 3281 2421 3336 deinde
2489 3279 2558 3335 ab
2609 3279 2726 3347 ipso
2787 3276 3116 3347 Megabyso.
3184 3272 3278 3328 sed
3333 3283 3488 3337 aeque

1908 3377 2190 3448 repellitur
2231 3391 2246 3430 :
2293 3375 2468 3430 donec
2500 3373 2738 3436 tandem,
2776 3373 2902 3424 dum
2948 3370 3058 3421 lilio
3105 3365 3329 3420 molesta
3364 3375 3487 3416 esse

1885 3457 2010 3525 non
2063 3468 2292 3531 desinit,
2351 3465 2494 3535 quod
2537 3459 3072 3531 optabatponfecit,
3131 3456 3489 3524 quintumque

1905 3571 2028 3632 post
2053 3575 2253 3614 annum
2278 3558 2492 3612 lnarum
2528 3556 2735 3626 pariter
2763 3562 2822 3609 et
2850 3552 3072 3608 Graecos
3109 3565 3138 3603 a
3174 3561 3298 3616 rege
3324 3561 3489 3599 acce-

1907 3652 2004 3723 pit.
2032 3649 2099 3705 Et
2129 3647 2384 3704 crucibus
2425 3646 2642 3716 quidem
2693 3643 2867 3698 tribus
2913 3642 2989 3713 (1)
3042 3641 3190 3695 illum
3242 3635 3486 3692 suilixit:

1906 3743 1975 3800 de
2001 3742 2206 3799 Graecis
2237 3756 2368 3795 vero
2409 3738 2802 3809 quinquaginta
2839 3744 2941 3808 (tot
2985 3733 3129 3788 enim
3166 3744 3362 3800 capere
3391 3743 3491 3796 po-

1908 3834 2033 3906 tuit)
2073 3834 2248 3903 capita
2289 3831 2503 3888 curavit
2556 3827 2846 3897 amputari.
2893 3824 3087 3895 Magno
3139 3836 3268 3891 ergo
3308 3819 3493 3886 Mega-

1909 3929 2080 3998 byzus
2115 3926 2301 3980 dolore
2330 3924 2584 3992 luctuque
2608 3933 2922 3991 oppressus,
2961 3927 3018 3970 ut
3047 3915 3148 3968 sibi
3186 3914 3240 3967 in
3278 3911 3491 3982 Syriam

1913 4019 2189 4088 regionem
2223 4030 2375 4070 suam
2424 4011 2699 4083 proficisci
2753 4010 2964 4070 liceret,
3016 4006 3192 4076 petiit,
3229 4018 3339 4071 quo
3380 4000 3492 4070 jam

1913 4087 2125 4164 occulte
2171 4114 2397 4161 caateros
2431 4101 2747 4158 Graecorum
2796 4095 3154 4166 praemiserat,
3194 4106 3367 4160 eoque
3395 4087 3498 4140 ali-

1913 4201 2129 4272 quando
2157 4197 2457 4268 profectus,
2503 4209 2532 4246 a
2579 4206 2703 4260 rege
2735 4188 2987 4252 descivit,
3021 4197 3247 4252 magnas
3274 4181 3498 4235 omnino

1915 4269 2102 4360 cupias
2133 4287 2412 4357 colligens,
2446 4285 2512 4337 ad
2543 4292 2762 4337 centum
2799 4293 2971 4346 usque
3015 4287 3068 4329 et
3099 4269 3498 4343 quinquaginta

216 4405 308 4457 xui.
368 4400 663 4471 βάλλουσιν
725 4366 990 4469 ἀλλήλους
1010 4366 1364 4466 ’Μεγάϐυζος
1383 4394 1477 4446 καὶ
1503 4366 1753 4462 Οὕσιρίς,
1787 4410 1794 4439 ι

1916 4381 2105 4445 millia,
2168 4393 2411 4433 seorsum
2479 4375 2725 4443 equitum
2791 4372 3161 4441 peditmnque.
3222 4366 3500 4418 Adversus

221 4496 318 4568 μὲν
347 4493 614 4563 ἀκοντίῳ,
645 4494 740 4547 καὶ
765 4492 1024 4562 τυγχάνει
1047 4486 1374 4557 Μεγαϐύζου
1405 4487 1484 4550 είς
1513 4486 1606 4538 τὸν
1640 4483 1814 4555 μηρὸν

219 4589 313 4643 κτύ⁸
364 4585 669 4657 τιτρώσκει
719 4584 848 4655 ἄχρι
905 4582 1182 4636 δακτύλων
1218 4579 1332 4643 δύο,
1380 4580 1409 4632 ὁ
1441 4577 1498 4631 δὲ
1553 4574 1815 4636 ὡσαύτως

1916 4491 2038 4530 eum
2091 4471 2235 4544 5.1a
2265 4469 2439 4525 Osiris
2491 4468 2723 4521 mittitur
2771 4479 2892 4518 cum
2933 4460 3184 4516 ducentis
3232 4455 3497 4510 millibus.

1918 4567 2184 4622 Conserta
2231 4563 2354 4617 dein
2387 4577 2576 4624 manu,
2623 4567 2808 4612 mutuo
2842 4569 2962 4610 sese
2989 4554 3278 4605 vulnerant
3324 4546 3500 4602 Osiris

219 4638 477 4748 ἀκοντίῳι
513 4677 608 4730 τὸν
662 4638 1062 4744 τοῦωυύσίριος
1097 4638 1454 4743 μηρύνονεῐτα
1495 4668 1680 4740 βάλλει
1724 4667 1794 4729 είς

1913 4676 1978 4716 ac
2009 4657 2366 4727 Megabyzus:
2396 4653 2486 4706 ille
2531 4649 2712 4716 jaculo
2763 4645 3047 4716 Megabyzi
3104 4640 3280 4695 femur
3333 4638 3501 4692 attin-

221 4773 309 4826 τὸν
333 4765 511 4841 ὦμον,
546 4769 799 4830 κάκεῖνος
829 4766 1016 4820 πίπτει
1045 4766 1110 4818 ὲκ
1137 4764 1233 4817 τού
1302 4762 1494 4827 ἵππου,
1531 4759 1626 4814 καὶ
1659 4775 1816 4828 περι-

226 4863 368 4934 σχὼν
397 4857 730 4928 Μεγάϐυζος
759 4859 1092 4928 προστάσσει
1119 4853 1415 4908 ἀναλαϐεῖν
1442 4853 1538 4906 καὶ
1572 4849 1815 4922 περισῶ-

1917 4766 2070 4822 gens,
2108 4749 2244 4802 duos
2272 4745 2440 4798 altum
2473 4742 2671 4811 digitos
2702 4739 2897 4792 vulnus
2928 4733 3158 4796 inﬂixit;
3184 4731 3278 4786 hic
3312 4729 3498 4784 itidem

1915 4842 2097 4916 jaculo
2152 4837 2326 4894 Osiris
2362 4835 2596 4904 primum
2649 4830 2848 4895 femur,
2880 4829 3074 4884 deinde
3119 4839 3173 4882 et
3213 4828 3497 4881 humerum

232 4918 343 5014 «in.
381 4918 669 5006 Ἔπιπτον
697 4918 756 5004 δὲ
787 4918 975 5002 πολλοὶ
1001 4947 1108 5001 τῶν
1141 4945 1393 5016 Περσῶν,
1420 4944 1517 4997 καὶ
1547 4918 1794 5014 ὲμάχοντ‹

1919 4933 1994 4987 ita
2021 4928 2318 5002 percussit,
2364 4935 2422 4977 ut
2455 4924 2621 4977 etiam
2652 4936 2721 4976 ex
2759 4935 2900 4989 equo
2927 4918 3228 4985 ceciderit;
3259 4925 3314 4970 at
3345 4930 3500 4968 com-

229 5046 494 5116 ἀνδρείως
527 5045 576 5097 οί
625 5041 720 5096 τοῦ
761 5039 1092 5109 Μεγαϐύζου
1145 5005 1339 5101 παῖδες
1379 5005 1692 5106 ’Ζώπυροςη
1721 5049 1794 5084 κα

1921 5024 2111 5092 plexus
2153 5034 2275 5073 eum
2320 5015 2667 5084 Mcgabyzus,
2733 5010 3008 5067 sublatura
3055 5010 3262 5064 servari
3320 5005 3504 5074 jussit.

1922 5113 1968 5116 __
2240 5109 2275 5116 _
2555 5105 2604 5116 ..
2752 5113 2762 5116 _
2825 5100 2862 5116 η
2947 5102 2957 5113 .
3104 5109 3114 5116 ,
3182 5114 3220 5116 ,_
3269 5095 3504 5116 ._.._L,_

245 5137 536 5208 ’Δρτύφιος
557 5135 623 5202 ¹⁸,
663 5135 761 5190 καὶ
813 5133 938 5204 νίκη
961 5133 1174 5203 γίνεται
1215 5126 1530 5198 Μεγαϐύζῳ
1551 5123 1814 5197 κραταιά.

1921 5112 2073 5168 Multi
2104 5112 2214 5164 illic
2240 5109 2422 5163 Persa:
2455 5105 2791 5169 ceciderunt,
2825 5100 3031 5172 Zopiro
3065 5109 3228 5169 atque
3259 5095 3509 5162 Artiphio

1523 5267 1608 5321 VA
1619 5264 1760 5319 RIIE
1794 5250 2195 5318 LECTIONES.

309 5419 325 5448 ι
363 5415 533 5487 ῖνάρω
558 5415 665 5487 Α.,,
707 5411 731 5444 ³
757 5410 992 5487 esse
1021 5411 1141 5487 ἔσκε
1161 5426 1228 5487 ς·
1278 5403 1444 5487 -ἱτ-ῇ]

246 5487 268 5517 τ
304 5462 744 5554 adﬁgant-€10;
766 5462 1197 5554 ijii‘ni‘ralpnl"
1223 5496 1254 5533 a
1278 5462 1886 5554 3i).)_'_':‘rélo;"£mprre.
1922 5553 1941 5554 ἡ
1963 5462 2292 5554 ςπιήζσονται

1501 5397 1763 5472 «MA.
1841 5399 1865 5431 δ
1896 5393 2193 5472 Σαρτδιμαν
2253 5409 2348 5472 ςο.
2382 5389 2404 5422 ⁵
2439 5404 2563 5472 var.-
2625 5385 3006 5472 πάντεΜεῖ·
3049 5371 3507 5472 ς;.ἷ.ΞῨῗ3Ξ³-Ξ·

2479 5461 2501 5492 ⁸
2519 5443 2914 5528 ’ἀχαιμενίδους
2939 5443 3004 5505 Ᾱ.
3063 5443 3070 5444 ί
3103 5448 3148 5480 ¹⁰
3173 5443 3494 5516 τιμωρῆσαι

240 5531 571 5629 mea.
599 5531 1143 5620 evasisse;
1164 5531 1250 5614 ξς
1309 5550 1352 5586 ι·
1377 5531 1602 5616 tam
1625 5561 1686 5608 ς.
1827 5548 1885 5595 ει
1919 5531 2170 5608 posthac.
2247 5533 2292 5565 ιι
2318 5531 2610 5603 Ἀρτιφυος
2637 5545 2699 5592 ς·

1776 5657 1988 5714 NOTAE

315 5763 424 5834 (99)
464 5763 526 5820 P.
588 5761 847 5818 Amistris
867 5761 958 5818 illa
1017 5759 1260 5832 Onopliae
1318 5756 1450 5825 lilia,
1509 5754 1830 5810 Artaxerxae

249 5845 434 5891 mater.

1985 5749 2092 5817 _(l)
2120 5749 2194 5803 lta
2229 5746 2372 5802 Plut.
2423 5740 2476 5799 in
2510 5743 2812 5817 Artaxerxe
2859 5734 3028 5817 refert
3063 5729 3351 5817 Mesabata:
3388 5741 3514 5783 cor-

1932 5801 2436 5894 pnsﬁtlra'nsversum
2468 5813 2640 5868 tribus
2669 5809 2834 5866 fuisse
2862 5809 3028 5862 fixum
3061 5801 3337 5861 crucibus.
3446 5829 3449 5832 -
