3942 6234
480 382 580 450 191

1658 381 1926 444 PHOTII
1965 377 2480 442 PATRIARCHE
2522 377 2634 440 ΟΡ.

3646 374 3753 442 192

477 496 756 571 Megabyzi
825 497 953 552 Illiis
1003 506 1224 553 strenue
1291 495 1676 568 pugnantibus,
1745 496 2053 568 ingentique

2161 495 2538 562 Περιποιείται
2605 489 2835 563 Οὖσιριν
2891 489 3191 561 ἐπιμελῶς,
3238 489 3335 546 καὶ
3417 490 3744 563 ἀποπέμπει

479 591 807 662 Megabyzus
871 592 1078 661 potitur
1113 591 1364 645 victoria.
1427 587 1608 644 Osirin
1669 600 1850 645 autem
1907 589 2054 644 omni

477 698 612 738 cura
661 697 991 738 conservare
1039 683 1244 744 studet,
1293 695 1455 750 quem
1502 680 1666 736 etiam
1693 682 1762 735 ad
1795 681 2059 736 Artaxer-

481 792 582 828 xen
607 816 620 836 ,
657 777 830 843 ipsum
865 783 1226 841 repetentem,
1255 773 1484 827 dimisit.
1519 771 1750 826 Mittitur
1778 771 1976 826 deinde
2001 780 2058 825 et

478 869 616 921 alter
645 868 904 919 adversus
955 862 1307 937 Lﬁogabyzum
1358 864 1655 926 exercitus,
1687 879 1905 932 unaque
1946 861 2058 917 Me-

479 965 774 1020 nostrates,
822 955 1026 1010 Artarii
1069 956 1252 1010 filius:
1303 965 1420 1009 erat
1482 954 1731 1008 Artarius
1763 953 2056 1025 Babylonis

475 1056 729 1114 satrapa,
795 1055 850 1099 et
891 1047 1208 1098 Artaxerxae
1261 1044 1431 1113 ipsius
1476 1043 1667 1096 frater.
1711 1041 2056 1096 Concurrunt

475 1137 672 1192 iterum
697 1137 974 1192 exercitus
1002 1154 1016 1190 :
1049 1136 1142 1189 sed
1177 1135 1353 1189 Persa
1388 1134 1620 1202 fugiunt,
1647 1143 1703 1187 et
1725 1131 2054 1186 Menostates

475 1230 528 1284 in
571 1229 798 1283 humero
857 1244 885 1280 a
935 1227 1225 1296 Megabyzo
1271 1227 1598 1295 percutitur,
1642 1235 1762 1292 post
1801 1225 1966 1278 etiam
2001 1225 2054 1278 in

471 1319 671 1387 capite,
722 1326 781 1371 at
847 1332 956 1371 non
1013 1316 1198 1369 lethali
1235 1315 1477 1379 vulnere,
1529 1317 1760 1382 sagitam
1815 1314 2052 1382 excepit.

469 1409 631 1478 anit
665 1419 842 1462 tamen
886 1425 1008 1462 cum
1041 1408 1156 1462 suis
1204 1408 1482 1470 omnibus,
1515 1418 1570 1461 et
1607 1406 1900 1477 Megabyzo
1927 1405 2055 1459 illu-

472 1509 641 1554 strem
672 1499 960 1554 victoriam
991 1499 1265 1555 concedit.
1300 1498 1395 1553 His
1425 1499 1586 1554 rebus
1609 1498 1684 1551 ita
1711 1501 1901 1566 gestis.
1939 1513 2054 1552 mo-

471 1599 565 1642 net
593 1588 948 1659 Megabyzum
989 1604 1086 1656 per
1118 1587 1326 1656 legatos
1374 1589 1652 1650 Artorius,
1685 1603 1807 1641 cum
1839 1601 1965 1656 rege
1995 1594 2056 1640 ut

470 1679 802 1750 paciscatur.
837 1679 933 1734 ille
977 1692 1036 1733 se
1068 1679 1268 1747 pacisci
1304 1679 1523 1748 quidem
1565 1693 1688 1732 cum
1724 1691 1850 1747 rege
1889 1691 2053 1745 para-

473 1781 586 1822 tum
618 1771 880 1832 ostendit,
931 1785 1036 1823 non
1074 1779 1250 1824 tamen
1300 1761 1518 1823 ad‘enm
1549 1767 1842 1836 proficisci,
1874 1767 1970 1821 sed
1996 1767 2051 1821 in

2157 584 2317 638 τοῦτο
2349 583 2718 654 αἰτησάμενον
2767 581 2907 654 πρὸς
2949 583 3332 655 Ἀρτοξέρξην.
3359 581 3656 653 Πέμπεται
3688 583 3745 637 δὲ

2154 678 2280 731 κατ’
2316 675 2484 730 αὑτοῦ
2535 675 2700 746 ἑτέρα
2758 675 3012 746 στρατιά.
3064 673 3160 728 καὶ
3193 676 3550 746 Μενοστάτης
3583 677 3613 728 6
3650 675 3745 728 τού

2169 766 2456 838 ’Λρταρίου
2508 767 2672 828 sui,“
2707 765 2816 820 ὁδε
2849 765 3140 836 Ἀρτάριος
3195 765 3483 837 σατράπης
3540 766 3642 836 μὲν
3673 761 3742 836 ἦν

2155 858 2495 922 Βαϐυλῶνος,
2538 857 2892 928 Ἀρτοξέρξου
2923 857 2980 911 δὲ
3003 857 3250 924 ἀδελφός.
3317 857 3429 910 Καὶ
3491 856 3744 926 συμϐάλ-

2155 949 2340 1005 λουσιν
2368 949 2640 1020 ἀλλήλοις,
2665 949 2764 1004 καὶ
2802 948 2995 1018 φεύγει
3022 949 3055 1018 ή
3089 949 3334 1020 Περσικὴ
3361 949 3616 1019 στρατιά,
3649 949 3747 1003 καὶ

2154 1041 2507 1111 Μενοστάτης
2545 1039 2794 1110 βάλλεται
2821 1041 2902 1103 εἰς
2932 1038 3023 1091 τὸν
3055 1031 3205 1108 ὦμον
3237 1037 3344 1092 ὑπὸ
3391 1035 3744 1108 Μεγαϐύζου,

2155 1129 2277 1186 εἶτα
2316 1133 2397 1196 είς
2427 1131 2528 1199 τὴν
2566 1129 2807 1201 κεφαλὴν
2839 1129 3119 1196 τοξεύεται
3146 1129 3209 1183 οὐ
3238 1129 3485 1200 καιρίαν,
3549 1133 3748 1198 φεύγει

2154 1223 2212 1278 δὲ
2235 1225 2384 1294 ὅμως
2410 1222 2574 1286 αὐτὸς
2625 1221 2719 1275 καὶ
2751 1223 2799 1275 οἱ
2829 1222 2947 1291 μετ’
2999 1219 3194 1286 αὑτοῦ,
3228 1221 3320 1276 καὶ
3352 1220 3476 1293 νίκη
3513 1223 3750 1293 λαμπρά

2155 1314 2364 1383 γίνεται
2407 1314 2744 1384 Μεγαϐύζῳ.
2805 1312 3101 1384 ’Δρτάριος
3131 1313 3189 1366 δὲ
3218 1314 3430 1384 πέμπει
3457 1314 3599 1386 πρὸς
3632 1315 3748 1368 Με-

2155 1406 2421 1474 γάϐυζον,
2475 1407 2568 1459 καὶ
2631 1407 2888 1475 παραινεῖ
2935 1405 3271 1458 σπείσασθαι
3331 1405 3578 1476 βασιλεῖ·
3617 1407 3649 1459 6
3687 1406 3748 1459 δὲ

2150 1497 2302 1570 δηλοί
2332 1496 2662 1552 σπείσασθαι
2695 1497 2794 1567 μὲν
2823 1495 3110 1567 βούλεσθαι
3133 1499 3230 1550 καὶ
3259 1496 3445 1564 αὐτὸν,
3467 1498 3531 1550 οὐ
3560 1497 3749 1568 μέντοι

2154 1591 2565 1664 παραγενέσθαι
2601 1591 2741 1663 πρὸς
2760 1589 3010 1660 βασιλέα,
3040 1590 3159 1644 ἀλλ’
3186 1591 3271 1659 ἐφ’
3293 1583 3343 1658 ᾧ
3379 1590 3564 1661 μένειν
3589 1591 3647 1643 έν
3676 1591 3745 1661 τῇ

2153 1683 2348 1738 ἑαυτοῦ
2373 1684 2436 1739 ¹⁵.
2463 1682 2895 1751 Ἀπαγγέλλεται
2937 1681 3110 1736 ταῦτα
3156 1678 3389 1752 βασιλεῖ,
3447 1681 3547 1735 καὶ
3590 1698 3743 1750 συμ-

2153 1773 2506 1827 ϐουλεύουσιν
2553 1772 2894 1845 Ἀρτοξάρης
2913 1786 2973 1826 τε
3011 1774 3043 1826 6
3074 1770 3384 1842 Παφλαγὼν
3454 1771 3742 1843 εὐνοῦχος,

472 1877 570 1918 sua
601 1879 819 1918 manere
854 1863 1133 1934 provincia
1178 1861 1337 1915 velle.
1373 1861 1498 1916 llaec
1543 1861 1655 1930 regi
1705 1861 2048 1922 nuntiantur,

2160 1865 2298 1920 ἀλλὰ
2317 1866 2467 1935 καὶὴ
2498 1864 2826 1935 Ἀμῆστρις,
2889 1864 3097 1936 σπουδῇ
3135 1862 3484 1918 σπείσασθαι.
3519 1864 3749 1934 Πέμπε-

471 1970 632 2024 quem
669 1957 982 2020 Artoxares,
1023 1970 1053 2009 e
1079 1953 1444 2024 Paphlagonia
1485 1955 1789 2018 cantichus,
1820 1953 2044 2021 ipsaque

473 2047 610 2100 adeo
663 2048 920 2102 Amistris
980 2049 1288 2108 hortantur,
1350 2060 1579 2115 propere
1621 2053 1683 2099 ut
1722 2044 2054 2116 paciscatur.

472 2136 593 2205 Ipse
637 2139 822 2205 itaque
856 2138 1124 2198 Artorius,
1157 2145 1213 2191 et
1253 2135 1466 2206 Amytis
1520 2150 1681 2199 uxor,
1715 2150 1933 2202 unaque
1959 2139 2057 2189 Ar-

473 2237 716 2293 toxares,
754 2227 1072 2282 vicesimum
1101 2226 1214 2296 jam
1269 2240 1436 2292 agens
1484 2241 1708 2289 annum,
1745 2235 1802 2279 et
1829 2222 2056 2280 Osioros

472 2321 620 2374 filius
653 2319 883 2383 Petisas,
915 2321 1006 2390 qni
1039 2328 1093 2374 et
1125 2318 1387 2390 Spitanm
1429 2327 1608 2388 pater,
1640 2319 1956 2373 mittuntur.
1991 2316 2055 2372 Hi

474 2411 656 2464 multis
703 2412 1050 2466 sermonibus
1080 2426 1144 2465 ac
1188 2410 1518 2478 iuramentis
1563 2423 1815 2463 securum
1872 2407 2054 2476 blega-

467 2503 666 2574 byznm
717 2503 1030 2568 redilentes,
1082 2517 1230 2573 aegre
1282 2512 1462 2557 tamen
1510 2501 1861 2570 persuadent,
1896 2509 1956 2552 ut
1986 2498 2053 2553 ad

469 2609 654 2662 regem
709 2594 1108 2662 proficiscatur.
1161 2593 1264 2648 Cui
1301 2594 1520 2648 tandem
1565 2606 1810 2652 reverso,
1846 2607 1942 2645 rex
1977 2590 2056 2645 si-

470 2687 770 2756 gnificavit,
813 2687 1028 2741 veniam
1079 2701 1138 2741 se
1187 2686 1261 2741 illi
1313 2701 1500 2742 eorum
1553 2702 1674 2755 qua:
1717 2684 2050 2748 admisisset,

471 2779 625 2834 dare.
671 2777 940 2846 Egressus
968 2788 1088 2848 post
1135 2778 1251 2832 hare
1282 2776 1575 2846 aliquando
1604 2778 1672 2830 ad
1704 2777 2049 2832 venationem

471 2883 590 2934 rex,
628 2883 659 2922 a
707 2867 866 2924 leone
900 2869 1194 2931 invaditur,
1235 2882 1397 2936 quem
1439 2868 1492 2921 in
1543 2867 1770 2923 sublime
1817 2882 1939 2922 sese
1967 2875 2054 2920 at-

473 2959 777 3024 tollentem,
812 2958 996 3026 jacnlo
1041 2959 1356 3029 percutiens
1399 2958 1726 3031 Megabyzns
1769 2956 2047 3013 interficit.

473 3050 528 3102 Id
597 3049 799 3104 factum
849 3051 1086 3120 graviter
1127 3049 1250 3104 tulit
1292 3049 1648 3114 Artaxerxes,
1702 3049 1847 3118 quod
1894 3058 2052 3104 ante-

467 3157 637 3210 qtvam
688 3139 804 3210 ipse
871 3143 1040 3196 feram
1101 3153 1294 3198 nactus
1332 3153 1499 3205 esset,
1557 3159 1678 3196 eam
1723 3141 2051 3214 Megabyzns

471 3194 838 3300 confecisset;
871 3250 1042 3303 quare
1093 3245 1256 3304 caput
1292 3235 1342 3290 ei
1379 3235 1626 3289 abscindi
1659 3194 2050 3303 impe:at.JScd
2079 3194 2124 3255 ϐ

471 3326 753 3393 Amistris,
809 3337 865 3383 et
894 3329 1129 3398 Amytis,
1154 3338 1209 3383 et
1250 3329 1482 3382 aliorum
1523 3327 1802 3398 precibus,
1859 3326 2053 3382 mortis

468 3419 522 3472 ei
580 3431 738 3489 poena
788 3417 1116 3484 condonata,
1173 3418 1240 3473 ad
1273 3419 1460 3474 urbem
1529 3418 1818 3485 quamdam
1873 3415 2054 3490 Cyrtaa

472 3512 714 3574 nomine,
763 3511 906 3566 circa
946 3527 1096 3567 mare
1131 3511 1397 3576 Rubrum,
1434 3509 1725 3581 relegatur.
1759 3510 2054 3566 Artoxares

474 3616 691 3670 quoque
747 3603 1055 3667 eunuchus,
1103 3603 1247 3674 quod
1293 3602 1491 3671 sapius
1534 3605 1676 3673 apud
1721 3616 1903 3672 regem
1955 3617 2054 3672 pro

472 3692 768 3763 Megabyzo
821 3695 1046 3751 liberius
1094 3696 1306 3749 locutus
1355 3695 1570 3761 fuisset,
1629 3697 1682 3749 in
1739 3695 2051 3750 Armeniam

471 3785 704 3839 mittitur
725 3787 1054 3841 exsulatum.
1083 3787 1154 3841 At
1190 3787 1534 3858 Megabyzus,
1563 3787 1805 3856 quinque
1827 3787 1880 3840 in
1908 3789 2056 3858 exsi-

471 3876 546 3930 lio
586 3877 874 3932 transactis
923 3880 1081 3931 annis
1124 3876 1265 3948 416
1314 3878 1534 3948 pisagan
1578 3893 1700 3933 sese
1742 3879 2054 3934 simulando

473 3967 724 4037 (pisagaa
773 3979 951 4024 autem
1005 3967 1188 4024 Persis
1233 3967 1434 4022 dicitur
1471 3969 1738 4038 leprosua,
1790 3970 1854 4024 ad
1894 3985 2055 4041 quem

473 4060 676 4115 nemini
699 4061 943 4115 omnium
972 4060 1232 4117 accedere
1262 4059 1646 4132 permittitur),
1679 4060 1913 4131 aufugit,
1958 4063 2048 4117 do-

474 4166 735 4221 mumque
769 4153 836 4207 ad
881 4153 1103 4224 Amytin
1151 4168 1427 4217 reversus,
1463 4168 1606 4224 aegre
1640 4153 1856 4209 tandem
1889 4154 2048 4226 agni-

474 4251 564 4297 tus
595 4253 698 4297 est.
723 4241 860 4298 Hinc
892 4259 990 4312 per
1015 4243 1277 4299 Amistrin
1329 4255 1496 4314 atque
1527 4245 1746 4316 Ainytin
1767 4261 1890 4301 cum
1929 4261 2054 4316 rege

477 4335 860 4390 reconciliatur

2161 1974 2250 2010 ται
2272 1953 2368 2011 οὖν
2424 1957 2711 2027 ’Δρτάριός
2747 1974 2806 2009 τε
2830 1957 2992 2019 αὐτὸς
3037 1957 3133 2009 καὶ
3156 1954 3385 2026 ’Δμύτις
3421 1957 3455 2026 ἡ
3480 1955 3622 2027 γυνὴ
3648 1957 3750 2009 καὶ

2171 2050 2506 2123 ’Δρτοξάρης
2529 2049 2665 2102 έτῶν
2719 2050 2822 2122 ἤδη
2843 2047 2920 2103 ὢν
2951 2049 3152 2113 εἴκοσι,
3210 2050 3306 2102 καὶ
3371 2049 3623 2119 Πετήσας
3652 2049 3749 2102 "6

2157 2145 2412 2216 Οὐσίριος
2460 2144 2556 2197 καὶ
2589 2142 2845 2213 Σπιτάμα
2876 2142 3081 2214 πατήρ.
3115 2139 3243 2214 [124
3273 2138 3365 2214 R.]
3407 2141 3628 2203 Πολλοῖς
3651 2140 3749 2195 οὖν

2157 2238 2342 2307 ὅρκοις
2395 2235 2493 2289 καὶ
2555 2235 2739 2303 λόγοις
2809 2233 3332 2304 πληροφορήσαντες
3413 2231 3746 2301 Μεγάβυζον

2161 2327 2314 2398 μόλις
2371 2326 2527 2402 ὅμως
2560 2325 2808 2379 πείθουσι
2844 2324 2982 2395 πρὸς
3031 2323 3259 2395 βασιλέα
3311 2322 3745 2394 παραγενέσθαι,

2156 2420 2253 2474 καὶ
2301 2420 2555 2492 βασιλεὺς
2601 2419 2754 2482 τέλος
2809 2417 2898 2490 [61
2935 2415 3027 2490 IL]
3051 2416 3269 2488 ἔπεμπε
3307 2415 3746 2488 παραγενομένῳ

2157 2512 2491 2584 συγγνώμην
2543 2511 2689 2582 ἔχειν
2743 2511 2856 2565 τῶν
2914 2509 3348 2581 ἡμαρτημένων.
3425 2509 3746 2580 ’Βξέρχεται

2157 2604 2412 2676 βασιλεὺς
2444 2604 2538 2657 ἐπὶ
2591 2603 2789 2676 θήραν,
2861 2603 2959 2657 καὶ
3014 2601 3155 2656 λέων
3208 2601 3505 2669 ἐπέρχεται
3569 2598 3741 2669 αὐτῷ,

2157 2695 2435 2768 μετεώρου
2462 2696 2522 2750 δὲ
2556 2694 2864 2766 φερομένου
2922 2693 3018 2748 τοῦ
3047 2693 3240 2765 θηρίου
3287 2691 3476 2764 βάλλει
3504 2691 3747 2762 ἀκοντίῳ

2160 2787 2492 2859 Μεγάϐυζος
2515 2787 2611 2842 καὶ
2658 2788 2905 2856 ἀναιρετο
2939 2786 3037 2840 καὶ
3069 2783 3352 2856 ὀργίζεται
3379 2781 3745 2855 Ἀρτοξέρξης

2152 2882 2236 2936 ὄτι
2262 2882 2391 2954 πρὶν
2413 2881 2446 2953 ἦ
2475 2881 2637 2944 αὐτὸς
2665 2881 2806 2954 τύχῃ
2826 2878 3154 2949 Μεγάϐυζος
3181 2877 3344 2932 ἔϐαλε
3364 2876 3431 2938 ⁸⁸.
3455 2875 3552 2931 καὶ
3571 2891 3748 2946 προσ·

2151 2975 2342 3028 τάσσει
2391 2974 2494 3042 τὴν
2557 2973 2808 3043 κεφαλὴν
2838 2972 2932 3028 τὸν
2967 2970 3296 3039 Μεγάϐυζον
3329 2966 3744 3037 ἀποτμηθῆναι.

2165 3066 2492 3136 ’Δμήστριος
2513 3065 2571 3119 δὲ
2600 3064 2697 3119 καὶ
2716 3063 2976 3134 Ἀμύτιος
3000 3064 3094 3117 καὶ
3121 3062 3230 3117 τῶν
3255 3059 3430 3116 ἄλλων
3445 3061 3510 3131 τῇ
3537 3075 3746 3131 παραιο

2153 3155 2308 3224 στήσει
2331 3153 2426 3207 τοῦ
2461 3153 2561 3224 μὲν
2606 3151 2838 3207 θανάτου
2871 3150 3085 3223 ῥύεται.
3137 3149 3486 3209 ἀνάσπαστος
3509 3146 3567 3200 δὲ
3595 3145 3747 3214 γίνε-

2153 3263 2244 3299 ται
2266 3247 2347 3310 εἰς
2367 3247 2466 3316 τὴν
2487 3243 2760 3316 Ἐρυθρὰν
2790 3244 2848 3299 ἐν
2875 3262 2982 3298 τινι
3019 3241 3200 3308 πόλει,
3241 3240 3470 3311 ὀνόματι
3502 3237 3743 3309 Κύρται.

2167 3333 2502 3407 Ἐξορίζεται
2530 3334 2588 3389 δὲ
2614 3335 2706 3390 καὶ
2730 3333 3066 3405 Ἀρτοξάρης
3087 3333 3116 3386 6
3143 3329 3401 3401 εὐνοῦχος
3426 3329 3508 3391 εἰς
3545 3328 3748 3396 ’Δρμε-

2155 3423 2294 3490 νίαν,
2353 3425 2436 3478 ὅτι
2491 3423 2756 3488 πολλάκις
2794 3423 2934 3495 ὑπὲρ
2959 3418 3292 3491 Μεγαϐύζου
3327 3417 3540 3489 βασιλεῖ
3564 3415 3744 3488 έπαῤ-

2157 3514 2478 3585 ρησιάσατο.
2521 3514 2580 3567 '0
2603 3513 2660 3567 δὲ
2690 3512 3020 3583 Μεγάϐυζος
3074 3509 3238 3565 πέντε
3290 3507 3577 3578 διατρίψας
3604 3510 3674 3579 τῇ
3701 3507 3746 3538 ⁸⁷

2156 3597 2342 3669 ἐξορίᾳ
2372 3597 2466 3670 έτη
2487 3597 2893 3671 ἀποδιδράσκει,
2926 3595 3246 3666 ὑποκριθεὶς
3295 3595 3386 3647 τὸν
3407 3594 3451 3626 ⁸³
3483 3594 3748 3663 πισάγαν·

2159 3694 2398 3761 πισάγας
2440 3689 2498 3743 δὲ
2544 3689 2763 3762 λέγεται
2824 3687 2976 3762 παρὰ
3031 3687 3271 3758 Πέρσαις
3303 3687 3331 3740 6
3365 3685 3592 3757 λεπρὸς,
3651 3685 3754 3740 καὶ

2158 3789 2274 3843 ἐστι
2323 3790 2488 3840 πᾶσιν
2540 3786 2862 3856 ἀπρόσιτος.
2915 3783 3190 3856 Ἀποδράς
3231 3783 3326 3838 οὖν
3377 3782 3753 3854 παραγίνεται

2159 3879 2298 3951 πρὸς
2320 3879 2379 3932 Ἀ
2389 3877 2549 3949 μύτιν
2580 3875 2676 3932 καὶ
2698 3877 2790 3931 τὸν
2803 3871 2973 3941 οἷκον,
3002 3875 3098 3930 καὶ
3121 3874 3278 3945 μόλις
3293 3873 3750 3944 ἐπιγινώσκεται.

2161 3969 2274 4024 Καὶ
2306 3969 2375 4024 δι’
2416 3969 2742 4039 Ἀμήστριος
2803 3966 2900 4022 καὶ
2943 3965 3260 4037 Ἀμύτιοςη
3308 3965 3751 4021 καταλλάσσεται

2161 4063 2190 4116 6
2223 4060 2498 4132 βασιλεὺς.
2543 4061 2640 4115 καὶ
2680 4060 2827 4113 ποιεῖ
2853 4059 3018 4114 αὑτὸν
3047 4058 3126 4124 ὡς
3155 4059 3218 4112 τὸ
3241 4057 3478 4131 πρόσθεν
3502 4060 3753 4132 ὁμοτρά-

2161 4154 2346 4219 πεζον.
2405 4155 2587 4224 Ζήσας
2617 4154 2674 4207 δὲ
2697 4151 2758 4218 ἒξ
2789 4152 2885 4208 καὶ
2931 4151 3305 4225 ἐϐδομήκοντα
3350 4151 3446 4225 ἐτη
3481 4153 3750 4221 ἀπέθανε,

2161 4248 2258 4299 καὶ
2286 4245 2467 4317 κάρτα
2491 4244 2731 4317 ἠχθέσθη
2763 4243 3037 4316 βασιλεύς.

920 4352 935 4389 :
991 4335 1085 4406 qui
1149 4349 1297 4397 eunt,
1354 4336 1430 4388 uti
1470 4347 1652 4399 antea,
1696 4351 1808 4390 suae
1862 4351 2062 4391 mensae
2101 4338 2423 4405 participem
2477 4333 2626 4392 fecit.
2665 4333 2861 4392 Verum
2908 4349 3034 4390 cum
3070 4349 3165 4392 sex
3199 4335 3315 4408 jam
3393 4346 3449 4393 et
3527 4349 3754 4409 septua-

478 4426 628 4492 ginta
657 4425 882 4480 vixisset
913 4441 1104 4490 annos,
1144 4439 1340 4494 magno
1373 4426 1512 4494 regis
1538 4441 1661 4480 cum
1690 4425 1877 4480 dolore
1906 4435 2152 4480 mortuus
2176 4434 2282 4480 est.

547 4513 676 4570 Post
719 4514 998 4586 Megabyzi
1049 4525 1302 4578 mortem,
1355 4531 1478 4568 cum
1529 4516 1713 4568 multis
1759 4515 2053 4569 admodum

2238 4514 2673 4587 Τελευτήσαντος
2725 4513 2784 4568 δὲ
2823 4512 3154 4585 Μεγαϐύζου
3196 4515 3376 4588 κάρτα
3405 4510 3477 4588 ἦν
3517 4513 3754 4587 Ἀμύτις

481 4609 613 4664 viris
641 4610 853 4681 Amytis
885 4610 1298 4671 consuescebat,
1329 4617 1386 4661 ut
1418 4619 1545 4663 ante
1581 4623 1701 4662 eam
1729 4617 1901 4663 mater
1921 4624 2060 4678 quo-

480 4714 588 4768 que
613 4699 888 4754 Amistris.
936 4697 1322 4768 Appollonides
1372 4713 1523 4767 ergo,
1555 4695 1703 4751 Cous
1748 4697 1838 4751 ille
1887 4697 2060 4751 medi-

2165 4606 2426 4677 ἀνδράσιν
2467 4604 2752 4678 ὁμιλοῦσα,
2785 4607 2881 4659 καὶ
2903 4605 3009 4678 πρό
3038 4623 3104 4675 γε
3138 4607 3350 4678 ταύτης
3377 4607 3473 4662 καὶ
3501 4609 3536 4678 ἡ
3563 4611 3752 4680 μήτηρ

2180 4701 2481 4773 Ἀμῆστρις
2525 4699 2763 4768 ὁμοίως,
2809 4698 2870 4751 ’0
2907 4699 2964 4752 δὲ
3022 4697 3421 4769 Ἀπολλωνίδης
3476 4701 3507 4753 6
3566 4701 3753 4770 ἰατρὸς

479 4801 601 4852 cus,
648 4800 772 4842 cum
819 4787 1028 4856 Amytis
1075 4785 1266 4839 leviter
1309 4794 1621 4854 aegrotaret,
1668 4793 1725 4838 et
1771 4785 1892 4854 ejus
1946 4785 2053 4853 ipse

2166 4791 2196 4844 6
2253 4788 2452 4859 Κῷος,
2507 4788 2630 4840 ἐπεὶ
2673 4785 2917 4849 ἀσθενῶς
2970 4780 3134 4857 εἶχενι
3172 4784 3402 4856 Ἀμύτις
3445 4825 3460 4852 ,
3540 4786 3591 4837 εί
3659 4790 3756 4838 καὶ

481 4890 671 4930 amore
701 4889 898 4946 captus
944 4889 1109 4942 esset,
1153 4876 1268 4932 fore
1298 4877 1439 4932 dixit.
1485 4886 1543 4931 ut.
1591 4891 1653 4932 ea
1692 4877 1744 4931 in
1773 4878 2053 4945 pristinam

2171 4879 2422 4954 βληχρῶς
2464 4880 2510 4912 ὀ
2543 4878 2638 4933 καὶ
2681 4879 2783 4932 ούκ
2834 4877 3075 4964 ἰσχυρῶς
3101 4920 3117 4944 ,
3168 4878 3378 4942 ἐκεῖνος
3437 4876 3494 4931 δὲ
3533 4875 3754 4948 ἠράσθη

483 4968 844 5023 valetudinem
883 4968 1284 5033 restitueretur,
1324 4970 1368 5023 si
1413 4985 1536 5022 cum
1584 4967 1716 5023 viris
1748 4968 2053 5038 congrede-

2169 4976 2364 5046 αὐτῆς,
2407 4973 2512 5043 ἔφη
2561 4973 2643 5036 είς
2685 4972 2784 5042 τὴν
2826 4970 3014 5040 ὑγείαν
3055 4969 3230 5032 αὐτὴν
3273 4969 3619 5029 ἐπανελθεῖν.
3656 4967 3757 5021 ἐὰν

485 5069 656 5125 retur,
689 5075 811 5113 nam
846 5060 1016 5115 vulvae
1064 5061 1248 5115 vexari
1289 5059 1500 5114 morbo.
1534 5060 1663 5126 Quae
1706 5075 1829 5114 cum
1869 5061 1942 5113 illi
1969 5075 2053 5116 ars

2164 5067 2424 5137 ἀνδράσιν
2451 5064 2711 5135 ὁμιλήσῃ’
2741 5062 2841 5132 τῆς
2879 5063 2988 5131 γάρ
3035 5060 3270 5129 ὑστέρας
3306 5052 3446 5111 εῐναι
3485 5057 3547 5110 τὸ
3586 5056 3758 5128 νόση-

483 5167 552 5204 ex
593 5160 720 5205 voto
749 5152 1122 5216 successisset,
1162 5162 1330 5220 atque
1381 5167 1503 5204 cum
1546 5166 1609 5204 ea
1643 5152 2050 5216 concubuisset,

2167 5177 2262 5230 μα.
2307 5159 2459 5210 Ἐπεὶ
2505 5157 2563 5210 δὲ
2601 5153 2754 5224 αύτῷ
2817 5152 3102 5222 ἐξεγένετο
3130 5150 3191 5203 τὸ
3250 5148 3593 5219 ἐπιτήδευμα
3645 5148 3751 5200 καὶ

481 5243 577 5298 ubi
609 5240 865 5297 fetuinam
931 5245 1321 5298 contabescere
1348 5241 1758 5306 animadvertit,
1798 5244 2053 5298 abstinuit

2162 5252 2358 5322 ὡμίλει
2385 5252 2558 5320 αὐτῇ,
2607 5251 2642 5321 ἡ
2679 5249 2737 5302 δὲ
2780 5247 3066 5319 ἄνθρωπος
3102 5241 3436 5314 ἐμαραίνετο
3463 5279 3482 5306 ,
3535 5239 3754 5309 ἀπέστη

489 5356 520 5392 a
564 5339 982 5394 consuetudine.
1029 5340 1198 5411 Igitur
1235 5339 1347 5402 illa,
1397 5348 1572 5392 morte
1603 5339 1916 5404 accedente,
1949 5353 2053 5393 nta-

2167 5343 2269 5412 τῆς
2335 5341 2644 5404 συνουσίας.
2698 5336 3018 5392 Τελευτῶσα
3067 5333 3132 5406 δὴ
3180 5329 3275 5386 οὖν
3333 5329 3633 5402 έπήγγειλε
3684 5333 3753 5401 τῇ

487 5429 560 5484 tri
604 5431 824 5496 indixit,
852 5430 1265 5501 Appollonidem
1308 5439 1369 5482 ut
1397 5428 1771 5481 ulcisceretur.
1807 5429 1928 5481 llaec
1952 5429 2053 5498 regi

2175 5437 2344 5509 μητρὶ
2397 5434 2710 5506 ἀμύνασθαι
2761 5429 3179 5499 Ἀπολλωνίδην.
3245 5427 3310 5480 Ἡ
3337 5425 3396 5479 δὶ
3443 5423 3755 5495 ἀπήγγειλε

486 5519 587 5590 ipsi
629 5522 918 5578 Artaxerxi
961 5537 1074 5578 rem
1118 5537 1335 5577 omnem
1375 5520 1648 5589 exposuit,
1691 5530 1746 5575 et
1797 5523 2053 5591 quomodc

2173 5530 2352 5584 πάντα
2394 5525 2724 5599 Ἀρτοξέρξῃ
2742 5525 2818 5596 τῷ
2851 5527 2892 5556 ³³
2927 5523 3155 5594 βασιλεῖ,
3185 5521 3334 5583 ὅπως
3354 5533 3416 5572 τι
3437 5514 3632 5587 ὡμίλει
3660 5513 3757 5567 καὶ

1789 5637 2024 5696 νΑιιικΕ
2056 5641 2468 5703 LECTIONES.

560 5731 883 5809 ‘f‘gscot’tg.
961 5732 1004 5764 "
1034 5730 1272 5809 Πετξσας
1306 5747 1367 5794 ς.
1411 5731 1454 5765 ¹⁶
1485 5726 1708 5809 ἔϐαλλεν
1740 5726 1804 5790 Δ.
1869 5737 1912 5770 ¹⁷
1933 5733 2024 5806 τῇ]
2059 5736 2118 5791 ὲν
2143 5739 2210 5807 τῇ
2245 5755 2304 5802 ς’.
2349 5738 2392 5770 ¹⁸
2427 5735 2542 5809 τὸν]
2573 5736 2655 5800 είς
2676 5733 2768 5789 τὸν
2793 5751 2853 5798 ς.
2923 5733 2966 5766 ³⁸
2995 5723 3276 5802 maxime]
3303 5723 3372 5778 δι’
3398 5715 3658 5793 ’Δμῦτιος
3687 5736 3750 5786 τι

487 5800 537 5836 ⁸³
573 5800 862 5872 ἀϐληχρῶς
898 5819 957 5865 ς.
1033 5804 1073 5832 ¹¹
1113 5799 1190 5869 τῷ
1220 5816 1329 5856 om.
1399 5817 1481 5869 pr.
1531 5799 1598 5853 A.
