3942 6234
213 182 313 249 193

1353 183 1861 246 BIBLIOTHECA
1874 231 1886 244 .
1912 208 1977 220 -
2003 181 2169 242 COD.
2184 181 2426 242 LXXII.

3388 185 3492 250 194

209 298 357 358 ὅπως
384 291 605 364 ἀπέστη
635 291 866 364 ὑϐρίσας
892 333 908 358 ,
954 294 1048 346 καὶ
1071 294 1221 356 ὅπως
1252 294 1286 362 ή
1332 292 1579 364 θυγάτηρ
1626 296 1791 364 ἐπήγ-

1906 289 2014 345 ﬁlia
2043 292 2183 346 velle
2212 293 2280 347 de
2307 291 2665 361 Appollonide
2711 292 3039 364 supplicium
3065 296 3227 364 sumi,
3262 300 3371 355 sibi
3403 302 3490 356 in-

207 388 390 456 γειλεν
414 426 433 453 ,
505 384 905 455 Ἀπολλωνίδην
964 384 1299 454 ἀμύνασθαι’
1349 387 1557 448 ἐκεῖνος
1621 385 1677 437 δέ
1729 388 1798 455 τῇ

212 479 385 550 μητρλ⁵
413 476 479 530 τδ
513 477 924 547 παριστάμενον
970 478 1108 546 αὐτῇ
1160 476 1431 546 πράττειν
1491 475 1799 545 ἐπιτρέπει.

222 570 285 625 Ἦ
318 572 380 624 δὲ
430 568 675 623 λαϐοῦσα
710 569 869 639 ἔδησε
916 568 1008 621 τὸν
1066 567 1468 636 Ἀπολλωνίδην
1504 566 1629 620 δυσὶ
1664 565 1802 636 μησὶ

208 662 544 729 κολάζουσα,
559 661 753 715 ἔπειτα
779 660 956 725 ζῶντα
977 658 1315 730 κατώρυξεν,
1337 660 1426 712 ὅτε
1450 658 1545 711 καὶ
1577 656 1801 727 Ἀμύτις

207 756 511 811 ἀπέθανεν.

279 848 552 918 Ζώπυρος
577 846 634 900 δὲ
662 849 690 901 6
715 846 1046 915 Μεγαϐύζου
1078 847 1170 902 καὶ
1210 847 1464 917 Ἀμύτιος
1502 851 1650 915 παῖς,
1676 849 1801 902 ἐπεὶ

208 938 359 1008 αύτῷ
400 939 429 992 ὅ
451 956 511 991 τε
542 938 728 1009 πατὴρ
767 940 863 991 καὶ
891 939 924 1008 ή
963 939 1150 1009 μήτηρ
1176 937 1548 1009 ἐτελεύτησεν,
1584 940 1798 1011 ἀπέστη

208 1031 481 1101 βασιλέως
515 1032 609 1083 καὶ
631 1031 712 1092 είς
756 1029 987 1101 Ἀθήνας
1016 1029 1270 1098 ἀφίκετο,
1305 1029 1448 1083 κατὰ
1480 1030 1580 1100 τὴν
1619 1031 1720 1100 τῆς
1752 1033 1798 1064 ’³

210 1121 424 1193 μητρὸς
463 1122 546 1184 είς
591 1122 790 1184 αὐτοὺς
832 1122 1176 1190 εὐεργεσίαν.
1230 1122 1328 1184 Ei;
1361 1121 1575 1175 Καῦνον
1613 1122 1671 1175 δὲ
1702 1122 1798 1193 ἅμ’

203 1214 393 1266 αὐτῶν
423 1212 711 1283 ἑπομένων
738 1213 785 1244 ⁸³
810 1212 1152 1279 εἰσέπλευσε,
1196 1216 1292 1266 καί⁵
1332 1213 1584 1266 ἐκέλευσε
1620 1232 1800 1286 παρα-

202 1306 411 1358 διδόναι
442 1305 545 1376 τὴν
577 1305 758 1359 πόλιν.
785 1304 1017 1359 Καύνιοι
1038 1305 1096 1359 δὲ
1133 1305 1283 1376 αύτῷ
1313 1306 1413 1376 μὲν
1443 1307 1797 1378 παραδιδόναι

200 1400 304 1468 τὴν
330 1397 493 1451 πόλιν
528 1399 794 1466 ἔφασκον,
847 1399 1152 1468 Ἀθηναίοις
1173 1399 1229 1451 δὲ
1264 1400 1381 1463 τοῖς
1407 1401 1795 1471 συνεπομένοις

199 1488 411 1543 οὐκέτι.
457 1489 696 1542 Είσιόντι
744 1488 800 1541 δὲ
856 1488 1105 1559 Ζωπύρῳ
1163 1491 1244 1551 είς
1302 1489 1365 1542 τὸ
1412 1492 1590 1559 τεῖχος
1651 1491 1797 1543 λίθον

212 1578 477 1646 amen;
516 1577 757 1641 Καύνιος
801 1577 1064 1649 ἐμϐάλλει
1109 1579 1190 1640 είς
1228 1577 1330 1650 τὴν
1370 1577 1653 1649 κεφαλὴν,
1700 1579 1796 1633 καὶ

202 1669 349 1721 οὕτω
379 1668 648 1738 Ζώπυρος
677 1669 1035 1740 ἀποθνήσκει.
1099 1668 1399 1739 ’Δμῆστρις
1437 1668 1495 1722 δὲ
1525 1670 1557 1739 ἡ
1594 1669 1796 1739 μάμμη

199 1762 292 1814 τὸν
344 1761 593 1814 Καύνιον
637 1761 1077 1832 ἀνεσταύρωσεν.
1116 1760 1478 1833 Ἀποθνήσκει
1519 1761 1577 1814 δὲ
1626 1762 1723 1816 καὶ
1760 1763 1795 1832 ὴ

213 1852 523 1923 ’Δμῆστρις
548 1852 730 1924 κάρτα
752 1851 933 1924 γραῦς
953 1854 1245 1923 γενομένη.
1279 1853 1390 1906 Καὶ
1430 1852 1789 1923 Ἀρτοξέρξης

196 1944 257 1999 δὲ
284 1944 334 1975 ³⁸
364 1944 706 2015 ἀποθνήσκει
734 1952 790 2015 μ’
818 1945 916 1998 καὶ
949 1943 993 2015 β’
1032 1942 1162 1997 ἔτεα
1209 1942 1561 2016 βασιλεύσας.
1602 1946 1798 1999 Τελευ-

196 2037 270 2108 τᾷ
294 2036 342 2069 ³⁸
375 2036 597 2108 ίστορία
629 2036 716 2104 ις’,
744 2038 975 2110 ἄρχεται
1008 2044 1099 2109 ιη’.

284 2218 645 2290 Ἀρτοξέρξου
676 2221 722 2252 ’⁸
753 2220 1181 2292 τελευτήσαντος
1206 2222 1413 2296 Ξέρξης
1442 2226 1471 2278 6
1494 2226 1607 2289 υίὸς
1641 2225 1797 2295 βασις

197 2310 371 2375 λεύει,
399 2311 463 2375 ὃς
501 2313 663 2380 μόνος
687 2308 757 2384 ἦν
779 2315 1003 2383 γνήσιος
1035 2316 1102 2369 ὲκ
1128 2317 1478 2385 Δαμασπίας,
1511 2318 1544 2388 ἢ
1572 2320 1631 2371 ὲν
1657 2317 1796 2389 αὐτῇ

195 2407 264 2473 τῇ
305 2404 527 2475 ἡμέρᾳ,
560 2406 619 2457 ὲν
744 2407 842 2460 καὶ
878 2404 1087 2478 Ξέρξης
1135 2408 1518 2479 ἐτελεύτησεν,
1562 2410 1793 2464 ἁπεϐίω.

198 2496 528 2567 Βαγόραζος
564 2498 621 2550 δὲ
657 2498 751 2551 τὸν
779 2499 970 2572 νεκρὸν
995 2501 1091 2553 τοῦ
1112 2501 1320 2572 πατρὸς
1352 2504 1566 2573 καὶτῆς
1591 2504 1798 2574 μητρὸς

197 2588 498 2656 ἀπήγαγεν
532 2590 612 2651 εἰς
644 2588 1303 2669 Πέρσας.Ἔπτακαίδεκα
1330 2593 1388 2647 δὲ
1427 2594 1616 2658 νόθους
1638 2597 1791 2658 υἱοὺς

197 2675 363 2747 ἔσχεν
415 2679 446 2730 6
499 2678 899 2750 Ἀρτοξέρξης,
956 2680 1015 2745 ἐξ
1075 2674 1151 2736 ὧν
1215 2685 1331 2736 ἐστι
1377 2685 1473 2737 καὶ
1535 2685 1794 2739 Σεκυδια·

196 2771 351 2833 νὸς²⁷
377 2769 479 2842 [62
523 2771 617 2843 Ηέ]
649 2772 679 2824 6
714 2772 773 2839 ἐξ
813 2772 1139 2845 Ἀλογούνης
1165 2775 1265 2844 τῆς
1286 2775 1661 2840 Βαϐυλωνίας,
1697 2778 1792 2831 καὶ

196 2857 388 2931 Ὦχος,
422 2862 555 2934 [125
578 2862 672 2936 R.]
696 2865 790 2917 καὶ
824 2865 1079 2936 Ἀρσίτης
1097 2867 1123 2919 6
1153 2868 1219 2919 ὲκ
1248 2862 1709 2939 Κοσμαρτιδηνῆς
1725 2870 1792 2936 ’⁸,

197 2957 291 3009 καὶ
351 2955 530 3026 αύτῆς
591 2956 963 3022 Βαϐυλωνίας·
1003 2961 1032 3012 6
1088 2959 1145 3012 δὲ
1185 2955 1352 3030 Ὦχος
1419 2959 1647 3031 ὕστερον
1698 2964 1862 3047 καὶο

197 3046 504 3115 βασιλεύει.
541 3047 663 3101 Ἔτι
704 3048 763 3101 δὲ
793 3051 982 3113 παῖδες
1025 3049 1194 3104 αὑτοῦ
1224 3050 1362 3121 πρὸς
1403 3052 1519 3114 τοῖς
1565 3052 1793 3124 εἰρημέ-

196 3156 307 3202 νοις
338 3141 437 3192 καὶ
467 3139 785 3207 Βαγαπαῖος
817 3141 912 3194 καὶ
940 3140 1257 3213 Παρύσατις
1285 3140 1345 3206 ἐξ
1397 3143 1668 3214 Ἀνδρίας,
1695 3142 1790 3195 καὶ

196 3230 365 3297 αὐτῆς
415 3228 795 3293 Βαϐυλωνίας·
862 3230 1005 3300 αὕτη
1044 3232 1079 3301 ή
1135 3230 1181 3262 ²⁹
1224 3230 1537 3300 Παρύσατις
1606 3232 1790 3301 Ἀρτοο

199 3321 387 3394 ξέρξου
439 3323 537 3375 καὶ
596 3320 784 3395 Κύρου
833 3324 1014 3394 μήτηρ
1068 3323 1310 3392 ἐγένετο.
1376 3324 1481 3377 Τὸν
1526 3323 1585 3375 δὲ
1619 3317 1789 3393 Ὦχον

197 3412 302 3476 ζῶν
399 3414 430 3466 6
496 3412 684 3484 πατὴρ
765 3410 1068 3482 Ὑρκανίων
1149 3413 1437 3484 σατράπην
1510 3413 1734 3484 ἐποίησε
1771 3456 1786 3480 ,

195 3503 318 3566 δοὺς
368 3504 524 3573 αὐτῷ
573 3504 668 3556 καὶ
699 3506 935 3573 γυναῖκα
973 3505 1290 3577 Παρύσατιν
1325 3505 1498 3575 ὄνομα
1520 3545 1536 3568 ,
1574 3507 1697 3578 ἥτις
1719 3502 1788 3577 ἦν

195 3593 393 3665 Ξέρξου
431 3597 535 3666 μὲν
568 3595 837 3667 θυγάτηρ,
870 3596 1075 3667 ἀδελφή
1109 3597 1167 3652 δὲ
1196 3599 1395 3653 οἰκεία.
1439 3598 1497 3651 '0
1526 3599 1583 3651 δὲ
1613 3598 1785 3652 Σεκυ-

194 3686 371 3750 διανδς
396 3688 916 3759 προσποιησάμενος
944 3689 1273 3758 Φαρνακύαν
1297 3689 1389 3743 τὸν
1419 3690 1696 3760 εὐνοῦχον,
1725 3690 1785 3755 ὃς

195 3774 259 3847 ἦν
294 3779 442 3846 μετὰ
477 3780 797 3850 Βαγόραζον
832 3780 930 3833 καὶ
968 3781 1284 3852 Μενοστάνη
1327 3782 1425 3835 καὶ
1458 3783 1678 3851 ἐτέρους
1701 3801 1784 3835 τι-

194 3869 308 3934 νας,
343 3868 645 3941 μεθύοντος
683 3871 742 3923 ἐν
769 3872 932 3942 ἑορτῇ
986 3889 1095 3925 τινι
1136 3871 1232 3925 τοῦ
1270 3869 1473 3943 Ξέρξου
1519 3874 1613 3925 καὶ
1648 3873 1784 3927 καθ-

195 3960 439 4023 εύδοντος
468 3962 664 4023 ἐντοῖς
712 3961 1008 4031 βασιλείοις
1055 3962 1391 4026 είσελθόντες
1430 3964 1785 4018 ἀποκτείνου-

198 4066 278 4103 σιν
304 4053 493 4117 αὐτὸν,
524 4053 975 4123 τεσσαρακοστῆς
1015 4054 1110 4106 καὶ
1146 4054 1409 4125 πέμπτης
1431 4057 1463 4125 ή
1474 4057 1644 4127 μέρος
1665 4055 1783 4109 δια-

1904 384 2157 438 dicasset.
2194 382 2333 450 Rex,
2380 384 2641 455 quidquid
2692 388 2852 441 matri
2899 387 3074 442 visum
3115 392 3308 459 agendi
3366 393 3513 450 fecit'

1902 481 2412 543 potestatemzquaz
2439 489 2561 529 cum
2604 476 2843 531 vinctum
2886 478 3300 547 Appollonidem
3351 482 3492 537 inte-

1904 578 2001 633 gro
2030 564 2271 619 bimestri
2305 567 2699 632 excruciasset,
2731 568 2913 622 vivum
2942 580 3127 638 postea
3162 570 3362 637 defodi,
3390 588 3483 627 eo-

1904 656 2024 709 dem
2051 656 2170 726 ipso
2201 666 2446 727 tempore
2493 660 2728 724 curavit,
2763 676 2871 730 quo
2910 660 3128 732 Amytis
3162 664 3302 717 diem
3329 681 3491 720 suum

1902 751 2057 806 obiit.
2508 748 2513 755 ’

1970 841 2215 912 Zopyrus
2282 853 2486 906 autem,
2552 842 2830 916 Megabyzi
2901 855 2957 901 et
3017 847 3229 919 Amytis
3318 850 3483 916 ﬁlius,

1900 944 2131 1003 utroque
2165 935 2392 989 orbatus
2432 945 2680 1004 parente,
2713 952 2741 990 a
2775 952 2901 1008 rege
2938 940 3186 1004 descivit,
3213 941 3485 997 Athenas-

1900 1040 2006 1094 que
2058 1025 2337 1095 prol‘ectus
2390 1037 2498 1087 est,
2569 1037 2856 1096 prapterca
2929 1031 3073 1098 quod
3136 1041 3315 1085 mater
3367 1033 3486 1101 ejus

1898 1118 2258 1173 Athenienses
2308 1119 2435 1172 olim
2467 1120 2746 1175 beneﬁciis
2778 1120 3037 1176 alibi-erat
3081 1123 3325 1177 Caunum
3357 1140 3490 1194 ergo

1900 1210 2037 1278 ipse,
2070 1210 2299 1265 navibus
2349 1227 2472 1265 cum
2520 1211 2743 1266 asseclis
2778 1213 3014 1276 delatus,
3060 1216 3199 1268 tradi
3249 1216 3351 1269 sibi
3388 1232 3483 1268 ur-

1900 1301 2021 1353 bem
2056 1301 2311 1369 pnstulat.
2339 1301 2529 1355 Caunii
2568 1303 2783 1357 tradere
2811 1316 2871 1356 se
2896 1301 2997 1370 ipsi
3027 1306 3247 1372 quidem
3291 1308 3482 1360 urbem

1899 1405 2118 1463 paratos
2149 1396 2576 1461 responderunt;
2615 1394 2707 1462 qui
2756 1409 2884 1449 vero
2915 1396 3093 1464 ipsum
3117 1397 3489 1465 sequebantur

1899 1485 2349 1547 Atheniensibus,
2397 1501 2769 1554 nequaquam.
2818 1487 2998 1553 Quare
3028 1488 3079 1540 in
3126 1490 3323 1559 Zopyri
3361 1506 3484 1543 mu-

1903 1590 1993 1628 ros
2020 1575 2303 1628 subeuntis
2332 1585 2515 1641 caput,
2548 1589 2740 1628 saxum
2774 1576 2993 1631 Alcides
3033 1576 3275 1633 Caunius
3300 1579 3483 1647 conje-

1902 1669 1995 1733 cit,
2029 1682 2093 1722 ex
2137 1682 2247 1736 quo
2289 1668 2377 1722 ille
2410 1668 2521 1722 ictu
2571 1681 2821 1723 mortuus
2870 1679 2974 1723 est.
3023 1670 3289 1725 Caunium
3340 1673 3485 1727 hunc

1900 1760 2156 1814 Antistris
2191 1761 2311 1813 avia
2335 1761 2486 1815 cruci
2517 1760 2687 1815 amxit
2714 1779 2728 1815 :
2759 1778 2823 1816 ac
2855 1763 3071 1817 tandem
3107 1764 3224 1832 ipsa
3266 1778 3485 1833 quoque

1900 1849 2052 1905 senio
2098 1848 2344 1905 coniecta
2392 1851 2650 1906 decessit.
2685 1852 2823 1919 Quin
2885 1862 2943 1907 et
2990 1854 3325 1910 Artaxerxes
3372 1857 3485 1910 vita

1898 1943 2051 2005 abiit,
2109 1957 2234 1997 cum
2284 1943 2422 1997 duos
2476 1953 2531 1997 et
2575 1946 2935 2016 quadraginta
2975 1955 3257 2015 regnasset
3282 1963 3478 2002 annos.

1898 2036 2075 2103 Atque
2115 2035 2202 2088 hic
2259 2034 2383 2089 linis
2423 2035 2642 2104 septimi
2687 2036 2886 2092 decimi
2932 2035 3299 2092 Historiarum
3329 2038 3487 2105 libri,

1901 2125 2297 2195 inchoaturque
2324 2136 2551 2180 octavus
2588 2127 2853 2182 decimus.

1980 2215 2227 2285 Regnum
2254 2217 2573 2273 Artaxerxae
2613 2219 2853 2273 defuncti
2893 2220 3035 2274 ﬁlius
3072 2219 3280 2276 Xerxes
3322 2235 3483 2279 exco-

1900 2312 2012 2381 pit,
2083 2311 2231 2365 solus
2290 2312 2566 2382 legitimus
2619 2326 2650 2365 e
2715 2310 2943 2380 coniuge
2997 2311 3320 2383 Damaspia,
3362 2328 3484 2384 qua:

1902 2406 2017 2474 ipso
2066 2407 2159 2460 illo
2200 2408 2285 2460 die.
2338 2423 2445 2475 quo
2486 2406 2698 2463 Xerxes
2748 2406 3021 2479 [postea]
3070 2409 3174 2461 vita
3225 2407 3479 2461 decessit.

1900 2498 2210 2564 Bagorazns
2258 2513 2388 2551 vero
2437 2498 2605 2567 patris
2649 2500 2943 2567 matrisque
2998 2514 3196 2567 corpus
3245 2500 3297 2552 in
3345 2497 3479 2552 Per«

1898 2590 2035 2643 siam
2086 2590 2288 2643 avexit.
2328 2589 2473 2661 42a
2539 2588 2937 2658 Septemdecim
2986 2593 3113 2646 huic
3159 2594 3482 2646 Artaaerxa:

1899 2678 2067 2747 spurii
2108 2678 2200 2731 lilii
2236 2676 2473 2742 luerunt,
2503 2676 2555 2730 in
2596 2678 2794 2748 quibus
2827 2678 3220 2749 Secyndianus,
3251 2695 3315 2734 ex
3345 2680 3480 2734 Alo-

1899 2785 2039 2838 gune
2085 2768 2379 2838 Babylonia
2415 2787 2427 2821 :
2462 2779 2516 2823 et
2549 2770 2754 2835 Ochus,
2806 2779 2970 2840 atque
3000 2772 3246 2837 Arsites;
3294 2771 3381 2824 ille
3410 2786 3477 2825 ex

1901 2860 2126 2913 muliere
2182 2861 2416 2929 quadam
2475 2860 2773 2917 Martialem:
2838 2864 3091 2929 nomine,
3143 2864 3302 2917 etiam
3360 2863 3477 2932 ipsa

1900 2946 2222 3019 Babylonia;
2283 2949 2465 3005 Ochus
2523 2964 2699 3004 autem
2766 2951 2856 3004 hic
2910 2959 3027 3019 post
3090 2952 3254 3004 etiam
3311 2964 3478 3021 regno

1895 3038 2119 3107 potitur.
2152 3037 2326 3092 Porro
2355 3039 2689 3107 praetoriam
2720 3040 2893 3094 diCIos
2926 3041 3099 3108 ipsius
3129 3056 3282 3110 aeque
3317 3041 3474 3096 liberi

1894 3128 2069 3195 fuere,
2114 3128 2411 3199 Bagapzeus
2455 3141 2508 3184 et
2554 3128 2836 3201 Parysatis
2872 3148 2936 3186 ex
2972 3131 3169 3195 Andia,
3208 3133 3336 3186 item
3374 3133 3477 3186 Ba-

1892 3222 2135 3293 bylonia.
2184 3221 2310 3277 liaac
2349 3220 2627 3293 Parysatis
2667 3223 2989 3278 Artaxerxae
3024 3238 3206 3290 poSIca
3237 3224 3475 3294 Cyrique

1892 3313 2211 3368 materfuit.
2240 3312 2446 3369 Ochum
2479 3326 2655 3383 pater,
2687 3317 2813 3367 dum
2844 3317 3022 3370 adhuc
3050 3316 3105 3369 in
3137 3317 3270 3369 vivis
3304 3326 3471 3379 esset,

1891 3399 2289 3471 llyrcaniorum
2334 3411 2610 3471 satrapam
2645 3407 3023 3466 constituerat,
3057 3405 3179 3457 data
3214 3404 3262 3458 ei
3304 3420 3474 3459 uxore

1889 3492 1975 3544 eui
2031 3490 2279 3562 Parysati
2328 3508 2545 3561 nomen,
2594 3509 2713 3563 quae
2762 3493 2954 3549 Xerxa:
3003 3496 3134 3561 lilia,
3194 3496 3475 3565 ipsiusque

1889 3578 2025 3634 Ochi
2084 3596 2241 3636 soror
2297 3592 2438 3637 erat.
2497 3585 2873 3654 Set‘ytttltanus
2928 3600 3093 3651 vero,
3149 3588 3320 3640 ascito
3364 3586 3469 3642 sibi

1888 3671 2209 3746 Pharnacyo
2266 3676 2519 3730 eunucho
2571 3676 2695 3746 (qui
2744 3676 3027 3747 Bagorazo
3086 3687 3139 3732 et
3200 3678 3470 3732 Menesta-

1888 3780 1957 3819 ne
2010 3764 2113 3837 εἳ),
2159 3780 2224 3820 ac
2280 3767 2607 3835 quibusdam
2669 3768 2793 3823 aliis
2853 3769 3179 3824 auctoritate
3246 3770 3471 3825 inferior

1884 3859 2053 3925 erat),
2104 3873 2229 3913 cum
2282 3856 2495 3915 Xerxes
2548 3862 2638 3916 die
2689 3862 2925 3931 quodam
2984 3866 3126 3918 l'esto
3184 3866 3368 3919 ebrius
3415 3864 3468 3918 in

1888 3948 2032 4018 regia
2096 3950 2381 4016 dormiret,
2433 3952 2664 4021 ingressi
2727 3968 2832 4006 una
2909 3968 3034 4008 eum
3108 3954 3464 4019 interﬁciunt,

1885 4040 2304 4109 quadragesimo
2332 4043 2523 4110 quinto
2552 4057 2581 4094 a
2617 4044 2789 4111 patris
2822 4054 2995 4099 morte
3023 4044 3132 4099 die.
3157 4044 3233 4099 Ita
3265 4047 3465 4111 evenit,

194 4143 496 4215 γενομένης
548 4143 658 4196 ἀπὸ
710 4144 811 4212 τῆς
843 4142 939 4196 τοῦ
989 4144 1199 4215 πατρὸς
1236 4147 1515 4218 τελευτῆς.
1574 4148 1780 4219 Συνέϐη

1900 4142 1943 4186 ιι
1989 4133 2274 4189 amborum
2319 4135 2481 4189 simul
2529 4152 2760 4206 corpora
2799 4139 2851 4192 in
2886 4137 3129 4194 Persiatn
3170 4141 3467 4196 aveheren-

192 4238 280 4290 οὖν
334 4236 691 4307 ἀμφοτέρους
714 4236 834 4306 ἄμα
861 4237 942 4297 είς
984 4237 1203 4308 Πέρσας
1229 4238 1690 4310 ἀποωμισθῆναι·
1724 4244 1781 4295 αἱ

1887 4234 1991 4278 tur.
2027 4225 2159 4291 Quae
2202 4226 2348 4280 enim
2399 4240 2558 4282 antea
2605 4230 2767 4285 mulae
2816 4246 3037 4286 currum
3094 4232 3238 4305 [cum
3301 4236 3463 4287 Arta-

192 4332 296 4399 γὰρ
340 4330 582 4397 ἄγουσαι
604 4328 706 4398 τὴν
728 4328 1060 4399 ἁρμάμαξαν
1091 4330 1325 4399 ἡμίονοι,
1356 4330 1546 4402 ὥσπερ
1576 4333 1777 4403 ἀναμέ-

1900 4329 2071 4369 tersa:
2101 4316 2389 4389 cadavere]
2424 4328 2806 4389 protractum,
2831 4331 3087 4393 tanquam
3118 4324 3215 4379 ﬁlii
3249 4340 3467 4395 quoque

191 4437 376 4473 νουσαι
413 4421 511 4473 καὶ
533 4420 631 4472 τὸν
654 4419 751 4472 τοῦ
788 4421 976 4482 παιδὸς
1022 4422 1216 4490 νεκρὸν
1244 4461 1262 4485 ,
1304 4421 1405 4475 οὐκ
1437 4423 1629 4493 ήθελον
1683 4440 1782 4477 πο·-

194 4513 451 4583 ρεύεσθαι
477 4553 493 4577 ,
535 4514 627 4566 ὅτε
678 4512 735 4566 δὲ
792 4512 1054 4567 κατέλαϐε
1083 4553 1098 4579 ,
1145 4513 1243 4567 σὺν
1276 4514 1559 4589 προθυμίῃ
1607 4516 1781 4588 ἀπῄε-

192 4623 307 4661 σαν.

255 4697 547 4752 Βασιλεύει
579 4698 637 4750 δὲ
667 4696 1013 4764 Σεκυδιανδς,
1044 4699 1141 4752 καὶ
1168 4698 1381 4767 γίνεται
1413 4699 1778 4772 Ἀζαϐαρίτης

188 4790 332 4860 αὐτῷ
348 4790 729 4859 Μενοστάνης.
748 4789 952 4843 Ἀπιὼν
972 4791 1027 4843 δὲ
1050 4791 1365 4863 Βαγόραζος
1391 4792 1486 4845 καὶ
1504 4793 1776 4865 ὑποστρέ-

1889 4409 2122 4461 cadaver
2167 4420 2568 4479 exspectarent,
2602 4414 2850 4485 progredi
2900 4416 3207 4481 noluerant,
3239 4419 3465 4483 eaedem,

1887 4514 2173 4571 postquam
2223 4507 2329 4558 ista
2374 4510 2740 4577 contigerunt,
2783 4524 2977 4578 magna
3021 4525 3141 4565 cum
3183 4510 3469 4567 alacritate

1884 4602 2015 4645 sunt
2046 4594 2150 4648 iter
2178 4595 2459 4664 ingressae.

1956 4706 2032 4760 Ita
2066 4722 2233 4778 regno
2270 4711 2473 4777 potitus
2504 4712 2903 4783 Sccyndianus,
2939 4716 3308 4773 Menostanem
3356 4719 3462 4775 sibi

1881 4799 2378 4857 creatAzabariten
2411 4822 2425 4859 :
2459 4820 2846 4878 reversumque
2871 4811 3066 4864 deinde
3092 4809 3463 4883 Bagorazunt;

189 4882 290 4948 -Ῑιας
311 4882 454 4953 πρὸς
468 4881 816 4945 Σεκυδιανδν,
838 4881 962 4934 ἐπεὶ
979 4881 1191 4935 παλαιὰ
1204 4882 1387 4947 αὐτοῖς
1404 4883 1574 4956 ἔχθρα
1587 4885 1781 4938 ὑπετύ-

1900 4891 2104 4958 luando
2157 4906 2312 4951 vetus
2365 4898 2509 4954 inter
2567 4916 2661 4957 eos
2714 4903 2966 4960 simultas
3027 4881 3273 4972 ardebat,
3326 4922 3469 4978 pra:-

191 4992 337 5042 φετο,
366 4974 444 5038 ὡς
470 4973 639 5044 δῆθεν
668 4974 800 5026 ἄνευ
820 4973 921 5044 τῆς
949 4973 1147 5027 ἑαυτοῦ
1179 4974 1408 5047 γνώμης
1440 4977 1534 5030 τοῦ
1566 4978 1775 5049 πατρὸς

1885 4990 2078 5041 texens
2127 4990 2273 5056 quod
2324 4990 2530 5061 absque
2581 5009 2681 5049 suo
2734 4998 2967 5053 consilio
3016 5000 3188 5070 patris
3234 5002 3469 5054 cadaver

1490 5132 1724 5190 VARl/E
1758 5135 2056 5198 LECTION
2063 5143 2168 5203 ES.

257 5250 302 5282 ⁸³
329 5248 434 5318 τῆς
457 5262 571 5303 om.
596 5248 663 5301 Α.
743 5248 790 5279 ’³
826 5247 945 5316 ἅμα

981 5247 1834 5340 7613\é_7f°ﬁé§"f’l’.‘if__aif“‘°i‘
1875 5257 2163 5340 ἔποὲἒένοὲς
2194 5281 2254 5328 ς·
2330 5265 2376 5297 ’⁸
2403 5265 2469 5340 δὲ.
2507 5283 2615 5322 υιη-
2643 5270 2709 5340 Α·
2796 5271 2841 5302 ’⁵
2873 5268 3303 5340 τελευτᾷ-ιη’]
3346 5269 3459 5340 τελε

196 5320 375 5411 ἷῖξῗξξ
412 5318 483 5411 “2'
500 5335 514 5349 '
554 5318 1019 5411 ἀβκξῖἰὶἐζιῖἒιὶ
1040 5318 1199 5411 τέλοξ
1212 5319 1323 5411 fi“.
1355 5318 1730 5411 ECLEET‘EPW;
1766 5324 1923 5411 ,ἀρχῆ
1972 5318 2028 5381 δὲ
2052 5318 2279 5411 ,τῖίεῖτγ
2309 5353 2371 5411 ς-
2412 5318 2484 5411 a.
2514 5318 2753 5408 ἷῖάῖῖο
2814 5341 2863 5395 ί.
2885 5318 2991 5372 ’Ἷί
3008 5318 3462 5411 ”ἒρταξέἓ›ἐοὺ’έέ

196 5388 395 5445 τελευτ.
434 5406 497 5454 ς’.
584 5390 629 5421 ³⁷
662 5388 1019 5453 Σεκυνδιανὸς
1050 5406 1112 5454 ς.
1149 5389 1237 5445 hic
1274 5388 1329 5445 et
1361 5388 1607 5460 posthac;
1685 5393 1729 5425 ³⁸
1761 5388 2107 5467 ὲκΫύναικὸς
2132 5388 2490 5479 Μαβτιδηνῆς
2634 5388 2698 5442 -ῧ
2791 5388 2900 5466 oin.
2938 5411 3005 5463 A.

1701 5523 1932 5583 ΝΟΤίΕ.

254 5615 332 5687 (2)
357 5616 538 5687 Supra
561 5615 914 5671 Mcnestates.
