3942 6234
458 167 562 234 195
1631 159 1902 222 PHOTII
1940 157 2053 220 PA'.

2164 156 2452 216 [ARCHJE
2473 157 2584 217 (ΣΡ.
3426 156 3429 158 ’
3629 145 3734 210 196

456 283 531 338 ibi
582 277 929 350 reliquisset,
977 276 1252 350 lapidibus
1305 273 1462 332 obrui
1519 272 1830 343 imperavit.
1886 269 2044 338 Quod

2164 267 2326 322 λιπὼν
2344 269 2436 322 τὸν
2453 271 2648 342 νεκρὸν
2662 271 2855 337 αὑτοῦ,
2877 265 3172 336 προστάξει
3208 261 3474 336 βασιλέως
3491 261 3738 317 λιθόλευσ-

456 374 660 430 factum
707 372 986 426 exercitus
1032 370 1258 426 moleste
1306 365 1596 423 admodum
1638 365 1760 420 tulit
1802 377 1819 419 :
1869 376 2044 432 neque

2164 377 2271 424 ιτος
2283 360 2549 428 ἐγεγόνειο
2569 364 2656 432 ἐφ’
2673 357 2719 432 ᾧ
2743 366 2775 436 ἡ
2794 363 2840 395 ⁸ο
2858 359 3088 434 στρατιὰ
3103 360 3185 422 είς
3205 357 3736 428 λύπηνῖκατηνέχθη.

457 464 585 520 ullis
630 461 1014 534 largitionibus
1062 459 1155 514 ille
1199 457 1412 513 efﬁcere
1448 455 1646 527 potuit,
1681 464 1740 508 ut
1775 467 1880 508 non
1918 466 2044 506 eum

2164 454 2216 506 'O
2237 453 2295 507 δὲ
2318 454 2469 524 δῶρα
2495 456 2634 528 αὐτῇ
2683 458 2878 512 ἐδίδου·
2911 457 2963 510 οἱ
3007 455 3050 487 ³⁸
3079 454 3137 507 δὲ
3179 452 3408 524 ἐμίσουν
3435 451 3622 517 αὑτὸν,
3650 452 3739 505 ὅτι

462 565 576 609 tum
628 553 700 609 ob
756 551 954 608 Xerxe
1011 550 1220 616 fratris,
1255 559 1366 602 tum
1413 548 1483 602 ob
1521 545 1783 617 Bagorazi
1815 545 2044 609 caedem,

2164 563 2204 600 τε
2231 545 2324 599 τὸν
2349 547 2577 617 ἀδελφὸν
2599 548 2809 620 Ξέρξην
2847 547 3140 603 ἀπεκτόνει
3163 544 3259 599 καὶ
3277 545 3362 600 ὃτι
3393 542 3735 614 Βαγόραζον.

459 646 812 702 vehementer
882 644 1152 699 odissent.
1241 640 1474 696 Dimittit
1559 653 1749 711 postea
1836 636 2046 708 Secyn-

2164 637 2531 708 διαπέμπεται
2558 638 2878 703 Σεκυδιανὸς
2907 635 3387 711 προσκαλούμενος
3409 631 3600 704 Ὠχονο
3627 636 3656 687 6
3676 633 3739 687 δὲ

461 741 657 794 dianus
703 738 793 807 qui
840 734 1051 792 Ochum
1109 744 1436 790 accerseret.
1487 731 1589 799 Qui
1645 746 1707 786 se
1754 739 2046 784 venturum

2164 730 2490 802 ὄπισχνεῖται
2550 731 2790 802 μὲν..οὐ
2836 731 3206 804 παραγίνεται
3243 727 3322 782 δέ.
3373 728 3483 780 Καὶ
3523 726 3740 795 γίνεται

460 829 661 899 saepius
706 827 1002 896 pollicitus,
1039 841 1150 881 non
1200 835 1382 880 tamen
1438 824 1607 889 venit,
1643 824 1813 878 donec
1858 819 2047 876 multis

462 922 680 976 tandem
729 921 968 974 munitus
989 919 1185 989 copiis,
1223 933 1444 988 regnum
1474 926 1840 987 occupaturus
1884 923 2045 984 puta-

464 1024 632 1068 retur.
670 1011 734 1066 Et
768 1027 898 1066 vero
923 1012 1215 1073 Arbarius,
1259 1012 1501 1078 equitum
1531 1007 1860 1078 Secyudiaui
1899 1022 2046 1076 prte-

461 1103 654 1167 fectus,
692 1101 761 1155 ab
790 1116 856 1156 eo
897 1104 962 1156 ad
1008 1102 1218 1156 Ochum
1250 1101 1454 1160 deﬁcit,
1485 1109 1608 1169 post
1652 1100 1795 1152 hunc
1829 1096 2046 1168 Δίωνι)ῐί

461 1205 677 1264 satrapa
714 1197 960 1248 Arxanes
989 1210 1004 1248 :
1035 1195 1166 1264 quin
1207 1203 1262 1248 et
1290 1194 1589 1247 Artoxares
1621 1193 1689 1245 ab
1723 1192 1836 1261 ipsa
1876 1204 2048 1260 usque

459 1289 718 1344 Armenia
746 1290 813 1345 ad
841 1286 1054 1344 Ochum
1085 1287 1318 1342 accessit
1351 1304 1365 1339 :
1398 1286 1481 1339 cui
1504 1286 1668 1339 etiam
1701 1285 1868 1338 invito
1910 1284 2048 1337 cita-

461 1382 566 1442 rim
616 1382 694 1444 (5)
747 1382 804 1438 hi
854 1382 1188 1452 imposuere.
1235 1377 1418 1434 Ochus
1465 1392 1594 1446 ergo
1637 1392 1858 1448 regnum
1913 1376 2046 1442 adit,

467 1484 785 1543 nunatoque
811 1473 1033 1528 nomine
1058 1470 1300 1525 Dariaeus
1325 1469 1630 1538 appellatur
1661 1469 1759 1536 (Ii).
1793 1467 1887 1522 llic
1912 1466 2048 1520 dolis

467 1582 592 1621 mox
629 1565 1096 1634 juramentisque.
1126 1562 1458 1632 Parysatidis
1487 1560 1716 1624 monitu,
1753 1558 2049 1630 Set-yudia-

462 1670 592 1709 num
652 1655 969 1726 aggreditur
1021 1672 1034 1709 :

465 1747 803 1814 hortaretur,
846 1763 914 1802 ue
960 1746 1292 1817 jnramentis
1350 1746 1728 1817 Secyndianus
1777 1747 2046 1808 crederet,

465 1852 605 1893 neve
647 1853 772 1894 cum
819 1837 1105 1894 fallacibus
1153 1839 1466 1894 hominibus
1500 1848 1716 1908 pactum
1761 1837 1928 1890 ullum
1967 1836 2048 1888 in-

464 1942 590 1994 iret,
625 1932 803 1987 credit
840 1940 1046 1986 tamen.
1090 1931 1315 2002 Capitur
1364 1931 1569 2000 itaque,
1599 1941 1655 1984 et
1700 1929 1754 1984 in
1806 1916 2048 1986 cinerem

459 2023 607 2097 ιω)
651 2025 932 2096 conjectus
975 2026 1227 2093 moritur,
1275 2039 1398 2080 cum
1441 2037 1656 2079 menses
1709 2038 1804 2079 sex
1840 2023 1940 2092 (5),
1993 2032 2051 2077 et

461 2121 581 2174 dies
604 2120 914 2189 quindecim
946 2129 1252 2191 regnasset.

539 2209 700 2265 Solus
744 2210 872 2265 inde
909 2220 1102 2278 regnat
1145 2209 1350 2274 Ochus,
1382 2209 1474 2281 qui
1509 2219 1565 2264 et
1601 2208 1866 2274 Darizeus,
1906 2208 2049 2276 apud

463 2319 630 2373 quem
667 2304 996 2358 auctoritate
1038 2302 1294 2358 valebant
1340 2314 1451 2359 tres
1497 2301 1730 2358 eunuchi
1768 2322 1780 2356 :
1814 2301 2051 2356 maxime

465 2397 689 2466 quidem
725 2397 1059 2462 Artoxanes,
1110 2405 1233 2464 post
1280 2396 1424 2450 hunc
1461 2393 1846 2456 Artibazanes,
1891 2394 2053 2448 tertio

465 2487 586 2543 loco
617 2486 847 2542 Athous.
885 2486 992 2541 Sed
1031 2501 1255 2541 uxorem
1286 2485 1632 2555 potissimmn
1673 2484 1725 2538 in
1766 2483 2051 2539 consilium

466 2581 760 2636 adhibebat
787 2597 802 2634 :
835 2595 900 2635 ex
941 2593 1050 2650 qua
1082 2579 1192 2645 jam
1221 2590 1353 2633 ante
1383 2578 1594 2632 aditum
1627 2593 1854 2648 regnum
1895 2577 2054 2633 binos

465 2682 783 2742 susceperat
827 2671 1049 2738 liberos,
1075 2670 1340 2725 Amistrin
1381 2670 1571 2731 filiam,
1603 2679 1657 2724 et
1689 2669 1856 2722 tilium
1893 2670 2056 2724 Arsa-

469 2777 598 2827 can,
621 2763 712 2833 qui
745 2773 958 2817 mutato
991 2773 1111 2831 post
1137 2761 1363 2816 nomine
1387 2762 1724 2815 Artaxerxes
1747 2759 1826 2830 (6)
1853 2759 2054 2814 dictus.

469 2851 620 2911 Parit
674 2862 855 2906 autem
907 2852 1008 2921 ipSI
1059 2863 1116 2905 et
1165 2851 1397 2906 alterum
1450 2849 1620 2905 filium
1662 2850 1776 2919 jam
1825 2863 2057 2920 regnans

2146 821 2305 875 τοῦτο
2327 822 2609 886 πολλάκις.
2664 823 2830 887 Τέλος
2884 821 3277 894 περιϐάλλεται
3307 815 3474 891 ’Ὦχος
3532 817 3740 888 πολλὴν

2151 910 2444 984 στρατιὰν,
2504 911 2596 966 καὶ
2636 912 2880 977 ἐπίδοξος
2913 908 2984 983 ἦν
3029 910 3359 983 βασιλεύειν.
3413 909 3740 979 Ἀφίσταται

2162 1004 2451 1077 Ἀρϐάριος
2491 1007 2520 1059 6
2564 1005 2673 1059 τῶν
2733 1006 2946 1060 ἱππέων
2992 1001 3320 1058 Σεκυδιανοῦ
3372 1002 3740 1080 ᾶρχωνγπρδς

2151 1091 2337 1167 Ὦχον,
2380 1093 2497 1150 εἶτα
2558 1097 2822 1170 ’Δρξάνης
2877 1101 2906 1152 6
2962 1097 3241 1166 Αἰγύπτου
3278 1099 3586 1166 σατράπης
3643 1097 3741 1148 καὶ

2162 1185 2496 1258 Ἀρτοξάρης
2521 1188 2580 1242 δὲ
2617 1190 2646 1241 6
2675 1187 2929 1259 εὐνοῦχος
2955 1187 3000 1219 ³³
3039 1187 3099 1252 ἐξ
3135 1186 3427 1258 Ἀρμενίας
3464 1182 3569 1258 ἧκε
3598 1186 3740 1258 πρὸς

2149 1276 2340 1352 *Ωχοιμ
2372 1283 2485 1336 Καὶ
2512 1282 2772 1336 ἐπέθεντο
2817 1281 2968 1351 αύτῷ
2997 1281 3095 1352 τὴν
3131 1281 3384 1352 κίταριν,
3424 1279 3543 1334 οὔτι
3581 1281 3742 1334 ἑκόν-

2150 1393 2237 1439 τος
2274 1376 2339 1431 ³³.
2401 1375 2687 1429 Βασιλεύει
2729 1371 2930 1446 Ὦχος,
2987 1376 3084 1428 καὶ
3145 1375 3577 1446 μετονομάζεται
3633 1377 3742 1427 Δα-

2154 1470 2356 1539 ρειαῖος
2369 1469 2435 1522 ³⁸.
2455 1469 2566 1522 Καὶ
2589 1469 2916 1538 μετέρχεται
2943 1469 3129 1540 ἀπάτῃ
3151 1468 3246 1521 καὶ
3261 1469 3465 1539 ὅρκοις,
3484 1465 3742 1538 ὑποθήκῃ

2154 1559 2546 1631 ιΙαρυσατιδος,
2571 1560 2662 1612 τὸν
2685 1560 3005 1614 Σεκυδιανὸν
3029 1601 3042 1623 ,
3076 1560 3246 1614 πολλὰ
3286 1561 3668 1624 Μενοστάνους
3691 1563 3738 1593 ³³

1096 1669 1162 1710 ac
1227 1656 1455 1708 multum
1517 1652 1643 1708 licet
1699 1651 2048 1706 Menostaucs

2164 1652 2549 1724 παραινοῦντος
2601 1652 2924 1706 Σεκυδιανδν
2963 1653 3040 1724 μὴ
3075 1652 3355 1708 πιστεύειν
3390 1656 3503 1717 τοῖς
3550 1655 3740 1724 ὅρκοις

2155 1745 2292 1818 μηδὲ
2319 1743 2644 1798 σπένδεσθαι
2685 1747 2800 1808 τοῖς
2850 1744 3184 1811 ἐξαπατῶσι.
3239 1746 3499 1801 Πείθεται
3542 1747 3587 1801 δ’
3642 1743 3740 1802 οὖν

2150 1836 2323 1906 ὅμως,
2368 1838 2463 1890 καὶ
2503 1836 2820 1900 ἁλίσκεται,
2858 1837 2954 1890 καὶ
3021 1839 3102 1902 εἰς
3151 1837 3250 1908 τὴν
3291 1838 3486 1892 σποδὸν
3529 1839 3740 1910 ἐμϐάλ-

2151 1931 2304 1986 λεται
2329 1933 2425 1986 καὶ
2453 1930 2753 1987 ἀπόλλυται
2783 1931 3111 2002 βασιλεύσας
3138 1934 3184 1966 ³⁸
3213 1935 3390 2005 μῆνας
3411 1933 3492 2002 ἓξ,
3519 1934 3741 2007 ἡμέρας

2150 2025 2474 2081 δεκαπέντε.

2226 2209 2510 2264 Βασιλεύει
2539 2205 2634 2265 οὖν
2679 2210 2839 2282 μόνος
2873 2205 3042 2282 Ὦχος
3076 2213 3105 2265 6
3149 2211 3245 2266 καὶ
3291 2211 3595 2284 Δαρειαίος.
3632 2209 3742 2264 Εὑ-

2153 2303 2333 2374 νοῦχοι
2359 2303 2416 2357 δὲ
2443 2306 2596 2375 τρεῖς
2625 2304 2889 2374 ἠδύναντο
2933 2304 3062 2376 παρ’
3108 2302 3291 2374 αὐτῷ,
3344 2308 3603 2374 μέγιστον
3636 2303 3741 2374 μὲν

2165 2396 2503 2469 Ἀρτοξάρης
2543 2397 2622 2463 ³⁷,
2665 2397 2919 2469 δεύτερος
2959 2396 3018 2451 δὲ
3073 2396 3510 2468 Ἀρτιϐαρζάνης
3549 2396 3595 2430 ³⁸
3643 2397 3744 2450 καὶ

2153 2488 2338 2559 τρίτος
2400 2487 2618 2552 ’Λθῶος.
2667 2489 2897 2560 Ἐχρῆτο
2947 2488 3006 2542 δὲ
3059 2487 3353 2560 συμϐούλῳ
3395 2490 3631 2558 μάλιστα
3672 2492 3742 2562 τῇ

2162 2580 2380 2648 γυναικί
2401 2580 2468 2612 ³⁸·
2512 2580 2571 2647 ἐξ
2597 2575 2666 2652 ἦς
2688 2579 2796 2652 πρὸ
2823 2579 2926 2649 τῆς
2957 2579 3240 2649 βασιλείας
3261 2580 3356 2634 δύο
3393 2580 3518 2651 ἔσχε
3553 2582 3744 2646 τέκνα,

2173 2671 2478 2743 Ἀμῆστριν
2502 2671 2779 2743 θυγατέρα
2805 2671 2901 2725 καί¹
2931 2672 3209 2744 Ἀρσάκαν
3250 2673 3387 2739 υἱὸν,
3425 2673 3482 2736 ὃς
3513 2672 3746 2743 ὕστερον

2163 2761 2565 2833 μετωνομάσθη
2611 2759 2992 2834 Ἀρτοξέρξης.
3041 2763 3230 2816 Τίκτει
3255 2763 3312 2816 δὲ
3358 2762 3507 2833 αὐτῷ
3557 2764 3749 2833 ἕτερον

2159 2852 2275 2906 υἱὸν
2307 2852 2664 2924 βασιλεύουσα
2685 2895 2700 2918 ,
2746 2853 2842 2906 καὶ
2871 2852 3083 2906 τίθεται
3124 2853 3184 2907 τὸ
3216 2853 3389 2924 ὄνομα
3435 2855 3602 2908 αὑτοῦ
3636 2855 3752 2907 ἀπὸ

469 2960 635 3011 uxor,
671 2947 818 3001 cuia
852 2945 968 3000 sole
994 2945 1124 3016 Cyri
1153 2945 1230 3016 (7)
1263 2958 1460 3000 nomen
1496 2943 1826 3014 imponitur;
1863 2944 2053 2998 deinde

2164 2945 2253 2999 τοῦ
2284 2946 2438 3017 ἡλίου
2471 2945 2678 3016 Κῦρον·
2709 2941 2829 3000 εἶτα
2869 2945 3051 2999 τίκτει
3087 2947 3404 3019 Ἀρτόστην,
3433 2948 3526 3001 καὶ
3552 2945 3753 3018 ἐφεξῆς

469 3037 767 3102 Artosten,
820 3035 1067 3105 aliosque
1125 3035 1383 3107 deinceps
1441 3036 1508 3090 ad
1562 3036 1821 3090 tredecim
1881 3049 2056 3104 usque

472 3130 700 3187 liberos.
755 3129 906 3200 (Haec
955 3130 1190 3200 scriptor
1227 3129 1317 3184 hic
1367 3144 1430 3184 ex
1479 3130 1710 3198 ipsamet
1743 3143 1803 3182 se
1837 3128 2057 3181 audisse

471 3223 794 3294 Parysatide
850 3223 1082 3292 refert.)
1153 3219 1355 3275 Verum
1418 3220 1598 3276 caeteri
1673 3219 1890 3289 quidem
1949 3219 2058 3274 cito

471 3315 660 3370 vivere
709 3315 1036 3380 desierunt,
1082 3312 1468 3384 superstitibus
1519 3311 1721 3367 relictis
1772 3312 1872 3374 iis,
1922 3325 2059 3380 quos

472 3409 636 3464 modo
682 3408 1104 3472 nominavimus,
1133 3423 1254 3462 cum
1285 3416 1488 3478 quarto
1531 3405 1753 3476 insuper
1801 3404 1935 3469 lilio,
1971 3402 2059 3459 cui

473 3495 741 3556 Oxendrte
771 3514 972 3555 nomen
1007 3499 1276 3554 fecerunt.

547 3592 876 3648 Del‘ecerunt
907 3607 937 3646 a
965 3606 1091 3662 rege
1119 3605 1416 3662 germanus
1457 3589 1576 3661 ejus
1615 3587 1786 3643 frater
1823 3587 2058 3651 Arsites,

473 3688 666 3739 eodem
697 3694 850 3754 patre
877 3682 1179 3753 eademque
1213 3692 1390 3736 matre
1423 3690 1742 3751 prognatus,
1788 3687 1844 3733 et
1884 3677 2062 3747 Mega-

474 3775 599 3846 byzi
625 3773 768 3830 filius
792 3774 1114 3845 Artyphius.
1146 3771 1380 3826 Mittitur
1410 3774 1674 3827 adversus
1713 3772 1812 3826 hos
1836 3769 2064 3841 Artasy—

475 3877 594 3929 ras,
622 3861 873 3931 belloque
905 3860 1226 3932 Artyphium
1274 3858 1560 3924 invadens,
1595 3857 1807 3912 duobus
1851 3872 1883 3912 e
1925 3871 2064 3926 prac-

475 3955 567 4013 lits
606 3956 785 4011 victus
833 3954 1011 4010 abiit:
1052 3953 1214 4008 tertio
1260 3951 1457 4006 deinde
1503 3965 1852 4021 congressus,
1899 3951 2065 4020 Arty-

476 4049 664 4121 pbium
713 4056 959 4118 superat,
989 4055 1046 4101 et
1076 4059 1214 4116 quos
1265 4044 1355 4100 ille
1396 4058 1582 4100 secum
1636 4042 1869 4098 habebat
1920 4041 2064 4096 Grae-

478 4156 572 4198 cos
606 4141 679 4196 ita
715 4140 1033 4196 muneribus
1066 4141 1132 4195 ad
1180 4154 1240 4196 se
1279 4138 1545 4211 pellexit,
1577 4145 1636 4191 ut
1687 4134 1904 4190 tandem
1929 4149 2059 4188 cum

2166 3035 2330 3106 μέχρι
2357 3035 2564 3089 παίδων
2602 3035 2927 3108 δεκατριῶν.
2962 3035 3072 3089 Καί
3107 3052 3275 3107 φησιν
3323 3038 3352 3090 6
3397 3037 3752 3108 συγγραφεὺς

2163 3127 2326 3191 αὐτὸς
2368 3130 2502 3199 παρ’
2546 3127 2718 3198 αὐτῆς
2750 3128 2966 3195 ἐκείνης
3004 3125 3105 3193 τῆς
3153 3126 3529 3197 Παρυσάτιδος
3573 3128 3755 3181 ταῦτα

2164 3218 2418 3272 ἀκοῦσαι.
2466 3217 2630 3272 Ἀλλὰ
2656 3218 2725 3271 τά
2765 3218 2865 3288 μὲν
2897 3217 3034 3272 ἄλλα
3066 3216 3178 3270 τῶν
3211 3217 3418 3272 τέκνων
3456 3220 3596 3290 ταχὺ
3643 3221 3758 3274 άπ-

2165 3308 2320 3377 εϐίω,
2345 3310 2395 3362 οἱ
2426 3308 2484 3362 δὲ
2511 3309 2930 3380 περιγεγονότες
2960 3309 3096 3362 οἵτε
3119 3309 3530 3380 προρρηθέντες
3549 3314 3762 3383 τυγχά-

2165 3413 2333 3454 νουσι
2359 3401 2456 3454 καὶ
2487 3399 2570 3455 ἔτι
2605 3400 2866 3472 τέταρτος
2903 3398 3041 3466 υἱὸς,
3089 3397 3379 3471 Ὀξένδρας
3421 3401 3758 3475 ὠνομασμέο

2165 3511 2276 3558 νος.

2249 3586 2601 3657 »Αφίστανται
2644 3587 2908 3658 βασιλέως
2943 3590 3200 3663 Ἀρσίτης
3231 3592 3259 3645 6
3279 3591 3479 3655 οἰκεῖος
3504 3589 3760 3660 ἀδελφὸς.

2167 3679 2503 3749 ὁμοπάτριος
2533 3681 2628 3734 καὶ
2654 3681 3015 3752 ὁμομήτριος,
3053 3684 3148 3736 καὶ
3181 3682 3475 3755 Ἀρτύφιος
3511 3684 3540 3735 6
3566 3681 3757 3749 Μεγα-

2168 3771 2358 3836 ϐύζου.
2385 3772 2672 3842 Πέμπεται
2701 3773 2793 3846 [63
2814 3773 2910 3845 [1.]
2926 3774 3270 3848 Ἀρτασύρας
3291 3774 3413 3829 κατ’
3441 3773 3643 3838 αὐτῶν,
3664 3776 3760 3827 καὶ

2169 3865 2401 3935 πολεμεῖ
2449 3864 2744 3934 Ἀρτύφιον
2774 3905 2791 3930 ,
2841 3870 2936 3920 καί
2972 3867 3095 3920 δυσὶ
3143 3867 3349 3938 μάχαις
3410 3864 3762 3938 Ἀρτασύρας

2170 3957 2419 4027 ἡττᾶται.
2446 3953 2575 4027 [128
2607 3955 2698 4028 8.]
2725 3954 2858 4012 Εἶτα
2897 3958 3059 4012 πάλιν
3085 3957 3380 4030 συμϐαλὼν
3408 3959 3536 4030 νικᾷ
3570 3957 3765 4026 Ἀρτύ-

2170 4061 2315 4114 φιον,
2349 4045 2449 4098 καὶ
2481 4044 2752 4114 ὑπάγεται
2782 4045 2909 4111 τοὺς
2938 4049 3037 4102 σὺν
3066 4047 3218 4120 αὑτῷ
3241 4048 3512 4120 ’Έλληνας
3536 4048 3758 4120 δώροις,

2170 4139 2270 4192 καὶ
2307 4138 2818 4210 καταλιμπάνονται
2868 4139 3020 4212 αὑτῷ
3076 4142 3338 4213 Μιλήσιοι
3383 4141 3537 4213 μόνοι
3581 4145 3754 4213 τρεῖς.

481 4233 655 4289 tribus
711 4232 1005 4286 admodum
1064 4230 1290 4287 Milesiis
1350 4231 1580 4284 relictus
1632 4227 1818 4282 fuerit.
1879 4224 2053 4292 Quare

2175 4229 2344 4293 Τέλος
2365 4231 2564 4298 ὅρκους
2599 4229 2695 4283 καὶ
2723 4230 2938 4294 πίστεις
2983 4230 3165 4285 λαϐὼν
3204 4233 3359 4303 παρὰ
3422 4233 3761 4304 Ἀρτασύρα,

473 4321 831 4395 jurejurando
875 4321 1086 4390 fideque
1132 4321 1200 4375 ab
1239 4320 1457 4373 Artasia
1491 4317 1640 4382 data,
1674 4315 1788 4384 regi
1830 4329 1952 4372 sese
1977 4315 2053 4370 de-

2169 4321 2292 4374 ἐπεὶ
2321 4321 2349 4373 6
2385 4320 2643 4392 Ἀρσίτης
2670 4321 2775 4374 οὐκ
2799 4321 3071 4392 ἐφαίνετο,
3092 4321 3490 4396 προσεχώρησε
3521 4322 3760 4394 βασιλεῖ.

478 4415 634 4470 didit.
667 4411 951 4484 Parysatis
977 4426 1108 4467 vero
1133 4411 1246 4481 regi
1275 4413 1342 4465 ad
1368 4409 1694 4481 Artyphium
1729 4406 2053 4463 interficien-

2169 4412 2486 4485 Παρύσατις
2518 4413 2576 4466 δὲ
2605 4413 2923 4482 βουλεύεται
2958 4414 3191 4485 βασιλεῖ,
3231 4415 3477 4488 όρμῶντι
3497 4416 3636 4486 ⁴ιιιρὸς
3668 4417 3765 4470 τὸν

479 4507 607 4563 dum
655 4505 884 4562 incitato
911 4503 964 4558 id
1005 4502 1220 4558 consilii
1245 4502 1432 4571 dedit,
1465 4500 1558 4556 illo
1587 4510 1646 4556 ut
1675 4511 1920 4570 tempore
1956 4512 2053 4553 non

2181 4505 2477 4577 Ἀρτυφίου
2504 4503 2760 4570 θάνατον,
2800 4506 2877 4579 μὴ
2921 4507 3135 4562 ἀνελεῖν
3171 4508 3334 4572 τέωςο
3383 4509 3606 4562 ἔσεσθαι
3651 4509 3765 4580 γὰρ

477 4601 800 4658 occideret:
836 4614 936 4672 per
979 4612 1101 4653 eam
1147 4597 1294 4652 enim
1343 4595 1592 4650 fraudem
1641 4592 1806 4648 etiam
1843 4591 2053 4647 Arsiter

2170 4597 2330 4651 τοῦτο
2357 4598 2577 4668 ἀπάτην
2599 4600 2694 4652 καὶ
2713 4601 2793 4664 είς
2813 4601 2915 4670 τὴν
2942 4600 3334 4673 πῳσχώρησιν
3357 4601 3452 4654 τοῦ
3485 4601 3762 4672 Ἀρσίτου·

480 4694 658 4764 ipsum
711 4706 832 4748 sese
881 4691 1231 4756 deditorum;
1281 4687 1374 4743 ubi
1414 4688 1503 4743 hic
1537 4699 1755 4756 quoque
1813 4685 2053 4754 deceptm

2172 4686 2394 4741 ἐπειδὰν
2426 4687 2761 4752 δὲ’κάκεῖνος
2782 4689 3086 4759 ἀπατηθεὶς
3103 4689 3357 4761 άλῷ,δεῖν
3379 4690 3427 4722 δ’
3453 4689 3579 4743 τότε
3597 4689 3768 4760 ἄμφω

481 4795 781 4857 captusque
834 4792 1016 4850 esset,
1068 4793 1206 4851 tum;
1245 4783 1464 4836 demum
1525 4789 1738 4848 tempus
1788 4775 2053 4844 utriuqu

2175 4781 2601 4852 διαχρήσασθαι.
2633 4784 2746 4836 Καὶ
2787 4782 3014 4852 γέγονεν
3057 4782 3254 4849 οὕτως,
3279 4783 3638 4854 εύοδωθείσης
3665 4784 3769 4852 τῆς

482 4878 738 4933 necandi.
790 4874 863 4932 Et
904 4890 1035 4931 vero
1080 4875 1156 4930 ita
1206 4871 1412 4930 factum
1455 4880 1561 4939 est,
1597 4871 1725 4926 dum
1756 4868 1806 4923 ei
1843 4866 2053 4922 consilit

2178 4872 2512 4944 συμϐουλῆς,
2535 4871 2632 4926 καὶ
2654 4872 2988 4944 ἐμϐάλλεται
3007 4873 3088 4936 εἰς
3117 4871 3216 4944 τὴν
3245 4873 3439 4927 σποδὸν
3476 4871 3770 4944 Ἀρτύφιος

1763 4979 2002 5038 ἾΑΒΙᾸΕ
2034 4980 2442 5040 LECTIONES.

558 5085 604 5116 ³ο
629 5085 665 5156 ὴ
694 5081 818 5156 add.
843 5082 911 5156 ᾼ.
981 5080 1044 5156 _“
1062 5079 1144 5156 οη
1168 5079 1341 5156 Ιαύτοὶ
1381 5078 1449 5156 _A.
1497 5077 1570 5156 ’ξ’
1601 5076 1629 5132 6
1655 5073 1916 5156 εὐνούχος
1967 5072 2167 5156 add.A._
2184 5154 2190 5156 _
2244 5076 2291 5108 ³⁸
2318 5076 2496 5156 ἑκόντι
2547 5095 2608 5143 ς.
2682 5078 2735 5156 ξι
2763 5077 3008 5156 δαριαῖος
3045 5099 3106 5146 ς,
3145 5153 3165 5156 _
3185 5079 3230 5112 ³⁸
3255 5079 3427 5156 πολλὰ
3451 5081 3552 5153 μὲν
3573 5081 3773 5156 Ὀστά-

485 5173 610 5244 vce;
765 5154 810 5185 ⁸⁸
854 5146 1184 5244 βασιλεύσας
1213 5151 1348 5244 add.
1370 5148 1418 5202 Δ
1447 5167 1462 5204 :
1497 5146 1780 5244 idelm’hoc
1800 5146 2198 5244 lgcg‘reposuit
2255 5161 2377 5244 (Bue
2401 5150 2564 5244 v‘ulgo
2597 5162 2647 5201 ν.
2667 5149 2735 5244 Ξ),
2798 5146 2917 5218 pust
2937 5146 3544 5244 dapetaizoc'degunt'ur,
3593 5153 3775 5244 μῆνις

485 5235 542 5300 ς’
566 5215 779 5300 ἡμέρας
811 5215 893 5278 ιε’.
927 5267 930 5269 λ
969 5224 1014 5256 ³⁷
1043 5223 1374 5295 Ἀρτοξάνης
1419 5237 1482 5284 ς.
1579 5217 1626 5249 ³⁸
1658 5215 2060 5287 ’Λρτι6αζάνης
2105 5233 2168 5281 ςο
2265 5218 2309 5249 ³⁹
2344 5215 2582 5288 μάλιστα
2631 5222 2701 5290 τῇ
2735 5215 2960 5289 γύναικὶ
3020 5215 3349 5292 ’συμϐούλιιῖ
3364 5240 3425 5288 ς.
3511 5225 3558 5256 ⁸⁸
3587 5215 3670 5277 δεῖ
3706 5229 3770 5277 Λ.

2014 5328 2252 5388 ΝΟΤᾸΕ.

563 5439 644 5562 (ᾖ)
678 5437 754 5492 De
786 5435 971 5500 citari,
1007 5434 1124 5489 sive
1156 5430 1351 5497 cidari,
1379 5429 1497 5499 lege
1545 5426 1693 5482 doct.
1735 5423 2076 5482 Brissonium
2189 5444 2255 5484 ex
2286 5430 2527 5487 historia:
2557 5430 2770 5486 ratione
2795 5432 3053 5490 restituit.

623 5509 831 5562 ersicis.
863 5507 954 5560 lib.
987 5520 1027 5560 t.
2263 5502 2338 5562 (6)
2379 5502 2755 5562 Cugnomentu
2784 5502 3050 5562 Μνήμων.

488 5510 544 5568 in
572 5502 831 5574 Persicis,
863 5507 954 5560 lib.
987 5520 1027 5560 t.
1096 5573 1136 5574 η
1354 5570 1383 5574 __
2263 5502 2338 5574 (β)
2379 5502 3050 5574 (ᾷυκηοιιιοιιιυ-Μνήμων.

2316 5531 2317 5542 ι
2379 5506 2755 5572 Cugnonientu
2784 5506 3020 5573 Mvﬂpwi

2316 5506 2338 5644 ί
2373 5573 2551 5645 Cyrus
2581 5573 2672 5629 hic
2705 5572 2882 5631 minor
2916 5586 3020 5630 est.

584 5580 639 5644 ε)
678 5570 826 5633 Aliis
851 5576 1049 5630 Darius
1084 5573 1298 5630 Nothus
1335 5570 1534 5644 dictus.
1720 5637 1732 5644 _
1930 5635 1941 5644 _
2259 5570 2312 5643 (7

584 5580 639 5644 ε)
678 5580 813 5633 Aliis
851 5580 1049 5630 Darius
1084 5580 1298 5630 Nothus
1335 5580 1534 5626 dictus.

560 5580 642 5722 ίῦ)
679 5649 893 5721 Sequor
941 5645 1250 5702 versionem
1303 5643 1528 5709 editam,
1573 5654 1694 5711 qua:
1720 5637 1896 5695 locum
1929 5635 2074 5693 hunc
