3942 6234
237 191 340 256 197

1352 188 1885 249 BIBLIOTHECA.
1910 213 1977 224 -
2014 189 2180 249 COD.
2215 189 2460 249 LXXII.

3426 198 3529 263 198

231 305 332 356 καὶ
384 299 682 372 ’Δρσίτηςυ
712 297 1164 367 καίτοιἋρσίτην
1189 298 1218 349 6
1245 296 1503 367 βασιλεὺς
1541 297 1642 350 οὐκ
1670 296 1826 349 ἐϐού-

1938 306 2155 366 optatus
2204 296 2483 366 respondit
2528 298 2732 363 exitus,
2784 308 2838 355 et
2899 306 3126 370 uterque
3177 301 3232 359 in
3286 304 3529 363 cinerem

228 393 355 446 λετο
381 391 728 450 cimoliam“.
744 390 885 444 Ἀλλ’
901 391 936 462 ἡ
955 390 1269 461 Παρύσατις
1284 392 1354 443 τά
1373 389 1474 461 μὲν
1498 388 1841 443 πείθουσατὰ

227 486 286 538 δὲ
318 484 625 555 βιαζομένη
654 482 926 539 ἀπώλεσε.
990 480 1341 551 Κατελεύσθη
1386 481 1445 535 δὲ
1478 483 1572 536 καὶ
1621 483 1840 551 Φαρνα-

229 576 372 640 κύας
407 575 458 607 ⁸⁹
489 578 520 629 6
574 574 884 629 συνανελὼν
929 573 1238 644 Σεκυδιανῷ
1294 572 1525 645 Ξέρξην.
1569 571 1841 644 Ἀνῃρέοη

229 669 287 721 δὲ
342 668 443 722 καὶ
488 666 845 738 Μενοστάνης
876 666 967 737 ὑφ’
1012 664 1242 733 ἑαυτοῦ,
1289 665 1395 737 ἠδη
1433 665 1571 737 πρὸς
1609 666 1840 719 θάνατον

234 759 777 832 συλλαμϐανόμενος.

322 941 649 1011 Ἀφίσταται
706 939 1052 1011 Πισούθνης,
1122 940 1219 995 καὶ
1269 939 1670 995 ἀποστέλλεται
1715 937 1839 992 κατ’

233 1034 400 1088 αὐτοῦ
431 1034 787 1106 Τισαφέρνης
808 1033 906 1088 καὶ
923 1032 1310 1105 Σπιθραδάτης
1334 1031 1382 1064 ⁸³
1404 1031 1501 1085 καὶ
1521 1029 1836 1101 Παρμίσης.

245 1125 606 1197 ’Δντεπεξῄει
635 1127 692 1179 δὲ
723 1124 1033 1196 Πισούθνης
1060 1163 1077 1189 ,
1130 1123 1273 1195 έχων
1337 1123 1434 1178 καὶ
1469 1123 1705 1177 Λύκωνα
1746 1121 1840 1175 τὸν

245 1216 539 1287 Ἀθηναίον
563 1214 967 1287 ἆμαἙλλήνων
998 1214 1044 1246 ⁸⁸
1072 1208 1148 1269 ὧν
1174 1216 1384 1278 ἐκεῖνος
1411 1209 1573 1286 ἦρχε.
1606 1214 1838 1283 Λαμϐά-

230 1326 380 1363 νουσι
399 1308 464 1362 δὲ
481 1310 532 1362 οί
546 1309 641 1363 τοῦ
662 1308 926 1379 βασιλέως
944 1309 1243 1381 στρατηγοὶ
1265 1309 1513 1379 χρήμασι
1531 1310 1576 1338 ⁸⁸
1600 1307 1835 1361 Λύκωνα

230 1401 470 1464 καὶτοὺς
490 1401 784 1473 Ἕλληνας.
810 1404 907 1454 καὶ
925 1400 1198 1469 ὰφιστῶσι
1233 1400 1553 1455 Πισούθνουο
1582 1400 1702 1454 εἶτα
1726 1399 1841 1451 δόν-

228 1510 317 1557 τες
342 1493 501 1564 αύτῷ
522 1494 738 1558 πίστεις
768 1494 863 1547 καὶ
889 1494 1147 1558 λαϐόντες
1181 1492 1373 1562 ἄγουσι
1404 1493 1557 1562 παρὰ
1591 1492 1836 1561 βασιλέα.

238 1585 297 1639 '0
316 1586 376 1639 δὲ
408 1588 493 1651 είς
514 1586 614 1659 τὴν
639 1586 836 1641 σποδὸν
868 1586 1111 1651 ἐνέϐαλε,
1144 1584 1499 1657 Τισσαφέρνη
1516 1584 1561 1615 ⁸⁸
1590 1584 1714 1647 δοὺς
1743 1584 1842 1655 τὴν

1942 388 2236 459 conjicitur
2286 387 2385 459 (8),
2433 389 2535 444 etsi
2582 389 2801 445 Arsiten
2858 406 2957 447 rex
3008 394 3284 464 perditum
3336 400 3528 466 noluit,

1941 479 2086 547 quod
2130 490 2312 535 tamen
2357 480 2634 552 Parysatis
2669 482 2865 551 partim
2899 486 3175 556 precibus,
3213 492 3409 559 partim
3456 494 3529 561 vi,

1943 571 2238 642 aliquando
2260 571 2462 627 eﬂ‘eeit.
2508 574 2853 647 Pharnacyas
2876 593 3111 648 quoque,
3144 581 3236 650 qui
3268 597 3391 637 cum
3426 584 3531 638 Se-

1941 662 2213 731 eyndiauo
2256 662 2495 719 Xerxem
2535 666 2831 731 occiderat,
2869 667 3136 738 lapidibus
3165 671 3395 725 obrutus
3428 686 3442 727 :
3478 681 3535 727 et

1941 752 2290 810 Menostanes
2336 757 2453 825 ipse
2498 757 2603 811 sibi
2656 768 2888 813 mortem
2925 762 3215 827 conscivit,
3254 780 3378 818 cum
3416 766 3531 834 jam

1942 848 2012 905 ad
2042 852 2245 905 caedem
2277 852 2857 919 comprehenderetur.

2010 940 2277 998 Desciscit
2322 942 2643 1009 Pisuthnes,
2677 944 2729 999 in
2760 961 2920 1016 quem
2958 945 3359 1018 Tissaphernes
3401 950 3529 1005 mit-

1941 1034 2101 1100 titur,
2142 1046 2308 1105 atque
2340 1035 2748 1105 Spithradatas,
2797 1048 2855 1093 et
2894 1038 3194 1095 Parmises.
3227 1040 3534 1113 Tenditque

1942 1128 2208 1183 adversus
2276 1129 2376 1184 hos
2438 1128 2751 1198 Pisuthnes,
2802 1132 3061 1204 Lyconen
3118 1136 3531 1202 Atheniensem,

1939 1232 2065 1273 cum
2112 1218 2321 1276 Graecis
2347 1236 2579 1291 quorum
2612 1223 2703 1278 ille
2734 1222 2842 1278 dux
2873 1236 3014 1292 erat,
3048 1240 3233 1283 secum
3262 1232 3531 1298 educens;

1939 1325 2132 1367 verum
2184 1316 2426 1384 acceptis
2476 1332 2506 1369 a
2560 1318 2725 1386 regiis
2764 1318 2997 1375 ducibus
3044 1324 3316 1389 pecuniis,
3353 1323 3531 1395 Lycon

1941 1402 2233 1475 Graecique
2256 1405 2578 1463 Pisuthnem
2606 1410 2889 1475 deserunt,
2929 1427 3093 1481 quem
3124 1413 3290 1469 duces
3317 1418 3532 1483 deinde,

1942 1497 2049 1554 fide
2084 1500 2209 1555 data
2242 1499 2386 1572 43a
2417 1511 2748 1570 acceptaque
2771 1504 2836 1556 ad
2865 1518 3047 1573 regem
3072 1506 3399 1573 perducunt.
3430 1509 3531 1574 Qui
3564 1588 3569 1589 γ

1943 1590 2120 1659 ipsum
2190 1590 2245 1645 in
2307 1592 2551 1645 cinerem
2613 1592 2884 1663 conjecit,
2938 1593 3165 1663 ejusque
3234 1599 3530 1664 satrapiam

228 1679 537 1734 Ῑῐισούθνου
568 1678 928 1751 σατραπείαν.
960 1680 1166 1734 Ι’Ἑλαϐε
1206 1680 1264 1735 δὲ
1294 1678 1492 1733 Λύκων
1518 1677 1614 1733 καὶ
1639 1676 1825 1741 πόλεις

1938 1681 2328 1753 Tissapherna:
2370 1682 2615 1738 tradidit.
2670 1682 2854 1755 Lycon
2906 1685 3125 1739 interim
3183 1688 3345 1742 urbes
3393 1689 3533 1741 inte-

226 1773 317 1827 καὶ
343 1772 541 1845 χώρας
564 1772 707 1845 ὑπὲρ
741 1773 841 1845 τῆς
863 1772 1180 1844 προδοσίας.

302 1945 651 2019 Ἀρτοξάρης
671 1948 699 2001 6
726 1946 983 2019 εὐνοῦχος
1003 1949 1072 2013 ⁸⁷,
1107 1948 1166 2012 ὃς
1194 1946 1342 2019 μέγα
1398 1944 1633 2017 ἠδύνατο
1670 1942 1826 2013 παρὰ

226 2035 464 2106 βασιλεί,
503 2039 844 2093 ἐπιϐουλεύει
882 2040 1133 2110 βασιλέα,
1159 2039 1328 2092 θέλων
1357 2036 1521 2101 αὐτὸς
1560 2033 1816 2106 βασιλεῦ.

227 2147 349 2185 σαι’
384 2130 632 2199 πώγωνα
685 2133 795 2205 γὰρ
850 2134 945 2187 καὶ
978 2132 1252 2203 ύπόρρινα
1314 2129 1646 2203 προσέταξεν
1676 2129 1825 2201 αὑτῷ

223 2223 452 2291 γυναικὶ
487 2225 919 2287 κατασκευάσαι,
948 2225 1041 2280 ἵνα
1066 2225 1143 2290 ὡς
1174 2226 1317 2298 ἀνὴρ
1343 2223 1609 2294 φαίνοιτο.
1644 2223 1723 2276 Δι’
1748 2217 1817 2297 ἧς

223 2318 319 2370 καὶ
350 2318 773 2389 καταμηνύεται
804 2321 901 2373 καὶ
930 2318 1392 2391 συλλαμϐάνεται.
1429 2316 1546 2372 Καὶ
1580 2315 1822 2389 παραδί·

221 2411 370 2466 δοται
400 2411 765 2484 Παρυσάτιδι,
797 2413 894 2466 καὶ
920 2414 1256 2481 ἀναιρεῖται.
1658 2482 1667 2491 ,

290 2497 633 2573 Ἀρσάκης⁸⁸
655 2505 683 2557 6
732 2502 827 2556 τοῦ
880 2502 1150 2572 βασιλέως
1176 2503 1349 2569 παῖς,
1382 2504 1412 2558 6
1443 2503 1540 2558 καὶ
1592 2501 1822 2575 ὕστερον

225 2595 663 2665 μετονομασθεὶς
715 2594 1117 2667 Ἀρτοξέρξης,
1176 2597 1350 2665 γαμεῖ
1410 2597 1513 2667 τὴν
1573 2594 1822 2665 Ἰδέρνεω

225 2684 507 2756 θυγατέρα
558 2685 857 2759 Στάτειραν
874 2686 942 2752 ⁸⁹,
980 2686 1081 2758 τὴν
1110 2685 1167 2739 δὲ
1206 2686 1301 2740 τοῦ
1351 2684 1622 2756 βασιλέως
1651 2687 1822 2755 θυγα-

222 2777 358 2848 τέρα
384 2780 415 2830 6
441 2777 537 2832 τοῦ
567 2778 812 2850 Ἰδέρνεω
848 2778 994 2843 υἱός*
1035 2778 1342 2851 Ἀμῆστρις
1373 2774 1442 2849 ἦν
1471 2779 1505 2849 η
1541 2778 1818 2850 θυγάτηρ,

221 2869 301 2939 τῷ
336 2868 397 2922 δὲ
422 2868 629 2941 ταύτης
666 2870 887 2942 νυμφίῳ
912 2870 1088 2940 ὄνομα
1107 2870 1154 2902 ⁵⁸
1200 2869 1602 2942 Τεριτούχμης,
1631 2871 1690 2934 ὃς
1724 2872 1819 2924 καὶ

222 2960 318 3013 τοῦ
350 2961 564 3032 πατρὸς
579 2962 1004 3033 τελευτήσαντος
1036 2962 1152 3015 ἀντ’
1183 2961 1352 3015 αὑτοῦ
1378 2964 1665 3033 σατράπης
1689 2978 1820 3014 κατ-

221 3052 376 3122 έστη.
426 3048 540 3106 Ἦν
579 3053 637 3107 δὲ
694 3054 1009 3125 ὁμοπατρία
1058 3052 1210 3125 αὐτῷ
1273 3054 1479 3125 ἀδελφὴ
1544 3053 1817 3125 Ῥωξάνη,
1850 3035 1895 3098 C

222 3144 367 3215 καλὴ
393 3142 476 3215 τῷ
515 3144 644 3198 εῖδει
673 3147 767 3199 καὶ
814 3144 1060 3210 τοξεύειν
1085 3146 1180 3200 καὶ
1212 3146 1522 3212 ἀκοντίζειν
1554 3147 1822 3216 ἐμπειρο-

220 3236 382 3305 τάτη.
424 3234 598 3307 Ἐρῶν
627 3236 685 3291 δὲ
715 3235 919 3308 ταύτης
945 3238 975 3290 6
1002 3235 1386 3309 Τεριτούχμης
1434 3236 1527 3289 καὶ
1564 3238 1823 3304 συγγινό-

225 3344 386 3397 μενος
433 3327 615 3397 ἐμίσει
640 3328 968 3401 Ἀμῆστριν,
1039 3329 1135 3382 καὶ
1165 3328 1320 3392 τέλος
1362 3327 1621 3399 ἐμϐαλεῖν
1650 3328 1824 3398 αὐτὴν

222 3422 303 3484 είς
369 3422 581 3476 σάκκον
598 3424 641 3453 ⁸⁸
685 3424 780 3476 καὶ
841 3420 1318 3493 κατακεντηθῆναι
1347 3421 1454 3474 ὑπὸ
1483 3423 1822 3493 τριακοσίων

221 3515 461 3587 ἀνδρῶν,
514 3515 638 3585 μεθ’
669 3509 745 3570 ὧν
768 3517 864 3569 καὶ
925 3516 1023 3587 τὴν
1056 3516 1364 3569 ἀπόστασιν
1395 3514 1727 3584 ὲμελέτησεν
1748 3514 1817 3579 ⁵⁸,

222 3603 610 3659 ἐϐουλεύσατο.
638 3604 804 3659 Ἀλλά
858 3621 946 3668 τις
997 3602 1369 3674 ῡύδιάστης⁸³
1413 3603 1609 3674 ὄνομα,
1664 3603 1819 3672 ίσχὺν

224 3696 362 3767 ἔχων
426 3698 581 3767 παρά
606 3695 976 3768 Τεριτούχμῃ,
1013 3696 1110 3749 καὶ
1132 3694 1446 3766 γράμματα
1470 3694 1623 3764 παρὰ
1660 3694 1819 3764 βασι-

224 3788 360 3852 λέως
392 3788 598 3850 πολλὰς
635 3788 959 3858 ὑποσχέσεις
986 3786 1202 3857 ἔχοντα,
1228 3787 1279 3839 εί
1305 3785 1641 3857 περισωθείη
1669 3785 1820 3858 αὐτῷ

222 3882 256 3950 ὴ
280 3880 570 3951 θυγάτηρ,
600 3880 918 3951 δεξάμενος,
958 3879 1263 3933 ἐπιτίθεται
1283 3879 1377 3933 καὶ
1410 3880 1625 3950 ἀναιρεί
1654 3880 1821 3951 Τερι-

224 3973 497 4043 τούχμην,
563 3971 831 4041 γενναίως
860 3972 920 4024 έν
940 3973 1006 4041 τῇ
1033 3970 1404 4023 ἐπαναστάσει
1424 3969 1818 4041 ἀνδρισάμενον

225 4067 319 4120 καὶ
362 4066 599 4129 πολλοὺς
649 4066 1053 4119 ἀποκτείναντα
1079 4063 1125 4095 ⁵⁸
1146 4080 1160 4094 ⁸
1191 4064 1356 4135 μέχρι
1414 4063 1525 4135 γὰρ
1560 4062 1605 4116 λ’
1651 4063 1744 4116 καὶ
1774 4062 1820 4129 ζ’

225 4175 389 4227 φασιν
428 4158 594 4212 αὑτὸν
639 4159 984 4212 ἀποκτεῖναι.
1029 4158 1087 4211 'U
1110 4157 1168 4211 δὲ
1195 4158 1312 4222 υίὸς
1368 4158 1465 4211 τοῦ
1516 4157 1816 4214 Οὺδιάστου

227 4248 585 4319 Μιθραδάτης
603 4249 673 4313 ³⁵,
708 4245 1062 4319 ὑπασπιστὴς
1084 4244 1164 4302 ὣν
1184 4247 1564 4319 Τεριτούχμου
1619 4255 1715 4301 καὶ
1740 4250 1815 4319 μὴ

1936 1788 2063 1844 gras
2105 1788 2172 1829 ac
2210 1773 2463 1844 regiones
2497 1788 2599 1845 pro
2638 1775 2867 1843 hujusce
2906 1774 3233 1844 proditionis
3276 1780 3530 1833 mercede

1935 1865 2167 1935 accepit.

2002 1957 2304 2013 Artoxares
2360 1971 2615 2028 quoque,
2659 1957 2751 2028 qui
2808 1956 3103 2028 plurimum
3154 1960 3295 2029 apud
3340 1974 3525 2031 regem

1933 2057 2168 2118 poterat,
2198 2049 2464 2118 regnandi
2509 2033 2808 2119 cupiditate
2850 2050 3101 2118 adactus,
3141 2052 3369 2108 insidias
3412 2041 3522 2125 regi

1933 2141 2179 2197 molitur.
2233 2141 2334 2197 llic
2382 2142 2671 2198 eunuchus
2728 2158 2851 2197 cum
2906 2156 3088 2211 esset,
3134 2143 3364 2200 barbam
3418 2148 3524 2201 sibi

1933 2240 2320 2303 mystacasque
2370 2242 2432 2287 ut
2472 2236 2794 2299 eonliceret,
2846 2237 3007 2291 uxori
3068 2236 3374 2306 imperavit,
3413 2251 3524 2306 quo

1929 2323 2014 2377 vir
2041 2336 2163 2378 esse
2203 2332 2509 2394 putaretur,
2543 2325 2610 2379 ab
2641 2340 2705 2379 ea
2744 2325 2859 2395 ipse
2895 2327 3149 2396 proditus
3193 2328 3432 2398 capitur,
3467 2337 3524 2383 et

1928 2410 2239 2486 Parysatidi
2277 2417 2510 2470 traditus
2540 2426 2792 2471 necatur.

2006 2504 2170 2577 Regis
2197 2519 2378 2563 autem
2409 2507 2553 2561 ﬁlius
2583 2508 2838 2574 Arsaces,
2861 2508 2952 2579 qui
2983 2510 3299 2566 Artaxerxae
3330 2522 3521 2581 postea

1928 2612 2124 2652 nomen
2163 2597 2303 2663 tulit,
2340 2597 2639 2653 Stateiram
2678 2600 2883 2655 ldernae
2912 2601 3077 2656 tiliam
3119 2617 3342 2657 uxorem
3378 2606 3523 2660 acci-

1928 2686 2032 2755 pit,
2079 2696 2134 2741 et
2164 2687 2327 2755 hujus
2361 2687 2600 2741 vicissim
2639 2688 2782 2742 illius
2816 2689 2958 2758 regis
2989 2689 3175 2744 ﬁliam.
3207 2689 3333 2746 Haec
3365 2693 3521 2746 Ami-

1929 2777 2088 2843 stris,
2131 2777 2249 2845 ejus
2293 2792 2528 2847 sponsus
2574 2776 2956 2833 Terituehmes
3001 2781 3302 2847 dicebatur,
3332 2782 3422 2851 qui
3467 2791 3523 2835 et

1933 2868 1985 2922 iu
2021 2870 2193 2938 patris
2222 2869 2493 2923 demortui
2531 2868 2708 2923 locum
2746 2880 2962 2941 satrapa
3009 2880 3225 2926 creatus
3255 2882 3360 2927 est.
3391 2871 3522 2927 Erat

1927 2959 2059 3014 huic
2107 2974 2265 3015 soror
2307 2961 2499 3015 eodem
2554 2969 2705 3031 patre
2752 2962 2959 3031 genita,
3004 2960 3231 3017 Roxane
3279 2965 3520 3027 nomine,

1930 3068 2054 3123 qua:
2082 3068 2204 3107 cum
2248 3054 2446 3118 forma,
2485 3061 2593 3108 tum
2626 3055 2918 3124 sagittandi
2952 3054 3338 3125 jaculandique
3373 3058 3521 3128 peri-

1930 3144 2001 3198 tia
2054 3144 2400 3214 praestabat:
2437 3145 2591 3212 cujus
2642 3162 2827 3199 amore
2880 3157 3071 3215 captus
3118 3147 3517 3210 Terituclimes,

1928 3252 2166 3307 ususque
2197 3236 2612 3302 consuetudine,
2644 3238 2903 3292 Amistriu
2955 3240 3163 3294 scilicet
3202 3242 3412 3303 oderat,
3460 3250 3520 3295 ut

1927 3342 2047 3382 eam
2094 3331 2310 3382 tandem
2357 3328 2413 3382 in
2459 3344 2676 3384 saccum
2723 3330 2995 3397 conjicere
3040 3332 3369 3398 statuerit,a
3407 3344 3519 3387 tre-

1929 3419 2108 3473 centis
2144 3423 2218 3474 ita
2253 3419 2405 3485 viris,
2441 3434 2563 3474 cum
2593 3421 2790 3488 quibus
2824 3422 2913 3477 ille
2940 3421 3300 3478 defectionem
3342 3425 3518 3479 medi-

1926 3511 2166 3575 tabatur,
2220 3510 2664 3566 confodiendam.
2715 3510 2915 3567 Verum
2978 3512 3231 3569 Udiastes
3269 3516 3515 3586 quidam,

1925 3603 2018 3673 qui
2059 3605 2384 3658 auctoritate
2430 3604 2573 3674 apud
2628 3600 3011 3660 Terituchmen
3054 3606 3309 3673 pollebat,
3344 3616 3399 3662 et
3432 3607 3521 3661 lit-

1928 3704 2076 3749 teras
2108 3694 2220 3764 jam
2252 3712 2280 3748 a
2314 3710 2440 3764 rege
2471 3705 2757 3767 acceperat
2792 3698 3074 3767 promissis
3103 3699 3311 3770 plenas,
3338 3701 3382 3756 si
3418 3717 3517 3757 sua

1928 3787 2031 3858 ipsi
2072 3786 2182 3841 lilia
2229 3798 2541 3841 servaretur
2585 3788 2893 3855 incolumis,
2930 3788 3316 3845 Terituchmeu
3366 3794 3519 3846 inva-

1927 3878 2009 3933 dit
2056 3888 2219 3949 atque
2252 3879 2533 3940 interﬁcit,
2562 3894 2683 3933 cum
2716 3879 2867 3948 prius
2897 3881 3010 3950 ipse
3038 3880 3258 3937 fortiter
3296 3882 3517 3939 invaso-

1927 3969 2079 4026 ribus
2130 3970 2414 4038 resistens,
2461 3986 2649 4027 eorum
2703 3972 2905 4028 multos
2957 3975 3266 4039 stravisset,
3308 3986 3515 4046 septem

1925 4064 2073 4118 enim
2114 4077 2279 4132 supra
2322 4063 2542 4133 triginta
2583 4074 2861 4120 mactasse
2913 4066 3166 4121 traditur.
3208 4066 3380 4136 lpsius
3421 4086 3517 4123 au-

1927 4164 2034 4211 tem
2084 4153 2322 4211 Udiasta:
2382 4156 2523 4211 lilius
2572 4156 2956 4226 Mithridates,
3006 4161 3097 4229 qui
3153 4158 3516 4217 Teritucluna:

1927 4245 2168 4316 armiger
2217 4254 2358 4311 erat,
2411 4260 2514 4302 nec
2571 4246 2748 4302 turbis
2810 4248 2964 4303 hisce
3021 4248 3363 4317 interfuerat,
3421 4251 3513 4307 ubi

1518 4380 1750 4437 νΑιιιιεΕ
1786 4381 2203 4439 LECTIONES.

294 4479 339 4509 ⁸³
373 4474 679 4554 άττολέσθαι
702 4494 764 4554 ς.
823 4474 884 4554 ’⁸⁸
915 4470 1272 4554 φαρνακύτας
1304 4474 1371 4528 Α.
1430 4454 1884 4554 ⁸ξξῖπιθαραδάτλη

225 4548 320 4619 δης
350 4550 450 4617 τὴν
494 4564 554 4610 ς.
634 4547 688 4619 ⁸⁷Ῠ
722 4547 751 4598 6
784 4543 1043 4619 εύνοῦχος
1088 4543 1132 4596 Α
1162 4562 1175 4597 :
1209 4545 1266 4597 δὲ
1294 4562 1356 4609 ς,
1410 4543 1610 4619 additis
1656 4543 1799 4619 (post

225 4616 602 4687 ⁸ίστατεῖρςιΝ
664 4618 730 4669 Α.
805 4618 855 4687 ⁸⁸
877 4616 1051 4687 ὄνομα
1104 4630 1215 4667 υιυο
1271 4632 1356 4682 υτ·
1415 4616 1481 4670 Α·

224 4707 385 4743 νοντα
413 4705 475 4753 ς.
502 4685 512 4687 ⁷
556 4689 603 4719 ⁵⁸
640 4685 990 4759 μιστροδάτις
1014 4685 1080 4738 Α.

1892 4490 1918 4535 ς
1944 4490 2006 4537 ς.
2041 4471 2122 4545 ῌ⁸⁸
2158 4472 2504 4545 Ἕλλησιν-ς’.
2569 4472 2629 4545 ⁸⁵
2650 4473 2997 4545 χρήματαᾼς.
3028 4544 3031 4545 ν
3073 4472 3121 4505 ⁸⁸
3150 4474 3513 4545 Τισσαφερνί-

1702 4556 1799 4597 mst
1846 4541 2195 4665 ﬂammabant;
2246 4541 2434 4613 ἐκτομὲ

1702 4614 1820 4665 ἱκον
1873 4616 1940 4665 Α.
2012 4614 2058 4644 ⁵³
2095 4630 2161 4665 με
2197 4617 2434 4665 ετήσασα

1567 4615 1614 4646 ⁸³
1653 4614 1820 4667 σάκον
1873 4616 1940 4668 Α.
2012 4614 2058 4644 ⁵²
2093 4630 2161 4684 με

2246 4543 2509 4613 ἐκτομίας
2559 4543 2844 4614 ὑπάρχων.
2992 4544 3266 4614 Ἀρσάκης
3302 4543 3410 4598 δὲό
3445 4562 3507 4609 ς’.

2197 4617 2440 4685 ετήσασα
2468 4631 2528 4677 ς.
2607 4613 2654 4645 ⁵³
2683 4613 2986 4685 Οὺδιαστὴς
3025 4613 3068 4646 ⁸⁷
3158 4616 3207 4646 ⁸⁸
3252 4614 3510 4668 ἀποκτεί-

1750 4776 1984 4834 NOTAE.

297 4876 379 4948 (8)
416 4872 625 4950 Eodem
680 4886 785 4926 noc
832 4871 1042 4950 mortis
1074 4869 1568 4950 genere_subla_tiis
1605 4884 1822 4950 quoque
1847 4872 1902 4931 D
1928 4870 2037 4950 psit
2059 4867 2309 4923 Valerius
2333 4867 2475 4923 Max.
2502 4866 2598 4950 lib.
2625 4882 2703 4950 is,
2728 4881 2849 4938 cap.
2871 4867 2929 4934 2,
2964 4868 3316 4950 Exteruorum
3340 4868 3508 4950 Iusto-

228 4938 611 5018 Sei-y'ndianus
664 4942 915 5012 supralet
957 4938 1100 4997 infra
1136 4938 1819 5018 Pisu_thnes.Bris_sou{in

225 5010 487 5080 Persicis,
540 5014 697 5068 vivos
728 5010 954 5068 exustos
1014 5022 1221 5066 censet.
1260 5010 1635 5082 Lycophronis
1687 5024 1821 5063 sane

225 5089 555 5145 scholiastes
628 5082 936 5151 φλέγουσαν
1004 5082 1201 5135 σποδὸν
1265 5081 1515 5151 exponit
1544 5081 1820 5151 πυρκαϊὰν

226 5160 318 5213 καὶ
368 5154 595 5212 καῦσιν.
628 5150 753 5221 βοά
806 5153 1065 5222 numquid
1121 5152 1271 5207 vivos
1318 5150 1552 5205 ﬂammis
1609 5150 1821 5204 tradere

228 5231 443 5293 licebat,
476 5226 678 5280 saltem
726 5224 942 5289 noxios,
992 5224 1133 5290 apud
1177 5237 1315 5292 quos
1356 5222 1812 5293 tnortuumquid,

226 5310 316 5351 aut
344 5289 594 5357 caenum.
623 5294 679 5347 in
711 5293 891 5362 ignem
934 5289 1229 5361 conjiciens
1262 5301 1435 5362 morte
1467 5289 1811 5362 puuiebatur,

230 5381 286 5422 ut
326 5370 499 5422 refert
528 5359 758 5426 Strabo;
800 5363 895 5416 lib.
937 5378 1006 5416 xv
1038 5359 1207 5417 ειη-,2
1233 5364 1312 5416 An
1351 5361 1493 5414 forte
1536 5362 1587 5412 in
1625 5359 1813 5427 Pyra:-

1928 4942 2012 4993 ria
2045 4950 2217 5000 sexta,
2262 4954 2371 5008 quo
2420 4940 2919 5062 Stippllciwiierc
2957 4940 3217 5009 perierint
3276 4942 3365 5009 qui
3421 4945 3506 4994 hic

1928 5008 2292 5062 ἐμϐάλλεσθαι
2342 5010 2424 5062 είς
2464 5009 2565 5062 τὴν
2610 5025 2641 5061 σ
2778 5027 2805 5062 ν
2834 5013 3104 5062 dicuntur.
3151 5012 3293 5062 quod
3340 5011 3505 5062 etiam

1923 5008 2292 5080 ἐμϐάλλεσθαι
2342 5010 2424 5080 είς
2464 5009 2565 5077 τὴν
2610 5008 2805 5062 σποδὸν
2834 5008 3104 5074 dicuntur,
3151 5008 3299 5080 quod
3340 5011 3505 5066 etiam

1923 5078 2083 5135 Ovid.
2118 5080 2170 5133 in
2201 5078 2297 5133 lib.
2327 5094 2381 5134 v.
2414 5079 2511 5133 ὅτι
2550 5081 2602 5134 in
2636 5084 2719 5135 his
2754 5082 3035 5136 versiculis
3063 5078 3303 5137 indicat:

1997 5190 2169 5263 thue
2199 5200 2502 5245 necatorum
2532 5192 2687 5246 Darii
2717 5195 2907 5263 fraude
2939 5196 3182 5259 secundi,

2098 5259 2188 5317 Sic
2222 5272 2313 5315 tua
2345 5279 2626 5319 succensus
2661 5259 2871 5320 ιιέυοτει
2902 5283 3023 5320 θεία
3048 5269 3201 5319 εδπὶσ.

1922 5356 2136 5430 Dixeris
2183 5365 2250 5430 et
2284 5355 2503 5430 beatum
2547 5359 2931 5430 Hieronymum
2973 5359 3101 5413 olim
3155 5360 3294 5414 hanc
3327 5358 3501 5429 ipsam

232 5442 499 5492 tlieiorum
514 5435 741 5505 copioso
755 5435 961 5505 cinere_,
980 5433 1180 5487 ibidem
1211 5432 1815 5505 descripto,exstinctos
1920 5429 2170 5505 phrasin.
2205 5428 2433 5505 alterius
2456 5427 3028 5505 Machabzeorumlihri
3051 5444 3174 5505 cap.
3202 5443 3321 5505 xui,
3348 5427 3409 5486 ii.
3442 5430 3499 5496 6,

234 5506 361 5562 isios
375 5499 649 5577 suspicari
665 5501 1133 5577 liceat.-7Pra:t_er
1152 5516 1383 5577 mentem
1403 5499 1787 5577 nieaiuaccidit
1799 5535 1816 5563 ,

1923 5494 2142 5567 legisse,
2185 5514 2309 5551 cum
2355 5500 2421 5552 de
2467 5494 2735 5569 sacrilego
2775 5500 2866 5553 illo
2897 5494 3135 5553 Menelao
3162 5494 3361 5569 eodem
3397 5494 3499 5556 hoc

234 5590 289 5631 ut
318 5568 591 5633 haesitatio
620 5574 1013 5649 nostra_prima
1042 5574 1110 5627 de
1137 5575 1394 5649 cinerum
1418 5570 1684 5649 supplicio
1716 5570 1819 5649 hoc
1923 5569 2170 5649 supplicii
2202 5582 2401 5649 genere
2430 5568 2885 5649 necato,_vulgata
2916 5569 3034 5649 ejus
3067 5571 3252 5649 versit:
3284 5568 3449 5625 refert
3482 5593 3496 5632 ;

235 5647 349 5703 lucu
388 5660 663 5720 expressa
696 5644 787 5701 sit.
811 5641 945 5700 Nam
972 5658 1105 5703 ecce
1136 5644 1233 5701 tibi
1265 5643 1569 5700 clarissime
1612 5641 1819 5696 descri-

1920 5639 2051 5707 Jude
2084 5639 2137 5693 in
2173 5638 2397 5695 cinerem
2430 5638 2589 5707 dejici
2634 5640 2801 5708 jussit
2840 5638 3179 5711 sacrilegum.
3221 5639 3492 5701 Scuo'rus.
