3942 6234
385 209 486 272 199

1542 202 1808 265 PHOTII
1847 198 2352 263 PATRIABCHAZ
2389 198 2498 259 CP.

3551 197 3660 265 200

381 318 598 373 facinus
626 315 916 384 intellexit,
945 315 1144 370 multas
1163 313 1304 385 patri
1330 313 1476 367 diras
1503 313 1836 383 imprecatus
1865 319 1967 376 est,

2085 309 2286 379 παρὼν,
2360 308 2482 361 ἐπεὶ
2524 305 2716 376 ἔμαθε,
2774 305 2946 359 πολλὰ
2966 305 3043 377 τῷ
3077 305 3242 376 πατρὶ
3282 308 3662 378 κατηράσατο,

379 417 705 478 captamque
741 405 904 462 Zarin
935 407 1151 472 urbem,
1181 405 1551 460 Teritucbmaa
1594 403 1703 457 filio
1743 417 1965 456 conser-

381 498 552 552 vavit.
597 496 668 553 At
714 494 992 568 Parysatis
1030 507 1258 551 matrem
1300 491 1686 557 Terituchmze,
1733 490 1966 546 fratres-

381 601 488 658 que
529 587 823 643 Metrosten
875 597 1040 657 atque
1079 585 1345 651 Hel-icum,
1395 597 1610 638 sorores
1647 584 1772 638 item
1807 583 1965 648 duas,

382 694 518 746 quas
570 686 766 747 praeter
815 676 1108 732 Stateiram
1157 675 1409 742 habebat,
1443 675 1594 729 vivas
1630 675 1806 730 defodi
1851 674 1970 742 jus-

380 769 452 822 sit
470 767 684 838 (9-10);
712 781 768 824 et
793 771 964 839 ipsam
996 766 1256 822 Roxanen
1286 768 1399 839 (ll)
1420 767 1599 834 vivam
1622 767 1749 823 item
1768 769 1967 822 secari.

381 857 742 915 Tantumdem
775 861 842 916 de
897 859 1173 927 Stateira,
1215 858 1438 914 Arsacaa
1487 857 1581 912 ﬁlii
1635 871 1825 924 uxore,
1875 871 1968 911 rex

388 953 603 1021 conjugi
642 953 948 1021 imperavit.
981 952 1051 1006 At
1091 967 1211 1005 cum
1244 951 1478 1006 Arsaces
1513 949 1697 1005 multis
1739 957 1966 1003 matrem

387 1054 708 1115 patremque
759 1045 1016 1114 lacrymis
1069 1056 1232 1114 atque
1279 1042 1584 1113 planctibus
1643 1042 1967 1114 mitigasset,

382 1146 668 1207 postquam
740 1139 856 1205 ipsa
890 1136 1035 1208 $36
1063 1135 1339 1207 Parysatis
1369 1135 1509 1191 ﬂexa
1539 1145 1644 1200 est;
1673 1136 1836 1190 etiam
1875 1149 1966 1189 rex

386 1242 602 1296 pugnam
639 1227 715 1280 illi
741 1228 1096 1293 condonavit,
1137 1226 1240 1283 hoc
1269 1228 1454 1283 addito
1481 1229 1547 1283 ad
1579 1241 1826 1293 uxorem,
1852 1224 1969 1281 fure

383 1321 673 1387 aliquando
706 1329 766 1374 ut
799 1335 920 1375 eam
949 1321 1104 1375 valde
1136 1321 1448 1390 paeniteret.

383 1409 631 1482 εχώρησε
659 1411 756 1464 καὶ
791 1406 960 1481 Ὦχος
993 1413 1021 1464 6
1047 1413 1330 1481 Δαρειαῖος
1348 1410 1416 1476 ⁸⁸,
1473 1411 1643 1464 είπὼν
1693 1407 2029 1483 Παρυσάτιδι

457 1527 678 1582 Decimo
721 1543 860 1584 nono
902 1529 1097 1584 deinde
1134 1529 1273 1585 libro
1301 1532 1488 1596 refert,
1533 1545 1591 1587 ut
1630 1531 1810 1589 Ochus
1847 1533 1952 1587 Da-
1986 1539 2027 1595 Β

386 1622 548 1675 rimus
579 1636 646 1674 ex
693 1623 882 1676 morbo
919 1633 1161 1678 mortuus
1191 1625 1261 1679 sit
1294 1623 1589 1696 Babylone,
1622 1642 1744 1681 cum
1794 1645 1979 1686 annos

389 1721 675 1779 regnasset
697 1697 1118 1782 quinquc'supra
1151 1714 1398 1784 triginta.
1431 1717 1686 1783 Arsaces,
1722 1717 1976 1788 idemque

387 1802 727 1856 Artaxerxes
775 1803 889 1874 (12)
949 1814 1154 1860 mutato
1187 1807 1430 1873 nomine,
1498 1823 1721 1876 regnum
1784 1813 1976 1867 deinde

389 1893 654 1962 suscipit;
702 1904 759 1948 et
813 1906 1002 1950 exacta
1063 1908 1209 1952 retro
1267 1898 1402 1970 (per
1442 1899 1744 1970 cervicem)
1796 1903 1973 1973 lingua

391 1982 630 2038 Udiasta:
679 1996 990 2053 exsecatur,
1038 1999 1204 2060 atque
1241 1989 1316 2045 ita
1365 1993 1635 2058 m0ritur,
1667 1993 1976 2050 Mithridate

389 2072 508 2138 ejus
536 2071 648 2127 filio
677 2089 773 2143 pro
805 2085 1028 2142 parente
1077 2089 1294 2147 satrapa
1339 2089 1524 2134 creato
1557 2095 1572 2133 :
1600 2097 1721 2151 qua:
1759 2083 1975 2151 quidem

401 2162 653 2218 Stateiraa
686 2165 868 2220 studio
895 2181 1000 2220 non
1031 2168 1366 2240 sinelmagno
1411 2167 1747 2243 Parysatidis
1794 2170 1978 2230 dolore

393 2265 613 2327 peracta
647 2271 791 2314 sunt.
817 2258 1208 2330 Tissaphernes
1239 2265 1560 2319 criminatur
1602 2265 1802 2335 Cyrum
1833 2269 1976 2338 apud

392 2352 754 2407 Artaxerxem
793 2351 1056 2421 fratrem;
1091 2368 1215 2409 mox
1244 2355 1332 2412 ille
1361 2358 1427 2412 ad
1463 2369 1688 2413 matrem
1713 2361 1976 2430 confugit,

393 2451 557 2509 atque
601 2441 669 2494 ab
718 2440 931 2504 obiecto
965 2443 1195 2498 crimine
1237 2443 1565 2502 absolvitur.
1617 2443 1730 2502 llac
1773 2461 1904 2519 ergo
1946 2465 1976 2504 a

393 2529 564 2585 fratre
593 2530 817 2586 allectus
850 2532 1141 2603 ignominia
1172 2533 1368 2605 Cyrus.
1401 2536 1468 2591 ad
1503 2541 1794 2609 satrapiam
1825 2555 1977 2595 suam

395 2618 621 2682 recedit,
657 2633 723 2674 ac
749 2620 817 2674 de
850 2620 1146 2677 rebellione
1181 2623 1404 2692 cogitat.
1436 2621 1774 2680 Criminatur
1806 2626 1981 2682 Oron-

395 2709 500 2764 den
535 2709 924 2768 Satibarzanes
979 2730 1101 2768 cum
1155 2713 1480 2787 Parysatide
1533 2719 1978 2774 consuetudinem

400 2800 621 2866 habere,
644 2818 766 2856 cum
791 2805 1032 2874 alioquin
1053 2807 1360 2861 castissime
1376 2807 1602 2861 viveret.
1623 2805 1796 2864 Morte
1821 2809 1981 2881 igitur

2067 404 2162 456 καὶ
2221 400 2376 454 πόλιν
2434 401 2604 470 Ζάριν
2653 398 2980 452 καταλαϐὼν
3023 397 3298 468 ἐφύλασσε
3337 402 3549 471 ταύτην
3578 398 3661 471 τῷ

2069 494 2221 546 παιδὶ
2263 491 2360 546 τοῦ
2411 490 2822 561 Τεριτούχμεω.
2859 489 2926 543 Ἦ
2953 489 3014 543 δὲ
3067 487 3380 561 Παρύσατις
3434 492 3542 564 τήν
3597 507 3664 543 τε

2071 584 2286 656 μητέρα
2304 583 2404 654 τὴν
2434 583 2824 654 Τεριτούχμεω
2850 581 2947 636 καὶ
2975 581 3104 646 τοὺς
3129 580 3395 650 ἀδελφοὺς
3432 580 3666 653 Μιτρὼ-

2072 678 2262 748 στην⁸⁶
2291 678 2387 732 καὶ
2419 675 2647 729 Ἥλικον
2685 676 2781 731 καὶ
2809 675 2912 739 τὰς
2939 674 3205 743 ἀδελφὰς,
3239 673 3333 728 δύο
3357 672 3526 738 οὔσας
3551 693 3666 745 χω-

2073 770 2158 839 ρὶς
2207 769 2308 840 τῆς
2371 768 2667 838 Στατείρας
2685 768 2752 831 ⁵⁷,
2792 765 2972 830 ζώσας
3017 765 3276 820 ἐκέλευσε
3311 766 3660 837 καταχῶσαι,

2070 859 2168 930 τὴν
2196 859 2252 912 δὲ
2291 857 2387 930 [64
2412 857 2504 931 Η.]
2542 857 2819 928 Ῥωξάνην
2880 856 3060 921 ζῶσαν
3120 859 3453 926 κατατεμεῖν
3483 874 3498 887 ⁸
3553 859 3660 911 καὶ

2071 953 2309 1020 ἐγένετο.
2341 951 2404 1005 Ὃ
2434 951 2491 1005 δὲ
2515 951 2773 1022 βασιλεὺς
2804 945 2926 1004 εἷπε
2960 952 3028 1022 τῇ
3059 955 3282 1018 γυναικὶ
3312 948 3667 1022 Παρυσάτιδι

2071 1043 2299 1113 ποιῆσαι
2323 1041 2529 1113 ὁμοίως
2554 1043 2648 1096 καὶ
2673 1041 2970 1113 Στάτειραν
2999 1041 3100 1114 τὴν
3131 1041 3410 1113 Ἀρσάκου
3425 1042 3667 1110 γυναῖκα

2069 1137 2166 1190 τοῦ
2198 1136 2414 1200 παιδόςο
2449 1133 2578 1207 [129
2601 1133 2693 1206 8.]
2727 1133 2842 1188 ἀλλ’
2872 1135 2900 1188 ὃ
2929 1149 2994 1204 γε
3021 1134 3304 1206 Ἀρσάκης
3356 1134 3528 1188 πολλὰ
3555 1134 3667 1204 τὴν

2079 1229 2293 1301 μητέρα
2323 1229 2416 1282 καὶ
2449 1231 2541 1282 τὸν
2566 1230 2778 1300 πατέρα
2793 1227 3024 1298 δάκρυσι
3051 1229 3145 1280 καὶ
3168 1230 3422 1291 κοπετοῖς
3443 1227 3666 1292 ὲξιλεω-

2077 1323 2394 1392 σάμενος⁸⁸,
2457 1319 2654 1374 lutei."
2709 1323 2742 1391 ή
2777 1318 3092 1389 Παρύσατις
3140 1319 3498 1390 ὲπεκάμφθη,
3536 1337 3670 1372 συν-

2075 1412 2246 1466 πολλὰ
2293 1411 2693 1483 μεταμελήσειν
2726 1412 2900 1482 αὐτήν
2937 1411 3004 1464 ⁸³.
3051 1410 3294 1482 Τελευτᾷ
3333 1414 3378 1442 ⁸³
3429 1413 3462 1483 ἡ
3493 1409 3566 1483 ιη’
3596 1413 3665 1465 ⁵³.

2139 1532 2227 1584 Ἐν
2264 1532 2320 1585 δὲ
2343 1533 2410 1602 τῇ
2435 1531 2500 1584 ιθ⁹
2527 1530 2740 1602 ἱστορία
2800 1529 3163 1600 διαλαμϐάνει
3210 1529 3287 1593 ὡς
3309 1519 3476 1599 Ὦχος
3496 1531 3525 1584 6
3549 1531 3662 1583 Aa.-

2083 1622 2348 1694 pstaio:“
2399 1620 2669 1674 ἀπέθανεν
2731 1621 3040 1692 ἀσθενήσας
3089 1623 3148 1674 έν
3188 1619 3506 1685 Βαϐυλῶνι,
3562 1619 3664 1691 ἔτη

2084 1713 2408 1784 βασιλεύσας
2437 1714 2734 1786 τριάκοντα
2767 1714 2958 1779 πέντε,
2988 1712 3262 1783 βασιλεύει
3282 1712 3339 1766 δὲ
3373 1712 3664 1784 Ἀρσάκης

2081 1811 2109 1861 6
2156 1807 2588 1878 μετονομασθεὶς
2650 1805 3029 1877 Ἀρτοξέρξης.
3097 1805 3208 1858 Καὶ
3254 1805 3580 1875 ἐκτέμνεται
3633 1803 3666 1857 6

2083 1898 2384 1968 Οὺδιάστης
2428 1898 2528 1966 τὴν
2586 1896 2837 1965 γλῶτταν
2868 1935 2883 1958 ,
2935 1896 3032 1949 καὶ
3089 1895 3405 1960 ἑξελκύεται
3451 1893 3663 1967 ταύτην

2082 1988 2388 2057 ἐξόπισθεν,
2420 1989 2518 2042 καὶ
2538 1987 2792 2060 θνήσκει·
2813 1989 2842 2041 6
2867 1987 2924 2041 δὲ
2957 1989 3088 2050 παῖς
3117 1986 3282 2041 αὑτοῦ
3313 1986 3672 2056 Μιτραδάτης

2082 2082 2211 2134 ἀντὶ
2266 2080 2363 2134 τοῦ
2416 2080 2624 2152 πατρὸς
2653 2079 2978 2134 καθίσταται
3026 2079 3338 2151 σατράπης.
3385 2078 3670 2150 Ἐπράχθη

2082 2173 2138 2228 δὲ
2165 2173 2337 2226 ταῦτα
2367 2173 2572 2245 σπουδῇ
2606 2173 2927 2244 Στατείρας,
2961 2172 3058 2225 καὶ
3091 2173 3284 2242 ἠνιᾶτο
3315 2170 3654 2242 Παρύσατις.

2082 2262 2650 2335 ΔιαϐάλλεταιΚῦρος
2709 2257 2815 2317 ὑπὸ
2868 2263 3276 2333 Τισσαφέρνους
3299 2261 3436 2331 πρὸς
3482 2261 3672 2333 Ἀρτο·

2085 2357 2280 2429 ξέρξην
2323 2358 2414 2411 τὸν
2453 2357 2700 2428 ἀδελφὸν,
2733 2357 2825 2410 καὶ
2856 2349 3197 2425 καταφεύγει
3241 2354 3672 2426 Παρυσάτιδιτῇ

2087 2451 2283 2521 μητρὶς
2305 2449 2401 2502 καὶ
2431 2447 2727 2503 ἀπολύεται
2750 2449 2847 2520 τῆς
2877 2442 3153 2517 διαϐολῆς.
3187 2444 3514 2500 Ἀπελαύνει
3553 2443 3672 2499 Κῦ-

2089 2559 2180 2612 ρος
2207 2541 2556 2612 ἠτιμωμένος
2583 2537 2758 2612 παρά
2777 2539 2870 2595 τοῦ
2901 2539 3135 2610 ἁδελφοῦ
3168 2535 3305 2612 προς
3326 2539 3428 2610 τὴν
3459 2539 3675 2594 οἰκείαν

2087 2633 2462 2704 σατραπείαν,
2524 2633 2619 2687 καὶ
2681 2633 2880 2705 μελετᾷ
2927 2631 3322 2688 ἐπανάστασιν.
3384 2630 3675 2685 Διαϐάλλει

2086 2726 2502 2798 Σατιϐαρζάνης
2550 2725 2830 2798 Ὀρόνδην,
2861 2725 2939 2788 ὡς
2986 2723 3326 2797 Παρυσάτιδι
3390 2723 3672 2793 μίγνυται,

2087 2821 2265 2874 καίτοι
2321 2820 2442 2873 λίαν
2488 2819 2662 2888 αὐτῆς
2723 2816 3110 2889 σωφρονούσης
3140 2832 3155 2845 °
3216 2818 3311 2871 καὶ
3366 2817 3678 2886 ἀναιρεῖται

402 2896 666 2947 multatur
704 2893 971 2959 Orondes,
1003 2905 1056 2951 et
1093 2908 1270 2953 mater
1299 2899 1410 2970 regi
1443 2900 1788 2973 indignatur,
1814 2917 1978 2956 vene-

2097 2911 2374 2983 Ὀρόνδης,
2428 2912 2521 2966 καὶ
2579 2909 2861 2982 ὀργίζεται
2907 2911 2944 2979 ἡ
2985 2911 3169 2980 μήτηρ
3198 2907 3276 2980 τῷ
3313 2908 3560 2979 βασιλεῖ,
3591 2907 3678 2962 ὅτι

403 3000 582 3053 noque
607 2983 1007 3042 Teriteuchma:
1052 2987 1220 3042 filium
1263 3001 1442 3046 necat.
1473 2991 1550 3048 De
1574 3007 1640 3047 eo
1673 3008 1887 3064 quoque
1924 2992 1982 3047 fit

401 3074 491 3129 hic
517 3079 742 3143 mentio,
767 3078 857 3145 qui
907 3089 1186 3148 parentem
1234 3089 1422 3134 contra
1463 3081 1636 3152 legem
1669 3097 1764 3151 por
1807 3082 1981 3152 ignem

403 3165 656 3234 sepelivit
678 3165 813 3238 (l3).
843 3164 998 3222 Unde
1019 3170 1184 3224 etiam
1208 3169 1520 3227 Hellanicus
1550 3181 1714 3242 atque
1737 3171 1981 3228 Herodo-

406 3270 493 3313 tus
541 3261 811 3315 mendacii
869 3274 1195 3334 arguuntur.
1250 3263 1440 3320 Deﬁcit
1485 3281 1514 3318 a
1565 3264 1735 3321 fratre
1789 3263 1981 3338 Cyrus,

403 3351 597 3409 Graeco
656 3353 819 3408 simul
857 3363 912 3409 et
947 3353 1231 3411 barbarico
1274 3356 1502 3412 collecto
1553 3358 1796 3413 exercitu
1847 3358 1983 3430 (14).

404 3447 581 3500 Porro
633 3446 937 3503 Clearchus
981 3446 1293 3504 Grazcorum
1337 3450 1445 3505 dux
1491 3461 1628 3507 erat.
1654 3448 1988 3522 Synenncsis

409 3553 542 3592 vero
572 3539 798 3595 Cilicum
823 3557 917 3596 rex
945 3553 1257 3612 utrumque,
1286 3543 1484 3614 Cyrum
1518 3545 1638 3599 dico
1660 3555 1712 3598 et
1737 3545 1992 3599 Artaxer-

411 3644 560 3692 xem,
590 3630 643 3682 in
673 3630 812 3684 bello
831 3631 1142 3698 adjuvahat.
1175 3629 1348 3703 Cyrus
1371 3649 1550 3702 suum,
1575 3643 1629 3689 et
1662 3637 1991 3690 Artaxerxes

407 3721 649 3773 vicissim
691 3737 846 3775 suum
885 3725 1184 3776 exercitum
1211 3725 1530 3779 cohortatus
1559 3736 1661 3780 est.
1694 3725 1988 3782 Clearchus

410 3806 876 3872 Lacedaemonius,
917 3811 1168 3881 idemque
1201 3811 1510 3867 Graecorum
1541 3815 1669 3881 dux,
1708 3826 1762 3869 et
1796 3813 1988 3869 Menon

411 3899 726 3964 Thessalus,
789 3917 1020 3970 quorum
1090 3914 1316 3972 uterque
1383 3900 1587 3975 Cyrum
1643 3908 1991 3976 sequebatur,

411 3993 629 4047 assidue
664 3993 807 4047 inter
851 4009 910 4048 se
941 3994 1298 4057 dissidebant,
1329 4007 1612 4066 propterea
1648 3993 1796 4067 quod
1821 3998 1994 4068 Cyrus

414 4086 466 4139 in
500 4085 754 4140 omnibus
777 4084 1027 4140 Clearchi
1070 4087 1300 4142 consilio
1332 4098 1597 4152 uteretur,
1635 4087 1780 4142 nulla
1810 4088 1991 4145 Meno-

415 4182 499 4234 nis
538 4181 718 4234 habita
745 4181 976 4236 ratione.
1005 4181 1140 4236 Cum
1171 4181 1326 4237 multi
1358 4185 1429 4239 ab
1458 4189 1767 4239 Artaxerxe
1795 4187 1859 4237 ad
1887 4183 1998 4255 Cy-

413 4287 536 4326 rum
573 4270 991 4342 transfngerent,
1035 4272 1216 4328 nullus
1260 4285 1436 4330 tamen
1483 4276 1551 4330 ab
1583 4275 1688 4331 hoc
1733 4279 1799 4330 ad
1843 4250 1990 4332 illum
2026 4250 2069 4304 θ

413 4365 701 4418 transibat.
743 4364 916 4431 Quam
942 4365 1108 4418 etiam
1139 4365 1210 4419 ob
1237 4379 1460 4421 causam
1493 4369 1838 4432 Artabarius.
1865 4385 1992 4424 cum

415 4455 482 4508 ad
515 4455 712 4526 Cyrum
749 4469 869 4509 sese
897 4453 1194 4526 adiungere
1230 4457 1534 4522 statuisset,
1569 4473 1744 4529 eoque
1779 4463 1994 4517 nomine

415 4556 706 4602 accusatus
728 4556 896 4614 esset,
937 4549 993 4603 in
1029 4547 1265 4604 cinerem
1297 4551 1573 4623 canjectus
1599 4561 1703 4608 est.

2083 3001 2396 3072 Παρύσατις
2444 3003 2724 3075 φαρμάκῳ
2774 3000 3079 3072 διαφθείρει
3130 3002 3221 3055 τὸν
3277 3001 3678 3073 Τεριτούχμεω

2083 3093 2219 3147 υίόν.
2281 3093 2392 3147 Καὶ
2447 3096 2576 3166 περὶ
2630 3091 2728 3147 τοῦ
2780 3091 3051 3164 θάψαντος
3103 3092 3196 3146 τὸν
3228 3094 3443 3162 πατέρα
3470 3092 3560 3146 διὰ
3579 3091 3678 3145 τοῦ

2085 3185 2259 3256 πυρὸς
2289 3184 2438 3256 παρὰ
2465 3185 2554 3238 τὸν
2580 3186 2776 3256 νόμον’
2805 3185 2873 3251 ἐξ
2897 3173 2960 3240 οὗ
2983 3187 3077 3239 καὶ
3097 3185 3322 3256 ἐλεγχος
3356 3184 3679 3239 Ἑλλανίκου

2085 3281 2179 3336 καὶ
2209 3277 2518 3352 Ἡροδότου,
2542 3279 2618 3343 ὡς
2643 3279 2950 3350 ψεύδονται.
2983 3278 3314 3342 Ἀπΰστασις
3348 3277 3533 3350 Κύρου
3557 3279 3675 3331 ἀπὸ

2086 3371 2182 3426 τοῦ
2226 3371 2478 3439 ἀδελφοῦ,
2515 3371 2609 3425 καὶ
2643 3370 2936 3442 συναγωγὴ
2968 3371 3283 3440 Ἑλληνικοῦ
3321 3369 3675 3441 στρατεύμα-

2088 3478 2180 3526 τος
2227 3463 2322 3516 καὶ
2350 3460 2707 3534 βαρϐαρικοῦ,
2734 3465 2828 3516 καὶ
2882 3463 3210 3534 στρατηγῶν
3231 3463 3514 3536 Κλέαρχος
3555 3463 3683 3516 Έλ-

2090 3555 2285 3626 λήνων.
2347 3554 2538 3618 Ὅπως
2574 3571 2635 3608 τε
2662 3555 2949 3620 Συέννεσις
2981 3557 3025 3589 ⁸⁵
3063 3559 3091 3610 6
3130 3557 3374 3610 Κιλίκων
3426 3557 3684 3628 βασιλεὺς

2090 3649 2259 3719 ἄμφω
2318 3649 2636 3718 συνεμάχει,
2683 3649 2854 3720 Κύρῳ
2889 3667 2950 3702 τε
2983 3651 3076 3704 καὶ
3105 3650 3456 3724 Ἀρτοξέρξῃ..
3489 3653 3684 3715 Ὅπως

2089 3755 2150 3793 τε
2179 3737 2362 3809 Κῦρος
2419 3738 2616 3810 τῇίδίᾳ
2681 3739 2940 3810 στρατείᾳ
3005 3741 3101 3793 καὶ
3124 3741 3485 3813 Ἀρτοξέρξης
3515 3742 3684 3797 πάλιν

2089 3830 2158 3901 τῇ
2191 3831 2368 3901 οἰκείᾳ
2397 3830 2735 3902 παρῄνεσαν.
2790 3831 3071 3903 Κλέαρχος
3097 3833 3152 3887 δὲ
3174 3836 3201 3888 6
3223 3834 3680 3904 Λακεδαιμόνιος,

2092 3921 2152 3985 ὃς
2178 3916 2317 3993 ἦρχε
2346 3922 2454 3974 τῶν
2489 3921 2784 3993 Ἑλλήνων,
2833 3922 2928 3976 καὶ
2989 3925 3184 3976 Μένων
3214 3927 3242 3978 6
3276 3924 3566 3990 Θετταλὸς,
3618 3927 3673 3980 οῖ

2098 4013 2237 4082 μετὰ
2271 4011 2459 4082 Κύρου
2488 4007 2650 4082 ἦσαν,
2685 4012 2770 4066 ἀεὶ
2796 4013 3043 4085 διάφοροι
3073 4013 3325 4083 ἀλλήλοις
3354 4015 3681 4086 ἐτύγχανον,

2095 4101 2332 4170 διότιτῷ
2372 4102 2471 4167 μὲν
2500 4103 2767 4174 Κλεάρχῳ
2789 4103 3006 4157 ἅπαντα
3037 4107 3064 4159 6
3097 4105 3280 4178 Κῦρος
3308 4106 3682 4172 συνεϐούλευε,

2095 4193 2190 4246 τοῦ
2221 4193 2276 4247 δὲ
2305 4196 2561 4259 Μένωνος
2615 4195 2773 4264 λόγος
2824 4195 3002 4258 οὐδεὶς
3067 4191 3158 4268 ἦν.
3215 4197 3565 4268 Ηύτομόλουν
3625 4200 3686 4252 δὲ

2099 4283 2210 4337 ἀπὸ
2267 4285 2366 4354 μὲν
2417 4285 2772 4358 Ἀρτοξέρξου
2823 4287 2961 4357 πρὸς
3014 4286 3196 4358 Κῦρον
3222 4289 3431 4352 πολλοὶ,
3456 4291 3593 4360 πρὸς
3625 4291 3686 4344 δὲ

2111 4375 2472 4448 ’Δρτοξέρξην
2525 4379 2634 4432 ἀπὸ
2688 4379 2873 4450 Κύρου
2902 4380 3109 4444 οὐδείς’
3151 4381 3232 4434 διὸ
3269 4381 3364 4434 καὶ
3407 4381 3686 4452 Ἀρταϐά-

2103 4482 2218 4536 ριος
2233 4467 2279 4499 ⁸⁸
2305 4469 2699 4540 προσχωρῆσαι
2728 4471 2897 4542 Κύρῳ
2929 4473 3239 4544 μελετήσας
3260 4475 3354 4527 καὶ
3371 4474 3688 4546 διαϐληθεὶς

2101 4559 2181 4621 είς
2204 4557 2301 4629 τὴν
2333 4560 2528 4613 σποδὸν
2561 4561 2846 4635 ἐνεϐλήθη.

1729 4729 1962 4789 VARUE
2003 4733 2417 4793 LECTIONES.

939 4858 1012 4944 ᾖ]
1076 4841 1440 4944 ’Ἀστρατείας
1467 4846 1586 4944 A.“
1608 4846 1654 4879 ⁸⁸
1689 4846 2152 4944 ὲξιλεούμενοςις.
2225 4851 2423 4944 ξονὲῖτεὶ
2449 4851 2508 4944 δξ
2525 4852 2559 4922 ή
2585 4870 2646 4918 ς.
2668 4853 2773 4944 ﬁ“:
2795 4853 3047 4944 δαρεαῖοῖ
3066 4853 3130 4907 Δ.
3192 4855 3249 4944 ‘1‘
3509 4872 3694 4914 nonne

424 4909 609 4976 αὖτῇἳ
679 4911 724 4940 ⁸³
764 4909 1013 5051 τελευτᾷέ
1061 4909 1229 4974 τέλος
1252 4912 1350 4981 τῆς

424 4979 471 5010 ο·
507 4977 888 5050 Ἀρταϐάριοςι
917 4982 946 5033 6
1015 4979 1258 5052 άρσαρος
1283 4991 1350 5034 A-

764 4910 1226 4993 τελῳτᾷλτέλος
1252 4912 1350 4993 τῆς
1403 4931 1465 4978 ς.
1542 4915 1586 4949 ⁸³
1625 4910 1748 4987 post
1783 4924 1853 4989 ιη’
1882 4910 2004 4972 cum
2044 4910 2288 4976 'A'umisi
2335 4910 2614 4993 ίστορίαξξ
2668 4923 2716 4956 ⁸⁸
2744 4910 2988 4988 δαρίαῖος
3016 4910 3081 4978 λ.

3192 4924 3236 4955 ⁸⁵
3268 4924 3586 4990 Συνένμῖεσις
3626 4947 3690 4994 ς.

1935 5119 2171 5179 ΝΟΤᾸΞ.

497 5250 675 5321 (9-10)
708 5250 926 5326 lisitato
947 5255 1088 5326 apud
1113 5253 1310 5310 Persas
1330 5255 1614 5326 supplicio,
1637 5268 1694 5312 ut
1713 5274 1780 5314 ex
1803 5256 2001 5314 Herod.

432 5337 541 5376 non
573 5336 679 5375 uno
709 5322 826 5377 loco
859 5322 1144 5380 discimus.

502 5391 612 5471 (ll)
671 5392 824 5471 Quod
880 5409 1050 5462 genus
1114 5395 1363 5464 supplicii
1423 5397 1606 5452 multis
1657 5400 1822 5453 etiam
1882 5409 2004 5468 post

430 5461 965 5537 suculisapudeam
1017 5461 1232 5533 gentem
1291 5479 1634 5536 usurpatum.
1677 5479 1736 5523 ut
1783 5461 2032 5537 quando.

431 5532 618 5593 regina
662 5533 961 5592 llortnisdzn
1003 5532 1147 5607 regis
1183 5553 1322 5593 uxor
1365 5532 1756 5609 τετεμαχίσοαι
1802 5532 2002 5596 dicitur

431 5613 596 5667 supra

2189 5257 2303 5334 (l2)
2333 5257 2583 5334 Mnemon
2619 5263 3216 5334 cognominatus-cujus
3245 5265 3413 5321 vitam
3438 5280 3702 5326 accurate

2113 5327 2448 5402 descriptam
2486 5327 2751 5402 habemus
2780 5336 2920 5402 apud
2942 5335 3090 5392 Plut.

2211 5398 2298 5466 15)
2325 5398 2587 5468 Herodot.
2612 5398 2826 5468 Thalia,
2850 5414 2908 5458 et
2941 5407 3142 5461 Strabo
3171 5406 3265 5460 lib.
3297 5421 3389 5460 xv.

2215 5469 2300 5537 M)
2358 5467 2485 5539 Cyri
2545 5469 2687 5526 hanc
2743 5477 3006 5531 adversus
3061 5477 3283 5530 fratrem
3337 5477 3698 5536 rebellionem

2107 5549 2427 5617 persecutus
2456 5550 2541 5596 est
2571 5542 3007 5614 diligentissime.
3047 5547 3372 5617 XenOpbon,
3402 5548 3500 5605 lib.
3529 5561 3624 5607 tet
3655 5567 3698 5608 ιι

2120 5607 2508 5676 Ἀναϐάσεως.
