3942 6234
394 279 532 358 ,203

1584 281 1850 344 ΡΙΙΟΤΙΙ
1881 281 2390 341 ΡΑΤΒΙΑΒΕΙΙΕ
2419 283 2531 343 CP.

3582 283 3691 348 2οι

426 396 473 448 ei
509 393 804 460 aliquando
856 393 1081 465 contigit
1133 393 1266 466 (l7).
1321 391 1536 449 Ciillelli
1601 394 1833 450 alterum
1867 394 2008 450 latus

2116 395 2366 449 πέπονθε.
2413 394 2724 466 Μαχαιρίου
2769 395 2828 448 τὸ
2869 395 2930 448 ἒν
2979 396 3147 468 μέρος
3214 397 3572 468 ἑπαλείφεται
3613 399 3695 471 τῷ

428 501 635 540 veneno
661 486 912 551 illinitur,
941 486 1156 540 caeteris
1184 501 1248 538 eo
1269 487 1513 556 partibus
1547 501 1654 540 non
1714 489 2000 550 contactis,

426 579 532 634 hoc
555 578 776 633 cultello
815 594 982 648 parva
1011 581 1258 634 adinstar
1303 580 1388 633 ovi
1425 579 1636 632 ovicula
1691 581 2006 650 (rhindacen

427 672 607 726 Persa:
641 671 935 741 appellant)
961 675 1012 725 in
1053 673 1189 725 duas
1210 681 1428 725 seratur
1461 680 1666 739 partes,
1716 682 1770 726 et
1798 687 2006 727 veneno

427 761 690 818 intactam
721 771 932 830 partem
967 763 1069 816 sibi
1091 771 1425 831 assumptam
1452 761 1726 832 Parysatis
1745 762 2002 827 comedit,

426 854 682 908 infectam
712 854 938 908 alteram
983 856 1228 910 Stateira:
1267 855 1527 923 porrexit.
1565 853 1688 908 llaec
1728 855 1912 924 igitur,
1949 864 2006 906 ut

428 941 573 993 illam
631 941 800 1010 ipsam
859 955 979 1010 quae
1027 949 1365 1027 porrcxtgat,
1404 955 1559 994 suam
1611 939 1746 993 vidit
1793 948 2002 1003 partem

425 1029 824 1090 comedeniem,
874 1043 1052 1096 neque
1092 1027 1164 1080 ita
1217 1023 1512 1095 quidquam
1557 1027 1822 1094 potuisset
1876 1023 2001 1078 mali

426 1120 720 1190 suspicari,
757 1121 920 1174 etiam
969 1121 1084 1189 ipsa
1115 1121 1283 1186 cmpit
1327 1136 1428 1172 una
1467 1119 1804 1172 mortiferum
1835 1132 2003 1172 vene-

427 1227 553 1266 niiin
591 1215 901 1266 comedere.
945 1211 1084 1266 llinc
1139 1212 1297 1264 matri
1333 1220 1617 1265 succenset
1667 1225 1784 1271 rex,
1843 1209 2004 1263 mini-

426 1315 774 1373 strantesque
829 1304 930 1372 ipsi
984 1305 1219 1357 eunuchi
1253 1302 1632 1372 comprehensi
1683 1311 2006 1371 torquentur

426 1409 588 1465 aique
635 1406 916 1451 necantur.
968 1394 1142 1464 Cinge
1199 1405 1462 1464 prmterca
1509 1394 2002 1462 comprehenditur,

425 1501 546 1556 qua:
588 1487 886 1557 Parysatidi
939 1486 1221 1540 familiaris
1260 1495 1399 1550 erat,
1429 1486 1742 1554 indicioque
1786 1485 1852 1538 de
1892 1484 2002 1552 ipsa

427 1583 696 1641 instituto,
719 1581 957 1647 judicuiii
980 1580 1193 1648 quidem
1229 1581 1515 1634 sententiis
1535 1581 1796 1632 innocens
1825 1577 2005 1631 absol-

425 1675 593 1734 vitur,
625 1675 718 1726 sed
757 1683 935 1725 tamen
969 1686 1000 1725 a
1039 1685 1163 1741 rege
1207 1672 1535 1735 damnatur;
1564 1685 1733 1739 quare
1784 1679 1839 1724 et
1888 1670 2005 1724 haec

426 1766 754 1821 cruciatibus
805 1764 1020 1819 inﬂictis
1049 1773 1293 1832 necatur,
1322 1779 1427 1832 qua
1469 1765 1536 1818 de
1562 1778 1724 1817 causa
1755 1771 1808 1816 et
1837 1761 2004 1833 Pary-
2037 1755 2080 1810 Β

426 1857 561 1908 satis
615 1855 746 1920 lilio,
782 1865 837 1908 et
896 1855 984 1908 hic
1016 1855 1256 1908 vicissim
1315 1854 1474 1908 matri
1522 1865 1828 1908 succenset.
1880 1853 2010 1908 Post

427 1962 602 2000 annos
625 1957 748 2000 octo
773 1946 966 2015 palmis
986 1947 1196 2000 obsitus
1210 1945 1456 2000 Clearclii
1481 1945 1718 1999 tumulus
1738 1946 2006 2014 apparuit,

426 2056 563 2108 quas
590 2041 659 2092 ibi
691 2040 830 2092 cla'in
866 2039 1164 2109 Parysatis,
1214 2054 1323 2106 quo
1380 2049 1623 2106 tempore
1649 2037 1740 2091 ille
1765 2047 2011 2094 mortuus

426 2142 532 2195 est,
563 2147 660 2200 per
679 2132 1036 2185 inservientes
1053 2131 1156 2184 sibi
1181 2132 1466 2185 eunuchos
1489 2129 1788 2186 defoderat.

497 2223 689 2278 Causa:
715 2224 783 2278 ob
823 2238 958 2294 quas
991 2224 1058 2276 ab
1102 2223 1341 2292 Evagora
1371 2238 1498 2292 rege
1530 2222 1821 2276 Salaminis
1848 2222 2013 2275 Arta-

426 2329 626 2369 xerxes
656 2314 977 2369 dissenserit
1024 2315 1289 2384 Evagon}:
1334 2316 1510 2370 nuntii
1541 2315 1606 2368 ad
1643 2314 1903 2378 Ctesiam,
1954 2325 2010 2368 ut

428 2407 740 2463 abAbuleta
767 2408 1026 2476 epistolas
1055 2412 1370 2476 acciperent
1396 2426 1409 2461 :
1431 2419 1486 2463 et
1513 2407 1710 2463 Ctesize
1734 2411 1800 2461 ad
1830 2408 2006 2476 ipsum

426 2500 652 2568 epistola
703 2501 770 2554 de
822 2500 1227 2554 reconciliando
1280 2501 1455 2570 ipsum
1507 2516 1629 2553 cum
1683 2503 2007 2569 Anaxagora

427 2592 749 2659 Cypriorum
806 2606 952 2660 rege.
1000 2590 1324 2644 Nuntiormn
1363 2589 1618 2660 Evagone
1655 2590 1918 2642 adventus
1955 2589 2006 2642 iii

428 2681 684 2750 Cyprum,
722 2681 1051 2749 redditaaqne
1102 2679 1380 2748 Evagorai,
1413 2694 1547 2748 quas
1581 2681 1647 2732 ad
1688 2680 1858 2745 ipsum
1883 2677 2010 2732 Cte-

428 2775 541 2829 sias
564 2774 808 2837 dederat,
831 2773 1027 2827 litteris
1051 2773 1293 2826 Cononis
1319 2773 1384 2825 ad
1416 2771 1712 2841 Evagorain
1740 2772 1916 2824 oratio
1941 2771 2008 2824 de

429 2865 678 2919 adeundo
705 2865 770 2918 ad
803 2879 1006 2933 regem,
1041 2874 1097 2918 et
1120 2864 1375 2933 Evagorae
1408 2863 1634 2928 epistola
1669 2864 1734 2918 de
1780 2862 2007 2916 honori-

430 2959 554 3021 bus,
586 2956 781 3025 quibus
802 2955 987 3010 abillo
1019 2955 1194 3008 fuerat
1230 2953 1474 3007 allectus.
1519 2954 1756 3008 Cononis
1787 2954 1854 3006 ad
1880 2952 2002 3006 Cte-

2111 488 2414 558 φαρμάκῳ,
2455 488 2516 541 τὸ
2540 489 2598 541 δὲ
2627 489 2814 542 λοιπὸν
2842 489 2902 542 οὐ
2933 491 3173 559 μετεῖχε.
3205 490 3393 561 Τούτῳ
3433 491 3695 562 τέμνεται

2106 575 2343 647 ὀρνίθιον
2377 577 2597 646 μικρὸν,
2641 578 2873 648 μέγεθος
2925 580 3039 631 ἴσον
3061 580 3108 611 ’⁸
3169 580 3314 634 ὠοῦ’
3361 581 3695 652 ρυνδάκην²⁹

2106 666 2314 736 Πέρσαι
2346 666 2408 720 τὸ
2437 666 2677 738 ὀρνίθιον
2735 667 2982 724 καλοῦσι.
3027 670 3300 741 Τέμνεται
3328 671 3386 724 δὲ
3415 672 3565 743 δίχα,
3601 674 3698 726 καὶ

2107 755 2166 807 τὸ
2197 756 2295 825 μὲν
2339 756 2647 828 καθαρεῦον
2693 757 2787 810 τοῦ
2839 759 2920 814 ίοῦ
2975 759 3148 829 ἥμισυ
3209 761 3348 832 αὐτὴ
3365 761 3411 793 ⁸⁰
3451 763 3698 816 λαϐοῦσα

2108 847 2426 915 Παρύσατις
2490 846 2682 902 ἐσθίει.
2706 846 2765 898 τὸ
2785 846 2841 898 δὲ
2869 847 3285 918 προσομιλῆσαν
3301 835 3380 919 τῖῖι
3402 851 3690 920 φαρμάκῳ

2108 937 2292 1008 ὀρέγει
2322 937 2595 1009 Στατείρᾳ
2615 953 2630 967 °
2659 938 2694 1007 ἡ
2716 937 2794 1003 δὲ,
2822 939 3074 1009 ἐπειδηυ
3120 939 3410 993 ἐσθίουσαν
3437 941 3542 1010 τὴν
3575 944 3698 993 ἐπι-

2109 1027 2308 1082 δοῦσαν
2346 1027 2494 1098 έὼρα
2518 1029 2579 1080 τὸ
2608 1029 2804 1099 ἥμισυ,
2831 1028 2996 1098 μηδὲν
3018 1028 3250 1082 συνιδεῖν
3277 1029 3572 1102 δυνηθεῖσα
3601 1034 3700 1085 καὶ⁵

2107 1120 2244 1190 αὐτὴ
2294 1121 2562 1174 συνεσθίει
2590 1122 2685 1174 τοῦ
2721 1121 2952 1174 θανάτου
2980 1123 3042 1175 τὸ
3067 1123 3363 1194 φάρμακον
3394 1140 3409 1154 ⁸
3440 1124 3581 1194 ὀργὴ
3608 1125 3699 1179 διὰ

2106 1213 2280 1267 ταῦτα
2309 1213 2402 1266 τοῦ
2439 1213 2701 1283 βασιλέως
2727 1215 2865 1284 πρδς
2889 1215 2986 1284 τὴν
3019 1216 3257 1286 μητέρα,
3288 1215 3384 1270 καὶ
3427 1216 3699 1286 σύλληψις

2106 1307 2214 1357 τῶν
2274 1305 2545 1375 εὐνούχων
2588 1306 2757 1376 αὐτῆς
2777 1304 2823 1337 ⁸³
2858 1306 2953 1359 καὶ
2990 1293 3248 1377 αἰκισμὺς
3271 1310 3366 1362 καὶ
3390 1309 3696 1380 ἀναίρεσις.

2108 1401 2218 1454 Καὶ
2257 1400 2338 1453 ἔτι
2394 1401 2658 1472 σύλληψις
2712 1401 2941 1470 Γίγγης,
2973 1404 3006 1473 ἣ
3041 1403 3286 1474 ᾠκείωτο
3332 1389 3697 1474 Παρυσάτιδι,

2107 1493 2200 1545 καὶ
2249 1493 2460 1564 κρίσεις
2485 1493 2574 1547 ἐπ’
2605 1493 2766 1565 αὐτῇ,
2808 1496 2904 1547 καὶ
2951 1496 3204 1560 ὰθώωσις
3266 1497 3366 1566 μὲν
3395 1497 3549 1567 παρὰ
3584 1499 3697 1551 τῶν

2109 1584 2337 1654 κριτῶν,
2399 1585 2670 1656 καταδίκη
2703 1586 2760 1639 δὲ
2786 1587 2938 1657 παρά
2969 1586 3260 1656 βασιλέως,
3300 1588 3396 1640 καὶ
3434 1589 3701 1658 αίκισμδξ

2109 1676 2317 1748 Γίγγης
2355 1678 2450 1730 καὶ
2507 1679 2810 1748 ἀναίρεσις,
2841 1682 2936 1731 καὶ
2969 1679 3108 1750 ὀργὴ
3149 1680 3240 1734 διὰ
3259 1680 3420 1734 τοῦτο
3441 1681 3703 1752 Παρυσάο

2112 1770 2255 1832 τιδος
2281 1769 2417 1840 πρὸς
2444 1769 2536 1822 τὸν
2567 1769 2684 1822 υἱὸν
2721 1770 2975 1824 κάκείνου
3012 1771 3149 1844 πρὸς
3184 1772 3283 1842 τὴν
3326 1773 3558 1844 μητέρα.
3590 1773 3701 1825 Καὶ

2111 1865 2172 1918 τὸ
2206 1865 2371 1937 χῶμα
2405 1864 2462 1916 δὲ
2497 1863 2590 1917 τοῦ
2647 1863 2930 1935 Κλεάρχου
2988 1865 3058 1918 δι’
3100 1864 3241 1917 ἐτῶν
3297 1863 3443 1918 ὀκτὼ
3498 1865 3699 1934 μεστὸν

2110 1957 2283 2027 ἐφάνη
2344 1955 2626 2024 φοινίκων,
2671 1955 2767 2019 οὒς
2803 1951 2874 2026 ἦν
2905 1956 3090 2027 κρύφα
3119 1955 3457 2026 Παρύσατις,
3484 1955 3609 2008 καθ’
3638 1955 3700 2008 ὃν

2109 2047 2305 2120 καιρὸν
2360 2050 2570 2112 ἐκεῖνος
2627 2047 2970 2118 ἐτελεύτησε,
3017 2048 3108 2103 διὰ
3147 2050 3420 2122 εὐνούχων
3448 2049 3496 2080 ⁸⁸
3534 2065 3703 2102 κατα-

2109 2139 2360 2210 χώσασα.

2180 2231 2360 2284 Αἰτίαι
2389 2230 2456 2284 δι’
2479 2230 2546 2294 ἃς
2583 2231 2844 2303 Εὐαγόρᾳ
2879 2230 3092 2300 βασιλεῖ
3118 2231 3424 2302 Σαλαμῖνος
3445 2232 3704 2304 βασιλεὺς

2122 2322 2480 2394 Ἀρτοξέρξης
2501 2324 2782 2395 διηνέχθη.
2814 2323 2904 2393 [66
2927 2322 3022 2394 IL]
3054 2324 3162 2380 Kal.
3188 2323 3413 2392 ἄγγελοι
3446 2326 3704 2397 Εὐαγόρα

2108 2416 2244 2486 πρὸς
2295 2415 2543 2485 Κτησίαν
2587 2416 2726 2486 ὑπὲρ
2787 2417 2881 2469 τοῦ
2935 2415 3127 2468 λαϐεῖν
3175 2417 3330 2487 παρὰ
3361 2416 3698 2488 Ἀϐουλήτου

2108 2511 2211 2571 τὰς
2255 2509 2576 2575 ἐπιστολὰς,
2619 2511 2715 2564 καὶ
2769 2510 3009 2580 Κτησίου
3060 2509 3197 2580 πρὸς
3243 2511 3410 2564 αὐτὸν
3441 2511 3706 2581 ἐπιστολὴ

2109 2599 2352 2670 περὶτοῦ
2379 2601 2734 2670 διαλλαγῆναι
2758 2600 2925 2652 αὐτὸν
2951 2601 3301 2672 Ἀναξαγόρᾳ
3333 2601 3412 2671 τῷ
3432 2601 3701 2671 Κυπρίων

2111 2691 2340 2762 βασιλεῖ.
2383 2693 2504 2744 Τῶν
2532 2693 2684 2764 παρὰ
2731 2692 2984 2762 Εὐαγόρᾳ
3034 2693 3286 2760 ἀγγέλων
3345 2695 3426 2757 είς
3475 2693 3706 2764 Κύπρον

2113 2783 2239 2855 [155
2273 2784 2367 2857 R.]
2407 2785 2592 2854 ἄφιξις
2626 2786 2722 2838 καὶ
2757 2787 2868 2837 τῶν
2898 2785 3048 2854 παρὰ
3083 2787 3325 2857 Κτησίου
3353 2787 3706 2856 γραμμάτων

2111 2877 2364 2940 ἀπόδοσις
2426 2878 2699 2948 Εὐαγόρᾳ.
2763 2878 2876 2930 Καὶ
2935 2878 3186 2941 Κόνωνος
3231 2881 3370 2949 πρὸς
3413 2878 3706 2949 Εὐαγόραν

2109 2967 2266 3036 λόγος
2287 2969 2424 3038 ὑπὲρ
2444 2969 2537 3021 τοῦ
2569 2970 2705 3039 πρδς
2747 2969 2971 3038 βασιλέα
2991 2969 3284 3038 ἀναϐῆναι,
3318 2970 3414 3024 καὶ
3440 2969 3702 3041 Εὐαγόρᾳ

431 3050 566 3102 siam
593 3048 845 3116 epistoia,
869 3059 924 3102 et
965 3048 1225 3102 tributum
1257 3047 1324 3100 ab
1373 3047 1616 3114 Evagora
1653 3046 1760 3114 regi
1795 3044 2000 3096 datum.

2116 3060 2366 3130 ἐπιστολὴ
2418 3063 2548 3131 περὶ
2579 3055 2654 3114 ὧν
2675 3060 2886 3130 ἠξιώθη
2932 3062 3026 3114 ὑπ’
3052 3059 3242 3114 αὐτοῦ.
3295 3061 3405 3115 Καὶ
3444 3063 3702 3124 Κόνωνος

430 3137 704 3208 Epistolas
729 3137 941 3192 Ctesias
976 3136 1197 3206 accipit,
1230 3137 1320 3206 qui
1367 3137 1432 3190 de
1463 3136 1686 3189 Conone
1718 3150 1841 3189 cuni
1881 3149 2007 3202 rege

2116 3153 2248 3222 πρὸς
2276 3153 2520 3223 Κτησίαν
2570 3153 2853 3221 ἐπιστολὴ,
2876 3153 2972 3206 καὶ
3006 3153 3218 3224 βασιλεῖ
3241 3154 3394 3225 παρὰ
3442 3154 3707 3226 Εὐαγόρα

429 3231 751 3296 collocutus,
806 3230 1092 3300 epistolam
1143 3233 1209 3283 ad
1264 3229 1413 3284 illum
1464 3229 1648 3283 mittit.
1697 3227 2014 3281 Traduntur

437 3324 814 3378 Satibarzaiia:
854 3339 1077 3376 munera
1111 3323 1182 3377 ab
1224 3321 1469 3392 Evagnra
1507 3323 1692 3386 inissa,
1727 3322 2014 3389 nuntiique

431 3417 484 3469 iii
511 3416 746 3486 Cyprum
795 3417 1139 3484 perveniunt.
1189 3414 1426 3470 Cononis
1469 3412 1696 3482 epistola
1741 3413 1806 3464 ad
1830 3425 2012 3480 regem

431 3524 495 3562 ac
515 3509 778 3573 Ctesiam,
808 3506 1344 3562 Lacedaemoniorum
1368 3506 1542 3560 nuntii
1569 3505 1634 3558 ad
1657 3517 1836 3574 regem
1861 3503 2013 3558 missi

430 3602 498 3656 ab
519 3617 584 3655 eo
613 3601 808 3654 reteiiii
828 3611 974 3654 sunt.
1001 3599 1166 3670 Regis
1189 3601 1254 3652 ad
1287 3600 1561 3654 Cononem
1585 3615 1648 3652 ac
1666 3597 2014 3651 Lacedaemo.

433 3691 556 3744 nios
608 3691 864 3759 epistola,
923 3706 1085 3759 quam
1145 3691 1356 3744 Ctesias
1416 3691 1532 3759 ipse
1587 3691 1726 3744 tulit.
1762 3690 1950 3744 Conon
1983 3703 2012 3742 a

434 3782 795 3837 Pharnabazo
824 3783 984 3836 classi
1023 3781 1313 3851 praefectus
1337 3791 1437 3836 est.
1463 3782 1658 3836 Ciesia:
1690 3782 1741 3835 in
1761 3781 2012 3836 Cnidium

433 3878 663 3947 patriam
715 3891 890 3941 snam,
924 3876 1224 3944 deindeque
1249 3875 1692 3931 Lacedaemonem
1723 3877 2011 3932 adventus.

435 3970 565 4038 Ejus
596 3969 921 4038 disceptatio
953 3973 1218 4024 adversus
1245 3969 1782 4024 Lacedaemoniorum
1809 3971 2014 4039 legatos

435 4061 576 4128 apud
608 4058 883 4125 Rhodum,
917 4069 974 4115 et
1009 4059 1153 4132 45a
1187 4071 1244 4114 iit
1307 4061 1521 4131 Epheso
1548 4063 1806 4117 dimissus
1850 4061 2016 4115 fuerit

438 4151 656 4206 Bactra.
689 4151 881 4206 Indica:
921 4155 1158 4222 regionis
1186 4155 1526 4208 mansionum
1547 4197 1561 4221 ,
1595 4157 1828 4220 dierum,
1857 4165 2018 4224 atque

439 4255 864 4309 parasangaruin
916 4243 1280 4305 enumeratio,
1319 4241 1611 4312 Caialogus
1648 4245 1774 4296 item
1830 4258 2014 4312 regum

437 4331 562 4386 inde
598 4348 625 4384 a
665 4329 804 4384 Nino
835 4340 889 4385 et
922 4330 1284 4385 Semiramide
1319 4334 1384 4385 ad
1426 4347 1595 4402 iisque
1627 4332 1968 4389 Artaxerxen
1997 4351 2012 4389 :

433 4424 632 4496 quibus
658 4423 838 4478 ethoc
875 4437 1012 4493 opus
1042 4423 1344 4479 absolvitur
1371 4424 1508 4496 (l8).

507 4695 805 4766 Scriptoris
841 4696 1000 4765 hujus
1034 4698 1230 4754 Ctesize
1284 4700 1544 4755 candidus
1599 4709 1681 4756 est
1736 4715 1801 4755 ac
1860 4701 2017 4756 valde

435 4787 665 4858 simplex
711 4802 919 4853 sermo,
951 4805 1060 4858 quo
1089 4791 1257 4845 etiam
1295 4789 1357 4846 lit
1405 4803 1465 4846 ut
1524 4808 1629 4846 non
1695 4792 2021 4862 iniucundus

398 4881 668 4933 'accidat.
704 4879 847 4935 Usus
889 4897 1018 4936 vero
1068 4883 1306 4939 dialecto
1347 4894 1431 4940 est
1469 4885 1648 4940 Ionica
1679 4927 1696 4954 ,
1764 4886 1864 4941 etsi
1914 4902 2021 4942 non

429 4983 529 5037 per
563 4970 768 5034 omnia,
814 4980 870 5023 ut
915 4969 1255 5041 Herodotus,
1313 4977 1406 5030 sed
1461 4975 1513 5030 in
1547 4978 1866 5046 quibusdam
1905 4987 2024 5031 tan-

433 5061 719 5126 tummodo
744 5061 987 5118 vocibus.
1018 5061 1205 5134 Neque
1244 5067 1405 5120 etiam
1445 5068 1496 5122 in
1523 5070 1838 5125 diverticula
1870 5088 2022 5142 quae—

2116 3246 2304 3314 φόρος,
2329 3245 2552 3299 καὶτῶν
2586 3246 2891 3299 ἐπιστολῶν
2911 3247 3126 3318 Κτησίᾳ
3155 3247 3431 3310 ἀποδόσις.
3462 3247 3708 3317 Κτησίου

2117 3338 2276 3405 λόγος
2309 3338 2447 3408 πρὸς
2475 3337 2701 3407 βασιλέα
2727 3339 2857 3410 περὶ
2883 3340 3135 3404 Κόνωνος
3165 3341 3259 3395 καὶ
3289 3342 3547 3412 ἐπιστολὴ
3567 3342 3712 3412 πρὸς

2114 3430 2298 3485 αὐτόν.
2329 3431 2448 3482 Τῶν
2479 3432 2634 3502 παρὰ
2659 3431 2936 3503 Εὐαγόρου
2951 3432 3141 3503 δώρων
3165 3435 3419 3497 ἀπόδοσις
3437 3435 3711 3508 Σατιϐαρ-

2115 3521 2274 3594 ζάνη,
2317 3521 2544 3574 καὶτῶν
2584 3522 2836 3590 ἀγγέλων
2859 3523 2966 3576 τῶν
3001 3525 3080 3585 εἰς
3115 3523 3342 3594 Κύπρον
3371 3524 3576 3592 ἄφιξις,
3606 3525 3706 3578 καὶ

2115 3613 2366 3676 Κόνωνος
2409 3614 2670 3684 ἐπιστολὴ
2728 3615 2865 3684 πρὸς
2904 3615 3129 3686 βασιλέα
3168 3617 3262 3669 καὶ
3300 3617 3568 3684 Κτησίαν.
3619 3616 3712 3681 Ὡς

2115 3707 2466 3777 ἐτηρήθησαν
2517 3709 2565 3759 οί
2617 3708 2768 3777 παρὰ
2815 3707 3260 3778 Λακεδαιμονίων
3301 3707 3526 3776 ἄγγελοι
3563 3725 3713 3779 πεμο

2117 3800 2341 3869 φθέντες
2391 3800 2529 3870 πρὸς
2584 3799 2830 3869 βασιλέα.
2896 3801 3181 3865 Βασιλέως
3241 3801 3501 3874 ἐπιστολὴ
3568 3802 3712 3873 πρὸς

2117 3893 2343 3947 Κόνωνα
2393 3894 2489 3947 καὶ
2517 3894 2564 3925 ⁸⁸
2591 3894 3079 3965 Λακεδαιμονίους,
3101 3895 3168 3959 ἃς
3188 3895 3234 3929 ⁸³
3265 3895 3516 3967 Κτησίας
3543 3897 3712 3960 αὐτὸς

2117 3983 2395 4053 ἐκόμισεν.
2465 3984 2554 4046 Ὡς
2594 3984 2700 4037 ὑπὸ
2762 3985 3120 4055 Φαρναϐάζου
3169 3985 3446 4057 ναύαρχος
3508 3987 3706 4040 Κόνων

2117 4075 2353 4138 ἐγένετο.
2420 4075 2664 4144 Κτησίου
2718 4077 2798 4139 εἰς
2856 4078 3051 4130 Κνίδον
3105 4080 3205 4148 τὴν
3239 4080 3474 4149 πατρίδα
3524 4079 3714 4150 ἄφιξις

2117 4167 2215 4219 καὶ
2247 4168 2328 4229 εἰς
2372 4167 2772 4236 Λακεδαίμονα,
2835 4171 2932 4222 καὶ
2979 4171 3164 4240 κρίσις
3201 4171 3337 4242 πρὸς
3374 4173 3501 4236 τοὺς
3531 4174 3717 4226 Λακε-

2117 4258 2412 4329 δαιμονίων
2466 4261 2734 4326 ἀγγέλους
2761 4262 2819 4314 ὲν
2857 4261 3105 4332 Ῥόδῳεδ,
3159 4263 3252 4316 καὶ
3301 4265 3518 4332 ἄφεσις.
3577 4265 3720 4319 Ἀπὸ

2133 4348 2364 4418 Ἐφέσου
2437 4351 2601 4422 μέχρι
2678 4351 2942 4422 Βάκτρων
3013 4355 3109 4406 καὶ
3187 4355 3419 4424 Ἰνδικῆς
3475 4356 3719 4427 ἀριθμὸς

2049 4461 2093 4513 ι)
2124 4439 2404 4510 σταθμῶν,
2461 4441 2706 4511 ἡμερῶν,
2752 4446 3149 4513 παρασαγγῶν.
3191 4447 3511 4515 Κατάλογος
3558 4448 3720 4517 βασι-

2127 4530 2264 4584 λέων
2291 4532 2401 4584 ἁπὸ
2424 4532 2586 4586 Νίνου
2610 4535 2704 4587 καὶ
2735 4535 3096 4607 Σεμιράμεως
3127 4537 3290 4609 μέχρι
3329 4539 3720 4611 ’Δρτοξέρξου.

2139 4623 2227 4675 Ἐν
2248 4617 2329 4686 οἷς
2358 4624 2452 4677 καὶ
2474 4623 2536 4677 τὸ
2551 4625 2727 4688 τέλος.

2199 4715 2356 4768 ..Εστι
2388 4714 2443 4768 δὲ
2479 4710 2676 4779 οὗτοςό
2705 4719 3055 4788 συγγραφεὺς
3084 4721 3260 4790 σαφής
3286 4739 3346 4774 τε
3379 4722 3474 4776 καὶ
3503 4722 3722 4795 ἀφελὴς

2125 4805 2270 4872 λίαν,
2301 4806 2383 4859 διὸ
2420 4807 2518 4860 καὶ
2551 4808 2710 4878 ἡδονῇ
2745 4810 2895 4879 αὐτῷ
2945 4810 3252 4881 σύγκρατός
3286 4813 3436 4866 ἐστιν
3473 4817 3502 4868 ό
3536 4815 3719 4884 λόγος.

2127 4899 2414 4970 Κέχρηται
2435 4899 2493 4953 δὲ
2525 4903 2590 4971 τῇ
2631 4902 2839 4972 Ἰωνικῇ
2865 4903 3151 4974 διαλέκτῳ,
3179 4906 3229 4957 εί
3252 4906 3346 4958 καὶ
3371 4907 3448 4977 μὴ
3469 4907 3537 4960 δι’
3569 4909 3724 4974 ὅλου,

2127 4993 2383 5061 καθάπερ
2418 4991 2724 5062 Ἡρόδοτος,
2783 4993 2918 5048 ἀλλὰ
2977 4995 3096 5048 κατ’
3128 4997 3279 5061 ὲνίας
3319 5001 3476 5064 τινὰς
3517 4999 3721 5069 λέξεις.

2129 5082 2266 5136 Οὐδὲ
2298 5083 2436 5155 πρὸς
2467 5083 2743 5153 ἐκτροπὰς
2775 5083 2832 5137 δέ
2861 5102 3016 5148 τινας
3037 5088 3326 5160 ἀκαίρους,
3359 5089 3548 5162 ὥσπερ
3578 5093 3726 5144 ἐκεῖ·

1733 5193 1964 5252 VARl/E
1994 5197 2400 5256 LECTIONES.

474 5265 1867 5372 ,.ii.ES?X.A.3.§?°3glaream;fiamus;
1937 5290 2205 5372 θ’έπεις-
2250 5293 3199 5372 ῖῶνῦπῃρξτοῷντῳνεὺνοὺχοιξγ
3229 5299 3365 5372 eam
3391 5319 3450 5365 ς.
3533 5303 3727 5372 "post

435 5354 712 5419 εὐνούχων
743 5363 864 5402 cum
892 5354 938 5406 A
969 5354 1130 5405 omisi
1163 5354 1270 5402 τῶν
1288 5354 1701 5422 ὑπηρετούντων
1733 5354 1894 5428 αὐτῇ.
1973 5362 2021 5392 ⁸⁸
2045 5354 2306 5435 καὶπρὸς
2334 5367 2477 5419 Λακ.
2551 5354 2756 5428 1’δἐιςΑ
2785 5383 2800 5420 :
2837 5367 2904 5437 ἢν
2928 5386 2986 5432 ς.
3065 5354 3119 5401 ’θ
3153 5369 3319 5441 Ῥόδῳ
3340 5354 3444 5425 ’λίς
3479 5354 3627 5443 λόγῷ
3644 5354 3724 5439 Vg:

1978 5480 2184 5536 NOTAE
2195 5523 2208 5536 .

513 5563 626 5630 (17)
654 5561 766 5616 lloc
795 5563 914 5632 ipso
931 5564 1366 5619 circumventum
1390 5564 1560 5620 fuisse
1585 5567 1708 5622 dolo
1739 5585 1766 5623 a
1799 5585 2030 5627 consan-

2208 5575 2328 5645 (lS)
2357 5576 2391 5630 A
2423 5576 2565 5634 Nino
2595 5579 2648 5634 id
2670 5587 2725 5634 et
2750 5579 3112 5638 Semirainide
3141 5583 3474 5645 inchoatum,
3507 5585 3572 5638 ad
3608 5602 3716 5639 ina-

854 5634 1318 5726 L.m\le-ri_in:viiii‘p.
1344 5636 1646 5726 ﬁnxerunt
1689 5642 1930 5726 quidam,
1971 5655 2028 5699 ut
2139 5631 2427 5726 gis-tratum

447 5703 619 5778 refert
664 5703 849 5778 Aurel.
901 5705 1102 5760 Victor.
1139 5707 1191 5760 iii
1238 5708 1377 5762 Hist.
1444 5709 1667 5778 August.
1707 5703 1767 5765 in
1818 5703 2022 5768 Anton.

446 5771 796 5844 Philosophe.

2139 5717 2429 5798 «igituxisse
2453 5717 2693 5798 C_te‘siain
2727 5717 2916 5779 auctor
2951 5733 3036 5780 est
3073 5717 3230 5782 Diod.
3263 5717 3375 5782 'lib.
3431 5740 3548 5794 xiv,
3599 5743 3706 5798 pag

2138 5786 2263 5852 421,
2305 5789 2435 5843 edit.
2469 5789 2645 5847 Graec.
