  <div class='ocr_page' id='page_1' title='image "/cluster/home/n/w/nwhite01/storage/ocr_20150623/103 pt.3/mdp.39015061933738/111.png"; bbox 0 0 3942 6234; ppageno 0'>
   <div class='ocr_carea' id='block_1_1' title="bbox 338 238 3596 306">
    <p class='ocr_par' dir='ltr' id='par_1_1' title="bbox 338 238 3596 306">
     <span class='ocr_line' id='line_1_1' title="bbox 338 238 3596 306; baseline 0.004 -14"><span class='ocrx_word' id='word_1_1' title='bbox 338 242 440 306; x_wconf 72' lang='lat'><strong>201</strong></span> <span class='ocrx_word' id='word_1_2' title='bbox 1497 238 1758 300; x_wconf 83' lang='lat' dir='ltr'><strong>PIIOTII</strong></span> <span class='ocrx_word' id='word_1_3' title='bbox 1798 238 2305 302; x_wconf 80' lang='lat' dir='ltr'><strong>PATRIARCIUE</strong></span> <span class='ocrx_word' id='word_1_4' title='bbox 2344 241 2448 300; x_wconf 84' lang='lat' dir='ltr'><strong>CP.</strong></span> <span class='ocrx_word' id='word_1_5' title='bbox 3491 238 3596 305; x_wconf 72' lang='grc'><strong>908</strong></span> 
     </span>
    </p>
   </div>
   <div class='ocr_carea' id='block_1_2' title="bbox 339 353 3600 422">
    <p class='ocr_par' dir='ltr' id='par_1_2' title="bbox 339 353 3600 422">
     <span class='ocr_line' id='line_1_2' title="bbox 339 353 3600 422; baseline -0.002 -6"><span class='ocrx_word' id='word_1_6' title='bbox 339 363 467 417; x_wconf 82' lang='lat' dir='ltr'><strong>lices</strong></span> <span class='ocrx_word' id='word_1_7' title='bbox 495 368 671 414; x_wconf 88' lang='lat' dir='ltr'><strong>autem</strong></span> <span class='ocrx_word' id='word_1_8' title='bbox 709 359 762 414; x_wconf 88' lang='lat' dir='ltr'><strong>in</strong></span> <span class='ocrx_word' id='word_1_9' title='bbox 789 358 930 414; x_wconf 86' lang='lat' dir='ltr'><strong>aliis.</strong></span> <span class='ocrx_word' id='word_1_10' title='bbox 964 357 1133 413; x_wconf 85' lang='lat' dir='ltr'><strong>Filios</strong></span> <span class='ocrx_word' id='word_1_11' title='bbox 1163 357 1306 412; x_wconf 89' lang='lat' dir='ltr'><strong>enim</strong></span> <span class='ocrx_word' id='word_1_12' title='bbox 1332 363 1461 422; x_wconf 89' lang='lat' dir='ltr'><strong>tres,</strong></span> <span class='ocrx_word' id='word_1_13' title='bbox 1502 364 1554 409; x_wconf 92' lang='lat' dir='ltr'><strong>et</strong></span> <span class='ocrx_word' id='word_1_14' title='bbox 1585 356 1718 410; x_wconf 87' lang='lat' dir='ltr'><strong>duas</strong></span> <span class='ocrx_word' id='word_1_15' title='bbox 1752 357 1912 420; x_wconf 83' lang='lat' dir='ltr'><strong>tilias,</strong></span> <span class='ocrx_word' id='word_1_16' title='bbox 1944 372 2067 412; x_wconf 91' lang='lat' dir='ltr'><strong>cum</strong></span> <span class='ocrx_word' id='word_1_17' title='bbox 2127 357 2326 410; x_wconf 87' lang='lat' dir='ltr'><strong>malum</strong></span> <span class='ocrx_word' id='word_1_18' title='bbox 2368 368 2550 408; x_wconf 89' lang='lat' dir='ltr'><strong>rerum</strong></span> <span class='ocrx_word' id='word_1_19' title='bbox 2581 368 2799 408; x_wconf 86' lang='lat' dir='ltr'><strong>suarum</strong></span> <span class='ocrx_word' id='word_1_20' title='bbox 2831 354 3062 417; x_wconf 87' lang='lat' dir='ltr'><strong>videret,</strong></span> <span class='ocrx_word' id='word_1_21' title='bbox 3094 361 3254 408; x_wconf 89' lang='lat' dir='ltr'><strong>antea</strong></span> <span class='ocrx_word' id='word_1_22' title='bbox 3295 353 3518 412; x_wconf 87' lang='lat' dir='ltr'><strong>miserat</strong></span> <span class='ocrx_word' id='word_1_23' title='bbox 3549 358 3600 411; x_wconf 93' lang='lat' dir='ltr'><strong>in</strong></span> 
     </span>
    </p>
   </div>
   <div class='ocr_carea' id='block_1_3' title="bbox 345 424 3597 497">
    <p class='ocr_par' dir='ltr' id='par_1_3' title="bbox 345 424 3597 497">
     <span class='ocr_line' id='line_1_3' title="bbox 345 424 3597 497; baseline -0.002 -10"><span class='ocrx_word' id='word_1_24' title='bbox 345 437 533 487; x_wconf 89' lang='lat' dir='ltr'><strong>urbem</strong></span> <span class='ocrx_word' id='word_1_25' title='bbox 562 429 789 493; x_wconf 74' lang='lat' dir='ltr'><strong>Ninum,</strong></span> <span class='ocrx_word' id='word_1_26' title='bbox 822 431 886 482; x_wconf 88' lang='lat' dir='ltr'><strong>ad</strong></span> <span class='ocrx_word' id='word_1_27' title='bbox 921 443 1044 484; x_wconf 92' lang='lat' dir='ltr'><strong>eum</strong></span> <span class='ocrx_word' id='word_1_28' title='bbox 1079 428 1170 497; x_wconf 90' lang='lat' dir='ltr'><strong>qui</strong></span> <span class='ocrx_word' id='word_1_29' title='bbox 1198 428 1267 480; x_wconf 85' lang='lat' dir='ltr'><strong>ibi</strong></span> <span class='ocrx_word' id='word_1_30' title='bbox 1300 427 1579 496; x_wconf 80' lang='lat' dir='ltr'><strong>regnabat.</strong></span> <span class='ocrx_word' id='word_1_31' title='bbox 1617 429 1946 495; x_wconf 93' lang='lat' dir='ltr'><strong>dederatque</strong></span> <span class='ocrx_word' id='word_1_32' title='bbox 1981 427 2088 479; x_wconf 88' lang='lat' dir='ltr'><strong>illis</strong></span> <span class='ocrx_word' id='word_1_33' title='bbox 2122 431 2223 480; x_wconf 89' lang='lat' dir='ltr'><strong>tria</strong></span> <span class='ocrx_word' id='word_1_34' title='bbox 2255 428 2579 497; x_wconf 68' lang='lat' dir='ltr'><strong>talentorum</strong></span> <span class='ocrx_word' id='word_1_35' title='bbox 2609 427 2734 497; x_wconf 87' lang='lat' dir='ltr'><strong>auri</strong></span> <span class='ocrx_word' id='word_1_36' title='bbox 2763 427 2950 479; x_wconf 84' lang='lat' dir='ltr'><strong>millia.</strong></span> <span class='ocrx_word' id='word_1_37' title='bbox 2991 424 3230 478; x_wconf 78' lang='lat' dir='ltr'><strong>Texerat</strong></span> <span class='ocrx_word' id='word_1_38' title='bbox 3258 438 3436 480; x_wconf 88' lang='lat' dir='ltr'><strong>autem</strong></span> <span class='ocrx_word' id='word_1_39' title='bbox 3463 426 3597 481; x_wconf 90' lang='lat' dir='ltr'><strong>illud</strong></span> 
     </span>
    </p>
   </div>
   <div class='ocr_carea' id='block_1_4' title="bbox 343 496 3603 568">
    <p class='ocr_par' dir='ltr' id='par_1_4' title="bbox 343 496 3603 568">
     <span class='ocr_line' id='line_1_4' title="bbox 343 496 3603 568; baseline -0.002 -11"><span class='ocrx_word' id='word_1_40' title='bbox 343 505 634 557; x_wconf 77' lang='lat' dir='ltr'><strong>zedilicium</strong></span> <span class='ocrx_word' id='word_1_41' title='bbox 661 502 908 554; x_wconf 85' lang='lat' dir='ltr'><strong>trabibus</strong></span> <span class='ocrx_word' id='word_1_42' title='bbox 948 496 1158 568; x_wconf 81' lang='lat' dir='ltr'><strong>magnis</strong></span> <span class='ocrx_word' id='word_1_43' title='bbox 1181 507 1235 548; x_wconf 90' lang='lat' dir='ltr'><strong>et</strong></span> <span class='ocrx_word' id='word_1_44' title='bbox 1261 497 1490 561; x_wconf 85' lang='lat' dir='ltr'><strong>&#39;crassis,</strong></span> <span class='ocrx_word' id='word_1_45' title='bbox 1532 497 1658 564; x_wconf 90' lang='lat' dir='ltr'><strong>quin</strong></span> <span class='ocrx_word' id='word_1_46' title='bbox 1689 498 1854 550; x_wconf 88' lang='lat' dir='ltr'><strong>etiam</strong></span> <span class='ocrx_word' id='word_1_47' title='bbox 1887 497 2052 568; x_wconf 85' lang='lat' dir='ltr'><strong>multa</strong></span> <span class='ocrx_word' id='word_1_48' title='bbox 2103 498 2267 561; x_wconf 74' lang='lat' dir='ltr'><strong>ligna,</strong></span> <span class='ocrx_word' id='word_1_49' title='bbox 2297 505 2447 568; x_wconf 4' lang='lat' dir='ltr'><strong>etpea</strong></span> <span class='ocrx_word' id='word_1_50' title='bbox 2489 496 2707 568; x_wconf 77' lang='lat' dir='ltr'><strong>quidem</strong></span> <span class='ocrx_word' id='word_1_51' title='bbox 2744 512 2952 568; x_wconf 85' lang='lat' dir='ltr'><strong>crassa,</strong></span> <span class='ocrx_word' id='word_1_52' title='bbox 2989 497 3485 568; x_wconf 68' lang='lat' dir='ltr'><strong>circuitumsuerat.</strong></span> <span class='ocrx_word' id='word_1_53' title='bbox 3514 497 3603 568; x_wconf 84' lang='lat' dir='ltr'><strong>ita</strong></span> 
     </span>
    </p>
   </div>
   <div class='ocr_carea' id='block_1_5' title="bbox 345 565 3600 638">
    <p class='ocr_par' dir='ltr' id='par_1_5' title="bbox 345 565 3600 638">
     <span class='ocr_line' id='line_1_5' title="bbox 345 565 3600 638; baseline -0.002 -12"><span class='ocrx_word' id='word_1_54' title='bbox 345 584 401 626; x_wconf 93' lang='lat' dir='ltr'><strong>ut</strong></span> <span class='ocrx_word' id='word_1_55' title='bbox 432 573 610 626; x_wconf 91' lang='lat' dir='ltr'><strong>nullus</strong></span> <span class='ocrx_word' id='word_1_56' title='bbox 644 579 853 638; x_wconf 81' lang='lat' dir='ltr'><strong>pateret</strong></span> <span class='ocrx_word' id='word_1_57' title='bbox 873 565 1092 622; x_wconf 72' lang='lat' dir='ltr'><strong>exitus:</strong></span> <span class='ocrx_word' id='word_1_58' title='bbox 1127 570 1255 634; x_wconf 90' lang='lat' dir='ltr'><strong>quin</strong></span> <span class='ocrx_word' id='word_1_59' title='bbox 1291 568 1455 620; x_wconf 89' lang='lat' dir='ltr'><strong>etiam</strong></span> <span class='ocrx_word' id='word_1_60' title='bbox 1485 567 1810 620; x_wconf 86' lang='lat' dir='ltr'><strong>talentorum</strong></span> <span class='ocrx_word' id='word_1_61' title='bbox 1843 567 1962 620; x_wconf 89' lang='lat' dir='ltr'><strong>auri</strong></span> <span class='ocrx_word' id='word_1_62' title='bbox 1988 567 2316 638; x_wconf 84' lang='lat' dir='ltr'><strong>imposuerat</strong></span> <span class='ocrx_word' id='word_1_63' title='bbox 2347 565 2418 618; x_wconf 86' lang='lat' dir='ltr'><strong>illi</strong></span> <span class='ocrx_word' id='word_1_64' title='bbox 2449 567 2596 618; x_wconf 92' lang='lat' dir='ltr'><strong>mille</strong></span> <span class='ocrx_word' id='word_1_65' title='bbox 2635 567 2929 638; x_wconf 84' lang='lat' dir='ltr'><strong>myriades,</strong></span> <span class='ocrx_word' id='word_1_66' title='bbox 2957 567 3169 638; x_wconf 64' lang='lat' dir='ltr'><strong>argenti</strong></span> <span class='ocrx_word' id='word_1_67' title='bbox 3203 565 3385 638; x_wconf 78' lang='lat' dir='ltr'><strong>decies</strong></span> <span class='ocrx_word' id='word_1_68' title='bbox 3413 567 3600 621; x_wconf 76' lang='lat' dir='ltr'><strong>mille:</strong></span> 
     </span>
    </p>
   </div>
   <div class='ocr_carea' id='block_1_6' title="bbox 343 634 3597 707">
    <p class='ocr_par' dir='ltr' id='par_1_6' title="bbox 343 634 3597 707">
     <span class='ocr_line' id='line_1_6' title="bbox 343 634 3597 707; baseline -0.002 -10"><span class='ocrx_word' id='word_1_69' title='bbox 343 658 439 697; x_wconf 80' lang='lat' dir='ltr'><strong>nec</strong></span> <span class='ocrx_word' id='word_1_70' title='bbox 472 657 575 696; x_wconf 91' lang='lat' dir='ltr'><strong>non</strong></span> <span class='ocrx_word' id='word_1_71' title='bbox 611 634 787 695; x_wconf 79' lang='lat' dir='ltr'><strong>vestes</strong></span> <span class='ocrx_word' id='word_1_72' title='bbox 815 649 869 693; x_wconf 89' lang='lat' dir='ltr'><strong>et</strong></span> <span class='ocrx_word' id='word_1_73' title='bbox 900 653 1186 707; x_wconf 81' lang='lat' dir='ltr'><strong>purpuras,</strong></span> <span class='ocrx_word' id='word_1_74' title='bbox 1220 647 1274 689; x_wconf 93' lang='lat' dir='ltr'><strong>et</strong></span> <span class='ocrx_word' id='word_1_75' title='bbox 1299 651 1462 691; x_wconf 89' lang='lat' dir='ltr'><strong>omne</strong></span> <span class='ocrx_word' id='word_1_76' title='bbox 1486 651 1655 702; x_wconf 81' lang='lat' dir='ltr'><strong>genus</strong></span> <span class='ocrx_word' id='word_1_77' title='bbox 1698 651 1910 702; x_wconf 90' lang='lat' dir='ltr'><strong>eorum,</strong></span> <span class='ocrx_word' id='word_1_78' title='bbox 1954 634 2077 705; x_wconf 62' lang='lat' dir='ltr'><strong>qum</strong></span> <span class='ocrx_word' id='word_1_79' title='bbox 2104 638 2168 689; x_wconf 86' lang='lat' dir='ltr'><strong>ad</strong></span> <span class='ocrx_word' id='word_1_80' title='bbox 2201 636 2402 707; x_wconf 78' lang='lat' dir='ltr'><strong>cultum</strong></span> <span class='ocrx_word' id='word_1_81' title='bbox 2433 634 2991 702; x_wconf 35' lang='lat' dir='ltr'><strong>corporis’pertinent.</strong></span> <span class='ocrx_word' id='word_1_82' title='bbox 3025 635 3157 699; x_wconf 68' lang='lat' dir='ltr'><strong>Quae</strong></span> <span class='ocrx_word' id='word_1_83' title='bbox 3185 648 3308 688; x_wconf 91' lang='lat' dir='ltr'><strong>cum</strong></span> <span class='ocrx_word' id='word_1_84' title='bbox 3346 634 3597 700; x_wconf 81' lang='lat' dir='ltr'><strong>iecisset,</strong></span> 
     </span>
    </p>
   </div>
   <div class='ocr_carea' id='block_1_7' title="bbox 341 704 3594 780">
    <p class='ocr_par' dir='ltr' id='par_1_7' title="bbox 341 704 3594 780">
     <span class='ocr_line' id='line_1_7' title="bbox 341 704 3594 780; baseline -0.002 -16"><span class='ocrx_word' id='word_1_85' title='bbox 341 715 638 766; x_wconf 77' lang='lat' dir='ltr'><strong>accendere</strong></span> <span class='ocrx_word' id='word_1_86' title='bbox 668 726 853 780; x_wconf 87' lang='lat' dir='ltr'><strong>pyram</strong></span> <span class='ocrx_word' id='word_1_87' title='bbox 873 704 1056 780; x_wconf 78' lang='lat' dir='ltr'><strong>jussit,</strong></span> <span class='ocrx_word' id='word_1_88' title='bbox 1081 722 1203 776; x_wconf 75' lang='lat' dir='ltr'><strong>qua:</strong></span> <span class='ocrx_word' id='word_1_89' title='bbox 1240 721 1333 776; x_wconf 90' lang='lat' dir='ltr'><strong>per</strong></span> <span class='ocrx_word' id='word_1_90' title='bbox 1363 707 1669 780; x_wconf 81' lang='lat' dir='ltr'><strong>quindecim</strong></span> <span class='ocrx_word' id='word_1_91' title='bbox 1693 708 1807 760; x_wconf 89' lang='lat' dir='ltr'><strong>dies</strong></span> <span class='ocrx_word' id='word_1_92' title='bbox 1838 704 2090 780; x_wconf 59' lang='lat' dir='ltr'><strong>ardebat.</strong></span> <span class='ocrx_word' id='word_1_93' title='bbox 2117 710 2184 780; x_wconf 81' lang='lat' dir='ltr'><strong>At</strong></span> <span class='ocrx_word' id='word_1_94' title='bbox 2211 710 2301 775; x_wconf 85' lang='lat' dir='ltr'><strong>qui</strong></span> <span class='ocrx_word' id='word_1_95' title='bbox 2335 704 2546 780; x_wconf 72' lang='lat' dir='ltr'><strong>fulmini</strong></span> <span class='ocrx_word' id='word_1_96' title='bbox 2571 707 2824 780; x_wconf 81' lang='lat' dir='ltr'><strong>videbant</strong></span> <span class='ocrx_word' id='word_1_97' title='bbox 2853 707 3212 780; x_wconf 81' lang='lat' dir='ltr'><strong>mirabantur.</strong></span> <span class='ocrx_word' id='word_1_98' title='bbox 3232 708 3594 780; x_wconf 80' lang='lat' dir='ltr'><strong>ac_putahant</strong></span> 
     </span>
    </p>
   </div>
   <div class='ocr_carea' id='block_1_8' title="bbox 341 775 3608 846">
    <p class='ocr_par' dir='ltr' id='par_1_8' title="bbox 341 775 3608 846">
     <span class='ocr_line' id='line_1_8' title="bbox 341 775 3608 846; baseline -0.001 -12"><span class='ocrx_word' id='word_1_99' title='bbox 341 786 486 835; x_wconf 86' lang='lat' dir='ltr'><strong>illum</strong></span> <span class='ocrx_word' id='word_1_100' title='bbox 528 775 839 835; x_wconf 25' lang='lat' dir='ltr'><strong>sacri‘li&#39;care</strong></span> <span class='ocrx_word' id='word_1_101' title='bbox 875 775 889 833; x_wconf 79' lang='grc' dir='ltr'>ξ</span> <span class='ocrx_word' id='word_1_102' title='bbox 934 778 1032 831; x_wconf 88' lang='lat' dir='ltr'><strong>soli</strong></span> <span class='ocrx_word' id='word_1_103' title='bbox 1061 775 1195 831; x_wconf 81' lang='lat' dir='ltr'><strong>vero</strong></span> <span class='ocrx_word' id='word_1_104' title='bbox 1235 775 1470 830; x_wconf 85' lang='lat' dir='ltr'><strong>eunuchi</strong></span> <span class='ocrx_word' id='word_1_105' title='bbox 1519 792 1631 829; x_wconf 89' lang='lat' dir='ltr'><strong>rem</strong></span> <span class='ocrx_word' id='word_1_106' title='bbox 1681 788 1968 832; x_wconf 86' lang='lat' dir='ltr'><strong>noverant.</strong></span> <span class='ocrx_word' id='word_1_107' title='bbox 2026 776 2434 846; x_wconf 85' lang='lat' dir='ltr'><strong>Sardanapalus</strong></span> <span class='ocrx_word' id='word_1_108' title='bbox 2468 778 2638 845; x_wconf 85' lang='lat' dir='ltr'><strong>igitur</strong></span> <span class='ocrx_word' id='word_1_109' title='bbox 2664 814 2682 841; x_wconf 93' lang='lat'><strong>,</strong></span> <span class='ocrx_word' id='word_1_110' title='bbox 2733 776 2825 844; x_wconf 90' lang='lat' dir='ltr'><strong>qui</strong></span> <span class='ocrx_word' id='word_1_111' title='bbox 2878 775 3190 846; x_wconf 84' lang='lat' dir='ltr'><strong>prodigiose</strong></span> <span class='ocrx_word' id='word_1_112' title='bbox 3231 775 3608 846; x_wconf 77' lang='lat' dir='ltr'><strong>voluptatibus</strong></span> 
     </span>
    </p>
   </div>
   <div class='ocr_carea' id='block_1_9' title="bbox 337 846 3576 918">
    <p class='ocr_par' dir='ltr' id='par_1_9' title="bbox 337 846 3576 918">
     <span class='ocr_line' id='line_1_9' title="bbox 337 846 3576 918; baseline -0.002 -13"><span class='ocrx_word' id='word_1_113' title='bbox 337 854 546 906; x_wconf 86' lang='lat' dir='ltr'><strong>deditus</strong></span> <span class='ocrx_word' id='word_1_114' title='bbox 585 851 780 914; x_wconf 81' lang='lat' dir='ltr'><strong>fuerat,</strong></span> <span class='ocrx_word' id='word_1_115' title='bbox 815 864 974 918; x_wconf 88' lang='lat' dir='ltr'><strong>quam</strong></span> <span class='ocrx_word' id='word_1_116' title='bbox 1006 851 1180 917; x_wconf 87' lang='lat' dir='ltr'><strong>potuit</strong></span> <span class='ocrx_word' id='word_1_117' title='bbox 1214 846 1629 917; x_wconf 82' lang='lat' dir='ltr'><strong>generosissime</strong></span> <span class='ocrx_word' id='word_1_118' title='bbox 1654 848 1820 900; x_wconf 88' lang='lat' dir='ltr'><strong>vitam</strong></span> <span class='ocrx_word' id='word_1_119' title='bbox 1849 847 2045 902; x_wconf 83' lang='lat' dir='ltr'><strong>ﬁnivit.</strong></span> <span class='ocrx_word' id='word_1_120' title='bbox 2651 853 2657 859; x_wconf 93' lang='lat'>&#39;</span> <span class='ocrx_word' id='word_1_121' title='bbox 3548 886 3576 911; x_wconf 85' lang='grc'><em>,</em></span> 
     </span>
    </p>
   </div>
   <div class='ocr_carea' id='block_1_10' title="bbox 1713 964 2198 1034">
    <p class='ocr_par' dir='ltr' id='par_1_10' title="bbox 1713 964 2198 1034">
     <span class='ocr_line' id='line_1_10' title="bbox 1713 964 2198 1034; baseline 0 -14"><span class='ocrx_word' id='word_1_122' title='bbox 1713 964 1835 1020; x_wconf 84' lang='lat' dir='ltr'><strong>Non</strong></span> <span class='ocrx_word' id='word_1_123' title='bbox 1867 966 2034 1021; x_wconf 87' lang='lat' dir='ltr'><strong>multo</strong></span> <span class='ocrx_word' id='word_1_124' title='bbox 2060 975 2198 1034; x_wconf 84' lang='lat' dir='ltr'><strong>post.</strong></span> 
     </span>
    </p>
   </div>
   <div class='ocr_carea' id='block_1_11' title="bbox 404 1056 3606 1129">
    <p class='ocr_par' dir='ltr' id='par_1_11' title="bbox 404 1056 3606 1129">
     <span class='ocr_line' id='line_1_11' title="bbox 404 1056 3606 1129; baseline -0.002 -11"><span class='ocrx_word' id='word_1_125' title='bbox 404 1062 614 1118; x_wconf 83' lang='lat' dir='ltr'><strong>Ctesias</strong></span> <span class='ocrx_word' id='word_1_126' title='bbox 645 1075 776 1115; x_wconf 86' lang='lat' dir='ltr'><strong>vero</strong></span> <span class='ocrx_word' id='word_1_127' title='bbox 804 1060 1087 1114; x_wconf 85' lang='lat' dir='ltr'><strong>Annarum</strong></span> <span class='ocrx_word' id='word_1_128' title='bbox 1122 1060 1267 1129; x_wconf 83' lang='lat' dir='ltr'><strong>regis</strong></span> <span class='ocrx_word' id='word_1_129' title='bbox 1298 1059 1634 1127; x_wconf 70' lang='lat' dir='ltr'><strong>prmfectnm,</strong></span> <span class='ocrx_word' id='word_1_130' title='bbox 1666 1068 1720 1112; x_wconf 90' lang='lat' dir='ltr'><strong>et</strong></span> <span class='ocrx_word' id='word_1_131' title='bbox 1741 1059 1832 1126; x_wconf 89' lang='lat' dir='ltr'><strong>qui</strong></span> <span class='ocrx_word' id='word_1_132' title='bbox 1867 1059 2179 1129; x_wconf 64' lang='lat' dir='ltr'><strong>Babyloniae</strong></span> <span class='ocrx_word' id='word_1_133' title='bbox 2219 1057 2457 1127; x_wconf 81' lang='lat' dir='ltr'><strong>regionis</strong></span> <span class='ocrx_word' id='word_1_134' title='bbox 2486 1056 2777 1126; x_wconf 91' lang='lat' dir='ltr'><strong>imperium</strong></span> <span class='ocrx_word' id='word_1_135' title='bbox 2810 1057 3191 1120; x_wconf 87' lang='lat' dir='ltr'><strong>obtinuerunt,</strong></span> <span class='ocrx_word' id='word_1_136' title='bbox 3222 1063 3392 1129; x_wconf 69' lang='lat' dir='ltr'><strong>veste</strong></span> <span class='ocrx_word' id='word_1_137' title='bbox 3424 1062 3484 1110; x_wconf 88' lang='lat' dir='ltr'><strong>et</strong></span> <span class='ocrx_word' id='word_1_138' title='bbox 3514 1069 3606 1109; x_wconf 83' lang='lat' dir='ltr'><strong>or-</strong></span> 
     </span>
    </p>
   </div>
   <div class='ocr_carea' id='block_1_12' title="bbox 338 1127 3597 1196">
    <p class='ocr_par' dir='ltr' id='par_1_12' title="bbox 338 1127 3597 1196">
     <span class='ocr_line' id='line_1_12' title="bbox 338 1127 3597 1196; baseline -0.002 -11"><span class='ocrx_word' id='word_1_139' title='bbox 338 1147 464 1186; x_wconf 86' lang='lat' dir='ltr'><strong>natu</strong></span> <span class='ocrx_word' id='word_1_140' title='bbox 499 1132 743 1185; x_wconf 88' lang='lat' dir='ltr'><strong>muliebri</strong></span> <span class='ocrx_word' id='word_1_141' title='bbox 769 1147 923 1183; x_wconf 85' lang='lat' dir='ltr'><strong>usum</strong></span> <span class='ocrx_word' id='word_1_142' title='bbox 951 1144 1076 1185; x_wconf 88' lang='lat' dir='ltr'><strong>esse</strong></span> <span class='ocrx_word' id='word_1_143' title='bbox 1117 1127 1299 1196; x_wconf 68' lang='lat' dir='ltr'><strong>tradit,</strong></span> <span class='ocrx_word' id='word_1_144' title='bbox 1336 1143 1389 1183; x_wconf 89' lang='lat' dir='ltr'><strong>et</strong></span> <span class='ocrx_word' id='word_1_145' title='bbox 1416 1131 1482 1182; x_wconf 88' lang='lat' dir='ltr'><strong>ad</strong></span> <span class='ocrx_word' id='word_1_146' title='bbox 1509 1144 1630 1183; x_wconf 88' lang='lat' dir='ltr'><strong>eum</strong></span> <span class='ocrx_word' id='word_1_147' title='bbox 1671 1127 2020 1191; x_wconf 62' lang='lat' dir='ltr'><strong>cwnantcm&#39;,</strong></span> <span class='ocrx_word' id='word_1_148' title='bbox 2069 1143 2194 1182; x_wconf 89' lang='lat' dir='ltr'><strong>cum</strong></span> <span class='ocrx_word' id='word_1_149' title='bbox 2231 1133 2373 1196; x_wconf 76' lang='lat' dir='ltr'><strong>regis</strong></span> <span class='ocrx_word' id='word_1_150' title='bbox 2400 1143 2592 1183; x_wconf 89' lang='lat' dir='ltr'><strong>servus</strong></span> <span class='ocrx_word' id='word_1_151' title='bbox 2623 1137 2791 1194; x_wconf 85' lang='lat' dir='ltr'><strong>esset,</strong></span> <span class='ocrx_word' id='word_1_152' title='bbox 2845 1130 3106 1183; x_wconf 85' lang='lat' dir='ltr'><strong>accedere</strong></span> <span class='ocrx_word' id='word_1_153' title='bbox 3155 1127 3346 1182; x_wconf 83' lang='lat' dir='ltr'><strong>solitas</strong></span> <span class='ocrx_word' id='word_1_154' title='bbox 3373 1138 3597 1182; x_wconf 86' lang='lat' dir='ltr'><strong>centum</strong></span> 
     </span>
    </p>
   </div>
   <div class='ocr_carea' id='block_1_13' title="bbox 339 1196 3223 1272">
    <p class='ocr_par' dir='ltr' id='par_1_13' title="bbox 339 1196 3223 1272">
     <span class='ocr_line' id='line_1_13' title="bbox 339 1196 3223 1272; baseline -0.001 -18"><span class='ocrx_word' id='word_1_155' title='bbox 339 1203 720 1272; x_wconf 84' lang='lat' dir='ltr'><strong>quinquaginta</strong></span> <span class='ocrx_word' id='word_1_156' title='bbox 748 1202 1035 1271; x_wconf 84' lang='lat' dir='ltr'><strong>psallentes</strong></span> <span class='ocrx_word' id='word_1_157' title='bbox 1065 1211 1120 1254; x_wconf 89' lang='lat' dir='ltr'><strong>et</strong></span> <span class='ocrx_word' id='word_1_158' title='bbox 1145 1210 1404 1254; x_wconf 84' lang='lat' dir='ltr'><strong>canentes</strong></span> <span class='ocrx_word' id='word_1_159' title='bbox 1433 1200 1710 1253; x_wconf 84' lang='lat' dir='ltr'><strong>mulieres.</strong></span> <span class='ocrx_word' id='word_1_160' title='bbox 1743 1196 2052 1252; x_wconf 85' lang='lat' dir='ltr'><strong>Psallebant</strong></span> <span class='ocrx_word' id='word_1_161' title='bbox 2096 1210 2277 1252; x_wconf 88' lang='lat' dir='ltr'><strong>autem</strong></span> <span class='ocrx_word' id='word_1_162' title='bbox 2309 1202 2410 1261; x_wconf 72' lang='lat' dir='ltr'><strong>hae,</strong></span> <span class='ocrx_word' id='word_1_163' title='bbox 2440 1209 2497 1252; x_wconf 91' lang='lat' dir='ltr'><strong>et</strong></span> <span class='ocrx_word' id='word_1_164' title='bbox 2518 1201 2794 1252; x_wconf 88' lang='lat' dir='ltr'><strong>canebant</strong></span> <span class='ocrx_word' id='word_1_165' title='bbox 2825 1198 2916 1253; x_wconf 90' lang='lat' dir='ltr'><strong>illo</strong></span> <span class='ocrx_word' id='word_1_166' title='bbox 2953 1209 3223 1253; x_wconf 66' lang='lat' dir='ltr'><strong>caenante.</strong></span> 
     </span>
    </p>
   </div>
   <div class='ocr_carea' id='block_1_14' title="bbox 970 1315 2527 1388">
    <p class='ocr_par' dir='ltr' id='par_1_14' title="bbox 970 1315 2527 1388">
     <span class='ocr_line' id='line_1_14' title="bbox 970 1315 2527 1388; baseline -0.003 -14"><span class='ocrx_word' id='word_1_167' title='bbox 970 1321 1126 1387; x_wconf 83' lang='lat' dir='ltr'><strong>Apud</strong></span> <span class='ocrx_word' id='word_1_168' title='bbox 1150 1318 1473 1372; x_wconf 80' lang='lat' dir='ltr'><strong>Demetrium</strong></span> <span class='ocrx_word' id='word_1_169' title='bbox 1503 1315 1823 1371; x_wconf 82' lang='lat' dir='ltr'><strong>Phalereum</strong></span> <span class='ocrx_word' id='word_1_170' title='bbox 1847 1317 1901 1370; x_wconf 86' lang='lat' dir='ltr'><strong>iu</strong></span> <span class='ocrx_word' id='word_1_171' title='bbox 1924 1316 2057 1370; x_wconf 84' lang='lat' dir='ltr'><strong>libro</strong></span> <span class='ocrx_word' id='word_1_172' title='bbox 2101 1318 2192 1387; x_wconf 88' lang='lat' dir='ltr'><strong>qui</strong></span> <span class='ocrx_word' id='word_1_173' title='bbox 2224 1317 2360 1388; x_wconf 69' lang='grc' dir='ltr'><strong>Περὶ</strong></span> <span class='ocrx_word' id='word_1_174' title='bbox 2390 1319 2527 1388; x_wconf 81' lang='grc' dir='ltr'><strong>ἑρμη</strong></span> 
     </span>
    </p>
   </div>
   <div class='ocr_carea' id='block_1_15' title="bbox 1394 1315 2951 1388">
    <p class='ocr_par' dir='ltr' id='par_1_15' title="bbox 1394 1315 2951 1388">
     <span class='ocr_line' id='line_1_15' title="bbox 1394 1315 2951 1388; baseline 0 -17"><span class='ocrx_word' id='word_1_175' title='bbox 1394 1335 1473 1371; x_wconf 89' lang='lat' dir='ltr'><strong>unt</strong></span> <span class='ocrx_word' id='word_1_176' title='bbox 1503 1315 1823 1371; x_wconf 85' lang='lat' dir='ltr'><strong>Phalereum</strong></span> <span class='ocrx_word' id='word_1_177' title='bbox 1847 1317 1901 1370; x_wconf 86' lang='lat' dir='ltr'><strong>iu</strong></span> <span class='ocrx_word' id='word_1_178' title='bbox 1924 1316 2057 1370; x_wconf 84' lang='lat' dir='ltr'><strong>libro</strong></span> <span class='ocrx_word' id='word_1_179' title='bbox 2101 1318 2192 1387; x_wconf 88' lang='lat' dir='ltr'><strong>qui</strong></span> <span class='ocrx_word' id='word_1_180' title='bbox 2224 1317 2360 1388; x_wconf 69' lang='grc' dir='ltr'><strong>Περὶ</strong></span> <span class='ocrx_word' id='word_1_181' title='bbox 2390 1317 2687 1388; x_wconf 81' lang='grc' dir='ltr'><strong>ἑρμηνείας</strong></span> <span class='ocrx_word' id='word_1_182' title='bbox 2719 1328 2951 1371; x_wconf 85' lang='lat' dir='ltr'><strong>vocatur.</strong></span> 
     </span>
    </p>
   </div>
   <div class='ocr_carea' id='block_1_16' title="bbox 408 1407 3599 1486">
    <p class='ocr_par' dir='ltr' id='par_1_16' title="bbox 408 1407 3599 1486">
     <span class='ocr_line' id='line_1_16' title="bbox 408 1407 3599 1486; baseline -0.003 -16"><span class='ocrx_word' id='word_1_183' title='bbox 408 1415 712 1486; x_wconf 85' lang='lat' dir='ltr'><strong>Stryaglius</strong></span> <span class='ocrx_word' id='word_1_184' title='bbox 742 1413 962 1484; x_wconf 88' lang='lat' dir='ltr'><strong>quidam</strong></span> <span class='ocrx_word' id='word_1_185' title='bbox 993 1413 1201 1486; x_wconf 82' lang='lat' dir='ltr'><strong>Medus,</strong></span> <span class='ocrx_word' id='word_1_186' title='bbox 1235 1427 1358 1486; x_wconf 90' lang='lat' dir='ltr'><strong>cum</strong></span> <span class='ocrx_word' id='word_1_187' title='bbox 1388 1426 1456 1466; x_wconf 76' lang='lat' dir='ltr'><strong>ex</strong></span> <span class='ocrx_word' id='word_1_188' title='bbox 1482 1425 1624 1481; x_wconf 90' lang='lat' dir='ltr'><strong>equo</strong></span> <span class='ocrx_word' id='word_1_189' title='bbox 1648 1409 1897 1486; x_wconf 59' lang='lat' dir='ltr'><strong>Sapidem</strong></span> <span class='ocrx_word' id='word_1_190' title='bbox 1929 1411 2211 1465; x_wconf 88' lang='lat' dir='ltr'><strong>mulierem</strong></span> <span class='ocrx_word' id='word_1_191' title='bbox 2247 1413 2533 1486; x_wconf 73' lang='lat' dir='ltr'><strong>deiecisset</strong></span> <span class='ocrx_word' id='word_1_192' title='bbox 2558 1411 2718 1479; x_wconf 89' lang='lat' dir='ltr'><strong>(apud</strong></span> <span class='ocrx_word' id='word_1_193' title='bbox 2753 1411 3085 1486; x_wconf 82' lang='lat' dir='ltr'><strong>Sacaseuim</strong></span> <span class='ocrx_word' id='word_1_194' title='bbox 3117 1408 3394 1486; x_wconf 79' lang='lat' dir='ltr'><strong>mulieres</strong></span> <span class='ocrx_word' id='word_1_195' title='bbox 3405 1407 3599 1486; x_wconf 81' lang='lat' dir='ltr'><strong>eodem</strong></span> 
     </span>
    </p>
   </div>
   <div class='ocr_carea' id='block_1_17' title="bbox 339 1479 3601 1554">
    <p class='ocr_par' dir='ltr' id='par_1_17' title="bbox 339 1479 3601 1554">
     <span class='ocr_line' id='line_1_17' title="bbox 339 1479 3601 1554; baseline -0.002 -17"><span class='ocrx_word' id='word_1_196' title='bbox 339 1502 442 1554; x_wconf 89' lang='lat' dir='ltr'><strong>quo</strong></span> <span class='ocrx_word' id='word_1_197' title='bbox 471 1479 775 1539; x_wconf 64' lang='lat' dir='ltr'><strong>It&#39;inazones</strong></span> <span class='ocrx_word' id='word_1_198' title='bbox 809 1486 966 1538; x_wconf 90' lang='lat' dir='ltr'><strong>modo</strong></span> <span class='ocrx_word' id='word_1_199' title='bbox 994 1479 1584 1554; x_wconf 57' lang='lat' dir='ltr'><strong>praeliantur)eamqtie</strong></span> <span class='ocrx_word' id='word_1_200' title='bbox 1615 1491 1669 1535; x_wconf 89' lang='lat' dir='ltr'><strong>et</strong></span> <span class='ocrx_word' id='word_1_201' title='bbox 1703 1479 2028 1554; x_wconf 80' lang='lat' dir='ltr'><strong>formosam,</strong></span> <span class='ocrx_word' id='word_1_202' title='bbox 2077 1490 2133 1554; x_wconf 85' lang='lat' dir='ltr'><strong>et</strong></span> <span class='ocrx_word' id='word_1_203' title='bbox 2158 1492 2318 1536; x_wconf 78' lang='lat' dir='ltr'><strong>aetate</strong></span> <span class='ocrx_word' id='word_1_204' title='bbox 2358 1481 2638 1535; x_wconf 88' lang='lat' dir='ltr'><strong>ﬂorentem</strong></span> <span class='ocrx_word' id='word_1_205' title='bbox 2681 1496 2803 1534; x_wconf 82' lang='lat' dir='ltr'><strong>esse</strong></span> <span class='ocrx_word' id='word_1_206' title='bbox 2839 1482 3092 1544; x_wconf 85' lang='lat' dir='ltr'><strong>vidisset,</strong></span> <span class='ocrx_word' id='word_1_207' title='bbox 3130 1481 3331 1554; x_wconf 80' lang='lat' dir='ltr'><strong>salvam</strong></span> <span class='ocrx_word' id='word_1_208' title='bbox 3363 1479 3601 1554; x_wconf 79' lang='lat' dir='ltr'><strong>dimisit.</strong></span> 
     </span>
    </p>
   </div>
   <div class='ocr_carea' id='block_1_18' title="bbox 340 1549 3607 1625">
    <p class='ocr_par' dir='ltr' id='par_1_18' title="bbox 340 1549 3607 1625">
     <span class='ocr_line' id='line_1_18' title="bbox 340 1549 3607 1625; baseline -0.002 -17"><span class='ocrx_word' id='word_1_209' title='bbox 340 1549 403 1608; x_wconf 76' lang='grc' dir='ltr'>Ᾱι</span> <span class='ocrx_word' id='word_1_210' title='bbox 435 1571 690 1625; x_wconf 82' lang='lat' dir='ltr'><strong>percusso</strong></span> <span class='ocrx_word' id='word_1_211' title='bbox 723 1549 1158 1625; x_wconf 66' lang='lat' dir='ltr'><strong>posteaitedere,</strong></span> <span class='ocrx_word' id='word_1_212' title='bbox 1187 1549 1317 1625; x_wconf 82' lang='lat' dir='ltr'><strong>cum</strong></span> <span class='ocrx_word' id='word_1_213' title='bbox 1346 1553 1454 1625; x_wconf 80' lang='lat' dir='ltr'><strong>illa,</strong></span> <span class='ocrx_word' id='word_1_214' title='bbox 1489 1567 1654 1625; x_wconf 85' lang='lat' dir='ltr'><strong>quam</strong></span> <span class='ocrx_word' id='word_1_215' title='bbox 1689 1551 1886 1625; x_wconf 85' lang='lat' dir='ltr'><strong>alioqui</strong></span> <span class='ocrx_word' id='word_1_216' title='bbox 1925 1551 2229 1619; x_wconf 85' lang='lat' dir='ltr'><strong>deperibat,</strong></span> <span class='ocrx_word' id='word_1_217' title='bbox 2258 1553 2419 1625; x_wconf 89' lang='lat' dir='ltr'><strong>potiri</strong></span> <span class='ocrx_word' id='word_1_218' title='bbox 2471 1567 2578 1625; x_wconf 58' lang='lat' dir='ltr'><strong>noti</strong></span> <span class='ocrx_word' id='word_1_219' title='bbox 2641 1561 2847 1618; x_wconf 84' lang='lat' dir='ltr'><strong>posset,</strong></span> <span class='ocrx_word' id='word_1_220' title='bbox 2880 1560 3146 1625; x_wconf 81' lang='lat' dir='ltr'><strong>statuerat</strong></span> <span class='ocrx_word' id='word_1_221' title='bbox 3171 1550 3390 1618; x_wconf 88' lang='lat' dir='ltr'><strong>quidem</strong></span> <span class='ocrx_word' id='word_1_222' title='bbox 3423 1549 3607 1601; x_wconf 88' lang='lat' dir='ltr'><strong>inedia</strong></span> 
     </span>
    </p>
   </div>
   <div class='ocr_carea' id='block_1_19' title="bbox 339 1619 3608 1691">
    <p class='ocr_par' dir='ltr' id='par_1_19' title="bbox 339 1619 3608 1691">
     <span class='ocr_line' id='line_1_19' title="bbox 339 1619 3608 1691; baseline -0.002 -14"><span class='ocrx_word' id='word_1_223' title='bbox 339 1619 500 1678; x_wconf 72' lang='lat' dir='ltr'><strong>vitam</strong></span> <span class='ocrx_word' id='word_1_224' title='bbox 535 1625 689 1679; x_wconf 82' lang='lat' dir='ltr'><strong>linire</strong></span> <span class='ocrx_word' id='word_1_225' title='bbox 714 1619 737 1679; x_wconf 74' lang='grc' dir='ltr'><strong>ς’</strong></span> <span class='ocrx_word' id='word_1_226' title='bbox 759 1623 950 1679; x_wconf 87' lang='lat' dir='ltr'><strong>scribit</strong></span> <span class='ocrx_word' id='word_1_227' title='bbox 982 1633 1159 1676; x_wconf 90' lang='lat' dir='ltr'><strong>tamen</strong></span> <span class='ocrx_word' id='word_1_228' title='bbox 1188 1623 1340 1688; x_wconf 88' lang='lat' dir='ltr'><strong>prius</strong></span> <span class='ocrx_word' id='word_1_229' title='bbox 1373 1621 1447 1675; x_wconf 92' lang='lat' dir='ltr'><strong>illi</strong></span> <span class='ocrx_word' id='word_1_230' title='bbox 1487 1619 1626 1676; x_wconf 83' lang='lat' dir='ltr'><strong>hanc</strong></span> <span class='ocrx_word' id='word_1_231' title='bbox 1657 1621 1963 1688; x_wconf 88' lang='lat' dir='ltr'><strong>epistolam,</strong></span> <span class='ocrx_word' id='word_1_232' title='bbox 1988 1636 2094 1690; x_wconf 74' lang='lat' dir='ltr'><strong>qua</strong></span> <span class='ocrx_word' id='word_1_233' title='bbox 2130 1624 2438 1691; x_wconf 81' lang='lat' dir='ltr'><strong>expostulat</strong></span> <span class='ocrx_word' id='word_1_234' title='bbox 2469 1639 2484 1675; x_wconf 88' lang='lat'><strong>:</strong></span> <span class='ocrx_word' id='word_1_235' title='bbox 2519 1619 2634 1690; x_wconf 88' lang='lat' dir='ltr'><strong>Ego</strong></span> <span class='ocrx_word' id='word_1_236' title='bbox 2663 1631 2712 1674; x_wconf 86' lang='lat' dir='ltr'><strong>te</strong></span> <span class='ocrx_word' id='word_1_237' title='bbox 2734 1621 2957 1686; x_wconf 76' lang='lat' dir='ltr'><strong>servavi,</strong></span> <span class='ocrx_word' id='word_1_238' title='bbox 2989 1633 3034 1674; x_wconf 83' lang='lat' dir='ltr'><strong>et</strong></span> <span class='ocrx_word' id='word_1_239' title='bbox 3082 1632 3140 1674; x_wconf 86' lang='lat' dir='ltr'><strong>tu</strong></span> <span class='ocrx_word' id='word_1_240' title='bbox 3163 1636 3257 1689; x_wconf 81' lang='lat' dir='ltr'><strong>per</strong></span> <span class='ocrx_word' id='word_1_241' title='bbox 3283 1635 3363 1676; x_wconf 85' lang='lat' dir='ltr'><strong>me</strong></span> <span class='ocrx_word' id='word_1_242' title='bbox 3391 1629 3608 1672; x_wconf 81' lang='lat' dir='ltr'><strong>servata</strong></span> 
     </span>
    </p>
   </div>
   <div class='ocr_carea' id='block_1_20' title="bbox 340 1693 1016 1765">
    <p class='ocr_par' dir='ltr' id='par_1_20' title="bbox 340 1693 1016 1765">
     <span class='ocr_line' id='line_1_20' title="bbox 340 1693 1016 1765; baseline -0.006 -17"><span class='ocrx_word' id='word_1_243' title='bbox 340 1713 411 1750; x_wconf 82' lang='lat' dir='ltr'><strong>es.</strong></span> <span class='ocrx_word' id='word_1_244' title='bbox 441 1696 506 1748; x_wconf 85' lang='lat' dir='ltr'><strong>At</strong></span> <span class='ocrx_word' id='word_1_245' title='bbox 537 1710 630 1763; x_wconf 82' lang='lat' dir='ltr'><strong>ego</strong></span> <span class='ocrx_word' id='word_1_246' title='bbox 659 1711 752 1765; x_wconf 88' lang='lat' dir='ltr'><strong>per</strong></span> <span class='ocrx_word' id='word_1_247' title='bbox 786 1704 834 1748; x_wconf 84' lang='lat' dir='ltr'><strong>te</strong></span> <span class='ocrx_word' id='word_1_248' title='bbox 858 1693 1016 1763; x_wconf 82' lang='lat' dir='ltr'><strong>perii.</strong></span> 
     </span>
    </p>
   </div>
   <div class='ocr_carea' id='block_1_21' title="bbox 984 1806 2859 1882">
    <p class='ocr_par' dir='ltr' id='par_1_21' title="bbox 984 1806 2859 1882">
     <span class='ocr_line' id='line_1_21' title="bbox 984 1806 2859 1882; baseline 0.001 -19"><span class='ocrx_word' id='word_1_249' title='bbox 984 1807 1286 1875; x_wconf 73' lang='lat' dir='ltr'><strong>Stephanus</strong></span> <span class='ocrx_word' id='word_1_250' title='bbox 1324 1806 1617 1878; x_wconf 78' lang='lat' dir='ltr'><strong>Byzantius</strong></span> <span class='ocrx_word' id='word_1_251' title='bbox 1661 1825 1782 1864; x_wconf 82' lang='lat' dir='ltr'><strong>voce</strong></span> <span class='ocrx_word' id='word_1_252' title='bbox 1809 1809 2072 1882; x_wconf 80' lang='grc' dir='ltr'><strong>Δυρϐαἶοι.</strong></span> <span class='ocrx_word' id='word_1_253' title='bbox 2097 1827 2162 1866; x_wconf 83' lang='lat' dir='ltr'><strong>ea:</strong></span> <span class='ocrx_word' id='word_1_254' title='bbox 2188 1810 2365 1866; x_wconf 83' lang='lat' dir='ltr'><strong>Ctesia</strong></span> <span class='ocrx_word' id='word_1_255' title='bbox 2410 1811 2742 1865; x_wconf 73' lang='lat' dir='ltr'><strong>Persicorum</strong></span> <span class='ocrx_word' id='word_1_256' title='bbox 2785 1807 2859 1864; x_wconf 81' lang='grc' dir='ltr'><strong>Χ.</strong></span> 
     </span>
    </p>
   </div>
   <div class='ocr_carea' id='block_1_22' title="bbox 409 1901 3608 1978">
    <p class='ocr_par' dir='ltr' id='par_1_22' title="bbox 409 1901 3608 1978">
     <span class='ocr_line' id='line_1_22' title="bbox 409 1901 3608 1978; baseline 0.001 -20"><span class='ocrx_word' id='word_1_257' title='bbox 409 1901 574 1978; x_wconf 67' lang='lat' dir='ltr'><strong>Begio</strong></span> <span class='ocrx_word' id='word_1_258' title='bbox 598 1904 753 1973; x_wconf 82' lang='lat' dir='ltr'><strong>juxta</strong></span> <span class='ocrx_word' id='word_1_259' title='bbox 782 1917 903 1958; x_wconf 90' lang='lat' dir='ltr'><strong>eum</strong></span> <span class='ocrx_word' id='word_1_260' title='bbox 932 1903 1527 1978; x_wconf 61' lang='lat' dir='ltr'><strong>ailjacetDyrbzeoriirn,</strong></span> <span class='ocrx_word' id='word_1_261' title='bbox 1549 1906 1704 1958; x_wconf 86' lang='lat' dir='ltr'><strong>heata</strong></span> <span class='ocrx_word' id='word_1_262' title='bbox 1727 1906 1885 1975; x_wconf 83' lang='lat' dir='ltr'><strong>plane</strong></span> <span class='ocrx_word' id='word_1_263' title='bbox 1908 1922 2062 1978; x_wconf 83' lang='lat' dir='ltr'><strong>gens,</strong></span> <span class='ocrx_word' id='word_1_264' title='bbox 2095 1910 2246 1962; x_wconf 84' lang='lat' dir='ltr'><strong>dives</strong></span> <span class='ocrx_word' id='word_1_265' title='bbox 2270 1908 2592 1976; x_wconf 85' lang='lat' dir='ltr'><strong>atquejusta</strong></span> <span class='ocrx_word' id='word_1_266' title='bbox 2625 1923 2645 1971; x_wconf 92' lang='lat'><strong>;</strong></span> <span class='ocrx_word' id='word_1_267' title='bbox 2699 1921 2820 1978; x_wconf 88' lang='lat' dir='ltr'><strong>nam</strong></span> <span class='ocrx_word' id='word_1_268' title='bbox 2873 1920 3045 1974; x_wconf 90' lang='lat' dir='ltr'><strong>neque</strong></span> <span class='ocrx_word' id='word_1_269' title='bbox 3091 1905 3341 1972; x_wconf 80' lang='lat' dir='ltr'><strong>iniuriam</strong></span> <span class='ocrx_word' id='word_1_270' title='bbox 3371 1906 3608 1977; x_wconf 85' lang='lat' dir='ltr'><strong>cuipiam</strong></span> 
     </span>
    </p>
   </div>
   <div class='ocr_carea' id='block_1_23' title="bbox 341 1973 3262 2046">
    <p class='ocr_par' dir='ltr' id='par_1_23' title="bbox 341 1973 3262 2046">
     <span class='ocr_line' id='line_1_23' title="bbox 341 1973 3262 2046; baseline 0 -17"><span class='ocrx_word' id='word_1_271' title='bbox 341 1976 596 2042; x_wconf 80' lang='lat' dir='ltr'><strong>tnl‘erunt,</strong></span> <span class='ocrx_word' id='word_1_272' title='bbox 630 1989 806 2044; x_wconf 80' lang='lat' dir='ltr'><strong>neque</strong></span> <span class='ocrx_word' id='word_1_273' title='bbox 833 1984 1082 2028; x_wconf 86' lang='lat' dir='ltr'><strong>mortem.</strong></span> <span class='ocrx_word' id='word_1_274' title='bbox 1115 1973 1267 2040; x_wconf 84' lang='lat' dir='ltr'><strong>Quod</strong></span> <span class='ocrx_word' id='word_1_275' title='bbox 1296 1975 1342 2028; x_wconf 87' lang='lat' dir='ltr'><strong>si</strong></span> <span class='ocrx_word' id='word_1_276' title='bbox 1377 1977 1518 2029; x_wconf 64' lang='lat' dir='ltr'><strong>l‘orte</strong></span> <span class='ocrx_word' id='word_1_277' title='bbox 1543 1991 1640 2043; x_wconf 84' lang='lat' dir='ltr'><strong>per</strong></span> <span class='ocrx_word' id='word_1_278' title='bbox 1674 1973 1814 2029; x_wconf 71' lang='lat' dir='ltr'><strong>viam</strong></span> <span class='ocrx_word' id='word_1_279' title='bbox 1847 1973 1940 2032; x_wconf 71' lang='lat' dir='ltr'><strong>aut</strong></span> <span class='ocrx_word' id='word_1_280' title='bbox 1967 1995 2158 2032; x_wconf 85' lang='lat' dir='ltr'><strong>aurum</strong></span> <span class='ocrx_word' id='word_1_281' title='bbox 2194 1973 2520 2038; x_wconf 78' lang='lat' dir='ltr'><strong>invenerint,</strong></span> <span class='ocrx_word' id='word_1_282' title='bbox 2557 1987 2651 2030; x_wconf 90' lang='lat' dir='ltr'><strong>ant</strong></span> <span class='ocrx_word' id='word_1_283' title='bbox 2676 1977 2820 2030; x_wconf 86' lang='lat' dir='ltr'><strong>aliud</strong></span> <span class='ocrx_word' id='word_1_284' title='bbox 2847 1979 3262 2046; x_wconf 87' lang='lat' dir='ltr'><strong>quidquatn.....</strong></span> 
     </span>
    </p>
   </div>
   <div class='ocr_carea' id='block_1_24' title="bbox 1547 2090 2365 2159">
    <p class='ocr_par' dir='ltr' id='par_1_24' title="bbox 1547 2090 2365 2159">
     <span class='ocr_line' id='line_1_24' title="bbox 1547 2090 2365 2159; baseline 0.005 -19"><span class='ocrx_word' id='word_1_285' title='bbox 1547 2090 1831 2144; x_wconf 79' lang='lat' dir='ltr'><strong>Athemeus</strong></span> <span class='ocrx_word' id='word_1_286' title='bbox 1863 2090 2259 2159; x_wconf 78' lang='lat' dir='ltr'><strong>Dipnosophisr.</strong></span> <span class='ocrx_word' id='word_1_287' title='bbox 2292 2090 2365 2144; x_wconf 87' lang='lat' dir='ltr'><strong>X.</strong></span> 
     </span>
    </p>
   </div>
   <div class='ocr_carea' id='block_1_25' title="bbox 411 2182 3617 2258">
    <p class='ocr_par' dir='ltr' id='par_1_25' title="bbox 411 2182 3617 2258">
     <span class='ocr_line' id='line_1_25' title="bbox 411 2182 3617 2258; baseline 0 -21"><span class='ocrx_word' id='word_1_288' title='bbox 411 2184 675 2254; x_wconf 82' lang='lat' dir='ltr'><strong>Amyntas</strong></span> <span class='ocrx_word' id='word_1_289' title='bbox 701 2197 913 2258; x_wconf 79' lang='lat' dir='ltr'><strong>quoque</strong></span> <span class='ocrx_word' id='word_1_290' title='bbox 945 2183 996 2258; x_wconf 85' lang='lat' dir='ltr'><strong>in</strong></span> <span class='ocrx_word' id='word_1_291' title='bbox 1022 2183 1159 2258; x_wconf 85' lang='lat' dir='ltr'><strong>libro</strong></span> <span class='ocrx_word' id='word_1_292' title='bbox 1183 2183 1275 2258; x_wconf 85' lang='lat' dir='ltr'><strong>qui</strong></span> <span class='ocrx_word' id='word_1_293' title='bbox 1307 2184 1512 2258; x_wconf 54' lang='lat' dir='ltr'><strong>saepe</strong></span> <span class='ocrx_word' id='word_1_294' title='bbox 1544 2187 1886 2252; x_wconf 87' lang='lat' dir='ltr'><strong>inscribitur,</strong></span> <span class='ocrx_word' id='word_1_295' title='bbox 1924 2187 2265 2257; x_wconf 87' lang='lat' dir='ltr'><strong>Tapyrorum</strong></span> <span class='ocrx_word' id='word_1_296' title='bbox 2302 2196 2520 2258; x_wconf 81' lang='lat' dir='ltr'><strong>gentem</strong></span> <span class='ocrx_word' id='word_1_297' title='bbox 2549 2187 2620 2242; x_wconf 88' lang='lat' dir='ltr'><strong>ita</strong></span> <span class='ocrx_word' id='word_1_298' title='bbox 2655 2187 2777 2240; x_wconf 83' lang='lat' dir='ltr'><strong>vino</strong></span> <span class='ocrx_word' id='word_1_299' title='bbox 2825 2186 3077 2241; x_wconf 86' lang='lat' dir='ltr'><strong>deditam</strong></span> <span class='ocrx_word' id='word_1_300' title='bbox 3097 2199 3219 2241; x_wconf 86' lang='lat' dir='ltr'><strong>esse</strong></span> <span class='ocrx_word' id='word_1_301' title='bbox 3261 2182 3512 2258; x_wconf 74' lang='lat' dir='ltr'><strong>tradidit,</strong></span> <span class='ocrx_word' id='word_1_302' title='bbox 3552 2191 3617 2238; x_wconf 81' lang='lat' dir='ltr'><strong>ut</strong></span> 
     </span>
    </p>
   </div>
   <div class='ocr_carea' id='block_1_26' title="bbox 343 2253 3607 2324">
    <p class='ocr_par' dir='ltr' id='par_1_26' title="bbox 343 2253 3607 2324">
     <span class='ocr_line' id='line_1_26' title="bbox 343 2253 3607 2324; baseline 0 -17"><span class='ocrx_word' id='word_1_303' title='bbox 343 2274 408 2309; x_wconf 88' lang='lat' dir='ltr'><strong>ne</strong></span> <span class='ocrx_word' id='word_1_304' title='bbox 437 2253 878 2324; x_wconf 35' lang='lat' dir='ltr'><strong>:ul’uugueudmn</strong></span> <span class='ocrx_word' id='word_1_305' title='bbox 909 2255 1127 2322; x_wconf 90' lang='lat' dir='ltr'><strong>quidem</strong></span> <span class='ocrx_word' id='word_1_306' title='bbox 1160 2256 1264 2307; x_wconf 86' lang='lat' dir='ltr'><strong>alia</strong></span> <span class='ocrx_word' id='word_1_307' title='bbox 1293 2270 1351 2308; x_wconf 91' lang='lat' dir='ltr'><strong>re</strong></span> <span class='ocrx_word' id='word_1_308' title='bbox 1378 2255 1481 2306; x_wconf 91' lang='lat' dir='ltr'><strong>ulla</strong></span> <span class='ocrx_word' id='word_1_309' title='bbox 1511 2270 1672 2324; x_wconf 87' lang='lat' dir='ltr'><strong>quam</strong></span> <span class='ocrx_word' id='word_1_310' title='bbox 1713 2258 1839 2310; x_wconf 91' lang='lat' dir='ltr'><strong>vino</strong></span> <span class='ocrx_word' id='word_1_311' title='bbox 1877 2253 2081 2312; x_wconf 80' lang='lat' dir='ltr'><strong>utatur.</strong></span> <span class='ocrx_word' id='word_1_312' title='bbox 2119 2253 2327 2311; x_wconf 67' lang='lat' dir='ltr'><strong>Eadeuf</strong></span> <span class='ocrx_word' id='word_1_313' title='bbox 2352 2269 2538 2312; x_wconf 89' lang='lat' dir='ltr'><strong>autem</strong></span> <span class='ocrx_word' id='word_1_314' title='bbox 2581 2267 2638 2313; x_wconf 91' lang='lat' dir='ltr'><strong>et</strong></span> <span class='ocrx_word' id='word_1_315' title='bbox 2670 2258 2880 2312; x_wconf 81' lang='lat' dir='ltr'><strong>Ctesias</strong></span> <span class='ocrx_word' id='word_1_316' title='bbox 2915 2267 3314 2312; x_wconf 87' lang='lat' dir='ltr'><strong>commemorat</strong></span> <span class='ocrx_word' id='word_1_317' title='bbox 3341 2257 3394 2310; x_wconf 89' lang='lat' dir='ltr'><strong>in</strong></span> <span class='ocrx_word' id='word_1_318' title='bbox 3433 2255 3607 2318; x_wconf 89' lang='lat' dir='ltr'><strong>libro,</strong></span> 
     </span>
    </p>
   </div>
   <div class='ocr_carea' id='block_1_27' title="bbox 343 2323 2516 2394">
    <p class='ocr_par' dir='ltr' id='par_1_27' title="bbox 343 2323 2516 2394">
     <span class='ocr_line' id='line_1_27' title="bbox 343 2323 2516 2394; baseline 0.003 -18"><span class='ocrx_word' id='word_1_319' title='bbox 343 2339 499 2394; x_wconf 87' lang='lat' dir='ltr'><strong>quem</strong></span> <span class='ocrx_word' id='word_1_320' title='bbox 532 2327 598 2377; x_wconf 90' lang='lat' dir='ltr'><strong>de</strong></span> <span class='ocrx_word' id='word_1_321' title='bbox 621 2323 876 2377; x_wconf 83' lang='lat' dir='ltr'><strong>Asiaticis</strong></span> <span class='ocrx_word' id='word_1_322' title='bbox 900 2324 1120 2378; x_wconf 89' lang='lat' dir='ltr'><strong>tributis</strong></span> <span class='ocrx_word' id='word_1_323' title='bbox 1150 2326 1373 2394; x_wconf 86' lang='lat' dir='ltr'><strong>scripsit</strong></span> <span class='ocrx_word' id='word_1_324' title='bbox 1401 2341 1416 2378; x_wconf 92' lang='lat'><strong>:</strong></span> <span class='ocrx_word' id='word_1_325' title='bbox 1451 2323 1544 2394; x_wconf 86' lang='lat' dir='ltr'><strong>qui</strong></span> <span class='ocrx_word' id='word_1_326' title='bbox 1574 2335 1629 2379; x_wconf 88' lang='lat' dir='ltr'><strong>et</strong></span> <span class='ocrx_word' id='word_1_327' title='bbox 1653 2325 1992 2394; x_wconf 91' lang='lat' dir='ltr'><strong>justissimos</strong></span> <span class='ocrx_word' id='word_1_328' title='bbox 2017 2341 2140 2382; x_wconf 87' lang='lat' dir='ltr'><strong>esse</strong></span> <span class='ocrx_word' id='word_1_329' title='bbox 2173 2328 2296 2381; x_wconf 90' lang='lat' dir='ltr'><strong>illos</strong></span> <span class='ocrx_word' id='word_1_330' title='bbox 2326 2329 2516 2383; x_wconf 82' lang='lat' dir='ltr'><strong>tradit.</strong></span> 
     </span>
    </p>
   </div>
   <div class='ocr_carea' id='block_1_28' title="bbox 1432 2443 2381 2514">
    <p class='ocr_par' dir='ltr' id='par_1_28' title="bbox 1432 2443 2381 2514">
     <span class='ocr_line' id='line_1_28' title="bbox 1432 2443 2381 2514; baseline 0.004 -15"><span class='ocrx_word' id='word_1_331' title='bbox 1432 2443 1753 2514; x_wconf 79' lang='lat' dir='ltr'><strong>Apollonius</strong></span> <span class='ocrx_word' id='word_1_332' title='bbox 1789 2443 2002 2500; x_wconf 82' lang='lat' dir='ltr'><strong>Hister.</strong></span> <span class='ocrx_word' id='word_1_333' title='bbox 2032 2447 2225 2500; x_wconf 87' lang='lat' dir='ltr'><strong>mirab.</strong></span> <span class='ocrx_word' id='word_1_334' title='bbox 2253 2445 2381 2503; x_wconf 74' lang='lat' dir='ltr'><strong>XX.</strong></span> 
     </span>
    </p>
   </div>
   <div class='ocr_carea' id='block_1_29' title="bbox 411 2535 3612 2612">
    <p class='ocr_par' dir='ltr' id='par_1_29' title="bbox 411 2535 3612 2612">
     <span class='ocr_line' id='line_1_29' title="bbox 411 2535 3612 2612; baseline -0.002 -18"><span class='ocrx_word' id='word_1_335' title='bbox 411 2539 621 2595; x_wconf 84' lang='lat' dir='ltr'><strong>Ctesias</strong></span> <span class='ocrx_word' id='word_1_336' title='bbox 651 2539 790 2592; x_wconf 91' lang='lat' dir='ltr'><strong>libro</strong></span> <span class='ocrx_word' id='word_1_337' title='bbox 831 2552 1010 2612; x_wconf 77' lang='lat' dir='ltr'><strong>rerum</strong></span> <span class='ocrx_word' id='word_1_338' title='bbox 1044 2538 1386 2612; x_wconf 79' lang='lat' dir='ltr'><strong>Persicarum</strong></span> <span class='ocrx_word' id='word_1_339' title='bbox 1428 2540 1664 2603; x_wconf 85' lang='lat' dir='ltr'><strong>decimo,</strong></span> <span class='ocrx_word' id='word_1_340' title='bbox 1695 2541 1938 2596; x_wconf 86' lang='lat' dir='ltr'><strong>camelos</strong></span> <span class='ocrx_word' id='word_1_341' title='bbox 1977 2557 2099 2596; x_wconf 91' lang='lat' dir='ltr'><strong>esse</strong></span> <span class='ocrx_word' id='word_1_342' title='bbox 2136 2544 2186 2596; x_wconf 93' lang='lat' dir='ltr'><strong>in</strong></span> <span class='ocrx_word' id='word_1_343' title='bbox 2219 2557 2280 2596; x_wconf 87' lang='lat' dir='ltr'><strong>ea</strong></span> <span class='ocrx_word' id='word_1_344' title='bbox 2315 2543 2537 2612; x_wconf 78' lang='lat' dir='ltr'><strong>regione</strong></span> <span class='ocrx_word' id='word_1_345' title='bbox 2571 2543 2771 2612; x_wconf 85' lang='lat' dir='ltr'><strong>prodit,</strong></span> <span class='ocrx_word' id='word_1_346' title='bbox 2801 2556 3032 2610; x_wconf 87' lang='lat' dir='ltr'><strong>quarum</strong></span> <span class='ocrx_word' id='word_1_347' title='bbox 3067 2540 3161 2611; x_wconf 91' lang='lat' dir='ltr'><strong>pili</strong></span> <span class='ocrx_word' id='word_1_348' title='bbox 3192 2537 3423 2594; x_wconf 88' lang='lat' dir='ltr'><strong>mollitie</strong></span> <span class='ocrx_word' id='word_1_349' title='bbox 3453 2535 3612 2590; x_wconf 84' lang='lat' dir='ltr'><strong>lanas</strong></span> 
     </span>
    </p>
   </div>
   <div class='ocr_carea' id='block_1_30' title="bbox 345 2610 2833 2683">
    <p class='ocr_par' dir='ltr' id='par_1_30' title="bbox 345 2610 2833 2683">
     <span class='ocr_line' id='line_1_30' title="bbox 345 2610 2833 2683; baseline 0 -18"><span class='ocrx_word' id='word_1_350' title='bbox 345 2611 578 2665; x_wconf 78' lang='lat' dir='ltr'><strong>Milesias</strong></span> <span class='ocrx_word' id='word_1_351' title='bbox 597 2619 838 2680; x_wconf 77' lang='lat' dir='ltr'><strong>aequant.</strong></span> <span class='ocrx_word' id='word_1_352' title='bbox 863 2610 1299 2678; x_wconf 75' lang='lat' dir='ltr'><strong>Sacerdotesque</strong></span> <span class='ocrx_word' id='word_1_353' title='bbox 1328 2620 1384 2664; x_wconf 89' lang='lat' dir='ltr'><strong>et</strong></span> <span class='ocrx_word' id='word_1_354' title='bbox 1411 2612 1550 2665; x_wconf 88' lang='lat' dir='ltr'><strong>alios</strong></span> <span class='ocrx_word' id='word_1_355' title='bbox 1575 2626 1830 2679; x_wconf 82' lang='lat' dir='ltr'><strong>proceres</strong></span> <span class='ocrx_word' id='word_1_356' title='bbox 1865 2623 2046 2666; x_wconf 84' lang='lat' dir='ltr'><strong>vestes</strong></span> <span class='ocrx_word' id='word_1_357' title='bbox 2067 2627 2132 2666; x_wconf 81' lang='lat' dir='ltr'><strong>ex</strong></span> <span class='ocrx_word' id='word_1_358' title='bbox 2173 2614 2238 2668; x_wconf 91' lang='lat' dir='ltr'><strong>iis</strong></span> <span class='ocrx_word' id='word_1_359' title='bbox 2263 2610 2548 2668; x_wconf 81' lang='lat' dir='ltr'><strong>confectas</strong></span> <span class='ocrx_word' id='word_1_360' title='bbox 2573 2610 2833 2683; x_wconf 43' lang='lat' dir='ltr'><strong>‘gestarc.</strong></span> 
     </span>
    </p>
   </div>
   <div class='ocr_carea' id='block_1_31' title="bbox 1656 2725 2218 2798">
    <p class='ocr_par' dir='ltr' id='par_1_31' title="bbox 1656 2725 2218 2798">
     <span class='ocr_line' id='line_1_31' title="bbox 1656 2725 2218 2798; baseline 0.014 -20"><span class='ocrx_word' id='word_1_361' title='bbox 1656 2725 1745 2791; x_wconf 59' lang='lat' dir='ltr'><strong>Ea:</strong></span> <span class='ocrx_word' id='word_1_362' title='bbox 1770 2726 1949 2795; x_wconf 83' lang='lat' dir='ltr'><strong>Steph.</strong></span> <span class='ocrx_word' id='word_1_363' title='bbox 1989 2727 2218 2798; x_wconf 70' lang='lat' dir='ltr'><strong>Byzant.</strong></span> 
     </span>
    </p>
   </div>
   <div class='ocr_carea' id='block_1_32' title="bbox 420 2815 3619 2893">
    <p class='ocr_par' dir='ltr' id='par_1_32' title="bbox 420 2815 3619 2893">
     <span class='ocr_line' id='line_1_32' title="bbox 420 2815 3619 2893; baseline 0 -21"><span class='ocrx_word' id='word_1_364' title='bbox 420 2815 789 2893; x_wconf 68' lang='lat' dir='ltr'><strong>Choramnzei,</strong></span> <span class='ocrx_word' id='word_1_365' title='bbox 815 2815 1033 2893; x_wconf 80' lang='lat' dir='ltr'><strong>Persica</strong></span> <span class='ocrx_word' id='word_1_366' title='bbox 1069 2817 1364 2886; x_wconf 79' lang='lat' dir='ltr'><strong>agrestium</strong></span> <span class='ocrx_word' id='word_1_367' title='bbox 1396 2817 1683 2893; x_wconf 84' lang='lat' dir='ltr'><strong>hominum</strong></span> <span class='ocrx_word' id='word_1_368' title='bbox 1703 2819 1866 2874; x_wconf 88' lang='lat' dir='ltr'><strong>natio.</strong></span> <span class='ocrx_word' id='word_1_369' title='bbox 1907 2819 2503 2893; x_wconf 74' lang='lat' dir='ltr'><strong>(CtesiasPersir-orum</strong></span> <span class='ocrx_word' id='word_1_370' title='bbox 2531 2821 2622 2893; x_wconf 81' lang='grc' dir='ltr'><strong>Χ).</strong></span> <span class='ocrx_word' id='word_1_371' title='bbox 2658 2821 2831 2876; x_wconf 88' lang='lat' dir='ltr'><strong>Tanta</strong></span> <span class='ocrx_word' id='word_1_372' title='bbox 2862 2836 2991 2893; x_wconf 88' lang='lat' dir='ltr'><strong>vero</strong></span> <span class='ocrx_word' id='word_1_373' title='bbox 3013 2819 3296 2875; x_wconf 84' lang='lat' dir='ltr'><strong>celeritate</strong></span> <span class='ocrx_word' id='word_1_374' title='bbox 3323 2827 3409 2876; x_wconf 88' lang='lat' dir='ltr'><strong>est</strong></span> <span class='ocrx_word' id='word_1_375' title='bbox 3445 2833 3619 2891; x_wconf 78' lang='lat' dir='ltr'><strong>genus</strong></span> 
     </span>
    </p>
   </div>
   <div class='ocr_carea' id='block_1_33' title="bbox 354 2887 3152 2962">
    <p class='ocr_par' dir='ltr' id='par_1_33' title="bbox 354 2887 3152 2962">
     <span class='ocr_line' id='line_1_33' title="bbox 354 2887 3152 2962; baseline 0 -18"><span class='ocrx_word' id='word_1_376' title='bbox 354 2890 484 2945; x_wconf 89' lang='lat' dir='ltr'><strong>illud</strong></span> <span class='ocrx_word' id='word_1_377' title='bbox 523 2889 802 2941; x_wconf 84' lang='lat' dir='ltr'><strong>hominum</strong></span> <span class='ocrx_word' id='word_1_378' title='bbox 835 2887 1156 2956; x_wconf 78' lang='lat' dir='ltr'><strong>agrestium,</strong></span> <span class='ocrx_word' id='word_1_379' title='bbox 1188 2897 1245 2941; x_wconf 95' lang='lat' dir='ltr'><strong>ut</strong></span> <span class='ocrx_word' id='word_1_380' title='bbox 1272 2903 1464 2942; x_wconf 86' lang='lat' dir='ltr'><strong>cervos</strong></span> <span class='ocrx_word' id='word_1_381' title='bbox 1497 2893 1640 2957; x_wconf 91' lang='lat' dir='ltr'><strong>ipsos</strong></span> <span class='ocrx_word' id='word_1_382' title='bbox 1670 2887 2010 2956; x_wconf 83' lang='lat' dir='ltr'><strong>insequendo</strong></span> <span class='ocrx_word' id='word_1_383' title='bbox 2043 2892 2260 2958; x_wconf 87' lang='lat' dir='ltr'><strong>capiat;</strong></span> <span class='ocrx_word' id='word_1_384' title='bbox 2297 2893 2511 2962; x_wconf 87' lang='lat' dir='ltr'><strong>aliaque</strong></span> <span class='ocrx_word' id='word_1_385' title='bbox 2534 2887 2699 2946; x_wconf 82' lang='lat' dir='ltr'><strong>multa</strong></span> <span class='ocrx_word' id='word_1_386' title='bbox 2729 2894 2795 2947; x_wconf 92' lang='lat' dir='ltr'><strong>de</strong></span> <span class='ocrx_word' id='word_1_387' title='bbox 2823 2892 2907 2946; x_wconf 90' lang='lat' dir='ltr'><strong>bis</strong></span> <span class='ocrx_word' id='word_1_388' title='bbox 2945 2904 3152 2946; x_wconf 87' lang='lat' dir='ltr'><strong>narrat.</strong></span> 
     </span>
    </p>
   </div>
   <div class='ocr_carea' id='block_1_34' title="bbox 1303 3007 2478 3078">
    <p class='ocr_par' dir='ltr' id='par_1_34' title="bbox 1303 3007 2478 3078">
     <span class='ocr_line' id='line_1_34' title="bbox 1303 3007 2478 3078; baseline 0.002 -16"><span class='ocrx_word' id='word_1_389' title='bbox 1303 3007 1458 3076; x_wconf 85' lang='lat' dir='ltr'><strong>Apud</strong></span> <span class='ocrx_word' id='word_1_390' title='bbox 1484 3009 1820 3072; x_wconf 74' lang='lat' dir='ltr'><strong>Athenwum,</strong></span> <span class='ocrx_word' id='word_1_391' title='bbox 1841 3007 2241 3078; x_wconf 82' lang='lat' dir='ltr'><strong>Dipuosophist.</strong></span> <span class='ocrx_word' id='word_1_392' title='bbox 2270 3010 2365 3066; x_wconf 86' lang='lat' dir='ltr'><strong>lib.</strong></span> <span class='ocrx_word' id='word_1_393' title='bbox 2392 3009 2478 3064; x_wconf 90' lang='lat' dir='ltr'><strong><em>II.</em></strong></span> 
     </span>
    </p>
   </div>
   <div class='ocr_carea' id='block_1_35' title="bbox 429 3101 3620 3174">
    <p class='ocr_par' dir='ltr' id='par_1_35' title="bbox 429 3101 3620 3174">
     <span class='ocr_line' id='line_1_35' title="bbox 429 3101 3620 3174; baseline -0.001 -17"><span class='ocrx_word' id='word_1_394' title='bbox 429 3102 542 3158; x_wconf 77' lang='lat' dir='ltr'><strong>Rex</strong></span> <span class='ocrx_word' id='word_1_395' title='bbox 575 3101 886 3174; x_wconf 76' lang='lat' dir='ltr'><strong>Persarum,</strong></span> <span class='ocrx_word' id='word_1_396' title='bbox 939 3114 998 3157; x_wconf 92' lang='lat' dir='ltr'><strong>ut</strong></span> <span class='ocrx_word' id='word_1_397' title='bbox 1021 3102 1212 3158; x_wconf 88' lang='lat' dir='ltr'><strong>scribit</strong></span> <span class='ocrx_word' id='word_1_398' title='bbox 1239 3102 1377 3157; x_wconf 90' lang='lat' dir='ltr'><strong>libro</strong></span> <span class='ocrx_word' id='word_1_399' title='bbox 1409 3101 1428 3155; x_wconf 87' lang='grc' dir='ltr'><strong>ι</strong></span> <span class='ocrx_word' id='word_1_400' title='bbox 1462 3103 1794 3174; x_wconf 75' lang='lat' dir='ltr'><strong>Herodotus.</strong></span> <span class='ocrx_word' id='word_1_401' title='bbox 1827 3119 2022 3173; x_wconf 90' lang='lat' dir='ltr'><strong>aquam</strong></span> <span class='ocrx_word' id='word_1_402' title='bbox 2057 3105 2110 3158; x_wconf 93' lang='lat' dir='ltr'><strong>in</strong></span> <span class='ocrx_word' id='word_1_403' title='bbox 2140 3116 2322 3174; x_wconf 89' lang='lat' dir='ltr'><strong>potum</strong></span> <span class='ocrx_word' id='word_1_404' title='bbox 2364 3121 2520 3161; x_wconf 90' lang='lat' dir='ltr'><strong>suum</strong></span> <span class='ocrx_word' id='word_1_405' title='bbox 2554 3121 2736 3161; x_wconf 88' lang='lat' dir='ltr'><strong>secum</strong></span> <span class='ocrx_word' id='word_1_406' title='bbox 2762 3107 2912 3162; x_wconf 86' lang='lat' dir='ltr'><strong>vehit</strong></span> <span class='ocrx_word' id='word_1_407' title='bbox 2947 3120 2976 3158; x_wconf 90' lang='lat' dir='ltr'><strong>a</strong></span> <span class='ocrx_word' id='word_1_408' title='bbox 3013 3104 3246 3174; x_wconf 85' lang='lat' dir='ltr'><strong>Choaspi</strong></span> <span class='ocrx_word' id='word_1_409' title='bbox 3283 3102 3448 3158; x_wconf 90' lang='lat' dir='ltr'><strong>ﬂuvio</strong></span> <span class='ocrx_word' id='word_1_410' title='bbox 3471 3146 3486 3172; x_wconf 93' lang='lat'><strong>,</strong></span> <span class='ocrx_word' id='word_1_411' title='bbox 3527 3105 3620 3172; x_wconf 88' lang='lat' dir='ltr'><strong>qui</strong></span> 
     </span>
    </p>
   </div>
   <div class='ocr_carea' id='block_1_36' title="bbox 351 3172 3626 3246">
    <p class='ocr_par' dir='ltr' id='par_1_36' title="bbox 351 3172 3626 3246">
     <span class='ocr_line' id='line_1_36' title="bbox 351 3172 3626 3246; baseline 0 -20"><span class='ocrx_word' id='word_1_412' title='bbox 351 3174 490 3246; x_wconf 84' lang='lat' dir='ltr'><strong>Susa</strong></span> <span class='ocrx_word' id='word_1_413' title='bbox 521 3172 803 3242; x_wconf 90' lang='lat' dir='ltr'><strong>superﬂuit</strong></span> <span class='ocrx_word' id='word_1_414' title='bbox 831 3191 844 3226; x_wconf 91' lang='lat'>:</span> <span class='ocrx_word' id='word_1_415' title='bbox 877 3184 1039 3244; x_wconf 88' lang='lat' dir='ltr'><strong>atque</strong></span> <span class='ocrx_word' id='word_1_416' title='bbox 1067 3188 1133 3227; x_wconf 77' lang='lat' dir='ltr'><strong>ex</strong></span> <span class='ocrx_word' id='word_1_417' title='bbox 1167 3175 1268 3228; x_wconf 91' lang='lat' dir='ltr'><strong>hoc</strong></span> <span class='ocrx_word' id='word_1_418' title='bbox 1311 3175 1428 3227; x_wconf 88' lang='lat' dir='ltr'><strong>solo</strong></span> <span class='ocrx_word' id='word_1_419' title='bbox 1456 3173 1613 3246; x_wconf 72' lang='lat' dir='ltr'><strong>bibit.</strong></span> <span class='ocrx_word' id='word_1_420' title='bbox 1655 3172 1827 3244; x_wconf 86' lang='lat' dir='ltr'><strong>llujus</strong></span> <span class='ocrx_word' id='word_1_421' title='bbox 1855 3172 2034 3229; x_wconf 78' lang='lat' dir='ltr'><strong>autem</strong></span> <span class='ocrx_word' id='word_1_422' title='bbox 2084 3172 2240 3246; x_wconf 74' lang='lat' dir='ltr'><strong>aqua:</strong></span> <span class='ocrx_word' id='word_1_423' title='bbox 2279 3179 2518 3231; x_wconf 70' lang='lat' dir='ltr'><strong>decocta:</strong></span> <span class='ocrx_word' id='word_1_424' title='bbox 2545 3178 2697 3244; x_wconf 87' lang='lat' dir='ltr'><strong>plena</strong></span> <span class='ocrx_word' id='word_1_425' title='bbox 2732 3192 2857 3231; x_wconf 87' lang='lat' dir='ltr'><strong>vasa</strong></span> <span class='ocrx_word' id='word_1_426' title='bbox 2890 3185 3143 3245; x_wconf 81' lang='lat' dir='ltr'><strong>argentea</strong></span> <span class='ocrx_word' id='word_1_427' title='bbox 3187 3172 3464 3242; x_wconf 85' lang='lat' dir='ltr'><strong>portantes</strong></span> <span class='ocrx_word' id='word_1_428' title='bbox 3504 3176 3626 3243; x_wconf 88' lang='lat' dir='ltr'><strong>plu-</strong></span> 
     </span>
    </p>
   </div>
   <div class='ocr_carea' id='block_1_37' title="bbox 351 3243 3628 3316">
    <p class='ocr_par' dir='ltr' id='par_1_37' title="bbox 351 3243 3628 3316">
     <span class='ocr_line' id='line_1_37' title="bbox 351 3243 3628 3316; baseline -0.001 -18"><span class='ocrx_word' id='word_1_429' title='bbox 351 3244 474 3316; x_wconf 82' lang='lat' dir='ltr'><strong>rimi</strong></span> <span class='ocrx_word' id='word_1_430' title='bbox 495 3253 980 3316; x_wconf 28' lang='lat' dir='ltr'><strong>currus,‘rotar_um</strong></span> <span class='ocrx_word' id='word_1_431' title='bbox 1007 3253 1239 3316; x_wconf 80' lang='lat' dir='ltr'><strong>quatuor</strong></span> <span class='ocrx_word' id='word_1_432' title='bbox 1259 3257 1447 3316; x_wconf 20' lang='lat' dir='ltr'><strong>,ﬂquos</strong></span> <span class='ocrx_word' id='word_1_433' title='bbox 1479 3243 1605 3296; x_wconf 92' lang='lat' dir='ltr'><strong>muli</strong></span> <span class='ocrx_word' id='word_1_434' title='bbox 1641 3243 1886 3310; x_wconf 84' lang='lat' dir='ltr'><strong>trahunt,</strong></span> <span class='ocrx_word' id='word_1_435' title='bbox 1923 3246 2096 3314; x_wconf 90' lang='lat' dir='ltr'><strong>ipsum</strong></span> <span class='ocrx_word' id='word_1_436' title='bbox 2135 3243 2456 3316; x_wconf 77' lang='lat' dir='ltr'><strong>sequuntur.</strong></span> <span class='ocrx_word' id='word_1_437' title='bbox 2481 3243 2557 3298; x_wconf 84' lang='lat' dir='ltr'><strong>At</strong></span> <span class='ocrx_word' id='word_1_438' title='bbox 2580 3247 2790 3300; x_wconf 83' lang='lat' dir='ltr'><strong>Ctesias</strong></span> <span class='ocrx_word' id='word_1_439' title='bbox 2815 3243 3048 3316; x_wconf 87' lang='lat' dir='ltr'><strong>Cnidius</strong></span> <span class='ocrx_word' id='word_1_440' title='bbox 3091 3255 3279 3298; x_wconf 87' lang='lat' dir='ltr'><strong>narrat</strong></span> <span class='ocrx_word' id='word_1_441' title='bbox 3298 3247 3460 3298; x_wconf 89' lang='lat' dir='ltr'><strong>etiam</strong></span> <span class='ocrx_word' id='word_1_442' title='bbox 3486 3259 3628 3314; x_wconf 86' lang='lat' dir='ltr'><strong>quo-</strong></span> 
     </span>
    </p>
   </div>
   <div class='ocr_carea' id='block_1_38' title="bbox 355 3312 3626 3389">
    <p class='ocr_par' dir='ltr' id='par_1_38' title="bbox 355 3312 3626 3389">
     <span class='ocr_line' id='line_1_38' title="bbox 355 3312 3626 3389; baseline 0.001 -25"><span class='ocrx_word' id='word_1_443' title='bbox 355 3314 514 3389; x_wconf 71' lang='lat' dir='ltr'><strong>modo</strong></span> <span class='ocrx_word' id='word_1_444' title='bbox 548 3312 837 3389; x_wconf 36' lang='lat' dir='ltr'><strong>regia‘lnec</strong></span> <span class='ocrx_word' id='word_1_445' title='bbox 861 3312 1124 3382; x_wconf 88' lang='lat' dir='ltr'><strong>Choaspis</strong></span> <span class='ocrx_word' id='word_1_446' title='bbox 1165 3314 1308 3389; x_wconf 76' lang='lat' dir='ltr'><strong>ﬂuvii</strong></span> <span class='ocrx_word' id='word_1_447' title='bbox 1353 3327 1492 3381; x_wconf 90' lang='lat' dir='ltr'><strong>aqua</strong></span> <span class='ocrx_word' id='word_1_448' title='bbox 1540 3325 1826 3384; x_wconf 90' lang='lat' dir='ltr'><strong>coquatur,</strong></span> <span class='ocrx_word' id='word_1_449' title='bbox 1862 3323 1918 3369; x_wconf 88' lang='lat' dir='ltr'><strong>et</strong></span> <span class='ocrx_word' id='word_1_450' title='bbox 1938 3312 2386 3386; x_wconf 57' lang='lat' dir='ltr'><strong>quomodo&#39;vasis</strong></span> <span class='ocrx_word' id='word_1_451' title='bbox 2416 3318 2689 3389; x_wconf 78' lang='lat' dir='ltr'><strong>imposita,</strong></span> <span class='ocrx_word' id='word_1_452' title='bbox 2715 3326 2962 3389; x_wconf 83' lang='lat' dir='ltr'><strong>portetur</strong></span> <span class='ocrx_word' id='word_1_453' title='bbox 2987 3315 3054 3369; x_wconf 88' lang='lat' dir='ltr'><strong>ad</strong></span> <span class='ocrx_word' id='word_1_454' title='bbox 3099 3330 3324 3385; x_wconf 72' lang='lat' dir='ltr'><strong>regem;</strong></span> <span class='ocrx_word' id='word_1_455' title='bbox 3361 3312 3626 3386; x_wconf 88' lang='lat' dir='ltr'><strong>additque</strong></span> 
     </span>
    </p>
   </div>
   <div class='ocr_carea' id='block_1_39' title="bbox 349 3381 1608 3440">
    <p class='ocr_par' dir='ltr' id='par_1_39' title="bbox 349 3381 1608 3440">
     <span class='ocr_line' id='line_1_39' title="bbox 349 3381 1608 3440; baseline 0.005 -6"><span class='ocrx_word' id='word_1_456' title='bbox 349 3381 498 3436; x_wconf 69' lang='lat' dir='ltr'><strong>illam</strong></span> <span class='ocrx_word' id='word_1_457' title='bbox 527 3392 584 3437; x_wconf 89' lang='lat' dir='ltr'><strong>et</strong></span> <span class='ocrx_word' id='word_1_458' title='bbox 607 3382 942 3438; x_wconf 77' lang='lat' dir='ltr'><strong>leviSsimant</strong></span> <span class='ocrx_word' id='word_1_459' title='bbox 977 3394 1031 3440; x_wconf 89' lang='lat' dir='ltr'><strong>et</strong></span> <span class='ocrx_word' id='word_1_460' title='bbox 1048 3381 1436 3438; x_wconf 83' lang='lat' dir='ltr'><strong>suavissimam</strong></span> <span class='ocrx_word' id='word_1_461' title='bbox 1465 3397 1608 3440; x_wconf 87' lang='lat' dir='ltr'><strong>esse.</strong></span> 
     </span>
    </p>
   </div>
   <div class='ocr_carea' id='block_1_40' title="bbox 1524 3470 2478 3577">
    <p class='ocr_par' dir='ltr' id='par_1_40' title="bbox 1524 3470 2478 3577">
     <span class='ocr_line' id='line_1_40' title="bbox 1524 3470 2478 3577; baseline 0.004 -19"><span class='ocrx_word' id='word_1_462' title='bbox 1524 3505 1679 3573; x_wconf 79' lang='lat' dir='ltr'><strong>Apud</strong></span> <span class='ocrx_word' id='word_1_463' title='bbox 1709 3470 1975 3572; x_wconf 69' lang='lat' dir='ltr'><strong>eumdem,</strong></span> <span class='ocrx_word' id='word_1_464' title='bbox 2015 3506 2341 3577; x_wconf 81' lang='lat' dir='ltr'><strong>Dipnosoph.</strong></span> <span class='ocrx_word' id='word_1_465' title='bbox 2367 3508 2396 3561; x_wconf 87' lang='lat' dir='ltr'><strong>I</strong></span> <span class='ocrx_word' id='word_1_466' title='bbox 2417 3507 2478 3562; x_wconf 86' lang='lat' dir='ltr'><strong>V.</strong></span> 
     </span>
    </p>
   </div>
   <div class='ocr_carea' id='block_1_41' title="bbox 422 3590 3626 3673">
    <p class='ocr_par' dir='ltr' id='par_1_41' title="bbox 422 3590 3626 3673">
     <span class='ocr_line' id='line_1_41' title="bbox 422 3590 3626 3673; baseline 0 -26"><span class='ocrx_word' id='word_1_467' title='bbox 422 3590 536 3673; x_wconf 58' lang='lat' dir='ltr'><strong>Rex</strong></span> <span class='ocrx_word' id='word_1_468' title='bbox 561 3602 744 3673; x_wconf 75' lang='lat' dir='ltr'><strong>autem</strong></span> <span class='ocrx_word' id='word_1_469' title='bbox 769 3592 1060 3649; x_wconf 82' lang='lat' dir='ltr'><strong>Persarum</strong></span> <span class='ocrx_word' id='word_1_470' title='bbox 1097 3594 1180 3673; x_wconf 83' lang='lat' dir='ltr'><strong>(ut</strong></span> <span class='ocrx_word' id='word_1_471' title='bbox 1209 3594 1456 3673; x_wconf 76' lang='lat' dir='ltr'><strong>scribunt</strong></span> <span class='ocrx_word' id='word_1_472' title='bbox 1479 3594 1710 3673; x_wconf 84' lang='lat' dir='ltr'><strong>Ctesias,</strong></span> <span class='ocrx_word' id='word_1_473' title='bbox 1740 3607 1797 3652; x_wconf 90' lang='lat' dir='ltr'><strong>et</strong></span> <span class='ocrx_word' id='word_1_474' title='bbox 1829 3598 2002 3673; x_wconf 85' lang='lat' dir='ltr'><strong>Dinon</strong></span> <span class='ocrx_word' id='word_1_475' title='bbox 2038 3598 2090 3652; x_wconf 91' lang='lat' dir='ltr'><strong>in</strong></span> <span class='ocrx_word' id='word_1_476' title='bbox 2159 3598 2416 3671; x_wconf 82' lang='lat' dir='ltr'><strong>Persicis)</strong></span> <span class='ocrx_word' id='word_1_477' title='bbox 2460 3613 2587 3654; x_wconf 89' lang='lat' dir='ltr'><strong>cum</strong></span> <span class='ocrx_word' id='word_1_478' title='bbox 2619 3598 2860 3654; x_wconf 88' lang='lat' dir='ltr'><strong>virorum</strong></span> <span class='ocrx_word' id='word_1_479' title='bbox 2893 3597 3132 3653; x_wconf 86' lang='lat' dir='ltr'><strong>millibus</strong></span> <span class='ocrx_word' id='word_1_480' title='bbox 3157 3595 3468 3667; x_wconf 86' lang='lat' dir='ltr'><strong>quindecim</strong></span> <span class='ocrx_word' id='word_1_481' title='bbox 3503 3605 3626 3650; x_wconf 74' lang='lat' dir='ltr'><strong>cm-</strong></span> 
     </span>
    </p>
   </div>
   <div class='ocr_carea' id='block_1_42' title="bbox 357 3667 2058 3734">
    <p class='ocr_par' dir='ltr' id='par_1_42' title="bbox 357 3667 2058 3734">
     <span class='ocr_line' id='line_1_42' title="bbox 357 3667 2058 3734; baseline 0.003 -18"><span class='ocrx_word' id='word_1_482' title='bbox 357 3668 544 3728; x_wconf 82' lang='lat' dir='ltr'><strong>ttahat,</strong></span> <span class='ocrx_word' id='word_1_483' title='bbox 574 3671 630 3716; x_wconf 84' lang='lat' dir='ltr'><strong>et</strong></span> <span class='ocrx_word' id='word_1_484' title='bbox 659 3667 713 3717; x_wconf 92' lang='lat' dir='ltr'><strong>in</strong></span> <span class='ocrx_word' id='word_1_485' title='bbox 741 3678 952 3718; x_wconf 73' lang='grc' dir='ltr'>εωιιιιιιι</span> <span class='ocrx_word' id='word_1_486' title='bbox 982 3668 1342 3734; x_wconf 81' lang='lat' dir='ltr'><strong>quadraginta</strong></span> <span class='ocrx_word' id='word_1_487' title='bbox 1383 3667 1584 3722; x_wconf 86' lang='lat' dir='ltr'><strong>talenta</strong></span> <span class='ocrx_word' id='word_1_488' title='bbox 1620 3668 2058 3722; x_wconf 84' lang='lat' dir='ltr'><strong>insumebantnr.</strong></span> 
     </span>
    </p>
   </div>
   <div class='ocr_carea' id='block_1_43' title="bbox 1629 3783 2354 3852">
    <p class='ocr_par' dir='ltr' id='par_1_43' title="bbox 1629 3783 2354 3852">
     <span class='ocr_line' id='line_1_43' title="bbox 1629 3783 2354 3852; baseline 0.007 -17"><span class='ocrx_word' id='word_1_489' title='bbox 1629 3783 1786 3852; x_wconf 85' lang='lat' dir='ltr'><strong>Apud</strong></span> <span class='ocrx_word' id='word_1_490' title='bbox 1817 3785 2079 3850; x_wconf 85' lang='lat' dir='ltr'><strong>eumdem,</strong></span> <span class='ocrx_word' id='word_1_491' title='bbox 2117 3787 2250 3840; x_wconf 83' lang='lat' dir='ltr'><strong>libro</strong></span> <span class='ocrx_word' id='word_1_492' title='bbox 2268 3785 2354 3841; x_wconf 88' lang='lat' dir='ltr'><strong><em>II.</em></strong></span> 
     </span>
    </p>
   </div>
   <div class='ocr_carea' id='block_1_44' title="bbox 429 3867 3622 3950">
    <p class='ocr_par' dir='ltr' id='par_1_44' title="bbox 429 3867 3622 3950">
     <span class='ocr_line' id='line_1_44' title="bbox 429 3867 3622 3950; baseline 0.001 -26"><span class='ocrx_word' id='word_1_493' title='bbox 429 3867 649 3950; x_wconf 75' lang='lat' dir='ltr'><strong>Ctesias</strong></span> <span class='ocrx_word' id='word_1_494' title='bbox 668 3880 855 3950; x_wconf 75' lang='lat' dir='ltr'><strong>autem</strong></span> <span class='ocrx_word' id='word_1_495' title='bbox 877 3873 1225 3950; x_wconf 83' lang='lat' dir='ltr'><strong>Carmaniam</strong></span> <span class='ocrx_word' id='word_1_496' title='bbox 1253 3875 1429 3929; x_wconf 90' lang='lat' dir='ltr'><strong>oleum</strong></span> <span class='ocrx_word' id='word_1_497' title='bbox 1465 3875 1817 3950; x_wconf 82' lang='lat' dir='ltr'><strong>acanthinum</strong></span> <span class='ocrx_word' id='word_1_498' title='bbox 1851 3881 2171 3950; x_wconf 85' lang='lat' dir='ltr'><strong>producere,</strong></span> <span class='ocrx_word' id='word_1_499' title='bbox 2197 3889 2251 3933; x_wconf 89' lang='lat' dir='ltr'><strong>et</strong></span> <span class='ocrx_word' id='word_1_500' title='bbox 2281 3896 2346 3935; x_wconf 91' lang='lat' dir='ltr'><strong>eo</strong></span> <span class='ocrx_word' id='word_1_501' title='bbox 2380 3896 2560 3950; x_wconf 79' lang='lat' dir='ltr'><strong>regem</strong></span> <span class='ocrx_word' id='word_1_502' title='bbox 2592 3881 2693 3943; x_wconf 90' lang='lat' dir='ltr'><strong>uti,</strong></span> <span class='ocrx_word' id='word_1_503' title='bbox 2720 3880 2818 3934; x_wconf 90' lang='lat' dir='ltr'><strong>ait.</strong></span> <span class='ocrx_word' id='word_1_504' title='bbox 2854 3879 2954 3945; x_wconf 83' lang='lat' dir='ltr'><strong>Qui</strong></span> <span class='ocrx_word' id='word_1_505' title='bbox 2981 3881 3148 3931; x_wconf 87' lang='lat' dir='ltr'><strong>etiam</strong></span> <span class='ocrx_word' id='word_1_506' title='bbox 3187 3878 3240 3931; x_wconf 88' lang='lat' dir='ltr'><strong>in</strong></span> <span class='ocrx_word' id='word_1_507' title='bbox 3269 3876 3429 3942; x_wconf 89' lang='lat' dir='ltr'><strong>libro,</strong></span> <span class='ocrx_word' id='word_1_508' title='bbox 3451 3891 3622 3950; x_wconf 87' lang='lat' dir='ltr'><strong>quem</strong></span> 
     </span>
    </p>
   </div>
   <div class='ocr_carea' id='block_1_45' title="bbox 357 3938 3626 4020">
    <p class='ocr_par' dir='ltr' id='par_1_45' title="bbox 357 3938 3626 4020">
     <span class='ocr_line' id='line_1_45' title="bbox 357 3938 3626 4020; baseline -0.003 -14"><span class='ocrx_word' id='word_1_509' title='bbox 357 3938 435 3992; x_wconf 59' lang='lat' dir='ltr'><strong>De</strong></span> <span class='ocrx_word' id='word_1_510' title='bbox 474 3939 742 4020; x_wconf 43' lang='lat'><strong>{15501561}</strong></span> <span class='ocrx_word' id='word_1_511' title='bbox 764 3944 979 3998; x_wconf 75' lang='lat' dir='ltr'><strong>tribulis</strong></span> <span class='ocrx_word' id='word_1_512' title='bbox 1015 3946 1252 4020; x_wconf 69' lang='lat' dir='ltr'><strong>scripsit,</strong></span> <span class='ocrx_word' id='word_1_513' title='bbox 1283 3960 1454 3999; x_wconf 68' lang='lat' dir='ltr'><strong>ereum</strong></span> <span class='ocrx_word' id='word_1_514' title='bbox 1487 3947 1650 4020; x_wconf 64' lang='lat' dir='ltr'><strong>regia:</strong></span> <span class='ocrx_word' id='word_1_515' title='bbox 1689 3938 2008 4016; x_wconf 73' lang='lat' dir='ltr'><strong>apparatum</strong></span> <span class='ocrx_word' id='word_1_516' title='bbox 2049 3938 2396 4016; x_wconf 79' lang='lat' dir='ltr'><strong>describens,</strong></span> <span class='ocrx_word' id='word_1_517' title='bbox 2442 3938 2626 4020; x_wconf 55' lang='lat' dir='ltr'><strong>&#39;t&#39;ieque</strong></span> <span class='ocrx_word' id='word_1_518' title='bbox 2673 3938 2902 4020; x_wconf 55' lang='lat' dir='ltr'><strong>piperis:</strong></span> <span class='ocrx_word' id='word_1_519' title='bbox 2957 3965 3132 4019; x_wconf 87' lang='lat' dir='ltr'><strong>neque</strong></span> <span class='ocrx_word' id='word_1_520' title='bbox 3177 3951 3313 4002; x_wconf 82' lang='lat' dir='ltr'><strong>aceti</strong></span> <span class='ocrx_word' id='word_1_521' title='bbox 3352 3938 3626 4010; x_wconf 79' lang='lat' dir='ltr'><strong>tueminit,</strong></span> 
     </span>
    </p>
   </div>
   <div class='ocr_carea' id='block_1_46' title="bbox 359 4013 1684 4086">
    <p class='ocr_par' dir='ltr' id='par_1_46' title="bbox 359 4013 1684 4086">
     <span class='ocr_line' id='line_1_46' title="bbox 359 4013 1684 4086; baseline 0.007 -25"><span class='ocrx_word' id='word_1_522' title='bbox 359 4013 502 4077; x_wconf 87' lang='lat' dir='ltr'><strong>quod</strong></span> <span class='ocrx_word' id='word_1_523' title='bbox 536 4026 700 4066; x_wconf 86' lang='lat' dir='ltr'><strong>unum</strong></span> <span class='ocrx_word' id='word_1_524' title='bbox 729 4015 870 4068; x_wconf 85' lang='lat' dir='ltr'><strong>inter</strong></span> <span class='ocrx_word' id='word_1_525' title='bbox 900 4015 1246 4069; x_wconf 82' lang='lat' dir='ltr'><strong>condimenta</strong></span> <span class='ocrx_word' id='word_1_526' title='bbox 1278 4025 1362 4070; x_wconf 84' lang='lat' dir='ltr'><strong>est</strong></span> <span class='ocrx_word' id='word_1_527' title='bbox 1395 4013 1684 4086; x_wconf 80' lang='lat' dir='ltr'><strong>optimum.</strong></span> 
     </span>
    </p>
   </div>
   <div class='ocr_carea' id='block_1_47' title="bbox 1793 4131 2163 4188">
    <p class='ocr_par' dir='ltr' id='par_1_47' title="bbox 1793 4131 2163 4188">
     <span class='ocr_line' id='line_1_47' title="bbox 1793 4131 2163 4188; baseline 0.005 -2"><span class='ocrx_word' id='word_1_528' title='bbox 1793 4131 1863 4186; x_wconf 85' lang='lat' dir='ltr'><strong>Et</strong></span> <span class='ocrx_word' id='word_1_529' title='bbox 1890 4133 2023 4188; x_wconf 86' lang='lat' dir='ltr'><strong>libro</strong></span> <span class='ocrx_word' id='word_1_530' title='bbox 2058 4133 2163 4188; x_wconf 81' lang='grc' dir='ltr'><strong>ΧΙ.</strong></span> 
     </span>
    </p>
   </div>
   <div class='ocr_carea' id='block_1_48' title="bbox 444 4219 3627 4298">
    <p class='ocr_par' dir='ltr' id='par_1_48' title="bbox 444 4219 3627 4298">
     <span class='ocr_line' id='line_1_48' title="bbox 444 4219 3627 4298; baseline 0.003 -26"><span class='ocrx_word' id='word_1_531' title='bbox 444 4219 640 4278; x_wconf 79' lang='lat' dir='ltr'><strong>Verum</strong></span> <span class='ocrx_word' id='word_1_532' title='bbox 679 4221 1022 4298; x_wconf 88' lang='lat' dir='ltr'><strong>repudianda_</strong></span> <span class='ocrx_word' id='word_1_533' title='bbox 1042 4230 1168 4298; x_wconf 81' lang='lat' dir='ltr'><strong>sunt</strong></span> <span class='ocrx_word' id='word_1_534' title='bbox 1194 4220 1572 4298; x_wconf 63' lang='lat' dir='ltr'><strong>nobisiictilia</strong></span> <span class='ocrx_word' id='word_1_535' title='bbox 1598 4223 1824 4298; x_wconf 72' lang='lat' dir='ltr'><strong>pocula.</strong></span> <span class='ocrx_word' id='word_1_536' title='bbox 1873 4227 2029 4295; x_wconf 89' lang='lat' dir='ltr'><strong>Apud</strong></span> <span class='ocrx_word' id='word_1_537' title='bbox 2058 4228 2256 4281; x_wconf 83' lang='lat' dir='ltr'><strong>Persas</strong></span> <span class='ocrx_word' id='word_1_538' title='bbox 2285 4227 2455 4290; x_wconf 89' lang='lat' dir='ltr'><strong>enim,</strong></span> <span class='ocrx_word' id='word_1_539' title='bbox 2486 4237 2545 4282; x_wconf 92' lang='lat' dir='ltr'><strong>ut</strong></span> <span class='ocrx_word' id='word_1_540' title='bbox 2573 4236 2805 4284; x_wconf 78' lang='lat' dir='ltr'><strong>testatur</strong></span> <span class='ocrx_word' id='word_1_541' title='bbox 2841 4225 3084 4294; x_wconf 78' lang='lat' dir='ltr'><strong>Ctesias,</strong></span> <span class='ocrx_word' id='word_1_542' title='bbox 3116 4241 3497 4298; x_wconf 89' lang='lat' dir='ltr'><strong>quemcunque</strong></span> <span class='ocrx_word' id='word_1_543' title='bbox 3526 4240 3627 4281; x_wconf 72' lang='lat' dir='ltr'><strong>rex</strong></span> 
     </span>
    </p>
   </div>
   <div class='ocr_carea' id='block_1_49' title="bbox 362 4290 1946 4363">
    <p class='ocr_par' dir='ltr' id='par_1_49' title="bbox 362 4290 1946 4363">
     <span class='ocr_line' id='line_1_49' title="bbox 362 4290 1946 4363; baseline -0.002 -11"><span class='ocrx_word' id='word_1_544' title='bbox 362 4297 748 4352; x_wconf 87' lang='lat' dir='ltr'><strong>inhonoratum</strong></span> <span class='ocrx_word' id='word_1_545' title='bbox 780 4306 902 4347; x_wconf 86' lang='lat' dir='ltr'><strong>esse</strong></span> <span class='ocrx_word' id='word_1_546' title='bbox 937 4290 1194 4357; x_wconf 88' lang='lat' dir='ltr'><strong>voluerit,</strong></span> <span class='ocrx_word' id='word_1_547' title='bbox 1230 4291 1492 4348; x_wconf 88' lang='lat' dir='ltr'><strong>llctilibus</strong></span> <span class='ocrx_word' id='word_1_548' title='bbox 1520 4290 1726 4363; x_wconf 80' lang='lat' dir='ltr'><strong>poculis</strong></span> <span class='ocrx_word' id='word_1_549' title='bbox 1750 4290 1946 4349; x_wconf 53' lang='lat' dir='ltr'><strong>utitur}</strong></span> 
     </span>
    </p>
   </div>
   <div class='ocr_carea' id='block_1_50' title="bbox 1465 4411 2479 4482">
    <p class='ocr_par' dir='ltr' id='par_1_50' title="bbox 1465 4411 2479 4482">
     <span class='ocr_line' id='line_1_50' title="bbox 1465 4411 2479 4482; baseline 0.004 -18"><span class='ocrx_word' id='word_1_550' title='bbox 1465 4411 1620 4479; x_wconf 81' lang='lat' dir='ltr'><strong>Apud</strong></span> <span class='ocrx_word' id='word_1_551' title='bbox 1652 4413 1914 4477; x_wconf 83' lang='lat' dir='ltr'><strong>eumdem,</strong></span> <span class='ocrx_word' id='word_1_552' title='bbox 1944 4411 2267 4482; x_wconf 84' lang='lat' dir='ltr'><strong>Dipnosoph.</strong></span> <span class='ocrx_word' id='word_1_553' title='bbox 2303 4413 2479 4468; x_wconf 79' lang='lat' dir='ltr'><strong><em>XIII.</em></strong></span> 
     </span>
    </p>
   </div>
   <div class='ocr_carea' id='block_1_51' title="bbox 429 4507 3623 4581">
    <p class='ocr_par' dir='ltr' id='par_1_51' title="bbox 429 4507 3623 4581">
     <span class='ocr_line' id='line_1_51' title="bbox 429 4507 3623 4581; baseline -0.001 -17"><span class='ocrx_word' id='word_1_554' title='bbox 429 4511 571 4581; x_wconf 78' lang='lat' dir='ltr'><strong>Quin</strong></span> <span class='ocrx_word' id='word_1_555' title='bbox 599 4509 762 4566; x_wconf 89' lang='lat' dir='ltr'><strong>etiam</strong></span> <span class='ocrx_word' id='word_1_556' title='bbox 794 4507 1047 4578; x_wconf 86' lang='lat' dir='ltr'><strong>Cambysi</strong></span> <span class='ocrx_word' id='word_1_557' title='bbox 1077 4507 1434 4581; x_wconf 62' lang='lat' dir='ltr'><strong>suscipiendae</strong></span> <span class='ocrx_word' id='word_1_558' title='bbox 1461 4507 1514 4563; x_wconf 92' lang='lat' dir='ltr'><strong>in</strong></span> <span class='ocrx_word' id='word_1_559' title='bbox 1537 4508 1830 4580; x_wconf 63' lang='lat' dir='ltr'><strong>Egyptum</strong></span> <span class='ocrx_word' id='word_1_560' title='bbox 1867 4512 2232 4579; x_wconf 80' lang='lat' dir='ltr'><strong>expeditionis</strong></span> <span class='ocrx_word' id='word_1_561' title='bbox 2259 4513 2340 4580; x_wconf 91' lang='lat' dir='ltr'><strong>(ut</strong></span> <span class='ocrx_word' id='word_1_562' title='bbox 2365 4512 2556 4567; x_wconf 88' lang='lat' dir='ltr'><strong>scribit</strong></span> <span class='ocrx_word' id='word_1_563' title='bbox 2583 4510 2820 4581; x_wconf 88' lang='lat' dir='ltr'><strong>Ctesias)</strong></span> <span class='ocrx_word' id='word_1_564' title='bbox 2835 4523 3017 4581; x_wconf 77' lang='lat' dir='ltr'><strong>_causa</strong></span> <span class='ocrx_word' id='word_1_565' title='bbox 3067 4510 3168 4564; x_wconf 82' lang='lat' dir='ltr'><strong>fuit</strong></span> <span class='ocrx_word' id='word_1_566' title='bbox 3210 4509 3432 4564; x_wconf 89' lang='lat' dir='ltr'><strong>mulier.</strong></span> <span class='ocrx_word' id='word_1_567' title='bbox 3483 4507 3623 4562; x_wconf 80' lang='lat' dir='ltr'><strong>Nam</strong></span> 
     </span>
    </p>
   </div>
   <div class='ocr_carea' id='block_1_52' title="bbox 358 4579 3625 4652">
    <p class='ocr_par' dir='ltr' id='par_1_52' title="bbox 358 4579 3625 4652">
     <span class='ocr_line' id='line_1_52' title="bbox 358 4579 3625 4652; baseline -0.002 -15"><span class='ocrx_word' id='word_1_568' title='bbox 358 4598 483 4638; x_wconf 88' lang='lat' dir='ltr'><strong>cum</strong></span> <span class='ocrx_word' id='word_1_569' title='bbox 503 4579 790 4652; x_wconf 62' lang='lat' dir='ltr'><strong>Egyptians</strong></span> <span class='ocrx_word' id='word_1_570' title='bbox 817 4580 1070 4652; x_wconf 82' lang='lat' dir='ltr'><strong>mulieres</strong></span> <span class='ocrx_word' id='word_1_571' title='bbox 1101 4579 1154 4632; x_wconf 89' lang='lat' dir='ltr'><strong>in</strong></span> <span class='ocrx_word' id='word_1_572' title='bbox 1177 4579 1765 4652; x_wconf 64' lang='lat' dir='ltr'><strong>congressuprieis&#39;tare</strong></span> <span class='ocrx_word' id='word_1_573' title='bbox 1792 4584 2006 4635; x_wconf 72' lang='lat' dir='ltr'><strong>caeteris</strong></span> <span class='ocrx_word' id='word_1_574' title='bbox 2034 4579 2414 4646; x_wconf 78' lang='lat' dir='ltr'><strong>intellexisset,</strong></span> <span class='ocrx_word' id='word_1_575' title='bbox 2451 4584 2516 4634; x_wconf 87' lang='lat' dir='ltr'><strong>ad</strong></span> <span class='ocrx_word' id='word_1_576' title='bbox 2540 4579 3034 4650; x_wconf 35' lang='lat' dir='ltr'><strong>Amasim‘IEgypti</strong></span> <span class='ocrx_word' id='word_1_577' title='bbox 3061 4594 3240 4652; x_wconf 77' lang='lat' dir='ltr'><strong>regem</strong></span> <span class='ocrx_word' id='word_1_578' title='bbox 3275 4582 3421 4634; x_wconf 89' lang='lat' dir='ltr'><strong>misit</strong></span> <span class='ocrx_word' id='word_1_579' title='bbox 3441 4595 3625 4652; x_wconf 73' lang='lat' dir='ltr'><strong>uiuum</strong></span> 
     </span>
    </p>
   </div>
   <div class='ocr_carea' id='block_1_53' title="bbox 357 4650 3614 4722">
    <p class='ocr_par' dir='ltr' id='par_1_53' title="bbox 357 4650 3614 4722">
     <span class='ocr_line' id='line_1_53' title="bbox 357 4650 3614 4722; baseline -0.002 -17"><span class='ocrx_word' id='word_1_580' title='bbox 357 4671 425 4707; x_wconf 79' lang='lat' dir='ltr'><strong>ex</strong></span> <span class='ocrx_word' id='word_1_581' title='bbox 461 4654 578 4722; x_wconf 86' lang='lat' dir='ltr'><strong>ejus</strong></span> <span class='ocrx_word' id='word_1_582' title='bbox 613 4650 824 4704; x_wconf 83' lang='lat' dir='ltr'><strong>iiliabns</strong></span> <span class='ocrx_word' id='word_1_583' title='bbox 854 4650 909 4722; x_wconf 84' lang='lat' dir='ltr'><strong>in</strong></span> <span class='ocrx_word' id='word_1_584' title='bbox 938 4662 1163 4722; x_wconf 80' lang='lat' dir='ltr'><strong>uxorem</strong></span> <span class='ocrx_word' id='word_1_585' title='bbox 1197 4650 1544 4722; x_wconf 81' lang='lat' dir='ltr'><strong>poscens.__At</strong></span> <span class='ocrx_word' id='word_1_586' title='bbox 1567 4650 1655 4704; x_wconf 88' lang='lat' dir='ltr'><strong>hic</strong></span> <span class='ocrx_word' id='word_1_587' title='bbox 1685 4665 1716 4704; x_wconf 92' lang='lat' dir='ltr'><strong>e</strong></span> <span class='ocrx_word' id='word_1_588' title='bbox 1756 4653 1870 4703; x_wconf 90' lang='lat' dir='ltr'><strong>suis</strong></span> <span class='ocrx_word' id='word_1_589' title='bbox 1901 4653 2122 4718; x_wconf 90' lang='lat' dir='ltr'><strong>quidem</strong></span> <span class='ocrx_word' id='word_1_590' title='bbox 2156 4653 2500 4722; x_wconf 18' lang='lat' dir='ltr'><strong>ttnatuihaud</strong></span> <span class='ocrx_word' id='word_1_591' title='bbox 2538 4652 2683 4706; x_wconf 88' lang='lat' dir='ltr'><strong>misit</strong></span> <span class='ocrx_word' id='word_1_592' title='bbox 2717 4669 2730 4704; x_wconf 87' lang='lat'><strong>:</strong></span> <span class='ocrx_word' id='word_1_593' title='bbox 2773 4653 3082 4722; x_wconf 86' lang='lat' dir='ltr'><strong>suspicatus</strong></span> <span class='ocrx_word' id='word_1_594' title='bbox 3119 4651 3193 4702; x_wconf 92' lang='lat' dir='ltr'><strong>illi</strong></span> <span class='ocrx_word' id='word_1_595' title='bbox 3227 4666 3336 4703; x_wconf 91' lang='lat' dir='ltr'><strong>non</strong></span> <span class='ocrx_word' id='word_1_596' title='bbox 3366 4650 3614 4722; x_wconf 76' lang='lat' dir='ltr'><strong>habitum</strong></span> 
     </span>
    </p>
   </div>
   <div class='ocr_carea' id='block_1_54' title="bbox 359 4717 3614 4789">
    <p class='ocr_par' dir='ltr' id='par_1_54' title="bbox 359 4717 3614 4789">
     <span class='ocr_line' id='line_1_54' title="bbox 359 4717 3614 4789; baseline -0.001 -15"><span class='ocrx_word' id='word_1_597' title='bbox 359 4723 426 4775; x_wconf 90' lang='lat' dir='ltr'><strong>iri</strong></span> <span class='ocrx_word' id='word_1_598' title='bbox 464 4717 724 4775; x_wconf 57' lang='lat' dir='ltr'><strong>b&#39;onorem</strong></span> <span class='ocrx_word' id='word_1_599' title='bbox 757 4719 912 4771; x_wconf 81' lang='lat' dir='ltr'><strong>uxori</strong></span> <span class='ocrx_word' id='word_1_600' title='bbox 947 4717 1214 4782; x_wconf 74' lang='lat' dir='ltr'><strong>debitum,</strong></span> <span class='ocrx_word' id='word_1_601' title='bbox 1247 4718 1340 4772; x_wconf 90' lang='lat' dir='ltr'><strong>sed</strong></span> <span class='ocrx_word' id='word_1_602' title='bbox 1372 4719 1594 4787; x_wconf 72' lang='lat' dir='ltr'><strong>pallacte</strong></span> <span class='ocrx_word' id='word_1_603' title='bbox 1624 4737 1638 4773; x_wconf 89' lang='lat'><strong>:</strong></span> <span class='ocrx_word' id='word_1_604' title='bbox 1667 4735 1855 4773; x_wconf 88' lang='lat' dir='ltr'><strong>verum</strong></span> <span class='ocrx_word' id='word_1_605' title='bbox 1894 4717 2074 4789; x_wconf 61' lang='lat' dir='ltr'><strong>Apria:</strong></span> <span class='ocrx_word' id='word_1_606' title='bbox 2106 4722 2272 4773; x_wconf 81' lang='lat' dir='ltr'><strong>tiliam</strong></span> <span class='ocrx_word' id='word_1_607' title='bbox 2307 4721 2584 4775; x_wconf 85' lang='lat' dir='ltr'><strong>Neutetiu.</strong></span> <span class='ocrx_word' id='word_1_608' title='bbox 2640 4717 2933 4774; x_wconf 77' lang='lat' dir='ltr'><strong>Exciderat</strong></span> <span class='ocrx_word' id='word_1_609' title='bbox 2981 4730 3163 4789; x_wconf 88' lang='lat' dir='ltr'><strong>autem</strong></span> <span class='ocrx_word' id='word_1_610' title='bbox 3200 4735 3366 4786; x_wconf 76' lang='lat' dir='ltr'><strong>regno</strong></span> <span class='ocrx_word' id='word_1_611' title='bbox 3391 4719 3614 4789; x_wconf 79' lang='lat' dir='ltr'><strong>Apries,</strong></span> 
     </span>
    </p>
   </div>
   <div class='ocr_carea' id='block_1_55' title="bbox 361 4787 3622 4859">
    <p class='ocr_par' dir='ltr' id='par_1_55' title="bbox 361 4787 3622 4859">
     <span class='ocr_line' id='line_1_55' title="bbox 361 4787 3622 4859; baseline -0.001 -16"><span class='ocrx_word' id='word_1_612' title='bbox 361 4804 581 4859; x_wconf 89' lang='lat' dir='ltr'><strong>propter</strong></span> <span class='ocrx_word' id='word_1_613' title='bbox 614 4791 819 4859; x_wconf 86' lang='lat' dir='ltr'><strong>cladem</strong></span> <span class='ocrx_word' id='word_1_614' title='bbox 855 4791 908 4840; x_wconf 93' lang='lat' dir='ltr'><strong>in</strong></span> <span class='ocrx_word' id='word_1_615' title='bbox 933 4802 1108 4859; x_wconf 75' lang='lat' dir='ltr'><strong>pugna</strong></span> <span class='ocrx_word' id='word_1_616' title='bbox 1135 4792 1398 4842; x_wconf 88' lang='lat' dir='ltr'><strong>adversus</strong></span> <span class='ocrx_word' id='word_1_617' title='bbox 1420 4789 1757 4858; x_wconf 87' lang='lat' dir='ltr'><strong>Cyrenenses</strong></span> <span class='ocrx_word' id='word_1_618' title='bbox 1787 4787 2088 4856; x_wconf 80' lang='lat' dir='ltr'><strong>acceptam,</strong></span> <span class='ocrx_word' id='word_1_619' title='bbox 2117 4800 2172 4844; x_wconf 91' lang='lat' dir='ltr'><strong>et</strong></span> <span class='ocrx_word' id='word_1_620' title='bbox 2201 4791 2270 4844; x_wconf 88' lang='lat' dir='ltr'><strong>ab</strong></span> <span class='ocrx_word' id='word_1_621' title='bbox 2295 4793 2481 4844; x_wconf 83' lang='lat' dir='ltr'><strong>Amasi</strong></span> <span class='ocrx_word' id='word_1_622' title='bbox 2514 4791 2693 4845; x_wconf 79' lang='lat' dir='ltr'><strong>fuerat</strong></span> <span class='ocrx_word' id='word_1_623' title='bbox 2727 4793 3065 4844; x_wconf 80' lang='lat' dir='ltr'><strong>interfectus.</strong></span> <span class='ocrx_word' id='word_1_624' title='bbox 3096 4788 3396 4859; x_wconf 85' lang='lat' dir='ltr'><strong>Cambyses</strong></span> <span class='ocrx_word' id='word_1_625' title='bbox 3421 4787 3622 4841; x_wconf 81' lang='lat' dir='ltr'><strong>Neute-</strong></span> 
     </span>
    </p>
   </div>
   <div class='ocr_carea' id='block_1_56' title="bbox 362 4857 3619 4928">
    <p class='ocr_par' dir='ltr' id='par_1_56' title="bbox 362 4857 3619 4928">
     <span class='ocr_line' id='line_1_56' title="bbox 362 4857 3619 4928; baseline 0 -16"><span class='ocrx_word' id='word_1_626' title='bbox 362 4857 490 4912; x_wconf 81' lang='lat' dir='ltr'><strong>iiuis</strong></span> <span class='ocrx_word' id='word_1_627' title='bbox 521 4857 910 4913; x_wconf 85' lang='lat' dir='ltr'><strong>consuetudine</strong></span> <span class='ocrx_word' id='word_1_628' title='bbox 939 4857 1261 4928; x_wconf 86' lang='lat' dir='ltr'><strong>delectatus,</strong></span> <span class='ocrx_word' id='word_1_629' title='bbox 1291 4868 1346 4910; x_wconf 88' lang='lat' dir='ltr'><strong>et</strong></span> <span class='ocrx_word' id='word_1_630' title='bbox 1373 4857 1526 4913; x_wconf 84' lang='lat' dir='ltr'><strong>valde</strong></span> <span class='ocrx_word' id='word_1_631' title='bbox 1551 4860 1601 4912; x_wconf 93' lang='lat' dir='ltr'><strong>in</strong></span> <span class='ocrx_word' id='word_1_632' title='bbox 1624 4875 1866 4912; x_wconf 89' lang='lat' dir='ltr'><strong>amorem</strong></span> <span class='ocrx_word' id='word_1_633' title='bbox 1902 4860 2021 4926; x_wconf 86' lang='lat' dir='ltr'><strong>ejus</strong></span> <span class='ocrx_word' id='word_1_634' title='bbox 2049 4862 2283 4928; x_wconf 90' lang='lat' dir='ltr'><strong>illectus,</strong></span> <span class='ocrx_word' id='word_1_635' title='bbox 2312 4863 2494 4916; x_wconf 89' lang='lat' dir='ltr'><strong>omnia</strong></span> <span class='ocrx_word' id='word_1_636' title='bbox 2522 4875 2589 4914; x_wconf 84' lang='lat' dir='ltr'><strong>ex</strong></span> <span class='ocrx_word' id='word_1_637' title='bbox 2621 4863 2712 4916; x_wconf 91' lang='lat' dir='ltr'><strong>illa</strong></span> <span class='ocrx_word' id='word_1_638' title='bbox 2742 4862 2938 4928; x_wconf 89' lang='lat' dir='ltr'><strong>discit;</strong></span> <span class='ocrx_word' id='word_1_639' title='bbox 2966 4867 3022 4914; x_wconf 87' lang='lat' dir='ltr'><strong>et</strong></span> <span class='ocrx_word' id='word_1_640' title='bbox 3063 4873 3188 4916; x_wconf 86' lang='lat' dir='ltr'><strong>cum</strong></span> <span class='ocrx_word' id='word_1_641' title='bbox 3223 4857 3435 4914; x_wconf 83' lang='lat' dir='ltr'><strong>orasset</strong></span> <span class='ocrx_word' id='word_1_642' title='bbox 3463 4874 3619 4923; x_wconf 81' lang='lat' dir='ltr'><strong>eum,</strong></span> 
     </span>
    </p>
   </div>
   <div class='ocr_carea' id='block_1_57' title="bbox 362 4927 2639 5003">
    <p class='ocr_par' dir='ltr' id='par_1_57' title="bbox 362 4927 2639 5003">
     <span class='ocr_line' id='line_1_57' title="bbox 362 4927 2639 5003; baseline 0 -19"><span class='ocrx_word' id='word_1_643' title='bbox 362 4937 420 4984; x_wconf 85' lang='lat' dir='ltr'><strong>ut</strong></span> <span class='ocrx_word' id='word_1_644' title='bbox 445 4934 646 4984; x_wconf 62' lang='lat' dir='ltr'><strong>caedem</strong></span> <span class='ocrx_word' id='word_1_645' title='bbox 673 4929 852 4997; x_wconf 83' lang='lat' dir='ltr'><strong>Apria:</strong></span> <span class='ocrx_word' id='word_1_646' title='bbox 874 4927 1046 4995; x_wconf 87' lang='lat' dir='ltr'><strong>patris</strong></span> <span class='ocrx_word' id='word_1_647' title='bbox 1074 4927 1451 4992; x_wconf 82' lang='lat' dir='ltr'><strong>ulcisceretur,</strong></span> <span class='ocrx_word' id='word_1_648' title='bbox 1483 4932 1772 4997; x_wconf 88' lang='lat' dir='ltr'><strong>persuadet</strong></span> <span class='ocrx_word' id='word_1_649' title='bbox 1812 4938 1870 4981; x_wconf 90' lang='lat' dir='ltr'><strong>ut</strong></span> <span class='ocrx_word' id='word_1_650' title='bbox 1895 4931 2091 4985; x_wconf 87' lang='lat' dir='ltr'><strong>bellum</strong></span> <span class='ocrx_word' id='word_1_651' title='bbox 2119 4927 2396 5003; x_wconf 69' lang='lat' dir='ltr'><strong>Egyptiis</strong></span> <span class='ocrx_word' id='word_1_652' title='bbox 2421 4931 2639 4986; x_wconf 80' lang='lat' dir='ltr'><strong>inierat.</strong></span> 
     </span>
    </p>
   </div>
   <div class='ocr_carea' id='block_1_58' title="bbox 1703 5047 2228 5116">
    <p class='ocr_par' dir='ltr' id='par_1_58' title="bbox 1703 5047 2228 5116">
     <span class='ocr_line' id='line_1_58' title="bbox 1703 5047 2228 5116; baseline 0.011 -16"><span class='ocrx_word' id='word_1_653' title='bbox 1703 5047 1956 5116; x_wconf 81' lang='lat' dir='ltr'><strong>Ejusdem</strong></span> <span class='ocrx_word' id='word_1_654' title='bbox 1993 5049 2128 5103; x_wconf 85' lang='lat' dir='ltr'><strong>libro</strong></span> <span class='ocrx_word' id='word_1_655' title='bbox 2153 5048 2228 5106; x_wconf 81' lang='grc' dir='ltr'><strong>Χ.</strong></span> 
     </span>
    </p>
   </div>
   <div class='ocr_carea' id='block_1_59' title="bbox 429 5163 3624 5240">
    <p class='ocr_par' dir='ltr' id='par_1_59' title="bbox 429 5163 3624 5240">
     <span class='ocr_line' id='line_1_59' title="bbox 429 5163 3624 5240; baseline -0.002 -16"><span class='ocrx_word' id='word_1_656' title='bbox 429 5168 646 5240; x_wconf 84' lang='lat' dir='ltr'><strong>Ctesias</strong></span> <span class='ocrx_word' id='word_1_657' title='bbox 675 5175 880 5229; x_wconf 89' lang='lat' dir='ltr'><strong>autem,</strong></span> <span class='ocrx_word' id='word_1_658' title='bbox 912 5163 1372 5240; x_wconf 71' lang='lat' dir='ltr'><strong>apuddndosregi</strong></span> <span class='ocrx_word' id='word_1_659' title='bbox 1414 5179 1518 5219; x_wconf 92' lang='lat' dir='ltr'><strong>non</strong></span> <span class='ocrx_word' id='word_1_660' title='bbox 1544 5163 1709 5222; x_wconf 83' lang='lat' dir='ltr'><strong>licere</strong></span> <span class='ocrx_word' id='word_1_661' title='bbox 1742 5167 2003 5224; x_wconf 87' lang='lat' dir='ltr'><strong>inebriari</strong></span> <span class='ocrx_word' id='word_1_662' title='bbox 2028 5170 2212 5224; x_wconf 87' lang='lat' dir='ltr'><strong>tradit.</strong></span> <span class='ocrx_word' id='word_1_663' title='bbox 2245 5171 2313 5223; x_wconf 82' lang='lat' dir='ltr'><strong>At</strong></span> <span class='ocrx_word' id='word_1_664' title='bbox 2339 5185 2472 5224; x_wconf 91' lang='lat' dir='ltr'><strong>vero</strong></span> <span class='ocrx_word' id='word_1_665' title='bbox 2494 5172 2636 5240; x_wconf 86' lang='lat' dir='ltr'><strong>apud</strong></span> <span class='ocrx_word' id='word_1_666' title='bbox 2659 5167 2856 5232; x_wconf 83' lang='lat' dir='ltr'><strong>Persas</strong></span> <span class='ocrx_word' id='word_1_667' title='bbox 2887 5167 2996 5238; x_wconf 73' lang='lat' dir='ltr'><strong>regi</strong></span> <span class='ocrx_word' id='word_1_668' title='bbox 3017 5164 3334 5220; x_wconf 85' lang='lat' dir='ltr'><strong>conceditur</strong></span> <span class='ocrx_word' id='word_1_669' title='bbox 3359 5164 3624 5222; x_wconf 81' lang='lat' dir='ltr'><strong>inebriari</strong></span> 
     </span>
    </p>
   </div>
   <div class='ocr_carea' id='block_1_60' title="bbox 358 5234 1430 5307">
    <p class='ocr_par' dir='ltr' id='par_1_60' title="bbox 358 5234 1430 5307">
     <span class='ocr_line' id='line_1_60' title="bbox 358 5234 1430 5307; baseline -0.006 -14"><span class='ocrx_word' id='word_1_670' title='bbox 358 5243 443 5294; x_wconf 81' lang='lat' dir='ltr'><strong>die</strong></span> <span class='ocrx_word' id='word_1_671' title='bbox 481 5257 607 5305; x_wconf 81' lang='grc' dir='ltr'>ιιιιυ,</span> <span class='ocrx_word' id='word_1_672' title='bbox 637 5238 823 5307; x_wconf 90' lang='lat' dir='ltr'><strong>inquo</strong></span> <span class='ocrx_word' id='word_1_673' title='bbox 853 5237 1165 5292; x_wconf 88' lang='lat' dir='ltr'><strong>sacriiicant</strong></span> <span class='ocrx_word' id='word_1_674' title='bbox 1197 5234 1430 5288; x_wconf 69' lang='lat' dir='ltr'><strong>Mithrae.</strong></span> 
     </span>
    </p>
   </div>
   <div class='ocr_carea' id='block_1_61' title="bbox 1812 5349 2170 5407">
    <p class='ocr_par' dir='ltr' id='par_1_61' title="bbox 1812 5349 2170 5407">
     <span class='ocr_line' id='line_1_61' title="bbox 1812 5349 2170 5407; baseline 0.003 -1"><span class='ocrx_word' id='word_1_675' title='bbox 1812 5350 1974 5406; x_wconf 78' lang='lat' dir='ltr'><strong>Libro</strong></span> <span class='ocrx_word' id='word_1_676' title='bbox 2006 5349 2092 5407; x_wconf 82' lang='grc' dir='ltr'><strong>Χ]</strong></span> <span class='ocrx_word' id='word_1_677' title='bbox 2111 5352 2170 5407; x_wconf 85' lang='grc' dir='ltr'><strong>γ.</strong></span> 
     </span>
    </p>
   </div>
   <div class='ocr_carea' id='block_1_62' title="bbox 428 5468 3620 5543">
    <p class='ocr_par' dir='ltr' id='par_1_62' title="bbox 428 5468 3620 5543">
     <span class='ocr_line' id='line_1_62' title="bbox 428 5468 3620 5543; baseline -0.001 -18"><span class='ocrx_word' id='word_1_678' title='bbox 428 5472 658 5526; x_wconf 83' lang='lat' dir='ltr'><strong>Berosus</strong></span> <span class='ocrx_word' id='word_1_679' title='bbox 692 5482 871 5526; x_wconf 86' lang='lat' dir='ltr'><strong>autem</strong></span> <span class='ocrx_word' id='word_1_680' title='bbox 905 5470 1386 5543; x_wconf 79' lang='lat' dir='ltr'><strong>Babyloniacorum</strong></span> <span class='ocrx_word' id='word_1_681' title='bbox 1419 5472 1512 5525; x_wconf 90' lang='lat' dir='ltr'><strong>lib.</strong></span> <span class='ocrx_word' id='word_1_682' title='bbox 1548 5487 1588 5536; x_wconf 83' lang='grc' dir='ltr'>ι,</span> <span class='ocrx_word' id='word_1_683' title='bbox 1639 5471 1848 5526; x_wconf 86' lang='lat' dir='ltr'><strong>decima</strong></span> <span class='ocrx_word' id='word_1_684' title='bbox 1880 5480 2036 5526; x_wconf 80' lang='lat' dir='ltr'><strong>sexta</strong></span> <span class='ocrx_word' id='word_1_685' title='bbox 2065 5472 2154 5527; x_wconf 91' lang='lat' dir='ltr'><strong>die</strong></span> <span class='ocrx_word' id='word_1_686' title='bbox 2187 5472 2392 5526; x_wconf 87' lang='lat' dir='ltr'><strong>mensis</strong></span> <span class='ocrx_word' id='word_1_687' title='bbox 2422 5471 2539 5538; x_wconf 90' lang='lat' dir='ltr'><strong>Loi,</strong></span> <span class='ocrx_word' id='word_1_688' title='bbox 2565 5473 2767 5543; x_wconf 63' lang='lat' dir='ltr'><strong>festum</strong></span> <span class='ocrx_word' id='word_1_689' title='bbox 2806 5471 3076 5543; x_wconf 81' lang='lat' dir='ltr'><strong>Babylone</strong></span> <span class='ocrx_word' id='word_1_690' title='bbox 3116 5469 3356 5541; x_wconf 90' lang='lat' dir='ltr'><strong>quinque</strong></span> <span class='ocrx_word' id='word_1_691' title='bbox 3403 5468 3620 5543; x_wconf 87' lang='lat' dir='ltr'><strong>dierum</strong></span> 
     </span>
    </p>
   </div>
   <div class='ocr_carea' id='block_1_63' title="bbox 360 5541 3626 5611">
    <p class='ocr_par' dir='ltr' id='par_1_63' title="bbox 360 5541 3626 5611">
     <span class='ocr_line' id='line_1_63' title="bbox 360 5541 3626 5611; baseline -0.001 -15"><span class='ocrx_word' id='word_1_692' title='bbox 360 5544 538 5611; x_wconf 86' lang='lat' dir='ltr'><strong>spatio</strong></span> <span class='ocrx_word' id='word_1_693' title='bbox 565 5543 828 5596; x_wconf 89' lang='lat' dir='ltr'><strong>celebrari</strong></span> <span class='ocrx_word' id='word_1_694' title='bbox 855 5543 948 5605; x_wconf 89' lang='lat' dir='ltr'><strong>ait,</strong></span> <span class='ocrx_word' id='word_1_695' title='bbox 981 5541 1180 5595; x_wconf 71' lang='lat' dir='ltr'><strong>Saccas</strong></span> <span class='ocrx_word' id='word_1_696' title='bbox 1210 5541 1455 5611; x_wconf 72' lang='lat' dir='ltr'><strong>dictum:</strong></span> <span class='ocrx_word' id='word_1_697' title='bbox 1491 5555 1586 5609; x_wconf 86' lang='lat' dir='ltr'><strong>per</strong></span> <span class='ocrx_word' id='word_1_698' title='bbox 1607 5543 1749 5610; x_wconf 88' lang='lat' dir='ltr'><strong>quod</strong></span> <span class='ocrx_word' id='word_1_699' title='bbox 1786 5551 1999 5611; x_wconf 87' lang='lat' dir='ltr'><strong>tempus</strong></span> <span class='ocrx_word' id='word_1_700' title='bbox 2040 5543 2216 5596; x_wconf 80' lang='lat' dir='ltr'><strong>solere</strong></span> <span class='ocrx_word' id='word_1_701' title='bbox 2252 5543 2501 5597; x_wconf 89' lang='lat' dir='ltr'><strong>dominos</strong></span> <span class='ocrx_word' id='word_1_702' title='bbox 2555 5542 2771 5596; x_wconf 81' lang='lat' dir='ltr'><strong>faitmlis</strong></span> <span class='ocrx_word' id='word_1_703' title='bbox 2821 5541 3055 5610; x_wconf 79' lang='lat' dir='ltr'><strong>parere:</strong></span> <span class='ocrx_word' id='word_1_704' title='bbox 3096 5555 3370 5608; x_wconf 89' lang='lat' dir='ltr'><strong>unumque</strong></span> <span class='ocrx_word' id='word_1_705' title='bbox 3418 5554 3486 5594; x_wconf 76' lang='lat' dir='ltr'><strong>ex</strong></span> <span class='ocrx_word' id='word_1_706' title='bbox 3535 5541 3626 5593; x_wconf 88' lang='lat' dir='ltr'><strong>his</strong></span> 
     </span>
    </p>
   </div>
   <div class='ocr_carea' id='block_1_64' title="bbox 361 5610 3626 5681">
    <p class='ocr_par' dir='ltr' id='par_1_64' title="bbox 361 5610 3626 5681">
     <span class='ocr_line' id='line_1_64' title="bbox 361 5610 3626 5681; baseline -0 -16"><span class='ocrx_word' id='word_1_707' title='bbox 361 5610 540 5665; x_wconf 85' lang='lat' dir='ltr'><strong>domui</strong></span> <span class='ocrx_word' id='word_1_708' title='bbox 572 5627 823 5679; x_wconf 78' lang='lat' dir='ltr'><strong>przeesse,</strong></span> <span class='ocrx_word' id='word_1_709' title='bbox 858 5623 1026 5672; x_wconf 76' lang='lat' dir='ltr'><strong>veste,</strong></span> <span class='ocrx_word' id='word_1_710' title='bbox 1061 5628 1180 5680; x_wconf 78' lang='lat' dir='ltr'><strong>qua:</strong></span> <span class='ocrx_word' id='word_1_711' title='bbox 1232 5610 1391 5681; x_wconf 68' lang='lat' dir='ltr'><strong>regia:</strong></span> <span class='ocrx_word' id='word_1_712' title='bbox 1417 5612 1826 5666; x_wconf 87' lang='lat' dir='ltr'><strong>similitudinem</strong></span> <span class='ocrx_word' id='word_1_713' title='bbox 1862 5610 2154 5678; x_wconf 81' lang='lat' dir='ltr'><strong>referebat,</strong></span> <span class='ocrx_word' id='word_1_714' title='bbox 2187 5612 2434 5668; x_wconf 88' lang='lat' dir='ltr'><strong>indutum</strong></span> <span class='ocrx_word' id='word_1_715' title='bbox 2468 5632 2480 5667; x_wconf 88' lang='lat'>:</span> <span class='ocrx_word' id='word_1_716' title='bbox 2513 5628 2674 5681; x_wconf 86' lang='lat' dir='ltr'><strong>quem</strong></span> <span class='ocrx_word' id='word_1_717' title='bbox 2703 5623 2756 5667; x_wconf 89' lang='lat' dir='ltr'><strong>et</strong></span> <span class='ocrx_word' id='word_1_718' title='bbox 2778 5612 3048 5679; x_wconf 81' lang='lat' dir='ltr'><strong>Zoganem</strong></span> <span class='ocrx_word' id='word_1_719' title='bbox 3082 5611 3341 5680; x_wconf 83' lang='lat' dir='ltr'><strong>appellari</strong></span> <span class='ocrx_word' id='word_1_720' title='bbox 3373 5611 3626 5666; x_wconf 78' lang='lat' dir='ltr'><strong>meminit</strong></span> 
     </span>
    </p>
   </div>
   <div class='ocr_carea' id='block_1_65' title="bbox 362 5676 1976 5750">
    <p class='ocr_par' dir='ltr' id='par_1_65' title="bbox 362 5676 1976 5750">
     <span class='ocr_line' id='line_1_65' title="bbox 362 5676 1976 5750; baseline -0.001 -13"><span class='ocrx_word' id='word_1_721' title='bbox 362 5683 518 5737; x_wconf 83' lang='lat' dir='ltr'><strong>istius</strong></span> <span class='ocrx_word' id='word_1_722' title='bbox 549 5676 668 5735; x_wconf 78' lang='lat' dir='ltr'><strong>testi</strong></span> <span class='ocrx_word' id='word_1_723' title='bbox 693 5682 904 5737; x_wconf 82' lang='lat' dir='ltr'><strong>Ctesias</strong></span> <span class='ocrx_word' id='word_1_724' title='bbox 931 5676 1146 5750; x_wconf 77' lang='lat' dir='ltr'><strong>quoque</strong></span> <span class='ocrx_word' id='word_1_725' title='bbox 1174 5676 1315 5735; x_wconf 72' lang='lat' dir='ltr'><strong>libro</strong></span> <span class='ocrx_word' id='word_1_726' title='bbox 1339 5676 1676 5735; x_wconf 83' lang='lat' dir='ltr'><strong>Persicorum</strong></span> <span class='ocrx_word' id='word_1_727' title='bbox 1713 5683 1976 5737; x_wconf 85' lang='lat' dir='ltr'><strong>secundo.</strong></span> 
     </span>
    </p>
   </div>
  </div>
