3942 6234
350 312 448 378 211
1500 321 1761 384 PHOTII
1797 323 2078 386 PATRIA
2087 322 2309 384 RCHI’E
2346 325 2457 387 CP.
3505 322 3614 390 212

359 426 764 507 iisdem_epnlis
790 438 954 507 atque
975 431 1052 507 ab
1070 431 1259 486 iisdem
1282 430 1828 507 utebanturparatis.
1856 434 2108 490 Nascitur
2136 435 2282 507 apud
2299 434 2492 490 Persas
2523 435 2718 506 exigua
2751 435 2885 502 avis,
2906 451 3028 507 qua;
3051 436 3199 492 omni
3237 446 3389 492 caret
3419 451 3616 492 excre~

357 501 838 579 tnento_ha_betqtre
874 503 1126 556 intestina
1151 502 1524 579 omauiaadipe
1547 502 1758 579 diﬂerta
1792 519 1808 556 :
1843 507 1984 579 unde
2018 501 2182 579 vento
2210 506 2540 579 arbitrantur
2565 501 2940 579 etirorehhoc'
2955 508 3156 579 animal
3207 510 3388 579 vivere
3423 527 3437 563 :
3477 525 3610 579 ryu-

359 582 509 649 taccs
534 569 765 649 dicitur;
786 571 936 649 lianc
949 582 1191 625 autumat
1216 569 1424 626 Ctesias
1441 569 1678 634 eultello,
1698 589 1860 642 quam
1893 575 2063 649 altero
2085 578 2250 629 latere
2272 575 2518 629 illeverat
2534 576 2734 649 toxico,
2759 576 3087 649 dissecuisse
3108 569 3619 649 Parysatidemfat-

360 655 466 716 qn_e
494 640 750 716 infecisse
789 641 1013 716 alteram
1043 651 1249 716 partem
1283 656 1513 716 veneno,
1552 640 1946 716 suam—partem
1974 645 2253 716 sinceram
2272 657 2331 716 et
2352 661 2539 713 puram
2560 648 2640 698 ori
2679 647 2942 712 ingestam
2966 648 3135 716 ipsam
3166 640 3462 711 mandisse,
3490 640 3617 701 Sta-

364 710 520 784 tei_r:e
549 726 674 784 vero
701 711 921 784 dedisse
942 711 1286 784 virulenlam.
1307 710 1525 784 ‘Dinon,
1552 728 1659 784 non
1685 713 2076 784 Parysatidem,
2113 715 2205 768 sed
2239 710 2524 768 Melautam
2557 710 2855 770 medicatas
2885 710 3080 772 carnes
3118 720 3358 773 secuisse
3406 710 3608 782 cultro,

360 790 412 856 et
433 779 1036 856 Stateirzeapposuisse.
1064 779 1199 856 _Ct_ttu
1231 781 1464 856 animam
1496 783 1656 856 igitur
1688 779 1899 850 madnis
1927 799 2048 836 cum
2070 785 2402 856 cruciatibus
2435 796 2488 838 et
2517 786 2798 838 doloribus
2820 787 3230 852 ageretmulier.
3261 789 3454 856 et-ipsa
3483 779 3620 841 oll'el-

360 851 436 903 cit
467 850 817 926 ntalel_ici_t_tm_,
849 860 901 904 et
933 851 1293 926 suspicionem
1325 851 1724 926 regiadversus
1757 863 1982 926 matrem
2007 855 2210 916 attulit,
2243 854 2516 908 feritatem
2550 856 2714 920 illius,
2741 850 3048 910 etauimum
3091 850 3483 926 implacabilem
3519 873 3616 910 co-

278 984 279 987 η
361 920 661 994 gnosceutj.
688 919 1133 994 lludeqtrmstioni
1153 921 1708 994 extemplointeutus,
1735 923 2011 994 ministros
2045 927 2235 977 matris
2266 936 2319 978 et
2343 935 2643 978 structores
2669 927 2956 994 corripuit,
2986 943 3051 981 ac
3080 919 3364 982 tormentis
3399 929 3616 982 lacera-

363 990 438 1042 vit
467 1007 480 1043 :
515 987 767 1066 atﬁigim
801 987 888 1066 diu
917 987 1197 1057 l’arysatis
1227 991 1289 1066 in
1313 991 1563 1066 cubiculo
1625 1006 1724 1045 suo
1774 993 1966 1066 tenuit,
2023 995 2447 1066 deposcentiqne
2482 997 2780 1066 deuo-gavit
2811 987 2950 1063 regi.
3007 999 3201 1050 Verum
3258 1014 3379 1052 cum
3426 1009 3610 1066 postea

361 1058 701 1181 orassetjtllrr,
733 1069 791 1183 udt
807 1059 1025 1140 domum
1047 1069 1204 1114 nocte
1238 1061 1624 1126 dimitteretur,
1663 1063 1863 1116 certior
1895 1062 2071 1118 lactus
2096 1058 2217 1128 rex,
2250 1058 2440 1118 loca—tis
2476 1058 2686 1120 insidiis
2709 1058 3119 1135 comprehendit
3150 1066 3353 1138 Gigim,
3389 1058 3618 1137 eamque

363 1141 440 1183 ret
469 1143 584 1183 capt
617 1145 646 1182 a
673 1145 720 1183 IS
788 1140 1050 1183 amnavtt.

363 1141 440 1184 ret
469 1140 720 1198 capitalis
751 1140 1050 1183 damnavit.

1266 1223 1541 1286 Aflianus,
1578 1226 1641 1278 de
1675 1225 1988 1278 animalium
2017 1235 2232 1286 natura,
2266 1225 2362 1279 lib.
2393 1241 2490 1288 vn,
2527 1241 2647 1294 cap.
2680 1227 2730 1280 l.

437 1321 664 1377 Susidas
716 1323 889 1377 hoves
939 1321 1260 1376 numerandi
1290 1321 1572 1392 scientiam
1607 1331 1792 1374 tenere
1820 1319 2268 1392 Ctesias_scribit.
2338 1318 2473 1374 Nam
2499 1322 2655 1392 Susis
2687 1320 2799 1389 regi
2831 1321 3056 1392 singulae
3105 1321 3349 1392 quotidie
3402 1330 3621 1377 centum

365 1395 527 1449 cados
566 1395 618 1447 iu
659 1393 850 1447 hortos
885 1393 1160 1451 sicciores,
1185 1401 1240 1444 et
1271 1393 1448 1443 minus
1477 1391 1660 1458 riguos
1687 1391 1966 1444 hauriunt.
2028 1389 2197 1456 Quem
2252 1392 2470 1456 quidem
2523 1391 2784 1453 laborem,
2820 1389 2939 1446 sive
2968 1392 3112 1461 quod
3126 1389 3219 1446 ’eis
3251 1394 3322 1447 sit
3351 1401 3533 1448 certus
3565 1403 3624 1446 et

365 1464 714 1528 constitutus,
740 1465 854 1516 sive
885 1465 1047 1515 etiam
1075 1463 1203 1529 quia
1235 1461 1324 1514 ditt
1362 1461 1696 1528 multumque
1755 1461 1808 1513 in
1861 1475 1928 1512 eo
1953 1474 2011 1513 se
2045 1470 2428 1522 exercuerunt,
2495 1461 2899 1529 promptissime
2942 1465 3166 1522 obeunt,
3220 1462 3422 1516 nullam
3474 1463 3622 1516 enim

365 1535 430 1588 ad
461 1548 600 1600 opus
627 1534 1006 1588 remollescere
1055 1531 1289 1585 videres.
1352 1531 1422 1583 At
1475 1531 1520 1583 si
1580 1542 1741 1584 suura
1795 1544 1959 1600 quem
2001 1529 2237 1600 diximus
2300 1531 2670 1600 centenarium
2730 1547 3039 1595 numerum,
3100 1531 3180 1584 vel
3224 1549 3386 1586 unum
3424 1533 3620 1586 cadum

366 1599 634 1684 institeris
688 1604 1012 1666 subvehere,
1063 1601 1225 1656 nullis
1277 1603 1390 1670 jam
1447 1616 1564 1665 eas,
1633 1601 1830 1670 inquit,
1881 1599 1967 1653 vel
2027 1599 2306 1655 blanditiis
2330 1599 2607 1666 inducere,
2661 1600 2744 1654 vel
2787 1601 3111 1657 verberibus
3159 1603 3382 1673 adigere
3443 1601 3514 1656 ad
3570 1602 3624 1656 id

365 1685 597 1742 patet-ts.

1541 1785 1694 1851 Apud
1721 1784 1979 1848 eumdem,
2009 1784 2100 1840 lib.
2123 1801 2236 1850 xvr,
2262 1800 2382 1855 cap.
2407 1786 2497 1842 46.

436 1887 608 1942 Porro
647 1885 863 1941 Ctesias
895 1883 1126 1940 Gnidius
1180 1883 1369 1944 refert,
1440 1883 1492 1937 in
1554 1881 1776 1954 ﬂumine
1835 1882 1921 1934 eui
1976 1896 2169 1954 nomen
2239 1885 2502 1950 Argades,
2563 1884 2706 1954 quod
2756 1884 2823 1940 ad
2877 1884 3155 1942 Persicam
3208 1887 3452 1943 Sittacen
3519 1895 3629 1953 est,

370 1965 647 2023 serpentes
673 1957 888 2010 abunde
915 1957 1081 2028 gigni,
1107 1955 1283 2028 capite
1303 1955 1484 2028 albas,
1520 1953 1728 2028 reliquo
1748 1959 2006 2028 {corpore
2054 1953 2258 2028 nigras,
2318 1953 2903 2028 quatuor_'cuhitortnn
2951 1957 3342 2028 longitudinem
3401 1957 3626 2025 habere,

369 2036 423 2080 et
451 2021 586 2091 quos
643 2021 1018 2095 percusseriut
1063 2026 1398 2096 interimere.
1471 2023 1707 2096 Interdiu
1772 2021 2350 2096 eas_haudqnaquam
2407 2025 2579 2096 videri
2639 2026 2838 2092 solere,
2908 2027 3008 2080 sub
3044 2021 3230 2096 'aqna
3322 2021 3628 2082 natantesi

371 2104 534 2150 noctu
570 2091 701 2150 vero
733 2095 816 2148 Vel
853 2111 1048 2164 aquam
1077 2094 1474 2154 hanrientibus,
1527 2092 1610 2145 vel
1672 2092 1832 2145 lintea
1899 2091 2229 2154 lavantihus,
2274 2095 2588 2164 perniciem
2651 2091 2866 2148 aﬂ'erre.
2928 2097 3077 2150 Multi
3133 2091 3277 2151 enim
3335 2099 3441 2152 huc
3504 2099 3631 2150 adio

371 2176 595 2248 gnntur,
639 2179 730 2248 aut
769 2163 988 2236 propter
1019 2181 1175 2235 aquae
1229 2164 1530 2218 deﬁcientis
1567 2164 1971 2226 necessitatem,
2023 2163 2286 2232 autquod
2323 2165 2553 2234 negotiis
2611 2165 2856 2235 impediti
2908 2167 3144 2221 interdiu
3179 2178 3358 2223 vestes
3395 2167 3618 2223 abluere.

371 2251 476 2288 non
507 2249 805 2304 qntvertut.

373 2325 523 2398 Apud
556 2326 776 2383 Diodor.
807 2326 1046 2382 Siculum
1075 2326 1166 2380 lib.
1201 2343 1238 2380 ιι
1273 2324 1526 2398 Bibliotlt.
1560 2326 1841 2398 aliquoties
1863 2328 1985 2379 item
2014 2326 2234 2398 citatum
2257 2326 2487 2398 Clesiam
2506 2328 2732 2397 reperies

2775 2343 2796 2380 :
2845 2329 2925 2382 uti
2945 2337 2997 2383 et
3029 2329 3169 2398 apud
3198 2327 3365 2385 Joan.
3399 2327 3632 2382 Taetzcn

1365 2397 1420 2449 in
1451 2396 1738 2452 Chiliadib.
1767 2409 1814 2451 et
1857 2397 2278 2464 arpocrationem
2307 2398 2362 2450 in
2388 2395 2606 2452 Lexico.

693 2577 884 2635 Ctesia:
921 2577 1096 2633 Cnidii
1127 2577 1432 2633 lndicorum
1476 2577 1629 2652 liber.

2316 2581 2580 2646 Κτησίου
2607 2581 2714 2636 τοῦ
2747 2581 2992 2637 Κνιδίου
3035 2580 3110 2635 τὰ
3139 2578 3376 2635 Ἰνδικά.

444 2674 572 2745 [ιεεί
605 2683 658 2729 et
684 2675 861 2728 Indica
887 2673 1103 2730 Ctesias.
1139 2671 1315 2741 magis
1343 2672 1506 2726 etiam
1586 2671 1769 2726 lonice
1810 2671 1952 2726 libro

377 2769 638 2838 singulari
659 2761 955 2837 descrip'ta.
986 2765 1385 2819 Relc-rtlndttm
1407 2764 1626 2819 ﬂuvium
1659 2766 1796 2834 (l9),
1847 2781 1954 2836 qua

378 2871 463 2916 est
495 2860 937 2929 augustissimus,
980 2857 1336 2926 quadraginta
1365 2867 1551 2924 patere
1607 2858 1806 2922 stadia,
1850 2873 1955 2924 qua

379 2953 708 3012 latissimus,
765 2952 1024 3004 ducenta.
1083 2947 1240 3001 ludos
1301 2948 1470 3011 solos,
1543 2958 1772 3001 caeteros
1844 2945 1958 3001 fere

381 3040 644 3095 mortales
687 3039 975 3092 universos
1033 3037 1383 3091 multitudine
1432 3052 1711 3106 superare.
1756 3038 1961 3092 Scribit

385 3135 454 3188 de
490 3146 673 3186 verme
705 3131 964 3198 quodam,
1022 3129 1112 3200 qui
1172 3129 1224 3182 in
1282 3129 1505 3182 ﬂumine
1529 3138 1634 3194 est,
1683 3139 1736 3183 et
1782 3129 1982 3184 solum.

381 3225 600 3292 quidem
625 3225 771 3280 hunc
805 3227 870 3277 de
908 3223 1122 3278 caeteris
1163 3221 1511 3285 animalibus,
1580 3222 1632 3276 in
1675 3238 1740 3277 eo
1787 3217 1967 3287 nasci,

382 3313 538 3370 Ultra
579 3313 740 3368 ludos
777 3313 951 3368 nullos
996 3312 1244 3367 habitare
1275 3312 1543 3366 homines.
1598 3313 1702 3367 Per
1722 3313 1959 3366 Indicam

386 3416 652 3476 praeterea
677 3405 952 3474 regionem
980 3419 1252 3474 nunquam
1275 3403 1461 3472 pluere
1483 3421 1497 3458 :
1517 3403 1820 3458 sedﬂnmen
1841 3419 1959 3457 eam
2001 3441 2006 3445 -

389 3501 591 3570 rigare.
614 3501 688 3554 De
715 3497 977 3567 pantarba
1013 3494 1124 3566 (20)
1151 3495 1378 3565 sigillari
1405 3509 1614 3564 gemma
1645 3513 1658 3549 :
1691 3506 1853 3564 atque
1884 3493 1964 3547 itt-

384 3598 469 3644 ter
496 3599 691 3655 cetera
731 3598 788 3641 ut
830 3588 944 3641 haec
983 3602 1186 3641 Lxxvnt
1233 3585 1498 3655 sigillares
1528 3601 1788 3656 gemmas,
1831 3583 1963 3653 lapi-

389 3686 593 3752 desque
622 3681 890 3750 pretiosos
912 3681 965 3734 in
991 3679 1186 3732 ﬂumen
1221 3679 1502 3745 conjectos
1561 3680 1739 3746 (erant
1771 3691 1832 3730 ea
1857 3676 1963 3728 Ba-

389 3776 517 3830 ctrii
553 3774 834 3844 cujusdam
872 3771 1159 3841 institoris)
1212 3771 1438 3824 invicem
1472 3770 1573 3824 sibi
1627 3771 1965 3825 adhaerentes

389 3867 709 3922 retraxerit.
776 3864 852 3918 De
902 3863 1305 3932 elephantibus,
1390 3863 1480 3930 qui
1538 3877 1722 3915 muros
1776 3861 1966 3914 dissol-

389 3969 522 4013 Vttnl
549 3957 662 4026 (2i)
699 3968 861 4026 atque
893 3964 1164 4010 evertunt.
1199 3956 1273 4009 De
1295 3954 1475 4022 parvis
1498 3954 1694 4018 Sintiis,
1728 3968 1959 4022 quarum

390 4053 578 4104 caudae
604 4054 670 4104 ad
700 4048 1162 4120 qnatnorcubitos
1181 4047 1601 4116 protenduntur.
1658 4046 1731 4100 De
1794 4048 1964 4098 maxi-

391 4142 496 4194 mis
516 4139 671 4208 gallis
697 4139 1008 4208 gallinaceis
1041 4138 1179 4208 (22).
1209 4137 1283 4192 De
1315 4138 1516 4191 bittaco
1539 4153 1637 4191 ave
1668 4138 1806 4209 (9.3),
1862 4138 1965 4192 hu-

390 4244 556 4284 mano
575 4243 832 4285 sermone
856 4244 916 4283 ac
945 4244 1077 4283 voce
1091 4229 1313 4297 praedita
1347 4246 1363 4284 :
1397 4228 1675 4298 accipitris
1703 4244 1821 4282 eam
1846 4243 1967 4283 esse

391 4323 768 4393 magnitudine
798 4331 853 4376 et
893 4320 1071 4376 fronte
1104 4335 1400 4392 purpurea,
1481 4321 1814 4390 barbamque
1876 4337 1966 4392 ge-

391 4425 540 4468 stare
558 4414 766 4484 nigram
796 4431 810 4468 :
843 4413 1038 4481 alioqui
1067 4412 1135 4466 ad
1163 4411 1362 4467 collum
1396 4411 1610 4465 caerulei
1633 4411 1831 4466 coloris
1860 4423 1966 4474 est,

393 4515 460 4567 ad
495 4514 709 4566 modum
734 4510 1066 4565 ciunabaris.
1101 4508 1351 4562 llominis
1397 4507 1523 4560 item
1557 4509 1609 4560 in
1644 4521 1847 4561 morem
1884 4506 1971 4558 lu-

393 4605 514 4660 dice
573 4605 711 4659 hanc
760 4618 913 4658 avem
955 4601 1097 4670 loqui
1153 4619 1165 4654 :
1226 4600 1336 4653 imo
1373 4609 1433 4655 et
1469 4599 1677 4664 Graece,
1741 4599 1785 4654 si
1826 4599 1970 4652 hunc

395 4711 612 4766 quoque
633 4705 938 4750 sermonem
967 4693 1126 4748 docta
1159 4691 1342 4789 fuerit.

2128 2667 2256 2740 [Hui
2279 2668 2372 2742 8.]
2419 2671 2758 2744 Ἀνεγνώσθη
2789 2675 2846 2726 δὲ
2869 2671 3036 2727 αὐτοῦ
3058 2671 3154 2725 καὶ
3189 2671 3258 2725 τὰ
3300 2669 3547 2733 Ἰνδικά,
3580 2672 3639 2723 ὲν

2056 2760 2137 2812 ἑνὶ
2188 2759 2398 2832 βιϐλίῳ,
2455 2765 2514 2816 ὲν
2541 2761 2623 2826 οἷς
2671 2765 2872 2834 μᾶλλον
2907 2765 3148 2829 Ἰωνίζει.
3180 2765 3343 2833 Λέγει
3375 2763 3505 2834 περὶ
3543 2763 3639 2816 τοῦ

2070 2849 2232 2903 Ἰνδοῦ
2267 2853 2512 2920 ποταμοῦ
2535 2853 2594 2907 τὸ
2614 2854 2711 2923 μὲν
2740 2855 2925 2908 στενὸν
2951 2855 3114 2908 αὑτοῦ
3140 2851 3298 2925 εὖρος
3322 2860 3377 2924 μ’
3407 2854 3642 2908 σταδίων

2058 2935 2220 3005 εἶναι,
2274 2941 2336 2994 τὸ
2389 2942 2447 2995 δὲ
2505 2944 2847 2998 πλατύτατον
2891 2946 2936 2976 ⁸⁷
2969 2947 3064 3000 καὶ
3121 2945 3435 2999 διακοσίων.
3475 2946 3645 3010 Λέγει

2061 3031 2192 3103 περὶ
2247 3033 2429 3086 αὐτῶν
2463 3035 2509 3066 ³⁸
2533 3037 2642 3088 τῶν
2688 3037 2866 3089 Ἰνδῶν
2890 3037 2972 3091 ὅτι
3023 3037 3245 3101 πλείους
3278 3037 3463 3108 σχεδὸν
3495 3055 3557 3090 συ
3569 3055 3642 3108 μ-

2061 3125 2279 3177 πάντων
2332 3126 2660 3196 ἁνθρώπων.
2720 3129 2856 3200 Περὶ
2903 3128 2999 3182 τοῦ
3048 3129 3332 3199 σκώληκος
3362 3130 3408 3162 ⁸⁹
3454 3130 3550 3182 τοῦ
3583 3133 3643 3182 ἐν

2061 3219 2141 3290 τῷ
2171 3219 2420 3290 ποταμῷ,
2448 3221 2476 3273 ὅ
2517 3223 2611 3274 καὶ
2637 3223 2796 3290 μόνον
2821 3222 2930 3275 τῶν
2971 3223 3145 3277 ἄλλων
3177 3222 3381 3293 Θηρίων
3405 3223 3462 3274 ἐν
3490 3222 3643 3292 αύτῷ

2062 3313 2296 3379 γίνεται.
2327 3311 2461 3380 Περὶ
2507 3310 2600 3362 τοῦ
2629 3310 2703 3381 μὴ
2737 3313 2904 3364 οἰκεῖν
2935 3312 3194 3366 ἐπέκεινα
3217 3311 3398 3366 αὐτῶν
3427 3310 3644 3382 ἀνθρώ-

2063 3419 2222 3465 πους.
2257 3403 2380 3453 ’Ότι
2410 3402 2508 3471 οὐχ
2531 3400 2636 3464 ὕει,
2668 3401 2785 3454 ἀλλ’
2806 3402 2910 3455 ὑπὸ
2937 3402 3032 3456 τοῦ
3061 3402 3308 3473 ποταμοῦ
3361 3404 3646 3467 ποτίζεται

2064 3498 2098 3566 ὴ
2133 3495 2354 3564 Ἰνδική.
2407 3495 2544 3564 Περὶ
2567 3493 2916 3563 παντάρϐας
2955 3497 3057 3565 τῆς
3102 3496 3417 3566 σφραγῖδος,
3454 3498 3546 3550 καὶ
3568 3497 3647 3559 ὡς

2064 3586 2172 3650 υοζ⁹
2199 3588 2243 3618 ⁹⁰
2260 3587 2561 3656 σφραγῖδας
2590 3587 2990 3657 ἁπορῤιφείσας
3010 3589 3104 3640 καὶ
3125 3587 3340 3656 τιμίους
3352 3587 3532 3649 λίθους
3561 3590 3643 3650 εἰς

2063 3682 2155 3733 τὸν
2187 3679 2450 3749 ποταμὸν,
2471 3679 2628 3732 ἆτινα
2642 3674 2709 3750 ἦν
2722 3678 2815 3732 τοῦ
2839 3680 3121 3751 Βακτρίων
3145 3681 3416 3752 καπήλου,
3435 3680 3575 3750 αὕτη
3596 3682 3642 3713 ⁸⁸

2067 3771 2386 3825 ἀνείλκυσεν
2426 3772 2692 3841 ἐχομένας
2731 3772 2998 3840 ἀλλήλων.
3034 3772 3168 3842 Περὶ
3188 3773 3298 3824 τῶν
3324 3789 3648 3841 τειχοκατα-

2065 3863 2242 3916 λυτῶν
2273 3862 2602 3931 ἐλεφάντων.
2632 3863 2768 3935 Περὶ
2809 3864 2918 3916 τῶν
2969 3864 3184 3934 μικρῶν
3241 3863 3492 3932 πιθήκων
3537 3864 3650 3916 τῶν

2069 3955 2304 4025 ἑχόντων
2361 3955 2527 4024 οὐρὰς
2586 3956 2976 4025 τετραπήχεις,
3029 3955 3126 4008 ita).
3151 3955 3196 3986 ⁹²
3235 3955 3366 4026 περὶ
3397 3955 3509 4008 τῶν
3526 3956 3655 4008 ἁλε-

2075 4047 2352 4118 κτρυόνων
2381 4049 2491 4100 τῶν
2529 4047 2824 4116 μεγίστων,
2872 4049 2967 4102 καὶ
3030 4047 3284 4118 περὶτοῦ
3324 4049 3512 4119 ὀρνέου
3553 4048 3651 4102 τοῦ

2074 4138 2354 4208 βιττάκου,
2383 4141 2466 4192 ὅτι
2495 4139 2747 4208 γλῶσσαν
2772 4139 3125 4212 ἀνθρωπίνην
3156 4141 3272 4210 ἔχει
3300 4141 3392 4213 [67
3431 4139 3527 4214 IL]
3553 4142 3652 4193 καὶ

2073 4229 2279 4300 φωνὴν,
2313 4227 2542 4298 μέγεθος
2573 4226 2672 4296 μὲν
2699 4228 2822 4279 ὅσον
2863 4227 3033 4297 ἱέραξ,
3065 4228 3373 4300 πορφύρεον
3395 4228 3452 4281 δὲ
3482 4230 3654 4300 πρόσ-

2073 4337 2241 4385 ωπον,
2275 4321 2368 4373 καὶ
2397 4317 2634 4387 πώγωνα
2661 4319 2818 4390 φέρει
2851 4319 3081 4389 μέλανα,
3111 4320 3242 4372 αὐτὸ
3264 4320 3322 4372 δὲ
3350 4320 3397 4351 ³⁸
3423 4319 3654 4374 κυάνεὸν

2072 4413 2219 4466 ἐστιν
2237 4409 2314 4474 ὡς
2347 4411 2394 4443 ’⁸
2419 4410 2512 4462 τὸν
2547 4411 2817 4480 τράχηλον
2874 4410 3064 4481 ὥσπερ
3105 4412 3395 4482 κιννάϐαρι
3419 4427 3434 4442 ο
3473 4410 3654 4464 διαλέ-

2071 4501 2348 4572 γεσθαιδὲ
2406 4501 2539 4553 αὐτὸ
2573 4500 2760 4571 ὥσπερ
2819 4501 3130 4571 ἄνθρωπον,
3185 4501 3424 4566 ’1-ιδιστὶ,
3487 4501 3556 4556 ἂν
3592 4501 3653 4555 δὲ

2083 4595 2388 4666 Ἑλληνιστὶ
2417 4595 2584 4666 μάθῃ,
2608 4596 2702 4646 καὶ
2745 4593 3066 4662 Ἑλληνιστί.

1705 4802 1935 4858 VARle
1971 4797 2134 4856 ωεστ
2151 4797 2261 4853 1ολ
2271 4795 2368 4852 ΕΒ.

467 4909 512 4940 ⁸⁷
535 4907 874 4962 πλατύτατον
903 4906 1210 4974 Stephanus
1271 4923 1286 4959 :
1347 4901 1683 4974 πλατύτερον
1719 4919 1780 4964 ς.

396 4979 677 5034 Aristotel.
711 4977 776 5031 ll.
802 4981 866 5029 Α.
899 4972 1019 5046 ικᾹ,
1051 4992 1104 5046 p.
1129 4974 1252 5029 474.
1327 4974 1374 5046 νο
1397 4972 1472 5046 ος
1498 4990 1566 5046 λς’.

398 5068 432 5120 p
459 5050 528 5104 46
553 5053 581 5102 b
608 5049 690 5104 10.
796 5045 964 5118 “tb;]
986 5041 1104 5109 ὡς.
1135 5083 1149 5097 .
1185 5083 1200 5098 .
1226 5084 1240 5099 .
1271 5083 1289 5110 ,
1323 5044 1554 5114 ἐρυθρὸν
1577 5041 1679 5095 δέἳ

1885 4899 1931 4930 ⁸⁸
1963 4898 2092 4968 περὶ
2119 4895 2244 4968 τῶν
2259 4895 2437 4948 αὐτῶν
2462 4911 2531 4968 ς.

1657 4973 1701 5003 ἰ
1745 4968 1884 5041 αὑτὴ
1918 4970 1985 5023 Α.

2627 4892 2672 4925 ⁸³
2693 4891 2788 4945 τοῦ
2847 4887 3150 4962 σκώληκος]
3182 4888 3661 4962 είηδρὶιηρίὰιξηιε

2087 4968 2133 4999 θ’
2164 4966 2259 5020 καὶ
2289 4968 2413 5020 add.
2446 4956 2511 5016 Α.
2617 4963 2664 4996 ⁸⁸
2687 4962 2769 5034 δὲ]
2794 4961 2849 5015 δὲ
2871 4965 2966 5016 καὶ
2992 4956 3055 5028 ςί.
3103 4956 3170 5015 ad
3216 4959 3349 5013 αὐτὸ
3395 4956 3468 5014 cf.
3503 4960 3661 5014 αὐτοὶ

1916 5155 2153 5212 NOTAE.

471 5281 582 5352 (l9)
618 5281 716 5337 llic
746 5282 862 5352 ipse
889 5281 1040 5337 locus
1067 5281 1140 5336 ita
1168 5282 1368 5335 citatus
1389 5279 1600 5352 legitur
1637 5277 1968 5352 ab_l_\rriano

400 5347 498 5408 lib.
523 5347 660 5406 v'De
692 5347 920 5418 expedit.
949 5353 1258 5406 Alexandri.
1289 5352 1358 5402 At
1379 5349 1590 5402 Ctesias
1633 5347 1848 5415 quidem
1878 5362 1966 5418 as-

403 5423 710 5494 seritilndi,
732 5415 835 5490 qua
853 5423 1271 5493 augustissimus
1307 5422 1351 5472 is
1383 5428 1460 5472 est
1479 5418 1546 5472 llO
1565 5419 1863 5494 stadiorum
1896 5415 1972 5465 la-

405 5493 639 5560 ιίιιιιὶἰμο
669 5487 814 5560 ripas
845 5487 986 5547 iutér
1027 5509 1086 5546 se
1116 5494 1352 5550 distare;
1396 5505 1498 5556 qua
1519 5503 1651 5560 vero
1673 5487 1974 5560 latissimus

404 5554 582 5614 etianf
597 5554 812 5617 centum
869 5579 1137 5618 summurn
1175 5554 1472 5615 stadiorum
1515 5557 1748 5628 spatium
1803 5557 1975 5608 inter-

407 5634 642 5688 medium
668 5649 810 5687 esse.

479 5702 592 5773 (20)
625 5701 988 5773 ligurritetiam
1019 5701 1345 5773 exstinxisse
1393 5701 1562 5773 telert
1606 5695 1965 5773 "(‘I‘iﬂtlfllllﬁ.

408 5767 701 5835 CM
729 5772 864 5828 Vide
913 5783 966 5827 et
1024 5771 1340 5826 Philostrat.
1407 5770 1480 5824 De
1514 5770 1622 5822 rita
1677 5767 1966 5829 Apollonii,

2077 5273 2171 5326 lib.
2203 5287 2285 5324 ttt.

2151 5342 2266 5410 (2t)
2303 5340 2529 5410 Pectore
2554 5352 2673 5400 suo,
2723 5351 2844 5410 cum
2876 5351 2974 5410 res
3006 5333 3314 5410 indicorum
3351 5331 3542 5410 jubet,
3587 5333 3658 5385 iis

2081 5403 2458 5465 inentnbendo.
2479 5409 2618 5477 Lege
2635 5408 2834 5478 cap.29
2853 5404 3053 5460 [Eliani
3073 5405 3146 5460 De
3163 5404 3384 5457 animal.
3405 5403 3498 5455 lib.
3520 5419 3662 5467 xvtt,

2083 5483 2170 5533 ttlti
2214 5482 2366 5546 plura
2404 5481 2473 5534 de
2505 5481 2608 5532 his.

2155 5543 2266 5618 (2‘2)
2303 5551 2438 5603 llinc
2477 5550 2772 5616 sumpsisse
2798 5547 3012 5600 videtur
3071 5560 3189 5613 quae
3221 5546 3306 5618 der
3336 5543 3530 5598 iisdem
3577 5558 3663 5596 re-

2080 5615 2185 5675 fert
2215 5619 2418 5674 1Elian.
2455 5619 2530 5672 De
2570 5615 2817 5679 anima’.,
2857 5618 2951 5669 lib.
2986 5632 3096 5676 xvt,
3135 5631 3254 5683 cap.
3281 5615 3332 5668 2.

2153 5692 2266 5757 (‘25)
2295 5690 2592 5744 Psittacum
2631 5700 2824 5740 vocant
2865 5687 2976 5757 alii.
3032 5682 3276 5740 Meminit
3303 5682 3422 5757 iul'._
3444 5695 3664 5754 quoque

2080 5752 2517 5826 Olvmpiodorus,
2546 5760 2666 5812 cod.
2697 5759 2788 5824 8|),
2815 5767 2866 5812 et
2886 5753 3086 5812 {Etiam
3126 5771 3231 5812 non
3254 5752 3447 5810 semel.
