3942 6234
281 247 388 327 2η

1356 264 1892 327 BIBLIOTHECA.
1932 290 2001 300 --
2039 231 2225 326 conf
2245 263 2488 325 LXXII.

3450 263 3556 328 214

355 373 499 449 Περὶ
529 375 632 446 τῆς
662 377 872 447 κρήνης
901 376 1001 448 τῆς
1033 377 1415 449 πληρουμένης
1441 377 1525 432 ἀν’
1551 378 1672 444 ἔτος
1701 373 1866 447 ὑγροῦ

2047 373 2173 442 Agit
2203 373 2268 427 de
2286 372 2433 427 fonte
2459 371 2596 443 (ιιι),
2631 371 2722 442 qui
2746 371 2973 426 humido
3002 371 3298 440 quotannis
3322 386 3457 428 auro
3477 374 3549 427 ita

275 469 528 542 χρυσίου,
565 465 628 534 ἒξ
666 463 733 540 ἧς
761 469 956 524 ἑκατὸν
985 469 1180 540 πρόχοι
1201 471 1246 502 ⁸⁵
1294 470 1608 540 ὀστράκινοι
1642 471 1724 522 ἀν’
1750 470 1870 532 ἔτος

272 560 540 630 ἀρύονται
564 577 578 591 ·
615 561 973 630 ὀστρακίνους
996 561 1053 614 δὲ
1081 563 1162 614 δεῖ
1187 557 1346 627 εἶναι,
1378 563 1503 615 ἐπεὶ
1533 563 1805 632 πήγνυται
1840 563 1870 615 ὁ

271 654 479 724 χρυσὸς
543 637 951 724 ἀπαρυόμενος,
1005 657 1099 708 καὶ¹
1122 657 1339 726 ἀνάγκη
1378 656 1440 709 τὸ
1483 657 1704 726 ἀγγεῖον
1734 656 1870 725 θλᾷν

271 746 368 800 καὶ
392 745 576 810 οὕτως
631 746 922 816 ἐξαγαγεῖν
950 748 996 780 ⁸⁸
1029 749 1215 803 αὐτόν.
1252 749 1319 802 Ἠ
1355 750 1413 804 δὲ
1462 751 1640 821 κρήνη
1670 751 1867 821 τετρά-

272 839 452 906 γωνός
501 841 672 904 ἐστιν,
727 840 1024 893 ἑκκαίδεκα
1070 842 1168 910 μὲν
1205 842 1397 913 πηχῶν
1434 844 1468 914 ή
1508 843 1863 914 περίμετρος,

270 930 333 982 τὸ
374 930 436 983 δὲ
493 931 660 1002 βάθος
711 932 943 1002 ὀργυιάο
989 934 1194 1002 ἑκάστη
1249 934 1306 986 δὲ
1351 935 1558 1006 προχοὴ
1599 935 1866 990 τάλαντον

271 1021 446 1075 ἕλκει.
490 1024 602 1076 Καὶ
629 1025 759 1094 περὶ
785 1024 882 1077 τοῦ
907 1025 964 1077 ἐν
997 1023 1074 1094 τῷ
1131 1025 1366 1096 πυθμένι
1411 1027 1512 1094 τῆς
1542 1028 1751 1098 κρήνης
1781 1045 1861 1080 σι-

271 1113 467 1183 δήρου,
499 1115 560 1180 ἐξ
584 1108 644 1167 οὗ
672 1115 768 1168 καὶ
797 1115 890 1168 δύο
915 1115 1042 1185 ξίφη
1068 1116 1314 1185 Κτησίας
1347 1117 1512 1187 φησιν
1542 1120 1858 1188 ἐσχηκέναι,

270 1205 330 1259 ἐν
351 1208 513 1278 παρὰ
547 1207 812 1277 βασιλέως
845 1209 940 1262 καὶ
966 1209 1028 1261 τὸ
1050 1208 1178 1277 ἄλλο
1207 1209 1252 1242 9"
1283 1210 1437 1278 παρὰ
1468 1211 1568 1279 τῆς
1596 1211 1690 1263 τοῦ
1707 1212 1864 1280 βασι-

270 1298 410 1362 λέως
463 1303 674 1372 μητρὸς
728 1302 1126 1371 Παρυσάτιδος.
1154 1303 1294 1372 Φησὶ
1325 1303 1381 1355 δὲ
1420 1304 1548 1373 περὶ
1586 1303 1752 1357 αὐτοῦ
1781 1305 1864 1357 ὅτι

272 1392 626 1462 πηγνύμενος
655 1393 714 1445 ὲν
745 1396 811 1465 τῇ
843 1395 913 1464 γῇ
947 1393 1144 1462 νέφους
1184 1394 1280 1446 καὶ
1310 1394 1552 1463 χαλάζης
1583 1396 1680 1447 καὶ
1717 1412 1862 1465 πρη-

272 1484 492 1554 στήρων
514 1485 664 1538 ἐστὶν
697 1486 1068 1557 ἀποτρόπαιον
1091 1485 1136 1517 ⁸⁸
1164 1502 1178 1516 ⁶
1215 1485 1309 1538 καὶ
1340 1486 1466 1538 ἰδεῖν
1499 1487 1663 1539 αὐτὸν
1689 1485 1864 1540 ταῦτά

274 1594 410 1647 φησι
443 1577 709 1648 βασιλέως
741 1577 822 1642 δὶς
860 1579 1206 1649 ποιήσαντος.

340 1845 484 1915 Περὶ
515 1845 630 1900 τῶν
658 1846 841 1900 κυνῶν
867 1849 978 1902 τῶν
1010 1848 1272 1915 Ἰνδικῶν,
1295 1849 1376 1904 ὅτι
1407 1850 1656 1920 μέγιστοί
1699 1853 1862 1917 εἰσιν,

267 1935 342 1999 ὡς
373 1936 476 1988 καὶ
532 1936 710 1989 λέοντι.
744 1938 1032 2008 μάχεσθαι.
1067 1941 1201 2011 Περὶ
1239 1941 1349 1993 τῶν
1385 1941 1528 2010 ὀρῶν
1557 1943 1666 1996 τῶν
1701 1946 1866 2015 μεγά-

269 2029 397 2094 λων,
429 2028 494 2094 ἐξ
519 2022 595 2084 ὧν
623 2031 657 2098 ἦ
691 2047 752 2083 τε
799 2033 982 2102 σαρδὼ
1011 2033 1306 2102 ὀρύσσεται
1331 2035 1426 2086 καὶ
1449 2035 1499 2086 οί
1542 2034 1734 2104 ὄνυχες
1765 2037 1862 2090 καὶ

269 2124 324 2175 al
357 2123 523 2177 ἄλλαι
553 2124 1018 2194 σφραγῖδες.”οτι
1049 2123 1180 2177 ἀλέα
1202 2125 1394 2195 πολλὴ,
1427 2125 1523 2179 καὶ
1550 2127 1631 2179 ὅτι
1651 2129 1680 2178 ὁ
1709 2126 1862 2197 ἥλιος

270 2211 661 2266 δεκαπλασίων
710 2213 772 2266 τὸ
828 2213 1057 2284 μέγεθος
1095 2215 1129 2284 ἢ
1186 2215 1244 2268 ἐν
1269 2217 1389 2277 ταῖς
1435 2215 1624 2279 ἄλλαις
1653 2219 1860 2287 χώραις

268 2302 436 2366 αὐτὸς
466 2305 667 2357 ἑαυτοῦ
690 2306 962 2374 φαίνεται,
995 2308 1090 2358 καὶ
1121 2307 1306 2360 πολλοὶ⁸
1322 2308 1557 2361 ἐνταῦθα
1580 2309 1656 2378 τῷ
1680 2311 1860 2379 πνίγει

269 2395 614 2463 φθείρονται.
655 2398 765 2451 Καὶ
798 2398 1073 2452 θάλασσάν
1104 2417 1268 2470 φησιν
1295 2401 1486 2453 αὐτόθι
1523 2402 1674 2454 οὐδὲν
1703 2403 1859 2455 ἔλατ-

266 2482 358 2540 τόν
389 2489 438 2519 ’θ
468 2488 574 2558 τῆς
613 2489 968 2559 Ἑλληνικῆς·
997 2492 1057 2542 τὺ
1090 2491 1149 2542 δὲ
1181 2492 1294 2546 ἄνω
1319 2493 1490 2562 αὐτῆς
1515 2493 1619 2556 ἕως
1657 2497 1858 2548 τεσσά-

271 2594 382 2646 ρων
415 2578 699 2632 δακτύλωι
749 2581 949 2650 Θερμὸν
1007 2578 1171 2646 εἶναι,
1225 2583 1369 2637 (bare
1429 2584 1505 2653 μὴ
1548 2585 1702 2652 ἰχθὺν
1757 2584 1858 2655 ζῇν

268 2671 738 2738 προσπελάσαντα
802 2673 880 2744 τῷ
941 2675 1166 2746 θερμῷ,
1221 2677 1356 2732 ἀλλὰ
1409 2678 1657 2733 κάτωθεν
1715 2679 1858 2733 διαι-

267 2762 448 2816 τᾶσθα
457 2781 496 2817 ι.

338 2936 469 2992 Ὀτι
531 2939 561 2993 ὁ
602 2939 764 3005 Ἰνδὸς
820 2943 1068 3013 ποταμὸς
1112 2945 1250 3016 ῥέων
1295 2949 1384 3003 διὰ
1443 2954 1640 3008 πεδίων
1669 2956 1764 3009 καὶ
1789 2956 1859 3010 δι’

1979 465 2288 532 impleatur,
2325 473 2384 518 ιιι
2431 472 2648 518 centum
2679 479 2745 518 ex
2770 479 2836 518 eo
2859 464 3009 518 urcei
3043 462 3236 518 lietiles
3275 463 3400 516 anni
3425 478 3552 531 spa-

1975 556 2050 611 tio
2075 557 2417 610 hauriantur.
2455 555 2677 610 Fictiles
2717 566 2896 610 autem
2930 570 3055 611 esse
3083 571 3276 610 urceos
3298 563 3553 624 propter-

1973 664 2037 704 ea
2086 659 2360 716 oportere,
2392 648 2534 716 quod
2586 647 2836 701 haustum
2872 664 2993 700 mox
3022 646 3161 718 45b
3197 661 3390 699 aurum
3423 662 3555 700 cou-

1971 751 2208 808 crescat,
2270 750 2332 794 ut
2385 742 2452 794 ad
2520 740 2650 793 illud
2686 739 3024 794 educendum
3069 753 3162 792 vas
3217 740 3393 806 ipsum
3425 753 3553 791 cou-

1971 830 2212 900 friugere
2239 845 2467 886 necesse
2489 831 2577 885 sit.
2606 828 2834 886 Fontem
2879 833 3056 899 ipsum
3085 830 3408 898 quadratum
3429 844 3554 884 esse

1968 922 2157 986 refert,
2192 920 2430 977 sedecim
2456 922 2762 976 cubitorum
2803 921 3011 977 ambitu
3059 922 3335 988 uniusque
3365 919 3554 970 altitu-

1969 1015 2095 1069 dine
2126 1033 2142 1067 :
2182 1014 2411 1083 singulis
2443 1028 2608 1081 porro
2633 1013 2812 1067 urceis
2837 1013 3046 1080 singula
3079 1012 3281 1065 talenta
3310 1011 3425 1063 auri
3454 1026 3553 1063 ex-

1970 1107 2134 1160 trahi.
2158 1105 2233 1159 De
2249 1104 2415 1170 ferro,
2445 1105 2660 1174 quodin
2685 1104 2847 1168 hujus
2881 1103 3047 1158 fontis
3066 1102 3232 1156 fundo
3260 1103 3548 1168 reperitur,

1966 1214 2031 1252 ex
2056 1199 2310 1267 quoduos
2342 1211 2403 1251 se
2433 1196 2692 1249 habuisse
2731 1195 3020 1263 aliquando
3045 1195 3251 1264 gladios
3285 1195 3399 1261 ipse
3424 1193 3554 1247 Cte-

1967 1291 2077 1345 sias
2114 1297 2529 1352 commemorat,
2598 1304 2761 1340 unum
2796 1303 2826 1340 a
2862 1303 2983 1354 rege
3031 1287 3171 1357 (‘25),
3233 1288 3479 1339 alterum
3523 1287 3566 1337 a’

1965 1381 2285 1453 Parysatide
2305 1380 2448 1450 regis
2479 1379 2650 1450 ipsius
2696 1389 2871 1432 matre
2917 1379 3016 1433 sibi
3055 1380 3336 1432 dohatum.
3399 1376 3551 1430 Ferri

1966 1481 2150 1526 autem
2185 1471 2346 1537 huius
2380 1486 2498 1526 eam
2530 1486 2651 1526 esse
2681 1471 2814 1538 vim,
2838 1479 2898 1524 ut
2947 1470 2999 1523 in
3037 1479 3236 1522 terram
3261 1470 3552 1538 depactqu

1966 1563 2212 1629 nebulas,
2267 1562 2674 1630 etgrandiues,
2731 1562 3090 1631 turbinesquc
3149 1568 3380 1621 avertat.
3449 1561 3554 1613 hoc

1965 1657 2211 1711 semelse
2235 1656 2542 1725 iterumque
2571 1655 2797 1722 vidisse,
2841 1669 2968 1709 cum
3028 1669 3123 1708 rex
3168 1653 3284 1721 ipse
3321 1651 3440 1722 ejus
3472 1654 3549 1708 rei

1894 1727 1937 1781 Β
1969 1747 2266 1818 periculum
2300 1744 2532 1800 faceret.

2046 1837 2122 1890 De
2143 1837 2376 1892 canibus
2425 1835 2625 1891 Iudicis
2671 1836 2785 1906 (26)
2847 1846 3013 1892 tanta:
3041 1835 3456 1906 magnitudinis,
3491 1845 3554 1887 ut

1964 1947 2086 1986 cum
2112 1931 2245 2000 ipsis
2274 1946 2492 2003 quoque
2535 1931 2784 1987 leonibus
2837 1943 3113 1987 certamen
3202 1931 3408 1984 lneant.
3475 1929 3552 1984 De

1963 2024 2302 2094 magnisillis
2338 2024 2637 2091 montibus,
2706 2039 2770 2077 ex
2809 2025 3007 2092 quibus
3041 2039 3164 2078 cum
3193 2023 3378 2088 sardo,
3435 2031 3549 2075 tum

1961 2115 2204 2183 onyches
2235 2115 2424 2178 etiam,
2462 2124 2628 2185 atque
2658 2115 2778 2168 alite
2804 2129 3030 2182 gemma:
3061 2113 3414 2168 eﬂodiuntur.
3459 2110 3551 2164 lu-

1963 2215 2180 2274 gentem
2209 2206 2316 2262 illic
2347 2207 2541 2261 smvire
2570 2197 2782 2266 :e‘smm.
2849 2207 3134 2274 solemque
3189 2207 3362 2273 ipsum
3387 2205 3554 2258 decu-
3627 2215 3650 2231 ι

1961 2300 2049 2368 plo
2071 2315 2232 2369 quam
2278 2300 2331 2354 in
2385 2300 2506 2354 aliis
2560 2301 2872 2367 regionibus
2925 2297 3184 2366 majorem
3242 2296 3451 2350 videri:
3485 2310 3553 2348 ac

1963 2392 2163 2446 multos
2189 2393 2245 2446 in
2277 2406 2339 2445 ea
2375 2393 2599 2460 regione
2635 2392 2896 2446 mortales
2934 2401 3066 2445 aestu
3109 2388 3430 2460 prazfocatos
3456 2403 3550 2442 ex-

1959 2485 2180 2553 etiugui.
2209 2484 2357 2539 Mare
2386 2484 2460 2538 ibi
2488 2485 2838 2538 nihilominus
2856 2500 3017 2551 quam
3037 2483 3283 2538 Graecum
3317 2482 3441 2535 ﬂatu
3469 2491 3552 2532 tu-

1963 2592 2111 2630 mere
2134 2592 2147 2626 :
2176 2591 2304 2629 vero
2327 2576 2376 2628 id
2396 2577 2448 2628 in
2472 2591 2704 2640 smnmo,
2729 2576 3040 2643 adquatuor
3063 2589 3235 2642 usque
3257 2573 3550 2642 digitorum

1959 2669 2324 2732 altitudinem,
2354 2666 2621 2721 fervidum
2640 2681 2761 2721 esse
2782 2685 2796 2730 ;
2820 2669 3063 2737 adeoque
3093 2667 3435 2736 pisccsjuxta
3455 2680 3550 2718 ca-

1959 2763 2128 2819 lorem
2145 2761 2292 2814 illum
2314 2762 2491 2814 vivere
2505 2762 2649 2814 nullo
2663 2762 2821 2814 modo
2835 2760 3110 2830 posse,sed
3128 2761 3180 2812 in
3197 2759 3548 2827 imisdegere.

2032 2850 2224 2904 ludum
2273 2849 2495 2903 ﬂuvium
2534 2866 2630 2918 per
2685 2852 3015 2920 campestria
3065 2850 3328 2914 delatum,
3401 2850 3552 2917 ipsos

1960 2925 2190 3013 quoque.
2217 2941 2720 3005 montesinterlabi,
2759 2942 2811 2996 in
2852 2942 3028 3011 iisque
3064 2941 3199 2994 locis
3225 2939 3375 2993 nasci
3407 2939 3551 2991 cala-

270 3028 447 3131 ὀρέων
465 3031 574 3100 ῥεῖ,
601 3031 662 3085 ὲν
708 3027 790 3096 οἷς
838 3036 982 3089 καὶὸ
1015 3037 1311 3106 λεγόμενος
1352 3042 1570 3106 Ἰνδικὸς
1615 3047 1862 3119 κάλαμος

1972 3055 2116 3093 ιιιιιηι
2146 3037 2281 3108 (27),
2322 3051 2483 3106 quem
2517 3034 2994 3096 vocantludicum,
3046 3042 3210 3087 tanta:
3235 3029 3554 3084 crassitudi-

273 3121 495 3188 φύεται,
547 3122 725 3193 πάχος
754 3127 856 3196 μὲν
887 3127 1012 3180 ὅσον
1035 3129 1146 3182 δύω
1168 3133 1182 3162 ¹
1219 3133 1379 3203 ἄνδρε
1414 3143 1869 3212 περιωργυιωμέ-

274 3230 356 3266 νοι
387 3213 765 3285 περιλάϐοιεν,
803 3219 864 3270 τὸ
892 3219 949 3272 δὲ
993 3220 1127 3288 ὕψος
1153 3224 1277 3277 ὅσον
1317 3230 1651 3299 μυριοφόρου
1688 3234 1708 3263 ²
1735 3235 1875 3296 νεὼς

276 3305 429 3368 ἱστός
448 3321 466 3337 ο
491 3308 602 3360 εἰσὶ
632 3310 725 3361 καὶ
751 3308 830 3363 ἔτι
886 3312 1107 3380 μείζους
1136 3316 1232 3367 καὶ
1261 3317 1538 3383 ἐλάττους,
1564 3322 1709 3386 οἵους
1727 3326 1875 3390 εἰκὸς

274 3395 333 3447 ὲν
353 3396 474 3467 ὄρει
502 3398 748 3468 μεγάλῳ.
769 3397 921 3454 Εἶναι
935 3402 989 3455 δὲ
1010 3404 1120 3456 τῶν
1132 3404 1396 3474 καλάμων
1421 3409 1517 3460 κα)⁸
1533 3410 1768 3481 ἅρῤενας
1780 3415 1875 3468 καὶ

276 3488 524 3560 θηλείας.
551 3491 611 3543 '0
627 3491 727 3561 μὲν
743 3492 836 3546 οὖν
857 3495 1034 3566 ἄρρην
1049 3497 1372 3568 ἐντεριώνην
1389 3499 1488 3552 οὐκ
1505 3500 1616 3571 ἔχει.
1639 3503 1733 3556 καὶ
1759 3504 1875 3558 ἔστι

277 3581 456 3652 κάρτα
473 3582 715 3654 ἰσχυρὸς,
729 3585 763 3653 ἡ
774 3583 831 3636 δὲ
848 3585 1035 3655 θήλεια
1056 3586 1305 3656 ἕχει.Κα“ι
1319 3589 1549 3659 περὶτοῦ
1569 3599 1874 3666 μαρτιχόρα

276 3671 369 3724 τοῦ
397 3675 458 3724 ἐν
490 3674 679 3738 αὐτοῖς
704 3674 857 3739 ὄντος
881 3677 1095 3748 θηρίου,
1124 3679 1197 3740 th;
1227 3680 1286 3732 τὺ
1319 3683 1612 3750 πρόσωπον
1629 3686 1820 3747 ἐοικὼς
1847 3686 1870 3718 ³

278 3765 566 3834 ἀνθρώπῳ
603 3767 834 3836 μέγεθος
861 3769 960 3839 μέν
990 3772 1137 3823 ἐστιν
1164 3771 1358 3842 ὥσπερ
1391 3774 1550 3840 λέων,
1584 3779 1678 3829 καὶ
1705 3779 1873 3848 χρόαν

278 3854 513 3931 ἐρυθρὸς
534 3857 611 3920 ὡς
636 3858 945 3929 κιννάϐαρι,
981 3858 1110 3930 [145
1137 3860 1226 3933 IL]
1263 3863 1526 3934 τρίστιχοι
1551 3867 1607 3919 δὲ
1626 3867 1868 3933 ὀδόντες*

276 3944 392 3999 ὦτα
419 3947 479 4000 δὲ
505 3946 698 4019 ὥσπερ
746 3950 1062 4021 ἀνθρώπου,
1114 3955 1207 4006 καὶ
1245 3954 1561 4026 ὀφθαλμοὺς
1599 3958 1874 4026 γλαυκοὺς

276 4037 503 4107 ὁμοίους
533 4039 829 4113 ἀνθρώπῳ,
857 4045 956 4113 τὴν
988 4044 1044 4097 δὲ
1076 4047 1277 4115 κέρκον
1302 4047 1414 4117 ἔχει
1443 4049 1673 4121 οἵανπερ
1706 4068 1873 4120 σκορ-

278 4128 400 4191 πίος
427 4129 459 4180 6
493 4131 838 4202 ἠπειρώτης,
867 4129 985 4206 ὲνῇ
1016 4137 1110 4188 καὶ
1147 4137 1206 4190 τὸ
1253 4138 1479 4209 κέντρον
1528 4140 1666 4210 ἔχει,
1699 4144 1872 4213 μείζω

278 4219 639 4290 ὑπάρχουσαν
661 4222 683 4254 δ
706 4225 908 4294 πήχεος
935 4227 977 4279 ⁸.
1011 4229 1164 4298 Ἔχει
1197 4229 1252 4281 δὲ
1283 4231 1380 4282 καὶ
1420 4232 1484 4282 ἐκ
1513 4232 1745 4298 πλαγίου
1771 4236 1872 4305 τῆς

280 4313 486 4385 κέρκου
518 4315 649 4369 ἔνθα
681 4319 778 4371 καὶ
829 4319 958 4373 ἔνθα
986 4321 1207 4389 κέντρα,
1244 4323 1358 4393 ἔχει
1391 4323 1447 4376 δὲ
1478 4325 1572 4377 καὶ
1596 4327 1681 4378 ἐπ’
1715 4327 1870 4399 ἄκρῳ

1953 3130 2086 3194 .nis,
2144 3138 2407 3198 quautam
2440 3128 2548 3181 duo
2601 3128 2763 3181 simul
2805 3128 3056 3182 homines
3115 3124 3376 3193 expansis
3410 3121 3554 3175 ulnis

1971 3216 2266 3288 complecti
2293 3219 2522 3288 possint,
2550 3219 2852 3274 altitudinis
2873 3233 3023 3283 vero,
3077 3226 3278 3287 quanta
3314 3224 3400 3269 est
3426 3213 3555 3266 mali

1977 3314 2213 3384 iungentis
2235 3312 2502 3367 onerariae
2525 3313 2704 3366 navis.
2735 3311 2870 3364 Esse
2903 3320 3084 3364 tamen
3109 3310 3251 3363 inter
3283 3307 3384 3362 hos
3403 3304 3557 3360 cala-

1979 3421 2097 3461 mos
2130 3405 2366 3474 majores
2397 3403 2769 3472 minoresque,
2822 3401 3280 3471 quemadmodum
3337 3401 3391 3452 in
3439 3413 3555 3452 ma-

1981 3511 2088 3565 gno
2195 3496 2378 3560 aliquo
2454 3501 2638 3547 tuente
2714 3495 2966 3547 accidere
3038 3493 3198 3546 solet.
3280 3491 3338 3544 lu
3433 3505 3553 3542 ma-

1978 3602 2093 3643 rem
2122 3587 2250 3641 item
2305 3585 2673 3654 feminamque
2718 3586 2937 3639 eosdem
2975 3585 3258 3652 distingui,
3300 3591 3355 3637 et
3403 3582 3554 3636 illmn

1976 3682 2195 3751 quidem
2233 3681 2524 3733 admodum
2584 3693 2704 3732 esse
2751 3677 2986 3730 validum
3038 3690 3103 3730 ac
3149 3676 3387 3738 ﬁrmum,
3438 3673 3556 3728 sine

1975 3774 2232 3838 medulla,
2304 3789 2466 3842 quam
2537 3782 2716 3826 tamen
2777 3771 2972 3824 haheat
3045 3768 3269 3823 femina.
3327 3767 3403 3821 De
3469 3779 3560 3820 re-

1976 3865 2151 3936 gionis
2190 3865 2332 3918 illius
2355 3863 2573 3916 animali
2622 3863 2808 3918 scribit
2854 3862 3183 3917 martichora
3229 3860 3340 3931 (9.8)
3365 3860 3550 3920 dicto:

1976 3960 2271 4014 humanum
2303 3959 2353 4011 id
2386 3958 2590 4012 referre
2635 3958 2876 4024 vultum,
2928 3957 3102 4012 leonis
3157 3956 3550 4020 magnitudine,

1973 4048 2154 4104 colore
2173 4048 2490 4103 cinnabaris
2514 4047 2570 4101 in
2603 4049 2820 4102 modum
2855 4047 3106 4102 rubente.
3155 4046 3448 4115 Triplicem
3477 4046 3553 4100 illi

1974 4155 2096 4195 esse
2129 4141 2373 4194 dentium
2407 4139 2680 4205 ordinem,
2738 4154 2897 4194 aures
2946 4139 3202 4194 humanis
3233 4138 3460 4202 similes,
3497 4145 3555 4192 et

1972 4229 2164 4284 oculos
2189 4244 2343 4298 atque
2374 4240 2564 4284 nostro
2587 4243 2741 4284 more
2772 4228 3013 4298 glaucos,
3047 4229 3273 4282 caudam
3295 4229 3420 4282 item
3455 4242 3557 4281 cu-

1974 4321 2130 4376 bitali
2167 4321 2426 4390 majorem
2457 4321 2678 4386 habere,
2715 4321 2929 4390 qualem
2973 4321 3220 4390 scorpius
3252 4318 3561 4385 terrestris,
3602 4362 3604 4364 τ

280 4403 473 4476 ὥσπερ
510 4408 773 4478 σκορπίος
799 4411 1044 4483 κέντρον.
1065 4414 1176 4466 Καὶ
1207 4414 1384 4486 τούτῳ
1417 4416 1537 4487 μὲν,
1570 4418 1666 4470 ἐὰν
1694 4436 1865 4489 προσ-

1972 4417 2024 4471 in
2051 4432 2156 4486 qua
2186 4425 2242 4471 et
2267 4416 2510 4481 aculeus,
2574 4418 2675 4471 etsi
2699 4416 2902 4485 alioqui
2936 4415 3023 4470 illa
3055 4431 3151 4487 per
3176 4426 3553 4470 transversum

281 4496 410 4568 ἑλθῃ
441 4515 550 4562 τις,
584 4503 767 4554 κεντεί
791 4503 871 4571 τῷ
897 4505 1134 4575 κέντρῳ,
1152 4506 1247 4558 καὶ
1281 4507 1501 4570 πάντως
1529 4509 1558 4561 ὁ
1583 4509 1868 4582 κεντηθεὶς

281 4588 660 4663 ἀποθνήσκειν
723 4592 820 4646 ἐὰν
869 4594 928 4648 δέ
981 4613 1065 4658 τις
1111 4597 1396 4667 πόρρωθεν
1443 4587 1700 4670 μάχηται
1727 4603 1868 4671 πρὸς

281 4681 466 4748 αὐτὸν,
497 4685 596 4738 καὶ
619 4684 931 4758 ἔμπροσθεν
969 4689 1121 4753 ἱστὰς
1175 4689 1273 4758 τὴν
1301 4690 1468 4758 οὐρὰν
1509 4690 1701 4761 ὥσπερ
1756 4691 1866 4745 ἀπὸ

282 4773 437 4839 τόξου
703 4781 817 4843 τοῖς
837 4779 1108 4851 κέντροις,
1151 4781 1249 4835 καῖ
1279 4781 1503 4836 ὄπισθεν
1528 4783 1617 4837 ἐπ’
1647 4782 1862 4846 εὐθείας

1973 4506 2138 4561 etiam
2173 4505 2346 4574 spinis
2371 4519 2562 4574 aspera
2583 4506 2676 4559 sit.
2699 4505 2964 4559 Aculeum
2988 4505 3116 4557 item
3142 4506 3194 4557 iu
3228 4507 3432 4558 vertice
3457 4518 3554 4572 ge—

1974 4612 2119 4662 rere,
2142 4607 2201 4652 ιιι
2233 4600 2506 4668 scorpius,
2544 4611 2718 4666 eoque
2751 4597 3072 4650 accedentes
3097 4597 3168 4649 ita
3199 4611 3460 4666 pungere,
3495 4604 3556 4649 ut

1976 4705 2078 4745 nec
2104 4699 2334 4745 mortem
2367 4689 2479 4744 ullo
2527 4700 2710 4756 pacto,
2759 4689 3070 4758 quieunque
3101 4703 3392 4756 percussus
3432 4688 3553 4744 fue-

1977 4785 2069 4850 rit,
2109 4785 2340 4840 evadere
2361 4783 2554 4854 possit.
2614 4779 2735 4834 Jam
2768 4782 2811 4835 si
2845 4781 2968 4850 quis
2999 4782 3214 4836 eminus
3263 4797 3389 4837 cum
3453 4782 3557 4836 huc

1551 4897 1783 4952 VABUE
1839 4896 2144 4954 LECTION
2150 4899 2256 4954 ES.

355 5004 405 5035 ’⁸
431 5004 668 5079 προχοαὶ
713 5025 780 5079 ς·Ζ
841 5007 908 5079 _°°
935 5007 1150 5079 ἐξάγειν
1184 5015 1270 5074 ς.’
1322 5011 1367 5042 ⁹⁷
1398 5011 1461 5065 τὺ
1479 5011 1607 5066 ἄλλο
1630 5012 1675 5065 Α
1707 5031 1720 5066 :
1756 5013 1816 5065 ἒν
1842 5031 1904 5079 ς’.

1985 5015 2030 5047 ³⁸
2063 5013 2434 5079 ἀποτρόπαιος
2463 5033 2524 5080 ς.
2601 5015 2648 5048 ”
2699 5021 2919 5081 praestat
2970 5014 3229 5068 ἐλάττονα
3304 5017 3322 5047 ί
3351 5011 3445 5068 δύο
3491 5031 3553 5080 ς.

286 5073 306 5103 ²
341 5073 728 5147 μυριαμέρόρου
759 5075 974 5134 Lobeck
1013 5073 1080 5134 ad
1107 5073 1385 5151 Phi-yuich
1413 5097 1464 5150 p.
1503 5083 1628 5138 662.
1704 5084 1726 5116 ³
1746 5073 1923 5148 ἐοικὸς
1951 5103 2013 5149 ς.
2090 5087 2112 5118 ’⁵
2138 5073 2452 5154 ὑπάρξουσᾶ
2473 5073 2551 5150 ’ςο
2626 5085 2649 5117 ⁸
2681 5073 2899 5156 πήχεως
2924 5103 2984 5150 ς.

1797 5201 1937 5259 ΝΟΤ
1950 5203 2040 5260 ΑΞ.

357 5289 471 5361 (24)
506 5288 670 5346 Falsa
686 5290 799 5346 haec
821 5306 944 5347 esse
965 5291 1043 5346 ait
1065 5290 1381 5348 Philostrat.
1398 5293 1496 5348 lib.
1549 5309 1608 5349 ιιι
1646 5293 1719 5348 De
1751 5296 1864 5350 vita

287 5358 573 5414 Apollonii.

334 5376 573 5427 pouomt.

347 5429 462 5503 (35)
494 5433 807 5503 A_rtaxerxe
829 5431 924 5503 ,τῷ
966 5432 1272 5488 Mnemone.

354 5499 467 5574 (26)
499 5499 966 5574 Elianum‘lege,
1001 5503 1093 5574 lib.
1138 5519 1188 5556 ιν
1245 5503 1322 5558 De
1357 5503 1580 5558 animal.
1616 5519 1738 5574 cap.
1777 5504 1864 5569 19,

289 5571 376 5639 qui
403 5585 501 5624 sua
535 5571 667 5625 hinc
703 5571 960 5638 petivisse
989 5573 1226 5626 videtur.

359 5641 868 5713 (27)_9_Arundiui
925 5642 1119 5697 indica:
1161 5643 1408 5713 "arliorea
1481 5643 1797 5713 amplitudo,
1840 5662 1861 5695 ι

291 5709 464 5780 inquit
490 5709 636 5768 Plin.
663 5710 761 5768 lib.
791 5726 904 5780 ιινι,
936 5727 1058 5784 cap.
1111 5712 1202 5782 36,
1240 5729 1347 5784 quo
1397 5727 1472 5785 te,
1525 5709 1722 5784 lector,
1782 5730 1866 5772 re-

2032 5306 2043 5310 ⁷
2076 5306 2094 5349 1,
2135 5339 2149 5351 .

1974 5310 2161 5438 initi?”
2193 5366 2257 5438 Et
2278 5367 2380 5422 hoc
2406 5383 2528 5423 esse
2558 5370 2900 5424 mendacium
2917 5369 3030 5421 vult
3051 5365 3313 5422 Philostr.
3340 5369 3547 5424 IElian.

1972 5436 2068 5492 lib.
2096 5436 2171 5500 tv,
2199 5437 2273 5493 De
2299 5440 2519 5492 animal.
2545 5455 2663 5507 cap.
2687 5440 2780 5503 21,
2804 5449 3088 5507 postquam
3110 5439 3294 5494 multis
3316 5442 3380 5493 de
3403 5440 3555 5494 Man~

1939 5547 1942 5549 Α
1973 5507 2186 5577 tichora
2210 5509 2356 5577 egit,
2377 5525 2541 5576 penes
2557 5509 2792 5563 Clesiam
2826 5509 2982 5560 [idem
3017 5509 3256 5560 omnium
3276 5521 3396 5565 esse
3413 5512 3557 5564 vult.

1972 5575 2303 5646 Meminitiet
2339 5575 2574 5632 Pausan.
2607 5580 2762 5646 hujus
2785 5577 3054 5631 Ctesiauzr
3109 5580 3440 5635 narrationis
3499 5581 3553 5633 in

1969 5645 2195 5720 Βιιιοιίσ.Δ
2225 5645 2366 5720 Plin.
2397 5650 2550 5720 item,
2578 5645 2680 5702 lib.
2724 5664 2841 5714 vm,
2882 5663 3001 5718 cap.
3062 5646 3154 5717 21,
3219 5653 3360 5719 apud
3416 5667 3554 5720 quos

1971 5717 2309 5774 manlichora
2347 5719 2565 5784 legit-ur.
