3942 6234
372 222 486 292 215

1535 231 1801 292 ΡΙΙΟΤΙΙ
1837 228 2344 292 PATRIARCIUE
2379 226 2484 288 CP.

3538 216 3651 284 216

373 331 598 393 animali
625 350 861 408 pugnam
910 336 1079 404 ineat,
1129 337 1410 411 “anon
1448 339 1629 394 minus
1681 342 1748 395 ab
1797 353 1945 396 ante-

2055 337 2380 394 ἀποτείνων.
2415 335 2609 390 Βάλλει
2662 333 2720 388 δὲ
2776 333 2904 387 ὅσον
2934 330 3286 403 πλέθρον.ε.ς
3314 329 3512 402 μῆκος,
3547 332 3646 384 καὶ

337 438 348 504 ι
375 427 505 482 riori
534 426 662 480 illud
693 437 850 495 parte
879 431 1106 484 caudam
1128 432 1535 499 praetendendo,
1563 433 1689 488 inde
1715 434 1857 488 velut
1882 435 1951 488 ab

371 534 502 572 arcu
533 519 766 574 emissas
794 523 1060 591 sagittas,
1093 522 1312 576 aculeos
1344 538 1472 578 suos
1496 538 1754 594 spargere
1786 536 1952 595 atque

369 605 554 672 ferire,
591 623 753 676 quam
786 625 816 662 a
853 612 1154 678 posteriore
1179 623 1331 682 parte
1383 625 1585 667 rectam
1625 614 1770 668 illam
1818 631 1948 684 pro-

370 698 662 762 tendendo,
683 700 748 752 ad
773 700 947 770 jngeri
985 710 1166 756 autem
1192 703 1426 772 spatium
1454 703 1708 772 iaculari,
1732 722 1950 762 omnes-

367 805 472 858 que
501 805 637 857 quos
661 792 908 861 attigerit
938 792 1246 847 certissimo
1293 795 1622 858 interﬁcere,
1670 812 1778 851 uno
1807 797 1950 851 duri-

368 891 518 936 taxat
547 894 778 950 excepto
815 885 1124 953 elephanta,
1186 887 1333 956 ipsos
1362 903 1492 943 vero
1515 888 1734 943 aculeos
1771 889 1950 959 pedali

365 989 484 1030 esse
515 974 872 1044 longitudine,
900 979 1312 1048 tennissimique
1337 978 1479 1036 funis
1500 981 1802 1036 latitudine.
1839 982 1951 1035 Ad-

365 1068 444 1122 dit
475 1070 825 1136 tnartichora,
849 1071 1055 1126 Graecis
1089 1073 1528 1144 άνθρωποφάγον
1583 1073 1658 1145 (id
1691 1085 1797 1139 est,
1845 1073 1949 1128 ho-

365 1160 720 1232 minivorum)
747 1163 1083 1232 significare,
1115 1166 1257 1233 quod
1293 1165 1539 1220 homines
1573 1177 1629 1219 ut
1657 1166 1948 1234 plurimum

365 1252 665 1319 interimat,
702 1264 983 1324 voretque,
1045 1256 1148 1312 etsi
1176 1257 1299 1311 aliis
1355 1272 1574 1327 quoque
1618 1259 1946 1315 animalibus

2059 431 2262 494 πάντα,
2294 424 2377 492 οἷς
2400 428 2466 482 ἂν
2499 427 2640 498 βάλῃ
2656 427 2698 492 ⁸,
2733 426 2954 488 πάντως
2979 423 3477 491 ἁποκτείνει,πλὴν
3511 421 3632 474 ἐλέ-

2060 541 2282 594 φαντος.
2321 521 2405 575 Τὰ
2438 521 2495 574 δὲ
2524 520 2728 590 κέντρα
2761 517 2924 572 αὑτοῦ
2956 517 3075 569 ἐστί
3099 515 3159 569 τὸ
3187 515 3286 587 μὲν
3318 515 3492 586 μῆκος
3521 515 3646 568 ὅσον
3665 553 3675 586 χ

2056 615 2296 678 ποδιαῖα,
2330 612 2391 666 τὸ
2417 612 2474 665 δὲ
2506 612 2708 675 πλάτος
2737 611 2859 664 ὅσον
2882 611 3090 681 σχοῖνος
3113 607 3462 671 λεπτότατος.
3488 607 3648 676 Map-

2053 706 2246 777 τιχόρα
2299 704 2357 757 δὲ
2409 703 2716 774 Ἑλληνιστὶ
2784 699 3239 771 άνθρωποφάγον,
3299 700 3381 752 ὅτι
3415 697 3647 751 πλεῖστα

2055 798 2228 852 ἐσθίει
2282 796 2527 868 ἀναιρῶν
2585 794 2941 865 ἀνθρώπους·
2982 791 3152 846 ἐσθίει
3182 791 3240 846 δὲ
3273 790 3370 846 καὶ
3402 789 3472 844 τὰ
3509 788 3646 845 ἄλλα

2057 890 2198 957 ζῶα.
2227 891 2478 960 Μάχεται
2529 888 2587 942 δὲ
2617 891 2713 943 καὶ
2748 889 2862 950 τοῖς
2892 884 3040 951 ὄνυξι
3076 884 3171 939 καὶ
3198 887 3313 948 τοῖς
3345 883 3598 955 κέντροις
3622 897 3639 913 ο

2052 985 2125 1038 τὰ
2156 984 2212 1036 δὲ
2245 983 2452 1054 κέντρα
2484 982 2650 1035 πάλιν
2682 983 2867 1053 φησὶν,
2913 980 3133 1034 ἐπειδὰν
3169 974 3487 1046 ἐκτοξευθῇ,
3507 976 3643 1029 ἀνα-

2059 1074 2316 1144 φύεσθαι.
2345 1075 2502 1128 Ἐστι
2530 1072 2588 1124 δὲ
2617 1071 2789 1124 πολλὰ
2817 1073 2875 1124 ὲν
2887 1074 2952 1142 τῇ
2982 1070 3204 1140 Ἰνδικῇ.
3228 1065 3645 1121 Ἀποκτείνουσι

2055 1163 2112 1218 δὲ
2138 1165 2278 1218 αὐτὰ
2309 1165 2423 1227 τοῖς
2445 1162 2704 1232 ἐλέφασιν
2742 1160 3102 1233 ἐποχούμενοι
3131 1157 3410 1231 ἄνθρωποι
3448 1156 3643 1210 κάκεῖ-

2059 1257 2150 1312 θεν
2184 1256 2489 1327 βάλλοντες.

365 1355 637 1401 vescatur.
700 1347 982 1419 Unguibus
1004 1349 1166 1402 etiam
1201 1351 1302 1404 hoc
1339 1351 1569 1416 animal,
1605 1366 1715 1406 non
1742 1361 1949 1406 tantum
1985 1350 2191 1406 aculeis
2219 1365 2484 1421 pugnare,
2519 1360 2685 1422 atque
2713 1351 2814 1405 hos
2850 1346 3146 1418 jaculando
3194 1346 3428 1408 emissos
3470 1343 3643 1398 iden—

366 1440 531 1498 tidem
558 1443 795 1498 renasci.
838 1444 1087 1514 Magnam
1121 1447 1247 1501 item
1273 1449 1602 1503 essehorurn
1630 1449 1952 1504 animalium
1991 1449 2208 1520 copiam
2239 1449 2297 1504 in
2324 1449 2499 1517 India,
2531 1462 2703 1518 eaque
2735 1447 2859 1504 telis
2918 1445 2989 1502 ab
3054 1443 3363 1500 hominibus
3414 1437 3640 1502 conlici,

369 1555 492 1610 quae
521 1541 834 1610 elephantis
876 1545 1014 1596 vecti
1045 1543 1098 1596 in
1147 1543 1277 1598 illud
1301 1554 1720 1614 contorqueant.
2227 1561 2230 1564 ‘

437 1635 514 1690 De
543 1650 755 1689 suuuna
793 1635 1048 1691 ludorum
1072 1637 1303 1703 jttslitiu,
1340 1640 1576 1709 itemque
1606 1641 1674 1697 de
1705 1643 1945 1698 moribus

2119 1642 2257 1713 Περὶ
2282 1639 2392 1693 τῶν
2415 1638 2506 1713 [68
2537 1637 2626 1711 ιι]
2669 1637 2869 1702 Ἰνδῶν,
2899 1637 2982 1690 ὅτι
3003 1634 3360 1696 δικαιότατοι,
3381 1633 3478 1688 καὶ
3505 1629 3641 1702 περὶ

365 1741 432 1782 ae
475 1728 667 1782 ritibus
699 1743 908 1782 eorum.
949 1729 1023 1783 De
1053 1729 1166 1800 (9.9)
1202 1731 1319 1786 loco
1351 1732 1440 1784 illo
1469 1747 1651 1796 sacro,
1699 1748 1862 1802 quem
1895 1733 1945 1788 in

2057 1739 2169 1791 τῶν
2217 1737 2359 1791 ἐθῶν
2385 1735 2478 1788 καὶ
2531 1732 2782 1803 νομίμων
2811 1727 3014 1783 αὐτῶν.
3047 1726 3185 1797 Περὶ
3211 1723 3308 1778 τοῦ
3357 1721 3506 1795 ἱεροῦ
3541 1741 3643 1792 χω-

367 1829 546 1874 traetn
595 1819 932 1875 inbabitahili
964 1819 1080 1889 ejus
1111 1823 1348 1891 regionis
1386 1823 1486 1878 sub
1542 1825 1671 1879 solis
1706 1825 1945 1895 lunaeque

2062 1830 2180 1900 ρίου
2231 1827 2327 1881 τοῦ
2360 1829 2418 1880 ὲν
2451 1826 2518 1896 τῇ
2568 1822 2837 1891 ἀοικήτῳ,
2870 1817 2903 1872 ὃ
2953 1816 3042 1870 ἐπ’
3073 1816 3300 1886 ὀνόματι
3339 1811 3573 1884 τιμῶσιν
3613 1811 3639 1828 ⁹

366 1918 586 1968 nomine
626 1925 956 1968 venerantur
982 1931 997 1968 :
1029 1929 1137 1985 quo
1169 1917 1380 1970 nonnisi
1406 1917 1714 1985 quindecim
1741 1919 1949 1973 dierum

366 2007 561 2063 itinere
608 2022 640 2062 a
687 2007 899 2064 Sardus
945 2019 1130 2066 monte
1186 2011 1458 2080 perveniri
1513 2012 1708 2081 possit.
1767 2011 1948 2067 Solem

367 2097 478 2154 illic
509 2098 669 2155 annis
702 2099 930 2170 singulis
955 2116 1051 2170 per
1080 2102 1196 2157 dies
1227 2102 1446 2170 triginta
1472 2103 1713 2172 quinque
1749 2102 1950 2158 lentius

367 2191 573 2247 urendo
595 2191 940 2262 refrigerare.
968 2208 1035 2250 ne
1063 2195 1271 2250 scilicet
1301 2195 1428 2250 dum
1446 2196 1727 2251 celebrant
1750 2195 1946 2252 festum

365 2295 434 2336 ac
473 2290 845 2348 revertuntur,
873 2283 1038 2338 etiam
1071 2284 1391 2340 adurantur.
1418 2283 1529 2340 Nec
1550 2288 1814 2351 tonitrua,
1845 2301 1946 2342 nec

365 2371 602 2442 fulgura,
634 2389 732 2428 nec
767 2374 980 2444 pluvias
1011 2375 1147 2431 ullas
1177 2377 1229 2431 in
1259 2376 1410 2431 india
1456 2393 1598 2443 esse,
1628 2378 1724 2434 sed
1757 2387 1948 2434 ventos

363 2463 502 2518 bene
548 2461 860 2534 frequentes
897 2480 961 2520 ac
1005 2465 1270 2531 turbines,
1318 2467 1410 2534 qui
1456 2467 1623 2522 etiam
1673 2468 1945 2538 abripiant

361 2553 622 2623 quidquid
666 2556 1146 2625 apprehenderint.
1204 2556 1383 2612 Solem
1417 2560 1685 2614 orientem
1735 2559 1790 2612 in
1827 2559 1945 2629 ple-

363 2645 550 2714 risque
588 2644 753 2702 ludia:
809 2647 966 2713 locis,
1022 2648 1180 2704 alteri
1231 2649 1339 2705 diei
1384 2650 1523 2719 parti
1554 2650 1753 2720 frigus,
1784 2651 1943 2707 alteri

359 2737 740 2794 vehementem
759 2751 950 2796 aestum
986 2741 1182 2798 ali‘erre
1210 2744 1346 2815 (30).
1389 2741 1501 2798 Non
1538 2760 1566 2798 a
1602 2745 1738 2807 sole,
1781 2745 1875 2800 sed
1911 2760 1941 2798 a

363 2841 558 2886 natura
585 2831 746 2889 Indos
793 2850 914 2891 esse
941 2837 1128 2908 nigros
1165 2856 1179 2892 :
1212 2852 1334 2893 esse
1354 2839 1499 2893 enim
1535 2839 1676 2894 inter
1707 2838 1830 2893 illos
1855 2838 1942 2893 vi-

362 2939 456 2979 ros
480 2927 744 2995 quosdam
776 2943 841 2982 ac
866 2929 1264 2992 mulieres,etsi
1292 2931 1602 3000 pauciores,
1626 2945 1791 2999 supra
1818 2945 1940 2986 om—

2057 1923 2211 1993 ὴλίου
2239 1919 2334 1974 καὶ
2358 1918 2590 1987 σελήνης
2607 1932 2622 1948 ⁸
2650 1917 2706 1968 ὲν
2723 1906 2767 1981 ᾧ
2783 1911 2872 1966 διὰ
2889 1909 2950 1964 ιε’
2979 1907 3203 1981 ἡμερῶν
3228 1904 3337 1962 ἀπὸ
3358 1903 3453 1958 τοῦ
3477 1902 3642 1976 ὅρους

2056 2016 2155 2087 τῆς
2188 2009 2453 2084 σαρδοῦς⁸
2483 2027 2566 2073 τις
2594 2004 2982 2078 παραγίνεται.
3006 2001 3120 2054 Καὶ
3146 2000 3227 2054 ὅτι
3259 1997 3333 2051 λε’
3355 1995 3592 2087 ἡμέραις
3615 1996 3639 2026 ⁹

2053 2111 2082 2164 ὁ
2111 2108 2267 2182 ᾐλιος
2303 2105 2466 2176 ψύχει
2514 2104 2698 2156 ἐκεῖσε
2725 2098 2819 2154 τοῦ
2868 2093 3118 2150 ἐνιαυτοῦ
3149 2093 3240 2148 διὰ
3289 2090 3392 2162 τὴν
3419 2086 3640 2182 έορτὴν,

2056 2179 2142 2256 ἵνα
2171 2203 2213 2233 ¹⁰
2243 2199 2503 2269 ἄφλεκτοι
2552 2194 2722 2263 αὐτὴν
2753 2191 3014 2244 τελέσωσι
3046 2185 3146 2241 καὶ
3196 2179 3636 2252 ὑποστρέψωσιν.

2056 2297 2180 2349 Ὀτι
2207 2291 2427 2363 βρονταὶ
2455 2289 2547 2343 καὶ
2583 2284 2864 2357 ιΞιστραπι-ιλ⁵
2883 2283 2981 2337 καὶ
3005 2279 3155 2335 ὑετοὶ
3185 2278 3288 2332 οὐκ
3311 2275 3454 2332 εἰσιν
3487 2274 3547 2327 ὲν
3567 2274 3637 2345 τῇ

2065 2388 2282 2455 Ἰνδικῇ,
2315 2385 2508 2454 ἄνεμοι
2540 2381 2597 2435 δὲ
2636 2379 2824 2435 πολλοὶ
2867 2377 2963 2431 καὶ
2987 2374 3306 2446 πρηστῆρες
3337 2368 3528 2424 πολλοὶ
3568 2368 3636 2432 ¹¹,

2052 2483 2151 2537 καὶ
2181 2477 2521 2550 ἁρπάζουσιν
2550 2473 2579 2526 ὃ
2609 2489 2663 2524 τι
2696 2469 2765 2524 ἂν
2798 2467 3059 2523 λάϐωσιν.
3075 2464 3136 2518 '0
3154 2464 3212 2517 δὲ
3236 2457 3640 2550 ἥλιοςάνίσχων

2049 2569 2112 2624 τὸ
2165 2549 2338 2640 ἥμισυ
2384 2567 2483 2636 τῆς
2515 2564 2732 2636 ἡμέρας
2777 2560 2950 2633 ψύχος
2989 2559 3154 2622 ποιεί,
3189 2555 3251 2609 τδ
3277 2553 3323 2608 δ’
3353 2551 3488 2608 ἄλλο
3512 2549 3640 2603 λίαν

2049 2661 2292 2716 ἀλεεινὸν
2322 2661 2378 2713 ὲν
2407 2663 2519 2722 τοῖς
2548 2655 2825 2718 πλείστοις
2854 2650 2962 2706 τῶν
3007 2651 3106 2719 τῆς
3161 2646 3391 2715 Ἰνδικῆς
3426 2642 3636 2698 τόπων.

2052 2755 2176 2808 Ὀτι
2201 2754 2253 2807 οἱ
2287 2754 2327 2784 ¹²
2361 2750 2514 2806 Ἰνδοὶ
2537 2750 2636 2820 οὐχ
2657 2747 2764 2802 ὑπὸ
2782 2744 2877 2800 τοῦ
2905 2744 3058 2817 ἡλίου
3085 2742 3191 2796 είσὶ
3215 2739 3468 2811 μέλανες,
3499 2733 3641 2789 ἀλλά

2051 2847 2248 2918 φύσει·
2290 2839 2567 2914 εἶναιγὰρ
2593 2858 2759 2911 φησιν
2811 2840 2869 2892 ὲν
2925 2837 3112 2897 αὐτοῖς
3153 2831 3249 2888 καὶ
3304 2829 3506 2900 ἄνδρας
3540 2826 3638 2879 καὶ

2048 2939 2313 3007 γυναῖκας
2337 2934 2699 2995 λευκοτάτους
2725 2931 2970 2994 πάντων,
2995 2928 3045 2980 εί
3070 2926 3116 2960 ¹³
3150 2925 3244 2979 καὶ⁵
3273 2923 3360 2977 ἐπ’
3385 2921 3634 2974 ἐλαττονο

363 3030 459 3069 nes
488 3015 627 3071 alios
659 3018 1100 3074 candidissimos.
1127 3021 1304 3088 Atque
1336 3021 1471 3075 adeo
1499 3021 1762 3090 ejusmodi
1784 3019 1945 3076 ludas

2053 3032 2181 3086 ίδεῖν
2205 3029 2265 3081 δὲ
2305 3026 2398 3082 καὶ
2423 3026 2585 3079 αὑτὸν
2608 3022 2866 3084 τοιαύτας
2903 3020 3072 3083 Ἰνδάς
3106 3017 3200 3071 δύο
3225 3016 3494 3084 γυναῖκας
3537 3010 3638 3064 καὶ

361 3109 497 3164 duas
527 3121 582 3165 et
612 3108 773 3165 Indos
807 3112 1047 3181 quinque
1082 3129 1111 3166 a
1161 3128 1220 3168 se
1257 3113 1403 3168 visos
1431 3124 1625 3168 auctor
1654 3113 1841 3169 refert.
1884 3114 1942 3168 in

361 3201 830 3258 confirmationem
867 3219 1029 3275 porro
1055 3203 1194 3275 ejus,
1239 3208 1380 3274 quod
1413 3222 1572 3274 supra
1606 3209 1673 3260 de
1718 3205 1832 3260 sole
1861 3205 1942 3258 di-

363 3303 539 3360 xerat,
596 3293 819 3364 triginta
869 3311 993 3350 eum
1021 3307 1074 3352 et
1108 3298 1348 3366 quinque
1373 3298 1490 3352 dies
1519 3297 1572 3351 in
1601 3297 1750 3351 india
1780 3297 1941 3368 frigi-

360 3385 568 3440 diorem
621 3401 810 3442 auram
858 3386 1077 3454 allerre,
1131 3389 1323 3444 addit:
1357 3390 1533 3460 ignem
1567 3389 1732 3444 etiam
1762 3389 1938 3454 illum,

359 3475 452 3544 qui
492 3489 560 3530 ex
589 3474 756 3532 Etna
804 3478 1042 3546 erumpit
1069 3477 1206 3548 (51),
1259 3479 1495 3533 medium
1533 3479 1769 3548 regionis
1829 3492 1940 3532 tra-

360 3579 530 3633 ctum,
560 3570 702 3639 quod
749 3571 795 3626 is
840 3571 1112 3641 justornm
1159 3571 1438 3625 hominum
1473 3571 1563 3637 sit,
1603 3579 1945 3640 nequaquam

362 3659 644 3728 infestare,
666 3677 787 3716 cum
816 3673 994 3718 tamen
1017 3663 1124 3716 alia
1159 3663 1364 3717 circum
1391 3662 1506 3716 loca
1536 3661 1774 3716 infestet.
1804 3661 1944 3729 Quin

2051 3123 2214 3176 πέντε
2246 3119 2450 3191 ἄνδρας
2487 3117 2550 3172 ⁸⁸.
2591 3117 2715 3171 Ὀτι
2766 3112 3044 3167 πιστῶσαι
3094 3110 3164 3163 τὰ
3203 3108 3332 3180 περὶ
3353 3105 3449 3160 τοῦ
3478 3103 3636 3176 ἡλίου

2051 3212 2394 3284 βουλόμενος,
2418 3209 2495 3273 ὡς
2527 3210 2585 3262 ὲν
2615 3207 2690 3260 λε’
2718 3206 2956 3278 ἡμέραις
2981 3205 3036 3256 ἐν
3078 3201 3243 3272 Ἰνδίᾳ
3265 3199 3451 3270 ψύχει,
3481 3196 3638 3264 λέγει

2047 3307 2130 3361 ὅτι
2159 3305 2255 3359 καὶ
2276 3303 2340 3356 τὸ
2367 3302 2478 3372 πῦρ
2515 3304 2581 3354 ὲκ
2617 3302 2716 3366 τῆς
2748 3299 2946 3368 Αἴτνης
2978 3296 3098 3367 ῥέον
3122 3293 3216 3348 τὸν
3244 3293 3410 3364 μέσον
3427 3289 3634 3360 χῶρον,

2049 3397 2146 3452 ἅτε
2161 3395 2385 3450 δικαίων
2421 3393 2636 3463 ἀνδρῶν
2692 3391 2824 3445 ὄντα
2857 3389 2923 3450 ⁸⁸,
2957 3388 3020 3441 ού
3058 3384 3271 3456 φθείρει
3311 3382 3534 3453 φθεῖρον
3562 3379 3637 3434 τὰ

2048 3488 2217 3544 ἄλλα·
2250 3488 2346 3540 καὶ
2376 3487 2433 3538 ὲν
2464 3482 2727 3553 Ζακύνθῳ
2768 3479 3027 3552 κρηνῖδας
3085 3475 3442 3548 ίχθυοφὸρους
3489 3468 3635 3526 εἶναι

2049 3579 2108 3644 ἐξ
2137 3570 2210 3631 ὧν
2238 3578 2450 3646 αίρεται
2499 3575 2690 3637 πίσσα,
2719 3572 2816 3626 καὶ
2855 3573 2914 3624 ἐν
2937 3569 3103 3634 Νάξω
3132 3569 3342 3642 κρήνην
3365 3564 3426 3633 ἐξ
3451 3559 3523 3637 ἦς
3550 3557 3637 3617 οἷο

2049 3685 2139 3731 νος
2171 3668 2340 3720 ἐνίοτε
2372 3669 2458 3738 ῥεῖ
2498 3666 2593 3719 καὶ
2618 3663 2762 3735 μάλα
2789 3663 2919 3732 ἡδύς
2945 3678 2958 3691 ·
2985 3662 3081 3715 καὶ
3108 3661 3192 3713 ὅτι
3219 3658 3330 3730 πῦρ
3360 3659 3510 3710 ἐστιν
3538 3657 3634 3723 ὲγσ

2049 3758 2151 3826 γὺς
2176 3756 2476 3826 Φασήλιδος
2505 3756 2562 3807 ὲν
2585 3754 2763 3823 Λυκίᾳ
2789 3753 3079 3817 ἀθάνατον,
3114 3749 3210 3803 καὶ
3242 3750 3324 3803 ὅτι
3358 3749 3446 3802 ἀεὶ
3476 3747 3634 3800 καίε-

2043 3865 2136 3902 ται
2181 3848 2275 3900 ὲπὶ
2323 3847 2530 3918 πέτρας
2594 3846 2688 3898 καὶ
2721 3843 2894 3898 νύκτα
2919 3845 3014 3896 καὶ
3057 3842 3296 3912 ἡμέραν,
3342 3840 3436 3894 καὶ
3474 3837 3632 3891 ῦδατι

359 3758 415 3804 et
463 3752 602 3821 apud
652 3751 988 3823 Zacynthum
1036 3755 1280 3822 piscosos
1339 3751 1573 3807 inveniri
1629 3751 1831 3818 fontes,
1878 3767 1946 3806 ex

360 3841 559 3910 quibus
597 3843 821 3913 insuper
860 3845 950 3914 pix
982 3845 1264 3900 educatur.
1301 3843 1357 3898 In
1386 3841 1540 3898 Naxo
1572 3859 1788 3914 quoque
1817 3843 1938 3898 fon-

362 3943 469 3988 teni
514 3949 656 4002 esse,
711 3951 742 3991 e
789 3953 896 4005 quo
929 3938 1135 4002 vinum,
1185 3949 1241 3991 et
1287 3939 1503 4006 quidem
1555 3937 1936 3992 suavissimum

2052 3939 2240 4010 μὲνού
2272 3938 2581 4004 σὸέννυται,
2621 3936 2759 3990 ἀλλὰ
2781 3935 3101 4006 ἁναφλέγει,
3136 3933 3358 4005 φορυτῷ
3381 3931 3440 3986 δὲ
3474 3930 3629 3984 σϐέν-

358 4037 574 4082 emanet
616 4027 710 4100 [ita
747 4028 993 4085 Phasidis
1033 4029 1184 4085 ﬂuvii
1217 4046 1410 4100 aquam
1450 4031 1586 4104 (52),
1650 4032 1695 4086 si
1731 4030 1936 4098 justum

2052 4047 2227 4084 νυται.

361 4116 476 4186 ipsa
500 4119 644 4174 diem
675 4122 731 4176 in
759 4137 886 4178 vase
919 4123 1104 4194 aliquo
1132 4133 1512 4190 conservetur,
1573 4123 1628 4176 in
1681 4121 2273 4176 suavissimumvinum
2347 4118 2749 4191 commutari].
2809 4117 2993 4190 Ignem
3077 4126 3339 4188 praeterea
3392 4129 3515 4169 esse
3575 4113 3631 4168 in

357 4213 520 4287 Lycia
550 4217 686 4289 (55),
729 4233 834 4274 non
864 4220 1051 4288 procul
1076 4220 1377 4287 Phaselide,
1406 4228 1751 4290 perpetuum,
1775 4227 1963 4273 noctes
1995 4227 2159 4288 atque
2181 4219 2296 4274 dies
2325 4218 2444 4274 sine
2472 4219 2872 4273 intermissione
2893 4216 3197 4279 ardentem,
3235 4223 3292 4268 et
3319 4228 3441 4269 eum
3487 4227 3628 4281 aqua

359 4325 464 4363 non
487 4311 782 4380 exstingui,
816 4313 908 4366 sed
935 4314 1106 4384 magis
1135 4313 1360 4370 accendi
1394 4330 1409 4368 :
1448 4313 1576 4367 limo
1595 4319 1774 4366 tamen
1801 4310 1955 4366 illum
1995 4312 2294 4383 exstingui.
2334 4311 2493 4384 [Hoc
2518 4314 2644 4368 item
2675 4314 2832 4368 modo
2857 4308 3074 4367 assidue
3135 4308 3190 4364 itt
3242 4307 3408 4364 Etna
3463 4318 3626 4376 atque

353 4399 526 4456 Prusa
554 4401 731 4471 ignem
757 4402 1073 4460 ascendere.
1098 4402 1118 4476 ]

423 4492 624 4549 Narrat
650 4503 848 4563 praeter
875 4494 998 4560 ista,
1029 4497 1082 4550 in
1113 4498 1288 4552 media
1323 4495 1474 4553 india
1511 4495 1756 4554 homines
1777 4509 1931 4567 repe-

2106 4495 2230 4547 ’Ὀτι
2258 4493 2316 4547 ὲν
2341 4492 2386 4524 ¹⁶
2415 4491 2556 4564 μέσῃ
2583 4494 2650 4561 τῇ
2696 4491 2891 4562 Ἰνδικῇ
2927 4489 3208 4562 ἄνθρωποί
3237 4492 3346 4544 είσι
3369 4489 3624 4560 μέλανες,

354 4587 453 4642 riri
504 4587 708 4656 nigros,
755 4588 847 4657 qui
881 4585 1113 4660 Pygmtei
1156 4590 1498 4659 appellentur
1527 4592 1665 4662 (54).
1732 4591 1933 4648 Eadem

2052 4586 2334 4641 καλοῦνται
2381 4585 2421 4617 ιτ
2474 4586 2762 4655 πυγμαῖοι,
2815 4582 3155 4654 ὁμόγλωσσοι
3198 4586 3311 4647 τοῖς
3350 4581 3534 4644 ἄλλοις
3582 4581 3624 4613 ⁸⁸

356 4678 476 4745 hos,
511 4691 616 4747 qua
640 4676 752 4732 indi
789 4679 998 4748 reliqui,
1029 4680 1208 4750 lingua
1233 4682 1331 4746 uti,
1355 4682 1448 4736 sed
1484 4684 1639 4738 valde
1666 4698 1786 4739 esse
1810 4700 1935 4755 par-

2056 4680 2238 4742 Ἱνδοῖς
2263 4694 2277 4708 ·
2309 4678 2493 4750 μικροὶ
2517 4677 2576 4732 δέ
2633 4677 2742 4730 εἰσι
2797 4675 2938 4742 λίαν,
2969 4677 3018 4729 οί
3065 4676 3396 4746 μακρότατοι
3439 4672 3622 4729 αὐτῶν

355 4785 474 4836 vos,
503 4777 564 4823 ut
592 4770 813 4824 maximi
835 4772 1064 4828 duorum
1081 4772 1410 4838 cubitorum,
1432 4785 1484 4828 et
1503 4774 1749 4844 plerique
1776 4775 1938 4829 unius

2052 4776 2265 4843 πηχέων
2295 4770 2410 4836 δύο,
2442 4771 2493 4826 0i.
2521 4770 2580 4825 δὲ
2615 4771 2862 4826 πλεῖστοι
2899 4769 3018 4835 ἐνὸς
3039 4770 3285 4842 ἡμίσεως
3303 4770 3511 4842 πήχεος
3550 4769 3616 4824 ¹⁹.

1636 4890 1869 4947 VARDE
1904 4889 2310 4949 LECTIONES.

436 5001 679 5080 ⁸πάντας
711 5003 806 5080 οῦς
832 5005 911 5080 ἂν
928 5006 1096 5080 βάλλῃ
1130 5025 1203 5080 g._
1270 5008 1560 5080 ’,τιμῶσιν
1591 5007 1642 5080 in
1667 5021 1800 5080 _m_g.
1834 5005 1995 5080 habet
2021 5008 2085 5062 Α.
2165 5009 2188 5041 ⁸
2214 5009 2313 5080 τῆς
2344 5008 2574 5080 σαρδοῦς
2604 5009 2664 5061 τὸ
2689 5008 2814 5079 ὅρος
2860 5009 2923 5061 Δ.
2999 5008 3021 5040 θ
3049 5006 3372 5080 ἡμέραςςη
3429 5006 3476 5039 ¹⁶
3507 5002 3620 5080 ἵνα]

354 5072 445 5150 ἕνα
485 5073 558 5143 μὴ
583 5093 657 5150 ς’.⁸
723 5072 1005 5150 λίμπολλοὶ]
1031 5072 1322 5150 ποικίλοι-2
1385 5072 1440 5108 ’¹¹
1469 5078 1538 5150 _o_!_
1576 5077 1702 5150 add.
1906 5078 1949 5108 ¹³
1982 5079 2032 5131 εἰ
2077 5079 2119 5134 Α
2155 5095 2170 5133 :
2205 5078 2238 5146 ἢ
2269 5072 2332 5142 ξ.
2368 5149 2371 5150 ν
2412 5072 2457 5112 ίδ
2479 5080 2679 5148 ἄνδρας
2726 5072 2893 5132 πέντε
2926 5096 2987 5143 ς.
3065 5072 3109 5110 δ’
3128 5072 3257 5131 ὄντα
3345 5078 3519 5131 ὄντων
3552 5077 3618 5132 Δ.

354 5143 402 5177 ⁸⁸
429 5146 488 5198 ὲν
510 5157 598 5200 om
629 5145 696 5200 A.
771 5147 816 5178 ¹⁷
837 5147 934 5200 καὶ
955 5143 1079 5202 καλ.
1110 5165 1171 5212 ς.
1249 5147 1292 5179 ⁸³
1324 5152 1434 5209 τοῖς
1459 5146 1641 5208 ἄλλοις
1661 5145 2001 5216 ὁμόγλωσσοι
2032 5167 2092 5213 ς.

1855 5242 2065 5300 ΝΟΤᾸΕ
2077 5283 2093 5298 .

424 5329 539 5400 (29)
567 5329 758 5386 Simile
781 5332 913 5400 quid
944 5333 1106 5386 habet
1141 5330 1426 5385 Nonnosus
1457 5346 1608 5399 supr.
1637 5333 1774 5389 Cod.
1807 5334 1863 5391 5.

423 5399 538 5471 (30)
566 5399 854 5457 Nonnosus
876 5418 1026 5471 supr.
1067 5403 1206 5455 idem
1249 5402 1362 5471 fere
1388 5415 1594 5471 narrat.

2198 5151 2243 5181 ¹⁹
2275 5149 2500 5220 ἡμίσεος
2530 5151 2751 5221 πήχεως
2779 5167 2840 5215 ς.

2099 5339 2212 5405 (55)
2244 5358 2278 5408 ί(
2316 5338 2537 5408 Flagrat
2594 5339 2645 5393 in
2710 5338 2991 5393 Phaselide
3028 5352 3184 5392 mons
3239 5335 3538 5408 Cibiunera,
3591 5354 3614 5389 ι

1135 5406 1362 5508 enuntiare
1388 5415 1594 5508 nazrat.
1734 5475 1766 5508 Η
1810 5485 1822 5508 1
2029 5407 2385 5508 inquitnIZIin.
2420 5406 2549 5464 dum
2581 5412 2722 5464 hunc
2754 5409 2949 5464 Ctesias
3001 5409 3178 5464 locmn
3229 5406 3390 5462 all’ert
3432 5406 3614 5471 lib.il,

1135 5493 1155 5508 ‘I
1197 5487 1217 5508 ἐξ
1261 5490 1304 5508 In
1378 5491 1406 5508 ιι
1428 5491 1454 5508 ιι
1495 5491 1560 5508 NH
1597 5490 1727 5508 nnnn
1777 5495 1798 5508 ιι
1833 5493 1920 5508 ηιιι
2028 5498 2123 5508 ..ο-..ι
2184 5501 2190 5508 ρ

423 5473 536 5541 (51)
565 5471 715 5526 Illum
747 5471 886 5526 forte
907 5487 1064 5539 quem
1095 5471 1336 5524 εὐσεϐῶν
1377 5471 1560 5541 χώραν
1595 5475 1920 5544 appellatum
2025 5471 2144 5548 cap.
2184 5479 2306 5533 106.

351 5541 542 5620 fuisse,
567 5543 788 5620 docebit
809 5542 940 5620 infr.
973 5542 1188 5620 Clitio":
1220 5542 1541 5620 "affui-ﬂii.
1617 5614 1627 5620 _
1759 5617 1766 5620 Α
1912 5619 1915 5620 ν
2097 5554 2209 5620 (54)
2243 5551 2453 5605 Similia
2480 5550 2766 5606 Nounosus
2797 5565 2917 5618 sup.
2952 5549 3018 5603 Et
3063 5547 3130 5606 de
3158 5547 3427 5620 Pygmais
3468 5545 3615 5604 Plin.

407 5611 534 5686 ,(³2)
566 5611 890 5690 EBaYﬁrjw
942 5612 1130 5690 Codice
1177 5612 1274 5664 ἰδία
1312 5613 1484 5690 ,ιιιιοίε
1526 5614 1728 5690 inclusa
1757 5617 1917 5673 inscii
2026 5611 2314 5690 videndus,
2341 5622 2560 5678 Solinus
2591 5611 2963 5679 etJuvena'lis.

352 5682 463 5749 hic,
489 5680 656 5754 atque
680 5683 836 5748 alibi,
875 5697 980 5737 non
1009 5682 1279 5751 ingratum
1309 5680 1422 5736 fore
1446 5687 1655 5754 putavi.
