3942 6234
233 292 348 361 ΞΠ

1348 286 1877 349 BIBLIOTHECA.
1914 284 2169 345 —COD.
2208 286 2448 347 LXXII.

3410 279 3513 344 218

237 408 440 479 Κύμην
465 405 524 460 δὲ.
555 404 740 477 εχουσι
790 399 1162 476 μακροτάτην,
1210 398 1402 470 μέχρις
1432 400 1479 431 ¹⁶
1520 398 1614 450 ἐπὶ
1642 395 1711 449 τὰ
1738 395 1822 463 γό-

1938 395 2204 448 duntaxat
2229 396 2394 448 cubiti
2428 410 2550 449 cum
2577 394 2803 451 dimidio
2833 393 3172 450 altitudinem
3211 406 3317 446 non
3353 407 3514 445 cxi-e-

238 518 375 555 νατα
443 500 540 554 καὶ
584 498 669 551 ἔτι
724 495 1035 566 κατώτερον
1056 533 1071 560 ,
1130 492 1225 545 καὶ
1269 491 1510 557 πώγωνα
1574 488 1828 560 μέγιστον

236 596 467 650 πάντων
520 590 861 663 ἀνθρώπων·
925 587 1150 642 ἐπειδὰν
1200 581 1295 641 οὖν
1330 585 1424 638 τὸν
1454 582 1696 652 πώγωνα
1728 581 1828 650 μέ-

235 703 343 755 γαν
376 685 424 718 “
454 682 726 754 φύσωσιν,
766 679 895 753 [148
919 678 1015 751 11.]
1033 678 1216 731 οὐκέτι
1250 675 1645 745 ἀμφιέννυνται
1674 672 1828 726 οὐδὲν

236 777 479 843 ἱμάτιον.
511 773 649 828 ἀλλὰ
671 772 772 836 τὰς
813 771 1004 841 τρίχας
1044 768 1144 833 τὰς
1177 769 1275 837 μὲν
1302 767 1369 820 ὲκ
1426 765 1527 835 τῆς
1580 762 1826 833 κεφαλῆς

232 865 463 918 ὄπισθεν
490 864 773 919 καθίενται
799 862 933 916 πολὺ
956 872 1107 916 κατω
1134 858 1242 913 τῶν
1263 856 1529 927 γονάτων,
1547 854 1645 919 τὰς
1672 854 1727 907 δὲ
1759 855 1826 908 ὲκ

230 957 329 1011 τοῦ
370 956 641 1027 πώγωνος
698 954 1011 1025 ἔμπροσθεν
1071 951 1234 1023 μέχρι
1273 949 1452 1003 ποδῶν
1502 947 1822 1017 ἑλκομένας,

232 1048 431 1103 ἔπειτα
459 1049 980 1121 περιπυκασάμενοι
1030 1046 1131 1109 τὰς
1187 1044 1381 1113 τρίχας
1424 1040 1553 1111 περὶ
1585 1039 1731 1094 ἅπαν
1763 1038 1825 1093 τὸ

236 1145 402 1215 σῶμα
440 1145 739 1209 ζώννυνται
763 1186 779 1211 ,
841 1143 1116 1215 χρώμενοι
1172 1140 1357 1204 αὐτοῖς
1409 1139 1532 1193 ἀντὶ
1580 1136 1821 1208 ἱματίουι

233 1236 453 1291 Δίδοίον
489 1237 550 1291 δὲ
581 1237 725 1307 μέγα
789 1233 1027 1305 ἔχουσιν,
1062 1232 1205 1286 ὥστε
1235 1231 1432 1302 ψαύειν
1460 1229 1568 1283 τῶν
1602 1230 1825 1300 σφυρῶν

232 1328 442 1395 αὐτῶν,
476 1330 574 1383 καὶ
597 1328 770 1400 παχύ.
802 1328 965 1382 Αὐτοὶ
1004 1327 1061 1380 δὲ
1092 1327 1137 1357 ²³
1173 1327 1322 1396 σιμοί
1356 1342 1415 1378 τε
1461 1323 1555 1377 καὶ
1583 1321 1820 1392 αἰσχροί.

232 1420 314 1476 Τὰ
340 1420 405 1473 δὲ
437 1420 688 1491 πρόϐατα
738 1420 918 1473 αὐτῶν
964 1419 1040 1484 ὡς
1083 1419 1267 1489 ἄρνες,
1303 1420 1397 1471 καί⁵
1422 1418 1472 1471 oi
1502 1417 1614 1472 ὄνοι
1643 1418 1739 1471 καὶ
1766 1417 1824 1469 αἱ

232 1510 359 1580 βόες
386 1509 437 1542 ’³
466 1509 655 1578 σχεδὸν
715 1510 843 1563 ὅσον
890 1510 1059 1580 κριοὶ,
1115 1508 1209 1562 καὶ
1251 1509 1302 1561 οί
1332 1509 1492 1561 ἵπποι
1526 1507 1704 1560 αὐτῶν
1730 1505 1825 1560 καὶ

230 1599 455 1669 ἡμίονοι
490 1599 539 1631 ⁸⁵
566 1600 660 1653 καὶ
684 1601 753 1654 τὰ
793 1600 928 1655 ἄλλα
982 1602 1155 1670 κτήνη
1200 1601 1380 1654 πάντα
1405 1601 1447 1630 ⁸⁸
1467 1599 1621 1652 οὐδὲν
1652 1598 1825 1664 μείζω

230 1690 433 1760 κριῶν.
465 1691 731 1745 Ἐπονται
780 1692 838 1745 δὲ
884 1691 963 1761 τῷ
998 1692 1211 1762 βασιλεῖ
1249 1690 1359 1744 τῶν
1401 1690 1578 1743 Ἰνδῶν
1616 1685 1827 1743 τούτων

1932 485 2083 539 dant.
2118 485 2346 540 Comam
2373 485 2513 558 ἀεὶ)
2559 486 2704 540 alere
2740 486 3137 554 longissimam,
3166 485 3231 536 ad
3279 485 3389 552 ipsa
3425 498 3515 535 us-

1930 590 2039 646 que
2071 592 2243 645 genua
2273 578 2587 641 demissam,
2618 588 2780 646 atque
2808 582 2971 631 etiam
3001 576 3164 640 infra,
3193 590 3317 628 cum
3347 575 3511 627 barba

1930 665 2199 736 longiore,
2234 683 2393 736 quam
2421 670 2560 735 apud
2606 669 2745 722 ullos
2776 669 3052 723 hominum
3097 683 3113 722 :
3146 681 3264 734 qua:
3294 665 3509 734 quidem

1930 762 2018 814 ubi
2069 760 2173 815 illis
2218 761 2539 830 promissior
2578 777 2700 816 esse
2748 761 3000 832 cteperit,
3058 760 3202 815 nulla
3258 758 3512 828 deinceps

1930 862 2081 908 veste
2129 854 2240 917 uti;
2290 853 2384 906 sed
2431 853 2655 922 capillos
2706 854 2875 908 multo
2917 853 3056 907 infra
3092 868 3263 924 genua
3297 866 3327 905 a
3360 860 3512 920 tergo

1931 945 2225 1009 demissos,
2256 946 2589 1014 barbamque
2618 958 2814 1015 printer
2845 955 3032 1014 pectus
3056 947 3121 999 ad
3146 947 3309 1014 pedes
3342 959 3514 1014 usque

1928 1038 2277 1104 deﬂuentem,
2328 1055 2423 1108 per
2455 1049 2621 1094 Ictum
2655 1054 2853 1107 corpus
2887 1040 2943 1092 in
2972 1040 3157 1093 urbem
3192 1037 3509 1103 constipare

1926 1143 1983 1187 et
2035 1133 2277 1203 cingere,
2335 1143 2497 1200 atque
2554 1132 2626 1184 ita
2664 1131 2798 1199 pilos
2859 1132 2989 1200 ipsis
3044 1145 3173 1185 suos
3203 1127 3509 1182 vestimenti

1926 1224 2045 1279 loco
2080 1239 2219 1279 esse.
2258 1221 2542 1278 Veretrum
2585 1222 2688 1276 illis
2719 1237 2840 1276 esse
2892 1236 3135 1275 crassum
3172 1228 3227 1274 et
3266 1220 3511 1287 longum,

1925 1320 2067 1384 quod
2103 1317 2169 1370 ad
2220 1317 2366 1382 ipsos
2410 1330 2627 1383 quoque
2669 1316 2868 1383 pedum
2914 1313 3190 1366 malleolos
3216 1312 3508 1380 pertingat.

1926 1407 2206 1480 Pygmzcos
2240 1408 2408 1462 bosce
2464 1406 2620 1461 simis
2668 1421 2789 1460 esse
2838 1404 3064 1458 naribus
3105 1412 3158 1457 et
3210 1402 3508 1457 deformes.

1926 1499 2170 1567 Ipsorum
2225 1501 2354 1552 item
2394 1512 2525 1551 oves
2554 1513 2816 1565 agnorum
2847 1495 2960 1566 (55)
2996 1505 3305 1549 nostrorum
3334 1495 3511 1550 instar

1925 1605 2075 1657 esse;
2114 1593 2277 1645 boves
2332 1601 2386 1645 et
2443 1590 2624 1644 asinos
2655 1588 2887 1642 arietum
2940 1586 3057 1641 fere
3112 1587 3507 1656 magnitudine,

1929 1699 2097 1753 equos
2127 1684 2249 1737 item
2269 1682 2549 1752 nudosque
2569 1688 2625 1734 et
2648 1688 2839 1743 caetera
2864 1678 3107 1743 jumenta
3137 1678 3318 1732 omnia
3340 1676 3509 1730 nihilo

228 1783 341 1837 τῶν
367 1784 674 1856 πυγμαίων
697 1784 891 1856 ἄνδρες
940 1783 1259 1854 τρισχίλιοι·
1307 1782 1516 1854 σφόδρα
1565 1784 1674 1853 γάρ
1715 1785 1821 1836 εἰσι

1927 1789 2049 1829 esse
2077 1774 2277 1828 nostris
2300 1772 2566 1827 arietibus
2596 1770 2823 1839 majora.
2850 1767 2980 1824 Tria
3012 1769 3207 1823 horum
3234 1783 3509 1840 pygmzeo-

228 1871 478 1937 τοξόται.
515 1874 859 1928 Δικαιότατοι
895 1872 952 1926 δέ
998 1874 1103 1925 είσι
1153 1870 1249 1925 καλ⁸
1306 1870 1520 1940 νόμοισι
1580 1867 1821 1939 χρῶνται

228 1957 424 2029 ὥσπερ
461 1961 512 1993 ’⁸
532 1964 628 2015 καὶ
656 1962 709 2014 οί
750 1961 924 2016 Ἰνδοί.
963 1959 1181 2028 Λαγούς
1211 1960 1254 1992 ³⁷
1282 1977 1342 2013 τε
1390 1960 1489 2013 καὶ
1532 1953 1837 2022 ἀλώπεκας

229 2049 587 2121 θηρεύουσιν,
620 2052 685 2106 οὐ
718 2055 830 2117 τοῖς
858 2055 1041 2115 κυσὶν,
1089 2052 1225 2107 ἀλλὰ
1269 2050 1460 2123 κόραξι
1512 2051 1607 2104 καὶ
1657 2051 1822 2103 ίκτῖσι

231 2142 325 2195 καὶ
355 2145 641 2213 κορώναις
675 2145 772 2197 καὶ
795 2146 993 2208 ἀετοῖς.
1022 2144 1147 2197 Ὀτι
1175 2143 1339 2215 λίμνη
1378 2143 1526 2196 ἐστὶν
1553 2144 1611 2196 ἐν
1637 2142 1823 2206 αὐτοῖς

232 2235 495 2307 (σταδίων
519 2236 858 2292 ὀκτακοσίων
896 2240 931 2309 ή
967 2239 1345 2309 περίμετρος),
1373 2230 1480 2313 ὲνῆ
1509 2237 1712 2309 ἀνέμου
1745 2235 1822 2307 μὴ

234 2324 498 2388 πνέοντος
529 2328 717 2380 ἐπάνω
760 2326 864 2397 τῆς
917 2327 1117 2399 λίμνης
1168 2327 1348 2382 ἔλαιον
1375 2328 1666 2398 ἐφίσταται
1686 2342 1700 2357 ·
1724 2326 1822 2379 καὶ

232 2414 547 2485 πλοιαρίοις
570 2416 829 2481 πλέοντες
857 2417 923 2471 δι’
964 2416 1137 2487 αὐτῆς
1167 2418 1232 2471 ὲκ
1262 2416 1436 2487 μέσης
1477 2417 1650 2487 αὐτῆς
1686 2432 1821 2468 σκα-

232 2505 376 2573 φίοις
418 2505 521 2559 τοῦ
550 2507 736 2561 ἐλαίου
784 2509 1123 2579 ἁπαρύονται
1156 2510 1248 2563 xui.
1270 2509 1527 2579 χρῶνται.
1563 2509 1821 2578 Χρῶνται

230 2596 286 2650 δὲ
328 2599 434 2651 καὶ
486 2599 778 2671 σησαμίνῳ
808 2601 873 2656 ⁸⁸.
909 2602 1063 2671 Ἔχει
1113 2600 1171 2654 δὲ
1206 2603 1239 2671 ἠ
1283 2600 1448 2671 λίμνη
1476 2602 1570 2655 καὶ
1607 2600 1817 2670 ξχούας.

232 2689 341 2742 Καὶ
397 2689 480 2760 τῷ
532 2691 775 2763 καρυῖνῳ
821 2691 877 2745 δὲ
942 2693 1233 2763 χρῶνται·
1285 2694 1538 2765 κρεῖσσον
1570 2692 1627 2746 δὲ
1653 2694 1714 2745 τὸ
1736 2694 1821 2745 λι-

234 2780 452 2846 μναῖον.

308 3043 468 3098 Ἔστι
489 3044 549 3097 δὲ
574 3044 1014 3117 αύτόθιᾶργυρος
1033 3046 1198 3110 πολὺς
1229 3046 1325 3099 καὶ
1378 3046 1629 3119 ἀργύρεα
1653 3048 1697 3079 ⁸⁸
1724 3047 1816 3118 μέ-

231 3137 427 3199 ταλλα,
460 3138 524 3189 οὐ
555 3136 725 3206 βαθέα
752 3152 769 3168 ο
811 3100 945 3191 sita}
988 3100 1262 3210 ῥαθύτέρα
1285 3100 1431 3193 εἶναι’
1458 3100 1589 3219 es}.
1610 3140 1701 3212 [69
1724 3100 1818 3215 ὶιξ]
1847 3100 1889 3159 θ

230 3231 297 3283 τὰ
318 3232 379 3283 ἐν
416 3228 903 3300 ΒάκτροιςεἜστι
930 3232 988 3284 δὲ
1046 3232 1138 3284 καὶ
1193 3232 1395 3302 χρυσὸς
1429 3233 1488 3285 ὲν
1531 3234 1599 3303 τῇ
1622 3232 1819 3304 ἰνδικῇ

231 3322 407 3394 χώρᾳ,
442 3323 547 3376 οὐκ
576 3324 637 3376 ὲν
661 3325 775 3387 τοῖς
805 3326 1091 3395 ποταμοῖς’
1129 3324 1521 3395 εὑρισκόμενος
1555 3325 1651 3378 καὶ
1682 3326 1821 3378 πλυ-

231 3418 480 3488 νόμενος,
510 3416 701 3486 ὥσπερ
728 3418 785 3469 ὲν
828 3416 903 3487 τῷ
962 3416 1241 3487 Πακτωλῷ
1282 3417 1539 3488 ποταμῷ,
1564 3418 1681 3471 ἀλλ’
1714 3417 1818 3489 ὄρη

228 3510 400 3563 πολλὰ
457 3510 557 3562 καὶ
610 3509 844 3581 μεγάλα,
888 3510 945 3561 ὲν
1004 3505 1085 3573 οἷς
1137 3506 1347 3561 οἰκοῦσι
1390 3508 1621 3578 γρῦπες,
1656 3508 1821 3579 ὄρνεα

229 3602 565 3672 τετράποδα,
619 3602 849 3672 μέγεθος
904 3602 1030 3655 ὅσον
1076 3600 1261 3666 λύκος,
1290 3600 1455 3671 σκέλη
1494 3602 1591 3655 καὶ
1629 3599 1821 3670 ὄνυχες

229 3687 432 3763 οἷάπερ
462 3692 603 3745 λέων
623 3708 638 3723 ο
671 3694 741 3745 τὰ
764 3695 822 3746 ἐν
850 3690 928 3761 τῷ
956 3692 1099 3761 ἄλλῳ
1146 3691 1359 3763 σώματι
1391 3694 1565 3765 πτερὰ
1591 3693 1817 3765 μέλανα,

226 3782 441 3855 ἐρυθρὰ
461 3783 521 3837 δὲ
544 3783 612 3836 τὰ
642 3783 701 3836 ὲν
735 3782 815 3853 τῷ
864 3784 1073 3854 στήθει.
1128 3784 1207 3836 Δι’
1250 3783 1448 3847 αὐτοὺς
1478 3785 1536 3837 δὲ
1565 3786 1593 3837 ὁ
1620 3785 1680 3838 ὲν
1706 3785 1821 3847 τοῖς

226 3877 378 3948 ὄρεσι
410 3877 615 3949 χρυσὸς
640 3876 809 3941 πολὺς
830 3876 904 3930 ῶν
932 3876 1141 3946 γίνεται
1164 3876 1548 3948 δυσπόριστος.

296 4060 424 4115 Ὅτι
448 4061 524 4114 τὰ
562 4059 814 4131 πρόῦατα
833 4058 941 4112 τῶν
980 4057 1179 4123 Ἰνδῶν,
1205 4057 1299 4112 καὶ
1322 4058 1379 4111 αί
1404 4051 1561 4126 αῖγες
1592 4057 1818 4129 μείζους

228 4152 364 4206 ὄνων
394 4152 530 4217 εἰσὶ,
562 4151 659 4205 καὶ
699 4152 944 4204 τίκτουσι
994 4149 1102 4205 ἀνὰ
1129 4151 1417 4221 τεσσάρων
1441 4149 1487 4181 ³ο
1516 4151 1611 4205 καὶ
1646 4148 1705 4214 ἓξ
1741 4148 1819 4213 ὡς

229 4245 322 4297 ἐπὶ
364 4244 434 4297 τὸ
488 4242 650 4296 πολύ.
692 4242 915 4312 Ἔχουσι
974 4242 1032 4295 δὲ
1073 4240 1241 4311 οὐρὰς
1284 4240 1529 4311 μεγάλας
1557 4257 1575 4275 ο
1609 4242 1691 4295 διὸ
1707 4240 1818 4295 τῶν

226 4333 469 4387 τοκάδων
498 4331 924 4400 ἀποτέμνουσιν,
954 4329 1041 4383 ἵνα
1064 4330 1325 4384 δύνωνται
1372 4330 1681 4401 ὀχεύεσθαι.
1708 4327 1816 4395 τΥς

1924 1880 2045 1919 rum
2077 1864 2245 1918 millia
2270 1862 2530 1917 Indorum
2556 1878 2735 1933 regem
2782 1862 2834 1915 in
2866 1876 2966 1915 suo
2996 1861 3257 1915 comitatu
3284 1860 3507 1924 habere,

1923 1954 2066 2023 quod
2095 1954 2360 2023 sagittarii
2403 1955 2511 2010 sint
2538 1954 2874 2022 peritissimi.
2916 1951 3171 2005 Summos
3196 1948 3505 2018 eSsejusti—

1925 2044 2012 2098 tiae
2063 2043 2340 2108 cultores,
2382 2044 2681 2113 iisdemque
2718 2043 2916 2112 quibus
2943 2040 3055 2095 ludi
3094 2040 3311 2111 reliqui,
3366 2039 3502 2110 legi-

1923 2131 2023 2187 bus
2051 2148 2266 2203 parere.
2300 2130 2499 2187 Venari
2541 2147 2756 2201 quoque
2791 2131 3003 2198 lepores
3046 2128 3365 2200 vnlpesque,
3399 2143 3506 2181 non

1921 2224 2168 2286 canibus,
2196 2223 2289 2277 sed
2318 2221 2519 2287 corvis,
2564 2222 2763 2286 milvis,
2798 2222 3132 2287 cornicibus,
3186 2220 3385 2289 aquilis
3415 2218 3511 2272 ad-

1922 2315 2110 2370 bibitis
2160 2313 2295 2384 (56).
2332 2313 2532 2369 Lucum
2564 2316 2704 2382 apud
2753 2330 2848 2368 eos
2893 2328 3014 2368 esse
3064 2313 3505 2386 octingentorum

1921 2405 2217 2458 Stadiorum
2251 2404 2453 2458 ambitu
2490 2404 2637 2476 (37);
2681 2406 2765 2461 cui
2802 2402 3028 2475 oleum[
3060 2414 3250 2458 nostro
3282 2398 3508 2470 simile]

1922 2507 2259 2567 supernatet,
2293 2498 2503 2565 quoties
2536 2498 2712 2551 nullus
2743 2498 2949 2567 aspirat
2974 2504 3202 2555 ventus;
3234 2510 3330 2560 per
3363 2494 3509 2548 hunc

1920 2604 2051 2659 ergo
2079 2590 2253 2644 lacum
2293 2590 2533 2659 parvulis
2563 2591 2793 2658 navigiis
2823 2600 3029 2655 vectos,
3084 2604 3151 2644 ex
3185 2588 3304 2657 ejus
3333 2588 3508 2640 medi-

1920 2681 2077 2735 tullio
2117 2681 2357 2749 scapbiis
2389 2680 2569 2734 oleum
2602 2682 2668 2734 ad
2704 2697 2859 2734 usum
2892 2680 3132 2735 haurire.
3170 2678 3259 2733 Uti
3290 2678 3507 2748 quidem

1920 2783 1974 2828 et
2002 2789 2067 2828 ex
2097 2788 2311 2828 sesamo
2343 2788 2601 2843 expresso
2628 2773 2772 2838 oleo,
2819 2782 2879 2827 ut
2918 2781 2972 2826 et
3002 2789 3031 2826 e
3060 2772 3290 2826 nucibus
3320 2788 3334 2824 :
3371 2786 3503 2838 prac-

1920 2866 2155 2921 stantius
2176 2874 2357 2920 tamen
2381 2881 2503 2921 esse
2524 2866 2653 2920 illud
2677 2881 2708 2921 e
2744 2867 2862 2921 lacu
2894 2866 3169 2921 haustum.
3203 2864 3390 2920 Pisces
3422 2864 3504 2917 ni-

1921 2957 2218 3013 hilominus
2242 2959 2442 3013 habere
2474 2958 2617 3013 hunc
2646 2958 2852 3013 lacum.

1996 3049 2292 3104 Abundare
2313 3064 2529 3119 quoque
2556 3050 2747 3104 scribit
2782 3049 2924 3105 hanc
2947 3050 3222 3121 regionem
3255 3058 3508 3120 argento,

1922 3156 2097 3209 neque
2146 3140 2441 3209 profundas
2497 3141 2619 3211 ejus
2668 3155 2789 3197 esse
2839 3142 3073 3208 fodinas,
3114 3142 3209 3198 sed
3256 3140 3506 3196 Bactrius

1922 3233 2067 3303 ipsas
2098 3248 2263 3287 venas
2299 3233 2520 3287 altiores
2563 3233 2772 3288 haberi.
2816 3233 2957 3300 Quin
2992 3244 3047 3288 et
3075 3249 3264 3287 aurum
3310 3232 3511 3287 habere

1923 3324 2129 3377 ludiam
2157 3343 2172 3378 :
2219 3340 2326 3378 non
2356 3325 2499 3395 quod
2551 3325 2604 3378 in
2638 3323 2955 3379 ﬂuminibus
2987 3324 3308 3394 reperiatur,
3363 3323 3510 3376 lave-

1924 3429 2143 3485 turque,
2193 3431 2251 3469 ut
2282 3417 2341 3470 lit
2377 3415 2677 3471 inPactolo
2710 3418 2970 3481 llumine;
3027 3414 3122 3471 sed
3169 3416 3312 3483 quod
3357 3413 3509 3467 nmlti

1920 3512 2170 3577 Vastique
2218 3520 2433 3564 montes
2477 3511 2841 3579 suppeditent,
2880 3511 2931 3563 in
2966 3510 3162 3580 quibus
3194 3507 3341 3578 quod
3382 3523 3510 3579 gry-

1922 3605 2055 3670 pbes
2090 3603 2203 3673 (58)
2234 3602 2480 3656 habitent
2512 3602 2662 3673 (aves
2691 3601 3098 3672 quadrupedes,
3147 3603 3257 3670 lupi
3297 3604 3509 3671 magni--

1922 3694 2131 3758 tudine,
2192 3693 2423 3747 leoninis
2457 3693 2712 3748 cruribus
2753 3703 2918 3763 atque
2963 3694 3255 3763 unguibus,
3317 3695 3510 3763 pennis

1921 3794 2034 3839 toto
2054 3800 2282 3854 corpore
2306 3784 2493 3853 nigris,
2541 3793 2597 3837 at
2624 3785 2677 3838 in
2713 3797 2933 3853 pectore
2965 3786 3171 3852 τουπ-18)
3200 3785 3331 3841 hinc
3360 3785 3507 3840 5σὶΙί-

1921 3886 2029 3942 cet,
2051 3876 2193 3944 quod
2224 3875 2295 3929 ibi
2329 3883 2474 3928 tanta
2519 3876 2677 3947 copia
2714 3877 2785 3932 sit
2810 3892 3025 3943 aurum,
3055 3877 3345 3932 dillicultcr
3372 3877 3510 3931 adeo

1920 3967 2177 4023 obtineri.

1992 4059 2245 4116 ludorum
2280 4074 2433 4126 oves,
2485 4075 2788 4131 caprasque
2820 4061 2993 4117 asinis
3020 4075 3141 4115 esse
3168 4058 3370 4114 nostris
3398 4076 3513 4112 ma-

1915 4152 2088 4220 jores,
2124 4164 2177 4208 et
2203 4154 2495 4221 plurimum
2529 4167 2853 4223 quaternos,
2885 4153 2993 4206 imo
3016 4163 3069 4206 et
3099 4168 3259 4207 senos
3293 4166 3509 4219 parere.

1919 4246 2131 4301 Caudas
2160 4259 2291 4298 vero
2327 4245 2461 4299 adeo
2509 4245 2709 4299 habere
2750 4260 2972 4309 magnas
3001 4242 3113 4313 (59)
3146 4254 3203 4297 ut
3228 4244 3352 4297 fctis
3396 4259 3512 4296 am-

1921 4337 2174 4406 putandae
2204 4337 2334 4398 sint,
2378 4352 2486 4406 quo
2531 4352 2736 4390 marem
2767 4337 3057 4390 admittere
3090 4336 3321 4404 possint.
3374 4332 3509 4387 Pur-

226 4424 284 4478 δὲ
318 4424 447 4479 οὕτε
481 4426 696 4495 ἥμερος
720 4422 845 4476 οὔτε
867 4424 1057 4492 ἄγριος
1098 4422 1245 4475 ἔστιν
1275 4426 1333 4476 ἐν
1362 4426 1430 4494 τῇ
1483 4423 1699 4494 Ἰνδικῇ.
1749 4422 1815 4476 Ol

1927 4443 2048 4482 cum
2080 4425 2192 4497 (40)
2226 4425 2354 4478 item
2383 4441 2559 4494 neque
2592 4428 2830 4480 cicurem
2861 4441 3035 4495 neque
3062 4425 3363 4479 silvestrem
3400 4433 3508 4475 tota

230 4518 291 4571 5i:
312 4520 563 4587 φοίνικες
602 4518 651 4570 οί
686 4518 743 4569 ἐν
797 4515 981 4579 Ἰνδοῖς
1039 4516 1135 4568 καὶ
1156 4517 1203 4569 οί
1234 4514 1438 4569 τούτων
1462 4516 1682 4587 βάλανοι
1704 4532 1825 4588 τρι-

1927 4518 2078 4574 lndia
2116 4516 2363 4587 reperiri.
2406 4515 2620 4570 Pabnas
2671 4515 2903 4581 Indicas,
2946 4529 3247 4583 earumque
3301 4513 3511 4566 fructus

230 4610 448 4664 πλάσιοι
480 4610 592 4662 τῶν
647 4610 705 4660 ὲν
762 4606 1065 4662 Βαϐυλῶνι.
1122 4607 1233 4662 Καὶ
1290 4600 1722 4679 ποταμόνφησιν
1761 4608 1822 4661 ὲκ

1927 4609 2085 4679 triplo
2110 4624 2232 4663 esse
2255 4623 2417 4677 quam
2446 4609 2586 4675 apud
2634 4605 2706 4659 Ba
2720 4606 2965 4661 bulonios
2998 4607 3252 4675 majores.
3290 4604 3511 4672 Insuper

232 4704 441 4776 πέτρας
477 4703 676 4774 ῥέοντα
715 4698 861 4770 μέλι.

1923 4711 1979 4755 et
2011 4702 2231 4755 ﬂuvium
2258 4699 2329 4754 ibi
2354 4701 2644 4770 quemdam
2672 4714 2704 4753 c
2731 4707 2885 4769 petra
2914 4698 3069 4753 melle
3096 4697 3284 4754 tluere.

1514 4816 1743 4874 VARIAE
1774 4815 2185 4873 LECTIONES.

300 4934 345 4964 ’°
375 4933 575 5019 μέχρις
602 4935 642 4985 Α
670 4950 685 4987 :
724 4933 1002 5019 péxpt'xai
1026 4953 1103 5019 ς..
1166 4936 1210 4968 ’⁸
1236 4936 1379 5019 μεῖνα
1409 4953 1468 5000 ς.

235 5090 369 5143 cupa
394 5091 455 5139 ς.

1572 4937 1617 5005 ³]
1650 4936 1728 5005 δὲ]
1756 4953 1816 4988 τε
1847 4953 1906 4999 ς.

232 5002 278 5033 ³³
302 5002 687 5073 κτήνηίπάντα
710 5007 754 5058 Δ
788 5002 1010 5059 επάντα
1034 5006 1171 5071 ζῶα.
1238 5002 1292 5039 ³⁸
1314 5005 1526 5079 ὥσπερ]
1550 5002 1743 5077 οἷσπερ
1769 5008 1792 5061 7
1862 5006 1906 5037 ³⁷
1936 5005 2181 5074 λαγωούς
2203 5022 2264 5069 ς.
2338 5004 2385 5034 ⁸⁸
2424 5004 2656 5076 σησάμῳ
2681 5023 2741 5071 ς.

2013 4935 2058 4967 ’³
2087 4934 2144 4985 αί
2178 4933 2299 5003 βόες
2345 4934 2438 4986 καὶ
2486 4934 2536 4985 οί
2588 4933 2701 4987 ὄνοι
2730 4951 2791 4999 ς’.
2900 4933 2945 4966 ’⁸
2967 4935 3060 4987 καὶ
3104 4934 3151 4987 οί
3188 4934 3409 5004 ἡμίονοι
3442 4954 3502 5001 ς.

2819 5006 2863 5037 ²⁹
2893 5005 3131 5077 ἀργύρια
3161 5024 3219 5070 ς.
3301 5006 3348 5037 ⁸⁸
3380 5007 3506 5059 τέσ-

1760 5162 1994 5220 NOTAE.

304 5262 411 5329 (35)
446 5260 649 5316 Elian.
704 5259 799 5315 lib.
862 5276 974 5321 xvi,
1048 5276 1169 5329 cap.
1222 5260 1331 5323 '57,
1406 5259 1550 5313 Hist.
1588 5261 1814 5314 animal.

241 5329 333 5450 l’~_'y
359 5331 644 5411 bslndicis
682 5339 852 5383 totum
885 5330 1015 5384 illud
1054 5330 1238 5398 pumili
1284 5330 1495 5399 pecoris
1541 5348 1708 5400 genus
1742 5341 1816 5383 at-

241 5413 300 5450 ιη
324 5410 432 5450 iuit-

238 5403 432 5455 tribuit.

298 5472 407 5540 (δα)
432 5471 552 5537 Quo
577 5482 765 5524 autem
802 5471 964 5524 modo
990 5470 1163 5540 ibasce
1200 5486 1329 5525 aves
1370 5471 1553 5523 venari
1583 5470 1818 5525 doceant.

240 5540 365 5601 lnvli,
389 5539 393 5540 “
419 5558 484 5594 ex
517 5540 708 5597 Ctesia
760 5542 928 5594 tradit
962 5539 1165 5595 Elian.
1196 5542 1287 5596 lib.
1319 5557 1394 5606 tv,
1439 5557 1560 5611 cap.
1596 5541 1687 5607 ‘26,
1741 5543 1816 5596 De

240 5622 344 5663 nat.
366 5612 595 5667 animal.

306 5680 699 5808 (317a‘pleminit
729 5680 890 5751 bujus
916 5680 1022 5740 loci
1051 5678 1373 5751 Antigonus,
1408 5681 1640 5739 Mirabil.
1679 5697 1804 5737 nar-

306 5767 327 5808 L.
426 5772 477 5808 Ἰ.

238 5762 327 5809 rat.
356 5753 477 5808 165.

1995 5262 2108 5331 (38)
2141 5262 2535 5334 Degrypbibus
2569 5266 2706 5328 h'ec,
2748 5275 2799 5319 et
2849 5265 2965 5319 auri
3017 5263 3304 5334 colligendi
3350 5266 3509 5319 modo

1925 5330 2039 5395 lege
2064 5330 2180 5399 cap.
2209 5330 2424 5395 27,'lib.
2456 5351 2531 5395 tv.
2566 5334 2765 5388 Ailizmi
2803 5336 2875 5388 De
2906 5337 3127 5389 animal.

1993 5404 2105 5470 (59)
2141 5403 2393 5456 Cubitum
2455 5415 2625 5459 totum
2677 5407 2845 5465 latas,
2930 5416 2987 5458 ut
3052 5406 3178 5459 hinc
3231 5406 3507 5473 expressit

1924 5472 2125 5528 jElian.
2155 5474 2245 5526 lib.
2283 5487 2342 5537 ll,
2374 5474 2446 5527 De
2476 5477 2694 5529 animal.
2718 5492 2836 5541 cap.
2873 5476 2925 5529 3.

1991 5542 2103 5610 (40)
2141 5544 2299 5595 Addit
2329 5544 2529 5598 Aﬁliau.
2564 5548 2654 5597 lib.
2693 5562 2802 5605 xvi.
2837 5562 2956 5613 cap.
2994 5545 3057 5600 57
3081 5587 3094 5606 ,
3142 5562 3203 5597 ex
3248 5545 3504 5600 hucCIe-

1922 5614 2016 5665 sia-
2043 5613 2184 5675 loco,
2240 5614 2379 5667 suilli
2402 5616 2617 5683 generis
2639 5632 2792 5667 usum
2817 5616 3265 5672 ludosdeteslari.
3291 5626 3348 5671 et
3381 5629 3503 5669 tan-

1917 5694 2105 5808 tqtifge
2127 5686 2192 5736 ab
2215 5700 2279 5737 eo
2317 5687 2604 5751 vescendo,
2657 5702 2819 5755 quam
2851 5688 2920 5741 ab
2957 5686 3214 5743 humanis
3243 5690 3502 5743 carnibus

1922 5768 1988 5808 ao
2068 5768 2233 5808 ποτε.

1922 5767 2233 5809 δυιιοῐτυῐε.
