3942 6234
380 278 491 348 219
1545 284 1806 347 PHOTII
1835 266 2347 345 PATRIKRCHzE
2376 281 2482 345 cr.
3554 276 3664 342 220
3686 279 3722 319 '-

453 400 599 474 47η
632 397 799 455 Multa
838 400 1009 457 relert
1044 400 1113 457 de
1137 397 1391 456 Indorum
1414 399 1723 470 justitia,et
1744 401 1971 454 insnum
2001 448 2010 459 ι

2157 395 2327 452 Πολλὰ
2359 394 2415 448 δὲ
2443 374 2592 462 λέγει
2624 390 2751 463 περὶ
2785 391 2885 462 τῆς
2929 390 3283 460 δικαιοσύνης
3312 379 3536 455 αὐτῶν,
3564 395 3660 448 καὶ

387 507 570 565 regem
591 492 1169 563 benevolentia,deque
1194 492 1407 548 illorum
1436 492 1623 545 mortis
1636 502 1944 561 contemptu

2134 488 2174 558 ις
2202 486 2332 557 περὶ
2362 485 2455 538 τὸν
2484 484 2633 553 σφῶν
2666 483 2890 553 βασιλέα
2941 475 3176 545 εὐνοίας,
3206 480 3421 549 καὶτῆς
3445 478 3544 534 τοῦ
3569 480 3691 534 θαι-³

387 582 430 639 1³⁸
432 594 612 640 ontem
630 601 845 654 quoque
872 588 1011 655 apud
1031 601 1127 641 eos
1157 600 1277 641 esse
1300 585 1399 652 ait,
1425 585 1577 653 cujus
1598 598 1757 653 aqua,
1783 584 1944 639 simul

2132 593 2236 629 ιτου
2267 576 2749 645 καταφρονήσεως.
2779 574 2942 641 Λέγει
2968 572 3026 625 δὲ
3055 573 3140 625 ὅτι
3170 573 3322 642 πηγή
3359 572 3478 625 ἐστι
3504 610 3521 636 ,
3570 573 3689 625 καὶ·

386 687 554 748 atque
582 680 772 733 hausta
819 678 1004 744 fuerit,
1056 678 1198 732 casei
1251 678 1303 732 in
1366 693 1572 733 morem
1628 677 1943 747 coaguletur

2110 667 2299 722 πειδάν
2326 686 2413 732 τις
2443 668 2623 738 ἀρύσῃ
2666 666 2730 721 τὸ
2764 667 2906 736 ’ύδωρ
2938 666 3130 735 αὐτῆς,
3164 666 3438 737 πήγνυται
3472 663 3667 733 ὥσπερ

388 768 560 841 llujus
594 782 774 825 autem
811 769 1080 839 coagulati
1114 770 1161 824 si
1186 769 1273 825 cui
1308 770 1373 824 ad
1407 780 1518 824 tres
1545 769 1734 825 obolos
1760 769 1945 825 contril

2109 761 2255 833 υρός.
2283 762 2487 815 Τούτου
2519 757 2614 814 οὖν
2637 758 2733 813 τοῦ
2765 758 2974 829 πηκτοῦ
3007 759 3131 811 ὅσον
3159 759 3305 826 τρεῖς
3329 755 3666 819 ὀϐολοὺςὲάν

387 861 554 925 veris,
578 870 741 926 atque
778 858 830 912 in
856 858 1064 927 vulgari
1092 873 1230 927 aqua
1263 859 1527 913 bibendos
1549 859 1782 923 dederis,
1826 859 1937 913 indi

2109 855 2271 926 ρίψας
2301 855 2407 921 δῷς
2441 857 2497 908 ἐν
2520 852 2675 908 ὕδατι
2691 856 2855 918 πιεῖν,
2892 851 3211 921 ἐξαγγέλλει
3236 851 3413 904 πάντα
3435 851 3536 903 ὅσα
3561 848 3663 901 ἑπ-

389 961 519 1002 care
547 963 669 1001 mox
706 946 855 1000 illum
903 960 1243 1018 quascunque
1285 949 1667 1019 admisitﬂl).
1714 947 1792 1002 Eo
1824 949 1946 1003 enin

2102 948 2228 1013 ναξεο
2248 950 2593 1019 παραφρονεῖ
2603 945 2712 1016 γὰρ
2728 946 2821 999 καὶ
2837 947 3083 1015 μαίνεται
3096 944 3297 1014 ταύτην
3308 941 3659 1015 τὴνήμέραν.

389 1039 479 1095 die
536 1050 720 1094 meme
763 1040 1060 1093 alienatum
1113 1041 1370 1096 insanire.
1416 1040 1501 1096 Uti
1535 1056 1663 1108 ergo
1692 1057 1758 1096 eo
1792 1056 1946 1110 regen

2106 1041 2291 1109 ἱρᾶται
2319 1040 2377 1092 δὲ
2404 1038 2554 1109 αὐτῷ
2581 1040 2611 1092 ὁ
2647 1037 2898 1108 βασιλεὺς
2935 1036 3022 1108 ἐφ’
3057 1030 3133 1089 ὧν
3157 1035 3663 1108 κατηγορουμένων

391 1132 448 1186 iu
483 1130 779 1195 accusatis,
809 1133 1025 1201 quoties
1051 1129 1201 1186 'certo
1232 1146 1560 1201 cognoscere
1581 1132 1732 1197 velit,
1780 1148 1848 1186 an
1878 1133 1948 1187 ob

2110 1130 2308 1193 ἀληθὲς
2339 1132 2523 1200 εὑρεῖν
2553 1128 2824 1201 ἐθελήσει·
2849 1130 2954 1182 κᾶν
2994 1128 3093 1198 μὲν
3123 1127 3338 1199 ἐξείπῃ,
3391 1126 3663 1199 προστάσ-

381 1220 652 1290 jectorum
688 1216 976 1278 criminum
1013 1223 1198 1279 alliues
1229 1224 1362 1280 sint.
1405 1224 1471 1278 Et
1503 1225 1548 1280 si
1602 1225 1822 1294 quidem
1853 1225 1938 1280 edi

2113 1238 2233 1275 εται
2290 1222 2790 1296 ἀποκαρτερῆσαι,
2854 1223 2922 1278 ἂν
2983 1222 3041 1277 δὲ
3125 1222 3295 1293 μηδὲν
3374 1219 3610 1291 ἐλεγχθῇ
3644 1242 3670 1286 ,-

390 1313 576 1368 derint
610 1315 845 1382 crimen,
901 1316 1170 1385 imperare
1213 1327 1272 1371 ut
1302 1317 1479 1371 inedia
1528 1328 1757 1372 mortem
1783 1332 1974 1373 accer-
2075 1315 2320 1385 ἀφίεται.

395 1416 561 1461 sant:
592 1408 637 1461 si
681 1422 809 1463 vero
853 1407 988 1462 nihil
1030 1408 1493 1478 deprehendatur,
1524 1407 1726 1464 liberos
1752 1408 1971 1464 dimitti.

463 1495 719 1553 Indorum
751 1501 1024 1555 neminem
1051 1510 1146 1556 aut
1182 1501 1396 1570 Capitis,
1434 1510 1529 1555 aut
1549 1501 1853 1567 oculorum,
1885 1513 1978 1558 aut

2149 1495 2293 1561 Ὅτι,
2334 1494 2522 1564 φησὶν,
2547 1492 2623 1557 ὡς
2662 1494 2705 1526 ³¹
2753 1492 2929 1548 Ἰνδῶν
2959 1492 3135 1557 οὐδεὶς
3164 1491 3505 1563 κεφαλαλγεῖ
3537 1488 3663 1544 οὐδὲ

389 1583 634 1639 dentium
669 1587 856 1641 dolore
878 1588 1095 1656 vexari;
1136 1590 1409 1643 neminem
1441 1590 1558 1647 oris
1588 1590 1854 1661 pustulas,
1882 1607 1946 1646 au

2104 1587 2361 1658 ιφθαλμιᾷ
2389 1585 2512 1640 οὐδὲ
2532 1586 2844 1654 ὀδονταλγεῖ
2865 1627 2879 1649 ,
2916 1586 3038 1639 οὐδὲ
3063 1584 3316 1638 ἑλκοῦται
3349 1584 3414 1636 τὸ
3452 1582 3661 1649 στόμα,

390 1678 611 1744 penitus
640 1678 807 1734 ullum
836 1690 1157 1751 putrescens
1188 1682 1343 1738 ulcus
1376 1685 1510 1753 pati.

2105 1681 2197 1734 ὑδὲ
2234 1679 2507 1751 σηπεδόνα
2536 1679 2791 1748 οὐδεμίαν
2838 1680 2996 1748 ἴσχει·
3027 1679 3062 1748 ἡ
3106 1677 3163 1730 δὲ
3203 1677 3316 1747 ζωὴ
3369 1675 3549 1729 αὐτῶν
3580 1682 3662 1745 ρκ’

2002 1761 2045 1815 Β
2074 1773 2168 1826 καὶ
2190 1772 2232 1827 λ’
2261 1772 2358 1827 καὶ
2388 1778 2433 1825 ν’
2458 1770 2552 1826 καὶ
2580 1777 2624 1824 σ⁰
2654 1772 2706 1825 οἱ
2732 1771 2802 1824 τὰ
2832 1771 3061 1824 πλεῖστα
3089 1769 3353 1841 βιοῦντες.

461 1857 589 1933 [De
609 1860 760 1917 Seris
788 1862 920 1918 ferri
960 1873 1077 1930 aut,
1126 1864 1368 1937 itemque
1402 1867 1468 1922 de
1527 1867 1878 1923 ulterioribus
1902 1864 2049 1921 ludis
2084 1864 2224 1934 (42),
2286 1862 2547 1918 immania
2595 1877 2819 1933 prorsus
2863 1862 2984 1917 illos
3050 1863 3252 1916 habere
3300 1874 3553 1929 corpora,
3606 1866 3667 1911 ut

388 1957 647 2014 tredecim
684 1959 755 2015 ibi
792 1961 1007 2037 cubitus
1044 1960 1137 2017 alti
1169 1962 1269 2017 viri
1309 1962 1671 2032 reperiantur,
1726 1978 1956 2032 quorum
2006 1975 2160 2031 aeque
2203 1960 2313 2015 vita
2348 1959 2460 2029 (43)
2507 1959 2937 2014 ducentesimum
2994 1959 3224 2013 excedat
3269 1973 3472 2012 annum
3519 1955 3660 2028 (43).

388 2047 549 2105 Visos
586 2059 640 2105 et
678 2050 731 2105 in
773 2050 944 2107 Gaitae
987 2051 1224 2109 ﬂuminis
1271 2056 1503 2124 quadam
1560 2064 1713 2124 parte
1763 2055 1968 2111 ferinos
2023 2053 2290 2118 homines,
2327 2051 2696 2122 hippopotami
2743 2050 2856 2106 fere
2884 2060 3030 2116 cute,
3067 2063 3231 2120 quam
3285 2064 3353 2104 ne
3395 2049 3496 2102 tela
3542 2050 3665 2114 qui—

388 2142 513 2199 dem
557 2142 928 2213 perfoderent.
983 2144 1040 2200 lu
1083 2146 1171 2201 illa
1209 2147 1322 2215 ipsa
1356 2147 1503 2202 ludia
1541 2147 1851 2218 (utierunt)
1900 2147 1965 2202 ad
2018 2146 2244 2201 intimas
2297 2145 2521 2200 marinae
2554 2144 2747 2199 inlusa:
2810 2151 3013 2214 partes,
3086 2143 3389 2215 pradongas
3452 2154 3671 2213 gestare

388 2231 594 2290 caudas
629 2234 833 2291 incolas
861 2235 997 2307 (44),
1040 2238 1233 2306 quales
1283 2237 1366 2293 vel
1398 2239 1599 2310 satyris
1636 2239 1851 2309 appingi
1897 2235 2201 2308 solerent.]

461 2325 783 2396 Serpentem
816 2333 957 2398 apud
992 2326 1154 2385 Indos
1187 2344 1312 2385 esse
1337 2331 1625 2397 quemdam
1676 2341 1965 2398 memorat,

2111 2318 2299 2383 Ἔστιν
2313 2327 2436 2398 ὄφις
2458 2327 2812 2397 σπιθαμιαῑος
2824 2326 2883 2380 ὲν
2894 2327 3099 2391 αὐτοῖς,
3120 2325 3247 2399 [149
3269 2325 3360 2399 3.]
3376 2322 3435 2381 τὸ
3448 2326 3505 2382 δὲ
3522 2322 3664 2391 εἶδος

387 2410 680 2490 spithamae
727 2420 1085 2491 longitudine,
1142 2421 1521 2491 pulcherrimae
1553 2440 1804 2494 purpume
1842 2438 1944 2493 spe-

2114 2421 2236 2474 ί)τοῦ
2258 2420 2380 2491 ὡςή
2408 2419 2671 2489 καλλίστη
2693 2418 3006 2491 πορφύρα,ή
3029 2419 3349 2491 δὲ³²κεφαλὴ
3359 2420 3671 2493 λευκοτάτη

389 2510 500 2586 cie,
534 2512 714 2582 capite
740 2513 1154 2580 candidissimo,
1206 2514 1479 2584 nullisque
1519 2515 1746 2570 omnino
1791 2515 1939 2570 denti

2109 2514 2288 2577 δόντας
2310 2513 2367 2565 δὲ
2379 2512 2488 2565 οὐδ’
2509 2512 2647 2574 ὅλως
2666 2510 2801 2581 ἔχει.
2829 2510 3135 2581 Θηρεύεται
3158 2512 3343 2565 ἐκτῶν
3371 2528 3666 2583 καυματω-

390 2602 535 2658 bus:
566 2618 727 2673 quem
770 2605 822 2660 in
847 2605 1256 2661 aestuosissimis
1282 2605 1389 2662 illis
1425 2608 1724 2671 montibus,
1761 2623 1828 2663 ex
1849 2607 1947 2678 qui

2107 2606 2345 2659 εστάτων
2357 2606 2552 2676 ὀρέων,
2581 2605 2704 2659 ὅθεν
2722 2608 2753 2675 ἡ
2781 2603 2964 2675 σαρδὼ
2979 2598 3461 2675 ὀρύσσεται-Οὗτος
3474 2604 3664 2658 δάκνει

390 2692 498 2749 bus
526 2696 690 2750 sardo
716 2693 738 2767 [
764 2710 975 2764 gemma
999 2693 1021 2767 ]
1072 2694 1348 2761 eiloditur,
1405 2704 1698 2751 venatores
1728 2697 1942 2764 capiant

2107 2698 2186 2751 ιὲν
2210 2696 2295 2760 οὗ,
2322 2699 2447 2752 ὅτου
2469 2698 2514 2752 δ’
2544 2699 2610 2752 ἂν
2635 2715 2766 2751 κατε
2775 2697 2937 2769 μέσῃ,
2966 2698 3123 2751 τοῦτο
3143 2697 3205 2750 τὺ
3216 2696 3415 2769 χωρίον
3439 2696 3664 2760 πάντως

393 2781 549 2837 Hunc
578 2797 684 2837 non
722 2783 970 2837 mordere
1001 2783 1241 2852 quidem,
1270 2784 1367 2838 sed
1392 2798 1770 2853 quemcunque
1794 2784 1950 2838 locun

2108 2792 2500 2861 τήτιεταιᾘοιεί
2512 2790 2566 2844 δὲ
2591 2792 2883 2861 φάρμακον
2902 2790 3078 2843 διττὸν
3104 2789 3212 2842 ἀπὸ
3226 2790 3325 2859 τῆς
3342 2789 3510 2860 οὐρᾶς
3532 2806 3665 2858 κρεο

390 2873 598 2927 vomitu
629 2889 729 2929 suo
763 2875 1153 2944 consperserit,
1180 2890 1303 2928 eum
1342 2874 1653 2929 necessario
1689 2875 1947 2943 putreditn

2108 2880 2354 2951 ιάμενος,
2380 2880 2757 2950 ἠλεκτροειδὲς
2788 2881 2883 2934 καὶ
2903 2880 3210 2951 μέλαν.Καὶ
3234 2880 3294 2934 τὸ
3327 2880 3426 2950 μὲν
3461 2880 3665 2944 ζῶντος

391 2966 598 3021 vitiari.
652 2967 910 3022 Eumdem
961 2983 1057 3037 per
1113 2968 1342 3022 caudam
1410 2983 1730 3037 suspensum
1777 2967 1948 3037 dnple:

2125 2973 2331 3042 ποῤῥεῖ,
2352 2972 2412 3023 τὸ
2439 2970 2495 3024 δὲ
2519 2971 2688 3042 μέλαν
2718 2971 2992 3034 θανόντος⁶
3026 2972 3121 3025 καὶ
3142 2970 3203 3024 τὸ
3226 2970 3325 3041 μὲν
3345 2972 3467 3024 ὅσον
3495 2971 3671 3039 σήσα-

393 3044 652 3114 emittere
680 3073 947 3114 venenum
994 3059 1184 3115 electri
1221 3060 1402 3128 specie
1439 3060 1610 3128 prius,
1642 3070 1698 3113 et
1738 3059 1950 3115 alterun

2111 3080 2215 3126 ιον,
2245 3063 2522 3135 διδόμενον
2556 3064 2586 3117 ὃ
2624 3062 2824 3128 ζῶντος
2863 3063 3122 3136 ἔῤῥευσεν
3144 3103 3175 3139 ,⁸
3219 3063 3417 3117 αὐτίκα
3451 3063 3668 3132 φθείρει

395 3150 645 3219 nigrum;
677 3149 805 3204 illud
837 3151 958 3206 vivo
992 3150 1235 3217 ellluere,
1261 3152 1364 3205 hoc
1396 3161 1631 3207 mortuo.
1663 3150 1819 3207 Prius
1845 3152 1952 3206 iten

2113 3153 2174 3207 οὗ
2209 3153 2516 3224 ἐγκεφάλου
2546 3153 2643 3208 τοῦ
2676 3155 2893 3218 πιόντος
2917 3155 3005 3209 διὰ
3041 3154 3151 3208 τῶν
3183 3153 3348 3225 ῥινῶν
3386 3152 3668 3225 ἀπορρεύ-

393 3239 547 3308 illud,
580 3243 625 3299 si
659 3243 856 3299 sesami
884 3254 1090 3298 tantmn
1117 3243 1270 3315 grani
1306 3244 1607 3312 quantitate
1632 3245 1813 3308 detur,
1844 3258 1947 3299 con

2112 3262 2298 3310 ἀντος,
2323 3244 2384 3297 τὸ
2412 3244 2470 3298 δὲ
2510 3244 2637 3299 ἄλλο
2673 3244 2951 3323 διδόμενον
2983 3247 3064 3310 είς
3104 3244 3289 3315 φθίσιν
3332 3242 3551 3313 ἀπάγει
3569 3244 3669 3298 καὶ

393 3331 579 3389 festim
606 3334 956 3400 interimere;
998 3335 1117 3402 ejus
1155 3333 1246 3402 qui
1274 3332 1405 3388 illud
1427 3334 1726 3402 sumpserit
1747 3333 1950 3389 cerebri

1335 3333 1405 3388 ud
1427 3334 1726 3402 sumpserit
1747 3333 1973 3389 cerebro
2077 3333 2144 3386 δι’
2170 3335 2416 3389 ἐνιαυτοῦ
2446 3336 2597 3406 μόλις
2626 3335 2884 3390 διόλλυσι.

394 3438 495 3495 per
520 3438 681 3480 nares
709 3424 963 3480 etlluente
994 3442 1008 3481 :
1041 3428 1273 3478 alterum
1315 3438 1447 3479 vero
1499 3423 1547 3479 si
1586 3424 1765 3488 detur,
1831 3422 2033 3479 lentam
2084 3425 2264 3480 tabem
2317 3427 2612 3495 adducere,
2657 3443 2776 3497 qua:
2822 3428 2911 3482 vix
2982 3427 3112 3482 anni
3165 3427 3341 3497 spatio
3387 3426 3667 3483 hominem

394 3520 670 3575 conﬁciat.

468 3615 636 3672 Avem
663 3614 780 3687 (45)
816 3615 1075 3670 describit
1095 3615 1336 3689 δίκαιρον
1362 3613 1689 3683 appellatum
1720 3612 1949 3684 (δίκαιον
1966 3654 1982 3677 ,

2155 3610 2266 3664 Καὶ
2282 3611 2489 3680 ὄρνεον,
2507 3609 2693 3680 φησὶν,
2725 3608 3159 3679 ἐπικαλούμενον
3180 3608 3419 3676 δίκερον
3438 3608 3503 3676 ³³,
3521 3608 3666 3679 ὅπερ

395 3706 450 3764 id
474 3716 578 3771 est,
588 3706 840 3778 justum),
873 3705 1061 3762 Graece
1096 3707 1321 3767 dixeris,
1346 3704 1578 3776 perdicis
1606 3719 1709 3759 ovo
1737 3721 1841 3757 non
1868 3718 1951 3756 ma

2113 3704 2398 3775 Ελληνιστὶ
2428 3702 2661 3757 δίκαιον
2690 3703 2969 3773 σημαίνει,
2998 3703 3061 3756 τὸ
3099 3702 3333 3773 μέγεθος
3374 3699 3498 3755 ὅσον
3526 3703 3667 3775 πέρ-

391 3799 568 3870 iorem
600 3816 615 3855 :
655 3799 795 3853 hanc
821 3813 917 3853 sua
952 3797 1189 3852 ell'odere
1215 3803 1564 3853 excrementa
1591 3834 1609 3861 ,
1647 3811 1714 3850 ne
1747 3794 1948 3849 invenit

2110 3804 2232 3860 ῖικος
2260 3796 2386 3861 ὠὸν,
2416 3795 2576 3848 τοῦτο
2604 3794 2697 3847 τὸν
2736 3796 3019 3849 ἀπόπατον
3064 3794 3394 3866 κατορύσσει
3414 3835 3429 3856 ,
3465 3795 3552 3848 ἵνα
3585 3793 3667 3865 μὴ

396 3889 628 3961 possint.
657 3882 810 3956 Quod
852 3892 896 3944 si
929 3890 996 3944 de
1025 3888 1296 3952 inventis,
1330 3899 1594 3959 quantum
1627 3885 1826 3942 sesami
1850 3901 1953 3957 grai

2115 3888 2306 3960 ὑρεθῇο
2331 3887 2723 3959 εὑρισκόμενον
2755 3887 2812 3940 δὲ
2858 3885 2926 3940 ἂν
2971 3887 3116 3959 ποθῇ
3145 3887 3310 3940 αὐτοῦ
3338 3886 3461 3940 ὅσον
3488 3886 3668 3956 σησά-

396 3995 527 4036 nunt
555 3988 672 4045 est,
725 3978 998 4049 quispiam
1038 3977 1277 4044 biberit,
1329 3991 1489 4031 mane
1528 3990 1723 4032 somno
1755 3975 1951 4043 corripi

2110 3997 2190 4032 ιου
2225 3977 2426 4048 ἓωθενξ,
2461 3977 2630 4040 ὕπνος
2662 3976 3048 4047 ἐπιλαμϐάνει,
3079 3978 3174 4030 καὶ
3215 3976 3465 4031 καθεύδει
3492 3975 3667 4048 μηδὲν

399 4084 706 4138 sensusque
734 4078 1014 4139 expertem
1042 4069 1284 4125 dormire
1305 4108 1320 4135 ,
1346 4068 1524 4139 quoad
1553 4068 1838 4123 occidente
1864 4066 1956 4121 SOlt

1931 4066 1980 4121 le
2078 4069 2496 4142 αἰσθανόμενος,
2521 4071 2616 4125 καὶ
2646 4068 2895 4134 δύνοντος
2922 4070 3021 4123 τοῦ
3063 4068 3215 4142 ἡλίου
3242 4069 3487 4141 τελευτᾷ.

395 4160 683 4217 moriatur.

464 4249 599 4308 Esse
631 4261 686 4309 et
727 4251 800 4307 ibl
848 4251 1052 4322 lignum
1100 4254 1353 4322 parebunt
1401 4250 1605 4305 dictum
1652 4249 1804 4323 (46),
1833 4252 1970 4309 olea:

2145 4251 2258 4306 Καὶ
2283 4250 2438 4318 ξύλον
2462 4249 2600 4317 ἔστι,
2647 4250 2898 4320 πάρηὸον
2927 4249 3294 4322 καλούμενον,
3325 4250 3389 4304 τὸ
3430 4250 3665 4321 μέγεθος

395 4346 791 4421 magnitudine,
825 4347 970 4415 quod
1014 4345 1069 4399 in
1110 4344 1277 4415 regiis
1304 4344 1568 4399 duntaxat
1611 4344 1787 4399 hortis
1817 4360 1952 4415 repet

2108 4360 2197 4396 σον
2227 4342 2407 4396 ὲλαία’
2441 4344 2498 4396 ὲν
2541 4343 2655 4405 τοῖς
2699 4341 2991 4412 βασιλείοις
3025 4343 3212 4414 μόνοις
3246 4343 3293 4376 ³⁸
3343 4343 3665 4416 εὑρίσκεται

395 4442 589 4508 riatur,
617 4455 793 4511 neque
822 4438 1010 4493 ﬂorem
1043 4437 1211 4491 ullum
1236 4477 1254 4505 ,
1303 4451 1480 4508 neque
1509 4436 1744 4492 fructum
1770 4440 1952 4508 produ-

2108 4434 2295 4503 ιήποιςο
2329 4431 2453 4485 οὔτε
2481 4432 2642 4497 ἄνθος
2676 4434 2834 4506 φέρει
2862 4432 2986 4487 οὔτε
3018 4434 3253 4507 καρπὸν,
3280 4435 3578 4490 δεκαπέντε
3604 4437 3665 4491 δὲ

392 4549 548 4591 cens.
573 4531 895 4602 Quindecim
940 4530 991 4584 id
1031 4539 1242 4584 tantum
1276 4529 1477 4583 habere
1512 4528 1612 4582 sub
1645 4537 1791 4583 terra
1827 4528 1949 4581 radi

2106 4527 2254 4588 ιόνας
2300 4525 2456 4596 ῥίζας
2492 4524 2628 4596 ἔχει,
2676 4526 2769 4580 καὶ
2814 4526 3018 4592 ταύτας
3068 4528 3302 4599 παχείας
3343 4529 3483 4583 κατὰ
3534 4529 3663 4599 γῆς.

391 4642 514 4696 eos;
566 4628 664 4684 sed
705 4624 930 4683 eas'ita
969 4636 1229 4682 crassas.
1280 4630 1340 4674 ut
1392 4618 1716 4675 tenuissima
1765 4619 1948 4674 braelti

2105 4617 2244 4676 Ἐστι
2269 4615 2327 4669 δὲ
2360 4616 2421 4671 τὸ
2455 4619 2629 4687 πάχος
2655 4617 2825 4683 αὐτῆς
2856 4619 2981 4674 ὅσον
3006 4620 3266 4692 βραχίων,
3297 4621 3357 4676 τὸ
3389 4621 3662 4674 λεπτότα-

393 4719 813 4774 crassitudiuem
840 4725 1113 4786 exaequet.
1156 4711 1329 4783 Hujus
1363 4726 1497 4782 ergo
1533 4711 1737 4767 radicis
1780 4710 1825 4765 si
1852 4724 1950 4780 par

2109 4725 2194 4763 ον.
2227 4706 2377 4780 Αὕτη
2401 4710 2434 4780 ἡ
2473 4707 2601 4780 ῥίζα
2638 4710 2766 4765 ὅσον
2788 4710 3039 4784 σπιθαμὴ
3067 4713 3474 4784 λαμϐανομένη,
3506 4708 3569 4769 οὗ
3593 4712 3666 4767 ἂν

392 4819 504 4869 tem
526 4812 765 4882 aliquam
783 4809 869 4866 vel
896 4807 1227 4881 spithamam
1254 4805 1470 4879 longam
1493 4804 1817 4874 sumpseris,
1849 4800 1949 4872 qui

2105 4800 2388 4874 τροσαχθῇ,
2412 4802 2593 4858 πάντα
2615 4802 2763 4859 ἕλκει
2792 4803 2932 4876 πρὸς
2962 4805 3197 4877 ἑαυτὴν,
3228 4805 3455 4880 χρυσὸν,
3483 4806 3662 4879 ἄργυ-

1684 4957 1918 5014 VARl/E
1960 4954 2371 5020 LECTIONES,

468 5070 513 5104 “
544 5068 711 5141 φησὶν
743 5066 821 5131 ὡς
847 5064 897 5120 Α
929 5079 946 5119 :
974 5061 1112 5135 φησὶ
1131 5061 1242 5117 τῶν
1271 5079 1334 5128 ς.
1412 5061 1460 5094 ³⁹
1485 5059 1542 5114 δὲ
1570 5074 1681 5116 om.
1734 5057 1802 5111 Α.
1904 5054 1949 5084 ³³
1977 5052 2229 5125 δίκαιρον
2258 5071 2321 5121 ς.
2397 5052 2444 5086 ³⁸
2474 5055 2637 5126 μόνον
2667 5076 2730 5125 ς,

1918 5202 2155 5260 ΝΟΤΛΕ.

456 5315 572 5379 tu)
619 5313 702 5367 An
756 5310 861 5366 huc
900 5312 1039 5364 forte
1075 5302 1722 5379 faciténtigotuﬂnrrat.
1773 5302 1971 5357 mirab.
2079 5299 2638 5379 [recente-simttheos
2663 5300 2788 5355 vita:
2811 5314 3013 5356 annum
3043 5299 3376 5371 pertingere.

398 5368 504 5443 160
528 5368 765 5439 Ctesiam
800 5382 1064 5441 scribere.
1111 5380 1165 5432 in
1205 5368 1483 5446 [Ethiopia
1521 5375 1725 5429 t'ontem
1777 5387 1972 5439 aquam
2138 5369 2256 5446 (id)
2288 5368 2425 5446 yide
2456 5368 2552 5423 inf.
2583 5386 2634 5433 p.
2667 5385 2784 5446 seq.

397 5438 600 5515 habere
624 5455 797 5509 instar
821 5438 1133 5507 cinuabaris
1161 5438 1467 5511 rubentem,
1496 5458 1617 5515 quae
1639 5452 1762 5514 pota
1786 5438 1976 5497 vecor-
2149 5438 2446 5562 "(Iisiil’luga
2476 5438 2760 5560 excerpsit
2781 5441 2848 5496 de
2871 5442 2974 5497 hac
2992 5440 3204 5497 avicula
3230 5439 3437 5496 Elian.
3461 5440 3555 5497 lib.
3582 5457 3646 5510 tv,

398 5531 491 5562 An.-
521 5524 703 5562 rmltlnl
2078 5527 2200 5562 cat).
2309 5552 2324 5562 .
2405 5525 2431 5562 ϐ
2465 5527 2645 5562 autma
2677 5549 2690 5562 .

398 5510 493 5584 des
521 5524 728 5578 reddat.
1513 5510 1530 5515 ’
1640 5510 1655 5514 ⁷
2078 5527 2200 5579 cap.
2235 5510 2324 5575 M,
2358 5510 2431 5562 De
2465 5510 2690 5565 animal.

464 5594 583 5665 (42)
618 5595 814 5650 Addita
848 5601 902 5647 ct
934 5592 1053 5665 haec
1092 5585 1411 5644 e~Bavarico
1436 5583 1571 5641 Cod.
1602 5597 1723 5653 quae
1752 5591 1978 5654 prreter-
2152 5584 2273 5665 (46),
2304 5581 2829 5665 Αριιιξβρυιιοηίιιιιι
2854 5621 2870 5647 ,
2906 5596 3028 5665 cum
3072 5580 3384 5665 ltnjus‘loci
3422 5581 3651 5665 mentio.

398 5650 660 5727 mittenda
694 5681 799 5719 non
831 5663 1010 5727 duxi,
1532 5726 1537 5727 ί
1620 5650 1637 5653 ’
1753 5650 1800 5727 Ἀ
1959 5722 1970 5727 _
2081 5668 2205 5727 nem
2250 5651 2379 5707 facit
2408 5651 2572 5721 (Hist.
2607 5650 2863 5719 mirabile,
2911 5652 3019 5724 l7),
3076 5650 3324 5723 πάρυῦον
3370 5650 3533 5707 hodie
3574 5650 3653 5707 le-

472 5736 588 5807 (45)
620 5735 695 5794 De
720 5734 869 5793 Seris
892 5723 1119 5789 Lucian.
1160 5743 1375 5801 quoque
1408 5726 1681 5799 proditum
1716 5721 1881 5783 refert
1907 5722 1973 5779 ad
2083 5724 2248 5794 gitur.
