3942 6234
248 323 351 392 221

1361 326 1885 387 BIBLIOTHECA.
1927 274 2178 387 -COD.
2222 327 2463 390 LXXII.

3416 324 3527 387 922

249 455 366 510 ρον,
379 435 611 508 χαλκὸν,
626 434 827 502 λίθους,
852 434 948 489 καὶ
962 430 1134 489 τᾶλλα
1157 433 1333 490 πάντα
1344 433 1485 507 πλὴν
1504 435 1819 505 ἠλέκτρουοε

1950 435 2269 503 buscunque
2317 448 2438 489 eam
2484 434 2646 490 rebus
2675 434 3019 498 admoveris,
3052 435 3238 490 omnia
3284 449 3411 489 mox
3454 437 3522 488 ad

246 528 303 582 δὲ
332 529 463 583 ὅσον
492 528 703 599 πήχεος
724 528 769 560 ³⁸
800 530 834 598 ἡ
865 527 988 598 ῥίζα
1004 525 1206 599 ληφθῇ,
1230 526 1379 579 ἓλκει
1409 526 1503 580 καὶ
1530 526 1703 596 ἄρνας
1742 536 1835 578 και

244 619 435 689 δρνεα·
494 616 675 691 ταύτῃ
730 617 840 688 γὰρ
880 617 1042 670 ml.“
1071 616 1141 670 τὰ
1200 615 1430 669 πλεῖστα
1474 615 1585 668 τῶν
1634 615 1837 685 ὀρνέων

246 710 573 782 θηρεύουσυ
602 712 699 765 καὶ
732 710 830 765 ἐὰν
865 709 960 782 [70
991 708 1083 781 [1.]
1134 709 1299 780 βούλῃ
1331 710 1426 763 καὶ
1467 707 1613 779 ὕδωρ
1664 707 1834 776 πῆξαι

243 802 370 855 ὅσον
398 801 525 872 χόα,
558 802 659 872 τῆς
713 801 871 873 ῥίζης
914 801 1169 872 ὲμὸαλὼν
1216 802 1339 855 ὅσον
1388 798 1574 853 ὀῦολὸν
1638 798 1834 867 πήξεις

242 892 399 957 αὐτὸ,
434 893 533 946 καὶ
567 893 663 947 ἐὰν
691 889 833 946 οἶνον
854 933 869 958 ,
915 892 1177 956 ὡσαύτως
1201 933 1216 958 ,
1258 892 1352 945 καὶ
1405 890 1547 956 ἕξεις
1585 893 1651 960 τῇ
1688 889 1833 959 χειρὶ

242 984 377 1038 αὐτὸ
402 983 597 1056 ὥσπερ
624 986 815 1056 κηρόν
844 986 911 1055 τῇ
938 983 994 1037 δὲ
1021 983 1285 1055 ὑστεραίᾳ
1306 983 1588 1053 διαχεῖται.
1620 980 1832 1034 Δίδοται

241 1079 299 1134 δὲ
326 1080 637 1144 κοιλιακοῖς
668 1078 944 1150 βοήθημα.

1939 541 1999 579 se
2026 536 2306 595 rapturam
2335 566 2350 589 ,
2380 540 2606 589 aurum,
2643 534 2924 595 argentum
2947 565 2963 591 ,
3005 541 3112 589 tes,
3148 526 3379 595 lapides,
3415 539 3523 579 ca:-

1940 629 2185 689 teraque,
2216 628 2413 688 praeter
2450 618 2625 672 solum
2660 618 2946 673 electrum.
2985 618 3079 673 Sin
3123 618 3366 672 cubitum
3402 618 3523 669 lon-

1937 727 2058 781 gam
2089 722 2296 778 partem
2329 711 2652 773 resecueris,
2675 709 2787 777 jam
2826 712 3188 780 aguos’etiam
3223 709 3300 781 [et
3326 709 3531 768 boves.

1935 818 2001 857 ac
2029 812 2224 858 caetera
2248 802 2527 873 animalia]
2568 804 2819 873 ipsasque
2877 803 3014 857 adeo
3059 818 3189 857 aves
3218 806 3283 856 ad
3312 818 3370 857 se
3392 817 3520 871 per-

1937 901 2251 945 tracturam.
2283 889 2416 943 Nam
2430 888 2537 960 47
2558 890 2585 942 b
2619 890 2777 960 hujus
2797 892 3141 960 potissimum
3168 890 3371 944 auxilio
3405 904 3524 943 ma-

1937 982 2139 1035 ximam
2160 1022 2175 1043 ,
2215 995 2350 1049 quas
2378 992 2677 1043 venentur,
2718 981 2898 1035 avium
2932 990 3138 1051 partem
3171 981 3375 1035 incolas
3421 995 3519 1033 ca-

1937 1085 2085 1141 pere.
2122 1070 2261 1136 Qniu
2308 1071 2473 1124 etiam
2501 1111 2517 1135 ,
2553 1071 2600 1125 si
2634 1086 2788 1138 aqua:
2835 1071 2920 1125 vel
2945 1072 3199 1140 congium
3248 1074 3516 1139 integrum

245 1172 545 1242 coagulare
588 1171 721 1227 velis
764 1209 781 1235 ,
833 1168 1049 1224 obolum
1096 1181 1260 1222 unum
1313 1166 1473 1233 hujus
1528 1165 1726 1218 radicis
1773 1163 2047 1230 in‘aquam
2077 1160 2405 1229 conjectum,
2432 1175 2553 1214 eam
2582 1170 2945 1215 coacturum:
2990 1161 3131 1215 idem
3183 1170 3241 1215 et
3295 1161 3345 1215 in
3394 1161 3520 1214 vino

244 1277 621 1331 eventurum,
673 1275 731 1318 ut
784 1278 944 1319 manu
989 1261 1155 1318 etiam
1201 1260 1348 1315 velut
1400 1269 1605 1314 certam
1656 1253 2069 1326 tenerepossis,
2112 1253 2377 1324 postridie
2451 1263 2630 1307 tamen
2679 1253 2915 1307 solutum
2993 1254 3085 1307 iri.
3105 1254 3289 1345 .Addit
3349 1253 3514 1308 etiam

243 1357 490 1414 cmliacis
520 1357 798 1411 auxiliari.

312 1452 479 1505 Ἔστι
501 1450 561 1505 δὲ
606 1451 700 1505 καὶ
732 1449 977 1519 ποταμὸς
1005 1446 1279 1518 διαρρέων
1310 1442 1402 1498 διὰ
1434 1444 1535 1513 τῆς
1573 1438 1824 1509 Ἰνδικῆς,

243 1545 302 1600 οὗ
339 1546 520 1616 μέγας
554 1543 651 1613 μὲν
675 1583 692 1608 ,
736 1541 851 1596 ἀλλ’
903 1540 979 1604 ὡς
1027 1540 1120 1593 ἐπὶ
1157 1538 1250 1591 δύο
1283 1536 1530 1598 σταδίους
1553 1535 1614 1587 τὸ
1644 1530 1821 1605 εὖροςο

243 1637 415 1707 ὖνομα
447 1635 508 1689 δὲ
537 1634 616 1705 τῷ
644 1633 875 1703 ποταμῷ
914 1632 1127 1686 Ἰνδιστὶ
1162 1630 1260 1700 μὲν
1293 1629 1596 1699 ’Υπαρχος.
1636 1625 1819 1697 Ἐλλη-

2004 1456 2227 1512 lnterlui
2258 1469 2472 1524 quoquc
2520 1453 2722 1507 Indiam
2764 1452 2986 1507 ﬂumine
3030 1468 3135 1507 non
3177 1454 3246 1507 ita
3290 1470 3508 1522 magna,

1931 1550 2041 1605 lato
2072 1548 2321 1604 videlicet
2349 1547 2455 1601 duo
2491 1545 2605 1601 fere
2657 1546 2831 1600 stadia
2874 1545 3009 1617 (47).
3050 1545 3336 1615 Ὕπαρχος
3373 1546 3517 1599 Indis

1930 1657 2050 1699 esse
2078 1640 2237 1695 ﬂuvio
2262 1655 2479 1704 nomen,
2500 1640 2640 1707 quod
2667 1638 2854 1693 Graece
2879 1636 3100 1702 eﬂ'eras,
3123 1637 3318 1708 φέρων
3340 1639 3518 1693 πάντα

246 1728 383 1781 victi
404 1726 464 1780 δὲ
485 1726 684 1795 φέρων
704 1724 904 1777 πάντα
934 1720 1007 1775 τὰ
1026 1720 1237 1790 ἀγαθά.
1272 1713 1438 1783 Οὗτος
1456 1717 1551 1770 τοῦ
1575 1715 1822 1770 ἐνιαυτοῦ

1941 1734 1997 1788 τὰ
2050 1732 2247 1801 ἀγαθά,
2284 1731 2360 1805 [id
2411 1742 2523 1797 est,
2566 1731 2793 1800 a/ferens
2822 1732 2957 1783 bona
2987 1729 3217 1801 omnia].
3266 1728 3515 1799 Triginta

245 1827 286 1874 λ’
316 1819 540 1892 ἡμέρας
583 1818 849 1890 ήλεκτρον
900 1814 1192 1887 καταρρεῖ.
1240 1812 1379 1864 Φασὶ¹
1434 1809 1546 1880 γὰρ
1606 1810 1664 1862 ὲν
1713 1810 1827 1870 τοῖς

245 1910 395 1982 ὀρεσι
424 1909 624 1980 δένδρα
655 1906 796 1962 εἶναι
831 1906 1167 1978 ὑπερέχοντα
1190 1904 1286 1958 τοῦ
1310 1903 1516 1966 ὓδατος·
1547 1898 1702 1955 ὕδατι
1722 1900 1831 1969 γὰρ

246 2006 421 2075 ρεἶται
443 2002 649 2073 τὰδρη·
671 1999 791 2056 εἶτα
809 2001 927 2073 ὥρα
948 2000 1098 2054 ἐστὶν
1113 2000 1203 2052 ὅτε
1221 1998 1433 2069 δάκρυα
1446 1995 1620 2067 φέρει,
1640 1993 1830 2065 ὥσπερ

247 2095 536 2165 ἀμυγδαλῆ
570 2094 604 2165 ἢ
640 2094 799 2157 πίτυς
825 2093 859 2163 ἦ
884 2093 1013 2147 ἄλλο
1036 2108 1090 2145 τι
1112 2090 1330 2161 δένδρον
1350 2129 1364 2152 ,
1398 2089 1633 2158 μάλιστα
1666 2087 1723 2140 δὲ
1748 2088 1830 2150 εἰς

246 2185 289 2237 λ’
310 2184 532 2255 ἡμέρας
580 2182 675 2236 τοῦ
711 2180 986 2237 ὲνιαυτοῦο
1020 2176 1143 2235 εἶτα
1184 2178 1488 2234 ἀποπίπτει
1515 2177 1583 2230 τὰ
1618 2177 1833 2246 δάκρυα

246 2275 415 2330 ταῦτα
436 2278 523 2340 εἰς
553 2277 644 2330 τὸν
672 2274 917 2345 ποταμὸν
954 2274 1049 2327 καὶ
1073 2273 1368 2343 πήγνυται.
1398 2269 1489 2340 Τῷ
1518 2269 1749 2339 δενδρέῳ
1773 2269 1831 2321 δὲ

246 2371 425 2440 τούτῳ
449 2368 797 2438 δνομά.ὲστιν
828 2366 1044 2420 Ἰνδιστὶ
1074 2364 1396 2436 σιπταχώρα
1424 2364 1492 2395 ³⁷³
1530 2361 1832 2431 Ἑλληνιστὶ

250 2464 520 2533 σημαίνει
560 2461 763 2532 τδίυκὺ
790 2461 931 2529 ἡδύ.
972 2459 1247 2513 Κάκεῖθεν
1274 2460 1323 2511 οἱ
1356 2458 1399 2489 ³⁸
1455 2455 1607 2509 Ἰνδοὶ
1647 2454 1831 2508 συλλέ-

243 2573 407 2623 γουσι
437 2554 500 2608 τὸ
525 2553 809 2625 ἤλεκτρον.
840 2553 1031 2623 Φέρειν
1065 2552 1123 2605 δὲ
1171 2552 1265 2605 καὶ
1298 2548 1512 2621 καρπὸν
1536 2548 1605 2601 τὰ
1638 2547 1831 2616 δένδρα

246 2647 488 2717 βότρυς,
541 2645 731 2715 ὥσπερ
784 2644 1068 2714 ἄμπελος,
1112 2644 1257 2714 ἒχειν
1304 2642 1350 2674 ³⁸
1391 2640 1451 2693 δὲ
1482 2638 1581 2703 τὰς
1647 2637 1832 2708 ρὦας

244 2738 442 2808 ὥσπερ
476 2738 659 2807 κάρυα
684 2737 750 2791 τὰ
776 2737 1033 2791 Ποντικὰ.

332 2831 427 2886 Ἐν
454 2831 631 2884 τοῖσδε
654 2832 766 2893 τοῖς
787 2829 937 2900 ὄρεσι
967 2846 1130 2899 φησιν
1157 2826 1478 2895 ἀνθρώπους
1505 2824 1770 2895 βιοτεύειν
1784 2823 1830 2855 ⁵⁸

244 2924 415 2987 κυνὸς
450 2923 677 2994 ἔχοντας
697 2922 960 2994 κεφαλήνο
992 2921 1228 2992 ἐσθῆτας
1249 2920 1306 2973 δὲ
1346 2920 1606 2990 φοροῦσιν
1635 2920 1699 2971 ὲκ
1721 2918 1832 2972 τῶν

243 3019 465 3087 ἀγρίων
498 3016 708 3087 θηρίων
741 3057 757 3081 ,
815 3015 999 3086 φωνὴν
1063 3014 1121 3067 δὲ
1158 3013 1496 3080 διαλέγονται
1548 3011 1827 3082 οὐδεμίαν,

243 3110 367 3164 ἀλλ’
409 3108 683 3179 ὠρύονται
706 3106 894 3178 ὥσπερ
926 3106 1087 3169 κύνες
1106 3144 1121 3168 ,
1164 3106 1258 3158 καὶ
1284 3102 1428 3156 οὕτω
1458 3103 1706 3155 συνιᾶσιν
1732 3101 1832 3153 αύ-
1859 3090 1903 3151 C

242 3203 361 3256 τῶν
388 3201 491 3270 τὴν
540 3200 746 3269 φωνήν.
790 3198 1040 3261 Ὀδόντας
1066 3196 1122 3250 δὲ
1161 3196 1382 3266 μείζους
1425 3194 1607 3265 έχουσι
1649 3193 1830 3259 κυνὸς,

245 3293 351 3349 καὶ
377 3292 510 3355 τοὺς
539 3291 740 3361 ὄνυχας
787 3289 1005 3360 ὁμοίους
1043 3288 1205 3350 κυνὸς
1256 3287 1324 3352 ⁴¹,
1371 3285 1741 3357 μακροτέρους
1774 3284 1833 3337 δὲ

246 3385 350 3439 καὶ
410 3382 947 3455 στρογγυλωτέρους.
1001 3378 1224 3435 Οίκοῠσι
1287 3378 1345 3432 δὲ
1410 3380 1467 3431 ὲν
1518 3379 1632 3440 τοῖς
1681 3376 1833 3446 ὄρεσι

249 3476 419 3547 μέχρι
469 3474 566 3528 τοῦ
634 3472 797 3527 Ἰνδοῦ
860 3470 1129 3541 ποταμοῦ.
1174 3470 1421 3533 Μέλανες
1484 3468 1540 3521 δέ
1593 3471 1700 3521 είσι
1738 3467 1834 3520 καὶ

244 3566 454 3622 δίκαιοι
493 3567 669 3632 πάνυ,
718 3564 909 3635 ὥσπερ
967 3564 1061 3617 καὶ
1104 3564 1154 3616 oi
1190 3562 1339 3617 ἄλλοι
1392 3562 1576 3625 Ἰνδοὶ,
1616 3556 1699 3623 οἷς
1738 3560 1833 3613 καὶ

248 3657 665 3727 ἐπιμίγνυνται.
688 3655 798 3708 Καὶ
830 3655 1042 3708 συνιᾶσι
1073 3653 1171 3724 μὲν
1202 3654 1270 3706 τὰ
1288 3653 1417 3725 παρ’
1434 3652 1661 3705 ἐκείνων
1678 3650 1833 3718 λεγό-

251 3764 419 3819 μενα,
453 3746 609 3800 αὐτοὶ
639 3745 695 3799 δὲ
721 3746 782 3799 ού
796 3746 1048 3798 δύνανται
1068 3743 1437 3811 διαλέγεσθαι,
1454 3742 1591 3795 ἀλλὰ
1605 3744 1670 3812 τῇ
1689 3742 1835 3813 ὠρυ-

246 3842 385 3914 τῇ⁸²
408 3842 507 3895 καὶ
533 3842 653 3905 ταῖς
690 3841 848 3911 χερσὶ
873 3842 967 3892 καὶ
1001 3842 1111 3902 τοῖς
1137 3836 1420 3900 δακτύλοις
1446 3836 1832 3906 σημαίνουσιν,

247 3936 446 4004 ὥσπερ
472 3933 525 3986 oi
556 3932 727 3999 κωφοί
762 3932 830 3986 ⁸³.
869 3930 1171 3985 Καλούνται
1212 3930 1270 3982 δὲ
1305 3930 1411 3982 ὑπὸ
1442 3929 1551 3982 τῶν
1581 3928 1708 4000 [1Ξ5
1744 3926 1834 3999 IL]

259 4026 446 4082 Ἰνδῶν
475 4024 816 4096 καλύστριοι,
844 4025 982 4096 ὅπερ
1014 4024 1161 4077 ἐστὶν
1176 4022 1479 4093 Ἑλληνιστὶ
1509 4021 1837 4090 κυνοκέεραο

244 4124 370 4175 λοι.
410 4118 485 4172 Τὸ
512 4118 571 4171 δὲ
608 4116 761 4181 ἔθνος
789 4117 937 4170 ἐστὶν
963 4117 1067 4180 ἕως
1090 4116 1298 4170 δώδεκα
1342 4115 1641 4186 μυριάδων.
1676 4116 1836 4185 Παρὰ

246 4212 311 4267 δὲ
347 4212 448 4275 τὰς
485 4211 672 4280 πηγὰς
702 4209 797 4262 τοῦ
832 4208 1078 4277 ποταμού
1126 4208 1317 4261 τούτου
1352 4208 1397 4240 ⁸⁸
1441 4209 1560 4262 ἐστὶ
1592 4207 1837 4276 πεφυκὸς

253 4303 420 4366 ἄνθος
472 4299 812 4372 πορφυροῦν,
856 4300 916 4364 ἐξ
951 4294 1013 4354 οὗ
1061 4299 1315 4369 πορφύρα
1360 4299 1627 4370 βάπτεται
1682 4299 1836 4351 οὐδὲν

1934 1826 2124 1880 diebus
2164 1824 2306 1879 hunc
2344 1838 2438 1892 per
2473 1837 2647 1877 annos
2678 1822 2918 1890 singulos
2949 1821 3232 1875 succinum
3265 1820 3319 1874 in
3357 1822 3517 1875 umlis

1938 1917 2138 1972 vehere
2183 1934 2197 1970 :
2239 1918 2444 1970 narrari
2487 1917 2629 1970 enim
2666 1915 2718 1968 in
2756 1913 3031 1968 montibus
3071 1914 3186 1983 (qui
3214 1921 3268 1966 ct
3304 1912 3404 1982 ipsi
3431 1913 3514 1965 al-

1933 2007 2151 2061 luantur
2178 2007 2362 2075 aqua),
2403 2016 2618 2059 exstare
2642 2019 2710 2059 ex
2752 2020 2893 2073 aqua
2926 2008 3173 2069 arbores,
3205 2020 3325 2074 qua:
3362 2014 3515 2059 certo

1932 2102 2057 2155 anni
2098 2112 2376 2169 tempore,
2416 2100 2755 2169 inluxit-teque
2790 2114 2889 2168 per
2936 2098 3159 2168 triginta
3225 2100 3515 2151 continuus

1931 2195 2071 2255 dies.
2107 2194 2436 2262 amygdalae,
2483 2194 2661 2261 pinus,
2692 2192 2999 2259 similisque
3027 2191 3243 2246 arboris
3291 2190 3346 2244 in
3394 2206 3510 2243 mo-

1931 2302 2070 2350 rem,
2094 2286 2349 2355 lacrymis
2372 2285 2646 2348 emittant,
2675 2298 2791 2351 quae
2816 2283 2869 2335 in
2895 2282 3252 2349 proﬂuentem
3280 2282 3513 2351 delapsae

1932 2385 2309 2431 concrescant.
2368 2373 2560 2428 Vocari
2613 2389 2733 2427 eam
2784 2374 3037 2427 arborem
3093 2372 3276 2426 Indica
3330 2373 3511 2442 lingua

1932 2469 2211 2534 sipacora,
2266 2481 2389 2534 qua:
2444 2480 2544 2516 vox
2595 2464 2781 2519 Grazce
2827 2464 3095 2530 signiticet
3147 2464 3365 2531 γλυκὺ,
3418 2465 3502 2516 vel

1931 2558 2052 2629 ἡδὺ,
2100 2556 2175 2631 [id
2209 2566 2314 2623 est,
2361 2556 2549 2617 dulce,
2579 2554 2781 2625 suave].
2831 2554 2970 2608 Hinc
3015 2555 3199 2623 itaque
3232 2555 3513 2609 succinum

1932 2668 2088 2707 suum
2141 2651 2300 2707 Indos
2358 2650 2633 2717 colligere.
2696 2648 2833 2705 Vitis
2872 2651 2999 2702 item
3048 2648 3222 2702 instar
3269 2662 3513 2703 racemos

1932 2745 2078 2799 ferre
2124 2746 2347 2798 arbores
2378 2758 2478 2813 pro
2519 2742 2695 2795 fructu
2751 2759 2765 2795 :
2815 2755 3113 2811 earumque
3157 2740 3346 2795 acinos
3377 2754 3514 2809 pon-

1932 2835 2055 2890 tica:
2079 2834 2235 2889 nucis
2259 2832 2629 2902 magnitudine
2654 2845 2794 2885 esse.

2005 2927 2209 2996 Degere
2270 2925 2459 2979 iisdem
2498 2926 2644 2977 hisce
2692 2924 2746 2976 in
2803 2924 3081 2977 montibus
3119 2923 3369 2977 homines
3402 2937 3517 2976 me-

1934 3029 2113 3075 morat
2170 3018 2366 3073 canino
2421 3017 2599 3085 capite
2654 3015 2793 3087 (48),
2852 3016 2942 3084 qui
2994 3015 3235 3070 ferarum
3292 3016 3517 3085 pellibus

1935 3112 2256 3167 vestiantur.
2311 3108 2575 3164 Sermone
2600 3109 2699 3163 hos
2732 3106 2877 3163 nullo
2915 3108 3016 3173 uti,
3076 3123 3271 3163 canum
3309 3117 3517 3160 tantum

1939 3219 2089 3258 more
2102 3203 2352 3256 latratum
2374 3202 2554 3262 edere,
2574 3210 2733 3268 atque
2756 3200 2827 3252 ita
2852 3209 3039 3251 mutuo
3052 3212 3173 3252 sese
3194 3196 3512 3265 intelligere.

1935 3296 2134 3351 Dentes
2164 3295 2269 3347 illis
2298 3308 2420 3347 esse
2447 3308 2607 3361 quam
2650 3292 2876 3345 canibus
2909 3290 3176 3360 majores,
3217 3300 3266 3344 ct
3294 3289 3519 3343 caninos

1934 3388 2186 3441 similiter
2243 3401 2493 3455 ungues,
2541 3385 2635 3438 sed
2689 3362 2961 3451 longiores
3033 3398 3096 3437 ac
3148 3382 3517 3435 rutundiores.

1936 3477 2145 3533 Montes
2177 3477 2420 3530 incolere
2454 3477 2520 3529 ad
2549 3474 2737 3528 ludum
2764 3472 2984 3525 ﬂuvium
3016 3487 3212 3540 nsque,
3246 3480 3303 3525 et
3334 3470 3522 3525 colore

1934 3584 2056 3625 esse
2081 3569 2256 3637 nigro,
2284 3568 2634 3637 insignesque
2656 3566 2881 3635 justitia:
2904 3566 3167 3632 cultores,
3190 3574 3514 3618 cancrorum

1935 3662 2189 3717 ludorum
2235 3676 2421 3722 more,
2475 3660 2617 3714 inter
2662 3674 2799 3728 quos
2840 3669 3147 3713 versentur.
3210 3656 3521 3728 Intelligere

1936 3768 2154 3823 quoque
2185 3768 2304 3821 quae
2334 3752 2402 3805 ab
2432 3750 2868 3819 ludisfdicantur,
2900 3750 3024 3804 licet
3055 3750 3155 3820 ipsi
3184 3749 3331 3820 loqui
3362 3750 3523 3803 mini-

1939 3864 2023 3902 tne
2052 3849 2302 3917 possint,
2333 3855 2389 3900 ut
2423 3857 2705 3917 pr0pterca
2741 3846 2940 3900 latratu
2961 3885 2976 3910 ,
3029 3845 3278 3899 manibus
3307 3886 3321 3909 ,
3355 3853 3515 3912 atque

1939 3939 2120 4009 digitis
2151 3939 2301 4007 signa
2332 3941 2482 4004 dent,
2505 3937 2960 4007 quemadmodum
2986 3937 3096 3991 fere
3124 3936 3271 3990 surdi
3304 3950 3366 3989 ac
3391 3934 3522 3988 tnuti

1936 4029 2131 4085 solent.
2168 4028 2363 4083 Vocari
2413 4030 2509 4083 hos
2556 4029 2624 4083 ab
2668 4028 2812 4083 ludis
2859 4028 3143 4097 calystrios
3193 4026 3332 4095 (49),
3378 4025 3525 4094 quod

1937 4122 2112 4178 Graaci
2141 4122 2383 4176 dicerent
2406 4120 2835 4189 κυνοκεφάλους,
2859 4120 2909 4173 id
2936 4130 3021 4175 cst
3045 4120 3350 4187 canicipites
3380 4117 3525 4189 [car-

1940 4213 2100 4270 nibus
2126 4213 2343 4268 eosdem
2382 4214 2523 4268 vesci
2567 4212 2796 4284 crudis],
2827 4214 3100 4281 totiusque
3139 4212 3316 4281 gemis
3344 4211 3523 4277 capita

1940 4305 2214 4359 numerari
2242 4306 2309 4360 ad
2341 4315 2555 4360 centum
2586 4314 2640 4359 et
2666 4304 2855 4374 viginti
2894 4305 3086 4359 millia.
3120 4303 3289 4359 Addit
3328 4305 3394 4357 ad
3423 4304 3525 4357 hu-

245 4397 431 4469 ἥττων
450 4395 497 4427 ⁸⁵
513 4393 614 4464 τῆς
647 4391 987 4463 Ἑλληνικῆς,
1012 4390 1151 4446 ἀλλὰ
1169 4392 1266 4445 καὶ
1279 4390 1413 4445 πολὺ
1435 4391 1829 4462 εύανθεστέρα.

1941 4398 2026 4468 jus
2065 4396 2322 4462 ﬂuminis,
2356 4395 2487 4468 [jam
2514 4397 2760 4465 proxime
2792 4394 3073 4466 descripti]
3102 4394 3301 4459 fontes,
3333 4392 3521 4447 ﬂorem

327 4661 455 4715 Ὀτι
483 4660 675 4716 αὐτόθι
702 4659 824 4715 ἐστὶ
860 4660 1118 4729 γινόμενα
1156 4658 1320 4729 θηρία
1350 4658 1412 4712 τδ
1445 4658 1677 4728 μέγεθος
1697 4658 1824 4711 ὅσον

249 4754 551 4826 κάνθαρος,
581 4753 793 4825 ἐρυθρά
815 4752 861 4785 ⁸⁸
887 4753 945 4806 δὲ
990 4751 1181 4823 ὥσπερ
1226 4752 1538 4820 κιννάϐαρι·
1577 4751 1745 4813 πόδας
1774 4750 1835 4803 δὲ

248 4847 370 4919 εχει
433 4847 684 4918 μακροὺς
733 4845 959 4917 σφόδρα.
1008 4846 1267 4900 Μαλακὸν
1316 4846 1372 4899 δέ
1437 4846 1588 4900 ἐστιν
1644 4845 1838 4918 ὥσπερ

1946 4488 2097 4543 nasci
2126 4502 2449 4557 purpureum
2473 4527 2488 4549 ,
2518 4504 2581 4543 ex
2610 4503 2718 4557 quo
2750 4503 2987 4558 purpura
3022 4488 3258 4557 tingatur
3278 4524 3294 4551 ,
3335 4484 3524 4539 Grmca

1943 4580 2061 4650 ipsa
2087 4579 2263 4634 nihilo
2297 4578 2543 4645 inferior,
2573 4580 2682 4633 imo
2711 4579 2880 4632 multo
2911 4579 3175 4631 lloridior.

2011 4669 2213 4726 Ibidem
2243 4679 2299 4725 et
2328 4670 2580 4725 animalia
2609 4671 2723 4737 (50)
2759 4669 2911 4724 nasci
2934 4669 3199 4724 scarabaai
3237 4667 3520 4739 magnitu-

1943 4762 2086 4829 dine,
2112 4763 2286 4819 instar
2307 4762 2618 4817 cinnabaris
2645 4762 2916 4826 rubentia,
2936 4778 3056 4832 qum
3088 4764 3253 4831 pedes
3277 4761 3512 4816 habeant

1952 4853 2321 4925 longissimos,
2357 4863 2412 4910 et
2447 4854 2714 4910 vermium
2748 4856 2923 4910 instar
2951 4854 3133 4910 mollia
3173 4855 3327 4911 sint:
3379 4855 3527 4909 nasci

1500 4984 1730 5043 νΑιῑιιιΕ
1766 4987 2180 5048 LECTIONES.

326 5113 375 5187 ξ’
404 5126 633 5187 1m;st
647 5125 723 5187 ς,
749 5109 1017 5187 utsolet.‘
1071 5107 1119 5139 ³⁸
1148 5106 1263 5187 καὶ,
1293 5122 1361 5187 ne
1403 5108 1598 5187 haheat
1724 5125 1793 5164 an
1852 5082 1997 5187 aliud
2040 5113 2169 5187 quid
2205 5128 2315 5187 non
2359 5114 2546 5183 liquet.
2628 5116 2671 5148 ³⁷
2704 5123 2979 5187 σιπαχόρα
3021 5135 3078 5183 ς.
3159 5117 3204 5151 ³⁸
3237 5118 3426 5172 olom.
3461 5118 3525 5173 Α.

1028 5176 1270 5229 ιωτεύειν
1306 5179 1367 5230 Α.

256 5180 301 5212 ³⁹
326 5180 441 5249 ἔχει
467 5181 534 5233 Α.
622 5179 667 5210 ⁸⁸
697 5178 865 5247 φασὶν
894 5208 963 5249 -έ-

1472 5178 1741 5259 δίρμοίως
1771 5182 1952 5259 κυνῶν
1986 5178 2169 5259 ςςλη
2194 5184 2367 5259 ὀρυγῇ
2488 5186 2579 5259 ﬂ“
2614 5198 2731 5256 post
2761 5178 2934 5256 κωξροἶ
2959 5178 3079 5241 cuiu
3126 5189 3173 5243 Α
3201 5189 3382 5254 omisi,
3409 5204 3528 5258 quae

258 5247 419 5321 vulgo
442 5252 742 5316 adduntur,
773 5249 867 5301 καὶ
892 5247 1099 5302 ἄλαλοι.
1172 5247 1216 5279 ⁵⁸
1243 5247 1432 5301 τούτου
1466 5249 1559 5302 τοῦ
1575 5247 1837 5321 ποταμοῦ
1867 5269 1927 5316 ς.
2004 5252 2049 5285 ⁸⁸
2075 5247 2237 5325 ἦττον
2266 5247 2367 5309 Α’.”
2410 5247 2457 5287 λθ
2482 5256 2539 5309 δὲ
2560 5247 2685 5327 post
2715 5247 2922 5329 ἐρυθρὰ
2953 5260 3076 5312 add.
3108 5260 3172 5313 Α,

1782 5371 2013 5430 NOTAE.

339 5491 449 5564 (47)
501 5490 826 5564 Hypoharus
866 5491 1065 5564 legitur
1111 5493 1250 5559 apud
1296 5492 1433 5547 Plin.
1487 5493 1582 5548 lib.
1626 5510 1840 5559 xxxvtt,

2024 5499 2137 5571 (49)
2169 5499 2277 5554 Pro
2315 5500 2601 5555 mendacio
2632 5500 2945 5571 hmcrhabet
2983 5495 3301 5571 Philostrat.
3340 5494 3528 5551 Refert

266 5577 385 5635 cap.
412 5563 445 5615 2
466 5562 614 5616 extr.
640 5562 728 5615 ubi
752 5572 807 5617 et
835 5563 1078 5617 universa
1103 5564 1238 5633 ferre
1273 5564 1407 5617 bona
1427 5580 1495 5619 ex
1526 5566 1626 5619 hoc
1645 5565 1843 5621 Ctesite
1951 5585 2011 5624 ea
2032 5562 2224 5623 tanien
2265 5587 2333 5624 ex
2358 5573 2558 5625 Ctesia.
2586 5571 2725 5626 Plin.
2763 5570 2854 5620 lib.
2884 5584 2981 5629 vn,
3014 5583 3134 5635 cap.
3168 5566 3222 5619 2.

266 5630 384 5685 loco
414 5634 699 5687 restituas.

340 5701 448 5771 (48)
484 5703 794 5767 Exscripsit
830 5704 943 5757 haec
1008 5706 1089 5769 (ut
1132 5703 1440 5759 lndicorum
1478 5705 1672 5760 Clesia:
1704 5707 1838 5759 alia-

274 5784 377 5841 que
411 5773 699 5846 pleraque)
738 5772 935 5830 :Elian.
971 5772 1063 5829 lib.
1108 5790 1181 5841 tv,
1226 5793 1345 5847 (ap.
1369 5776 1457 5845 46,
1492 5774 1633 5834 Hist.
1669 5778 1831 5833 anim.

2021 5641 2135 5712 (50)
2165 5642 2339 5713 Leges
2380 5639 2678 5713 hmciapud
2709 5638 2985 5694 IElianuut
3029 5652 3262 5708 quoque,
3314 5636 3390 5693 lib
3447 5654 3525 5705 tv,

1948 5728 2068 5783 cap.
2098 5714 2186 5780 46,
2220 5712 2292 5768 De
2315 5712 2538 5766 animal.
