3942 6234
342 287 510 364 ῗ223

1563 261 1822 365 PHOTiI
1862 304 2362 368 PATRIARCHKE
2396 309 2504 369 cr.-

3552 307 3674 374 ﬁt

399 412 519 472 base
549 411 601 464 in
627 409 734 466 illis
764 409 1053 468 arboribus
1070 426 1191 482 qum
1214 410 1493 468 succinum
1519 411 1722 478 ferunt,
1756 429 1974 470 earum-

2082 417 2315 488 σκώληξ.
2348 421 2456 474 Καὶ
2487 419 2694 490 γίνεται
2716 421 2890 476 ταῦτα
2927 421 3023 474 ἐπὶ
3053 419 3165 474 τῶν
3190 420 3422 494 δένδρων
3447 423 3559 480 τῶν
3591 426 3657 482 τὸ

341 491 354 547 ἓ
397 519 511 576 que
533 503 742 560 [ructus
765 506 833 562 ad
857 520 980 560 eum
1012 505 1229 560 modum
1257 505 1548 573 depascere
1569 518 1736 578 atque
1761 509 1975 576 vitiare,

398 612 514 667 quo
545 596 792 667 phtbires
821 597 963 666 apud
997 597 1217 653 Grtecos
1252 598 1391 652 viles
1422 599 1647 666 perdere
1669 615 1730 654 ac
1762 612 1978 656 vastare

398 688 599 746 solent.
626 687 772 760 48η
819 688 979 744 ludos
1006 689 1190 757 itaque
1224 689 1554 746 animalibus
1586 691 1736 746 hisce
1769 695 1976 748 contri-

401 783 476 836 tis
507 781 734 852 punicea
761 796 856 835 sua
875 796 999 850 saga
1029 782 1368 852 tunicasque,
1396 794 1450 838 et
1477 785 1733 852 quidquid
1751 796 1978 854 praeter-

397 889 468 929 ea
505 874 712 939 velint,
744 873 969 928 inlicere
994 911 1010 937 ,
1047 873 1284 928 tinctura
1337 875 1497 946 longe
1542 892 1707 946 quam
1755 876 1976 934 Persica

399 964 806 1033 praestantiore.

471 1053 668 1110 Narrat
697 1055 918 1123 insuper
948 1053 1048 1108 hos
1073 1053 1472 1122 cynocephalos
1493 1053 1547 1108 in
1576 1054 1851 1111 montibus
1882 1057 1980 1112 ha-

399 1144 640 1200 bitantes
671 1144 877 1199 nullum
906 1160 1168 1200 exercere
1204 1144 1517 1215 opificium;
1567 1147 1661 1202 sed
1712 1147 1780 1204 de
1809 1163 1978 1202 vena-

401 1238 553 1292 tione
582 1237 785 1303 vivere,
809 1236 1062 1304 l'erasqne
1090 1253 1226 1306 quas
1253 1237 1548 1292 occiderint
1578 1240 1646 1292 ad
1667 1239 1834 1295 solem
1861 1250 1977 1294 tor—

401 1342 545 1381 rere.
592 1327 836 1395 Magnam
896 1325 1250 1380 nihilominus
1303 1327 1514 1395 pecoris
1545 1329 1754 1396 cupiam
1805 1329 1976 1394 alere,

398 1433 800 1488 caprarumque
825 1427 880 1472 et
903 1419 1084 1474 ovium
1122 1436 1136 1472 :
1163 1433 1392 1484 quarum
1423 1418 1638 1485 quidem
1674 1420 1853 1473 ovium
1896 1421 1979 1475 lac

398 1519 569 1577 atque
595 1507 826 1577 oxygala
861 1522 958 1576 pro
988 1516 1114 1575 potu
1145 1505 1252 1558 illis
1279 1505 1370 1558 sit.
1411 1503 1568 1558 Vesci
1608 1517 1784 1558 tamen
1813 1508 1977 1561 etiam

398 1598 698 1666 sipachnrae
743 1596 956 1663 fructu;
1008 1611 1038 1650 e
1085 1610 1191 1664 qua
1227 1595 1328 1667 [uti
1377 1597 1579 1648 dictum
1625 1605 1704 1651 est
1737 1596 1975 1668 arbore],

399 1689 681 1742 succinum
720 1696 980 1752 emanat;
1024 1687 1229 1740 dulcem
1271 1687 1413 1741 enim
1452 1687 1603 1740 illum
1653 1705 1791 1743 esse.
1826 1689 1976 1744 linnc

399 1779 530 1833 item
569 1779 689 1833 illos
713 1779 951 1833 fructum
986 1779 1290 1835 arefactum
1331 1782 1382 1834 in
1413 1780 1607 1835 corbes
1639 1783 1972 1850 constipare,
2009 1753 2050 1811 Β

397 1872 469 1926 ad
494 1888 615 1927 eum
665 1873 881 1927 modum
931 1890 1039 1943 quo
1084 1891 1220 1928 uvas
1266 1889 1452 1943 passas
1499 1874 1696 1930 ϐπερὶ.
1742 1875 1974 1931 Eosdem

397 1963 524 2020 illos
571 1965 966 2036 cynocephalus
1023 1975 1193 2020 ratem
1248 1981 1463 2035 quoque
1515 1968 1976 2034 extemporariam

395 2066 720 2112 construere
745 2098 761 2122 ,
799 2074 905 2128 qua
937 2060 1245 2128 impositmu
1277 2059 1436 2127 hujus
1465 2059 1670 2115 fructus
1696 2075 1836 2114 onus
1859 2101 1874 2125 ,
1921 2070 1981 2115 ut

399 2159 457 2205 et
487 2166 740 2221 purpura:
784 2153 902 2222 (sed
940 2162 1168 2222 purgato
1207 2153 1359 2220 prius
1385 2153 1500 2218 ejus
1533 2152 1686 2222 ﬂore)
1735 2155 1979 2224 itemque

407 2241 623 2308 electri,
655 2243 724 2297 ad
752 2243 983 2298 ducenta
1017 2253 1070 2297 et
1099 2243 1380 2313 sexaginta
1413 2243 1610 2298 talenta
1637 2283 1652 2305 ,
1681 2244 1978 2316 quotannis

399 2333 639 2388 avebant
673 2350 688 2388 :
725 2334 923 2390 additis
976 2334 1191 2389 talentis
1241 2335 1459 2389 totidem
1513 2335 1656 2388 illius
1698 2337 1977 2404 pigmenti,

400 2439 513 2494 quo
546 2423 840 2480 infectores
881 2425 1168 2494 puniceum
1198 2425 1434 2481 colorem
1462 2426 1740 2480 inducunt.
1775 2425 1976 2482 Electri

395 2527 660 2587 praeterea
686 2518 834 2572 mille
869 2519 1067 2572 talenta
1093 2520 1385 2587 quotannis
1414 2522 1479 2573 ad
1511 2517 1759 2573 Indorum
1795 2535 1977 2589 regem

398 2610 692 2663 advehere.
726 2609 839 2664 lmo
881 2619 937 2663 et
967 2611 1069 2663 alia
1121 2611 1273 2679 plura
1307 2611 1572 2666 devehere
1606 2611 1671 2665 ad
1703 2608 1863 2665 Indos
1892 2625 1983 2664 ve-

397 2701 564 2766 nalia,
593 2715 692 2770 pro
721 2702 920 2768 quibus
950 2703 1187 2758 vicissim
1216 2717 1405 2770 panes,
1441 2702 1669 2757 farinam
1696 2715 1750 2758 et
1771 2704 1982 2774 xylinas

397 2803 582 2849 vestes
609 2795 896 2864 accipiant.
927 2793 1135 2848 Habere
1164 2809 1380 2864 quoque
1407 2810 1565 2849 enses
1586 2795 1831 2862 venales,
1859 2797 1981 2864 qui-

397 2887 500 2941 bus
532 2886 632 2954 ipsi
662 2886 726 2939 ad
763 2897 1022 2940 venatum
1051 2897 1296 2951 utuntur,
1325 2901 1447 2940 cum
1477 2886 1710 2941 arcubus
1740 2898 1798 2942 et
1823 2887 1980 2956 jacu-

398 2977 502 3043 lis;
552 2978 917 3047 peritissimos
966 2977 1110 3032 enim
1153 2993 1274 3032 esse
1314 2977 1588 3047 jaculandi
1619 2988 1782 3046 atque
1812 2979 1980 3048 sagit-

399 3070 571 3131 tandi,
604 3079 658 3124 et
687 3081 946 3138 praeterea
973 3069 1162 3132 etiam,
1194 3070 1337 3138 quod
1366 3079 1576 3123 montes
1612 3070 1859 3124 habitent
1896 3071 1977 3124 al-
2003 3103 2047 3163 Ο

400 3171 484 3216 tos
522 3171 686 3230 atque
722 3163 1029 3216 inaccessos
1058 3200 1073 3223 ,
1119 3161 1258 3216 bello
1305 3160 1970 3232 insuperabiles..Regem

399 3252 533 3319 ipsis
563 3269 659 3320 pro
691 3268 915 3306 munere
948 3254 1136 3320 quinto
1167 3268 1384 3322 quoque
1408 3267 1550 3307 anno
1588 3253 1828 3321 praebere
1861 3264 1970 3307 tre-

396 3357 554 3399 centa
611 3359 834 3398 arcuum
892 3344 1226 3412 totidemque
1259 3344 1563 3413 jaculorum
1609 3344 1808 3408 millia;
1857 3345 1968 3414 jam

395 3438 664 3507 peltarum
713 3446 933 3491 centum
984 3436 1208 3505 viginti,
1265 3444 1320 3489 et
1366 3435 1666 3504 gladiorum
1710 3437 1970 3506 quinqua-

395 3530 543 3598 ginta
577 3529 765 3584 millia.
801 3527 986 3582 Nullas
1024 3529 1153 3582 item
1190 3528 1333 3596 apud
1363 3529 1461 3582 hos
1483 3543 1604 3582 esse
1636 3529 1846 3593 domos,
1881 3532 1973 3584 sed

400 3622 452 3674 in
497 3621 671 3674 antris
705 3621 921 3694 degere.
969 3619 1026 3672 lu
1068 3619 1579 3689 venatiouejaculis
1629 3620 1975 3689 potissimum

397 3711 564 3777 feras,
596 3711 678 3764 vel
713 3712 932 3782 sagittis
969 3721 1189 3780 petere;
1223 3715 1549 3780 easdemque
1577 3719 1972 3785 persequendo,

397 3805 544 3874 quod
574 3819 768 3858 cursus
796 3803 1084 3858 velocitate
1110 3814 1389 3872 prmstent,
1422 3808 1582 3860 etiam
1609 3809 1849 3876 assequi.
1877 3806 1980 3863 Ho-

397 3913 519 3952 rum
549 3912 746 3950 uxores
772 3899 944 3953 semel
973 3898 1232 3951 duntaxat
1263 3914 1358 3967 per
1387 3914 1648 3966 incusem,
1675 3915 1796 3954 cum
1823 3917 1974 3956 men.

398 3999 546 4042 strna
606 3988 918 4057 patiuntur,
979 3986 1204 4054 lavare;
1254 3990 1390 4043 alias
1439 4005 1740 4058 nunquam.
1793 3988 1978 4059 Neque

396 4081 542 4134 vires
580 4095 816 4148 unquam
853 4081 1074 4134 omnino
1108 4081 1310 4147 lavare,
1357 4083 1449 4135 sed
1495 4097 1687 4137 manus
1726 4091 1968 4137 tantum-

399 4173 559 4226 modo
604 4173 847 4226 abluere.
912 4169 1043 4227 OIeo
1103 4183 1278 4226 tamen
1312 4189 1379 4229 ex
1433 4174 1569 4227 lacte
1604 4175 1851 4228 confecto
1898 4184 1980 4228 ter

397 4267 592 4321 saltem
642 4267 919 4320 mensibus
970 4267 1199 4335 singulis
1234 4268 1392 4336 ungi,
1445 4277 1500 4321 ct
1533 4267 1758 4335 pellibus
1787 4268 1980 4324 deinde

399 4359 660 4429 abstergi.
692 4358 851 4413 Veste
874 4359 941 4413 ad
979 4359 1094 4413 haec
1125 4359 1226 4424 uti,
1271 4375 1374 4413 non
1413 4359 1600 4413 villosa
1623 4400 1638 4424 ,
1678 4361 1772 4414 sed
1803 4375 1834 4415 e
1863 4361 1982 4431 gla-

2080 508 2342 579 ῆλεκτρον
2370 511 2662 581 φερόντων,
2685 512 2781 566 καὶ
2806 513 2898 567 τὸν
2915 512 3124 582 καρπὸν
3158 513 3434 568 κατεσθίει
3470 515 3656 571 αὐτῶν
3709 499 3719 508 ’

2079 601 2173 653 καὶ
2195 600 2517 671 διαφθείρει,
2545 601 2734 674 ὥσπερ
2759 605 2818 657 ἐν
2836 606 2948 667 τοῖς
2967 603 3224 674 Ἕλλησιν
3245 605 3294 657 οἱ
3316 604 3537 675 φθεῖρες
3552 607 3655 669 τὰς

2079 691 2382 759 ἀμπέλους.
2413 690 2599 746 Ταῦτα
2635 689 2730 746 οὖν
2775 692 2847 747 τὰ
2883 692 3047 764 θηρία
3084 692 3368 765 τρίϐοντες
3398 694 3448 746 οἱ
3499 692 3656 747 Ἰνδοὶ

2081 783 2346 854 βάπτουσι
2384 786 2482 849 τὰς
2519 786 2818 854 φοινικίδας
2850 786 2946 839 καὶ
2981 786 3110 849 τοὺς
3133 785 3369 855 χιτῶνας
3394 785 3489 839 καὶ
3522 785 3656 841 ἄλλο

2079 874 2182 928 ὃτι
2219 875 2285 928 ἂν
2330 875 2651 946 βούλωνται.
2708 875 2820 929 Καὶ
2877 874 2987 929 eici.
3028 874 3075 907 ⁸⁷
3117 873 3313 945 βελτίω
3352 873 3464 929 τῶν
3497 875 3655 947 παρά

2079 966 2314 1038 Πέρσαις
2338 967 2661 1037 βαμμάτων.

2153 1059 2277 1112 Ὅτι
2307 1061 2357 1112 οἱ
2408 1059 2768 1128 κυνοκέφαλοι
2800 1060 3080 1125 οἰκοῦντες
3110 1062 3170 1115 ἐν
3201 1063 3317 1124 τοῖς
3345 1060 3528 1132 ὄρεσιν
3551 1059 3657 1114 οὐκ

2078 1146 2424 1217 ἐργάζονται,
2456 1150 2566 1203 ἀπὸ
2605 1147 2778 1220 θήρας
2801 1148 2860 1203 δὲ
2903 1146 3088 1213 ζῶσινο
3141 1150 3270 1204 ὅταν
3300 1149 3355 1202 δὲ
3393 1151 3655 1205 ἀποκτείο

2079 1257 2243 1293 νωσιν
2269 1240 2430 1305 αὐτὰ,
2461 1240 2669 1294 ὀπτῶσι
2694 1241 2830 1312 πρὸς
2853 1241 2945 1294 τὸν
2976 1241 3146 1310 ἥλιον.
3177 1241 3451 1312 Τρέφουσι
3471 1239 3530 1293 δὲ
3557 1241 3656 1294 καὶ

2081 1334 2330 1406 πρόϐατα
2369 1334 2538 1387 πολλά
2590 1335 2685 1388 καὶ
2726 1331 2889 1404 αἶγας
2933 1337 3029 1389 καὶ
3075 1335 3230 1398 ὅνους
3255 1335 3323 1401 ⁸⁸,
3356 1336 3570 1388 πίνουσι
3594 1335 3654 1389 δὲ

2080 1425 2220 1496 γάλα
2234 1425 2330 1478 καὶ
2354 1423 2591 1492 ὀξύγαλα
2617 1423 2728 1478 τῶν
2750 1424 3060 1496 προϐάτων.
3081 1425 3352 1478 Ἐσθίουσι
3373 1425 3430 1479 δὲ
3451 1425 3655 1479 καὶτὸν

2081 1515 2293 1588 καρπὸν
2320 1515 2416 1568 τοῦ
2443 1517 2795 1587 σιπταχόρου,
2824 1518 2922 1584 ἀφ’
2945 1511 3006 1571 οὗ
3026 1516 3120 1571 τὸν
3141 1517 3400 1588 ἤλεκτρον
3426 1516 3655 1588 (γλυκὺς

2079 1609 2189 1680 γάρ
2212 1606 2372 1680 ἐστι)·
2421 1608 2516 1662 καὶ
2553 1608 2895 1679 ξηραίνοντες
2917 1609 3127 1676 ταὺτοὺς
3155 1610 3419 1679 σπυρίδας
3458 1612 3656 1683 συρρά-

2080 1717 2325 1765 πτουσιν,
2343 1700 2600 1771 ὥσπερέν
2613 1701 2726 1765 τοῖς
2744 1700 2971 1772 Ἕλλησι
2989 1701 3089 1772 τὴν
3109 1701 3376 1769 ἀσταφίδα
3405 1703 3472 1755 δ’.
3501 1705 3563 1755 ΟΞ
3596 1701 3658 1755 δὲ

2079 1795 2438 1863 κυνοκέφαλοι
2467 1794 2681 1864 σχεδίαν
2727 1795 3088 1864 ποιησάμενοι
3117 1795 3213 1848 καὶ
3241 1793 3518 1857 ἐπιθέντες
3551 1795 3658 1848 ἀπ-

2079 1886 2274 1955 ἄγουσι
2290 1887 2336 1919 ⁸ο
2353 1886 2551 1954 φόρτον
2574 1885 2762 1940 τούτου
2793 1888 2890 1941 καὶ
2917 1886 3019 1956 τῆς
3047 1886 3334 1957 πορφύρας
3353 1928 3369 1952 ,
3399 1886 3463 1939 τὸ
3493 1885 3659 1950 ἄνθος

2079 1975 2318 2046 καθαρὸν
2357 1977 2698 2046 ποιήσαντες,
2729 1975 2847 2046 [καὶ
2885 1975 2980 2030 τοῦ
3013 1975 3279 2047 ἠλέκτρου
3315 1974 3383 2045 η]
3413 1975 3455 2041 ξ’
3482 1977 3578 2029 καὶ
3609 1973 3659 2028 o'

2083 2066 2167 2140 [9i
2205 2067 2298 2138 H.V|
2326 2066 2563 2121 τάλαντα
2593 2066 2689 2121 τοῦ
2711 2067 2960 2122 ἐνιαυτοῦ
2982 2111 2999 2136 ,
3055 2069 3150 2122 καὶ
3179 2069 3286 2140 ὅτῳ
3312 2071 3358 2102 ⁸⁸
3384 2069 3446 2121 τὸ
3474 2067 3656 2139 φοινί-

2080 2174 2196 2211 κιον
2233 2156 2538 2227 βάπτεται,
2573 2156 2670 2210 τοῦ
2711 2158 3003 2229 φαρμάκου
3049 2159 3214 2230 ἔτερα
3249 2157 3503 2214 τοσαῦτα.
3541 2159 3656 2214 Καὶ

2080 2247 2349 2318 ἠλέκτρου
2383 2247 2527 2318 χίλια
2560 2247 2798 2302 τάλαντα
2826 2250 3100 2318 ἀπάγουσι
3131 2249 3254 2304 κατ’
3301 2250 3550 2304 ἐνιαυτὸν
3567 2249 3659 2319 -τῷ

2092 2337 2267 2391 Ἰνδῶν
2289 2337 2631 2408 βασιλεῖ.Καὶ
2655 2337 2822 2408 ἔτερα
2837 2339 2894 2392 δὲ
2920 2340 3250 2408 κατάγοντες
3274 2339 3518 2394 πωλοῦσι
3543 2343 3659 2403 τοῖς

2091 2427 2269 2492 Ἰνδοῖς
2300 2428 2435 2499 πρὸς
2475 2427 2673 2499 ἄρτους
2721 2429 2816 2482 καὶ
2863 2429 3062 2500 ἄλφιτα
3093 2430 3189 2500 καὶ
3221 2429 3407 2497 ξύλινα
3442 2431 3657 2501 ἱμάτια.

2081 2521 2327 2575 Πωλοῦσι
2368 2522 2425 2574 δὲ
2457 2523 2552 2574 καὶ
2595 2521 2723 2592 ξίφη
2755 2560 2770 2586 ,
2829 2516 2910 2585 οἷς
2945 2523 3185 2592 χρῶνται
3227 2523 3366 2594 πρὸς
3396 2523 3496 2592 τὴν
3548 2522 3660 2576 τῶν

2082 2616 2286 2687 Θηρίων
2315 2617 2510 2686 ἄγραν,
2541 2618 2635 2670 καὶ
2666 2615 2793 2681 τόξα
2828 2617 2920 2670 καὶ
2946 2617 3192 2670 ἀκόντιαο
3234 2619 3376 2672 πάνυ
3423 2620 3533 2689 γὰρ
3562 2619 3662 2671 καὶ

2079 2708 2242 2761 δεινοί
2270 2709 2408 2761 εἰσιν
2443 2707 2746 2772 ἀκοντίζειν
2780 2711 2874 2762 καὶ
2922 2709 3185 2773 τοξεύειν.
3224 2708 3585 2780 Ἀπολέμητοι
3613 2710 3661 2763 δ’

2080 2803 2187 2854 eici
2213 2801 2302 2856 διὰ
2328 2801 2390 2854 τὸ
2452 2803 2622 2854 οἰκεῖν
2684 2801 2882 2864 αὐτοὺς
2935 2801 3066 2872 ὄρεα
3119 2801 3297 2854 ἄϐατα
3327 2801 3420 2854 καὶ
3455 2800 3658 2871 ὑψηλά.

2079 2891 2272 2945 Δίδωσι
2308 2890 2364 2944 δὲ
2398 2891 2580 2953 αὐτοῖς
2617 2890 2706 2944 διὰ
2755 2890 3009 2958 πέμπτου
3061 2891 3214 2953 ἔτους
3251 2889 3400 2961 δῶρα
3435 2891 3463 2941 ὁ
3503 2890 3664 2958 βασι-

2079 2985 2227 3048 λεὺς,
2255 2983 2297 3035 λ’
2326 2983 2424 3053 μὲν
2456 2982 2721 3053 μυριάδας
2743 2982 2934 3048 τόξων,
2956 2984 3052 3036 καὶ
3078 2983 3346 3038 ἀκοντίων
3367 2982 3661 3044 τοσαύτας,

2080 3076 2291 3129 πελτῶν
2315 3075 2370 3129 δὲ
2390 3074 2477 3146 ιβ’,
2500 3078 2592 3128 καὶ
2609 3075 2732 3146 ξίφη
2747 3075 2802 3127 δὲ
2828 3074 3288 3144 πεντακισμύρια.
3304 3074 3528 3136 Τούτοις
3549 3076 3667 3136 τοῖς

2076 3167 2464 3238 κυνοκεφάλοις
2493 3168 2593 3221 οὐκ
2612 3169 2748 3222 είσὶν
2777 3167 2966 3231 οίκίαι,
2987 3167 3104 3221 ἀλλ’
3134 3169 3190 3220 ὲν
3212 3165 3496 3237 σπηλαίοις
3527 3165 3674 3219 διαι-

2075 3262 2298 3315 τῶνται.
2317 3260 2620 3331 Θηρεύουσι
2636 3261 2694 3313 δὲ
2718 3259 2786 3314 τὰ
2804 3260 2969 3330 θηρία
3001 3259 3312 3325 τοξεύοντες
3336 3260 3428 3314 καὶ
3445 3259 3670 3312 ἀκοντί-

2077 3352 2386 3417 ζοντες,καὶ
2399 3351 2681 3415 διώκοντες
2707 3351 3204 3421 καταλαμϐάνουσι·
3229 3352 3365 3421 ταχὺ
3392 3352 3500 3421 γὰρ
3540 3351 3672 3420 τρέ-

2076 3462 2251 3517 χουσι.
2270 3445 2528 3498 Λούονται
2552 3443 2608 3496 δὲ
2631 3447 2686 3496 αἱ
2719 3444 2972 3511 γυναῖκες
2990 3443 3170 3498 αὐτῶν
3187 3442 3333 3509 ἅπαξ
3355 3443 3447 3497 τοῦ
3473 3443 3668 3513 μηνὸς,

2077 3537 2203 3590 ὅταν
2231 3536 2298 3589 τὰ
2319 3535 2634 3604 καταμήνια
2655 3534 2843 3595 αὑταῖς
2865 3535 2911 3566 ⁸³
2943 3534 3092 3604 ἔλθῃ,
3115 3533 3305 3586 ἄλλοτε
3325 3534 3369 3588 δ’
3403 3533 3464 3587 οὗ
3485 3549 3498 3564 ·
3521 3535 3571 3587 οἱ
3609 3534 3672 3588 δὲ

2076 3626 2266 3696 ἄνδρες
2294 3627 2353 3679 οὐ
2387 3625 2638 3679 λούονται
2681 3626 2801 3695 μὲν,
2830 3624 2930 3688 τὰς
2954 3625 3012 3679 δὲ
3050 3628 3241 3696 χεῖρας
3283 3626 3670 3690 ἀπονίζονται.

2091 3718 2290 3786 Ἐλαίῳ
2319 3717 2375 3770 δὲ
2420 3717 2664 3787 χρίονται
2709 3716 2754 3748 ⁵⁸
2786 3717 2908 3787 τρὶς
2947 3715 3041 3769 τοῦ
3089 3718 3281 3786 μηνὸς,
3312 3717 3392 3789 τῷ
3421 3720 3532 3771 ἀπὸ
3570 3717 3671 3770 τοῦ

2077 3808 2349 3878 γάλακτος
2384 3807 2690 3878 γινομένῳ,
2725 3808 2822 3860 καὶ
2867 3807 3211 3878 ἐκτρίϐονται
3249 3810 3510 3878 δέρμασι.
3554 3809 3683 3878 Τὴν

2079 3898 2135 3951 δὲ
2192 3897 2396 3968 ἐσθῆτα
2443 3897 2659 3968 ἔχουσιν
2715 3898 2776 3950 ού
2827 3897 3047 3951 δασεῖαν
3076 3937 3092 3963 ,
3161 3897 3297 3952 ἀλλά
3328 3898 3501 3967 ψιλῶν
3559 3901 3672 3953 τῶν

2087 3989 2517 4060 μασθλημάτων,
2581 3989 2656 4052 ὡς
2735 3990 3111 4054 λεπτοτάτων,
3178 3991 3274 4044 καὶ
3332 3991 3490 4044 αὐτοὶ
3573 3993 3674 4044 καὶ

2086 4080 2141 4131 αἱ
2207 4079 2467 4146 γυναῖκες
2529 4078 2730 4131 αὐτῶν.
2797 4078 2861 4129 υἱ
2927 4077 2985 4130 δὲ
3031 4078 3427 4132 πλουσιώτατοι
3490 4079 3672 4133 αὐτῶν

2080 4170 2204 4224 λινᾶ
2262 4169 2542 4240 φοροῦσιν·
2619 4166 2765 4223 οὗτοι
2814 4169 2857 4222 δ’
2900 4171 3039 4224 εἰσὶν
3094 4171 3288 4240 ὀλίγοι.
3359 4173 3554 4225 Κλῖναι
3612 4174 3673 4226 δὲ

2083 4265 2264 4327 αὐτοῖς
2297 4265 2397 4317 οὐκ
2417 4265 2576 4328 εἰσιν,
2615 4263 2752 4316 ἀλλὰ
2783 4263 3043 4327 στιϐάδας
3090 4264 3393 4319 ποιοῦνται.
3420 4260 3588 4329 Οὗτος
3623 4266 3674 4318 δ’

2083 4357 2264 4412 αὐτῶν
2297 4357 2699 4420 πλουσιώτατος
2741 4357 3026 4427 νομίζεται
3061 4353 3225 4423 εἴναι,
3267 4353 3312 4426 ᾧ
3343 4358 3409 4411 ἄν
3439 4361 3674 4412 πλεῖστα

397 4452 512 4507 bris
552 4451 952 4520 maceratisque
978 4451 1212 4520 pellibus
1247 4467 1408 4520 quam
1443 4451 1800 4517 tenuissimis,
1833 4452 1977 4521 ipsos

2087 4450 2335 4520 πρόϐατα
2467 4450 2502 4518 ὴ
2535 4447 2592 4500 δὲ
2611 4446 2747 4518 ἄλλη
2773 4448 2933 4502 οὐσία
2959 4449 3336 4519 παραπλησία.
3369 4450 3552 4519 Οὑράν
3609 4451 3670 4504 δὲ

399 4557 552 4611 atque
590 4551 752 4611 atque
795 4557 993 4596 uxores
1035 4541 1320 4610 :exceptis
1359 4542 1498 4596 forte
1525 4543 1811 4597 ditissimis
1844 4544 1986 4598 inter

398 4651 515 4701 eos,
551 4643 605 4692 et
637 4635 702 4688 iis
741 4635 960 4703 quidem
997 4633 1205 4701 paucis,
1240 4634 1332 4701 qui
1385 4633 1559 4688 liueos
1608 4642 1821 4704 gestent
1848 4636 1985 4690 arni-

399 4740 542 4784 ctus.
569 4727 681 4782 Nec
716 4730 846 4782 item
872 4728 1136 4782 lectorum
1167 4728 1382 4782 novisse
1417 4743 1574 4782 usum
1615 4742 1728 4793 eos,
1767 4727 1857 4796 qui
1887 4743 1983 4782 ex-

399 4831 779 4890 temporaneos
824 4822 928 4876 sibi
973 4830 1121 4875 toros
1163 4831 1470 4876 exstruant.
1515 4822 1672 4874 Hunc
1714 4820 1856 4889 apud
1887 4835 1982 4875 eos

397 4913 725 4968 ditissimum
767 4914 951 4967 haberi
977 4953 992 4977 ,
1038 4914 1129 4981 qui
1166 4913 1457 4982 plurimum
1498 4913 1694 4967 habeat
1738 4913 1977 4982 pecoris,

397 5019 464 5060 ac
511 5004 746 5074 reliquas
798 5019 928 5070 epes
984 5003 1071 5058 his
1135 5005 1528 5072 propemodum
1576 5019 1696 5057 esse
1748 5002 1977 5058 similes.

397 5098 637 5156 Caudam
657 5096 769 5166 (51)
794 5096 1015 5163 insuper
1045 5097 1240 5151 habere
1265 5112 1478 5158 omnes,
1509 5105 1616 5148 tam
1644 5097 1788 5150 viros
1813 5110 1975 5164 quam

2087 4543 2275 4614 ἔχουσι
2306 4542 2530 4606 πάντες,
2573 4541 2669 4594 καὶ
2696 4539 2889 4611 ἄνδρες
2934 4542 3029 4595 καὶ
3059 4545 3338 4610 γυναῖκες,
3375 4543 3517 4612 ὑπὲρ
3556 4543 3673 4597 τῶν

2090 4636 2298 4706 ἰσχίων,
2318 4634 2548 4704 οἵανπερ
2567 4632 2734 4697 κύων,
2755 4633 2981 4703 μείζονα
3009 4633 3066 4686 δὲ
3096 4635 3190 4687 καὶ
3211 4635 3532 4704 δασυτέραν.
3559 4633 3674 4687 Καὶ

2089 4727 2377 4796 μίσγονται
2435 4727 2556 4787 ταῖς
2625 4723 2840 4793 γυναιξὶ
2899 4724 3320 4792 τετραποδιστὶ,
3378 4723 3568 4794 ὥσπερ
3621 4726 3674 4777 οἱ

2085 4819 2269 4880 κύνες·
2328 4815 2456 4889 [153
2503 4814 2595 4886 IL]
2651 4815 2828 4878 ἄλλως
2878 4815 2935 4867 δὲ
3007 4815 3235 4884 μιγῆναι
3282 4816 3466 4878 αὐτοῖς
3520 4816 3676 4870 ἐστὶν

2085 4909 2328 4978 αἰσχρόν.
2371 4908 2580 4961 Δίκαιοι
2604 4906 2661 4959 δέ
2685 4908 2815 4970 είσι,
2850 4907 2943 4959 καὶ
2975 4905 3416 4976 μακροϐιώτατοι
3447 4907 3673 4960 πάντων

2084 4999 2426 5070 ἀνθρώπων⁸
2459 4998 2724 5070 ζιῦσιγάρ
2754 4998 2849 5068 ἔτη
2897 4997 2941 5068 ρ’
2994 4999 3090 5051 καὶ
3122 4997 3185 5062 o',
3228 4998 3360 5054 ἔνιοι
3387 4999 3445 5052 δὲ
3491 4999 3674 5053 αὐτῶν

2082 5095 2179 5147 καὶ
2212 5095 2276 5145 σ’.

399 5192 675 5259 mulieres,
713 5207 875 5260 supra
905 5192 1113 5258 clunes,
1158 5192 1368 5246 canina:
1400 5191 1656 5254 similem,
1723 5191 1823 5244 nisi
1893 5190 2036 5259 quod
2077 5189 2250 5255 major
2307 5189 2416 5252 sit,
2474 5197 2529 5242 et
2594 5188 2716 5258 pilis
2777 5187 3016 5242 densior.
3072 5184 3466 5255 dernpedes
3540 5183 3673 5238 item

1709 5305 1940 5362 νΑιιιιιΕ
1981 5305 2387 5362 LECTIONES.

490 5412 532 5442 ⁵⁷
558 5413 651 5465 καὶ
672 5412 780 5465 είσὶ
809 5411 854 5464 Α
883 5428 898 5465 :
930 5410 1039 5463 εἰσὶ
1060 5411 1117 5464 δὲ
1143 5412 1236 5464 καὶ
1267 5428 1328 5474 ς.

409 5483 455 5514 ³⁸
489 5483 618 5556 ὅτῳ]
654 5482 798 5536 οὕτω
821 5499 882 5548 ς’.
959 5483 1006 5514 ⁵³
1042 5483 1212 5551 αὐτῆς
1245 5486 1302 5548 ι,.
1379 5481 1426 5512 ⁵⁵
1457 5481 1696 5551 χρῶνται
1735 5498 1794 5544 ς.

1407 5409 1452 5441 ⁸⁸
1477 5409 1632 5472 ὅνους
1659 5411 1698 5463 Α
1727 5427 1740 5462 :
1768 5409 1849 5473 ὃῖς
1878 5427 1939 5472 ς.
2015 5411 2059 5440 ἰθ
2096 5408 2326 5478 σταφίδα
2357 5426 2418 5472 ς.
2495 5407 2543 5440 ⁸ο
2565 5407 2831 5475 ἐπάγουσι
2859 5407 2921 5460 Α.
2997 5405 3039 5438 ⁸¹
3067 5404 3331 5475 ἠλέκτρου
3357 5416 3470 5457 om.
3502 5418 3586 5472 pr.
3609 5400 3677 5456 Α.

1939 5597 2168 5652 NO'I'AS.

485 5714 597 5788 (31)
635 5715 1004 5775 (laudatorum
1035 5719 1318 5774 hominum
1350 5715 1594 5773 meminit
1623 5730 1839 5784 quoque
1875 5714 2010 5770 Plin.
2049 5714 2141 5770 lib.
2176 5730 2269 5782 ιιι,
2307 5731 2428 5785 cap.
2457 5714 2492 5767 Ξ).
2516 5713 2566 5766 in
2605 5713 2731 5766 line.
