3942 6234
1328 148 1343 177 1

196 311 300 376 225

1288 307 1813 369 BIBLIOTHECA.
1854 331 1922 342 -
1958 306 2120 366 COD.
2164 307 2403 368 LXXII.

3349 305 3457 371 926

193 418 311 485 hos,
379 431 579 473 canum
619 433 788 483 more,
833 432 956 472 cum
990 417 1129 491 58b
1167 418 1483 474 mulieribus
1533 418 1825 488 congredi,
1868 421 2137 488 aliumque
2182 419 2568 489 congrediendi
2621 421 2836 471 modum
2898 430 3113 472 omnem
3167 432 3266 486 pro
3310 410 3454 489 turpi

170 509 414 565 'hahere.
445 509 793 566 Justissimos
834 512 1051 565 eosdem
1083 526 1239 579 esse,
1277 511 1505 580 vimque
1538 511 1777 577 reliquos
1820 514 1962 565 inter
1997 512 2244 567 homines
2282 514 2634 584 longissime.
2686 511 2879 566 Vivere
2939 525 3175 579 namque
3225 512 3291 563 ad
3322 524 3456 565 ccn—

195 604 444 657 tesimum
500 614 668 674 utque
718 616 775 659 et
815 606 1272 677 septuagesimum
1298 648 1314 669 ,
1363 605 1757 674 nonnullosqne
1800 608 1872 660 ad
1915 608 2337 662 ducentesimum
2373 624 2590 678 quoque
2624 626 2847 664 annum.

264 698 440 768 ’Υπὲρ
464 697 522 751 δὲ
548 699 755 753 τούτων
781 701 827 731 ⁸⁸
848 701 1067 769 ἐτέρους
1115 699 1247 768 φασὶ
1276 699 1564 768 βιοτεύειν,
1591 700 1638 731 ⁸⁸
1659 698 1771 752 ἀνω

1950 699 2059 755 llos
2083 701 2227 755 ultra
2256 702 2450 757 scribit
2481 702 2732 756 habitare
2770 704 2906 757 alios
2948 718 3109 770 supra
3143 702 3288 756 fluvii
3313 702 3463 757 illius

192 788 300 843 τῶν
322 788 517 858 πηγῶν
547 790 643 844 τοῦ
674 790 942 861 ποταμοῦ.
976 784 1135 845 Οὗτοι
1175 791 1218 822 ⁸⁷
1263 792 1319 843 δὲ
1348 792 1398 843 οἱ
1422 791 1468 822 ⁸⁸
1494 790 1775 861 ἄνθρωποι

193 882 431 952 μέλανες
464 882 564 952 μέν
589 885 727 937 εἰσιν
760 882 952 955 ὥσπερ
978 885 1028 938 οἱ
1059 884 1208 939 ἄλλοι
1253 884 1423 944 Ἰνδοὶ,
1453 884 1774 954 ἐργάζονται

189 975 248 1027 δὲ
278 973 455 1039 οὐδὲν,
499 974 621 1027 οὐδὲ
664 975 905 1029 ἐσθίουσι
941 978 1084 1029 σῖτον
1108 1016 1123 1041 ,
1158 976 1277 1029 οὐδὲ
1322 975 1566 1029 πίνουσιν
1604 974 1773 1045 ὕδωρ,

191 1066 446 1136 πρόεαίτι
476 1065 535 1119 δὲ
566 1066 739 1120 πολλὰ
762 1068 1060 1138 τρέφουσι,
1093 1068 1188 1122 καὶ
1217 1067 1342 1138 βοῦς
1365 1068 1459 1121 καὶ
1486 1064 1650 1135 αἶγας
1681 1068 1777 1120 καὶ

191 1159 295 1219 lii;-
326 1159 544 1212 πίνουσι
573 1159 630 1211 δὲ
689 1160 752 1213 τὸ
798 1161 941 1228 γάλα
969 1201 985 1225 ,
1044 1159 1174 1214 ἀλλο
1203 1160 1260 1213 δὲ
1286 1161 1455 1214 οὐδέν.
1516 1160 1688 1211 Ὅταν
1720 1158 1777 1209 δὲ

191 1252 425 1321 γένηταί
457 1270 564 1305 τινι
602 1252 784 1306 αὐτῶν
814 1253 1050 1320 παιδίον,
1089 1252 1151 1307 οὐ
1177 1253 1435 1323 τέτρηται
1463 1252 1563 1322 τὴν
1595 1250 1776 1321 πυγὴν

189 1346 317 1399 οὐδὲ
344 1347 643 1411 ἀποπατεί,
683 1345 819 1399 ἀλλά
846 1346 913 1398 τά
934 1346 1033 1415 μὲν
1069 1344 1215 1415 ἰσχία
1244 1345 1379 1415 ἔχει,
1417 1344 1481 1397 τὸ
1505 1345 1562 1396 δὲ
1587 1345 1777 1415 τρῆμα

190 1440 553 1509 συμπέφυκε.
579 1438 671 1491 Διὸ
699 1437 1044 1492 ἀποπατοῦσι
1068 1437 1166 1506 μὲν
1184 1434 1270 1501 οὒ,
1302 1437 1485 1505 οὐρεῖν
1513 1436 1571 1489 δὲ
1588 1436 1779 1508 ὥσπερ

188 1529 362 1600 τυρὸν
401 1529 605 1593 αὐτούς
643 1547 807 1594 φασιν
857 1530 917 1582 οὐ
948 1529 1092 1582 πάνυ
1133 1529 1312 1599 παχὺν
1362 1528 1500 1581 ἀλλά
1535 1528 1775 1599 θολερόν.

204 1622 379 1675 Ἐπ’-,ἀν
404 1621 462 1673 δὲ
496 1621 639 1691 πρωῒ
672 1620 838 1675 πίωσι
877 1619 971 1673 τοῦ
1013 1619 1318 1687 γάλακτος,
1365 1619 1460 1675 καὶ
1488 1621 1570 1681 είς
1614 1621 1780 1689 μέσον

188 1710 415 1782 ἡμέρας
443 1706 603 1774 αὖθις
636 1712 873 1776 πιόντες,
904 1710 1063 1782 ῥίζαν
1086 1710 1221 1778 φασὶ
1254 1709 1383 1779 παρ’
1412 1709 1599 1774 αὐτοῖς
1640 1706 1781 1764 εἶναι

191 1804 482 1869 γλυκεῖαν,
510 1804 637 1871 ἥτις
682 1803 782 1857 οὐκ
826 1805 890 1874 ἐᾷ
936 1804 998 1856 τὸ
1036 1802 1176 1870 γάλα
1240 1802 1549 1872 πήγνυσθαι
1596 1805 1656 1856 ὲν
1712 1805 1779 1875 τῇ

190 1896 402 1967 κοιλίᾳ·
457 1894 664 1966 ταύτην
700 1891 794 1949 οὖν
844 1893 1150 1967 τρώγοντες
1184 1892 1266 1955 είς
1305 1892 1543 1963 ἑσπέραν
1586 1893 1783 1965 ἔμετον

190 1989 508 2056 ποιοῦνται,
540 1991 635 2045 καὶ
663 1989 953 2062 ἐξεμοῦσιν
977 1989 1198 2043 ἅπαντα
1218 1988 1478 2051 εὐκόλως.

264 2255 397 2308 Ὀτι
426 2254 568 2306 εἰσὶν
590 2253 701 2307 ὄνοι
735 2254 917 2323 ἄγριοι
958 2255 1015 2307 ὲν
1062 2257 1176 2318 τοῖς
1219 2255 1419 2319 Ἰνδοῖς,
1456 2255 1563 2309 ἴσοι
1594 2254 1786 2319 ἵπποις

192 2347 290 2399 καὶ
319 2345 574 2415 μείζους·
607 2345 795 2399 λευκοὶ
835 2346 891 2399 δέ
948 2348 1055 2399 εἰσι
1080 2347 1144 2399 τὸ
1175 2347 1357 2418 σῶμα,
1382 2348 1481 2417 τὴν
1540 2346 1786 2417 κεφαλὴν

192 2438 498 2508 πορφυροῖ,
532 2439 626 2489 καὶ
661 2436 974 2506 ὀφθαλμοὺς
997 2436 1181 2507 έχουσι
1211 2438 1254 2470 ⁸⁸
1294 2438 1578 2500 κυανέους.
1606 2438 1789 2507 Κέρας

193 2529 248 2581 δὲ
283 2529 403 2598 ἔχει
431 2530 492 2581 ὲν
514 2527 595 2599 τῷ
630 2527 887 2598 μετώπῳ,
922 2528 1039 2592 ἐνὸς
1067 2529 1270 2599 πήχεος
1308 2530 1370 2581 τὸ
1402 2528 1650 2598 μέγεθος.
1679 2528 1790 2582 Καὶ

193 2620 311 2673 ἔστι
334 2621 401 2672 τὸ
433 2619 537 2690 μὲν
553 2619 704 2673 κάτω
716 2618 809 2671 τοῦ
831 2620 1081 2690 κέρατος,
1104 2621 1227 2673 ὅσον
1257 2622 1350 2673 ἐπὶ
1377 2621 1470 2674 δύο
1485 2621 1789 2684 παλαιστὰς

196 2713 336 2783 πρὸς
368 2712 432 2765 τὸ
464 2711 741 2782 μέτωπον,
765 2712 906 2764 πάνυ
924 2711 1138 2764 λευκόψ
1167 2712 1230 2764 τὸ
1250 2712 1305 2765 δὲ
1326 2713 1512 2778 ὲπάνω
1541 2711 1635 2777 ὀξύ
1674 2713 1791 2765 ἐστι

195 2804 289 2857 τοῦ
308 2805 571 2875 κέρατος.
594 2802 765 2857 Τοῦτο
777 2803 831 2857 δὲ
858 2802 1135 2871 φοινικοῦν
1163 2806 1329 2866 ἐστιν,
1364 2803 1593 2875 ἐρυθρὸν
1624 2804 1789 2857 πάνυο

203 2897 266 2949 τὸ
288 2896 348 2949 δὲ
377 2894 513 2950 ἄλλο
544 2895 604 2947 τὸ
630 2896 687 2947 ὲν
716 2894 796 2965 τῷ
821 2895 971 2965 μέσῳ
1001 2895 1193 2964 μέλαν.
1212 2896 1307 2949 Ἐκ
1338 2896 1544 2949 τούτων
1569 2897 1618 2948 οἱ
1640 2896 1794 2949 πιόν-

197 3005 288 3052 τες
306 2988 353 3018 ⁸⁸
386 2986 887 3057 (κατασκευάζουσι
919 2985 1012 3058 [92
1033 2985 1127 3057 Η.]
1158 2986 1268 3057 γὰρ
1288 2986 1616 3057 ἐκπώματα)
1652 3003 1792 3040 σπα-

201 3077 349 3150 σμῷ,
373 3078 572 3148 φασὶν,
598 3077 659 3130 οὐ
688 3075 1060 3148 λαμϐάνονται
1083 3074 1206 3130 οὔτέ
1231 3080 1299 3148 τῇ
1332 3079 1454 3149 ἱερᾷ
1486 3078 1646 3148 νόσῳ,
1675 3076 1791 3130 ἀλλ’

198 3171 318 3224 esse
349 3168 676 3241 φαρμάκοις
696 3169 1031 3237 ἁλίσκονται,
1056 3167 1167 3222 οὔτ’
1184 3169 1249 3223 ἂν
1276 3171 1584 3242 προπίωσιν
1598 3169 1793 3223 οὔτ’ἂν

200 3264 276 3335 τῷ
301 3264 650 3335 φαρμάκῳ⁶¹
670 3262 1013 3335 ἐπιπίωσινῆ
1035 3260 1229 3335 οἶνονῆ
1269 3261 1414 3334 ὕδωρ
1439 3263 1471 3334 ἧ
1492 3262 1622 3316 ἄλλο
1652 3279 1706 3315 τι
1728 3264 1793 3314 ὲκ

201 3359 307 3411 τῶν
324 3358 709 3429 ἐκπωμάτων.
735 3358 798 3410 Oi
824 3358 924 3429 μὲν
954 3354 1047 3411 οὖν
1066 3357 1217 3411 ἄλλοι
1241 3356 1354 3410 ὄνοι
1373 3358 1467 3409 καὶ
1482 3357 1680 3427 ἥμεροι
1696 3355 1793 3408 καὶ

203 3452 383 3523 ἄγριοι
416 3451 515 3504 καὶ
552 3445 722 3503 τᾶλλα
748 3446 973 3520 μώνυχα
1005 3448 1170 3520 θηρία
1206 3450 1383 3503 πάντα
1410 3446 1790 3516 ἀστραγάλους

203 3542 302 3595 οὐκ
326 3541 554 3611 ἔχουσιν
587 3541 631 3572 ⁸³
657 3541 777 3594 οὐδὲ
808 3540 969 3611 χολὴν
998 3542 1091 3594 ἐπὶ
1113 3540 1208 3594 τοῦ
1231 3541 1463 3609 ἥπατος
1491 3532 1638 3592 οὗτοι
1666 3538 1711 3569 ⁸³
1734 3538 1793 3592 δὲ

203 3632 294 3686 καὶ
331 3631 690 3703 ἀστράγαλον
727 3634 821 3685 καὶ
862 3631 1022 3703 χολὴν
1063 3632 1157 3685 ἐπὶ
1202 3631 1298 3685 τοῦ
1337 3632 1548 3702 ἥπατος
1588 3630 1790 3700 έχουσι,

203 3725 289 3777 τὸν
322 3724 384 3777 δὲ
428 3724 780 3794 ἀστράγαλον
815 3725 1099 3778 κάλλιστον
1122 3718 1196 3779 ὧν
1241 3724 1352 3793 ἐγὼ
1374 3724 1618 3794 ἑώρακα,
1651 3719 1794 3776 οἷόν-

206 3832 308 3886 περ
337 3815 469 3887 βοὸς
502 3816 601 3869 καὶ
632 3816 693 3868 τὸ
728 3811 867 3880 εἶδος
912 3816 1009 3869 καὶ
1044 3816 1106 3869 τὸ
1147 3816 1398 3887 μέγεθος·
1441 3816 1613 3887 βαρὺς
1646 3814 1692 3868 δ’
1717 3815 1795 3877 ὡς

210 3909 497 3977 μόλιϐδος,
552 3909 653 3974 τὴν
701 3909 758 3961 δὲ
796 3910 965 3980 χρόαν
1004 3909 1197 3982 ὥσπερ
1245 3910 1554 3981 κιννάϐαρι,
1583 3910 1679 3963 καὶ
1706 3909 1796 3963 διὰ

211 4002 429 4068 βάθους.
466 4000 785 4071 Ταχύτατον
823 4001 881 4054 δέ
923 4003 1042 4055 ἐστι
1070 4002 1131 4055 τὸ
1156 4001 1295 4065 ζῶον
1320 4001 1480 4055 τοῦτο
1510 4003 1606 4055 καὶ
1636 4002 1795 4055 ἀλκι-

212 4093 482 4162 μώτατον
521 4092 676 4146 οὐδὲν
699 4093 757 4146 δὲ
786 4091 914 4146 οὒτε
952 4094 1115 4156 ἵππος
1147 4093 1272 4148 οὔτε
1300 4093 1430 4149 ἀλλο
1457 4112 1509 4147 τι
1529 4095 1796 4165 διωκόμε-

210 4202 293 4238 νον
330 4184 778 4255 καταλαμϐάνει.
824 4186 1089 4255 Ἀρχεται
1127 4187 1184 4240 δὲ
1202 4188 1394 4257 τρέχον
1442 4186 1791 4257 βραδύτερον

210 4280 328 4332 οσον
364 4278 413 4331 δ’
446 4280 515 4331 ἀν
557 4277 721 4330 πλέον
752 4278 797 4310 ⁸⁵
826 4279 1016 4348 χρόνον
1038 4279 1232 4351 τρέχῃ,
1266 4278 1564 4332 ἐντείνεται
1602 4277 1798 4348 δαιμο-

214 4372 334 4435 νίως
382 4373 483 4423 καὶ
524 4370 728 4440 μᾶλλον
764 4373 859 4424 καὶ
919 4370 1119 4425 θᾶσσον
1167 4370 1374 4442 τρέχει.
1418 4372 1630 4435 Ἀλλως
1694 4371 1797 4441 μὲν

214 4463 301 4518 ὤν
352 4464 402 4497 ⁸⁸
453 4464 734 4532 ἀθήρατόν
768 4465 886 4516 ἐστι
930 4463 992 4516 τὸ
1035 4463 1173 4526 ζῶον
1236 4463 1415 4517 τοῦτο’
1448 4464 1579 4518 ὅταν
1634 4463 1691 4517 δὲ
1728 4464 1799 4517 τὰ

217 4558 376 4609 τέκνα
412 4555 593 4625 μικρά
626 4553 755 4608 ὅντα
782 4555 1117 4625 περιάγωσιν
1161 4554 1260 4609 ἐπ’.
1303 4558 1405 4628 τὴν
1434 4556 1668 4628 βοτάνην
1704 4557 1798 4611 καὶ

218 4645 314 4697 ὑπὸ
370 4638 603 4706 ἱππείας
645 4644 846 4715 πολλῆς
902 4644 1353 4716 περιληφθῶσιν,
1396 4649 1458 4701 οὐ
1518 4647 1798 4718 βούλονται

1877 790 2072 859 fontes,
2113 794 2442 863 reliquorum
2491 797 2745 848 Indorum
2781 796 2955 849 instar
2998 797 3201 865 nigros,
3237 796 3327 863 qui
3368 810 3463 848 ne-

1875 899 1981 953 que
2024 884 2122 953 ipsi
2164 884 2456 953 quidquam
2501 894 2819 953 operentur.
2862 884 3002 951 Quin
3051 902 3150 939 nec
3200 886 3321 940 cibo
3367 899 3464 937 ens

1875 975 2021 1029 vesci
2053 975 2183 1041 ullo,
2212 984 2305 1028 aut
2337 991 2534 1045 aquam
2585 978 2771 1031 bibere
2799 992 2814 1041 ;
2856 977 3067 1045 pecoris
3103 987 3310 1030 tantum
3342 991 3461 1029 ma-

1876 1082 2036 1138 gnam
2084 1068 2229 1122 alere
2267 1069 2510 1136 copiam,
2573 1068 2736 1122 boum
2767 1109 2781 1131 ,
2856 1084 3141 1137 caprarum
3171 1110 3187 1135 ,
3237 1070 3463 1132 ovium;

1880 1162 2073 1215 horum
2109 1161 2191 1216 lac
2223 1161 2429 1224 bibere,
2460 1176 2523 1216 ac
2552 1161 2687 1215 nihil
2722 1172 3009 1230 prmterea.
3052 1161 3287 1217 Infantes
3332 1178 3465 1231 prae-

1882 1262 2051 1318 terea,
2074 1253 2162 1321 qui
2185 1254 2325 1321 apud
2363 1254 2461 1306 hos
2483 1262 2796 1314 nascantur,
2833 1268 2941 1306 non
2981 1252 3184 1306 habere
3216 1244 3466 1320 perfor'a-

1881 1353 1989 1397 tam
2008 1345 2255 1412 corporis
2284 1345 2367 1398 sui
2397 1345 2605 1406 sedem,
2631 1358 2807 1412 neque
2839 1359 2936 1413 per
2958 1360 3076 1398 eam
3107 1354 3462 1397 excrementa

1880 1437 2116 1503 ejicere;
2145 1450 2265 1489 nam
2287 1436 2391 1490 etsi
2426 1434 2615 1490 clunes
2647 1437 2905 1500 habeant,
2940 1448 3079 1489 anus
3135 1446 3314 1491 tamen
3345 1437 3464 1504 ipse

1880 1530 2104 1585 co:ilnit.
2154 1530 2337 1599 Itaque
2383 1529 2520 1583 nihil
2561 1530 2705 1598 ipsos
2749 1530 2966 1597 quidem
2999 1544 3097 1596 per
3128 1544 3328 1582 annum
3368 1543 3469 1583 ex-

1881 1636 2145 1687 cernere;
2194 1622 2289 1675 sed
2328 1636 2617 1675 caseosum
2671 1622 2836 1690 quid,
2894 1620 3135 1689 illudque
3178 1636 3284 1675 non
3334 1636 3469 1673 con-

1883 1716 2200 1783 spissatum,
2249 1722 2303 1767 at
2354 1712 2683 1767 feculentnm
2736 1714 3132 1778 tantummodo,
3178 1728 3272 1783 per
3298 1712 3469 1767 urina:

1886 1815 2121 1857 meatum
2148 1806 2366 1871 ejicere.
2398 1802 2554 1869 Quod
2584 1805 2626 1859 si
2668 1804 2807 1859 lacte
2832 1820 2990 1858 mane
3024 1815 3172 1875 poto,
3207 1807 3373 1859 etiam
3412 1806 3467 1859 in

1885 1898 2115 1952 meridie
2160 1897 2492 1959 adbiberint,
2532 1897 2743 1951 dulcem
2785 1902 2925 1965 apud
2975 1913 3070 1951 eos
3110 1898 3342 1955 inveniri
3379 1914 3472 1951 ra-

1886 1993 2061 2045 dicem
2108 1990 2423 2059 quamdam,
2470 2004 2590 2058 qnze
2633 1989 2715 2043 lac
2765 1990 2894 2042 illud
2942 1989 2994 2042 in
3042 2004 3228 2042 eorum
3278 1999 3472 2044 ventre

1888 2082 2159 2152 coagulari
2198 2097 2305 2135 non
2346 2083 2509 2136 sinat.
2558 2082 2727 2149 Hujus
2761 2096 2888 2151 ergo
2932 2097 3025 2135 esu
3064 2082 3325 2135 vomitum
3369 2081 3470 2136 sibi

1889 2177 2095 2241 vesperi
2122 2191 2440 2243 provocare,
2470 2191 2566 2241 per
2594 2191 2754 2243 quem
2809 2175 2990 2228 omnia
3034 2174 3192 2227 facile
3220 2173 3467 2242 ejiciant.

1957 2267 2155 2321 Asinos
2175 2267 2313 2339 (6‘2),
2343 2267 2553 2328 scribit,
2588 2267 2753 2320 habet
2793 2266 2939 2320 India
2970 2266 3269 2329 silvestres,
3316 2264 3475 2333 equis

1889 2359 2021 2430 ipsis
2044 2374 2223 2429 pares,
2261 2369 2316 2414 et
2339 2360 2668 2429 quandoque
2719 2358 2956 2425 majores
2993 2358 3121 2427 :qui
3156 2367 3327 2411 totmn
3364 2356 3475 2411 albi

1890 2466 2108 2520 corpus,
2131 2462 2298 2521 caput
2329 2452 2503 2507 solum
2536 2452 2739 2504 habent
2779 2465 3138 2518 purpureum,
3168 2450 3473 2518 oculosque

1891 2545 2172 2599 caaruleos.
2206 2544 2387 2598 Cornu
2414 2542 2522 2596 illis
2550 2541 2787 2595 cubitale
2808 2542 2986 2595 media
3018 2542 3262 2609 procedit
3296 2538 3479 2595 fronte

1892 2633 2074 2706 [cujus
2115 2636 2276 2689 scobs
2320 2634 2371 2688 in
2403 2643 2531 2704 potu
2563 2633 2741 2699 datur,
2784 2641 3073 2699 tueturqne
3113 2646 3139 2684 a
3178 2630 3478 2685 mortiferis

1890 2724 2165 2797 venenis.]
2202 2726 2330 2793 Ejus
2366 2723 2594 2778 inferior
2625 2723 2903 2791 frontique
2942 2722 3185 2792 proxima
3226 2736 3373 2791 pars,
3408 2720 3477 2775 ad

1892 2816 2121 2871 duorum
2149 2816 2449 2887 palmorum
2486 2816 2718 2885 spatium
2750 2815 2966 2883 egregie
2990 2813 3244 2878 candida,
3278 2828 3477 2882 supre-

1895 2924 1979 2961 ma
2016 2910 2068 2962 in
2103 2924 2331 2962 acumen
2366 2908 2644 2973 desinens,
2675 2922 2796 2960 cum
2834 2921 3050 2961 summo
3089 2907 3286 2960 rubore
3313 2906 3487 3003 puni-l

1893 3016 1987 3054 cea
2027 3010 2142 3065 est;
2176 3014 2298 3069 quae
2346 3014 2475 3054 vero
2516 3001 2661 3053 inter
2690 3000 2789 3053 has
2826 3000 3003 3053 media
3052 2999 3364 3064 intercedit,
3398 3000 3482 3069 ni:

1893 3108 2009 3162 gra.
2048 3091 2163 3145 Jam
2184 3093 2273 3160 qui
2304 3107 2371 3147 ex
2418 3094 2504 3147 his
2546 3092 2742 3146 bibunt
2779 3092 2925 3163 (nam
2963 3101 3019 3146 et
3053 3093 3105 3146 in
3143 3092 3333 3160 pocula
3369 3060 3488 3163 toro!

1893 3193 2095 3238 nantur
2135 3199 2198 3238 ea
2247 3183 2473 3255 cornua)
2529 3185 2565 3239 ii
2617 3199 2793 3253 neque
2846 3199 3100 3265 spasmo,
3156 3194 3215 3237 ut
3258 3182 3438 3237 ferunt
3461 3182 3489 3265 ,ξ

1895 3277 2271 3347 corripiuntur
2297 3318 2312 3344 ,
2359 3292 2460 3332 nec
2516 3276 2707 3331 morbo
2750 3291 2931 3331 sacro.
2981 3254 3095 3330 Ιηῖο
3134 3290 3237 3329 nec
3271 3254 3489 3345 venenis;

1819 3397 1862 3456 ο
1896 3369 2261 3437 ροεευηιιωιιί
2290 3368 2422 3433 ullo,
2454 3369 2548 3437 qui
2580 3369 2739 3422 modo
2759 3375 2883 3421 ante
2914 3366 2997 3421 vel
3025 3377 3147 3436 post
3180 3366 3308 3420 illud
3344 3352 3489 3456 hau-:

1899 3469 2067 3525 stum,
2094 3459 2305 3521 vinum,
2344 3473 2566 3528 aquam,
2600 3468 2693 3510 aut
2733 3457 2877 3510 aliud
2913 3457 3190 3526 quidpiam
3224 3471 3290 3509 ex
3324 3448 3491 3577 hisce;

1899 3550 2105 3577 nlnA-I':A\
2133 3550 2315 3577 Ιιηυι-ιι
2369 3552 2438 3577 ΑΛ
2471 3564 2591 3577 ’.η-ν-
2627 3548 2807 3577 nmlnn:
2832 3547 3049 3577 IIII:.'A-||
3078 3548 3193 3577 ρῖιιιι
3225 3562 3475 3577 ιιιηιὶοιιιιᾼ

1899 3550 2106 3622 poculis
2133 3550 2339 3605 bibant.
2360 3552 2438 3604 Ac
2469 3564 2592 3604 cum
2626 3548 2807 3603 caeteri
2832 3547 3049 3617 quidem
3078 3548 3193 3602 sive
3225 3547 3490 3626 tnansue-}

1901 3643 1972 3706 ti,
2007 3644 2121 3697 sive
2157 3642 2435 3697 silvestres
2476 3642 2637 3707 asini,
2682 3642 2895 3711 aliaque
2932 3641 3133 3709 quibus
3162 3640 3332 3694 solida
3379 3632 3491 3720 un-:

1901 3734 2023 3806 gula
2058 3743 2162 3798 est,
2197 3733 2453 3788 animalia
2483 3739 2691 3798 omnia,
2722 3748 2901 3803 neque
2926 3733 3061 3787 talos
3093 3731 3352 3794 habeant,
3382 3728 3491 3812 ηιξ-ζ

1902 3842 2008 3897 que
2034 3828 2084 3880 in
2108 3826 2293 3894 jecore
2335 3826 2429 3893 fel,
2454 3827 2569 3881 haac
2595 3835 2774 3879 tamen
2799 3832 3027 3893 utraque
3058 3824 3110 3877 iu
3136 3823 3219 3877 his
3241 3823 3484 3877 invenire

1902 3929 2007 3984 est,
2026 3930 2081 3975 et
2114 3919 2279 3974 talum
2309 3928 2459 3973 certe
2480 3919 2747 3982 omnium,
2777 3932 2915 3987 quos
2940 3917 3193 3985 equidem
3226 3896 3492 3977 viderim,f

1902 4012 2350 4084 pulcherrimum,
2387 4011 2539 4066 bovis
2565 4010 2673 4065 talo
2705 4018 2759 4065 et
2787 4008 2992 4078 specie,
3028 4018 3085 4063 et
3113 4006 3491 4076 magnitudine

1904 4107 2160 4173 similem,
2186 4108 2279 4161 sed
2314 4106 2486 4159 instar
2525 4104 2732 4174 plumbi
2774 4117 3019 4171 gravem,
3043 4110 3097 4153 et
3121 4099 3270 4153 minii
3304 4098 3485 4151 colore

1904 4203 1971 4255 ad
1997 4201 2182 4254 intima
2210 4214 2378 4267 usque
2398 4198 2702 4253 rubentem.
2727 4193 3138 4249 Velocissimum
3165 4204 3380 4260 quoque
3402 4198 3487 4244 est

1904 4292 2008 4346 hoc
2046 4288 2246 4343 animal
2288 4303 2350 4342 ac
2395 4285 2836 4341 robustissimum
2867 4300 2880 4335 :
2925 4293 2983 4336 ut
3022 4296 3121 4335 nec
3148 4296 3346 4349 equus,
3382 4294 3486 4333 nec

1906 4384 2054 4438 aliud
2103 4383 2270 4436 ullum
2315 4381 2533 4449 assequi
2593 4381 2695 4434 hoc
2746 4375 3124 4447 persequendo
3174 4374 3368 4443 possit.
3420 4370 3487 4424 Et

1909 4476 2193 4530 remissius
2232 4473 2451 4543 quidem
2496 4472 2651 4527 initio
2697 4483 2920 4523 currere
2965 4467 3105 4523 solet
3156 4483 3170 4519 :
3210 4466 3306 4521 sed
3346 4465 3487 4518 miro

1908 4569 2146 4639 quodam
2181 4566 2361 4631 modo,
2396 4580 2504 4635 quo
2535 4563 2738 4617 diutius
2764 4560 3046 4624 currit,eo
3077 4559 3338 4612 incitatur
3368 4572 3487 4610 ma-

1909 4660 2010 4729 gis,
2044 4668 2102 4712 ut
2124 4657 2244 4727 plus
2268 4667 2432 4726 atque
2458 4653 2697 4706 velocius
2733 4659 2941 4705 currat.
2968 4646 3125 4715 Quod
3154 4647 3320 4715 igitur
3347 4645 3487 4701 alias

218 4744 441 4811 φεύγειν
466 4740 866 4802 καταλιπόντες
899 4739 1027 4802 τοὺς
1064 4739 1306 4807 πώλους,
1352 4742 1491 4796 ἀλλά
1532 4745 1788 4815 μάχονται

1908 4765 2180 4820 nunquam
2234 4762 2329 4817 per
2389 4747 2734 4800 venationem
2796 4741 2918 4810 capi
2956 4749 3182 4810 posset,
3227 4739 3316 4791 ubi
3359 4752 3491 4793 suos

218 4836 306 4888 καὶ
349 4834 550 4902 κέρατι
588 4830 636 4863 ⁸⁸
700 4831 795 4883 καὶ
843 4830 1181 4901 λακτίσμασι
1239 4833 1334 4885 καὶ
1393 4832 1661 4904 δήγμασι,
1704 4836 1797 4889 καὶ

219 4924 439 4988 πολλοὺς
471 4923 571 4978 καὶ
597 4922 800 4985 τππους
833 4924 927 4974 ναὶ
965 4920 1168 4991 ἀνδρας
1214 4923 1580 4978 ἀπολλύουσιν
1611 4966 1627 4989 ,
1673 4926 1795 4979 άλί-

222 5036 433 5072 σκονται
462 5020 521 5073 δὲ
556 5018 652 5073 καὶ
672 5017 830 5071 αὐτοὶ
867 5016 1210 5084 τοξευόμενοι
1244 5018 1340 5071 καὶ
1365 5018 1797 5090 ἀκοντιζόμενοιο

223 5109 389 5173 ζῶντα
421 5110 536 5181 γὰρ
564 5110 669 5163 οὑκ
711 5108 778 5162 ἀν
803 5108 1011 5173 λάϐοις.
1043 5108 1125 5162 Τὰ
1147 5108 1206 5162 δὲ
1234 5109 1376 5180 κρέα
1430 5110 1519 5166 διὰ
1567 5110 1669 5182 τὴν
1711 5131 1803 5167 πι-

1906 4843 2081 4912 pullos
2120 4840 2296 4894 adhuc
2342 4836 2589 4906 parvulos
2646 4833 2791 4906 49a
2846 4834 2933 4895 .ad
2999 4845 3198 4901 pascua
3249 4831 3490 4889 circum-

1908 4935 2108 4991 ducere
2142 4931 2330 5002 cwpit,
2358 4931 2528 4983 multo
2544 4929 2779 4998 cingitur
2802 4926 3050 4996 equitatu
3079 4940 3093 4976 :
3118 4938 3180 4978 ac
3207 4924 3333 4978 dum
3365 4921 3493 4997 reli-

1907 5026 2011 5083 ctis
2035 5024 2195 5096 pullis
2228 5022 2352 5092 fuga
2380 5021 2482 5076 sibi
2516 5019 2807 5076 consulere
2841 5033 2947 5072 non
2989 5016 3124 5079 vult,
3156 5013 3252 5069 sed
3291 5027 3488 5077 cornu,

1910 5118 2177 5183 calcibus,
2207 5115 2481 5171 morsibus
2513 5114 2586 5168 ita
2610 5120 2807 5176 certat,
2830 5121 2888 5164 ut
2918 5108 3116 5163 multos
3147 5122 3271 5163 cum
3296 5120 3488 5175 equos,

1537 5246 1777 5323 vanus
1825 5247 2233 5304 LECTIONES.

290 5340 335 5374 ⁸³
360 5342 583 5406 τούτους
618 5361 680 5407 ς.

760 5342 808 5374 ⁸⁸
836 5341 1119 5413 βιωτεύειν
1148 5345 1214 5401 A.
1287 5345 1333 5378 "
1367 5338 1512 5398 οὗτοι
1541 5345 1585 5399 Α
1611 5362 1624 5398 :
1651 5346 1808 5399 αὐτοὶ
1831 5362 1894 5409 ς.
1973 5345 2019 5377 ³⁸
2052 5344 2127 5407 oi]
2159 5345 2253 5413 καὶ
2284 5344 2333 5395 οἱ
2364 5360 2424 5407 ς.
2495 5341 2542 5373 ⁸⁹
2573 5340 2666 5413 και
2694 5348 2751 5413 et
2779 5339 2963 5413 έχουσι
3025 5353 3135 5413 om.
3171 5338 3235 5390 Α.

3324 5334 3369 5366 σο
3400 5333 3491 5387 πί.

227 5427 395 5477 νοντες
422 5432 481 5486 ς.
525 5405 601 5486 _“
628 5405 738 5466 3:05
769 5405 1067 5485 φαρμάκου
1093 5416 1157 5469 Α.
1186 5417 1231 5447 ⁶¹
1258 5415 1358 5470 οὐκ
1396 5414 1611 5486 ἔχουσιν
1634 5416 1757 5469 add.
1795 5405 1873 5471 re.
1916 5415 1981 5470 A.
2058 5405 2302 5486 ⁶³οὗτοι]
2334 5405 2550 5484 ἑγουσιν
2596 5411 2749 5465 αὐτοὶ
2780 5405 2843 5473 ej.
2915 5409 2959 5439 “
2984 5408 3203 5460 πλείονα
3254 5405 3491 5475 Stepha-

230 5495 346 5538 nus.
414 5485 459 5516 ⁵⁸
491 5480 587 5539 οὖν
618 5500 733 5540 om.
761 5480 828 5537 Α.

929 5485 972 5516 ⁶⁶
999 5486 1198 5556 κέρασι
1228 5503 1288 5551 ς.

1716 5581 1948 5637 NUT/E.

298 5673 402 5744 (52)
431 5675 621 5731 Totam
663 5674 809 5729 hanc
842 5674 1235 5743 narrationem,
1276 5676 1498 5732 mutatis
1521 5677 1786 5731 duntaxat
1833 5672 2363 5745 aliquotvocabulis,
2389 5668 2579 5726 retulit
2611 5664 2814 5724 A‘Zlian.
2858 5662 2911 5719 in
2962 5677 3081 5733 cap.
3130 5662 3220 5729 52,
3270 5661 3359 5717 lib.
3414 5670 3487 5722 iv,

234 5739 315 5799 De
324 5739 408 5801 art-1'
414 5764 492 5802 me
502 5750 533 5805 .'.
