3942 6234
437 304 542 369 227

1587 289 1852 352 PHOTIl
1890 283 2397 349 PATRIARCHIE
2438 284 2551 346 CP.

3605 274 3716 342 223

440 425 556 468 tam
580 411 730 466 viros
756 407 1058 474 interimat,
1089 404 1305 477 sagittis
1331 401 1549 460 tandem
1584 416 1649 457 ac
1673 400 1870 470 jaculis
1886 415 2020 456 con-

2150 398 2366 472 ιρότητα
2407 391 2637 467 ἀϐρωτά
2684 392 2824 446 ἐστι.
2848 388 3154 463 Θηρεύεται
3199 386 3258 444 δὲ
3300 385 3411 443 τῶν
3456 384 3713 460 κεράτων

437 505 646 561 iussum
690 505 835 576 (cum
885 503 1067 556 vivum
1115 497 1371 569 nequeat)
1420 494 1657 564 capitur.
1704 493 1912 548 Carnes
1953 491 2025 547 ob

2130 491 2231 545 καὶ
2259 489 2370 544 τῶν
2391 485 2755 558 ἀστραγάλων
2783 484 2995 539 ἕνεκεν.

441 571 749 654 annaritiem
798 597 886 653 edi
933 611 1040 652 non
1078 601 1332 665 possunt.
1374 588 1563 660 Neque
1605 603 1736 644 vero
1782 590 1852 644 ob
1882 587 2030 643 aliud
2070 584 2374 658 quidpiam,
2404 597 2569 655 quam
2606 591 2829 653 propter
2858 579 3034 637 solum
3068 591 3240 634 cornu
3300 580 3358 632 et
3404 572 3547 632 talos
3609 571 3718 630 hoc

440 691 645 746 animal
677 698 964 743 venantur.

521 780 777 834 ludorum
831 781 885 833 in
921 778 1146 834 tluntine
1191 777 1393 833 vermis
1443 778 1687 834 nascitur
1725 774 1879 846 (55),
1928 774 2024 838 ait,

441 873 626 940 specie
656 871 875 940 quidem
909 870 985 924 illi
1030 885 1137 924 non
1172 871 1465 936 absimilis,
1499 869 1593 946 qui
1640 867 1852 923 innasci
1901 865 2026 922 ﬁcui

441 964 625 1017 arbori
658 963 798 1018 solet
836 963 969 1016 :sed
1004 961 1220 1017 cubitos
1249 972 1455 1033 septem
1491 961 1687 1031 longus
1722 959 1849 1030 (etsi
1883 957 2026 1012 alius

386 1080 391 1086 -
441 1054 550 1110 alio
583 1055 778 1124 major,
809 1053 1121 1123 minorque)
1147 1063 1201 1110 et
1230 1053 1306 1108 ita
1347 1067 1586 1118 crassus,
1619 1061 1822 1107 uteum
1843 1050 2028 1106 decem

444 1159 711 1198 annorum
735 1153 1127 1213 puerutroque
1157 1144 1242 1196 vix
1273 1143 1503 1197 brachio
1537 1140 1791 1210 amplecti
1814 1148 1982 1210 queat
2012 1155 2028 1193 :

447 1235 583 1288 duos
619 1219 1002 1286 tantummodo
1019 1232 1178 1286 habet
1208 1231 1420 1297 dentes,
1454 1245 1617 1302 supra
1667 1245 1854 1296 unum,
1897 1229 2035 1284 alte-

448 1339 568 1378 rum
599 1324 778 1390 infra;
813 1324 898 1378 his
938 1323 1198 1393 quidquid
1246 1323 1618 1394 prehenderit,
1657 1326 1899 1378 devorat.
1944 1323 2034 1376 ln-

448 1415 624 1470 terdiu
652 1415 705 1469 in
734 1429 896 1469 coeno
929 1415 1173 1469 ﬂuminis
1211 1429 1582 1480 commorans,
1611 1423 1773 1469 noctu
1825 1424 2031 1468 tantum

447 1506 748 1574 egreditur.
783 1506 938 1571 Quod
960 1507 1006 1560 si
1039 1515 1151 1560 tum
1169 1504 1310 1559 forte
1331 1505 1385 1559 in
1411 1504 1604 1560 bovem
1639 1514 1733 1558 aut
1763 1489 2030 1559 camelum

447 1596 724 1662 inciderit,
756 1612 942 1652 morsu
970 1608 1281 1666 correptum
1311 1596 1364 1650 in
1392 1594 1590 1652 ﬂumen
1618 1596 1806 1663 trahit,
1833 1605 2032 1650 totunt-

447 1704 556 1758 que
589 1699 789 1758 praeter
826 1691 1000 1745 solum
1050 1701 1321 1756 ventrem,
1353 1698 1533 1743 vorat.
1584 1689 1809 1758 Capitur
1839 1687 2030 1759 grandi

450 1783 613 1836 hamo
656 1783 811 1854 cujus
857 1783 1054 1838 ferreis
1083 1782 1296 1837 catenis
1332 1781 1546 1835 haedum
1579 1781 1694 1836 sive
1727 1796 1923 1849 agnum
1957 1778 2034 1832 al-

2200 770 2326 823 "01:t
2354 768 2413 821 έν
2445 765 2524 836 τῷ
2550 763 2780 835 ποταμῷ
2820 761 2931 816 τῶν
2965 759 3144 814 Ἰνδῶν
3167 759 3216 790 ⁵⁷
3243 754 3464 827 σκώληξ
3494 754 3718 824 γίνεται

2127 863 2191 919 τδ
2224 863 2325 934 μὲν
2349 855 2511 924 εῐδος,
2534 853 2753 928 οἷόνπερ
2796 855 2855 908 έν
2874 856 2994 917 ταῖς
3021 853 3216 914 συκαῖς
3247 849 3409 903 εἴωθε
3439 846 3713 918 γίνεσθαι,

2129 955 2193 1010 τὸ
2221 955 2280 1009 δὲ
2313 952 2488 1025 μῆκος
2516 952 2713 1021 πήχεις
2741 947 2786 979 ⁸³
2810 944 2969 1010 ἑπτὰ,
2993 945 3088 998 καὶ
3113 941 3332 1012 μείζους
3361 939 3418 993 δὲ
3439 939 3534 993 καὶ
3553 937 3713 992 ἐλάτο-

2129 1063 2287 1111 τους⁹
2319 1044 2382 1098 τὸ
2415 1042 2474 1096 δὲ
2501 1042 2672 1112 πάχος
2718 1036 2983 1092 δεκαετέα
3029 1033 3198 1089 παῖδα
3237 1030 3391 1102 μόλις
3431 1029 3565 1098 φασὶ
3591 1028 3716 1092 ταῖς

2131 1140 2290 1213 χερσὶ
2324 1135 2662 1209 περιλαϐεῖν.
2698 1132 2924 1202 Ἔχουσι
2957 1128 3013 1182 δὲ
3050 1126 3271 1188 ὀδόντας
3321 1123 3436 1187 δύο,
3468 1121 3566 1176 ἕνα
3599 1120 3717 1176 ἀνω

2133 1234 2228 1288 καὶ
2276 1231 2376 1285 ἕνα
2425 1229 2612 1284 κάτω·
2655 1223 2783 1298 [156
2833 1221 2929 1295 IL]
2958 1221 3100 1276 καὶό
3131 1237 3186 1272 τι
3230 1216 3296 1272 ἂν
3342 1215 3549 1272 λάϐωσι
3599 1215 3718 1278 τοῖς

2132 1325 2336 1391 ὀδοῦσι,
2365 1320 2735 1377 κατεσθίουσι.
2763 1316 2876 1372 Καὶ
2901 1315 3004 1385 τῆν
3039 1313 3138 1385 μὲν
3181 1312 3394 1383 ἡμέραν
3421 1310 3479 1362 έν
3507 1309 3575 1378 τῇ
3608 1305 3719 1360 ne:

2132 1420 2228 1475 τοῦ
2264 1415 2513 1488 ποταμοῦ
2541 1411 2877 1474 διαιτῶνται,
2908 1410 2975 1479 τῇ
2999 1405 3057 1460 δὲ
3082 1404 3241 1459 νυκτὶ
3261 1403 3593 1474 ἐξέρχονται,
3621 1398 3721 1454 καὶ

2136 1513 2234 1568 ὲάν
2255 1529 2362 1566 τινι
2393 1507 2592 1580 ἐντύχῃ
2619 1507 2664 1538 ⁸³
2693 1505 2753 1557 ὲν
2783 1505 2850 1575 τῇ
2892 1503 2965 1571 γῇ
2990 1497 3074 1571 βοῒ
3104 1498 3139 1570 ἢ
3171 1493 3403 1567 καμήλῳ
3425 1495 3522 1547 καὶ
3548 1491 3715 1564 δάκῃ,

2140 1604 2421 1659 συλλαϐὼν
2464 1600 2614 1654 ἕλκει
2646 1599 2728 1662 εἰς
2773 1596 2867 1650 τὸν
2914 1591 3192 1661 ποταμὸν,
3234 1588 3332 1644 καὶ
3369 1587 3547 1641 πάντα
3583 1598 3720 1639 κατ-

2139 1698 2309 1753 εσθίει
2325 1696 2467 1766 πλὴν
2496 1694 2597 1764 τῆς
2620 1689 2850 1753 κοιλίας.
2880 1684 3202 1757 ’Δγρεύεται
3229 1681 3288 1736 δὲ
3309 1679 3594 1749 ἀγκίστρῳ
3618 1692 3721 1747 με·

2139 1790 2311 1859 γάλῳ,
2369 1786 2559 1856 ἔριφον
2615 1781 2650 1853 ἢ
2698 1781 2838 1852 ἄρνα
2883 1777 3224 1848 ὲνδησάντων
3261 1773 3308 1805 ⁷⁸
3349 1771 3445 1826 κα)⁵
3491 1769 3720 1824 ἁλύσεσι

449 1874 765 1944 ligaverint.
798 1875 1026 1946 Captum
1056 1873 1170 1946 (54)
1200 1891 1296 1945 per
1319 1877 1437 1930 dies
1467 1874 1687 1943 triginta
1709 1887 2032 1942 suspensum

2150 1875 2858 1953 stdqpaig.évappoaav1mv.
2893 1867 3292 1941 ’Δγρεύσαντες
3328 1862 3388 1917 δὲ
3421 1861 3723 1934 τριάκοντα

453 1966 984 2038 ιοιιθιιι,ἐυ[›ροείιίδ
1014 1968 1181 2031 vasis,
1212 1968 1552 2036 distillatque
1576 1967 1784 2022 interea
1817 1974 2030 2034 tempo-

451 2060 530 2114 ris
563 2075 628 2114 ex
665 2076 730 2114 eo
762 2061 990 2130 liquoris
1027 2069 1260 2126 tantum,
1295 2070 1558 2128 quantum
1608 2060 1793 2113 decem
1841 2057 2032 2129 cotylae

449 2151 644 2206 Atticae
678 2152 922 2220 capiant.
971 2151 1101 2206 Post
1133 2151 1279 2206 diem
1312 2151 1652 2205 tricesimum
1680 2164 1918 2204 vermem
1953 2151 2034 2218 ip-

451 2258 573 2297 sum
598 2245 884 2314 abjiciunt,
916 2243 1207 2314 oleumque
1237 2243 1404 2314 probe
1430 2257 1496 2298 ac
1535 2253 1651 2296 tuto
1683 2241 2027 2296 reconditum

452 2337 521 2390 ad
571 2337 745 2389 solum
795 2334 1050 2391 ludorum
1096 2349 1278 2404 regem
1333 2331 1595 2399 afferunt;
1646 2347 1770 2386 nam
1803 2332 2034 2386 aliorum
2085 2400 2091 2406 .

455 2428 659 2481 nemini
690 2427 898 2497 aliquid
925 2427 1086 2496 hujus
1115 2427 1222 2483 olei
1252 2427 1394 2496 apud
1418 2441 1476 2481 se
1505 2425 1706 2480 habere
1734 2424 1882 2479 licet.
1910 2423 2036 2480 Cui-

454 2533 674 2588 cuuque
721 2529 903 2573 autem
945 2519 1026 2574 rei
1061 2519 1228 2575 hocce
1254 2519 1433 2572 oleum
1465 2516 1627 2570 fuerit
1663 2514 2034 2584 superfusum,

455 2626 577 2666 cam
630 2612 916 2679 accendit;
968 2612 1210 2679 adeoque
1247 2609 1386 2680 ligna
1424 2610 1541 2678 ipsa
1575 2615 1736 2676 atque
1785 2607 2039 2662 animalia

457 2701 726 2757 comburit
768 2719 786 2758 :
824 2717 1002 2772 neque
1047 2701 1208 2756 aliter
1279 2699 1556 2771 exstingui
1620 2705 1836 2769 potest,
1873 2712 2038 2767 quam

458 2793 617 2847 multi
648 2793 928 2861 crassique
955 2792 1054 2847 luti
1075 2792 1302 2860 injectu.
1638 2804 1643 2810 '

534 2881 673 2937 Sunt
700 2883 844 2949 apud
865 2879 1028 2936 ludos
1051 2881 1277 2936 arbores
1316 2881 1481 2936 cedro
1511 2889 1606 2948 aut
1633 2893 1896 2949 cupresso
1921 2893 2043 2947 pro-

459 2980 689 3030 ceritate
721 2985 901 3041 pares,
928 2972 1120 3043 palma:
1146 2971 1329 3038 foliis;
1353 2974 1517 3043 paulo
1544 2983 1724 3026 tamen
1751 2971 2041 3024 latioribus

459 3077 515 3123 et
557 3069 762 3136 absque
826 3068 948 3122 sinu
972 3068 1088 3122 sive
1141 3067 1331 3123 axillu.
1380 3067 1596 3121 Florem
1646 3066 1848 3119 habent
1905 3064 2042 3118 lauri

461 3163 718 3214 masculae
753 3159 1007 3225 similem,
1062 3161 1158 3214 sed
1189 3158 1423 3214 fructum
1451 3159 1655 3212 nullum
1702 3156 1903 3210 ferunt.
1932 3153 2044 3208 No-

2136 1977 2350 2050 ὴμέρας
2384 1974 2666 2047 κρεμῶσιν
2710 1970 2874 2025 αὐτὸν
2905 1969 2950 2002 ⁷⁸
2991 1967 3085 2022 καὶ
3127 1965 3328 2034 ἀγγεῖα
3373 1959 3722 2050 ὑποτιθέασι,

2137 2048 2236 2122 καὶ
2252 2048 2350 2139 ipsi
2372 2065 2433 2132 se
2455 2062 2619 2117 αὑτοῦ
2649 2063 2773 2117 ὅσον
2799 2059 2932 2115 δέκα
2958 2055 3192 2121 κοτύλας
3213 2052 3468 2116 Ἀττικὰς
3494 2049 3557 2104 τδ
3581 2048 3725 2120 πλῆ·

2140 2160 2253 2224 θος.
2305 2159 2477 2212 Ὅταν
2527 2156 2586 2210 δὲ
2639 2153 2982 2224 παρέλθωσιν
3038 2150 3096 2204 αῖ
3143 2147 3438 2220 τριάκοντα
3485 2142 3724 2214 ἡμέραι,

2138 2251 2542 2322 ἀπορρίπτουσι
2572 2247 2663 2300 τὸν
2697 2243 2975 2315 σκώληκα,
3009 2238 3185 2296 καὶτὸ
3209 2237 3388 2291 ἔλαιον
3416 2232 3726 2322 ἀσφαλισάέ

2144 2321 2296 2411 μενοι
2325 2341 2519 2408 ἄγουσι
2544 2337 2623 2408 τῷ
2658 2334 2870 2408 βασιλεῖ
2915 2333 3062 2405 μόνῳ
3089 2329 3202 2384 τῶν
3240 2327 3455 2383 Ἰνδῶν’
3487 2323 3636 2395 ἄλλῳ
3665 2321 3726 2376 δὲ

2140 2432 2243 2485 οὐκ
2271 2429 2478 2496 ἔξεστιν
2527 2429 2589 2494 ἐξ
2642 2425 2808 2482 αὐτοῦ
2873 2424 3040 2496 ἔχειν.
3072 2420 3245 2476 Τοῦτο
3289 2420 3352 2472 τὸ
3402 2417 3605 2482 ἔλαιον,
3637 2412 3726 2484 ἐφ’

2141 2521 2171 2576 ὃ
2197 2523 2240 2555 ⁷³
2279 2521 2346 2575 ἂν
2375 2519 2635 2591 έπιχυθῇ,
2670 2518 2923 2581 ἀνάπτει,
2967 2514 3064 2570 καὶ
3099 2509 3432 2581 καταφλέγει
3463 2507 3598 2574 ξύλα
3629 2503 3728 2560 καὶ

2145 2609 2280 2677 ζῶα,
2310 2611 2408 2665 καὶ
2446 2611 2621 2674 ἄλλως
2667 2609 2729 2663 οὐ
2768 2606 3052 2662 σϐέννυται
3077 2605 3125 2658 ei
3159 2601 3236 2675 μὴ
3275 2599 3433 2672 πηλῷ
3456 2597 3639 2669 πολλῷ
3664 2612 3727 2651 τε

2146 2706 2244 2758 καὶ
2267 2705 2454 2775 παχεῖ.

2219 2881 2344 2934 ’Ότι
2377 2881 2494 2934 ἔστι
2523 2879 2716 2950 δένδρα
2740 2880 2801 2933 ὲν
2833 2877 3016 2941 Ἰνδοῖς
3043 2874 3225 2946 ὑψηλά
3257 2873 3448 2943 ὥσπερ
3472 2871 3665 2943 κέδρος
3690 2871 3729 2937 ἢ

2149 2974 2481 3044 κυπάριττος
2503 2974 2569 3038 ⁷³,
2597 2971 2666 3025 τὰ
2723 2971 2781 3024 δὲ
2837 2969 3012 3038 φύλλα
3048 2968 3236 3041 ὥσπερ
3297 2965 3493 3037 φοῖνιξ,
3543 2963 3730 3033 ὀλίγον

2150 3067 2463 3138 πλατύτερα
2478 3083 2493 3096 ο
2519 3067 2614 3120 καὶ
2639 3065 2978 3136 μασχαλίδας
2995 3063 3094 3118 ούκ
3112 3061 3246 3133 ἔχει.
3264 3061 3445 3115 Ἀνθεί
3459 3058 3516 3114 δὲ
3538 3057 3731 3129 ὥσπερ

2150 3161 2184 3231 ἡ
2219 3161 2394 3232 ἄρσην
2423 3161 2622 3229 δάφνη,
2655 3158 2870 3230 καρπὸν
2901 3157 2946 3210 δ’
2991 3156 3092 3210 ούκ
3121 3155 3255 3225 ἔχει.
3284 3153 3643 3224 Ὀνομάζεται
3669 3150 3732 3204 δὲ

460 3268 586 3306 men
619 3251 927 3306 illislndice
954 3251 1215 3321 Carpion,
1235 3250 1422 3306 Graece
1441 3248 1748 3321 μυροφόρα.
1775 3245 2038 3302 Distitlant

2151 3252 2364 3306 Ἰνδιστὶ
2399 3252 2497 3322 μὲν
2526 3253 2784 3322 κάρπιον,
2823 3250 3130 3321 Ἑλληνιστὶ
3151 3249 3208 3302 δὲ
3235 3246 3545 3318 μυροφόρα.
3567 3245 3733 3300 Ἔστι

460 3362 523 3400 ea
561 3348 660 3399 hac
694 3361 799 3398 non
821 3345 1112 3400 admodum
1139 3344 1409 3414 frequenti
1449 3343 1664 3407 arbore,
1707 3340 1812 3396 olei
1855 3339 2042 3410 cujus-

461 3441 587 3492 dant
621 3449 808 3507 guttas,
837 3453 974 3508 quas
1015 3438 1136 3492 lana
1168 3440 1234 3492 de
1273 3446 1468 3491 trunco
1510 3436 1786 3490 abstersas
1825 3433 1878 3487 in
1911 3432 2048 3501 lapi-

461 3535 594 3588 deos
619 3531 816 3588 deinde
845 3531 1153 3587 alabastros
1187 3531 1524 3598 exprimunt.
1555 3527 1764 3582 Modice
1787 3525 1922 3580 illud
1956 3539 2048 3578 ru-

461 3628 620 3680 brum
666 3636 787 3693 est,
835 3636 891 3681 et
956 3626 1390 3680 crassiusculum
1461 3621 1773 3678 suavissimi
1824 3631 2050 3689 prorsus

464 3717 676 3782 odoris,
707 3733 871 3786 quem
899 3717 1064 3771 etiam
1097 3717 1164 3769 ad
1194 3715 1443 3784 quiutqu
1472 3726 1646 3781 usque
1669 3708 1902 3764 stadium
1944 3705 2051 3760 dif-

462 3811 612 3866 fundi
645 3811 822 3864 aiunt.
859 3807 973 3863 Soli
1004 3817 1184 3861 autem
1213 3806 1350 3876 regi,
1394 3803 1619 3872 ejusque
1641 3797 1961 3870 propinquis
1996 3796 2050 3850 id

465 3902 667 3956 habere
699 3901 1036 3955 conceditur.
1078 3897 1155 3950 Ex
1184 3911 1249 3949 eo
1285 3911 1406 3949 cum
1436 3892 1689 3946 Indorum
1713 3904 1808 3943 rex
1836 3889 1901 3942 ad
1922 3887 2051 3942 Per-

462 4012 646 4052 sarum
686 4009 868 4065 regem
894 3994 1100 4062 aliquid
1129 3992 1390 4055 misisset,
1431 3988 1632 4043 vidisse
1655 3985 1798 4058 49b
1846 4000 1907 4040 se
1927 3985 2050 4038 na'r-

464 4100 548 4144 rat
595 4089 830 4152 Ctesias,
882 4087 1159 4154 talemque
1197 4085 1421 4139 odorem
1475 4081 1821 4150 percepisse,
1875 4075 2052 4145 qualis

463 4195 642 4249 neque
680 4178 862 4233 verbis
892 4176 1146 4243 exprimi,
1181 4187 1358 4243 neque
1379 4187 1502 4227 cum
1527 4170 1636 4224 alio
1667 4167 1776 4224 ullo
1804 4163 2044 4222 conferri

465 4282 670 4340 posset.

537 4365 766 4419 Caseum
823 4362 950 4415 item
985 4346 1076 4414 ~ac
1149 4359 1331 4412 vinum
1385 4355 1626 4410 omnium
1668 4349 2048 4408 suavissimum

465 4455 669 4509 habere
711 4453 810 4506 hos
851 4459 1073 4516 narrat,
1124 4447 1288 4516 idque
1338 4461 1398 4499 se
1456 4443 1725 4514 gustando
1765 4449 2050 4509 expertum

463 4546 742 4601 didicisse.

534 4637 700 4703 Fons,
739 4637 838 4702 ait,
875 4635 929 4689 in
961 4633 1128 4689 lndiis
1159 4641 1246 4686 est
1291 4629 1554 4698 quadrata
1583 4625 1779 4687 forma,
1808 4622 2048 4691 quinque

2078 4593 2125 4649 D

2147 3347 2206 3400 δὲ
2257 3346 2481 3400 σπάνια.
2522 3345 2735 3398 Ῥἑουσι
2784 3344 2842 3398 δὲ
2886 3343 2946 3408 ἐξ
2993 3341 3159 3397 αὑτοῦ
3206 3341 3388 3394 ἐλαίου
3447 3337 3733 3406 σταγόνες,

2149 3437 2242 3502 οὒς
2269 3437 2316 3470 ⁷⁸
2341 3437 2473 3508 ἐρίῳ
2502 3435 2821 3505 ἀναψῶντες
2849 3434 2959 3489 ἀπὸ
2979 3434 3073 3486 τοῦ
3100 3432 3317 3504 δένδρου
3340 3428 3735 3493 ἁποπιέζουσιν

2149 3531 2230 3593 εἰς
2274 3528 2651 3598 ἀλαϐάστρους
2696 3527 2954 3589 λιθίνους.
2988 3527 3149 3580 Ἔστι
3194 3524 3252 3578 δὲ
3297 3523 3360 3577 τὸ
3389 3523 3490 3594 μὲν
3532 3521 3734 3592 χρῶμα

2149 3623 2392 3693 ἀτρέμας
2439 3621 2748 3694 ὑπέρυθρον
2781 3621 2878 3675 καὶ
2928 3619 3206 3690 ὑπόπαχυ,
3238 3617 3354 3682 ὀξει
3401 3615 3460 3670 δὲ
3511 3616 3736 3668 πάντων

2154 3706 2244 3780 [95
2273 3708 2361 3781 ll.]
2394 3709 2613 3780 ἥδιστον
2635 3727 2649 3740 θ
2680 3710 2824 3776 ὄζειν
2847 3709 2906 3762 δέ
2940 3726 3109 3780 φασιν
3150 3707 3286 3761 αὐτὸ
3317 3707 3412 3761 καὶ
3450 3707 3545 3760 ἐπὶ
3567 3705 3736 3758 πέντε

2152 3797 2422 3862 σταδίους.
2449 3799 2613 3870 Μόνῳ
2638 3799 2695 3853 δὲ
2726 3798 2938 3869 βασιλεῖ
2959 3798 3158 3869 κτητόν
3176 3798 3292 3850 ἐστι
3311 3795 3470 3851 τοῦτο
3497 3795 3595 3850 καὶ
3621 3797 3736 3859 τοῖς

2152 3891 2474 3960 συγγενέσιν
2499 3891 2690 3948 αὑτοῦ.
2723 3892 2833 3946 Καὶ
2864 3891 3111 3963 ἔπεμψεν
3141 3891 3187 3927 ⁷⁵
3214 3892 3244 3944 ὁ
3270 3888 3445 3942 Ἰνδῶν
3471 3886 3552 3960 τῷ
3587 3888 3739 3958 Περ-

2153 3984 2264 4038 σῶν
2298 3982 2528 4054 βασιλεῖ,
2582 3984 2677 4039 καί
2712 4000 2877 4055 φησιν
2903 3984 2950 4016 ⁷⁸
2983 3985 3112 4037 ἰδεῖν
3157 3981 3293 4036 αὐτὸ
3334 3980 3604 4053 Κτησίας,
3642 3979 3739 4052 καὶ

2152 4077 2529 4148 ὀσφρανθῆναι
2559 4077 2734 4149 ὀσμῆς
2761 4076 3031 4142 οἵας-οὔτε
3048 4078 3225 4131 εἰπεῖν
3250 4073 3319 4148 ἦν
3343 4073 3469 4129 οὔτε
3489 4073 3740 4130 εἰκάσαι.

2224 4345 2347 4400 ’Ὀτι
2381 4344 2475 4397 τδν
2500 4341 2666 4412 τυρὸν
2691 4339 2788 4394 καὶ
2808 4339 2899 4392 τὸν
2929 4332 3072 4393 οἶνον
3105 4337 3325 4390 πάντων
3359 4334 3495 4406 φησὶ
3525 4334 3739 4404 γλυκύ-

2151 4454 2334 4501 τατον,
2365 4435 2442 4498 ὡς
2463 4434 2652 4499 αὐτὸς,
2676 4431 2834 4505 φησὶ,
2868 4428 3056 4500 φαγὼν
3085 4429 3173 4483 διὰ
3213 4428 3410 4499 πείρας
3435 4428 3666 4500 ἔμαθεν.

2226 4621 2350 4706 Ὅτι
2368 4619 2576 4688 κρήνην
2604 4617 2649 4648 ⁷⁷
2677 4617 2734 4669 ὲν
2750 4614 2932 4676 Ἰνδοῖς
2955 4628 3141 4684 φησιν,
3165 4611 3291 4665 ὅσον
3313 4608 3475 4664 πέντε
3497 4607 3743 4680 ὀργυιῶν

463 4732 691 4786 circiter
711 4729 961 4784 ulnarum
981 4726 1210 4781 ambitu.
1237 4723 1405 4793 Hujus
1430 4737 1568 4790 aqua
1592 4720 1667 4773 ita
1686 4717 1831 4771 intra
1853 4727 2038 4769 saxum

2154 4714 2190 4784 ὴ
2219 4700 2572 4783 περίμετρος,
2621 4708 2964 4780 τετράγωνος
2997 4705 3044 4737 ⁷⁸
3070 4705 3148 4759 δέ.
3181 4705 3340 4758 Ἔστι
3379 4702 3438 4757 δὲ
3481 4701 3547 4756 τὺ
3590 4700 3743 4773 ὕδωρ

466 4823 801 4887 continetur,
830 4830 890 4875 ut
921 4835 952 4873 a
997 4820 1151 4874 labro
1192 4818 1258 4870 ad
1311 4817 1482 4884 ipsam
1532 4813 1694 4866 trium
1731 4809 2038 4864 cubitorum

2153 4808 2212 4860 ἐν
2241 4805 2416 4876 πέτρᾳ
2441 4820 2454 4834 °
2488 4803 2652 4873 βάθος
2689 4803 2746 4856 δὲ
2795 4796 2936 4854 εἶναι
2988 4798 3154 4869 μέχρι
3196 4797 3290 4850 τοῦ
3325 4794 3519 4857 ὓδατος
3566 4793 3744 4865 τριῶν

466 4897 1059 4984 spatiutnintercedat,
1100 4926 1241 4980 aqua
1281 4925 1409 4962 vero
1437 4909 1550 4976 ipsa
1592 4906 1754 4959 trium
1791 4901 2038 4956 similiter

2155 4898 2368 4968 πηχῶν,
2397 4898 2458 4950 τὸ
2488 4897 2546 4950 δὲ
2583 4895 2707 4950 καθ’
2739 4894 2928 4955 ὓδατος
2968 4892 3140 4960 τριῶν
3182 4888 3442 4961 ὀργυιῶν.
3469 4887 3742 4942 Δούονται

465 5009 716 5063 ulnarum
760 5005 1102 5060 altitudinem
1142 5013 1342 5058 teneat.
1400 5000 1611 5054 Luvant
1652 4999 1706 5051 in
1753 5012 1816 5050 ea
1881 4997 2038 5063 (cum

2153 4989 2210 5042 δὲ
2235 4990 2296 5042 ὲν
2329 4986 2481 5058 αὐτῷ
2507 4987 2558 5040 οἱ
2610 4985 3007 5056 ἐπισημότατοι
3035 4983 3144 5036 τῶν
3173 4980 3373 5049 Ἰνδῶν,
3413 4982 3509 5035 καὶ
3542 4980 3742 5049 ἄνδρες

437 5129 459 5158 ¹
1745 5128 1975 5185 γΑΒιίΕ
2018 5127 2420 5185 LECTIONES.

3315 5264 3362 5296 ⁷⁸
3396 5260 3745 5332 ἐνδησάντων

533 5288 578 5322 ⁸⁷
625 5286 806 5341 malim
839 5283 920 5354 τῷ
963 5281 1127 5353 Ἰνδῷ.
1205 5281 1249 5312 ⁸⁸
1279 5278 1500 5348 πήχεων
1524 5293 1583 5338 ς’.
1661 5274 1704 5304 ⁸⁹
1740 5274 1834 5325 ἐάν
1860 5289 1966 5324 τινι
2002 5269 2198 5340 ἐντύχῃ
2232 5269 2278 5324 Α
2308 5288 2320 5324 :
2358 5269 2565 5324 τούτων
2598 5270 2658 5333 ὃς
2687 5269 2752 5324 ἂν
2783 5269 2944 5341 έντύχ
3014 5266 3121 5321 τινὶ
3150 5284 3210 5331 ς.
3315 5266 3362 5296 ⁷⁸
3396 5266 3743 5332 ὲνδησὰντων

533 5380 540 5394 ι
567 5358 850 5394 “arma...
882 5354 976 5394 me
1011 5370 1067 5394 τι.
1148 5352 1190 5383 τι
1215 5350 1344 5394 αὐτὸ
1378 5351 1439 5394 Α.
1515 5347 1560 5376 ⁷³
1589 5342 1638 5394 ὃ]
1678 5331 1720 5394 ὧ
1761 5343 1824 5394 Λ.
1915 5341 1960 5373 ⁷³
1992 5342 2334 5394 κυπάρισσος
2371 5359 2430 5394 ς.
2507 5341 2552 5373 ⁷⁸
2585 5340 2700 5394 οὓς]
2733 5355 2912 5394 nonne
2945 5286 3062 5394 ῐάςῖ
3092 5335 3397 5394 divad/avre;
3428 5350 3489 5394 ς.
3569 5331 3616 5362 ⁷⁵
3644 5329 3743 5384 καὶ

3644 5347 3717 5384 κα

3619 5411 3648 5436 .0

462 5359 540 5428 τῷ
567 5358 850 5446 ἀγκίσῖρῳ
875 5331 977 5446 ἔα),
1011 5335 1092 5446 ςῖς
1112 5331 1440 5446 ΩτιιεέὺκτδΠλ.
1515 5331 1560 5376 ’ίῖ
1589 5342 1663 5446 5L
1678 5331 1720 5410 ᾧ
1761 5343 1824 5395 Λ.
1915 5341 1960 5373 ⁷³
1992 5331 2334 5442 κυττξέίρῖσσος
2371 5359 2430 5406 ς’.
2463 5341 2552 5444 ⁷8⁷⁸
2585 5331 2701 5446 οὓς]
2733 5331 3062 5404 nonnemﬁq?
3092 5335 3397 5406 ἀνάψαντες
3428 5350 3489 5399 ς.

467 5431 490 5446 ιο
627 5429 638 5446 ι
660 5445 673 5446 γ
821 5444 830 5446 4
907 5441 1028 5446 __-_--
1065 5439 1085 5446 -
1141 5423 1163 5446 ι
1284 5417 1446 5446 ...ἱ-,κζ
1480 5433 1516 5446 .-
1699 5413 1864 5446 νηηηὶυ
1899 5429 1939 5446 ι-
2124 5413 2298 5446 anm-n
2324 5428 2363 5446 ρ
2533 5429 2662 5446 ρει-Λ
2703 5427 2875 5446 νιιιυηι·
2907 5425 2993 5446 nm
3051 5426 3089 5446 t-

464 5412 712 5500 έπεμῷεν
740 5412 786 5481 AZ
818 5412 835 5481 Ξ
871 5412 1087 5494 ἐπεμξβε
1109 5423 1164 5475 δὲ
1189 5423 1246 5487 ἐξ
1282 5417 1447 5473 αὑτοῦ
1478 5433 1538 5481 ς.
1619 5412 1663 5446 ⁷⁸
1699 5413 1864 5481 φασὶν
1899 5429 1959 5476 ς.
2056 5412 2098 5442 ⁷⁷
2124 5413 2302 5482 κρήνη
2323 5428 2385 5477 ς.
2463 5412 2508 5444 ⁷⁸
2533 5413 2875 5484 τετράγωνος
2907 5425 3016 5466 om.
3051 5426 3110 5474 ς.

1982 5527 2213 5588 NOTAE.

537 5665 652 5738 (53)
687 5666 813 5738 llwc
856 5669 999 5736 ipsa,
1038 5659 1340 5738 atqtte‘alia
1381 5658 1446 5711 de
1485 5655 1607 5738 hoc”
1623 5665 1807 5738 verme
1848 5650 2026 5722 plura,
2055 5649 2326 5719 excerpsit
2373 5663 2436 5704 ex
2471 5646 2651 5705 Ctesia
2688 5645 2888 5703 (Elian.
2939 5644 3036 5704 lib.
3075 5658 3129 5714 v,
3157 5656 3278 5713 cap.
3312 5640 3368 5710 5,
3406 5638 3483 5698 De
3513 5631 3742 5695 animal.

693 5737 836 5793 [dem
871 5725 936 5793 dc
967 5725 1030 5793 eo
1059 5725 1492 5790 et'l’hilostratus
1523 5725 1706 5780 rct‘crt.
