3942 6234
1097 428 1330 485 LXXl'l.

740 524 1019 579 Ileliodori
1056 523 1398 590 {Ethiopicon
1429 521 1549 573 libri
1581 537 1632 575 Χ.

462 615 719 687 Legimus
740 615 1011 669 lleliodori
1041 613 1374 683 ΑΞιΙιὶορὶσα.
1407 612 1555 684 Opus
1593 621 1678 666 est
1708 611 1973 667 dramati-

387 723 536 774 cum,
561 723 622 762 ea
664 707 869 775 phrasi,
915 720 1035 774 qua:
1065 715 1446 772 argumentum
1483 702 1852 772 conscriptum
1874 702 1974 756 de-

387 808 543 863 ceat;
571 796 738 851 multa
755 796 953 850 etenim
977 804 1062 850 est
1080 795 1130 848 in
1155 808 1220 847 eo
1241 794 1359 848 sine
1391 793 1734 848 affectatione
1764 793 1974 863 simpli-

389 889 531 942 citas
578 898 740 957 atque
762 885 1098 955 jucunditas.
1153 884 1454 939 Aﬂ‘ectibus
1494 895 1752 953 praeterea
1791 899 1972 938 rerum

395 981 599 1048 partim
622 980 991 1050 praesentium,
1023 980 1218 1047 partim
1255 987 1620 1048 speratarum,
1647 988 1739 1032 aut
1793 978 1974 1047 inspe-

389 1082 652 1136 ratarum,
687 1081 984 1139 temperata
1013 1071 1255 1124 narratio
1271 1078 1376 1136 est,
1402 1069 1579 1124 salute
1601 1083 1974 1140 sa'penumero

389 1173 585 1232 praeter
599 1163 908 1232 opinionem
933 1163 984 1215 in
1011 1162 1205 1216 mediis
1229 1162 1628 1217 calamitatibus
1645 1159 1974 1216 allata.Ver-

390 1255 456 1306 ha
494 1268 708 1324 quoque
733 1253 1058 1308 adhibentur
1087 1254 1468 1324 significantia,
1495 1265 1549 1308 et
1578 1269 1733 1324 pura,
1762 1270 1881 1324 quae
1927 1254 1973 1310 si

387 1344 682 1410 interdum,
707 1353 765 1397 ut
792 1360 891 1413 par
927 1353 1033 1410 est,
1074 1345 1129 1398 in
1167 1346 1394 1416 figuram
1421 1343 1802 1410 deﬂectantur,
1835 1360 1960 1415 per-

385 1435 571 1502 spicua
624 1445 802 1489 tamen
854 1448 1000 1500 sunt,
1053 1435 1443 1506 evidenterque
1483 1439 1814 1507 propositam
1857 1452 1971 1492 rem

384 1527 667 1582 exhibent.
728 1525 940 1581 Periodi
979 1529 1165 1589 etiam,
1227 1542 1327 1596 pro
1390 1529 1637 1593 'subjecta
1682 1543 1760 1595 re,
1810 1541 1972 1598 aptae,

385 1619 585 1689 quippe
607 1618 887 1688 aliquanto
919 1619 1199 1674 breviores
1259 1621 1779 1687 contractioresque.
1809 1619 1974 1676 Com-

386 1711 590 1778 positio
617 1711 876 1780 denique,
916 1719 974 1763 ut
1014 1720 1213 1764 caetera
1261 1711 1468 1776 omnia,
1517 1711 1819 1765 narrationi
1868 1711 1970 1780 ipsi

1545 315 1805 378 I’HOTII
1843 314 2352 377 PATRIARCIL’E
2379 315 2490 376 ΕΡ.

3543 307 3654 375 2ῒὲ

2784 422 2904 479 Ol".

2487 515 2832 586 Ηλιοδώρου
2892 514 3257 570 Αίθιοπικόν.

2155 610 2498 682 Ἀνεγνὼσθη
2541 609 2862 680 Ἡλιοδώρου
2891 608 3238 664 Almonide
3270 605 3336 660 ".
3387 606 3546 660 Ἐστι
3595 605 3656 660 δὴ

2073 703 2133 756 τὸ
2168 705 2452 774 σύνταγμα
2501 701 2858 772 δραματικὸν.
2891 699 3089 769 φράσει
3140 699 3196 751 δὲ
3239 697 3529 770 πρεπούσῃ
3579 701 3651 767 τῇ

2076 796 2330 849 ὑποθέσει
2362 794 2627 864 κέχρηται
2647 807 2662 823 ⁶
2693 793 2790 845 καὶ
2830 790 2939 860 γὰρ
2972 789 3203 861 ἀφελείᾳ
3231 790 3325 842 καὶ
3353 788 3656 858 γλυκύτητι

2075 888 2169 961 [94
2206 887 2297 959 IL]
2331 885 2639 948 πλεονάζει.
2681 884 2792 937 Καὶ
2822 883 3018 937 πάθεσι
3053 883 3110 936 δὲ
3155 883 3222 936 τά
3260 882 3360 952 μὲν
3394 881 3655 954 παροῦσι,

2072 981 2144 1033 τὰ
2171 981 2227 1034 δὲ
2257 979 2654 1048 ὲλπιζομένοις,
2687 977 2756 1031 τὰ
2781 977 2837 1029 δὲ
2879 976 2970 1028 καὶ
2997 975 3042 1008 ⁸⁸
3066 975 3408 1038 ἀνελπίστοις
3441 975 3660 1028 διαποι-

2074 1074 2316 1128 κίλλεται
2358 1074 2390 1142 ἡ
2432 1071 2705 1142 διήγησις,
2754 1069 2852 1123 καὶ
2887 1067 3212 1138 παραδόξοις
3253 1067 3317 1120 ἐκ
3345 1067 3392 1099 ’⁸
3439 1083 3656 1136 συμφο-

2080 1166 2187 1236 ρῶν
2225 1163 2543 1234 σωτηρίαις,
2585 1160 2766 1229 λέξεσί
2806 1177 2866 1212 τε
2913 1160 3178 1230 εὐσήμοις
3223 1161 3318 1212 καὶ
3359 1158 3654 1228 καθαραῖς.

2075 1258 2186 1313 Καὶ
2213 1257 2268 1310 εῐ
2296 1274 2423 1318 που,
2452 1256 2526 1318 ὡς
2551 1255 2717 1318 εἰκὸς,
2752 1254 2847 1306 καὶ
2885 1255 3007 1314 ταῖς
3058 1254 3136 1313 εἰς
3172 1249 3380 1322 τροπὴν
3433 1248 3654 1302 κλινού-

2077 1367 2197 1410 σαις
2211 1347 2606 1417 ἀποχρήσαιτο,
2642 1343 2949 1414 εὔσημοίτέ
2975 1343 3081 1395 εἰσι
3113 1341 3208 1395 καὶ
3236 1339 3482 1410 ἐναργῶς
3507 1355 3656 1409 παρ-

2079 1440 2304 1492 ιστῶσαι
2347 1438 2409 1492 τὸ
2455 1437 2859 1508 προκείμενονώ
2906 1435 3150 1504 Περίοδοι
3191 1432 3497 1503 σύμμετροι
3559 1431 3658 1484 καὶ

2078 1534 2216 1605 πρὸς
2240 1534 2288 1565 ’⁸
2315 1532 2378 1585 τὸ
2406 1532 2742 1604 βραχύτερον
2767 1523 2856 1582 οἷα
2887 1527 2950 1600 δὴ
2986 1526 3413 1595 συστελλόμεναι
3445 1525 3506 1576 ⁸⁷.
3542 1523 3658 1578 Καὶ

2073 1630 2106 1698 ἡ
2141 1627 2384 1697 συνθήκη
2429 1626 2486 1679 δὲ
2516 1625 2611 1678 καὶ
2644 1623 2812 1677 τᾶλλα
2834 1621 2910 1692 τῷ
2955 1621 3099 1692 λόγῳ
3135 1620 3396 1682 ἀνάλογα.
3430 1619 3657 1685 Ἔρωτα

2081 1719 2181 1790 μὲν
2214 1719 2408 1788 ἀνδρὸς
2457 1718 2672 1785 ὑφαίνει
2719 1715 2816 1768 καὶ
2863 1713 3144 1782 γυναικὸς.
3198 1710 3558 1783 σωφροσύνης
3594 1708 3656 1762 δὲ

386 1806 944 1874 accommodata,qua
977 1805 1078 1857 viri
1107 1805 1326 1873 quidem
1381 1804 1704 1874 feminaeque
1742 1805 1972 1860 refertur

2079 1813 2317 1866 δείκνυσι
2347 1809 2512 1863 πόθον
2542 1809 2637 1861 καὶ
2667 1805 2914 1878 φυλακὴν
2944 1805 3170 1876 ἀκριϐῆ.

387 1911 563 1960 amor,
601 1895 694 1950 sed
719 1897 808 1965 qui
831 1897 1106 1950 castitatis
1135 1896 1390 1966 prteferat
1414 1897 1766 1964 desiderium,
1793 1907 1970 1954 custo-

386 1987 641 2057 diamque
665 1999 1001 2044 accuratam.

403 2122 423 2132 -
459 2079 738 2136 Dramatis
795 2081 955 2148 hujus
1015 2091 1396 2152 argumentum
1437 2082 1643 2137 auctori
1691 2085 1973 2152 prazhuere

359 2164 715 2242 'Thcagenes
775 2173 1155 2238 etChariclea,
1197 2187 1348 2230 ca5te
1399 2176 1540 2229 inter
1567 2190 1628 2229 se
1685 2191 1751 2230 ac
1778 2177 1972 2244 pudice

387 2275 654 2329 amantes,
692 2279 814 2318 cum
853 2264 997 2319 ultro
1059 2265 1308 2336 citroque
1366 2267 1553 2334 jactati
1605 2277 1879 2333 errarunt,
1918 2275 1973 2320 et

386 2357 532 2425 capti
583 2357 751 2414 etiam
817 2357 1134 2424 identidem,
1188 2359 1348 2414 fidem
1408 2369 1588 2413 tamen
1638 2360 1971 2428 coniugalem

387 2459 709 2504 constanter
730 2459 1039 2505 servarunt.
1069 2449 1211 2522 Ergo
1237 2452 1456 2506 nomina
1486 2453 1677 2506 horum
1697 2452 1974 2506 adducun-

390 2553 498 2606 tur,
529 2551 586 2596 et
635 2544 947 2596 summatim
1005 2544 1266 2612 quidquid
1294 2543 1438 2612 passi
1481 2554 1605 2596 sunt
1657 2553 1968 2613 cgeruntve.

387 2630 800 2685 Atheniensium
827 2630 1000 2687 festus
1037 2632 1178 2698 dies,
1203 2647 1333 2702 quo,
1360 2632 1643 2687 Cltariclea
1667 2633 1970 2698 sacerdote,

387 2721 707 2794 Theagenes
737 2739 902 2779 cursu
933 2733 1132 2780 certat.
1177 2728 1258 2778 Ah
1285 2725 1461 2779 oculis
1502 2736 1629 2780 tunc
1656 2735 1814 2779 natus
1834 2724 1972 2777 invi-

389 2829 508 2866 cem
530 2828 687 2869 amor
723 2826 986 2884 ortusque
1008 2830 1072 2868 ex
1107 2829 1173 2868 eo
1194 2815 1415 2870 morbus
1439 2814 1494 2868 in
1525 2815 1828 2880 Chariclea,
1853 2829 1974 2883 quae

387 2916 566 2974 rapta,
592 2921 696 2959 non
739 2909 933 2972 invita,
959 2923 990 2961 e
1019 2911 1180 2962 domo
1209 2907 1500 2974 Chariclis,
1520 2909 1611 2976 qui
1653 2923 1852 2976 parens
1880 2909 1974 2962 ha-

390 2997 642 3050 bebatur.
668 2997 876 3066 Raptor
907 3012 1057 3061 vero,
1081 3013 1246 3066 opera
1269 2998 1610 3063 Calasiridis,
1630 2999 1970 3068 'l‘heagenes.

2139 2087 2255 2142 Καὶ
2283 2086 2434 2140 ἔστιν
2473 2082 2685 2154 αύτῷἠ
2727 2081 2820 2134 τοῦ
2855 2079 3132 2150 δράματος
3178 2076 3432 2139 ὑπόθεσις
3475 2073 3654 2146 Χαρίο

2073 2183 2230 2236 κλεια
2263 2182 2357 2234 καὶ
2411 2179 2715 2247 Θεαγένης,
2771 2178 3050 2245 σώφρονες
3105 2173 3352 2244 ἀλλήλων
3398 2172 3650 2242 ἐρασταὶ,

2073 2277 2166 2330 καὶ
2198 2276 2372 2344 πλάνη
2425 2271 2629 2325 τούτων
2674 2269 2766 2322 καὶ
2811 2265 3162 2336 αἱχμαλωσία
3207 2262 3524 2334 παντοδαπὴ
3557 2261 3654 2314 καὶ

2073 2363 2289 2436 φυλακὴ
2315 2364 2413 2432 τῆς
2444 2358 2819 2430 σωφροσύνης.
2848 2354 2931 2407 Τὰ
2954 2353 3011 2407 δὲ
3033 2352 3384 2424 ὲμφερόμενα
3412 2351 3655 2419 ὀνόματα

2072 2455 2168 2509 καὶ
2201 2454 2276 2516 ὡς
2306 2455 2365 2504 ὲν
2399 2449 2683 2520 κεφαλαίῳ
2717 2447 2787 2500 τὰ
2813 2445 2961 2516 πάθη
2993 2445 3089 2498 καὶ
3123 2445 3180 2498 αἱ
3209 2442 3461 2514 πράξεις,
3488 2439 3655 2511 ἑορτὴ

2085 2545 2386 2617 Ἀθηναίων
2417 2545 2511 2598 καὶ
2535 2542 2839 2614 Χαρίκλεια
2861 2537 3218 2610 ίερατεύουσα
3244 2535 3341 2591 καὶ
3373 2533 3657 2601 Θεαγένης

2075 2641 2478 2712 σταδιοδρόμος,
2537 2639 2631 2693 καὶ
2684 2635 2821 2708 πρὸς
2875 2633 3142 2704 ἀλλήλους
3196 2631 3338 2700 ἔρως
3392 2627 3504 2682 ἀπὸ
3554 2627 3656 2697 τῆς

2073 2738 2268 2807 ὅψεως,
2303 2734 2399 2788 καὶ
2449 2733 2601 2795 νόσος
2632 2727 2962 2800 Χαρικλείας
2995 2725 3104 2779 ἀπὸ
3145 2722 3240 2778 τοῦ
3291 2722 3512 2794 ἔρωτος,
3561 2719 3657 2774 καὶ

2074 2824 2298 2894 ἁρπαγὴ
2322 2821 2529 2891 ταύτης
2567 2819 2802 2889 ἑκούσης
2835 2817 2942 2871 ἀπὸ
2984 2814 3345 2884 Χαρικλέους,
3373 2813 3430 2875 ὃς
3467 2810 3656 2880 ἐνομί-

2075 2919 2198 2983 ζετο
2224 2917 2361 2987 αὐτῇ
2395 2917 2576 2985 πατὴρ
2604 2915 2651 2947 ⁸⁸
2676 2930 2692 2944 ·
2722 2911 2997 2979 Θεαγένης
3029 2908 3074 2962 δ’
3104 2903 3173 2981 ἦν
3201 2908 3229 2960 ό
3261 2902 3527 2978 ἡρπακὼς
3563 2903 3656 2959 διά

2077 2997 2459 3077 Καλασίριδος.
2505 3004 2810 3066 Ἀπόπλους
2845 3002 2940 3056 καὶ
2976 2999 3288 3062 κατάπλους
3327 2998 3419 3051 ἐπὶ
3448 2997 3663 3051 Ζάκυν-

384 3089 742 3159 Ahnavigatio
760 3093 1177 3160 atqueappulsio
1201 3091 1253 3145 itt
1278 3089 1638 3162 Zacynthum.
1663 3090 1972 3147 Navarcltus

2082 3105 2195 3167 θον,
2226 3103 2320 3156 καὶ
2365 3101 2504 3173 ἔρως
2541 3097 2636 3152 τοῦ
2668 3095 2944 3167 ναυάρχου
2994 3093 3131 3163 πρὸς
3173 3089 3660 3190 Χαρίκλειαν,·καὶ

385 3184 646 3239 Cariclea!
697 3201 884 3242 amore
939 3187 1184 3256 capitur,
1220 3196 1274 3240 et
1311 3187 1436 3239 ficta
1496 3187 1784 3254 promissio
1828 3185 1970 3240 facta

387 3294 417 3329 ιι
438 3277 786 3332 (.halasiride
810 3278 1070 3348 conjugii.
1107 3276 1165 3332 ln
1203 3277 1390 3332 littore
1423 3277 1706 3332 Chariclea
1738 3278 1972 3348 hospitio

387 3381 634 3439 accepta,
657 3380 712 3425 et
734 3370 992 3424 indicium
1018 3369 1221 3424 factum
1254 3386 1282 3424 a
1309 3369 1711 3440 piscatore,qui
1747 3383 1972 3440 recepe-

388 3468 508 3526 rat,
546 3457 883 3513 Trachiuum
936 3461 1266 3529 quemdam,
1303 3459 1572 3515 latronum
1620 3459 1970 3529 prazfectutn,

385 3552 617 3624 virginis
655 3562 871 3621 raptum
924 3552 1196 3607 meditari.
1239 3552 1375 3608 lline
1409 3551 1726 3607 Calasiridis
1765 3551 1887 3621 fuga
1917 3562 1974 3607 et

385 3644 682 3700 Chariclea:
753 3661 769 3700 :
833 3659 972 3714 quos
1054 3642 1361 3699 Trachinius
1438 3643 1736 3699 insectatus
1767 3682 1783 3709 ,
1871 3659 1970 3698 na-

389 3754 511 3793 vem
553 3738 717 3807 capit,
763 3750 1066 3808 captusque
1103 3751 1291 3790 amore
1333 3747 1437 3801 est,
1467 3743 1522 3792 et
1561 3736 1841 3790 Chariclen
1869 3752 1971 3790 uu-

390 3831 531 3900 ptias
610 3829 748 3884 velle
829 3829 1001 3899 fingit.
1086 3827 1466 3898 Expnstulatio
1545 3827 1850 3897 Theagenis
1914 3837 1975 3882 ut

387 3923 594 3988 fratris,
662 3921 984 3977 Calasiridis
1045 3936 1174 3974 vero
1230 3930 1289 3975 ut
1344 3922 1608 3988 parentis,
1638 3921 1726 3988 qui
1767 3930 1824 3974 ct
1853 3921 1971 3976 voti

391 4025 678 4084 compotes
745 4016 962 4069 redditi.
1005 4013 1166 4067 Maris
1197 4013 1321 4067 hinc
1349 4021 1672 4080 tempestate
1714 4014 1970 4081 suborta},

387 4117 444 4162 et
471 4106 816 4176 naufragium
849 4108 1023 4160 vitant
1053 4105 1198 4174 50b
1223 4143 1239 4170 ,
1267 4116 1324 4159 et
1373 4107 1440 4158 ad
1487 4105 1776 4174 quamdam
1805 4105 1975 4178 Egy-

390 4201 467 4270 pti
497 4215 648 4254 oram
705 4213 896 4252 navem
932 4198 1227 4267 appellunt.
1249 4195 1548 4250 Chariclen:
1601 4197 1912 4266 nuptiarum
1943 4215 1972 4252 a

389 4293 666 4346 'l‘rachino
692 4290 836 4343 facta
857 4290 1086 4350 mentio,
1118 4299 1173 4342 et
1219 4286 1539 4342 Calasiridis
1578 4287 1686 4342 ficti
1734 4289 1975 4357 parentis

389 4383 656 4452 promissa
693 4393 856 4449 atque
909 4380 1181 4449 deceptio,
1235 4379 1463 4447 nuptiali
1509 4380 1667 4450 epulo
1706 4381 1971 4434 instituto.

2079 3193 2437 3263 πεπλασμένη
2491 3187 2644 3258 παρὰ
2673 3188 2721 3220 θ’
2753 3183 3117 3251 Καλασίριδος
3161 3180 3257 3234 τοῦ
3296 3181 3476 3250 γάμου
3519 3179 3665 3232 ὑπό-

2076 3305 2284 3359 σχεσις,
2318 3285 2411 3338 καὶ
2457 3282 2753 3342 κατάλυσις
2797 3279 2948 3350 παρά
2983 3276 3073 3330 τὸν
3104 3274 3350 3343 αἰγιαλὸν
3390 3273 3504 3326 τῶν
3527 3271 3661 3343 περὶ

2072 3377 2428 3448 Χαρίκλειαν,
2471 3372 2568 3426 καὶ
2620 3372 2852 3442 μήνυσις
2903 3367 3056 3438 παρά
3109 3366 3205 3420 τοῦ
3255 3363 3661 3434 ὑποδεξαμένου

2074 3471 2268 3533 ἁλιέως
2297 3470 2378 3522 ὅτι
2400 3465 2667 3537 Τραχινὸς
2687 3465 2716 3517 ό
2743 3463 3050 3536 λῄσταρχος
3075 3460 3335 3533 ἁρπαγὴν
3357 3458 3458 3529 τῆς
3486 3457 3662 3529 κόρης

2076 3561 2411 3636 βουλεύεται,
2447 3561 2542 3614 καὶ
2573 3558 2851 3620 ἀπόπλους
2878 3556 2968 3610 διὰ
2994 3553 3155 3608 τοῦτο
3179 3551 3538 3621 Καλασίριδος
3559 3551 3664 3605 καὶ

2072 3658 2181 3711 τῶν
2206 3657 2336 3726 περὶ
2375 3652 2730 3725 Χαρίκλειαν,
2765 3648 2894 3723 [160
2935 3647 3028 3720 IL]
3063 3647 3160 3701 καὶ
3202 3644 3477 3708 ἐπιδίωξις
3509 3644 3664 3716 Τρα-

2073 3750 2247 3822 χινοῦ,
2278 3747 2375 3803 καὶ
2404 3744 2711 3816 κατάληψις
2739 3743 2840 3814 τῆς
2867 3740 3023 3806 νεὼς,
3053 3741 3149 3795 καὶ
3187 3739 3328 3811 ἔρως
3359 3737 3660 3809 Τραχινοῦ,

2073 3841 2168 3896 καὶ
2222 3838 2513 3909 ὑπόκρισις
2563 3839 2642 3901 είς
2691 3834 3091 3904 συγκατάθεσιν
3140 3831 3511 3903 Χαρικλείας,
3560 3829 3663 3883 καὶ

2074 3932 2352 4000 ἐξαίτησις
2378 3929 2685 3998 Θεαγένους
2714 3929 2790 3991 ὡς
2813 3925 3070 3996 ἀδελφοῦ,
3109 3925 3185 3988 ὡς
3212 3923 3271 3978 δὲ
3299 3923 3508 3994 πατρὸς
3539 3923 3663 3975 Κα-

2073 4024 2373 4096 λασίριδος,
2405 4023 2499 4076 καὶ
2544 4021 2894 4090 ὲκπλήρωσις
2923 4019 3021 4087 τῆς
3064 4018 3356 4088 αἰτήσεως,
3399 4016 3495 4069 καὶ
3534 4033 3663 4087 τρι-

2077 4115 2252 4185 κυμία
2281 4112 2582 4181 θαλάσσης,
2618 4110 2712 4164 καὶ
2733 4109 2973 4181 διαφυγὴ
3019 4108 3318 4176 ναυαγίων,
3349 4106 3444 4160 καὶ
3481 4122 3663 4174 προσ-

2075 4207 2312 4277 όρμησις
2371 4204 2563 4276 μέρεσί
2602 4220 2715 4256 τισι
2774 4201 2878 4272 τῆς
2908 4201 3211 4269 Αἰγύπτου,
3244 4200 3339 4252 καὶ
3391 4197 3666 4269 Τραχινδς

2075 4298 2171 4351 τοῦ
2196 4297 2379 4367 γάμου
2410 4295 2745 4370 Χαρικλείας
2787 4293 3254 4365 μιμνησκόμενος,
3289 4292 3383 4344 καὶ
3413 4289 3665 4343 Καλάσι-

2080 4405 2166 4459 ρις
2197 4389 2224 4439 ὁ
2257 4386 2420 4456 δῆθεν
2467 4385 2651 4459 πατὴρ
2695 4383 3147 4455 ὑπισχνούμενος,
3186 4383 3290 4436 ’καὶ
3327 4381 3531 4450 ἀπάτη.
3564 4379 3667 4433 καὶ

387 4477 601 4532 Peioris
633 4490 810 4539 amor,
865 4474 1132 4526 incitante
1195 4471 1520 4536 Calasiride,
1583 4481 1638 4526 et
1692 4473 1971 4526 contentio

2079 4479 2348 4549 γαμήλιος
2393 4478 2619 4549 εὐωχία,
2671 4477 2768 4531 καὶ
2800 4476 3052 4547 Πέλωρος
3094 4477 3231 4546 ἔρως
3277 4474 3610 4545 Καλασίριος
3644 4472 3663 4504 ¹

387 4567 643 4624 Trachini
686 4577 742 4620 et
791 4563 1001 4617 Peloris
1041 4578 1204 4632 super
1231 4561 1538 4618 Chariclea.
1586 4562 1808 4633 Strages
1848 4563 1976 4618 hinc

387 4665 609 4716 tandem
641 4666 790 4724 nata,
824 4668 1118 4727 mutuaque
1152 4657 1428 4711 latronum
1461 4658 1785 4721 internecio,
1810 4672 1973 4726 qttam

390 4753 504 4818 ipsa
540 4765 757 4818 quoque
775 4748 1062 4802 Cltariclea
1093 4747 1374 4800 mittendis
1397 4747 1448 4799 in
1507 4747 1629 4802 illos
1663 4747 1786 4801 telis
1839 4747 1972 4801 ntul-

389 4855 503 4897 tum
553 4843 840 4911 promovit.
885 4841 1084 4895 Luctus
1135 4839 1433 4894 Charicles:
1489 4853 1653 4910 super
1690 4838 1978 4910 Theagene

392 4935 719 4992 vulneribus
765 4945 963 4988 strato.
1001 4933 1246 4986 Aliorum
1273 4931 1470 4986 iterum
1495 4929 1768 4985 latronum
1797 4931 1976 4984 incur-

2079 4565 2534 4636 παροτρύνοντος,
2567 4567 2662 4619 καὶ
2685 4565 2801 4636 ἔρις
2828 4563 3101 4636 Τραχινού
3136 4565 3231 4618 καὶ
3258 4565 3506 4634 Πέλωρος
3532 4580 3600 4615 πε
3612 4565 3670 4634 pi.

2078 4658 2434 4729 Χαρικλείας,
2461 4659 2556 4712 καὶ
2584 4657 2736 4722 τέλος
2782 4658 2965 4728 σφαγὴ
2999 4659 3094 4712 καὶ
3130 4657 3377 4711 ἀπώλεια
3407 4655 3540 4728 παρ’
3565 4655 3669 4708 άλ-

2078 4750 2257 4822 λήλων
2293 4750 2406 4804 τῶν
2433 4751 2648 4823 λῃστῶν
2681 4746 3050 4822 συνεργούσης
3086 4751 3180 4804 καὶ
3228 4747 3562 4819 Χαρικλείας
3592 4749 3667 4819 τῇ

2079 4844 2304 4898 ἐκείνων
2346 4845 2595 4916 ἀπωλείᾳ.
2627 4847 2739 4908 τοῖς
2767 4842 3086 4916 τοξεύμασι,
3129 4843 3226 4897 καὶ
3253 4841 3454 4912 θρῆνος
3483 4841 3667 4911 Χαρι-

2083 4934 2270 4998 κλείας
2308 4938 2403 4990 ἐπὶ
2427 4937 2705 5008 Θεαγένην
2737 4937 2759 4968 ¹
2791 4935 3072 5008 τραύμασι
3121 4934 3395 5004 κείμενον.
3430 4931 3664 5006 Λῃστῶν

1653 5085 1662 5096 .
1706 5043 1947 5102 VARUE
1985 5046 2391 5107 LECTIONES.

386 5167 476 5230 τὸς
509 5166 602 5219 τδν
628 5163 872 5238 τοιοῦτον
901 5164 1120 5238 Κνίδιον
1152 5164 1497 5238 συγγραφέα,
1530 5164 1647 5238 ἀλλῗ
1679 5162 1739 5228 ἐξ
1767 5159 1848 5238 ῶν
1885 5166 2337 5238 ἀπισχυρίςονται
2374 5168 2425 5221 οἱ
2460 5167 2614 5238 παρὰ
2647 5169 2759 5232 τοῖς
2785 5167 3271 5238 ἀνατολικωτεροις
3305 5179 3530 5238 μερεσιν
3552 5163 3667 5238 λέμ-

387 5237 860 5310 φιλοχωρήσαντες
889 5237 1158 5310 Δἡμέτεροι
1197 5233 1500 5310 ἑωρακέναι
1525 5237 1664 5310 ,καλ
1697 5233 1793 5310 τοῦ
1829 5233 2138 5310 νεκροῦδὲΔ
2163 5236 2440 5310 σωματος,
2474 5238 2504 5292 ὃ
2536 5233 2597 5292 ὀύ
2639 5239 2747 5310 πρὸ
2780 5238 2977 5310 πολλυῦ
3022 5233 3211 5310 Ἰταλοί
3241 5233 3390 5310 τινες
3412 5233 3665 5310 διεκόμι-

391 5303 491 5359 σαν
512 5303 782 5378 ἐνταυθοῖ,
813 5303 1146 5374 ἀνθέλκομαι
1171 5306 1501 5378 φάναιλίσως
1528 5303 1813 5378 ἀληθεύειν
1836 5303 2036 5378 αὐτόν.
2093 5305 2141 5341 ’³
2165 5303 2450 5362 αιθιοπικά
2472 5327 2512 5376 ς
2535 5326 2550 5363 :
2588 5310 2660 5364 cf.
2684 5303 2810 5364 cod.
2842 5308 2932 5364 94.
2961 5307 3275 5378 Ἰαμδλίχου
3299 5303 3661 5378 δραματικόν.

385 5378 434 5408 ’⁸
463 5377 558 5429 καὶ
589 5389 714 5430 ante
740 5377 883 5429 ὲλπι.
924 5378 1096 5446 ponit.
1127 5392 1186 5439 ς.

386 5451 553 5514 Ηεαγ.
593 5463 655 5512 ς.
728 5447 774 5480 ⁸³
810 5445 961 5530 παρα
992 5445 1038 5499 Α
1067 5463 1080 5499 :
1112 5445 1243 5515 περὶ
1283 5461 1345 5508 ς.

1265 5376 1321 5475 ’1
1344 5374 1439 5475 έκι
1457 5375 2220 5475 δὲἔξ,ῖ;,.;1-τξρδς.ίξ.ξ..ξὲξ
2246 5395 2312 5475 3:

2391 5379 2436 5413 ⁸⁷
2467 5380 2890 5449 συστελλόμεναι
2924 5377 3055 5435 add.
3089 5377 3185 5433 Δ.
3229 5378 3276 5411 ’⁸
3319 5377 3528 5449 πατήρ.
3567 5377 3664 5430 καὶ

1475 5445 1840 5516 Καλασίριδος
1867 5445 1917 5510 ς.
1991 5451 2010 5480 ¹
2035 5449 2222 5504 malim
2246 5449 2507 5520 Θεαγένει
2526 5478 2596 5492 —-
2614 5445 2875 5522 κειμένῳ.

1933 5547 2178 5618 NOTAE:

420 5747 434 5760 .
452 5676 873 5760 558‘)_Contt'a_
901 5678 1066 5732 refert
1095 5675 1320 5734 LuCIatt.
1357 5675 1450 5733 lib.
1480 5691 1516 5743 ι,
1586 5672 1734 5735 Verte
1775 5677 1964 5736 histor.
2007 5681 2244 5738 thsiam
2269 5687 2332 5740 de
2357 5684 2501 5741 Indis
2525 5683 2818 5755 scripsisse
2853 5682 2891 5739 ἂ
2914 5683 3050 5755 μήτε
3087 5679 3250 5744 αὖτδς
3319 5675 3449 5746 εῖδει
3520 5677 3666 5752 μήτε

385 5748 546 5803 ἄλλου
573 5749 818 5812 εἰπόντος
848 5748 1070 5817 ἠκουσε.
