3942 6234
490 333 606 399 ’2⁸35
1659 321 1922 384 ΡΗΟΤΙΙ
1954 324 2047 382 ΡΑ

2210 315 2465 377 \RCHIE
2500 310 2606 376 (ΣΡ.
3665 309 3767 369 230

501 447 857 515 ιιιτιοιιίνεὶιιιο.
891 443 1137 497 Fratrem
1191 441 1277 495 hic
1346 440 1531 504 itaque
1589 447 1800 505 tergum
1850 446 2058 488 vertere

2214 429 2406 497 Napi;
2428 427 2487 480 δὲ
2514 425 2759 494 ἐγεγόνει
2808 425 3230 495 ἐμπειρότατος.
3256 423 3349 477 Διὸ
3377 423 3475 476 xal
3505 424 3771 492 τρέπεται

502 536 842 606 abiectisque
901 534 1070 586 armis
1119 545 1183 584 se
1233 528 1515 598 proripere
1564 528 1727 596 cogit.
1774 524 2059 578 lnsectattn

2217 521 2268 572 δν
2303 519 2551 588 ἀδελφόν.
2593 519 2654 570 Ὃ
2678 517 2735 569 δὲ
2765 517 2944 570 πάντα
2976 516 3137 587 ῥίψας
3173 515 3397 584 φεύγει,
3422 515 3517 567 καὶ
3561 516 3774 567 ἐπιδιώ-

501 629 784 700 Tbyamis,
807 637 860 682 et
892 627 1078 680 urbem
1099 623 1296 690 saepius
1328 636 1490 674 cursu
1517 621 1780 673 ambiunt.
1808 615 2058 687 Thyamii

2220 631 2268 666 ει
2294 613 2530 683 Θύαμις,
2564 613 2656 663 καὶ
2677 609 2973 664 κυκλοῦται
3014 609 3276 673 πολλάκις
3305 611 3336 678 ἠ
3364 607 3524 671 πόλις
3542 608 3654 661 ὑπὸ
3683 608 3772 660 τοῦ

501 723 819 790 Theageues
841 718 1108 788 sequitur,
1148 729 1314 784 quem
1367 713 1545 765 visum
1599 711 1813 779 deperit
1853 711 2053 763 Arsace

2220 706 2406 775 ρόμου.
2441 704 2550 756 Καὶ
2604 703 2916 774 παρέπεται
2964 701 3242 771 Θεαγένης
3266 700 3528 769 Θυάμιδι,
3550 701 3651 752 καὶ
3675 701 3777 770 ὲρᾷ

507 814 802 870 Oroondati
839 810 1055 880 conjux.
1082 806 1490 876 Superveniunt
1515 803 1774 858 Calasiris
1803 811 1858 855 et
1881 801 2064 855 Chari'

2220 795 2369 848 οὗτον
2407 793 2591 847 ἰδοῦσα
2630 794 2875 862 Ἀρσάκη
2914 794 2947 862 ἡ
3003 791 3352 858 Ὀροονδάτου
3387 791 3430 823 ¹⁸
3461 795 3626 860 γυνή.
3667 791 3777 843 Kal

503 907 642 958 clea.
668 904 731 956 Et
755 903 846 955 ille
883 900 1099 971 quidem
1135 898 1338 952 liberos
1364 895 1585 962 cognito
1612 895 1664 947 in
1703 903 1946 946 mutuam
1973 907 2060 946 etei

2221 883 2593 952 αταλαμϐάνει
2637 882 2942 952 Καλάσιρις
2996 883 3092 935 καὶ
3135 880 3457 950 Χαρίκλεια.
3481 880 3596 934 Καὶ
3620 881 3651 933 ό
3679 879 3776 949 μὲν

505 997 624 1050 dem
655 1010 815 1048 ruere
850 990 1195 1062 (Calasiridis
1221 988 1368 1042 enim
1400 987 1491 1040 lilii
1529 985 1788 1056 Thyamis
1828 999 1891 1039 ac
1921 984 2062 1038 Peto-

2221 976 2310 1031 ἰὼν
2344 979 2470 1038 τοὺς
2520 974 2721 1038 παῖδας
2767 974 2888 1028 κατ’
2928 974 3178 1044 ἀλλήλων
3231 975 3510 1044 φονῶντας
3561 973 3778 1042 (παῖδες

502 1090 631 1144 siris
659 1086 838 1155 erant)
865 1084 1132 1148 accurrit,
1157 1091 1213 1136 et
1255 1081 1495 1135 clamore
1518 1079 1754 1141 sublato,
1784 1092 1928 1147 aegre
1980 1092 2056 1130 cae

2218 1068 2294 1138 ἄρ
2319 1066 2652 1138 Καλασίριδι
2686 1065 2902 1137 Θύαμις
2929 1066 3024 1120 καὶ
3063 1065 3378 1137 Πετόσιρις)
3419 1065 3775 1135 προστρέχει,

504 1183 624 1235 dem
653 1180 910 1242 inhibuit,
934 1178 1077 1247 quod
1115 1177 1200 1229 vix
1224 1182 1502 1244 parentem
1527 1170 1682 1224 liberi
1701 1178 2059 1240 agnoscerent

2223 1162 2411 1230 ναϐοᾷ,
2448 1161 2603 1230 μόλις
2629 1159 2832 1228 ἐπέσχε
2866 1159 2958 1213 τὸν
2985 1157 3217 1212 θάνατον
3250 1158 3403 1227 μόλις
3435 1159 3545 1209 τῶν
3566 1157 3780 1210 παίδων

504 1270 787 1325 Chariclea
817 1270 887 1322 ibi
913 1270 965 1322 in
987 1267 1332 1334 Theagenetn
1357 1262 1564 1324 incidit,
1589 1275 1653 1315 ac
1682 1260 1874 1329 positis
1891 1259 2061 1313 deindi

2224 1254 2346 1308 ὐτὸν
2380 1253 2774 1321 ὲπεγνωκότων
2797 1267 2812 1282 ⁶
2838 1251 2951 1322 ἠδὲ
2981 1251 3288 1322 Χαρίκλεια
3310 1248 3607 1302 ἐπιπίπτει
3641 1248 3781 1299 Θεα-

504 1365 695 1429 armis,
747 1363 1109 1419 sacerdotium
1163 1359 1425 1430 Tbyamis
1467 1358 1692 1426 adeptus
1726 1371 1756 1408 a
1782 1364 1935 1424 patre
1977 1361 2060 1406 est

2224 1348 2354 1400 ένει.
2407 1347 2518 1399 Kal
2580 1345 2674 1398 τοῦ
2727 1343 2967 1414 πολέμου
3051 1341 3407 1403 συσταλέντος
3471 1341 3512 1371 ¹⁹
3557 1339 3778 1408 δέχεται

501 1460 594 1528 qui
631 1473 756 1512 mox
784 1457 895 1509 vita
922 1453 1180 1508 decessit.

2223 1439 2398 1507 ιύαμις
2459 1439 2558 1507 τὴν
2601 1435 2906 1506 ἱερωσύνην
2960 1435 3111 1504 παρά
3153 1433 3198 1464 ²⁰
3227 1433 3455 1503 πατρὸς,
3511 1431 3682 1494 αὐτὸς
3722 1429 3780 1484 δὲ

2186 1529 2440 1600 τελευτᾷ.

570 1640 656 1694 ‘En
700 1641 894 1693 iterum
927 1636 1136 1690 insidiae
1176 1634 1405 1688 Arsaces
1441 1631 1494 1685 in
1533 1630 1876 1696 Theagenem
1906 1623 2087 1678 adole-

2262 1620 2431 1690 ’Ἀλλη
2457 1619 2620 1673 πάλιν
2651 1617 2911 1686 ἐπιϐουλὴ
2948 1615 3225 1688 Ἀρσάκης
3248 1615 3388 1669 κατὰ
3407 1614 3515 1667 τῶν
3545 1614 3779 1668 νεανιῶν

507 1745 773 1797 scentem,
819 1740 870 1784 et
928 1728 1293 1783 Charieleam.
1347 1724 1575 1794 Cybeles
1622 1734 1836 1790 quoque
1878 1716 2064 1770 ancilla

2223 1715 2492 1780 ὶεαγένους
2521 1712 2614 1766 καὶ
2647 1710 3006 1782 Χαρικλείας,
3048 1711 3147 1764 καὶ
3199 1709 3450 1779 Κυϐέλης
3487 1713 3589 1779 τῆς
3616 1708 3780 1778 θερα-

497 1834 814 1895 ·ρι·οιιιριιιηι
867 1823 931 1874 ad
984 1820 1162 1872 omnia
1204 1817 1556 1882 obsequium,
1601 1811 1818 1863 domum
1857 1805 2054 1859 Arsace

2221 1806 2442 1867 ιαινίδος
2469 1804 2641 1874 αὐτῆς
2669 1801 2950 1871 πρόθυμος
2991 1804 3072 1865 είς
3139 1802 3319 1855 πάντα
3361 1801 3658 1870 ὑπουργία,
3683 1800 3778 1852 καὶ

508 1933 602 1971 eos
650 1913 960 1975 evocantis,
1002 1911 1161 1976 hujus
1185 1921 1399 1975 quoque
1440 1917 1595 1957 amor
1641 1902 1692 1954 in
1745 1897 2065 1963 Theagenen

2224 1898 2525 1969 πρόσκλησις
2583 1896 2765 1950 αὐτῶν
2821 1896 2915 1948 ἐπὶ
2959 1895 3058 1964 τὴν
3118 1895 3298 1946 οἰκίαν
3341 1894 3641 1963 Ἀρσάκης,
3687 1894 3781 1944 καὶ

510 2007 854 2070 immodicus,
899 2003 1164 2057 machinis
1211 1998 1465 2053 omnibus
1510 1991 1763 2061 nequitia
1806 1984 2064 2042 adhibitis

2224 2007 2330 2058 ρως
2354 1989 2523 2058 αὐτῆς
2556 1988 2691 2059 πρὸς
2719 1987 2999 2054 Θεαγένην
3049 1986 3452 2054 ἀκατάσχετος,
3480 1986 3576 2036 καὶ
3605 2000 3781 2053 μηχα-

504 2102 720 2169 viisque
750 2097 992 2167 qumsilis
1029 2093 1173 2148 omni
1209 2091 1682 2145 delinimentornm
1715 2095 1931 2149 genere.
1956 2077 2056 2131 Pra

2223 2081 2280 2133 al
2313 2081 2484 2132 πᾶσαι
2521 2080 2616 2132 καὶ
2651 2077 2863 2147 μέθοδοι
2894 2074 3190 2129 κακώσεών
3223 2092 3283 2128 τε
3313 2076 3408 2128 καὶ
3438 2073 3777 2144 θεραπειῶν,

508 2207 633 2244 vmn
665 2192 766 2243 huc
793 2186 1002 2241 accedit
1029 2183 1316 2237 consilium
1351 2178 1598 2249 Cybeles,
1623 2189 1742 2244 qua:
1763 2179 2065 2225 venenatun

2222 2174 2286 2226 :al
2314 2169 2577 2241 ἐπιϐουλὴ
2602 2169 2696 2241 [96
2727 2166 2819 2239 Η.]
2884 2166 3136 2236 Κυϐέλης
3184 2165 3274 2222 διὰ
3307 2165 3607 2235 φαρμάκου
3636 2164 3779 2217 κατὰ

509 2283 809 2339 Charicles;
849 2278 1096 2346 poculum
1141 2273 1375 2338 miscuit,
1421 2269 1625 2337 sospite
1675 2277 1852 2319 tamen
1902 2261 2063 2317 Chari

2219 2264 2552 2334 ίαρικλείας.
2600 2261 2854 2331 Σωτηρία
2903 2259 3274 2326 Χαρικλείας·
3327 2259 3426 2310 καὶ
3469 2257 3776 2324 ἀναίρεσις,

512 2378 648 2436 clea,
701 2375 799 2427 sibi
841 2386 1024 2426 necem
1067 2367 1246 2421 attulit
1284 2366 1520 2419 venetica
1546 2400 1562 2417 .
1608 2359 1890 2413 Cruciatus
1933 2364 2069 2421 atqui

2227 2357 2258 2407 ι’
2279 2349 2353 2408 ὧν
2377 2356 2626 2424 ἀναιρεῖν
2657 2353 2980 2423 ἐμελέτησε,
3015 2350 3289 2418 Κυϐέλης.
3317 2347 3664 2416 Στρέϐλωσις
3688 2349 3779 2400 καὶ

512 2481 753 2520 :ernnina
803 2460 1106 2529 Theagenis
1153 2466 1208 2510 et
1253 2453 1553 2507 Chariclea:
1583 2488 1598 2513 ,
1662 2449 1804 2516 quod
1861 2445 2069 2497 Arsace

2222 2447 2441 2510 ίάκωσις
2463 2446 2804 2516 Χαρικλείας
2828 2446 2922 2496 καὶ
2939 2443 3265 2511 Θεαγένους,
3300 2442 3382 2494 ὅτι
3415 2440 3491 2510 μὴ
3531 2439 3779 2492 συντίθε-

513 2572 754 2610 amorem
778 2554 1094 2621 Theageues
1115 2549 1458 2602 detrectaret.
1493 2539 1779 2596 Chariclea
1815 2534 1952 2605 ignis
1977 2545 2067 2602 pte

2229 2557 2285 2591 αι
2308 2539 2445 2609 πρὸς
2473 2537 2564 2590 τὸν
2606 2537 2879 2606 Ἀρσάκης
2910 2534 3132 2604 ἔρωτ’αὸ
3153 2534 3460 2602 Θεαγένηςο
3490 2533 3588 2584 καὶ
3613 2533 3786 2602 Χαρι-

517 2664 582 2702 na
622 2617 1015 2702 condemnatur
1045 2681 1061 2708 ,
1111 2641 1206 2696 sed
1262 2638 1306 2690 is
1353 2632 1649 2688 Pantarbes
1696 2627 1809 2698 (6'5)
1837 2668 1851 2690 ,
1904 2624 2074 2693 lapidi:

2232 2631 2382 2694 λείας
2403 2633 2484 2692 εἰς
2529 2628 2639 2696 πῦρ
2703 2626 3000 2696 καταδίκη,
3049 2626 3142 2677 καὶ
3199 2617 3294 2677 τοῦ
3361 2624 3534 2694 πυρὸς
3560 2623 3654 2676 διὰ
3687 2625 3785 2692 τῆς

515 2739 782 2794 benelicio
811 2734 1195 2800 exstinguitur.
1224 2729 1316 2784 Sic
1356 2726 1521 2782 evasit
1556 2725 1606 2776 in
1639 2717 1923 2791 praesentia
1956 2713 2070 2769 Cha

2230 2722 2519 2791 ;αντάρϐης
2542 2720 2636 2773 τοῦ
2659 2719 2810 2771 λίθου
2840 2717 3198 2780 κατάσϐεσις.
3214 2717 3421 2786 καὶτῆς
3446 2715 3787 2785 Χαρικλείας

519 2832 933 2886 ΥῘΕΙΘἌΑΑΙῈἉΒΒ
957 2827 1171 2880 interim
1215 2820 1496 2874 furibunda
1527 2830 1712 2870 necem
1743 2811 1794 2865 iu
1823 2817 2076 2877 posternn

2232 2817 2336 2877 έως
2384 2813 2600 2881 ἄφεσις,
2667 2811 2761 2864 καὶ
2799 2811 3044 2881 Ἀρσάκη
3081 2808 3386 2878 μαινομένη
3427 2807 3521 2860 καὶ
3553 2807 3789 2860 θάνατον

518 2925 659 2977 diem
709 2921 1052 2975 machinatur
1099 2912 1411 2969 Gharicleaa.
1453 2907 1813 2966 Oroondates,
1869 2900 2075 2952 Arsace:

2235 2926 2256 2970 ;
2319 2904 2510 2976 αὔριον
2591 2903 2896 2974 Χαρικλείᾳ
2967 2900 3390 2970 εὐτρεπίζουσα.
3485 2899 3790 2967 Ἀποστοὶὴ

519 3013 772 3072 maritus,
817 3009 981 3062 mittit
1011 3006 1285 3079 [Bogoam
1318 2993 1668 3066 eunuchum]
1698 2994 1786 3061 qui
1816 3003 1975 3044 nocttt
2002 2988 2076 3040 lio:

2233 2996 2563 3068 Οροονδάτου
2608 2993 2704 3047 τοῦ
2738 2993 2781 3024 ’⁸
2822 2995 2921 3062 τῆς
2955 2993 3234 3062 Ἀρσάκης
3278 2991 3493 3062 ἀνδρὸς,
3529 2991 3626 3042 καὶ
3655 2991 3790 3043 ἀνά-

512 3103 738 3167 juvenes
769 3113 954 3153 secum
996 3093 1243 3162 suinpsit.
1277 3090 1415 3162 51b
1474 3086 1566 3141 Sic
1598 3087 1740 3139 enim
1776 3083 2069 3148 imperaturi

2236 3090 2366 3161 ηψις
2397 3089 2487 3143 διά
2521 3091 2620 3157 τῆς
2649 3086 2843 3148 νυκτὸς
2862 3085 2971 3140 τῶν
3001 3086 3230 3139 νεανιῶν
3251 3099 3265 3112 ·
3301 3084 3460 3138 τοῦτο
3487 3086 3598 3154 γάρ
3625 3099 3793 3154 προσ-

520 3194 714 3256 fnerat,
745 3204 1027 3262 postquam
1060 3185 1274 3257 Cybelis
1304 3183 1466 3244 libus,
1495 3194 1590 3247 spe
1642 3174 1880 3246 potiundi
1907 3171 2077 3227 Cbari

2238 3183 2484 3244 τέτακτο,
2547 3179 2672 3233 ἐπεὶ
2716 3179 2744 3230 ὁ
2794 3180 2923 3242 παῖς
2949 3180 3050 3247 τῆς
3094 3177 3344 3246 Κυϐέλης
3375 3175 3670 3245 ἀποτυχὼν
3696 3174 3795 3228 τοῦ

519 3284 652 3340 cleat
703 3282 905 3350 nuptiis
940 3280 1252 3337 frustratus,
1304 3286 1640 3342 quacunque
1667 3271 1746 3324 ab.
1771 3271 1972 3320 Arsace
2007 3279 2072 3333 pa

2244 3276 2342 3347 ρδς
2358 3273 2691 3345 Χαρίκλειαν
2706 3288 2909 3341 γάμου,
2923 3271 3124 3335 πάντα,
3142 3270 3243 3323 ὅσα
3257 3272 3323 3340 τῇ
3350 3268 3593 3338 Ἀρσάκῃ
3610 3267 3801 3320 διαπέ-

524 3387 662 3432 trata
706 3385 910 3438 essent,
942 3375 1007 3427 ad
1037 3374 1223 3427 herum
1257 3370 1530 3437 profectus
1567 3363 1867 3418 rtutniasset
1896 3359 2075 3413 omnia

2241 3385 2418 3438 ιρακτο
2441 3368 2508 3431 ⁸³,
2548 3364 2687 3434 πρὸς
2715 3365 2806 3416 τὸν
2847 3365 3116 3435 δεσπότην
3166 3363 3386 3432 ἀπάρας
3435 3359 3798 3430 ἀπήγγειλεν.

591 3469 908 3536 Αιέιιιὶοριιηι
953 3480 1080 3518 mox
1110 3461 1358 3529 irruptio,
1397 3469 1688 3526 raptosque
1721 3453 2025 3521 Theagenis
2051 3459 2106 3503 et

2290 3459 2567 3519 Ἐπίθεσις
2593 3456 2702 3509 τῶν
2729 3456 3030 3517 Αἰθιόπων,
3076 3455 3174 3511 καὶ
3213 3454 3439 3524 ἁρπαγὴ
3488 3453 3802 3522 Θεαγένους

519 3561 854 3624 Charicleaa,
913 3567 1076 3625 atque
1123 3555 1189 3607 ad
1235 3553 1519 3623 Hydaspen
1563 3547 1875 3614 .IEthiOpnm
1924 3556 2076 3610 regeri

2249 3552 2302 3603 al
2345 3549 2705 3618 Χαρικλείας,
2763 3549 2859 3603 καὶ
2920 3548 3058 3618 πρὸς
3108 3547 3384 3615 Ὑδάσπην
3435 3547 3529 3599 τὸν
3575 3545 3805 3614 βασιλέα

524 3652 777 3707 abductio
802 3659 1075 3711 narratur,
1115 3655 1169 3700 et
1201 3654 1260 3698 ut
1293 3643 1380 3697 ille
1412 3639 1628 3710 quidem
1662 3636 1769 3691 Soli
1805 3636 1926 3696 deo,
1960 3632 2081 3687 Cha

2248 3643 2314 3693 ῶν
2342 3639 2613 3692 Αἰθιόπων
2644 3638 2942 3708 ἀπαγωγὴ.
2977 3634 3110 3689 Εἶτα
3151 3636 3452 3706 άφιέρωσις
3490 3636 3703 3688 τούτων
3722 3640 3805 3698 εἰς

527 3747 692 3800 riclea
725 3760 849 3798 vero
881 3743 1046 3797 Luna:
1084 3745 1430 3794 consecretur
1472 3733 1711 3787 victima.
1756 3729 1889 3783 Hinc
1932 3735 2079 3780 certa

2245 3731 2548 3800 ὺτυθῆναι,
2589 3729 2688 3800 τὴν
2739 3729 2836 3798 μὲν
2884 3732 2952 3798 τῇ
2983 3728 3212 3798 Σελήνῃ,
3245 3727 3338 3780 τὸν
3377 3727 3434 3779 δὲ
3489 3726 3569 3796 τῷ
3607 3725 3802 3795 Ἡλίῳ.

528 3841 672 3894 mina
700 3849 755 3893 et
783 3835 1070 3897 sacriﬁcia,
1112 3827 1466 3901 prazsentibus
1511 3824 1842 3882 Sisimithre,
1885 3833 2082 3890 gymno

2248 3820 2344 3874 ita
2367 3821 2576 3889 ἀγῶνες
2610 3821 2704 3872 καὶ
2729 3819 2933 3883 θυσίαι,
2975 3819 3071 3872 καὶ
3103 3816 3426 3887 Σισιμίθρου
3452 3816 3546 3870 τοῦ
3576 3815 3805 3886 πρώτου

526 3932 892 4000 sophistarum
948 3925 1214 3994 principe,
1275 3935 1398 3973 cum
1464 3916 1576 3971 suis
1629 3910 2083 3984 gymnOSOphistis

2249 3914 2318 3965 ῶν
2353 3910 2804 3982 γυμνοσοφιστῶν
2835 3909 2934 3963 καὶ
2989 3909 3172 3963 αὐτῶν
3199 3908 3493 3978 παρουσία,
3530 3909 3626 3960 καὶ
3657 3909 3806 3980 Περ-

526 4035 692 4089 atque
742 4017 964 4073 Persina
1015 4014 1157 4082 regis
1196 4023 1384 4064 uxore.
1429 4005 1671 4059 Postulat
1707 4003 1988 4057 Cliariclea
2025 4016 2083 4054 su

2250 4008 2368 4077 ίνης
2405 4007 2508 4076 τῆς
2531 4005 2787 4074 γυναικὸς
2807 4004 2900 4057 τοῦ
2923 4003 3209 4070 βασιλέως.
3241 4003 3352 4054 Καὶ
3383 4003 3596 4070 αἴτησις
3624 4004 3807 4073 Χαρι-

526 4109 846 4167 defendendi
889 4114 1206 4176 potestatein
1259 4100 1373 4154 ﬁeri
1403 4098 1542 4167 apud
1576 4095 1884 4166 Hydaspen.
1933 4093 2083 4147 Caus:

2249 4101 2396 4162 λείας
2448 4100 2535 4153 ἵνα
2574 4097 2959 4167 δικαιολογηθῇ
3003 4095 3271 4166 Ὑδάσπῃ,
3306 4096 3400 4149 καὶ
3436 4094 3806 4159 δικαιολογία,

527 4207 671 4259 dicta
706 4212 810 4263 est,
852 4199 1128 4266 iudicante
1162 4191 1496 4252 Sisimithre,
1532 4188 1867 4254 testibusque
1917 4199 2079 4250 super

2252 4195 2308 4247 al
2329 4194 2510 4265 κρίσις
2538 4191 2859 4261 Σισιμίθρου
2919 4189 3017 4242 καὶ
3061 4189 3340 4259 μαρτυρία
3381 4187 3464 4240 ὅτι
3497 4186 3809 4256 Χαρίκλεια

528 4298 745 4351 stitibus
800 4289 1191 4362 probantibus,
1243 4283 1510 4354 Hydaspis
1558 4296 1620 4334 ac
1671 4279 1906 4333 Persinaa
1946 4276 2085 4328 ﬁlian

2252 4288 2346 4348 ταῖς
2393 4284 2481 4353 εἴη
2519 4283 2793 4335 Ὑδάσπου
2852 4281 2947 4335 καὶ
3004 4280 3296 4350 Περσίνης.
3344 4277 3601 4330 Πείθεται
3648 4279 3809 4347 μόλις

529 4405 648 4444 esse
676 4382 1038 4440 Cbaricleam.
1087 4378 1216 4445 Regi
1255 4390 1358 4429 non
1400 4374 1536 4426 satis
1577 4371 1975 4442 persuadetur;
2019 4382 2086 4434 qu

2253 4375 2524 4443 Υδάσπης.
2559 4372 2720 4425 Ἀλλὰ
2744 4372 2840 4424 καὶ
2860 4371 3033 4432 οὕτως
3065 4370 3221 4437 ἄγειν
3254 4367 3479 4438 ἔμελλεν
3501 4370 3579 4432 είς
3609 4367 3810 4422 θυσίαν

528 4480 692 4532 etiam
727 4477 807 4529 sic
842 4471 1098 4533 hostiam,
1135 4467 1321 4536 patriae
1358 4465 1458 4533 legi
1504 4463 1853 4530 moribusque
1879 4461 2077 4514 obsecu

2249 4467 2388 4538 ιμῶν
2416 4466 2507 4519 τὸν
2539 4466 2767 4534 πάτριον
2815 4465 3004 4533 νόμον.
3041 4463 3099 4514 Ὀ
3126 4462 3184 4514 δὲ
3235 4461 3409 4531 δῆμος
3455 4460 3806 4532 ἀπηγόρευε,

531 4583 638 4634 tus,
690 4569 897 4622 caedere
941 4563 1061 4616 illos
1115 4568 1287 4629 parat.
1340 4555 1576 4625 Populus
1623 4551 1970 4608 contradicit.
2019 4548 2088 4603 Sit

2250 4559 2316 4612 al
2373 4557 2596 4626 ἀφίεται
2652 4555 2980 4625 Χαρίκλεια,
3029 4555 3124 4606 καὶ
3161 4552 3311 4622 χαρά
3355 4552 3576 4604 πάντων
3615 4552 3711 4604 ἐπὶ
3739 4555 3807 4623 τῇ

533 4678 749 4718 sursum
800 4661 967 4714 libera
1012 4654 1165 4710 abire
1199 4653 1351 4723 jussa
1401 4647 1705 4708 Chariclea.
1741 4659 1858 4714 quae
1893 4643 2090 4712 quiden

2258 4650 2432 4717 φέσει.
2471 4647 2644 4715 Ἀγὼν
2674 4647 2835 4699 πάλιν
2863 4645 3020 4707 ἄλλος
3044 4644 3368 4715 Χαρικλείᾳ,
3400 4642 3681 4712 Θεαγένης
3729 4644 3811 4696 ἔτι

536 4757 782 4808 liberatio
839 4746 1208 4804 incredibilem
1277 4741 1526 4796 omnibus
1587 4735 1794 4807 peperit
1848 4733 2087 4787 laetitiam

2257 4742 2441 4811 έσμιος
2468 4739 2562 4790 ἐπὶ
2590 4739 2658 4808 τῇ
2689 4735 2871 4806 θυσίᾳ,
2904 4737 2999 4788 καὶ
3046 4735 3195 4802 λόγοι
3227 4735 3361 4804 περὶ
3384 4733 3551 4785 αὑτοῦ
3583 4735 3631 4765 ³³
3669 4736 3814 4804 πρὸς

534 4846 640 4902 Sed
679 4847 872 4898 iterum
904 4839 1204 4896 Chariclea:
1247 4835 1536 4888 discrimen
1586 4839 1850 4882 creatum.
1883 4827 2091 4894 'l‘heage

2259 4833 2316 4886 ὸν
2351 4832 2566 4902 πατέρα
2600 4829 2787 4884 πολλοὶ
2817 4829 2912 4881 καὶ
2925 4825 3184 4889 ποικίλοι,
3213 4824 3309 4877 τοῦ
3337 4825 3394 4879 δὲ
3431 4825 3642 4897 πατρὸς
3671 4826 3816 4878 ἁπό-

536 4953 636 4992 nes
660 4937 892 5000 vinctus,
927 4942 984 4986 ut
1019 4929 1195 4985 hostia
1245 4927 1354 4980 aris
1383 4925 1559 4977 adhuc
1581 4923 1903 4977 destinatur.
1943 4921 2093 4976 Varia

2261 4941 2408 4988 ευσις
2455 4923 2548 4976 ἐπὶ
2600 4925 2669 4990 τῇ
2720 4918 2970 4972 άθωώσει
3015 4917 3354 4986 Θεαγένους,
3401 4918 3498 4970 καὶ
3541 4917 3818 4986 άδημονία

537 5029 828 5096 multaeque
878 5039 942 5078 eo
992 5022 1210 5076 nomine
1254 5017 1392 5087 apud
1437 5023 1712 5085 parentem
1760 5028 1969 5080 preces,
2028 5027 2094 5066 sei

2264 5013 2581 5087 ζαρικλείας,
2613 5014 2706 5064 καὶ
2741 5011 2877 5081 πρὸς
2911 5010 3010 5079 τὴν
3035 5010 3249 5079 μητέρα
3282 5008 3644 5078 ὲξαγόρευσις
3679 5010 3821 5060 πάν-

535 5122 630 5178 ille
673 5119 1046 5173 liberationem
1098 5109 1444 5179 Theagenis,
1485 5106 1972 5175 impunitatemque
2033 5104 2092 5158 ab

2264 5126 2358 5173 ων,
2393 5109 2492 5160 ὃσα
2521 5105 2657 5174 αὐτῇ
2710 5102 3012 5172 συνηνέχθη
3046 5102 3140 5154 καὶ
3199 5101 3484 5169 Θεαγένει.
3544 5101 3660 5153 Καὶ
3701 5102 3821 5170 ἀρι-

535 5216 675 5271 nuit.
710 5213 905 5266 Animo
934 5215 1114 5277 itaque
1143 5211 1427 5260 externata
1452 5199 1758 5264 Cbariclea,
1793 5199 1975 5251 omnia
2008 5212 2092 5266 qu:

2263 5200 2386 5252 τεία
2410 5196 2712 5263 Θεαγένους
2737 5195 2829 5246 ἐπὶ
2853 5193 2930 5264 τῷ
2959 5191 3165 5262 ταύρῳ,
3219 5191 3315 5244 καί
3359 5190 3454 5243 τοῦ
3485 5190 3669 5260 δήμου
3692 5193 3820 5262 τέρ-

537 5309 641 5362 sibi
675 5315 729 5361 et
764 5302 1040 5372 Theageni
1081 5300 1310 5351 adversa
1358 5292 1710 5356 accidissent,
1755 5289 1916 5343 matri
1963 5303 2094 5343 enar

2277 5310 2347 5355 ις.
2392 5286 2786 5358 Ἐτιάριστεία
2823 5287 2880 5338 ὲν
2926 5288 2993 5357 τῇ
3033 5285 3168 5356 πρὸς
3215 5285 3307 5337 τὸν
3346 5281 3583 5337 Αἰθίοπα
3613 5286 3707 5336 τὸν
3740 5285 3828 5353 μέ-

1155 5520 1158 5522 γ
1855 5429 2086 5486 VARle
2124 5427 2532 5486 LECTIONES.

596 5541 640 5571 ιθ
681 5535 965 5604 Ὅροδάτου
1007 5549 1067 5594 ς.
1130 5530 1173 5559 ¹⁹
1198 5526 1490 5588 συστάντος
1545 5543 1605 5588 ς.
1652 5525 1697 5555 ³⁸
1727 5525 1852 5593 περὶ
1875 5542 1934 5588 ς.
2012 5526 2055 5556 ³⁸
2077 5524 2170 5577 τοῦ
2197 5525 2323 5580 add.
2356 5524 2421 5576 A.
2482 5525 2525 5554 ²¹
2550 5522 2919 5592 διεπέπρακτο
2947 5541 3007 5586 ς.
3071 5524 3116 5554 ’³
3148 5520 3280 5591 περὶ
3309 5519 3476 5574 αὑτοῦ
3511 5522 3674 5588 vulgo
3709 5524 3833 5588 pust

544 5612 753 5681 ματέρα
789 5615 1018 5674 ponunt.

2057 5680 2290 5736 NUT/E.

617 5796 728 5869 (63)
764 5793 837 5848 De
863 5805 965 5860 qua
1003 5786 1118 5839 vide
1141 5779 1330 5835 Ctesia-
1354 5777 1532 5832 Indica
1569 5790 1745 5844 supr.,
1777 5787 1827 5829 et
1867 5773 2123 5830 Philostr.
2168 5778 2259 5830 lib.
2293 5775 2353 5829 ΙΙΙ
2385 5777 2449 5832 de
2489 5778 2602 5832 Vita
2637 5777 2927 5844 Apollonii.
