3942 6234
205 245 310 307 237

1277 247 1805 308 BIBLIOTHECA.
1847 274 1915 286 —-
1953 249 2118 310 COD.
2155 250 2421 310 LXXIV.

3383 257 3492 322 238

207 375 400 430 γιστον
426 359 599 438 ¹πάλῃ,
661 360 760 413 καὶ
787 359 915 429 νίκη
946 357 1198 429 λαμπρὰ,
1235 362 1329 412 καὶ
1359 360 1555 430 κρότος
1589 361 1683 413 τοῦ
1706 361 1800 429 δή·

1914 369 2008 412 rat.
2047 358 2364 430 Theagencs
2421 360 2637 414 interim
2677 370 2890 415 taurum
2948 362 3162 420 fortiter
3200 375 3489 438 pugnando

218 467 350 523 μου·
535 450 628 523 8.]
650 451 765 505 ἀλλ’
797 451 876 504 ἔτι
921 453 1059 521 πρὸς
1082 452 1181 520 τὴν
1207 451 1397 504 Θυσίαν
1412 455 1506 504 καὶ
1521 453 1661 521 μετὰ
1682 455 1807 516 τοὺς

210 545 516 615 στεφάνους
548 545 828 614 Θεαγένης
862 545 1150 614 ἀγόμενος.
1197 545 1478 615 Χαρικλῆς
1509 547 1617 598 ἀπὸ
1651 545 1810 616 Ἀθη·
1851 599 1854 602 .

207 637 316 688 νῶν
346 636 488 706 πρὸς
523 635 658 688 αὐτὸ
700 636 761 688 τὸ
805 636 1019 689 στάδιον
1051 637 1416 706 ἐφιστάμενος
1465 636 1534 700 ⁸⁸,
1570 635 1666 689 καὶ
1715 637 1808 689 τὸν

210 729 560 799 βασιλέατὴν
593 728 956 798 νομιζομένην
977 729 1127 797 αὐτῷ
1151 729 1428 798 θυγατέρα
1462 729 1803 799 αἰτούμενος.

208 820 322 870 Καὶ
361 818 769 884 συγκατάθεσις
801 819 1067 888 βασιλέως
1091 820 1402 882 διδόναι,ἆν
1431 818 1596 882 αὐτὸς
1632 819 1768 892 εὕρῃ
1789 835 1804 849 ⁸

203 913 234 964 ὀ
271 911 336 962 δὲ
383 911 486 979 οὐχ
533 910 800 980 ηὕρισκεν
835 912 901 943 ’δ’
947 912 1168 981 ἁρπαγή
1221 929 1280 964 τε
1327 913 1430 964 ὑπὸ
1483 911 1650 965 αὐτοῦ
1707 913 1806 965 καὶ

210 1005 426 1073 συρμὸς
459 1004 790 1072 Θεαγένους,
821 1006 914 1057 καὶ
949 1003 1065 1074 βοὴ,
1124 1005 1198 1066 ὡς
1226 999 1394 1068 Οὗτός
1438 1008 1585 1058 ἐστιν
1632 1007 1662 1059 ό
1707 1007 1805 1076 τὴν

208 1096 354 1165 ἐμὴν
381 1097 639 1165 ἁρπάσας
666 1095 725 1160 ἐξ
772 1095 1010 1164 Ἀθηνῶν
1042 1095 1340 1166 θυγατέρα,
1373 1098 1464 1148 καὶ
1489 1098 1691 1167 κρίσις,
1713 1098 1805 1150 καὶ

209 1189 368 1250 τέλος
399 1187 656 1251 ὰθώωσις
680 1189 775 1240 καὶ
815 1189 1117 1254 Θεαγένους
1141 1189 1462 1258 Σισιμίθρου
1490 1190 1806 1259 ἐπικρίναν-

207 1295 300 1341 τος
325 1278 425 1330 καὶ
475 1277 679 1346 μηκέτι
717 1277 818 1347 τὴν
875 1279 964 1330 ἐπ’
1002 1276 1314 1346 ἀνθρώπων
1355 1278 1563 1348 ὀλέθρῳ
1612 1279 1804 1331 θυσίαν

206 1370 462 1438 γίνεσθαι
522 1369 988 1432 διατυπώσαντος.
1044 1371 1368 1441 Εὑφροσύνη
1422 1371 1679 1423 ἁπάντων
1711 1373 1806 1424 καὶ

205 1461 455 1530 θυμηδία
479 1460 672 1531 πολλὴ,
710 1461 806 1514 καὶ
829 1460 1105 1529 Θεαγένης
1137 1462 1232 1514 καὶ
1260 1462 1562 1530 Χαρίκλεια
1590 1463 1635 1492 ³⁸
1663 1465 1802 1530 μετὰ

211 1555 450 1624 μυρίους
474 1553 758 1616 κινδύνους
779 1552 1040 1623 ἀλλήλους
1058 1553 1556 1622 ἀπολαμϐάνοντες,
1582 1553 1673 1604 καὶ
1704 1551 1804 1615 τὰς

211 1642 522 1712 ἱερωσύνας
560 1647 593 1712 ὴ
632 1644 729 1713 μὲν
791 1643 945 1713 παρὰ
975 1644 1073 1713 τῆς
1106 1643 1332 1712 μητρὸς,
1373 1642 1478 1694 ὁδὲ
1527 1643 1678 1710 παρὰ
1707 1642 1799 1694 τοῦ

1911 456 2224 522 superavit,
2290 456 2495 526 ingenti
2560 459 2854 526 spectantis
2908 460 3076 528 plebis
3150 465 3489 534 voluptate:

1910 541 2225 614 Ethiopum
2257 547 2382 601 item
2413 547 2711 603 maximum
2741 551 2988 618 palaestra
3015 555 3164 617 vicit,
3188 556 3494 626 illustrique

1912 639 2138 691 victoria
2187 649 2364 707 parta,
2412 639 2662 709 plausum
2697 643 2861 696 etiam
2895 648 3075 714 populi
3110 651 3333 703 meruit.
3381 650 3494 705 Du-

1909 730 2055 782 citur
2079 730 2428 786 nihilominus
2455 734 2522 784 ad
2549 748 2669 786 aras
2696 744 3078 801 coronatus,nt
3109 741 3300 796 hosﬁm
3321 741 3495 797 instar

1910 825 2070 876 cadat
2110 820 2445 890 Theagenes.
2491 824 2768 879 Charicles
2807 838 2915 880 tum
2959 829 3092 886 forte
3121 833 3350 886 Athenis
3375 849 3496 902 pro-

1907 908 2103 974 fectus,
2163 912 2287 966 huic
2340 913 2515 967 stadio
2555 915 2768 970 astabat
2811 918 3081 990 ﬁliamque
3127 924 3201 975 uti
3226 927 3494 980 credebat

1909 1017 2062 1055 suam
2097 1002 2164 1056 ab
2216 1004 2336 1073 ipso
2386 1021 2514 1074 rege
2551 1009 2805 1074 postulat.
2841 1010 3081 1078 Spondet
3111 1031 3201 1067 rex
3241 1017 3491 1069 daturum

1907 1094 1952 1145 si
1976 1093 2233 1146 amissam
2270 1095 2580 1162 reperisset.
2619 1095 2815 1150 Verum
2843 1099 2986 1152 illam
3024 1117 3127 1154 non
3153 1101 3489 1157 inveniebat.

1905 1183 2182 1250 Arripitur
2203 1183 2416 1248 deinde,
2441 1185 2786 1254 trahiturque
2813 1186 3130 1259 Theagenes
3156 1192 3222 1245 ab
3241 1192 3492 1247 Charicle

1906 1273 2176 1328 clamante
2211 1292 2225 1328 :
2276 1274 2372 1329 llic
2426 1292 2598 1329 meam
2637 1278 2868 1332 Athenis
2911 1284 3087 1350 rapuit
3134 1283 3321 1336 filiam.
3351 1284 3491 1346 Lata

1907 1366 2141 1435 denique
2202 1369 2496 1454 sententia,
2550 1385 2656 1439 qua
2708 1382 2762 1424 et
2798 1357 3115 1442 Theagenes
3157 1375 3372 1428 tandem
3407 1376 3492 1428 iu-

1907 1459 2124 1515 demnis
2147 1471 2232 1514 est
2269 1461 2602 1526 declaratus,
2645 1465 2758 1532 ipso
2781 1467 2946 1518 etiam
2980 1467 3329 1536 adjudicante
3357 1467 3494 1522 Sisi-

1906 1552 2128 1615 mithro,
2165 1568 2301 1609 neve
2374 1555 2603 1624 posthac
2643 1558 2892 1614 humanis
2916 1561 3151 1615 victimis
3184 1562 3491 1614 mortalium

1905 1643 2101 1699 damno
2127 1645 2380 1699 litaretur
2404 1658 2696 1707 statuente.
2727 1649 2937 1706 Gaudio
2969 1653 3097 1706 hinc
3123 1653 3303 1707 cuncti
3330 1663 3494 1720 atque

205 1753 242 1789 κ
267 1735 478 1800 ⁸δεικτοῡ
542 1736 917 1806 ἐκδεχόμενοι,
982 1737 1075 1788 καὶ
1109 1735 1352 1800 θύοντες,
1380 1735 1476 1788 καὶ
1517 1735 1652 1806 πρὸς
1677 1736 1802 1800 τοὺς

1914 1735 2100 1790 laetitia
2145 1738 2452 1803 exsultare,
2511 1742 2828 1812 Theagenes
2879 1746 3042 1798 etiam
3098 1756 3152 1799 et
3187 1746 3490 1810 Chariclea,

206 1830 424 1899 γάμους
459 1829 935 1898 εὐτρεπιζόμενοι.

1913 1829 2053 1895 quod
2085 1836 2160 1880 tot
2215 1833 2492 1900 tantisque
2520 1832 2761 1889 defuncti
2809 1838 3063 1904 periculis
3095 1838 3320 1893 invicem
3350 1842 3492 1909 poti-

207 1935 423 1976 l'rltllll'.
456 1922 790 1978 Sacerdotiis
832 1923 1014 1992 itaque
1065 1922 1152 1976 illa
1224 1922 1440 1992 quidem
1512 1921 1734 1985 matris,
1789 1919 1878 1975 hic
1912 1922 2084 1975 soceri
2118 1922 2382 1978 beneficio
2405 1929 2664 1996 acceptis,
2701 1937 2755 1984 et
2785 1945 2841 1984 re
2865 1931 3048 1987 divina
3079 1931 3241 2000 facta,
3276 1937 3493 2004 nuptias

205 2019 506 2070 adornant.

275 2109 473 2160 Ταῦτα
531 2107 590 2162 δὲ
645 2107 950 2178 συνέγραψε
987 2106 1167 2174 Φοῖνιξ
1199 2107 1340 2177 ἀνὴρ
1401 2105 1720 2176 Ἀμινδηνδς
1752 2105 1797 2136 ’⁷

207 2200 493 2254 Θεοδοσίου
547 2203 675 2262 παῖς
730 2200 1090 2270 Ἡλιόδωρος·
1147 2201 1206 2252 ὲν
1253 2195 1334 2260 οἷς
1383 2199 1479 2252 καὶ
1520 2197 1582 2250 τὸ
1623 2199 1796 2260 τέλος.

208 2292 414 2345 Τοῦτον
451 2291 511 2343 δὲ
545 2292 638 2345 καὶ
671 2291 976 2345 ὲπισκοποῦ
1013 2294 1058 2324 ³⁸
1085 2293 1269 2361 τυχεῖν
1293 2290 1604 2360 ἀξιώματος
1638 2289 1798 2343 ὕστε-

209 2387 300 2455 ρόν
328 2402 523 2454 φασιν.

892 2473 1009 2527 οΔ’.

509 2567 831 2635 Θεμιστίου
863 2565 1158 2618 πολιτικοὶ
1192 2562 1516 2634 λόγοιῗλςᾌ

277 2657 370 2730 [97
394 2657 494 2729 Η.]
519 2658 965 2728 Ἀνεγνώσθησαν
989 2657 1279 2727 Θεμιστίου
1305 2658 1488 2725 Λόγοι
1506 2659 1802 2711 πολιτικο.

206 2727 317 2815 ὶςέ,
351 2744 433 2803 ὧν
466 2727 575 2802 εἰσι
623 2752 716 2801 καὶ
766 2752 816 2801 οἱ
852 2727 1012 2819 γπρδς
1042 2749 1425 2801 Κωνστάντιον
1455 2749 1548 2800 τὸν
1575 2747 1800 2818 βασιλέα

208 2843 409 2905 ualet;
445 2843 729 2894 Οὐάλεντα
753 2841 847 2893 καὶ
879 2839 1323 2893 Οὐαλεντινιανὸν
1358 2840 1448 2892 τὸν
1481 2838 1620 2903 νέον,
1664 2838 1802 2891 ἀλλὰ

207 2938 300 2990 καὶ
336 2938 425 2998 εἰς
468 2935 777 2998 Θεοδόσιον,
836 2935 963 2996 τοὺς
1008 2933 1271 3004 βασιλεῖς,
1318 2933 1575 2995 ἐπαίνους
1619 2929 1800 2984 αὐτῶν

210 3031 300 3082 καὶ
329 3027 598 3098 ἐγκώμια
630 3028 1004 3096 περιέχοντες.
1039 3025 1201 3078 Ἔστι
1241 3024 1299 3078 δὲ
1336 3023 1437 3094 τὴν
1467 3024 1668 3094 φράσιν
1703 3039 1796 3074 σαο

1979 2107 2105 2162 Haec
2165 2110 2383 2179 quidem
2456 2111 2780 2169 Heliodorus
2840 2114 3132 2172 Theodosii
3187 2119 3270 2174 F.
3333 2121 3492 2174 domo

1907 2197 2137 2254 Phoenix
2187 2201 2522 2256 Amindenus
2561 2202 2746 2274 (64),
2795 2205 3160 2274 conscripsit,
3211 2208 3491 2278 ﬁnivitque

1910 2293 2190 2348 historiam
2225 2313 2238 2349 :
2273 2310 2431 2364 quem
2457 2297 2618 2350 etiam
2665 2299 2902 2368 episcopi
2937 2299 3049 2369 (65)
3086 2309 3207 2370 post
3230 2302 3492 2372 dignitate

1909 2398 2126 2440 auctum
2162 2386 2359 2440 ferunt.

2584 2479 2827 2537 LXXIV.

2075 2570 2217 2642 52a
2252 2571 2523 2651 Themisti?
2548 2575 2814 2627 orationes
2838 2574 3012 2630 ciuiles
3056 2593 3221 2632 ιηιί
3247 2579 3348 2650 (a).

1978 2659 2159 2716 Lecta:
2206 2671 2332 2716 sunt
2359 2663 2549 2717 Civile:
2582 2665 2848 2718 orationes
2898 2665 3030 2737 (66),
3065 2665 3346 2722 Themistii
3396 2685 3491 2725 sex

1909 2765 1960 2810 et
2003 2756 2246 2824 triginta.
2283 2755 2487 2809 Harum
2535 2756 2657 2810 alite
2703 2758 2770 2810 ad
2820 2757 3240 2813 Constantinum
3295 2763 3488 2830 imper.

1905 2850 2138 2903 habitaz:
2171 2850 2224 2902 in
2260 2848 2540 2904 Valentem
2566 2865 2805 2920 quoque,
2830 2863 2886 2904 ct
2925 2853 3357 2907 Valentinianum
3393 2856 3495 2907 mi-

1905 2957 2114 3005 norem,
2157 2943 2249 2994 sed
2283 2950 2339 2994 et
2368 2941 2420 2994 in
2451 2940 2816 2996 Theodosium
2853 2945 3081 3008 August.
3118 2943 3370 2997 laudibus
3393 2957 3492 2998 eos

1901 3029 2272 3097 euoomiisque
2306 3028 2665 3084 celebrantes.
2695 3029 2890 3084 Sermo
2917 3032 2990 3085 illi
3015 3043 3256 3100 apertus,
3291 3049 3490 3102 super-

209 3122 314 3191 φὴς
338 3121 440 3173 καὶ
471 3118 769 3190 ἁπέριττος
814 3117 910 3169 καὶ
957 3115 1213 3185 ἀνθηρὸς,
1255 3115 1350 3168 καὶ
1383 3114 1560 3178 λέξεσι
1591 3113 1798 3166 πολιτι-

1914 3121 2158 3172 vacaneis
2214 3134 2428 3184 carens,
2484 3135 2548 3173 ac
2589 3119 2831 3176 ﬂoridus.
2884 3121 3072 3176 Verbis
3109 3140 3238 3178 usus
3270 3126 3492 3193 quidem

211 3217 332 3275 καῖς
359 3215 463 3265 καὶ
495 3213 577 3274 εἰς
612 3212 672 3264 τὸ
723 3211 918 3280 σεμνόν
943 3227 998 3261 τι
1037 3207 1449 3270 ὲπικλινούσαις
1492 3204 1796 3275 χρώμενος.

216 3305 478 3372 Ἤκμαζε
539 3303 595 3354 δὲ
650 3302 887 3372 μάλιστα
922 3303 980 3353 ἐν
1009 3301 1121 3361 τοῖς
1159 3297 1460 3360 Οὐάλεντος
1491 3297 1536 3328 ’θ
1560 3295 1798 3365 χρόνοις,

209 3395 281 3456 ὡς
307 3397 424 3448 κάκ
454 3393 568 3446 τῶν
598 3392 765 3445 αὑτοῦ
788 3392 962 3459 λόγων
991 3389 1150 3460 δῆλον
1173 3406 1184 3418 ·
1211 3390 1302 3440 ἐπὶ
1333 3387 1389 3439 δὲ
1416 3384 1800 3439 Κωνσταντίου

207 3487 290 3537 ἔτι
346 3486 474 3548 νέος
518 3481 610 3554 ἦν,
651 3485 741 3553 ὑφ’
781 3477 845 3537 οὗ
870 3484 962 3535 καὶ
1018 3479 1248 3551 ὲνετάγη
1277 3483 1344 3550 τῇ
1372 3478 1480 3532 τῶν
1513 3477 1802 3547 Ῥωμαίων

208 3579 501 3649 γερουσίᾳ,
526 3577 601 3639 ὼς
630 3577 724 3628 καὶ
750 3579 784 3646 ἡ
805 3575 939 3646 πρὸς
969 3575 1142 3645 αὐτὴν
1168 3577 1267 3641 τὴν
1297 3575 1354 3624 ὲν
1390 3569 1576 3640 Ῥώμῃ
1611 3586 1672 3637 γε
1684 3583 1806 3640 ρου-

211 3671 333 3723 σίαν
365 3670 514 3740 ὑπὲρ
557 3668 722 3720 αὑτοῦ
754 3666 909 3737 παρὰ
939 3665 1033 3720 τοῦ
1067 3665 1335 3735 βασιλέως
1377 3661 1640 3730 ἐπιστολὴ
1668 3663 1805 3715 ἁπο-

210 3766 473 3819 σταλεῖσα
501 3763 549 3793 ”
573 3761 745 3830 δηλοῖ.
778 3757 967 3830 Πατὴρ
1003 3757 1060 3810 δὲ
1086 3755 1154 3829 ἦν
1185 3754 1476 3827 Θεμιστίου
1523 3752 1801 3821 Εὑγένιος,

211 3860 304 3911 καί
326 3858 500 3919 αὐτὸς
531 3855 927 3926 φιλοσοφήσας.

279 3949 496 4002 Τούτου
535 3945 630 3998 τοῦ
655 3943 950 4012 Θεμιστίου
983 3942 1063 4003 εἰς
1085 3940 1264 3993 πάντα
1293 3936 1360 3989 τὰ
1393 3930 1805 4006 Ἀριστοτελικὰ

213 4044 475 4113 φέρονται
529 4038 904 4107 ὑπομνήματα
924 4050 938 4064 ο
977 4033 1038 4085 οὑ
1065 4031 1225 4101 μόνον
1256 4029 1312 4082 δὲ
1348 4028 1484 4081 ἀλλὰ
1512 4027 1606 4079 καὶ
1633 4041 1804 4096 μετα-

215 4137 447 4206 φράσεις
469 4129 640 4185 αὐτοῦ
697 4131 934 4197 εῐδομεν,
989 4126 1067 4188 εἰς
1095 4123 1158 4175 τὸ
1189 4124 1457 4192 χρήσιμον
1504 4123 1806 4188 ἐπιτετμη-

217 4231 404 4297 μένας,
423 4224 536 4277 τῶν
553 4241 616 4275 τε
651 4218 1052 4275 Ἀναλυτικῶν
1078 4217 1172 4269 καὶ
1190 4215 1297 4267 τῶν
1326 4212 1466 4282 Περὶ
1484 4211 1691 4282 ψυχῆς
1721 4211 1804 4281 βι-

214 4319 379 4372 ϐλίων
415 4317 514 4371 καὶ
539 4314 652 4368 τῶν
694 4311 812 4381 Τῆς
831 4307 1101 4379 φυσικῆς
1116 4308 1462 4374 ἀκροάσεως
1485 4305 1578 4357 καὶ
1604 4304 1807 4374 ἐτέρων

217 4413 494 4467 τοιούτων.
529 4408 654 4460 Εἰσὶ
709 4406 764 4458 δὲ
809 4405 904 4457 καὶ
948 4403 1028 4464 εἰς
1062 4401 1130 4453 τὰ
1168 4399 1494 4451 Ιιλατωνικὰ
1521 4396 1686 4450 αὐτοῦ
1717 4396 1804 4461 ἐξ-

219 4503 474 4576 ηγητικοὶ
503 4501 680 4562 πόνοι,
711 4498 807 4551 καὶ
840 4494 1024 4558 ἁπλῶς
1059 4491 1296 4562 ἐραστής
1351 4492 1466 4542 ἐστι
1497 4487 1594 4542 καὶ
1640 4506 1807 4542 σπου-

219 4596 416 4667 δαστὴς
439 4591 792 4664 φιλοσοφίας.

1907 3210 2338 3281 estvulgaribns,
2376 3211 2471 3265 sed
2505 3212 2556 3265 in
2598 3216 2920 3282 gravitatem
2953 3213 3290 3283 aliquantum
3315 3216 3494 3271 ﬂexis.

1906 3300 2116 3354 Fluruit
2166 3303 2505 3370 potissimum
2549 3302 2774 3355 Valente
2822 3318 3006 3356 rerum
3048 3305 3240 3371 potito.
3301 3314 3360 3358 ut
3410 3305 3496 3359 vel

1907 3390 2184 3448 orationes
2253 3395 2383 3462 ipsa:
2431 3395 2766 3463 loquuntur.
2812 3393 3134 3448 Constantio
3173 3397 3493 3463 imperante,

1905 3488 2126 3558 juvenis
2191 3488 2487 3540 etiamnum
2564 3495 2705 3554 erat,
2761 3503 2790 3540 a
2844 3501 2952 3555 quo
3021 3496 3078 3540 et
3127 3488 3180 3540 in
3239 3499 3492 3541 senatum

1908 3579 2096 3634 Romae
2119 3580 2290 3634 lectus
2325 3588 2426 3646 est,
2459 3579 2914 3648 quemadmodum
2943 3579 3176 3634 Caesaris
3207 3583 3274 3634 de
3306 3580 3396 3633 illo
3426 3583 3496 3633 ad

1910 3680 2162 3726 senatum
2212 3671 2370 3725 Rom.
2415 3673 2577 3725 missa
2632 3671 2855 3738 epistola
2904 3671 3066 3726 ﬁdem
3119 3671 3284 3726 facit.
3335 3669 3498 3725 Pater

1909 3763 2209 3818 Themistio
2234 3763 2506 3834 Eugenius
2531 3764 2767 3828 nomine,
2788 3764 2880 3833 qui
2911 3773 2966 3818 et
2993 3766 3105 3833 ipse
3140 3763 3496 3834 philosophiae

1908 3871 2130 3928 Operam
2164 3857 2332 3910 dedit.

1985 3948 2154 4015 Hujus
2185 3945 2474 4000 Themistii
2507 3946 2560 4000 in
2599 3946 2779 3999 omnia
2801 3943 2919 3999 fere
2954 3945 3264 3999 Aristotelis
3291 3943 3496 4012 scripta

1908 4041 2182 4103 feruntur,
2224 4055 2330 4092 non
2367 4039 2540 4092 solum
2576 4037 3004 4108 Commentaria,
3048 4039 3141 4093 sed
3174 4039 3337 4092 etiam
3385 4036 3497 4092 Me-

1912 4134 2194 4201 taphrases
2234 4131 2378 4203 (6'7),
2414 4131 2617 4185 utiliter
2643 4139 2697 4185 et
2743 4131 3062 4198 compendio
3111 4133 3328 4202 scripta:
3372 4149 3386 4185 :
3438 4141 3497 4183 ιιι

1909 4225 2334 4296 Analyticorum,
2365 4287 2368 4291 λ
2399 4233 2457 4276 ttt
2499 4223 2760 4276 librorum
2805 4222 2881 4276 De
2917 4224 3122 4286 anima,
3150 4229 3205 4278 et
3255 4219 3496 4292 Physica:

1911 4317 2338 4376 auscultationis,
2369 4315 2738 4382 similinmque
2778 4329 3024 4383 operum.
3057 4313 3301 4368 Platonis
3327 4317 3492 4369 etiam

1911 4409 2156 4477 quaedam
2203 4407 2506 4474 exposuit:
2565 4418 2759 4460 caetera
2812 4405 3168 4475 phil050phia:
3225 4419 3417 4460 amans
3440 4407 3495 4458 in

1915 4497 2127 4565 primis,
2145 4511 2210 4550 ac
2239 4497 2634 4565 perstudiosus.

1511 4741 1748 4796 VAIHIE
1790 4737 2196 4795 LECTIONES.

294 4873 336 4904 ⁸⁸
361 4865 845 4938 ἰιιρισσινάμενοςςἶ
870 4933 881 4938 _
922 4858 1257 4938 ‘_'_aiiptaxev
1286 4870 1351 4938 Ξ.

225 4947 269 4979 ’⁸
294 4933 600 4997 ἐπισκόπου
618 4953 681 5000 ς.
742 4936 787 4966 ³⁸
816 4933 1120 4987 Οὐαλέντου
1144 4947 1208 4994 ς.

1423 4853 1471 4885 ’⁸
1492 4853 1793 4922 Θεαγένους
1824 4854 1922 4905 καὶ
1950 4852 2285 4922 Χαρικλείας
2325 4868 2384 4914 ς.

1283 4925 1330 4956 ³⁸
1370 4921 1742 4980 ἀποσταλεῖσα
1772 4921 2126 4993 ἐπιστολῆς.

2470 4851 2510 4880 ιτ
2549 4848 2897 4921 Ἀμινδηνὸς]
2943 4849 3227 4922 Εμεσηνὺς
3249 4863 3394 4908 corr.
3427 4851 3494 4906 Α.

1777 5055 2008 5113 NOTAE.

291 5193 399 5262 (64)
429 5191 826 5262 ξηιίεοιιιιερει
861 5183 913 5236 in
936 5181 1082 5262 edito
1111 5176 1688 5262 Heliodoroeatremg.

431 5260 609 5312 Tricm
729 5253 1036 5334 Thessalia;
1073 5245 1797 5334 attctores~S.00r‘at..alii);tv,

226 5313 485 5400 attat,
531 5338 589 5382 et
642 5324 872 5400 uicepu.
905 5313 1133 5400 nu.’_xu,
1167 5314 1414 5400 cap._'§4;
1469 5313 1795 5400 Additmhic,

225 5385 586 5472 etiamtun-
637 5385 909 5472 deP‘Rheﬁ?
936 5391 1192 5472 “'5'“"‘S.S‘E
1228 5385 1798 5472 ¹¹θ¹ίίξὲ¹9¹ἶ¹ἱ¹νῃῖ¹ε¹ἒίῖἷ¹¹

228 5459 323 5526 sua
347 5459 459 5527 inec
490 5459 799 5536 Ἐρωτικὰ,
827 5463 956 5517 olim
989 5463 1041 5514 in
1072 5459 1435 5512 adolescentia
1467 5459 1796 5522 conscripta,

226 5556 637 5683 sufggrnfirtﬁus
687 5604 971 5660 Orationes
1005 5559 1194 5654 Graece
1247 5594 1392 5649 dedit
1440 5590 1505 5647 li.
1541 5591 1624 5648 St.
1650 5591 1800 5646 Alias

286 5731 363 5801 (α)
381 5730 704 5788 Orationem
737 5730 1000 5778 xxxvnm
1027 5717 1202 5774 edidit
1227 5717 1367 5788 Aug.
1408 5717 1533 5772 MAI.
1573 5734 1625 5773 ιι.
1653 5717 1807 5771 1816.

1916 5183 2176 5241 pratterea
2209 5173 2527 5236 ἀνεκδότους
2559 5175 2698 5242 apud
2738 5175 2882 5231 Petr.
2915 5175 3229 5240 Paulinum,
3265 5177 3496 5230 amicum

1917 5244 2270 5315 singularem,
2316 5245 2569 5299 vidimus.
2607 5243 2886 5315 Legendus
2934 5258 2989 5300 et.
3022 5248 3080 5299 D.
3117 5245 3311 5298 Baron.
3341 5249 3493 5302 card.

1911 5322 2039 5366 tom.
2077 5312 2144 5367 IV
2194 5315 2388 5367 Annal.
2427 5315 2608 5368 eccles.

1981 5384 2092 5453 (67)
2149 5383 2341 5453 Exstat
2393 5385 2551 5438 hodie
2602 5384 2962 5453 Paraphrasis
3018 5384 3071 5437 in
3117 5385 3343 5439 Aristot.
3396 5383 3493 5441 lib.

1904 5452 2003 5506 vni
2047 5452 2318 5521 Φυσικῆς
2335 5455 2680 5523 ἀκροάσεως
2697 5452 2882 5509 Graece
2898 5464 3058 5522 atque
3073 5453 3278 5509 Latine.
3295 5455 3424 5510 Item
3446 5456 3493 5510 in

1908 5523 2002 5598 lib.
2038 5524 2110 5598 ζὶε
2134 5525 2284 5598 οωιο,
2317 5526 2392 5580 De
2409 5529 2605 5593 anima,
2623 5541 2884 5598 parvaque
2902 5526 2980 5596 (ut
3012 5524 3220 5596 vocant)
3255 5523 3496 5580 Natura-

1910 5594 2003 5647 lia.
2041 5594 2183 5664 Lege
2220 5596 2466 5650 Suidam.
