3942 6234
475 285 589 350 939

735 396 1075 454 Lesbonaclis
1124 399 1390 453 orationes
1435 395 1665 465 politiae
1709 411 1825 451 xvr.

555 494 728 548 Lectae
781 506 908 546 sunt
966 503 1020 545 et
1079 489 1428 546 Lcsbonactis
1497 487 1773 542 Orationes
1835 487 2065 555 politiae

484 585 720 641 sedecim
749 584 882 656 (68).
919 583 1016 639 Hic
1055 593 1234 637 autem
1268 581 1640 648 Lesbonax,m

1123 668 1336 724 LXXV.

483 764 643 819 Joan.
668 763 946 819 Pliilononi
991 761 1221 815 Libellus
1250 771 1436 815 contra
1473 760 1739 817 Joannem
1776 763 2066 831 palriurch.

765 831 876 887 ΟΡ.
924 849 1163 900 cognom.
1213 831 1605 886 Scholasticum
1649 833 1784 903 (69).

555 923 684 994 Legi
715 923 875 978 Joan.
918 922 1202 992 Philoponi
1236 922 1499 977 Libellum
1543 924 1804 979 adversus
1834 940 1918 988 ea,
1951 940 2071 994 qua:

479 1029 582 1080 pro
631 1024 783 1068 certo
833 1014 1106 1083 dogmate.
1158 1013 1237 1068 De
1285 1025 1467 1068 sancta
1525 1031 1588 1068 ac
1635 1015 2072 1070 consubstantiali

483 1101 748 1158 Trinitate
787 1105 969 1159 divine
1005 1107 1224 1159 tradidit
1257 1106 1318 1160 Β.
1358 1105 1597 1162 Joannes
1666 1107 2062 1173 Scholasticus,

488 1197 955 1268 archiepiscopus,
1025 1197 1658 1270 Constantinopolitanus
1711 1203 1764 1257 in
1826 1205 2074 1260 oratione

484 1303 580 1341 sua
623 1287 993 1356 Catechetica,
1030 1304 1192 1358 quam
1227 1289 1443 1347 Justino
1475 1291 1732 1366 [minore]
1774 1295 2075 1365 imperante

484 1377 674 1430 habuit
701 1379 876 1447 prima
907 1379 1196 1434 indictione
1223 1380 1360 1450 (70).

561 1471 822 1526 Dictionis
859 1485 1055 1539 genere
1079 1470 1164 1525 sui
1184 1473 1377 1527 similis
1403 1482 1509 1541 est,
1537 1477 1854 1545 perspicuus
1888 1476 2076 1531 videli-

484 1573 590 1627 cet,
641 1563 886 1634 nihilque
929 1566 1198 1622 intensum
1252 1568 1482 1636 habens,
1510 1581 1602 1624 aut
1631 1584 1834 1641 grave;
1889 1584 2074 1624 vermn

487 1658 977 1723 argumentationis
1023 1659 1219 1728 forma,
1263 1676 1370 1716 non
1416 1662 1613 1731 impius
1665 1663 1848 1728 modo,
1885 1663 1978 1718 sed
2023 1672 2078 1717 et

1652 280 1918 343 PHOTII
1955 277 2468 342 PATRIARCILE
2501 277 2611 336 CP.

3661 261 3766 326 210

2436 391 2868 454 Λεσϐώνακτος
2889 387 3057 452 λόγοι
3089 379 3388 436 πολιτικοί
3419 384 3516 445 ις’.

2255 481 2704 552 Ἀνεγνὼσθησαν
2737 479 2792 532 δὲ
2846 479 2940 531 καὶ
2969 475 3360 536 Λεσδώνακτος
3399 473 3582 541 Λότοι
3603 471 3773 522 πολι.

2174 577 2327 632 τικοὶ
2358 573 2574 639 δεκαέξ.
2605 567 2775 635 Οὗτος
2813 570 2870 625 δὲ
2908 572 2935 623 ὁ
2959 567 3344 634 Λεσϐῶναξ...

2895 659 3014 714 OE'.

2176 758 2451 814 Ἰωάννου
2473 758 2579 812 τοῦ
2600 756 2944 810 Φιλοπόνου
2969 754 3122 821 πρὸς
3151 752 3258 805 τὸν
3277 747 3570 818 Ἰωάννην
3603 748 3775 818 ἁρχι-

2415 831 2757 883 επίσκοπον
2785 825 3502 887 Κωνσταντινουπόλεως.

2259 922 2605 990 Ἀνεγνώσθη
2635 919 2888 972 Ἰωάννου
2944 915 3041 970 τοῦ
3095 915 3394 968 Φιλοπόνου
3440 909 3778 980 βιδλιδάριον

2177 1015 2321 1069 κατά
2343 1015 2452 1067 τῶν
2471 1012 2668 1074 ἐνθέως
2683 1009 3157 1079 δογματισθέντων
3181 1008 3319 1075 Περὶ
3338 1004 3448 1073 τῆς
3471 1005 3654 1074 ἁγίας
3680 1003 3775 1055 καὶ

2180 1108 2513 1180 όμοουσίου
2539 1103 2780 1171 Τριόδος
2805 1100 2910 1154 ὑπὸ
2941 1099 3032 1153 τοῦ
3063 1100 3121 1152 ὲν
3139 1099 3315 1167 ἁγίοις
3341 1096 3592 1150 Ἰωάννου
3617 1095 3782 1164 ἀρχι-

2179 1200 2480 1253 επισκόπου
2514 1193 3163 1256 Κωνσταντινουπόλεως,
3210 1191 3304 1244 τοῦ
3339 1189 3448 1243 ἀπὸ
3476 1187 3780 1258 Σχολαστι-

2180 1293 2314 1358 κῶν,
2362 1292 2420 1343 ὲν
2459 1288 2537 1357 τῷ
2564 1285 2938 1358 Κατηχητικῷ
2992 1285 3137 1353 λόγῳ
3160 1283 3228 1348 ³¹,
3253 1282 3312 1334 ὃν
3341 1276 3495 1332 εἶπεν
3530 1278 3630 1330 ὲπὶ
3682 1276 3781 1342 τῆς

2179 1383 2404 1453 πρώτης
2432 1381 2811 1450 ὲπινεμήσεως
2837 1377 3213 1447 βασιλεύοντος
3238 1375 3552 1428 Ἰουστίνου.

2260 1476 2417 1527 Ἔστι
2439 1473 2494 1526 δὲ
2525 1473 2623 1542 τὴν
2653 1471 2856 1542 φράσιν
2885 1472 3070 1540 ὅμοιος
3112 1467 3324 1536 ἑαυτῷο
3359 1469 3545 1538 σαφής
3577 1485 3641 1519 τε
3674 1466 3783 1538 γὰρ

2183 1572 2279 1622 καὶ
2309 1568 2462 1621 οὐδὲν
2488 1567 2736 1637 μετέχων
2766 1564 2920 1616 τόνου
2968 1562 3000 1632 ἢ
3039 1561 3393 1632 σεμνότητος.
3418 1559 3546 1621 Τοῖς
3569 1561 3783 1629 ἐπιχει-

2187 1665 2254 1734 ρή
2265 1679 2398 1733 μασι
2428 1661 2487 1714 δὲ
2547 1660 2608 1712 οὐ
2669 1659 2829 1728 μόνον
2861 1656 3084 1726 ἀσεϐὴς,
3113 1654 3249 1708 ἀλλὰ
3297 1653 3394 1706 καὶ
3429 1653 3551 1705 λίαν
3578 1653 3782 1722 σαθρὸς

488 1745 730 1814 putidus,
762 1756 923 1815 atque
965 1748 1270 1803 imbecillus
1303 1759 1407 1816 est,
1443 1760 1501 1805 ut
1555 1765 1621 1804 ne
1648 1751 1920 1805 umbratili
1955 1752 2078 1822 qui-

2198 1756 2282 1808 ιιαὶ
2316 1753 2611 1822 ἀνίσχυρος
2648 1748 2779 1822 [165
2813 1747 2906 1820 Η.]
2936 1751 3028 1800 καὶ
3069 1747 3194 1817 μηδ’
3221 1745 3527 1815 ὲπιπολαίῳ
3571 1762 3783 1814 φαντα-

489 1838 611 1893 dem
643 1838 891 1893 veritatis
926 1841 1129 1910 specie,
1169 1845 1390 1912 proiiria
1426 1845 1666 1912 potuerit
1693 1843 1944 1900 colorare
1986 1846 2079 1898 ad-

2198 1849 2278 1920 ςίᾳ
2307 1847 2410 1915 τῆς
2448 1842 2707 1915 ἀληθείας
2734 1843 2802 1895 τὰ
2827 1843 3001 1895 οἰκεῖα
3026 1840 3279 1909 δυνηθεὶς
3298 1838 3607 1909 ὲπιχρῶσαι
3640 1837 3784 1892 κατά

490 1944 680 1985 versus
722 1933 843 2000 pios
884 1934 1243 2002 sapitismata.
1283 1932 1518 1990 Naturas
1550 1938 1749 1990 etenim
1795 1946 1959 2005 atque
1993 1951 2079 1990 es-

2198 1942 2282 2010 ιῆς
2335 1938 2622 2002 εὐσεϐείας
2684 1936 3038 2006 σοφίσματα·
3091 1932 3283 2002 φύσεις
3312 1932 3421 2002 γὰρ
3451 1933 3545 1984 καὶ
3591 1931 3784 1993 οὐσίας

491 2023 716 2086 sentias,
770 2025 1011 2093 deosque
1052 2037 1418 2093 commentus,
1464 2029 1640 2082 nullas
1684 2028 1809 2083 inde
1839 2044 1945 2083 non
1987 2043 2079 2084 ore

2198 2036 2282 2086 καὶ
2315 2032 2575 2102 θεότητας
2592 2031 2636 2062 ³²
2659 2031 2753 2084 καὶ
2770 2029 2925 2090 θεοὺς
2958 2026 3327 2096 πλασάμενος,
3358 2023 3613 2078 ἐντεῦθεν
3643 2023 3780 2076 ἀθυ-

490 2115 764 2176 inirenato
817 2118 870 2170 in
930 2117 1295 2172 Christianam
1345 2119 1455 2189 (Ἠ)
1509 2121 1668 2174 fidem
1718 2121 2079 2190 blasphemiae

2198 2125 2472 2194 ροστόμως
2496 2124 2680 2176 πᾶσαν
2716 2119 3068 2192 βλασφημίαν
3098 2119 3198 2188 τῆς
3238 2116 3587 2189 Χριστιανῶν
3612 2133 3784 2168 κατα-

491 2210 667 2261 vomit
695 2207 839 2261 istud
865 2209 1157 2264 identidem
1186 2228 1200 2264 :
1247 2227 1268 2263 ι
1310 2210 1490 2266 Unum
1521 2227 1682 2282 quam
1719 2213 1888 2267 multa
1913 2213 2083 2284 signi-

493 2301 622 2355 ficat
658 2301 773 2372 ('72)
837 2319 857 2354 ι
923 2304 1086 2357 anxie
1128 2304 1308 2366 nimis,
1356 2306 1692 2375 nimiumque
1727 2307 1934 2361 minute
1953 2322 2084 2362 con-

491 2404 735 2448 seCtans.
781 2392 858 2448 ita
916 2408 1014 2463 per
1051 2411 1204 2450 suam
1254 2395 1626 2461 artiﬁciosam,
1663 2407 1722 2452 ut
1751 2397 1825 2451 illi
1862 2397 2082 2467 quidem

493 2486 729 2551 videtur,
789 2487 1152 2557 nugacitatem
1179 2527 1194 2553 ,
1230 2487 1313 2542 vel
1337 2489 1574 2558 pueriles
1621 2489 1799 2558 potius
1829 2489 2081 2559 ineptias,

495 2577 884 2649 mystagogiam
936 2588 1176 2633 nostram
1219 2580 1582 2650 theologicam
1609 2581 1762 2635 nihili
1790 2597 1849 2637 se
1880 2582 2083 2650 facere,

499 2669 798 2724 insolenter
838 2671 1084 2738 jartavit.
1123 2672 1196 2724 At
1238 2687 1344 2725 non
1393 2671 1531 2742 52b
1563 2673 1615 2726 in
1655 2675 1759 2729 hoc
1791 2674 1966 2728 solum
1999 2689 2087 2727 ar-

496 2763 845 2828 gumentandi
887 2777 1085 2833 genere
1125 2763 1374 2820 inﬁrmus
1420 2776 1527 2828 est,
1577 2781 1642 2821 ac
1691 2767 1938 2832 demens,
1989 2767 2085 2820 sed

497 2861 553 2909 et
590 2856 643 2908 in
672 2855 795 2909 aliis
821 2857 1075 2910 omnibus
1097 2858 1232 2922 suis,
1263 2873 1492 2927 quorum
1516 2858 1736 2926 quidem
1761 2870 1949 2914 auctor
1979 2869 2084 2924 est,

498 2946 737 3016 scriptis.
771 2946 993 3017 Excipio
1026 2947 1139 3013 illa,
1176 2963 1315 3018 quae,
1365 2948 1594 3004 aliorum
1626 2949 1846 3005 inventa
1883 2955 2090 3021 compi-

2186 2216 2360 2288 χέει³³
2383 2216 2642 2279 πίστεως,
2666 2215 2728 2267 τὸ
2754 2233 2772 2264 ι
2791 2214 2849 2265 ἓν
2872 2214 3015 2265 πόσα
3049 2210 3308 2281 σημαίνει
3333 2229 3352 2260 ι
3377 2207 3780 2279 σμικρολογῶν·

2190 2311 2300 2361 κὰκ
2332 2306 2433 2376 τῆς
2453 2306 2709 2376 τεχνικῆς
2739 2303 2927 2367 αὑτοῦ,
2963 2303 3038 2366 ὡς
3061 2304 3236 2356 οἴεται
3263 2302 3330 2362 ³⁸,
3365 2299 3780 2371 ματαιολογίας,

2194 2400 2396 2471 μᾶλλον
2433 2399 2491 2452 δὲ
2543 2397 2947 2469 παιδαριώδους
2994 2395 3411 2465 ἀπειροκαλίας,
3457 2394 3559 2463 τὴν
3604 2393 3783 2445 θεολο-

2189 2492 2354 2562 γικὴν
2385 2491 2543 2561 ἡμῶν
2566 2491 2872 2557 ὲξουθενεῖν
2907 2487 3216 2560 ὲφρυάξατο
3251 2486 3672 2556 μυσταγωγίαν.
3708 2485 3781 2537 Οὐ

2194 2584 2358 2654 μόνον
2387 2583 2432 2636 δ’
2462 2584 2519 2635 ὲν
2543 2581 2758 2644 τούτοις
2794 2581 2838 2612 ³⁸
2861 2581 2977 2632 ἐστὶ
3008 2580 3122 2640 τοῖς
3155 2577 3585 2647 ἐπιχειρήμασιν
3614 2573 3782 2629 ἀσθε-

2191 2677 2288 2748 νὴς
2320 2677 2414 2730 καὶ
2438 2676 2685 2746 ἀνόητος,
2717 2673 2854 2728 ἀλλὰ
2873 2673 2969 2726 καὶ
2999 2674 3056 2725 ὲν
3093 2673 3208 2733 τοῖς
3230 2669 3413 2732 ἄλλοις
3442 2668 3654 2722 ἅπασιν
3689 2669 3784 2723 αὑ-

2191 2768 2284 2822 τοῦ
2315 2768 2710 2836 συντάγμασιν,
2739 2759 2814 2819 ὧν
2861 2767 3009 2818 ἐστιν
3051 2763 3212 2825 αὐτὸς
3243 2761 3448 2831 πατὴρ,
3511 2759 3651 2813 ἀλλά
3710 2761 3783 2830 μὴ

2193 2859 2490 2930 ἀλλαχόθεν
2543 2856 2816 2927 ἐκκλέψας
2872 2857 2973 2919 τὰς
3027 2855 3276 2924 εὑρέσεις
3329 2852 3670 2906 ὑπεδάλλετο
3717 2853 3783 2914 ⁸⁸,

2193 2951 2314 3004 λίαν
2364 2951 2512 3004 ἐστὶν
2552 2948 2595 2982 ³¹¹
2635 2947 3021 3017 ἀπῳκισμένος
3045 2946 3153 2999 τῶν
3199 2944 3431 2998 συνιδεῖν
3455 2944 3700 3014 ἐχόντων
3725 2944 3786 2994 τὺ

497 3039 637 3104 laus,
691 3039 794 3093 sibi
843 3040 1181 3094 vindicavit.
1227 3041 1567 3111 Longissime
1619 3043 1764 3098 enim
1801 3041 1966 3098 'infra'
1994 3059 2079 3098 eos

2198 3045 2393 3115 ψεῦδος
2420 3045 2452 3115 ἦ
2478 3043 2712 3106 τάληθὲς
2739 3041 2834 3096 καὶ
2855 3042 2964 3094 τῶν
2988 3041 3068 3103 είς
3096 3039 3141 3071 ³⁸
3163 3037 3470 3109 δριμύτητα
3493 3038 3789 3089 τεινόντων

500 3139 754 3184 auctores
786 3138 890 3195 est,
933 3130 1024 3200 qui
1068 3131 1262 3185 faisum
1301 3104 1504 3187 norunt
1531 3148 1558 3186 a
1601 3149 1731 3187 vero
1764 3133 2079 3202 diiudicare,

2198 3104 2488 3206 νοημάτων
2513 3104 2846 3206 ἐφάψασθαι.
2865 3135 2933 3186 Ἀ
2963 3133 3009 3186 δ’
3043 3104 3367 3200 ἐστὶν-αύτῷ
3388 3104 3786 3198 ύποὸολιμαῖα,

497 3234 553 3277 et
579 3223 644 3276 ad
677 3223 792 3292 ipsa
833 3238 1117 3278 sensorum
1149 3226 1397 3278 acumina
1437 3226 1765 3296 pertingere.
1799 3226 1929 3293 Quae
1953 3241 2079 3296 ergo

2198 3231 2355 3296 σώζει
2381 3231 2479 3300 μὲν
2504 3229 2616 3282 τῶν
2665 3229 2881 3296 φύντων
2937 3225 3028 3278 τὸν
3077 3223 3427 3294 χαρακτῆρα,
3475 3220 3617 3290 πλὴν
3668 3220 3791 3272 ἔστι

498 3314 602 3369 sibi
639 3314 918 3368 subdititia
966 3325 1204 3386 arrogat,
1236 3325 1461 3371 servant
1493 3317 1577 3370 illa
1612 3317 1826 3386 quidem
1858 3317 2087 3385 scripto-

502 3419 621 3459 rum
669 3403 1080 3460 characterem:
1116 3415 1354 3461 attamen
1404 3419 1529 3460 sunt
1576 3407 1628 3461 in
1686 3407 1752 3462 iis
1806 3407 2083 3471 nonnulla,

501 3495 738 3564 maligno
791 3496 1146 3566 improboque
1181 3499 1442 3551 orationis
1471 3497 1636 3551 veluti
1686 3499 1826 3552 vietu
1854 3500 2084 3566 quodam

503 3600 666 3657 atque
694 3599 956 3658 apparatu
991 3591 1058 3643 ab
1082 3591 1197 3659 ipso
1223 3601 1498 3660 corrupta,
1527 3591 1578 3644 id
1608 3593 1751 3660 quod
1768 3605 2084 3661 germanum

503 3691 620 3737 erat
657 3683 708 3736 in
757 3683 886 3751 ipsis
913 3683 1262 3747 auctoribus,
1288 3699 1349 3738 ac
1384 3687 1710 3750 masculum,
1735 3684 2035 3738 amiserunt
2069 3701 2084 3738 :

504 3783 740 3841 suntque
788 3774 854 3828 iis
886 3773 1084 3827 similia
1118 3776 1453 3842 cmnpositis,
1487 3792 1606 3844 (ιιιιι³
1640 3775 1859 3844 quidem
1893 3786 2086 3828 natura

503 3868 730 3934 optima,
781 3866 849 3918 ob
877 3865 980 3918 cibi
1021 3876 1201 3919 tamen
1240 3866 1529 3937 victusque
1576 3869 1865 3935 rationem,
1907 3869 2083 3939 illegi-

503 3960 698 4014 timum
731 3958 881 4027 quid,
907 3968 961 4012 et
998 3958 1300 4028 improbum
1331 3976 1440 4030 pra:
1467 3976 1526 4014 se
1554 3960 1754 4016 ferunt.
1793 3960 2084 4016 Verumta-

504 4063 627 4106 men
681 4051 735 4105 in
787 4051 890 4105 hoc
924 4051 1038 4118 ipso
1097 4052 1232 4106 libro
1294 4065 1605 4110 sanctorum
1657 4054 1875 4108 Patrum
1941 4054 2084 4108 dicta

504 4143 711 4213 colligit
746 4161 759 4198 :
792 4155 849 4197 ut
883 4143 1128 4213 Gregorii
1181 4159 1542 4212 cognomento
1567 4148 1846 4218 Theologi,
1886 4156 1940 4201 et
1984 4147 2085 4200 Ba-

2191 3327 2283 3379 xa‘i
2307 3325 2342 3379 ἃ
2370 3327 2436 3394 τῇ
2477 3322 2730 3394 μοχθηρᾷ
2775 3319 2907 3391 παρ’
2942 3317 3109 3372 αὑτοῦ
3161 3316 3342 3386 διαίτῃ
3384 3313 3480 3366 καὶ
3519 3313 3787 3380 διασκευή

2187 3417 2284 3470 τοῦ
2313 3417 2474 3484 λόγου
2508 3414 2571 3466 τὸ
2605 3415 2852 3481 γενναῖον
2880 3411 2973 3464 καὶ
3011 3406 3332 3479 ἀρρενωπὸν
3385 3405 3495 3456 τῶν
3527 3420 3796 3471 γεννησα-

2195 3511 2372 3580 μένων
2416 3505 2756 3561 ἀπεϐάλλετο
2809 3505 2876 3568 ³⁸,
2934 3503 3029 3556 καὶ
3071 3501 3223 3554 ἔστιν
3270 3499 3461 3568 ὥσπερ
3527 3495 3792 3559 σύνθετα,

2195 3601 2336 3670 φυὴν
2385 3600 2483 3670 μὲν
2534 3599 2754 3669 ἄριστα,
2785 3597 2957 3666 τροφῇ
2988 3592 3044 3646 δὲ
3083 3593 3177 3644 καὶ
3206 3591 3386 3661 διαίτῃ
3411 3589 3473 3641 τὸ
3511 3586 3669 3638 νόθον
3693 3585 3795 3638 καὶ

2199 3689 2470 3760 μοχθηρὸν
2519 3688 2912 3757 ὑποφαίνοντα.
2966 3682 3113 3753 Πλὴν
3142 3681 3260 3736 ἀλλ’
3303 3680 3360 3733 ἔν
3408 3696 3471 3746 γε
3505 3677 3685 3747 τούτῳ
3715 3675 3795 3745 τῷ

2193 3777 2338 3846 λόγῳ
2366 3777 2460 3829 καὶ
2479 3775 2745 3847 Πατέρων
2764 3774 2952 3845 ῥήσεις
2967 3771 3302 3841 παραφέρει,
3321 3768 3414 3822 τοῦ
3439 3785 3496 3821 τε
3518 3767 3794 3834 Θεολόγου

2193 3869 2500 3941 Γρηγορίου
2526 3870 2620 3921 καί
2643 3867 2737 3920 τοῦ
2771 3866 3005 3936 μεγάλου
3036 3863 3320 3918 Βασιλεὶου
3355 3857 3686 3912 Ἀθανασίου
3729 3874 3792 3910 τε

2191 3961 2286 4014 τοῦ
2326 3961 2631 4014 πολυάθλου
2685 3961 2780 4013 καὶ
2824 3958 2921 4012 τοῦ
2983 3961 3041 4012 ὲν
3102 3957 3282 4024 ἁγίοις
3325 3951 3636 4024 Κυρίλλου·
3673 3950 3795 4004 ἀλλ’

2191 4054 2344 4107 οὐδὲν
2365 4053 2516 4123 αὑτῷ
2547 4051 2892 4105 συντελοῦσιν
2920 4049 3030 4104 οὐδ’
3061 4044 3220 4104 αὗται
3245 4050 3325 4111 είς
3363 4045 3457 4099 τὸν
3489 4044 3797 4115 προκείμε-

2193 4163 2284 4200 νον
2313 4145 2408 4199 καὶ
2435 4143 2777 4215 ἡσεϐημένον
2800 4143 3023 4198 σκοπόν.

504 4235 608 4297 silii
641 4233 840 4305 Magni,
871 4235 1151 4291 Athanasii
1195 4239 1320 4292 item
1356 4240 1498 4295 illius
1527 4241 1692 4295 variis
1721 4241 1877 4294 malis
1914 4239 2161 4300 exerciti.
2192 4254 2257 4294 ac
2279 4237 2340 4292 Β.
2371 4236 2718 4308 Cyrilli,qua2
2782 4246 2959 4290 tamen
3020 4247 3242 4288 causam
3308 4231 3482 4300 ipsius
3538 4229 3791 4300 impiam,

503 4347 662 4403 quam
701 4331 861 4387 habet
891 4333 1244 4400 pr0positatn,
1276 4335 1498 4389 minime
1529 4343 1903 4401 promoveant.

1173 4423 1410 4478 LXXVI.

580 4518 673 4574 Fl.
700 4521 915 4591 Iosephi
947 4521 1336 4588 Auliqnitutum
1365 4517 1719 4572 Iudaicarum
1755 4518 1876 4572 libri
1907 4535 1999 4573 xx.

579 4677 836 4748 Legimus
878 4677 1046 4731 Flavii
1087 4673 1308 4743 Josephi
1341 4674 1587 4728 Iudaica:
1635 4676 1971 4742 antiquitatis
2017 4675 2083 4728 li-

2111 4427 2164 4488 Ι)

2909 4415 3048 4480 oq'.

2192 4511 2455 4567 Φλαϐίου
2505 4508 2799 4575 Ἰωσήπου
2833 4505 3170 4572 Ἰουδαϊκῆς
3214 4500 3645 4572 ἀρχαιολογίας
3679 4504 3791 4555 λό-

2905 4595 2973 4629 ’οι
3005 4583 3078 4629 κ’.

2905 4596 2973 4629 ’οι
3005 4596 3078 4629 κ’.

2265 4675 2359 4748 [98
2388 4673 2480 4746 Η.]
2510 4670 2862 4741 ’Λνεγνὼσθη
2881 4596 3120 4722 ῗιήιαὸίου
3141 4665 3410 4737 Ἰωσήπου
3441 4665 3794 4733 Ἰουδαϊκῆς

1842 4764 2080 4819 ΥΑΒΙᾸΰ
2127 4763 2539 4820 LECTIONES.

574 4863 617 4894 “
650 4859 1015 4944 λόγιμᾟαύςιοῦ
1049 4859 1194 4944 λόγῳ
1227 4879 1287 4923 ς.
1369 4862 1433 4944 ὐ
1466 4863 1559 4914 καὶ
1593 4860 1855 4944 θεότητας
1877 4861 2092 4944 add._A.

503 4932 550 4965 ³⁸
580 4933 790 4992 τούτοις
824 4931 944 5002 ἐστὶ
974 4933 1098 5002 τοῖς
1136 4932 1564 5000 ἐπιχειρήμασιν
1595 4934 1637 4984 Δ
1666 4932 1919 5002 είτούτων
1947 4933 2054 5002 τοῖς
2106 4932 2533 5002 ἐπιχειρήμασίν
2563 4933 2715 4981 ἐστιν
2748 4943 2808 4992 ς.

1692 5001 1736 5031 ³³
1770 5001 2074 5056 ἀπεϐάλετο
2123 5001 2334 5072 margo,
2369 5002 2552 5054 nescio
2582 5017 2650 5052 an
2685 5009 2851 5052 recte.

503 5017 668 5058 Stum.
747 5002 792 5032 ³⁷
823 5001 943 5054 λίαν
967 5001 1024 5053 δέ
1059 5003 1205 5053 ἐστιν
1237 5019 1294 5065 ς.
1368 5001 1412 5031 ³⁸
1434 5003 1491 5063 ἐς
1537 5018 1598 5064 ς.

2804 4857 2850 4888 ³⁸
2882 4856 2958 4918 ὡς
2995 4857 3166 4908 οἴεται
3199 4855 3241 4906 Α
3277 4870 3292 4906 :
3344 4853 3665 4919 προσοίεται
3721 4871 3786 4918 ς.

2191 4863 2236 4894 ³⁸
2276 4860 2606 4913 κατανέεται
2639 4877 2699 4913 ς.

2424 4877 2606 4929 χεεται
2639 4877 2699 4924 ς.
2804 4877 2850 4888 *⁷
2882 4877 2958 4918 ως
2995 4877 3166 4908 ate-tat.
3199 4877 3241 4906 ει
3277 4877 3292 4906 ς
3344 4877 3665 4919 πρυσυιεται
3721 4877 3786 4918 ς.

2424 4932 2533 4982 ισίν
2563 4933 2715 4981 ἐστιν
2748 4943 2808 4992 ς.
2929 4927 2975 4958 ⁸⁵
3007 4922 3366 4996 ὑπεϐάλλετο]
3410 4924 3594 4976 malini
3635 4941 3790 4976 aon-

2000 5118 2232 5174 NOTAE.

576 5210 687 5276 ’68)
715 5208 1068 5265 Lesbouactis
1096 5211 1214 5263 dua:
1249 5210 1503 5279 leguntur
1543 5207 1830 5264 Orationes
1859 5230 1872 5264 :
1899 5211 2080 5279 politi-

501 5301 562 5333 ra
632 5297 758 5346 una,
789 5282 854 5335 de
894 5281 1034 5334 bello
1063 5278 1399 5349 Corinthio;
1435 5279 1599 5332 altera
1634 5278 1985 5349 protreptiCa.
2017 5283 2085 5337 ad

503 5367 736 5418 pugnam
753 5367 874 5406 cum
895 5347 1645 5420 Lacet‘ltetttoniis.“istoriaui
1662 5347 2081 5420 refertThncyd.

505 5415 603 5473 tib.
663 5435 762 5473 vtt.
807 5421 1096 5488 Antiquior
1149 5419 1236 5472 hic
1290 5418 1378 5470 illo
1428 5415 1764 5474 Lesbouacte
1789 5431 1894 5483 est,
1925 5415 2083 5488 quem

504 5492 604 5544 sub
630 5491 871 5558 Augusto
907 5490 1284 5559 philosophum
1329 5489 1504 5557 egisse
1550 5491 1740 5543 scribit
1775 5489 1968 5545 Snidas
1990 5533 2005 5546 .

576 5559 689 5628 (69)
743 5558 920 5625 Hujus,
962 5558 1188 5613 Joannis
1223 5560 1546 5626 patriarchae
1580 5563 1779 5614 mentio
1807 5572 1891 5613 est
1932 5577 2082 5628 supr.

507 5634 629 5684 cod.
685 5630 775 5683 ‘24.
811 5631 978 5694 Quem
1039 5637 1289 5681 sanctum
1343 5629 1544 5681 dictum
1597 5642 1719 5696 puta
1748 5647 1811 5683 ex
1850 5629 2083 5684 formula

507 5708 714 5753 tantum
759 5699 1090 5752 Gnecorum.
1125 5698 1257 5752 Vide
1288 5699 1348 5751 Ι).
1373 5698 1494 5752 Bar.
1531 5711 1659 5753 tom.
1697 5699 1800 5752 Wl.

581 5771 692 5839 (το)
743 5769 866 5825 Ἐπὶ
915 5769 1014 5837 τῆς
1046 5767 1270 5840 πρώτης
1322 5773 1698 5841 ὲπινεμήσεως
1751 5770 2084 5827 Glossarium

2189 5221 2347 5263 vetus
2378 5210 2731 5264 indictionem
2777 5209 3189 5275 interpretatur.
3229 5205 3365 5275 Sup.
3403 5205 3458 5260 in
3511 5201 3791 5275 Hesycltio

2187 5280 2481 5350 ἑνδεκάτην
2518 5278 2826 5334 ίνδικτιῶνα
2856 5277 3067 5331 extulit.

2260 5350 2374 5420 (7|)
2407 5344 2541 5405 liiuc
2575 5358 2738 5417 atque
2774 5350 2992 5420 aliunde
3019 5347 3234 5420 merito,
3279 5355 3339 5398 ut
3380 5358 3409 5399 a
3441 5344 3789 5420 ﬁde_Chris-

2190 5417 2692 5542 tiai’iaéabhorrens
2728 5419 3033 5474 traducitur
3065 5432 3094 5470 a
3121 5417 3343 5471 Conone
3372 5427 3426 5470 et
3459 5417 3628 5469 sociis
3658 5433 3785 5484 sup.

2190 5507 2309 5542 Ωυι.
2372 5509 2424 5542 0.

2187 5492 2309 5546 CUti.
2334 5491 2424 5544 25.

2263 5561 2376 5630 (79)
2437 5561 2508 5615 Τὸ
2536 5561 2606 5614 ἓν
2636 5561 2801 5615 πόσα
2829 5558 3134 5627 σημαίνει,
3159 5555 3603 5630 σμιξρολοτῶν.
3664 5557 3787 5630 Quo

2199 5624 2313 5686 fere
2362 5624 2525 5685 modo
2571 5633 2712 5699 apud
2758 5624 3004 5684 Cassiod.
3044 5631 3094 5679 in
3129 5629 3235 5678 vita
3268 5624 3326 5678 Β.
3363 5629 3660 5697 Chrysnst.
3708 5627 3786 5678 Ie-

2195 5704 2370 5769 gimus
2392 5702 2623 5754 Arianos
2653 5704 2941 5758 cecinisse.
2987 5699 3121 5754 «Ubi
3152 5711 3299 5758 sunt,
3329 5699 3421 5767 qui
3457 5699 3650 5751 dicunt
3676 5700 3782 5749 tria

2197 5774 2395 5825 virtute
2434 5786 2597 5824 unum
2621 5771 2644 5823 ?
2677 5789 2696 5823 ι
