3942 6234
169 306 266 371 2U

1191 323 1716 388 BIBLIOTHECA.
1738 353 1809 363 -
1823 329 1986 391 COD-
2026 334 2515 401 LXXV-LXXVI.

3331 338 3451 402 242

171 421 614 516 ἀρχαιολογίας,
651 424 712 476 ἐν
744 425 924 494 λόγοις
954 434 1023 481 κ’.
1052 428 1311 500 Ἀρχεται
1338 433 1447 487 ἀπὸ
1467 435 1564 505 τῆς
1591 437 1757 488 Μωῦ-

1874 442 1992 494 bros
2025 442 2142 500 XX.
2191 445 2236 500 A
2272 447 2458 503 mundi
2505 448 2782 503 creatione
2831 448 2971 516 apud
3009 447 3191 503 Mosen
3225 448 3437 504 initium

173 511 314 576 σὲως
358 517 748 583 κοσμογονίας,
805 518 872 572 τά
921 520 1092 574 πολλά
1113 523 1354 594 συνᾴδων
1385 529 1454 598 τῇ
1477 528 1758 592 Μωῦσέως

174 608 469 675 συγγραφῇ
503 605 574 670 ⁵ο,
603 607 724 658 ἔστι
755 607 812 661 δὲ
828 607 958 662 ἔνθα
997 610 1340 685 ἀλλοιότερον
1372 618 1761 688 συγγραφόμε-

171 713 286 760 νος.
321 698 547 750 Κάτεισι
569 698 628 751 δὲ
655 699 820 772 μέχρι
851 700 949 770 τῆς
974 702 1149 773 ἀρχῆς
1164 703 1258 758 τοῦ
1285 705 1420 777 πρὸς
1457 707 1762 778 Ῥωμαίους

184 787 461 842 Ἰουδαίων
490 791 757 862 πολέμου·
793 792 1074 848 ἐϐασίλευε
1101 795 1159 848 δέ
1200 797 1319 850 τότε
1353 797 1461 854 τῶν
1489 799 1761 855 Ἰουδαίων

175 878 492 950 Ἀγρίππας
519 881 547 931 6
567 879 664 933 τοῦ
695 882 1008 956 Ἀργρίππα
1027 884 1123 938 τοῦ
1162 887 1401 957 μεγάλου
1423 893 1573 954 παῖς,
1593 890 1764 964 ὃςἸη-

175 971 309 1024 σοῦν
340 971 431 1025 τὸν
450 971 545 1025 τοῦ
563 973 846 1046 Γαμαλιήλ
865 977 964 1048 τὴν
984 978 1412 1051 ἀρχιερωσύνην
1428 982 1764 1052 ἀφελόμενος

169 1063 360 1117 δίδωσι
392 1063 615 1138 Ματθίᾳ
642 1065 719 1136 τῷ
742 1069 785 1098 ⁸⁸
808 1067 1093 1137 Θεοφίλου.
1126 1069 1352 1140 Πρῶτος
1385 1071 1441 1124 δέ
1483 1073 1763 1145 Ἀντίοχος

173 1155 268 1208 καὶ
297 1155 654 1229 όστρατηγδς
670 1159 836 1212 αὑτοῦ
867 1160 1093 1226 Λυσίας,
1129 1162 1220 1229 ἀφ’
1247 1157 1309 1214 οὒ
1339 1166 1452 1227 τοῖς
1483 1165 1765 1230 Ἰουδαίοις

171 1248 596 1319 ἀρχιερωσύνης
615 1248 862 1321 ἐγνώσθη
881 1253 1120 1322 ἀξίωμα,
1142 1252 1221 1316 είς
1231 1253 1437 1325 ταύτην
1453 1254 1552 1325 τὴν
1568 1258 1768 1328 τολμη-

176 1339 278 1408 ράν
300 1339 545 1412 κατέστη
579 1342 894 1413 ἐγχείρησιν
917 1359 934 1373 ⁸
960 1343 1052 1397 τὸν
1071 1344 1180 1416 γάρ
1197 1344 1399 1410 Ὀνίαν,
1424 1339 1469 1415 ᾧ
1493 1348 1767 1416 Μενέλαος

174 1431 433 1503 ἐπίκλην,
453 1433 556 1504 τὴν
583 1435 997 1508 ἀρχιερωσύνην
1018 1437 1451 1509 ἀφελόμενοικαὶ
1466 1440 1764 1510 ἀνελόντες,

174 1518 298 1577 εἶτα
353 1525 566 1578 καὶτὸν
598 1526 764 1579 παῖδα
796 1530 897 1598 τῆς
923 1528 1176 1601 διαδοχῆς
1213 1531 1607 1598 ἀπελάσαντες,
1638 1535 1770 1590 καθ-

179 1617 394 1669 ιστᾶσιν
427 1616 672 1686 Ἰάκιμον
699 1619 768 1684 δ’,
799 1621 992 1688 γένους
1022 1622 1122 1692 μὲν
1148 1622 1245 1676 τοῦ
1273 1624 1549 1695 Ἀαρῶνος
1570 1625 1636 1691 ⁸³,
1669 1626 1768 1679 οὑκ

174 1708 306 1761 ὄντα
335 1709 396 1761 δὲ
424 1708 527 1778 τῆς
553 1710 731 1775 οἰκίας
789 1712 1014 1783 ταύτης.
1061 1714 1178 1785 Πρὸ
1210 1715 1268 1768 δέ
1293 1715 1484 1770 τούτου
1525 1716 1615 1771 διὰ
1645 1716 1764 1788 βίου

175 1801 602 1872 ἀρχιερατεύειν
630 1804 914 1872 νενόμιστο
930 1805 975 1837 ⁵³
997 1784 1411 1878 ἀπδἈαρῶνος
1435 1784 1762 1880 ἀρξάμενος,
1795 1784 1837 1839 Β

175 1895 269 1946 καὶ
305 1897 442 1960 παῖς
466 1898 623 1969 παρά
657 1897 864 1968 πατρὸς
884 1898 931 1932 ⁸⁸
947 1899 1045 1966 τὴν
1064 1900 1229 1971 τιμὴν
1244 1901 1532 1972 διεδέχετο.
1569 1902 1770 1956 Τελευ-

175 1987 450 2054 τήσαντος
495 1985 555 2040 δὲ
603 1986 851 2058 Ἰακίμου
871 1987 1150 2060 ⁸⁸.τρισ“ιν
1198 1992 1469 2055 ἐνιαυτοῖς
1501 1993 1768 2065 ἀρχιερα-

176 2078 499 2146 τεύσαντος,
538 2077 754 2149 ἔμεινεν
813 2082 1029 2151 ήπόλις
1087 2083 1372 2148 ἐνιαυτοὺς
1416 2085 1558 2138 ἐπτά
1597 2087 1772 2156 χωρὶς

178 2170 511 2243 ἀρχιερέως.
558 2169 619 2224 ’0
646 2171 703 2225 δὲ
728 2171 823 2225 τοῦ
848 2173 1230 2244 Ἀσαμωναίου
1272 2174 1499 2245 ἔγγονος
1536 2177 1583 2208 ⁵⁷
1617 2179 1771 2231 Ματ-

179 2261 340 2326 θείας
364 2263 415 2296 ⁸⁸
447 2264 546 2318 καὶ
579 2263 629 2318 οί
669 2263 860 2317 τούτου
913 2266 1124 2330 παῖδες,
1160 2266 1262 2337 τὴν
1321 2267 1652 2336 προστασίαν
1675 2266 1770 2321 τοῦ

180 2354 369 2416 ἔθνους
407 2354 798 2418 πιστευθέντες
848 2357 943 2408 καὶ
993 2356 1414 2426 πολεμήσαντες
1440 2356 1769 2421 Μακεδόσιν,

179 2445 446 2516 Ἰωνάθην
481 2447 749 2517 ἀρχιερέα
809 2445 1168 2502 καθιστῶσιν.
1205 2447 1298 2514 Ἐξ
1341 2442 1410 2519 ἦς
1466 2449 1664 2516 γενεᾶς
1701 2443 1771 2518 ἦν

180 2538 271 2589 καὶ
297 2536 514 2600 Ἰούδας
537 2536 565 2588 6
603 2537 920 2607 ἐπικληθεὶς
943 2536 1377 2610 Ἀριστόϐουλος,
1402 2537 1461 2602 ὃς
1494 2539 1590 2592 καὶ
1619 2539 1772 2612 πρῶ-

180 2646 267 2693 τος
321 2629 573 2700 διάδημα
629 2629 937 2702 περιέθετο,
987 2631 1280 2702 ἀρχιερεὺς
1307 2632 1335 2684 6
1368 2631 1414 2664 δ’
1461 2630 1625 2694 αὐτὸς
1657 2630 1775 2702 ἅμα

182 2723 271 2773 καὶ
297 2719 566 2790 βασιλεὺς
625 2720 995 2791 χρηματίσας.
1056 2724 1168 2776 Καὶ
1213 2721 1463 2786 ἐπιϐιοὺς
1525 2723 1775 2777 ἐνιαυτὸν

180 2813 293 2876 ἕνα,
315 2811 571 2883 διάδοχον
600 2811 726 2882 ἔσχε
758 2812 854 2866 καὶ
891 2815 991 2883 τῆς
1039 2811 1322 2882 βασιλείας
1362 2815 1458 2868 καλ⁸
1491 2814 1592 2885 τῆς
1629 2814 1776 2886 ἱερα-

180 2905 336 2974 τικῆς
361 2905 547 2975 ἀρχῆς
571 2905 660 2956 τὸν
681 2904 908 2973 ἀδελφὸν
960 2904 1339 2976 (Ἀλέξανδρος
1371 2905 1519 2976 αὐτῷ
1549 2906 1772 2977 ὄνομα),

179 2997 306 3068 [168
347 2996 443 3069 3.]
474 2997 538 3059 ὃς
572 2995 779 3050 ἐπεϐίω
799 2999 864 3067 τῇ
900 2997 1044 3069 ἀρχῇ
1075 2996 1170 3068 ἔτη
1207 2997 1314 3066 κζ’.
1349 2999 1461 3051 Καὶ
1482 2998 1775 3070 διέδραμεν

1862 536 2034 602 ducit,
2078 538 2172 608 qui
2216 554 2341 594 cum
2385 540 2490 595 etsi
2533 551 2784 610 magnam
2827 549 3034 609 partem
3060 541 3321 607 concinit,
3357 544 3443 599 in-

1865 629 2078 683 terdum
2136 640 2319 687 tamen
2371 633 2620 688 diversus
2663 633 2798 700 abit,
2845 633 3128 701 pergitque
3173 647 3345 703 usque
3372 633 3441 690 ad

1863 717 2063 773 bellum
2115 737 2240 775 cum
2287 721 2554 780 Romanis
2595 723 2903 778 Judaicum.
2935 720 3134 776 Judaeis
3180 730 3292 774 tum
3342 737 3442 775 rex

1865 808 2170 880 imperabat
2217 814 2474 884 Agrippa,
2524 815 2774 884 Agrippa:
2809 813 2989 884 Magni
3026 812 3090 867 F.
3131 812 3222 880 qui
3256 811 3439 867 Jesum

1863 899 2185 958 Gamalielis
2215 901 2280 959 F.
2315 905 2634 972 pontiﬁcatu
2668 905 2892 976 dejecit,
2949 902 3269 973 sutl'ecitque
3308 902 3443 956 Mat-

1867 995 2038 1049 tbiatn
2094 994 2378 1067 Theophili
2437 996 2500 1051 F.
2529 997 2650 1064 Quo
2691 998 2933 1054 audaciae
2987 1005 3112 1072 post
3170 994 3442 1065 cognitam

1815 1099 1842 1123 ο
1867 1081 2110 1140 Hebraeis
2135 1087 2427 1141 sacerdotii
2465 1087 2786 1158 dignitatem
2820 1089 3030 1157 primus
3060 1084 3302 1141 omnium
3330 1082 3445 1135 An-

1869 1173 2080 1229 tiochus
2128 1174 2354 1245 ejusque
2371 1175 2477 1231 dux
2501 1175 2690 1246 Lysias
2719 1178 2967 1231 conando
2995 1188 3318 1244 progressus
3340 1180 3443 1226 est.

1867 1265 2058 1319 Oniam
2105 1268 2251 1322 enim
2289 1269 2388 1334 illi,
2420 1269 2504 1324 cui
2548 1268 2792 1324 Menelao
2850 1278 3271 1339 cognomentum
3322 1265 3448 1327 fuit,

1867 1355 2149 1426 pontiﬁcio
2176 1360 2568 1414 submoverunt
2612 1369 2993 1427 necaruntque
3017 1376 3032 1412 :
3057 1358 3185 1428 quin
3203 1366 3258 1412 et
3276 1356 3446 1410 ﬁlium

1869 1459 2110 1516 paternae
2134 1450 2416 1518 dignitatis
2443 1451 2793 1506 successione
2821 1452 3125 1518 privarunt,
3144 1449 3440 1515 subrogato

1866 1539 2078 1596 Jacimo
2113 1542 2230 1611 (75)
2263 1559 2293 1596 e
2323 1557 2524 1612 genere
2551 1542 2772 1612 quidem
2809 1541 3066 1604 Aaronis,
3099 1540 3193 1594 sed
3217 1538 3444 1592 alterius

1869 1634 2110 1690 familiae.
2149 1636 2287 1690 Olim
2315 1650 2440 1689 vero
2467 1629 2567 1705 per
2596 1649 2814 1689 omnem
2844 1633 3011 1687 vitam
3064 1630 3445 1686 Pontificatum

1869 1741 2082 1799 gerere,
2110 1726 2223 1798 jam
2258 1727 2383 1781 inde
2422 1728 2489 1782 ab
2518 1726 2751 1780 Aaronis
2791 1725 3145 1794 temporibus,
3185 1731 3241 1778 et
3275 1721 3446 1775 ﬁlium

1871 1820 1926 1875 in
1959 1819 2231 1876 demortui
2275 1822 2448 1889 patris
2494 1820 2818 1890 dignitatem
2849 1817 3144 1873 succedere
3169 1815 3251 1871 lex
3285 1813 3448 1883 jube-

1871 1915 1983 1971 bat.
2013 1913 2229 1970 Mortuo
2247 1925 2426 1968 autem
2451 1923 2570 1983 post
2588 1911 2804 1966 triennii
2826 1910 3195 1981 pontiﬁcatum
3220 1905 3444 1971 Jacimo,

1869 2005 2156 2075 st-ptennio
2216 2006 2413 2061 deinde
2458 2005 2653 2060 civitas
2703 2003 2960 2074 pontiﬁce
3016 2001 3213 2054 caruit.
3268 1998 3448 2064 Quare

1871 2114 1994 2153 cum
2033 2115 2100 2153 ex
2144 2097 2450 2154 Asamonazi
2492 2099 2604 2169 (74)
2644 2098 2816 2167 stirpe
2848 2095 3087 2150 Matthiae
3115 2092 3227 2162 (75)
3259 2089 3449 2161 hujus-

1869 2204 1975 2259 que
2012 2188 2138 2244 ﬁliis
2175 2190 2352 2260 gentis
2379 2188 2618 2243 Judaica:
2668 2196 2815 2244 esset
2852 2187 3058 2242 credita
3100 2183 3456 2255 praefectura,

1872 2279 2185 2350 bellumque
2223 2281 2385 2334 iidem
2429 2296 2551 2335 cum
2595 2279 2981 2334 Macedonibus
3009 2277 3330 2348 gessissent,
3355 2272 3449 2329 Jo-

1872 2373 2097 2427 natham
2135 2373 2452 2444 pontiﬁcem
2498 2382 2708 2428 creant.
2751 2372 2831 2428 Ex
2862 2387 2967 2442 qua
2996 2371 3165 2440 stirpe
3197 2379 3250 2424 et
3279 2367 3468 2422 Judas.

1872 2473 2239 2531 cognomento
2260 2463 2607 2520 Aristobulus
2639 2463 2766 2528 fuit,
2806 2464 2897 2534 qui
2933 2472 2987 2519 et
3030 2461 3170 2533 53a
3201 2461 3450 2514 diadema

1872 2557 2037 2628 capiti
2086 2558 2298 2627 primus
2342 2556 2626 2627 imposuit.
2661 2555 2827 2627 Regis
2869 2570 3003 2626 ergo
3037 2556 3176 2610 idem
3215 2552 3304 2609 hic
3326 2553 3466 2622 jure

1873 2648 2055 2715 simul,
2080 2659 2136 2703 et
2161 2649 2453 2704 sacerdotii
2485 2664 2638 2713 usus,
2680 2664 2827 2703 anno
2853 2664 2962 2704 uno
2991 2657 3288 2717 superstes,
3327 2659 3451 2700 suc-

1877 2753 2155 2794 cessorem
2200 2738 2416 2810 reliquit
2461 2740 2614 2810 regni
2653 2740 2814 2794 simul
2857 2749 2913 2794 et
2951 2739 3297 2808 pontiﬁcatus
3341 2736 3452 2790 fra-

1874 2835 2040 2894 trem,
2086 2829 2170 2884 cui
2215 2829 2523 2885 Alexandro
2560 2845 2785 2886 nomen.
2831 2829 3016 2885 Gessit
3045 2829 3134 2884 hic
3162 2827 3452 2896 imperium

1875 2937 2051 2977 annos
2083 2931 2289 2992 septem
2321 2930 2378 2978 et
2405 2921 2620 2994 viginti.
2650 2923 2732 2976 Ab
2759 2922 2862 2977 hoc
2903 2921 3154 2990 pervenit
3197 2919 3456 2988 deinceps

1875 3030 2102 3086 regnum
2132 3029 2256 3068 cum
2287 3014 2615 3080 sacerdotio,
2657 3012 2966 3068 Asamonaai
3004 3010 3239 3082 posteris
3265 3024 3473 3065 εει-νει

173 3091 208 3160 ἡ
240 3089 500 3158 βασιλεία
531 3089 668 3159 μετὰ
711 3088 812 3157 τῆς
865 3088 1280 3163 ἀρχιερωσύνης
1325 3093 1439 3154 τοῖς
1476 3090 1584 3145 άπὸ
1612 3092 1772 3146 Ἀσα-

1877 3112 2014 3169 tum,
2049 3103 2116 3157 ad
2156 3101 2468 3176 Hyrcanum
2509 3119 2700 3173 usque,
2732 3118 2893 3172 quem
2938 3101 3310 3156 Romanorum
3346 3099 3478 3157 dux,

177 3182 428 3252 μωναίου
462 3180 751 3252 σωζομένη
785 3179 982 3254 μέχρις
1017 3181 1318 3251 ’Υρκάνου,
1365 3182 1424 3235 δν
1486 3183 1774 3256 Πομπήϊος

172 3278 202 3329 6
229 3275 536 3346 Ῥωμαίων
568 3275 899 3346 στρατηγὸς,
951 3274 1237 3346 πορθήσας
1269 3276 1340 3330 τά
1400 3275 1772 3347 Ἰεροσόλυμα,

174 3368 275 3440 τὴν
311 3368 418 3437 μὲν
452 3366 734 3438 βασιλείαν
757 3367 1020 3435 ἀφείλατο
1052 3366 1122 3432 ³⁸,
1150 3367 1568 3438 ἀρχιερατεύειν
1594 3367 1650 3420 δέ
1679 3369 1774 3420 τοῦ

176 3462 367 3524 ἔθνους
393 3461 697 3513 κατέλιπεν
720 3476 734 3490 ⁸
763 3460 934 3532 ἄρξας
957 3461 1015 3515 δέ
1063 3461 1244 3516 πάντα
1273 3461 1367 3531 ἔτη
1394 3462 1439 3493 ⁸¹
1480 3461 1776 3530 τριάκοντα

175 3558 274 3609 καὶ
294 3554 434 3625 τρία
457 3555 812 3625 αἰχμάλωτος
845 3555 950 3609 ὑπὸ
991 3555 1347 3628 Φαρναϐάζου
1399 3556 1494 3608 καὶ
1524 3554 1774 3625 Πακόρου

176 3647 286 3699 τῶν
305 3648 415 3716 τῆς
445 3645 786 3716 Παρθυηνῆς
818 3646 1097 3700 δυναστῶν
1126 3647 1361 3715 γίνεται,
1388 3647 1483 3699 καὶ
1513 3645 1776 3698 καθίστα-

177 3756 268 3790 ται
298 3738 397 3790 ὑπ’
428 3737 616 3790 αὐτῶν
638 3739 665 3791 6
689 3737 785 3790 τοῦ
819 3737 1234 3809 Ἀριστοϐούλου
1259 3738 1488 3807 ἀδελφοῦ
1521 3737 1636 3800 υἱὸς
1665 3738 1780 3792 Ἀν-

179 3831 399 3897 τίγονος
447 3827 729 3897 βασιλεύς.
777 3830 875 3880 Ὃν
931 3831 1083 3900 τρεῖς
1134 3830 1308 3900 μῆνας
1359 3830 1453 3882 καὶ
1505 3827 1633 3898 τρία
1681 3827 1775 3899 ἔτη

181 3921 429 3990 ἄρξαντα
450 3921 680 3982 Σόσσιος
706 3921 751 3951 ⁵²
775 3921 802 3972 6
831 3921 1121 3990 Ῥωμαίων
1149 3920 1455 3992 στρατηγὸς
1477 3920 1574 3973 καὶ
1606 3916 1780 3989 Ἠρώο

181 4011 277 4082 δης
315 4014 344 4066 6
373 4011 622 4081 πρῶτος,
653 4013 682 4064 6
709 4009 803 4064 τοῦ
837 4011 1203 4083 Ἀντιπάτρου
1250 4011 1346 4065 τοῦ
1378 4011 1778 4066 Ἀσκαλωνίτου

184 4103 276 4156 τοῦ
323 4102 640 4174 ἱεροδούλου
698 4104 796 4157 καὶ
844 4104 943 4176 τῆς
996 4104 1272 4176 Κύπριδος
1311 4107 1412 4176 τῆς
1446 4104 1780 4176 Ἀραϐίσσης

185 4198 336 4260 παῖς,
366 4193 864 4267 ἐξεπολιόρκησαν,
898 4196 1183 4260 Ἀντώνιος
1219 4199 1278 4252 δὲ
1328 4199 1409 4261 είς
1439 4198 1782 4268 Ἀντιόχειαν

183 4288 498 4359 ἀναχθέντα
521 4289 725 4342 ἀνεῖλε.
777 4291 889 4343 Καὶ
946 4291 1180 4344 παύεται
1209 4292 1284 4358 ςτδ
1309 4289 1706 4362 Ἀσαμωναίων
1734 4291 1795 4322 ⁸³·

184 4381 364 4447 γένος,
418 4380 518 4434 καὶ
570 4379 848 4452 λαμϐάνει
894 4381 994 4449 τὴν
1028 4382 1136 4435 τῶν
1185 4380 1455 4435 Ἰουδαίων
1502 4380 1782 4451 βασιλείαν

1875 3192 2192 3265 Pompeius,
2218 3195 2390 3263 captis
2421 3193 2836 3266 Hierosolymis,
2877 3209 3046 3262 regno
3077 3193 3294 3262 quidem
3329 3205 3460 3260 spo-

1877 3287 2050 3352 liavit,
2085 3289 2453 3344 sacerdotium
2487 3296 2669 3341 tamen
2709 3302 2983 3342 summum
3010 3285 3250 3341 Judaicse
3282 3282 3459 3355 gentis

1883 3394 2074 3448 gerere
2107 3380 2374 3452 permisit.
2418 3377 2649 3433 Praefuit
2677 3378 2734 3433 in
2783 3377 3097 3432 universum
3140 3389 3316 3430 annos
3343 3381 3482 3427 tres.

1877 3477 1933 3520 et
1984 3469 2235 3537 triginta,
2281 3483 2406 3522 cum
2441 3469 2543 3524 sub
2579 3467 2936 3522 Pharnabazo
2982 3473 3038 3522 et
3084 3466 3290 3522 Pacoro
3324 3463 3478 3518 Par-

1881 3558 2099 3613 thorum
2126 3559 2396 3628 praefectis
2417 3569 2607 3630 captus
2627 3569 2733 3625 est,
2751 3558 3120 3630 suﬁ‘ectusque
3143 3558 3214 3612 ab
3233 3557 3340 3612 illis
3364 3571 3456 3612 rex

1877 3650 2173 3706 Aristobuli
2206 3649 2395 3705 fratris
2424 3650 2565 3704 ﬁlius
2581 3651 2906 3722 Antigonus.
2928 3647 3300 3716 Huncipsum,
3327 3661 3448 3700 cmn

1879 3755 2054 3797 annos
2084 3749 2216 3807 tres,
2250 3741 2582 3810 totidemque
2629 3753 2846 3795 menses
2887 3739 3234 3809 imperasset,
3267 3735 3459 3790 Sosius

1881 3835 2101 3905 quidem
2131 3835 2498 3890 Romanornm
2529 3833 2636 3886 dux
2677 3841 2734 3888 et
2763 3831 3006 3888 Herodes
3039 3831 3246 3900 primus
3273 3827 3342 3897 (is
3367 3826 3460 3897 qui

1881 3926 2156 3995 Antipatri
2203 3925 2534 3979 Ascalonitaa
2567 3924 2893 3986 sacerdotis,
2941 3933 2996 3978 et
3031 3921 3281 3992 Cypridis
3317 3920 3458 3974 Ara-

1884 4017 2020 4070 bicae
2050 4015 2192 4069 ﬁlius
2216 4014 2337 4085 fuit)
2369 4014 2731 4070 debellarunt.
2760 4013 3031 4068 Antonius
3062 4021 3246 4066 autem
3269 4011 3462 4066 Antio-

1881 4107 2060 4161 chiam
2098 4106 2421 4176 perductum
2461 4106 2695 4160 necavit.
2727 4104 2802 4159 lta
2831 4105 2992 4159 ﬁnem
3024 4103 3343 4158 Asamonaaa
3372 4115 3461 4157 so-

1883 4200 2037 4254 boles
2073 4199 2285 4264 habuit,
2328 4207 2383 4252 et
2427 4197 2719 4267 imperium
2769 4196 3082 4252 Judmorum
3123 4211 3154 4250 a
3199 4195 3460 4250 Romanis

1885 4291 2130 4347 Herodes
2159 4291 2416 4360 sumpsit.
2447 4289 2541 4344 Ille
2568 4290 2749 4345 cuivis
2769 4289 3155 4360 pontiﬁcatum
3187 4288 3457 4357 praebens,

1884 4382 2322 4448 successoribus,
2357 4388 2418 4435 ut
2462 4379 2605 4435 idem
2635 4381 2922 4443 auderent,
2955 4388 3117 4448 caput
3143 4379 3358 4435 exstitit
3381 4385 3463 4432 at-

189 4471 340 4540 παρὰ
379 4470 676 4541 Ῥωμαίων
727 4470 1002 4542 Ἡρώδης·
1059 4472 1117 4534 ὃς
1161 4474 1274 4536 τοῖς
1329 4473 1556 4544 τυχοῦσι
1597 4475 1773 4545 νέμων

1885 4492 1990 4544 que
2021 4476 2350 4545 exemplum.
2383 4473 2652 4544 Pertingit
2683 4477 2886 4542 itaque,
2919 4482 2976 4526 ttt
3012 4487 3172 4540 supra
3202 4472 3463 4537 diximus,

187 4564 283 4631 τὴν
313 4562 736 4634 ἀρχιερωσύνην
771 4563 867 4618 καὶ
900 4567 1009 4628 τοῖς
1046 4564 1310 4634 διαδόχοις
1349 4566 1512 4618 αὑτοῦ
1555 4567 1617 4620 τὸ
1650 4567 1782 4621 αὐτὸ

188 4654 345 4707 τοῦτο
412 4657 596 4707 ποιεῖν
640 4654 783 4726 ἀρχὴ
843 4656 1036 4724 γέγονε
1075 4658 1171 4709 καὶ
1211 4657 1580 4726 παράδειγμα.
1629 4659 1779 4713 Κάτ-

189 4762 325 4798 εισιν
365 4742 485 4809 οὖν,
548 4745 738 4817 ὥσπερ
788 4747 1034 4817 είρηται,
1086 4749 1115 4800 6
1181 4751 1531 4820 συγγραφεὺς
1576 4753 1634 4806 ὲν
1669 4754 1781 4814 τοῖς

191 4837 360 4892 εἴκοσι
403 4835 656 4906 βιϐλίοις,
715 4835 1021 4906 ἀρξάμενος
1075 4837 1184 4890 ἀπὸ
1227 4837 1328 4906 τῆς
1380 4840 1775 4908 κοσμογονίας,

195 4924 353 4994 μέχρι
398 4925 503 4995 τῆς
560 4925 738 4994 ἀρχῆς
788 4924 881 4977 τοῦ
923 4925 1238 4978 τελευταίου
1289 4927 1427 4997 πρὸς
1483 4929 1790 4999 Ῥωμαίους

192 5016 467 5070 Ἰουδαίων
526 5017 791 5087 πολέμου,
847 5017 973 5071 καθ’
1038 5017 1098 5076 ὃν
1147 5019 1340 5087 καιρὸν
1360 5020 1633 5077 Ἰουδαίων
1686 5022 1784 5092 μὲν

195 5104 512 5159 ἐϐασίλευεν
540 5107 648 5159 ὑπὸ
689 5107 979 5175 Ῥωμαίων
998 5108 1279 5171 καταστάς
1309 5108 1620 5178 Ἀγρίππας
1641 5112 1669 5163 6
1691 5109 1785 5163 τοῦ

1886 4568 1975 4622 hic
2024 4567 2262 4635 scriptor
2307 4565 2463 4619 libris
2506 4564 2719 4634 viginti,
2756 4563 2824 4616 ab
2863 4563 2996 4616 orbe
3026 4561 3244 4614 condito
3283 4561 3465 4627 auspi-

1883 4663 2064 4719 catus,
2087 4655 2154 4707 ad
2183 4653 2398 4706 initium
2441 4665 2614 4719 usque
2647 4649 2771 4704 belli
2804 4647 2978 4702 ultimi
3007 4645 3318 4702 Judmorum
3341 4662 3463 4700 cum

1885 4744 2150 4800 Romanis
2181 4761 2194 4797 :
2231 4757 2335 4812 qua
2363 4749 2687 4811 tempestate
2718 4739 2771 4792 in
2811 4736 2996 4792 Judaza
3033 4737 3303 4805 regnavit,
3335 4751 3466 4791 auc-

1885 4840 2109 4894 toritate
2157 4835 2557 4898 Romanorum,
2603 4832 2865 4902 Agrippa,
2897 4830 3148 4900 Agrippa:
3193 4830 3254 4885 F.
3293 4829 3476 4900 Syria

1896 4941 2028 4982 vero
2052 4940 2118 4982 ac
2146 4923 2352 4979 ludam
2379 4919 2671 4993 praefectus
2694 4920 2796 4974 fuit
2826 4917 3019 4974 Gesius
3048 4918 3265 4986 Florus,
3304 4919 3352 4973 is
3373 4918 3465 4987 qui

1891 5020 2089 5078 Albino
2141 5015 2436 5082 successit;
2497 5012 2651 5080 cujus
2711 5013 3066 5083 impotentem
3101 5013 3462 5076 dominatum,

1894 5109 2383 5177 crudelitatemque
2433 5104 2744 5160 Iudaeorum
2805 5105 2952 5158 natio
3003 5117 3108 5158 non
3145 5101 3346 5165 ferens,
3390 5109 3468 5154 tu-

1485 5202 1716 5256 VARIA'J
1760 5199 2168 5257 LECTIONES.

271 5293 314 5324 ⁵³
338 5296 624 5365 γραφῇίςο
735 5294 779 5365 ⁸.¹
801 5293 902 5365 τῷ]
927 5294 1006 5365 τῷ
1028 5293 1125 5365 τοῦ
1153 5313 1214 5360 τι

198 5360 244 5436 ξ
279 5360 424 5436 παρὰ
463 5360 560 5418 τοῦ
601 5363 835 5436 πατρὸςῗ
849 5360 914 5436 3;}
958 5360 1004 5395 “
1025 5364 1300 5434 Ἰακείμου
1324 5383 1383 5430 ς.

199 5431 245 5462 ³¹
273 5431 369 5504 ἔτη
398 5451 512 5488 om.
541 5437 609 5490 A.

1317 5296 1362 5328 “
1394 5295 1727 5349 καθιστῶσιν
1765 5297 2036 5366 Ἰάκειμον
2075 5314 2134 5366 ς.

1479 5365 1522 5397 ’⁸⁷
1550 5367 1886 5434 οἱ--ἕγγονοι
1936 5361 2017 5436 Ca
2071 5364 2118 5397 ’⁵⁸
2155 5361 2514 5436 ματαθίαςῼ.
2590 5363 2637 5436 ν⁶ξ⁹
2668 5361 2800 5436 ό]ιδὲ
2826 5364 2854 5415 6
2882 5379 2941 5428 ς.

711 5432 760 5505 ξ’
800 5432 1026 5505 Σούριος
1059 5432 1226 5505 ςηυί.
1263 5437 1514 5489 Hudson.
1543 5442 1608 5489 ad
1641 5432 1863 5504 Juseplt.
1899 5436 1957 5491 Β.
1991 5435 2114 5491 Jud.
2150 5432 2420 5504 tprowm.
2457 5435 2509 5488 7.

2814 5292 2859 5323 “
2892 5291 3176 5358 νενόμιστο
3216 5289 3338 5342 add.
3395 5288 3464 5341 A.

2826 5364 2854 5411 6
2882 5379 2941 5411 ς.
3028 5361 3074 5391 ⁵ο
3111 5359 3366 5411 ἀφείλετο
3403 5373 3464 5411 ς.

3191 5375 3366 5413 ειΑετο
3403 5375 3465 5413 ς.

2593 5373 2637 5394 ’ν
2668 5373 2800 5436 (ηδε
2826 5373 2854 5415 6
2882 5379 2941 5428 ς.
3028 5373 3074 5391 ον
3111 5373 3465 5437 αφειλετοῌς.

2587 5434 2631 5465 ⁵³
2669 5432 3043 5499 Ἀσαμωναῖον
3088 5446 3148 5492 ς.
3235 5429 3283 5462 ⁵⁵
3309 5441 3498 5485 τουτο..

2239 5294 2284 5326 ⁸³
2321 5292 2552 5364 Ἀαρὼν,
2598 5363 2603 5364 ν
2639 5311 2698 5358 ς.

203 5503 367 5558 ποιεῖν
395 5504 563 5580 ἁρχὴ]
620 5503 787 5563 τοῦτο
807 5503 953 5576 ἀρχὴ
976 5506 1040 5570 Α,
1066 5503 1226 5558 τοῦτο
1250 5507 1422 5558 ποιεῖν
1447 5506 1762 5559 καταλιπὼν
1778 5503 1939 5578 ἀρχὴ
1973 5524 2033 5570 ς’.

1714 5601 1916 5655 hUTr‘E

275 5695 380 5765 (T5)
410 5697 494 5751 Al.
526 5698 786 5761 Alcimo,
817 5695 901 5750 vel
930 5695 1232 5750 Jaccltinto.

281 5763 386 5834 (7h
422 5769 497 5825 De
532 5770 622 5824 bis
659 5770 834 5823 multa
884 5765 1106 5822 doctiss.
1141 5763 1424 5820 Ut‘iolattus
1474 5765 1642 5836 episc.
1681 5764 1772 5822 Jo-

1889 5697 2043 5764 ευριπ.
2085 5693 2395 5764 Stephanus
2430 5693 2483 5764 in
2518 5704 2636 5758 cap.
2669 5685 3032 5743 Macltabteor.

1960 5762 2068 5834 (75)
2107 5767 2188 5818 Al.
2218 5762 2525 5817 Mututltiw-
