3942 6234
501 349 533 410 Ξ
544 347 605 409 1-3

1630 344 1896 406 ΡΗΟΤΠ
1934 340 2440 403 PATRIARCH/E
2479 338 2589 399 CP.

3659 333 3763 398 244

508 462 764 516 nndtuari
797 462 987 533 erepit,
1019 463 1211 517 melius
1236 476 1359 516 esse
1389 471 1505 513 rata
1533 460 1733 515 multos
1756 459 1917 515 simul
1943 470 1998 514 et
2024 460 2078 512 in

2185 457 2489 527 Ἀγρίππα,
2520 455 2858 526 ἐπετρόπευε
2889 454 2947 507 δὲ
3001 453 3102 522 τῆς
3150 452 3351 524 Συρίας
3377 453 3473 506 καὶ
3496 451 3764 518 Ἰουδαίας

505 555 779 618 libertate,
808 571 971 624 quam
1021 554 1166 609 lente
1210 569 1275 610 ac
1321 553 1606 623 paulatim,
1640 563 1698 607 et
1730 552 1783 607 in
1816 552 2081 607 servitute

503 645 800 715 exstingui.
828 646 1016 701 Altero
1059 656 1210 701 certe
1260 646 1598 713 praefecmraa
1643 644 1815 710 Flori,
1848 642 2083 699 Neronis

504 753 635 792 vero
667 738 880 791 decimo
907 753 1075 800 anno,
1104 737 1300 792 bellum
1330 738 1525 809 agitari
1553 748 1816 808 cteptum,
1850 736 2082 807 finisque

503 832 588 879 est
611 823 830 894 .losephi
877 823 1136 880 Historiae
1168 844 1184 881 :
1211 826 1278 881 de
1303 826 1462 893 cujus
1500 825 1642 896 stylo
1693 840 1855 895 supra
1902 825 2084 880 dicere

502 931 746 969 memmi.

503 1008 734 1076 τροπῆς,
766 1006 1068 1060 δωδέκατον
1117 1007 1177 1061 δὲ
1224 1006 1322 1078 τῆς
1374 1007 1631 1079 Νέρωνος
1679 1006 1877 1078 ἀρχῆς,
1914 1006 2002 1060 ὅτε
2030 1007 2061 1059 δ
2098 1007 2164 1096 τξό

2180 548 2373 610 Γέσιος
2411 545 2648 619 Φλῶρος,
2689 546 3213 633 ’Λλῦίνουκδιάδοχος
3245 560 3260 576 ⁸
3290 538 3352 603 οὗ
3378 546 3480 614 τὴν
3523 563 3766 617 κακουρ-

2183 641 2311 708 γίαν
2333 641 2426 692 καὶ
2456 638 2718 709 ὠμότητα
2748 639 2812 690 τὸ
2863 638 3135 692 Ἰουδαίων
3186 638 3340 702 ἔθνος
3396 638 3459 691 οὐ
3502 639 3764 710 φέροντες

2121 739 2142 775 ³-
2185 730 2533 790 ἐστασίασαν.
2560 728 2652 804 [99
2704 728 2798 801 Η.]
2863 732 3117 801 κρεῖσσον
3174 731 3518 802 ἡγησάμενοι
3570 730 3769 801 ἀθρόον

2186 826 2280 876 καὶ
2339 823 2440 876 σὺν
2481 822 2768 894 ἐλευθερίᾳ
2808 823 2842 893 ἢ
2900 823 3017 875 κατ’
3073 823 3255 893 ὀλίγον
3284 824 3381 878 καὶ
3431 826 3528 878 σὺν
3557 824 3774 895 δουλείᾳ

2187 915 2509 969 ἀπολέσθαι.
2545 915 2810 987 Δεύτερον
2838 915 2884 968 δ’
2911 911 3055 1001 ἦν⁵⁸
3096 915 3216 979 ἔτος
3246 916 3347 987 τῆς
3386 917 3608 988 Φλώρου
3652 919 3772 971 ἑπι-

2167 1006 2331 1078 λεμος
2376 1006 2651 1080 ἐλάμϐανε
2688 1008 2900 1080 κίνησιν
2925 1025 2941 1042 ’
2982 1010 3040 1062 ὲν
3069 1003 3152 1075 οἷς
3184 1009 3280 1064 καὶ
3299 1009 3399 1081 τῆς
3428 1010 3675 1082 ἱστορίας
3713 1025 3774 1077 τὸ

511 1102 707 1172 πέρας.
763 1098 889 1165 Οἷος
911 1102 967 1155 δὲ
989 1104 1091 1173 τὴν
1130 1102 1333 1174 φράσιν
1408 1103 1581 1167 ἐστὶν,
1654 1102 1969 1173 ἔμπροσθεν
2016 1103 2257 1175 εἴρηται.
3504 1126 3507 1131 ·

575 1196 756 1251 Genus
787 1197 859 1250 illi
887 1196 1195 1261 Iudaicum,
1218 1206 1272 1250 et
1303 1200 1557 1252 sacerdos
1590 1198 1725 1267 ipse,
1750 1196 1920 1267 patris
1942 1210 2079 1266 quo-

499 1303 604 1356 que
650 1290 872 1356 stirpem
913 1303 945 1342 e
984 1289 1363 1343 sacerdotibus
1409 1288 1566 1359 longa
1619 1287 1885 1357 majorum
1936 1288 2080 1342 serie

499 1381 735 1435 ducebat
768 1398 782 1434 :
817 1396 944 1433 nam
990 1391 1164 1434 mater
1208 1381 1344 1450 regii
1375 1380 1655 1450 sanguinis
1702 1379 1804 1434 fuit
1843 1395 1911 1435 ex
1953 1380 2082 1435 Asa-

503 1486 835 1526 monaaorum
880 1472 969 1525 illa
1010 1472 1214 1536 sobole,
1252 1488 1376 1539 qua:
1424 1472 1734 1526 diutissime
1777 1472 1918 1528 inter
1947 1487 2081 1526 con-

504 1563 736 1619 tribules
765 1564 1073 1618 sacerdotio
1108 1565 1276 1630 potita
1318 1579 1561 1630 summo,
1596 1574 1652 1618 et
1690 1579 1877 1634 regno.
1910 1563 2084 1620 Natus

504 1673 635 1730 ergo
666 1657 938 1726 Josephus
963 1673 1031 1713 ex
1056 1657 1144 1711 illa
1165 1668 1360 1722 matre,
1395 1668 1450 1711 et
1479 1657 1728 1723 Matthia,
1767 1655 1903 1728 53b
1935 1671 2080 1712 anno

2260 1194 2417 1248 Ἐστι
2446 1192 2501 1247 δὲ
2529 1194 2559 1247 δ
2585 1194 2632 1228 ⁸⁸
2662 1191 2927 1264 Ἰώσηπος
2970 1193 3126 1264 γένος
3162 1193 3262 1263 μὲν
3300 1192 3552 1254 Ἰουδαῖος
3591 1193 3775 1265 ἱερεὺς

2186 1287 2285 1339 καὶ
2321 1285 2382 1351 ἐξ
2411 1287 2601 1356 ἱερέων
2633 1286 2704 1339 τά
2738 1287 2876 1356 πρὸς
2905 1287 3112 1357 πατρὸς
3139 1287 3347 1341 ἄνωθεν
3369 1287 3773 1357 καταγόμενος,

2187 1379 2252 1432 ὲκ
2282 1378 2559 1449 βασιλείου
2616 1378 2674 1431 δὲ
2707 1380 2752 1410 θ’
2788 1377 2963 1448 φυλῆς
2987 1379 3094 1433 ὑπὸ
3119 1379 3222 1448 τῆς
3250 1379 3487 1451 μητρός·
3518 1380 3635 1434 τῶν
3665 1380 3777 1453 γὰρ

2199 1468 2581 1539 Ἀσαμωναίου
2611 1468 2838 1532 παίδων,
2871 1469 2925 1524 οἱ
2961 1469 3055 1521 ἐπὶ
3100 1468 3442 1539 μακρότατον
3491 1467 3604 1521 τῶν
3637 1470 3776 1537 ὁμο-

2188 1560 2373 1631 φύλων
2403 1561 2725 1632 ίεράτευσάν
2753 1578 2813 1614 τε
2835 1561 2932 1615 καὶ
2960 1560 3342 1626 ἐϐασίλευσαν,
3359 1564 3394 1632 ἡ
3424 1562 3776 1631 γεννησαμέ-

2188 1672 2254 1723 νη
2312 1653 2606 1721 ἀπόγονος.
2658 1652 2879 1710 Γίνεται
2916 1651 2980 1722 δὴ
3017 1652 3063 1685 ⁸³
3095 1651 3154 1718 ἐξ
3194 1652 3366 1722 αὐτῆς
3398 1652 3494 1705 καὶ
3521 1651 3778 1707 Ματθίου

504 1752 679 1820 primo
702 1751 813 1806 Caii
844 1750 1075 1805 Romani
1115 1749 1484 1817 imperatoris,
1508 1750 1620 1819 jam
1657 1750 1784 1804 inde
1814 1766 1843 1803 a
1876 1751 2080 1805 teneris

2187 1743 2332 1798 κατὰ
2363 1744 2424 1796 τὸ
2467 1743 2687 1814 πρῶτον
2724 1743 2844 1806 ἔτος
2888 1744 2989 1813 τῆς
3037 1743 3202 1797 Γαΐου
3247 1743 3532 1812 Ῥωμαίων
3567 1745 3779 1814 ἠγεμο-

503 1844 807 1916 unguiculis
835 1843 1193 1914 philosophiae
1233 1842 1428 1897 studiis
1449 1857 1571 1897 sese
1602 1841 1827 1896 dedidit.
1851 1841 2072 1895 Annum

2185 1836 2295 1899 νίας
2332 1836 2616 1906 Ἰώσηπος,
2674 1837 2740 1889 ὲκ
2783 1836 2913 1899 νέας
2940 1837 3040 1906 μὲν
3089 1836 3415 1905 φιλολογῶνο
3448 1838 3580 1907 περὶ
3619 1837 3684 1890 δὲ
3718 1838 3780 1891 τὸ

501 1937 696 1992 deinde
724 1939 1004 2005 attingens
1030 1945 1244 1990 sextum
1282 1935 1582 1998 decimum,
1602 1935 1844 1988 animum
1869 1948 2080 2003 quoque

2187 1927 2576 1981 ἑκκαιδέκατον
2614 1927 2734 1991 ἔτος
2778 1927 3018 1996 γεγονὼς
3040 1927 3277 1981 ἐπέϐαλε
3310 1930 3406 1982 καὶ
3446 1930 3570 1992 ταῖς
3617 1928 3781 2000 παρὰ

500 2030 568 2083 ad
591 2027 903 2083 Judazorum
932 2037 1112 2082 sectas
1139 2026 1345 2096 appulit
1370 2028 1507 2097 (tres
1532 2025 1645 2096 (76)
1674 2035 1854 2080 autem
1891 2040 2079 2079 nume-

2199 2016 2473 2080 Ἰουδαίοις
2494 2016 2739 2088 αἱρέσεσι
2765 2016 2936 2087 (τρεῖς
2965 2016 3010 2070 δ’
3036 2016 3165 2087 εἰσὶ)
3205 2016 3300 2070 καὶ
3326 2019 3506 2079 πάσας
3534 2017 3776 2082 εὐτόνως

503 2118 717 2189 rantur)
757 2132 1054 2186 omnesque
1085 2132 1285 2186 magno
1331 2116 1498 2171 animi
1551 2116 1732 2171 studio
1769 2125 2080 2185 persecutus

2190 2108 2376 2180 μετῄει
2408 2109 2549 2180 ὑπὲρ
2564 2108 2660 2162 τοῦ
2694 2109 2885 2163 πασῶν
2915 2111 3112 2180 πεῖραν
3135 2109 3394 2179 εἰληφότα
3421 2109 3649 2164 ἑλέσθαι
3675 2113 3782 2181 τὴν

501 2221 605 2275 est,
633 2220 690 2262 ut
710 2210 949 2264 omnium
971 2219 1128 2279 capto
1158 2208 1551 2277 experimento,
1583 2208 1841 2277 optimam
1869 2206 2084 2261 tandem

499 2301 939 2370 amplecteretur.
971 2300 1148 2371 Atque
1180 2302 1264 2354 hae
1294 2299 1407 2353 fere
1437 2307 1603 2352 sectae
1632 2298 1736 2352 illa:
1759 2316 1773 2352 :
1797 2296 2080 2364 Pharisaei,

503 2393 783 2452 Sadducaai
813 2403 868 2447 et
896 2392 1088 2449 Esseni
1123 2392 1259 2465 (77).
1292 2392 1438 2458 Quas
1462 2407 1585 2445 cum
1617 2392 1999 2460 percurrisset,
2029 2391 2082 2443 in

499 2485 849 2546 solitudinem
868 2485 1093 2548 secedit,
1121 2484 1302 2553 ibique
1320 2478 1434 2537 viro
1452 2495 1561 2538 tres
1576 2497 1749 2545 annos
1769 2483 2082 2552 utitur(78;,

499 2581 589 2647 qui
621 2578 920 2639 solitariam
945 2586 1065 2630 erat
1088 2577 1252 2630 vitam
1283 2588 1500 2631 austere
1518 2575 1724 2644 pridem
1746 2574 2081 2643 complexus,

499 2665 587 2720 cui
651 2664 1032 2719 vestimentum
1089 2662 1345 2717 arborum
1404 2662 1555 2730 folia,
1599 2661 1916 2717 alimentum
1950 2678 2083 2717 vero

502 2752 683 2813 herbae
715 2760 911 2822 sponte
944 2762 1083 2805 natae
1130 2750 1444 2821 premebant
1475 2767 1489 2805 :
1520 2760 1577 2805 et
1621 2750 1815 2819 frigida
1861 2751 2083 2819 insuper

502 2842 703 2909 saepius
748 2840 986 2903 interdiu
1038 2850 1309 2908 noctuque
1349 2838 1585 2902 lavabat,
1618 2839 1874 2908 puritatis
1899 2838 2080 2893 conti-

506 2932 813 3004 nentiaeque
863 2931 1061 3000 gratia.
1095 2928 1233 2983 Hinc
1276 2928 1344 2983 ad
1394 2930 1858 2984 undevicesimum
1904 2930 2081 2984 aetatis

503 3039 705 3092 annum
750 3022 939 3089 urbem
995 3023 1232 3092 repetiit,
1286 3020 1687 3081 Pharisaeorum
1737 3022 2077 3092 potissimum

502 3117 755 3187 haeresim
784 3127 1024 3181 secutus,
1044 3132 1203 3186 quam
1225 3117 1274 3171 ei
1306 3116 1422 3171 fere
1451 3117 1686 3172 similem
1720 3114 2076 3188 faciunt(79).

507 3312 698 3374 postea
760 3304 1125 3370 tricesimum,
1156 3305 1225 3357 ab
1258 3302 1770 3373 Hierosolymitanis
1820 3303 1887 3356 ad
1932 3301 2082 3357 Gali-

499 3396 652 3462 lzeam
684 3397 1082 3467 procurandum
1116 3395 1373 3453 mittitur.
1407 3394 1526 3450 Jam
1566 3395 1709 3450 enim
1758 3394 1964 3448 turbari
1994 3410 2081 3448 res
2118 3404 2121 3407 '

504 3498 790 3561 cmperant
814 3488 1150 3556 Judaeorum,
1187 3488 1484 3556 multisque
1510 3488 1612 3557 ipsi
1653 3487 1845 3556 agitari
1877 3486 2079 3539 tumul-

501 3581 667 3645 tibus.
708 3580 841 3649 Dein
894 3580 1241 3637 Galilaeorum
1290 3579 1485 3635 ductor
1514 3587 1754 3639 creatus,
1789 3578 2080 3647 rempubli-

498 3688 619 3734 cam
651 3673 791 3727 bene
814 3673 1066 3743 gessit,et
1096 3671 1295 3726 multas
1318 3670 1607 3742 variasque
1635 3669 2077 3739 semulorum(80)

501 3764 880 3832 inrepublica
919 3763 1352 3828 administranda
1396 3763 1619 3817 insidias
1648 3762 1896 3817 evitavit.
1944 3761 2078 3817 Cum

499 3857 738 3913 inimicis
771 3858 936 3910 etiam
970 3856 1302 3909 moderatius
1335 3856 1566 3923 agendo,
1596 3870 1703 3908 non
1737 3870 1860 3908 raro
1893 3869 1990 3908 eos
2024 3855 2076 3908 in

501 3964 659 4007 suam
714 3947 925 4017 redegit
970 3956 1322 4016 potestatem.
1354 3945 1561 4000 Bellum
1603 3948 1757 4011 item,
1799 3947 1942 4016 quod
1982 3946 2077 3999 ad-

496 4057 690 4097 versus
721 4039 1000 4101 Romanos
1029 4039 1229 4099 invitus
1271 4039 1539 4107 suscepit,
1574 4038 1787 4092 fortiter
1826 4037 2078 4106 Jotapitis

495 4134 779 4192 sustinuit.
815 4130 983 4187 Vivus
1018 4140 1200 4186 tamen
1232 4132 1289 4195 in
1332 4130 1674 4198 Vespasiani,
1705 4128 2075 4184 Romanorum

498 4226 671 4297 copiis
701 4223 966 4295 pra-fecti,
1001 4234 1328 4294 potestatem
1361 4225 1553 4277 venit:
1590 4236 1750 4289 quem
1793 4221 1846 4274 in
1883 4237 1941 4275 se
1977 4222 2077 4274 hu-

496 4331 721 4384 manum
762 4315 958 4380 sensit,
1006 4329 1072 4373 ac
1119 4313 1513 4382 perbenignum
1550 4311 1663 4377 jam
1704 4320 1841 4378 tum,
1869 4321 1924 4365 et
1947 4325 2075 4364 vero

476 4409 730 4480 .amplius
776 4418 1067 4479 postquam
1116 4404 1421 4461 Romanum
1465 4402 1705 4457 obtinuit
1740 4404 2072 4472 imperium:

503 3182 623 3281 quae
651 3211 792 3280 apud
816 3177 1210 3278 gentes-Stoica
1242 3220 1327 3266 est
1352 3210 1883 3281 appellata.Annutn
1910 3177 2080 3280 agens

2186 2197 2417 2266 ἀμείνω.
2456 2195 2578 2249 Εἰσὶ
2609 2196 2656 2249 δ’
2686 2198 2746 2253 αἰ
2788 2195 3033 2267 αἱρέσεις
3081 2198 3366 2267 Φαρισαῖοι
3419 2196 3778 2252 Σαδδουκαῖοι

2186 2291 2281 2342 καὶ
2323 2289 2604 2360 Ἐσσηνοί’
2640 2288 2706 2352 ἃς
2743 2288 2966 2342 διελθὼν
3005 2288 3206 2359 ἔξεισιν
3244 2289 3341 2344 ἐπὶ
3385 2290 3485 2360 τὴν
3535 2291 3773 2363 ἔρημον,

2185 2382 2348 2434 κάκεί
2412 2381 2777 2452 συνδιατρίόει
2852 2382 3128 2453 ἀνθρώπῳ
3187 2385 3294 2435 τινὶ
3353 2382 3445 2436 τὸν
3500 2384 3781 2454 ὲρημικδν

2184 2473 2434 2528 ἁθλσῦντι
2459 2474 2574 2543 βίον
2595 2475 2688 2527 ἐπὶ
2720 2471 3085 2544 ἔτητρίαῘΗν
3119 2474 3177 2527 δὲ
3206 2473 3281 2544 τῷ
3301 2474 3576 2546 ἀνθρώπῳ
3609 2475 3777 2548 ἐσθὴς

2187 2564 2290 2637 μὲν
2321 2567 2385 2618 ὲκ
2409 2565 2665 2636 δένδρων,
2698 2567 2793 2619 καὶ
2822 2565 2998 2636 τροφὴ
3013 2565 3122 2619 τῶν
3143 2565 3429 2638 αὐτοφυῶν
3449 2568 3505 2619 αἱ
3526 2566 3773 2637 βοτάναι,

2183 2659 2279 2727 καὶ,
2287 2659 2396 2730 ψυχ
2405 2658 2497 2730 ροῦ
2516 2658 2841 2729 ὓδατος-λουτ
2850 2659 2941 2730 ρὸν
2955 2659 3223 2729 πολλάκις
3234 2660 3325 2713 καὶ
3335 2660 3432 2729 τῆς
3448 2662 3483 2732 ἡ
3484 2662 3557 2736 μέ
3564 2678 3663 2730 ρας
3675 2663 3777 2713 καὶ

2182 2755 2281 2824 τῆς
2296 2753 2489 2815 νυκτὸς
2504 2752 2641 2823 πρὸς
2669 2752 2911 2822 ἁγνείαν.
2931 2752 3169 2807 Ἐκεῖθεν
3199 2753 3328 2824 περὶ
3342 2752 3401 2804 τὸ
3419 2754 3777 2806 ἐννεακαιδέ-

2182 2862 2348 2899 κατον
2365 2844 2484 2908 ἔτος
2499 2845 2746 2899 ἐπάνεισι
2765 2845 2903 2916 πρὸς
2916 2845 3014 2918 τὴν
3041 2846 3215 2908 πόλιν,
3236 2847 3335 2916 τὴν
3356 2845 3670 2916 Φαρισαίων
3695 2846 3779 2899 αῖ-

2185 2954 2333 3008 ρεσιν
2348 2938 2614 3008 στέργων,
2628 2940 2694 3009 ἢν
2721 2938 2818 2992 καὶ
2840 2942 2906 3010 τῇ
2928 2938 3059 3010 παρ’
3084 2939 3312 3009 Ἕλλησί
3330 2956 3496 3008 φασιν
3533 2939 3581 2971 ⁵⁹
3605 2940 3779 2999 ἐοικέ-

2180 3029 2643 3102 ναιὲπιλεγομένῃ
2668 3031 2904 3101 Στωϊκῇ.
2921 3025 3055 3083 Εἶτα
3077 3031 3277 3100 περιτο
3293 3030 3622 3101 τριακοστὸν
3651 3031 3778 3095 ἔτος

2182 3122 2462 3191 πέμπεται
2512 3124 2665 3193 παρὰ
2709 3124 2819 3177 τῶν
2859 3121 3305 3194 Ἱεροσολυμιτῶν
3337 3122 3448 3176 τῶν
3508 3125 3567 3176 ὲν
3611 3124 3783 3178 Γαλι-

2182 3213 2311 3284 λαίᾳ
2359 3216 2675 3285 προνοήσων
2723 3216 2791 3247 ⁶⁰’
2826 3215 3003 3289 ἀρχὴν
3030 3215 3140 3286 γὰρ
3163 3216 3421 3287 ⁸ταραχῆς
3456 3216 3678 3286 ἐδέχετο
3708 3219 3781 3278 τὰ

2184 3304 2480 3370 Ἰουδαίων,
2536 3304 2763 3368 πολλαῖς
2814 3306 3066 3372 ἀταξίαις
3112 3306 3214 3378 ἤδη
3243 3306 3778 3376 συναλλοιουμένων.

2182 3392 2319 3450 Εἶτα
2349 3398 2443 3451 καὶ
2467 3398 2774 3469 στρατηγὸς
2818 3398 2928 3451 τῶν
2956 3400 3090 3469 περὶ
3132 3401 3233 3469 τὴν
3263 3399 3556 3455 Γαλιλαίαν
3591 3419 3782 3472 χειρο-

2181 3488 2429 3556 τονηθεὶς
2462 3485 2523 3541 εὖ
2544 3505 2605 3541 τε
2630 3487 2877 3559 προῠστη
2900 3489 2942 3521 ⁸⁸
2977 3489 3073 3542 τοῦ
3095 3489 3301 3553 ἔθνους,
3332 3491 3429 3544 καὶ
3459 3492 3662 3563 μυρίας
3679 3496 3782 3553 καὶ

2182 3578 2590 3643 ποικιλωτάτας
2614 3580 2721 3633 ὑπὸ
2756 3581 2865 3633 τῶν
2897 3579 3450 3651 ἀντιπολιτευομένων
3474 3583 3780 3653 ἐπιϐουλὰς

2182 3669 2422 3733 ὑποστὰς
2474 3669 2601 3743 [169
2656 3671 2747 3745 Η.]
2781 3673 2962 3736 πάσας
3006 3672 3263 3743 ἐξέφυγε,
3311 3674 3406 3726 καὶ
3455 3675 3698 3744 μετρίως
3729 3674 3778 3706 ⁸⁸

2180 3764 2295 3824 τοῖς
2335 3763 2549 3834 ἐχθροῖς
2571 3763 2710 3834 ἔχων
2733 3763 3089 3830 ὑπεξουσίους
3116 3763 3162 3795 ⁵³
3180 3764 3440 3829 πολλάκις
3469 3766 3778 3836 ἐχρήσατο.

2180 3853 2291 3907 Καὶ
2318 3852 2410 3907 τὸν
2441 3853 2579 3924 πρὸς
2632 3855 2938 3924 Ῥωμαίους
2971 3855 3209 3925 πόλεμον
3250 3856 3397 3910 άκων
3434 3858 3782 3928 ἀναδεξάμε-

2180 3960 2271 4008 νος
2303 3947 2397 3998 καὶ
2430 3945 2692 4017 ἀνδρείως
2731 3946 3044 4014 διενεγκὼν,
3069 3951 3127 4000 ὲν
3165 3948 3511 4014 Ἰωταπάτοις
3541 3952 3589 3980 ⁸⁸
3619 3952 3781 4021 ὅμως

2181 4032 2425 4106 ζωγρείᾳ
2481 4036 2526 4067 ⁸⁵
2592 4038 2992 4109 Οὐεσπασιανῷ
3039 4038 3331 4109 Ῥωμαίων
3380 4040 3504 4093 τότε
3568 4058 3780 4112 στρατ-

2180 4126 2405 4197 ηγοῦντι
2420 4127 2722 4184 ἁλίσκεται.
2743 4126 2874 4184 Εἶτα
2888 4132 3150 4202 τυγχάνει
3170 4132 3288 4186 λίαν
3309 4133 3577 4203 εὐμενοῦς
3598 4135 3777 4188 αὐτοῦ

2177 4222 2302 4278 τότε
2344 4240 2406 4278 τε
2453 4225 2498 4257 ⁸⁸
2545 4225 2635 4278 καὶ
2671 4226 2765 4278 ἐπὶ
2810 4226 2971 4280 πλέον
3009 4226 3297 4296 Ῥωμαίων
3341 4226 3631 4298 ἄρξαντος,
3666 4230 3777 4281 οὐκ

2179 4311 2348 4367 αὑτοῦ
2379 4313 2436 4366 δὲ
2476 4313 2640 4385 μόνου
2675 4314 2811 4368 ἀλλὰ
2846 4315 2940 4368 καὶ
2972 4315 3081 4368 τῶν
3113 4314 3318 4367 παίδων
3349 4315 3511 4366 Τίτου
3540 4315 3637 4366 καὶ
3668 4320 3775 4367 Δο-

2182 4405 2438 4475 μετιανοῦ
2453 4407 2518 4459 ὲκ
2542 4407 2794 4477 διαδοχῆς
2819 4408 2861 4439 ⁸⁷
2888 4406 3467 4477 βεϐασιλευκότων,ὡς
3480 4408 3577 4461 καὶ
3598 4407 3705 4476 τῆς
3723 4409 3773 4441 ⁸³

495 4518 675 4573 neque
703 4504 879 4557 solum
912 4500 1065 4554 illum
1094 4499 1253 4552 talem
1283 4505 1540 4565 expertus
1569 4507 1674 4560 est,
1697 4498 1791 4549 sed
1815 4496 1977 4550 etiam
2010 4495 2074 4548 li-

2195 4494 2514 4566 Ῥωμαῖκῆς
2554 4501 2740 4567 τυχεῖν
2765 4497 3043 4562 πολιτείας
3070 4499 3164 4550 καὶ
3188 4497 3408 4551 πάντων
3433 4500 3490 4551 ὲν
3528 4498 3773 4570 ἀφθονίᾳ

493 4597 657 4664 heros
704 4593 821 4663 ejus
871 4590 1054 4658 Titum
1106 4603 1173 4658 ac
1221 4585 1629 4653 Domitianum,
1679 4587 1769 4656 qui
1830 4585 2073 4657 parentis

2181 4589 2546 4658 καταστῆναι.
2592 4589 2934 4661 ’Δπηρτίσθη
2982 4589 3016 4660 ἡ
3073 4589 3117 4622 ⁸⁸
3171 4589 3382 4659 ἱστορία
3439 4588 3527 4655 νς⁹
3571 4589 3771 4659 ἄγοντι

1756 4765 1996 4821 VARUE
2030 4765 2325 4822 LECTION
2335 4765 2437 4822 ES.

550 4867 598 4903 ⁸⁸
613 4865 657 4919 δ’
679 4862 748 4938 ἦν
768 4867 811 4922 A
840 4885 853 4919 :
887 4865 951 4935 δὴ
983 4882 1044 4928 ς.
1080 4864 1187 4938 ³⁸Αό
1217 4864 1341 4917 add.
1368 4863 1436 4923 Α.
1465 4862 1607 4938 ’τί-ὲκ
1630 4861 1755 4938 βασ.
1787 4880 1847 4925 ς.
1883 4863 1928 4895 ⁸⁸
1956 4862 2025 4938 δίη
2051 4863 2095 4916 Α
2116 4879 2142 4938 Δε

1981 4934 2024 4964 θ’
2043 4935 2281 5005 μέτριον
2308 4934 2375 4986 A.

491 4941 526 4991 ἓ
578 4932 719 4992 extr;
801 4939 846 4969 ⁶⁰
876 4932 1313 5002 προνοησόμενος
1355 4951 1416 4997 ς.
1493 4932 1535 4963 ⁶¹
1570 4932 1810 5001 προέστη
1843 4950 1904 4996 ς.

2532 4864 2577 4896 ³³
2596 4862 2785 4934 φασιν]
2827 4863 3009 4917 malim
3044 4881 3227 4934 φησιν.
3258 4862 3329 4934 cf.
3372 4860 3599 4934 Joseph.
3644 4863 3762 4919 Vit.

2174 4862 2239 4916 δὴ
2273 4860 2367 4916 οὖν
2395 4880 2456 4916 ς.

2207 4865 2240 4933 ὴ
2273 4865 2367 4916 οὖν
2395 4880 2456 4929 ς.
2532 4865 2577 4896 ³³
2596 4865 2785 4934 φασιν]
2827 4865 3009 4917 malim
3044 4881 3227 4934 φησιν.
3258 4865 3329 4916 cf.
3372 4865 3599 4934 Joseph.
3644 4865 3762 4919 Vit.

2207 4951 2281 4985 ιον
2308 4934 2375 4986 A.
2480 4934 2527 4965 “
2551 4935 2886 4999 ὑπεξουσίως
2928 4937 2994 4995 Δ,
3026 4932 3365 4998 ὑπεξουσίοις
3398 4951 3458 4998 ς.
3598 4934 3647 4966 ⁸⁵
3676 4938 3768 4990 ία-

489 5002 843 5086 ταπῇάτοις-ς.
895 5002 941 5038 ⁸⁸
971 5002 1214 5086 ζωγρείᾳ
1238 5019 1382 5060 corr.
1411 5003 1453 5057 A
1481 5020 1495 5055 :
1520 5002 1765 5071 ζωγρίαν
1805 5020 1866 5067 ς.
1922 5003 1968 5037 ⁸⁸
1992 5004 2115 5056 τότε
2134 5002 2194 5057 τε
2217 5004 2262 5055 Δ
2291 5020 2309 5056 :
2341 5019 2402 5055 τε
2435 5004 2558 5057 τότε
2596 5021 2655 5068 ς.
2719 5005 2762 5036 ⁸⁷
2788 5002 2927 5057 κατὰ
2959 5002 3208 5074 διαδοχὴν
3236 5020 3299 5068 ς.
3349 5004 3394 5037 ⁸⁸
3421 5006 3522 5074 τῆς
3546 5020 3661 5061 om.
3690 5008 3762 5062 Δ.

490 5077 613 5152 "id
669 5078 781 5150 δὲή
810 5096 871 5147 ς-

1988 5253 2219 5315 NOTAE.

562 5374 674 5446 (76}
704 5375 790 5446 De
843 5370 1045 5446 quibus
1085 5369 1311 5446 capiose
1364 5368 1424 5423 ι).
1457 5368 1658 5446 Barnn.
1711 5370 1861 5446 card.
1911 5370 2069 5446 initio

489 5439 622 5501 tom.
650 5439 703 5497 l.
756 5439 952 5496 Annal.
987 5439 1194 5508 ieceles.
1232 5439 1296 5493 Et
1344 5451 1531 5495 noster
1577 5440 1750 5494 Nicol.
1785 5440 2071 5496 Serrarius

492 5514 758 5581 singulari
797 5527 898 5567 suo
912 5509 1330 5581 _Tri_haeresium
1364 5510 1647 5579 opusculo.

564 5578 677 5654 εἴη
727 5581 863 5636 Vide
905 5579 1193 5654 Philonem
1247 5578 1493 5654 .ltitlaa_utit
1526 5582 1639 5654 _lib.
1686 5582 1842 5646 Quod
1891 5580 2067 5654 omnis

488 5649 685 5723 probus
706 5653 872 5723 liber,
903 5650 959 5703 itt
995 5649 1142 5705 med.
1168 5660 1222 5704 et
1256 5652 1348 5704 lib.
1382 5650 1460 5705 De
1487 5652 1596 5704 vita
1639 5652 2064 5723 contemplativa,

491 5722 622 5780 toto.
687 5722 841 5777 Suid.
890 5734 1107 5793 quoque
1189 5724 1417 5787 vocibus
1468 5723 1713 5785 Ἐσσαῖοι
1772 5734 1827 5780 et
1896 5722 2066 5791 Φαρι-

491 5811 657 5851 σαιοι.

2251 5371 2367 5454 (78)
2391 5370 2489 5454 Qui
2515 5386 2710 5427 nomen
2747 5371 2917 5437 Bano,
2947 5380 3086 5428 teste
3117 5368 3354 5440 Josepbo
3396 5366 3495 5423 lib.
3539 5367 3617 5423 De
3648 5370 3760 5423 vita

2172 5451 2529 5581 “((1593niiiiic
2560 5512 2698 5566 forte
2724 5521 2778 5564 et
2813 5511 2902 5566 illa
2948 5509 3131 5581 Stoica
3176 5510 3431 5578 dogmata
3460 5524 3490 5560 a
3522 5508 3758 5581 Philone

2175 5579 2405 5636 tractata
2450 5584 2676 5651 singulis
2725 5582 2921 5636 libellis
2952 5601 2963 5635 :
2997 5579 3200 5635 Omnes
3236 5581 3438 5649 probos
3465 5594 3593 5634 esse
3617 5580 3756 5634 libe-

2171 5668 2287 5713 ros,
2317 5662 2370 5723 et
2389 5667 2588 5723 omnes
2618 5654 2891 5723 improbos
2925 5668 3049 5723 esse
3075 5665 3283 5723 servos.

2174 5807 2203 5849 ς
2243 5718 2447 5848 δεφῦιη
2494 5718 2915 5795 quibus'Justus
2965 5720 3307 5781 Tiberiensis,
3348 5720 3417 5777 de
3470 5735 3583 5791 quo
3629 5732 3753 5789 sup.

2206 5809 2237 5847 o
2284 5810 2354 5846 ,ο
2397 5834 2410 5847 .
