3942 6234
258 271 363 335 215

1279 283 1810 351 BIBLIOTHECA.
1827 314 1897 329 -—
1923 278 2095 356 COD.
2134 295 2427 358 LXXVII.

3417 297 3536 361 248

257 379 525 447 ἐνιαυτὸν,
543 376 840 456 Ῥωμαίων
857 386 1193 458 Δομετιανοῦ
1213 387 1333 456 έτος
1363 393 1465 463 τῆς
1493 394 1672 467 ἀρχῆς
1695 396 1834 466 ἀγον

1955 401 2240 471 imperium
2270 403 2463 459 ordine
2493 409 2856 473 exceperunt,
2883 409 2941 456 ut
2974 412 3029 459 et
3057 402 3407 461 Romanasit
3441 409 3526 464 ci-

255 489 346 535 τος
375 473 423 506 ⁷⁸
441 477 924 546 τρισκαιδέκατον.

1950 492 2121 549 vitate
2154 494 2409 559 donatus,
2452 494 2743 563 multisque
2783 494 2978 565 opibus
3010 506 3223 551 auctus.
3260 496 3523 553 Absoluta

256 569 324 623 ab
368 584 432 625 eo
481 570 731 627 historiae
790 575 1020 647 scriptio
1065 587 1223 636 sexto
1275 589 1332 638 et
1383 581 1836 656 quinquagesimo
1872 589 2053 642 etatis
2093 603 2259 655 anno,
2325 590 2540 661 imperii
2592 605 2724 646 vero
2761 589 3056 646 Domitiani
3134 591 3525 648 Romani-Au-

256 662 397 729 gusti
432 663 599 719 tertio
638 664 871 721 decimo.

1001 765 1121 819 OZ'.

247 847 562 906 Εὐναπίου
584 851 1214 981 Χρωικῆςᾶἑστῖριίξς
1224 858 1337 930 τῆς
1347 860 1500 934 μετά
1513 860 1835 936 Δέξιππον,

972 944 1066 997 γοι
1097 944 1197 994 ις’.

321 1010 671 1088 ’Δνεγνώσθη
716 1016 994 1074 Εύναπὶου
1044 1023 1345 1094 Κρονικῆς
1405 1025 1700 1099 Ἱστορίας
1736 1030 1837 1102 τῆς

254 1105 397 1175 μετά
432 1106 729 1177 Δέξιππον,
780 1110 910 1175 νέας
955 1113 1246 1183 ὲκδόσεως,
1281 1119 1341 1172 ὲν
1388 1119 1615 1192 βιϐλίοις
1644 1140 1837 1178 τεσσα-

253 1198 591 1287 ρεσκαίδεκα
621 1201 692 1257 ⁷⁸.
731 1202 996 1275 Ἀρχεται
1034 1206 1136 1276 μὲν
1166 1211 1268 1280 τῆς
1316 1211 1556 1285 ἱστορίας
1585 1214 1695 1268 ἀπὸ
1734 1210 1843 1287 τῆς

249 1286 524 1345 Κλαυδίου
552 1292 850 1363 βασιλείας,
876 1298 935 1360 ἐς
967 1297 1027 1352 δν
1054 1299 1311 1373 Δεξίππῳ
1362 1304 1409 1336 ⁷³
1435 1306 1468 1375 ἡ
1502 1307 1712 1378 ἱστορία
1731 1286 1834 1362 κα-

248 1380 504 1452 ταλήγει,
556 1384 900 1460 ἀποτελευτᾷ
934 1388 991 1443 δὲ
1022 1391 1104 1454 εἱς
1131 1391 1232 1463 τὴν
1269 1394 1531 1464 Ὀνωρίου
1570 1399 1665 1451 καὶ
1710 1399 1835 1470 Ἀρ-

247 1471 446 1525 καδίου
477 1474 590 1528 τῶν
616 1475 897 1532 Θεοδοσίου
938 1482 1146 1536 παίδων
1185 1484 1481 1554 βασιλείαν,
1500 1489 1709 1544 ἐκεῖνον
1743 1492 1835 1543 τὸν

244 1564 446 1633 χρόνον
480 1566 637 1632 τέλος
665 1572 765 1637 τῆς
788 1569 1031 1643 ἱστορίας
1054 1575 1443 1647 ποιησάμενος,
1464 1578 1524 1632 δν
1551 1579 1839 1651 Ἀρσάκιος

248 1656 378 1725 μὲν,
415 1656 515 1710 τοῦ
553 1660 759 1728 χρυσοῦ
775 1663 875 1734 τῆς
913 1664 1241 1738 Ἐκκλησίας
1278 1670 1545 1740 στόματος
1585 1672 1835 1727 Ἰωάννου

2603 766 2863 824 LXXVII.

2012 860 2248 931 Eunapii
2288 859 2667 917 Cltt'onicorum
2714 872 2830 931 post
2858 859 3155 931 Dexi‘ppum
3187 860 3309 914 libri
3340 877 3450 915 xw.

2012 1021 2161 1077 Lecti
2200 1031 2327 1076 sunt
2378 1021 2603 1091 Ettnapii
2643 1019 2755 1094 (8|)
2799 1034 2952 1075 novae
2988 1018 3377 1075 ~Cltrom'corttm
3408 1027 3530 1087 post

1943 1115 2242 1186 Dexippum
2269 1116 2522 1169 editionis
2552 1115 2675 1168 libri
2708 1116 3144 1185 quatuordecim.
3188 1114 3528 1169 Narrationis

1940 1205 2151 1259 initium
2198 1219 2227 1258 a
2256 1205 2464 1260 Claudii
2517 1204 2722 1260 Caesar.
2774 1205 3003 1274 imperio
3051 1206 3220 1270 ducit,
3268 1207 3320 1260 in
3371 1220 3528 1272 quem

1939 1297 2165 1369 Dexippi
2215 1298 2440 1353 historia
2497 1297 2705 1360 linitur,
2756 1297 3066 1367 desinitque
3112 1300 3165 1352 in
3208 1296 3426 1351 Honorii
3473 1308 3530 1355 et

1936 1388 2153 1443 Arcadii
2192 1388 2485 1443 liberorum
2530 1388 2817 1444 Theodosii
2865 1397 3131 1458 tempora,
3168 1401 3228 1444 ut
3261 1399 3387 1444 tunc
3415 1391 3533 1444 his-

1944 1483 2095 1537 toria:
2123 1498 2234 1538 sua:
2261 1484 2553 1539 terminum
2579 1494 2766 1554 ponat,
2801 1486 3020 1556 quando
3054 1487 3332 1551 Arsacius,
3389 1485 3533 1558 55a

1940 1573 2139 1630 Joann.
2192 1576 2581 1648 Cbrysostomo
2630 1579 3019 1643 exterminato,
3061 1577 3254 1633 solium
3289 1577 3531 1647 episcOpi

1941 1669 2247 1740 occupavit,
2293 1669 2617 1740 Arcadiique
2648 1671 2994 1739 imperatoris
3028 1686 3169 1725 uxor
3193 1671 3438 1741 gravida,
3470 1681 3527 1724 et

240 1749 642 1817 ἀπελαθέντος,
674 1756 756 1818 εἱς
779 1755 872 1810 τὸν
892 1758 1283 1830 ἀρχιερατικὸν
1308 1762 1497 1835 θρόνον
1525 1765 1834 1837 ἀνηγμένος

1942 1776 2058 1815 mox
2089 1761 2383 1825 abortiens,
2438 1762 2541 1817 vita
2571 1763 2824 1817 decessit.
2873 1763 3154 1834 Eunapitts
3185 1764 3273 1817 hic
3306 1760 3533 1818 Sardia—

239 1843 577 1914 ῑεράτευεν,
619 1850 653 1919 ἠ
692 1849 751 1902 δὲ
789 1850 886 1906 τοῦ
932 1852 1313 1923 βασιλεύοντος
1354 1858 1638 1930 Ἀρκαδίου
1694 1861 1832 1932 γυνὴ

236 1936 391 1990 κατὰ
421 1939 665 2011 γαστρὸς
707 1941 906 2012 ἔχουσα
952 1946 1048 1999 καὶ
1089 1947 1427 2018 ἀμϐλώσασα
1452 1951 1545 2005 τὸν
1575 1952 1690 2022 βίον
1723 1954 1832 2006 ἀπ-

237 2029 455 2084 έλιπεν.
478 2026 652 2097 Οὗτος
675 2036 704 2088 ὁ
732 2035 1002 2115 Εύνάπιος
1030 2039 1325 2109 Σαρδιανὸς
1349 2041 1450 2113 μὲν
1480 2041 1605 2115 [100
1625 2042 1723 2115 Η.]
1738 2044 1832 2113 γέ-

234 2138 332 2183 νος
375 2121 499 2175 ἐστὶ
527 2123 650 2193 (τὰς
672 2123 784 2197 γὰρ
830 2114 891 2179 ἓν
930 2128 1101 2200 Λυδίᾳ
1132 2128 1357 2200 Σάρδεις
1383 2114 1509 2202 ἔσχε
1548 2114 1828 2204 πατρίδα),

233 2210 520 2283 δυσσεϐὴς
567 2212 625 2267 δὲ
670 2214 772 2285 τὴν
816 2214 1116 2286 θρησκείαν
1154 2216 1231 2272 ὢν
1272 2218 1365 2287 (τά
1403 2220 1675 2295 Ἑλλήνων
1721 2225 1832 2294 γὰρ

234 2302 464 2373 ἐτίμα),
492 2307 623 2369 τοὺς
662 2308 763 2376 μὲν
793 2308 1048 2381 εὐσεϐείᾳ
1080 2311 1181 2382 τὴν
1209 2310 1486 2382 βασιλείαν
1515 2315 1829 2386 κοσμήσαν-

231 2410 341 2456 τας
372 2396 548 2450 παντὶ
579 2397 771 2469 τρόπῳ
788 2399 898 2471 καὶ
926 2400 1126 2472 ἀνέδην
1158 2403 1401 2469 κακίζων
1434 2404 1703 2475 διασύρει,
1736 2406 1835 2458 καὶ»

235 2487 492 2556 μάλιστά
518 2503 584 2557 γε
604 2489 699 2543 τὸν
728 2489 905 2561 μέγαν
930 2492 1361 2557 Κωνσταντῐνον,
1389 2495 1598 2566 ἐξαίρει
1630 2495 1831 2560 δὲτοὺς

1932 1870 2037 1909 nus
2069 1869 2267 1924 genere
2301 1854 2590 1927 (Sardibus
2620 1857 2765 1910 enim
2798 1853 2982 1928 Lydiae
3017 1855 3202 1927 natus)
3227 1855 3370 1924 qttod
3398 1871 3532 1924 gen-

1934 1946 2066 1997 tium
2119 1948 2369 2017 dogmata
2406 1956 2750 2016 sequeretur,
2804 1962 2908 2002 non
2939 1962 3132 2018 parum
3162 1947 3360 2015 impius
3407 1946 3547 2000 fuit»

1931 2037 2033 2103 Qui
2070 2053 2201 2108 ergo
2230 2040 2430 2108 pietate
2477 2037 2739 2106 singulari
2780 2038 3067 2108 imperium
3107 2048 3392 2103 ornarunt,
3425 2053 3521 2093 eos

1931 2131 2155 2185 omnino
2188 2130 2411 2199 largiter
2448 2131 2686 2196 vellicat,
2711 2141 2874 2201 atque
2902 2130 3159 2194 traducit,
3190 2130 3553 2198 maximeque-

1937 2222 2176 2276 omnittm
2215 2222 2329 2293 (82)
2371 2221 2787 2277 Constantinum
2837 2220 3124 2294 Magnum;
3167 2221 3367 2290 impios
3397 2236 3551 2273 con-.

1939 2321 2021 2365 tra
2053 2312 2286 2378 extollit,
2322 2329 2386 2368 ac
2412 2330 2524 2384 prze
2555 2314 2770 2369 caeteris
2795 2311 3069 2368 Iulianum
3104 2314 3438 2382 Apostatam,
3472 2321 3549 2366 ut,

1937 2403 2050 2459 fere
2082 2405 2146 2460 ad
2185 2406 2325 2461 hunc
2350 2405 2677 2461 laudandum
2702 2404 3023 2461 historicum
3060 2406 3226 2462 hocce
3254 2417 3390 2474 opus
3419 2403 3533 2459 cla-

1937 2496 2160 2552 borasse
2189 2496 2463 2554 videatur.

228 2576 569 2647 δυσσεϐεῖς,
600 2580 833 2636 καὶτῶν
880 2583 1060 2638 ἄλλων
1102 2584 1266 2640 πλέον
1321 2587 1613 2642 Ἷουλιανδν
1641 2587 1734 2643 τὸν
1764 2587 2116 2661 Παραϐἀτην,
2157 2589 2255 2644 καὶ¹
2294 2590 2482 2661 σχεδόν
2523 2588 2673 2645 τιτὸ
2712 2590 2814 2662 τῆς
2857 2589 3101 2662 ἱστορίας
3141 2588 3291 2662 αὐτῷ
3323 2591 3404 2655 εἱς
3470 2591 3547 2646 τίκ

228 2672 460 2727 ἐκείνου
487 2671 772 2744 ἐγκώμιον
806 2674 1063 2729 συντεθὲν
1083 2676 1408 2749 ὲξεπονήθη.

314 2767 481 2820 Ἐστι
525 2766 583 2821 δὲ
626 2767 926 2840 καλλιεπὴς
964 2771 1067 2841 τὴν
1117 2769 1345 2839 φράσιν,
1372 2772 1421 2826 εἱ
1455 2771 1699 2843 περιέλοι
1742 2790 1827 2837 τις

230 2858 410 2913 αὑτοῦ
431 2858 548 2912 τῶν
568 2859 746 2928 λόγων
766 2860 825 2913 τὸ
845 2861 1284 2931 ἀλεκτρυονῶδες
1329 2866 1426 2918 καὶ
1470 2864 1831 2933 ὲλαφωδέστε-

235 2967 338 3021 ρον
392 2951 497 3004 καὶ
550 2953 947 3024 συωδέστερον,
988 2955 1088 3008 καὶ
1117 2954 1251 3011 δέκα
1280 2957 1329 2989 ⁷³
1351 2957 1480 3021 τοὺς
1511 2956 1831 3029 ἱερακὼδεις

230 3045 339 3095 καὶ
385 3043 730 3113 κορακὼδεις
757 3044 853 3097 καὶ
887 3045 1238 3117 πιθηκὼδεις,
1267 3049 1363 3102 καὶ
1411 3049 1473 3103 τὸ
1512 3050 1832 3120 ποταμῶδες

2001 2770 2241 2827 Pulchra
2306 2768 2425 2840 ejus
2476 2769 2664 2833 dictio,
2724 2768 2769 2824 si
2828 2768 2953 2839 quis
3009 2768 3114 2823 ista
3178 2768 3455 2838 exceperit
3514 2784 3549 2823 τι

1946 2864 2438 2938 ’Δλεκτρυονῶδες,
2475 2864 2574 2919 καὶ⁸
2608 2862 3072 2934 έλαφωδέστερον,
3102 2860 3535 2916 καὶσυωδέστε-

1939 2977 2052 3032 ρον,
2082 2958 2177 3012 καὶ
2212 2957 2277 3028 δὴ
2313 2958 2408 3011 καὶ
2449 2957 2578 3021 τοὺς
2621 2954 2970 3027 ἱερακώδεις,
3027 2954 3122 3008 καὶ
3175 2950 3531 3024 κορακώδεις,

1935 3052 2030 3105 καὶ
2078 3048 2432 3121 πιθηκῶδεις,
2465 3049 2560 3102 καὶ
2586 3047 2648 3102 τὸ
2679 3045 3001 3118 ποταμῶδες
3018 3043 3273 3116 δάκρυον.
3307 3043 3363 3098 Id
3396 3051 3480 3097 est
3515 3062 3530 3098 ι

231 3132 510 3205 δάκρυον,
542 3133 642 3187 ttat
681 3135 751 3189 τά
789 3136 972 3205 ὃμοιαο
1016 3138 1228 3204 τούτοις
1255 3140 1365 3211 γὰρ
1405 3141 1500 3195 καὶ
1534 3140 1633 3212 τὴν
1664 3142 1833 3213 ἄλλην

1942 3142 2393 3208 Gallinaceasum,
2433 3142 2604 3212 magis
2651 3140 2943 3205 cervinum,
2978 3138 3249 3208 magisque
3292 3136 3531 3198 suillum,

230 3224 349 3277 τῶν
381 3224 673 3293 ὀνομάτων
717 3225 1171 3298 περιλυμαίνεται
1207 3231 1303 3283 καὶ
1343 3231 1644 3285 διανοθεύει
1671 3231 1834 3300 εὐγέο

233 3332 421 3370 νειαν.
454 3316 568 3369 Καὶ
594 3319 825 3386 τροπαῖς
877 3319 979 3388 μὲν
1007 3319 1276 3391 κέχρηται
1320 3321 1667 3392 παραϐόλως,
1697 3322 1838 3394 ὅπερ

233 3410 264 3462 ὀ
286 3408 398 3476 τῆς
445 3409 690 3479 ἱστορίας
719 3409 819 3484 οὐκ
846 3409 1025 3465 ἐθέλει
1047 3412 1094 3443 ⁷⁸
1114 3411 1310 3483 νόμοςο
1348 3415 1665 3484 ἀφαιρεῖται
1683 3413 1741 3467 δὲ
1773 3414 1836 3468 τὸ

234 3498 457 3553 λυποῦν
488 3501 525 3571 ἡ
552 3478 657 3570 τῆς
686 3478 888 3566 λέξὲως
925 3478 1277 3572 ἔμφασις-τὰ
1305 3478 1477 3564 πολλὰ
1492 3478 1598 3560 ’καὶ
1619 3507 1836 3561 ἀστειό-

230 3610 362 3664 της.
394 3593 478 3665 Τῇ
524 3595 771 3666 συνθήκῃ
797 3594 853 3649 δὲ
882 3597 977 3651 καὶ
1003 3595 1084 3668 τῷ
1106 3599 1275 3668 σαφεῖ
1304 3598 1441 3670 πρὸς
1473 3599 1720 3672 ἱστορίαν
1741 3600 1836 3654 καὶ

232 3689 363 3750 ταῖς
412 3688 694 3759 περιόδοις
740 3690 1074 3762 συμμέτρως
1116 3691 1212 3745 καὶ
1241 3692 1459 3756 οἰκείως
1509 3691 1657 3763 ἔχει’
1694 3693 1837 3765 πλὴν

234 3778 467 3849 ἐνιαχοῦ
515 3779 939 3852 δικανικώτερον
982 3782 1246 3855 μᾶλλονῆ
1282 3784 1701 3856 ίστορικὼτερον
1732 3801 1837 3856 με·

236 3874 362 3924 στοῖ
419 3872 519 3925 καὶ
568 3872 891 3943 περιϐάλλει
946 3876 1038 3929 τὸν
1082 3875 1262 3944 λόγον.
1293 3876 1626 3947 Νεωτερίζιι
1655 3877 1701 3930 δ’
1737 3876 1839 3930 οὐκ

234 3963 404 4032 ὀλίγα
433 3963 534 4017 καὶ
553 3968 684 4035 περὶ
698 3966 799 4030 τὰς
834 3966 1139 4035 συντάξεις,
1178 3967 1319 4037 πλὴν
1346 3968 1447 4022 οὐκ
1477 3969 1559 4033 είς
1584 3968 1645 4022 τὸ
1670 3969 1838 4041 ἄχαρι

1857 3185 1905 3249 C

1934 3229 2267 3301 accipitrosi,
2318 3229 2546 3291 carnosi,
2600 3227 2840 3290 simiosi,
2871 3236 2918 3280 et
2958 3224 3192 3294 lacryma
3226 3224 3541 3293 (luminosa.

1933 3335 1989 3378 et
2023 3324 2072 3375 id
2103 3336 2273 3392 genus
2306 3320 2432 3374 alia.
2460 3318 2557 3373 His
2591 3320 2734 3372 enim
2767 3317 2997 3387 aliisque
3027 3317 3251 3371 vocibus
3293 3329 3523 3383 genero-

1935 3428 2054 3467 sum
2106 3412 2316 3467 dicendi
2361 3426 2529 3481 genus
2567 3410 2893 3478 corrumpit,
2948 3418 3110 3479 atque
3151 3410 3286 3462 adeo
3325 3407 3538 3462 adulte-

1937 3513 2042 3557 rat.
2094 3503 2304 3573 'l‘ropos
2343 3504 2407 3556 ad
2445 3503 2560 3557 hrec
2606 3509 2801 3570 prater
2841 3500 3062 3555 modum
3101 3500 3341 3563 adhibet,
3391 3499 3536 3569 quod

1937 3596 2181 3650 historiae
2239 3595 2324 3650 lex
2384 3603 2551 3648 vetat.
2609 3593 2814 3648 Eximit
2866 3604 3047 3647 autem
3107 3591 3410 3646 molestiam
3476 3599 3531 3642 ttt

1938 3687 2230 3756 plurimum
2271 3685 2486 3739 dicendi
2536 3685 2639 3750 vis,
2686 3696 2739 3740 et
2780 3684 3085 3739 urbanitas.
3131 3683 3548 3751 Compositioue.

1936 3792 2089 3837 vero.
2143 3786 2199 3831 et
2250 3776 2661 3845 perspicuitate,
2726 3790 2791 3830 ac
2839 3774 3079 3844 periodis
3123 3777 3186 3828 ad
3250 3775 3533 3829 historiam

1939 3869 2345 3924 accommodate
2377 3883 2440 3923 ac
2468 3869 2684 3939 proprie
2712 3868 2904 3934 utitur,
2937 3867 3041 3921 nisi
3072 3866 3214 3935 quod
3254 3865 3526 3919 interdum

1933 3959 2167 4030 juridice
2220 3960 2412 4029 magis,
2481 3974 2643 4029 quam
2695 3958 2955 4013 historice
3027 3957 3235 4026 implet,
3293 3957 3537 4024 texitque

1938 4052 2263 4107 orationem.
2312 4049 2536 4104 lnnovat
2570 4065 2674 4104 non
2719 4064 2890 4119 pauca
2929 4050 2982 4103 in
3012 4049 3399 4111 construendo,
3436 4062 3534 4101 ve-

1939 4159 2059 4199 rum
2097 4146 2149 4198 id
2191 4158 2300 4198 non
2340 4144 2567 4212 ingrate,
2638 4158 2816 4213 neque
2845 4152 2904 4197 ttt
2941 4142 3178 4214 periodis
3236 4142 3535 4212 reprehen-

1556 4280 1561 4288 .
1888 4250 1893 4259 ἴ
1942 4233 2134 4290 dendis
2166 4248 2351 4288 ansam
2380 4235 2638 4302 praebeat.

310 4322 423 4379 Δύο
449 4322 513 4377 δὲ
534 4323 925 4394 πραγματείας
957 4322 1057 4394 τὴν
1085 4323 1259 4394 αὐτὴν
1291 4325 1660 4397 περιεχούσας
1693 4326 1834 4380 ίστο·

2014 4323 2159 4377 Duos
2189 4332 2369 4376 autem
2417 4332 2614 4385 tomos,
2649 4321 2741 4391 qui
2775 4320 3024 4376 eamdem
3065 4319 3360 4377 Historiam
3389 4336 3540 4376 com-
3581 4360 3585 4364 »

241 4417 369 4487 ρίαν
389 4416 799 4486 συνεγράψατο,
825 4416 1053 4488 πρώτην
1076 4417 1173 4471 καὶ
1198 4417 1485 4489 δευτέραν,
1518 4418 1615 4473 καὶ
1650 4419 1710 4473 ὲν
1742 4419 1834 4489 μὲν

1942 4412 2271 4483 plectantur,
2342 4411 2585 4480 scripsit,
2653 4413 2910 4481 primum,
2965 4419 3020 4466 et
3074 4410 3393 4467 secundum.
3457 4414 3537 4464 Ac

238 4511 307 4579 τῇ
620 4506 820 4580 πολλὴν
877 4508 1018 4563 κατὰ
1069 4511 1171 4581 τῆς
1217 4508 1467 4580 καθαρᾶς
1517 4510 1678 4581 ἡμῶν
1729 4510 1834 4564 τῶν

1944 4502 2111 4573 priori
2146 4502 2389 4570 quidem,
2443 4501 2628 4554 multis
2653 4501 2705 4555 in
2734 4501 3006 4555 sinceram
3051 4498 3377 4555 Christianae
3407 4515 3536 4554 nos-

242 4598 597 4670 Χριστιανῶν
639 4599 880 4663 πίστεως
932 4601 1292 4672 κατασπείρει
1324 4601 1702 4673 βλασφημίαν,
1742 4603 1834 4656 καὶ

1946 4604 2044 4648 tra:
2076 4592 2194 4647 lldei
2230 4591 2538 4646 doctrinam
2593 4591 2943 4660 blasphemiis
2984 4592 3267 4659 conjectis,
3294 4592 3533 4661 gentium

239 4693 344 4763 τὴν
381 4690 711 4762 Ἑλληνικὴν
758 4691 1127 4763 ἀποσεμνύνει
1169 4693 1618 4765 δεισιδαιμονίαν,
1663 4692 1834 4748 πολλὰ

1943 4696 2130 4742 contra
2163 4684 2539 4739 detestandum
2576 4698 2818 4736 errorem
2849 4683 3134 4753 magniﬁce
3167 4684 3534 4751 commendat,

240 4760 354 4837 τῶν
408 4760 675 4836 εὐσεϐῶν*
718 4760 983 4853 βασιλέων
1042 4760 1457 4855 καθαπτόμενος
1488 4801 1502 4815 ·
1540 4786 1599 4839 ὲν
1642 4783 1701 4836 δὲ
1765 4786 1834 4855 τῇ

1944 4776 2114 4831 multa
2153 4760 2370 4845 quoque
2400 4775 2611 4843 piorum
2664 4774 3052 4843 imperatorum
3082 4774 3223 4829 facta
3257 4775 3533 4832 mordens.

240 4873 495 4947 δευτέρᾳ,
532 4874 604 4945 ἢν
652 4877 749 4960 καὶ
773 4875 934 4929 Νέαν
957 4874 1207 4930 ἔκδοσιν
1234 4876 1552 4948 ἐπιγράφει,
1592 4870 1704 4946 τὴν
1739 4875 1834 4946 μὲν

1942 4868 2131 4922 Altero
2155 4881 2284 4921 vero
2322 4875 2489 4931 tomo,
2523 4879 2681 4933 quem
2719 4876 2773 4919 et
2799 4880 2994 4921 novant
3028 4867 3321 4922 editionem
3356 4876 3534 4931 vocat,

243 4966 451 5038 πολλὴν
479 4965 647 5039 ὕϐριν
667 4958 771 5021 ﬁxa!
798 4965 1113 5036 ἀσέλγειαν,
1146 4968 1214 5040 ἢν
1244 4968 1386 5021 κατὰ
1414 4967 1512 5038 τῆς
1546 4966 1833 5030 εὐσεϐείας

1942 4960 2205 5031 ingentem
2280 4958 2429 5013 illam
2494 4960 2866 5014 conviciorum
2950 4960 3189 5027 turbam,
3259 4976 3421 5031 quam
3476 4961 3533 5016 in

234 4056 350 4110 οὐδ’
380 4057 467 4121 είς
496 4057 562 4110 τὺ
582 4060 704 4121 ταῖς
729 4058 975 4129 μεθόδοις
998 4059 1045 4092 ⁷⁸
1071 4059 1245 4131 λαϐὴν
1274 4057 1581 4114 ἐπιδοῦναι.

1518 5119 1759 5177 VARUS
1796 5117 2205 5176 LECTIONES.

311 5244 357 5276 '°
380 5243 600 5313 ἔχοντος
629 5260 695 5308 ς.
776 5242 824 5275 ⁷⁸
849 5240 1321 5313 τεσσαρακαίδεκα
1350 5258 1412 5313 ς.
1468 5238 1899 5313 cfaBoissonad.
1934 5238 2145 5309 Eunap.
2182 5252 2230 5307 ρ.
2264 5251 2354 5293 Χῖ..
2409 5239 2455 5269 ⁷³
2486 5238 2761 5304 Δεξίππου
2805 5257 2866 5303 ς.
2924 5241 2973 5271 ⁷³
2990 5237 3144 5310 δέκα]
3182 5238 3245 5309 δὴ
3265 5238 3358 5291 καὶ
3389 5237 3527 5296 Max.

250 5311 571 5385 Murgu’uius
598 5331 613 5369 :
646 5317 686 5366 ’ῖ
722 5313 790 5369 Α.
853 5313 900 5346 ⁷⁸
931 5314 993 5367 οὺ
1023 5311 1169 5366 θέλει
1201 5329 1262 5375 ς.
1340 5312 1387 5344 ’⁵
1410 5311 1682 5383 περιόδοις
1706 5327 1767 5374 ς.

1776 5426 1989 5483 ΝΟΤᾸ]
2000 5468 2014 5482 .

325 5544 697 5618 (εἱγῐιῖιιιιιιρῑῐ
732 5554 950 5600 exstant
985 5544 1354 5613 Sophistarum
1385 5547 1505 5601 vim
1532 5545 1844 5618 Grapcolatq

252 5616 835 5687 typis'l’lantinianis,
879 5626 935 5670 et
989 5620 1042 5671 in
1106 5618 1436 5687 Germania,
1483 5617 1685 5672 additis
1731 5616 1849 5683 ejus

257 5685 572 5756 legationum
625 5688 963 5757 fragmentis.
1009 5701 1076 5742 ex
1127 5687 1211 5740 his
1253 5685 1632 5748 Cltmnicorum
1672 5687 1845 5751 libris,

260 5771 391 5823 quos
434 5760 505 5813 ob
542 5757 979 5813 tnaledtcetttiam
1031 5759 1085 5812 itt
1118 5757 1484 5813 Christianam
1533 5757 1844 5828 religiOuL-tn

1949 5547 2134 5617 divina
2197 5549 2433 5616 quadam
2485 5546 2820 5617 providentia
2869 5544 3526 5617 intercidisse_arltitror.

2021 5616 2138 5687 (8:2)
2181 5614 2253 5673 Ut
2297 5632 2351 5673 et
2386 5614 2636 5675 Zositnus
2667 5618 2734 5671 de
2763 5630 2870 5685 quo
2906 5614 3013 5687 iul.
3063 5616 3189 5687 cod.
3233 5615 3323 5675 98.
3361 5617 3551 5687 Quem-

1947 5687 2011 5743 Ι).
2068 5685 2262 5744 Baron.
2336 5696 2375 5740 t.
2450 5686 2489 5741 ll
2555 5687 2752 5742 Annal.
2808 5685 2993 5740 ετείει.
3051 5686 3251 5756 passim
3313 5685 3549 5745 refelliL.
