3942 6234
399 208 502 276 247

1535 219 1802 279 ΡΗΟΤΙΙ
1849 218 2360 281 PATRIARCH/E
2399 223 2500 284 (ΖΡ.

3560 214 3672 278 248

399 323 766 382 (Zhristianam
813 329 1070 398 pietatem
1115 332 1452 400 petulantius
1481 342 1639 387 antea
1689 345 1986 404 sparserat,

2101 336 2405 400 ἑσκέὸαζεν.
2434 338 2822 409 ὑποτέμνεται,
2873 339 3003 412 [172
3028 339 3123 411 Β.)
3164 338 3224 392 τὸ
3269 337 3328 392 δὲ
3357 333 3546 390 λοιπδν
3565 334 3670 400 τῆς

404 417 649 471 nonnihil
703 419 996 484 contrahit,
1046 437 1109 478 ac
1164 422 1426 492 reliquum
1481 425 1678 480 deinde
1743 425 1983 483 historia:

403 522 599 576 corpus
645 520 920 580 utcunque
947 525 1298 580 connectens,
1354 513 1588 584 Novam,
1617 527 1676 571 ut
1705 517 1834 579 dixi,
1870 519 1983 572 edi-

402 601 597 655 tionem
651 602 924 670 inscribit,
947 621 1066 676 qua:
1095 606 1450 662 nihilominus
1497 605 1698 664 furoris
1756 609 1898 663 illius
1927 618 1984 665 et

401 694 594 760 rabiei,
641 711 744 763 qua
776 699 1009 766 primum
1043 707 1245 752 tomum
1296 699 1686 767 compleverat,
1726 717 1832 757 non
1861 703 1980 758 exi-

401 800 560 855 guam
596 789 892 842 etiamnum
943 799 1152 860 partem
1187 803 1558 860 repraesentat.
1591 795 1850 864 Equidem
1893 795 1980 848 in-

402 877 632 932 cidimus
680 879 731 931 in
786 881 1039 950 antiquos
1114 885 1395 955 utriusque
1466 888 1719 942 editionis
1790 888 1979 952 libros,

401 969 627 1022 seorsim
681 973 748 1023 ab
798 973 1028 1027 invicem
1079 976 1279 1031 divisos
1299 988 1354 1031 et
1397 990 1729 1047 compactos,
1784 980 1984 1049 quibus

403 1058 579 1124 lectis,
611 1064 895 1134 utriusque
945 1069 1234 1124 discrimen
1275 1071 1747 1138 deprehendimus.
1775 1071 1987 1125 Accidit.

401 1161 578 1206 autem
617 1154 668 1206 in
718 1172 854 1209 nova
903 1159 1140 1214 editione
1188 1161 1335 1216 locos
1383 1163 1664 1229 plurimos,
1713 1164 1782 1217 ob
1813 1165 1986 1218 dicto-

404 1256 521 1294 rum
574 1241 713 1298 facta
748 1251 1092 1317 compendia,
1148 1253 1378 1306 obscure
1414 1264 1693 1308 truncatas
1728 1269 1868 1318 esse,
1903 1263 1985 1308 ta-

403 1334 561 1389 metsi
613 1339 1020 1405 perspicuitatis
1069 1343 1332 1400 rationem
1371 1355 1562 1398 auctor
1610 1361 1858 1414 magnam
1890 1345 1986 1398 lia-

404 1426 602 1492 buerit,
655 1431 822 1484 nihilo
853 1441 1033 1488 tamen
1086 1435 1264 1490 minus
1298 1435 1437 1507 54b
1483 1437 1644 1508 (quod
1681 1438 1732 1490 id
1785 1436 1985 1490 factum

2091 425 2412 495 συγγραφῆς
2430 424 2590 495 σῶμα
2608 426 2860 497 συνείρας
2878 427 3043 481 Νέαν
3057 426 3326 489 ἔκδοσιν,
3343 423 3418 486 ὡς
3435 421 3670 491 ἔφημεν.

2088 515 2408 586 ἐπιγράφει,
2440 515 2519 570 ἔτι
2551 517 2723 571 πολλὰ
2758 518 2857 587 τῆς
2888 518 3068 571 ἐκεῖσε
3103 517 3308 586 λύσσης
3341 511 3673 580 ὑποφαίνου-

2091 622 2209 659 σαν.
2241 605 2474 674 Ἀμφοίν
2509 605 2566 658 δὲ
2589 608 2708 669 ταῖς
2725 605 3004 659 ὲκδόσεσιν
3043 607 3100 658 ὲν
3135 605 3385 665 παλαιοῖς
3416 599 3672 668 ἐνετύχο-

2094 714 2192 766 μεν
2224 695 2468 767 βιϐλίοις,
2505 697 2652 761 ἰδίως
2684 697 2953 767 ἑκατέραν
2981 697 3028 728 ⁷⁸
3069 699 3127 750 έν
3149 696 3319 766 ἑτέρῳ
3369 693 3556 763 τεύχει
3575 688 3673 743 καὶ

2092 789 2265 861 ἑτέρῳ
2291 791 2732 862 συντεταγμένην
2753 808 2768 824 ο
2803 789 2864 856 ἐξ
2898 784 2973 844 ὧν
3003 790 3184 845 αὐτῶν
3213 787 3308 841 κα).
3341 786 3441 854 τὴν
3475 785 3672 850 διαφο-

2094 881 2192 952 ρὰν
2220 881 2614 952 ἀναλεξάμενοι
2646 881 2914 951 ἔγνωμεν.
2949 879 3250 952 Συμϐαίνει
3274 877 3365 932 οὖν
3389 879 3445 929 ὲν
3474 878 3544 946 τῇ
3573 875 3672 945 νέᾳ

2091 972 2302 1026 ἐκδόσει
2325 973 2494 1027 πολλὰ
2535 971 2641 1026 τῶν
2670 975 2884 1044 χωρίων
2916 973 3007 1026 διὰ
3032 971 3130 1034 τὰς
3157 968 3533 1042 γεγενημένας
3558 962 3671 1017 τῶν

2093 1066 2276 1137 ῥητῶν
2323 1067 2631 1138 περικοπὰς
2662 1066 2889 1134 ἀσαφῶς
2943 1065 3248 1126 ἐκκεῖσθαι,
3281 1061 3461 1116 καίτοι
3499 1073 3671 1128 φρον-

2092 1159 2280 1228 τιστὴς
2308 1159 2426 1211 ἐστι
2474 1158 2567 1211 τοῦ
2595 1155 2803 1225 σαφοῦς
2833 1172 2848 1184 ’
2874 1158 2989 1211 ἀλλ’
3022 1157 3129 1226 ὅτῳ
3151 1153 3338 1226 τρόπῳ
3361 1150 3542 1218 λέγειν
3569 1147 3673 1200 οὐκ

2091 1250 2220 1321 ἔχων
2260 1251 2336 1323 μὴ
2377 1251 2557 1314 καλῶς
2591 1251 2735 1306 κατά
2777 1251 2876 1313 τὰς
2919 1246 3232 1320 περικοπὰς
3266 1243 3514 1315 ἁρμόσας
3539 1238 3671 1297 τοὺς

2089 1345 2284 1413 λόγους
2317 1343 2376 1396 ὲν
2405 1347 2470 1415 τῇ
2505 1344 2740 1416 δευτέρᾳ
2770 1343 2981 1397 ἐκδόσει
3009 1341 3100 1395 τὸν
3130 1339 3256 1393 νοῦν
3283 1334 3606 1406 λυμαίνεται
3627 1327 3672 1359 τ’

2091 1434 2202 1488 τῶν
2233 1437 2787 1508 ἀναγινωσκομένων.
2835 1437 2924 1490 Ἐν
2950 1429 3032 1497 οἷς
3062 1435 3158 1488 κα)¹
3180 1432 3239 1487 τὸ
3258 1431 3431 1491 τέλος.

403 1518 472 1570 sit
504 1521 684 1583 modo,
734 1525 940 1596 nescio)
973 1542 1079 1580 non
1113 1536 1278 1590 recte,
1327 1544 1432 1595 qua
1459 1529 1777 1597 compendia
1823 1535 2136 1592 occurrunt,
2185 1531 2476 1583 connexuit
2517 1529 2821 1584 orationem
2892 1529 2944 1583 in
3004 1542 3142 1584 nova
3211 1523 3468 1587 editione,
3537 1517 3675 1574 Sena

404 1626 521 1667 sum
563 1616 707 1668 enim
737 1620 1036 1689 corrumpit
1075 1635 1263 1674 eorum
1315 1637 1434 1688 quae
1461 1623 1531 1677 ibi
1563 1623 1832 1690 leguntur.
1881 1621 2061 1690 Atque
2093 1621 2178 1676 hic
2208 1621 2331 1678 linis
2357 1633 2495 1680 esto.

1115 1713 1396 1768 LXXVIII.

490 1798 691 1852 Male/ii
725 1800 989 1869 Sep/iisne
1035 1803 1347 1874 Byzantina:
1378 1804 1634 1863 Historia:
1663 1810 1788 1865 libri
1816 1828 1914 1868 vn.

478 1891 627 1948 Lecti
661 1907 788 1948 sunt.
817 1896 1010 1952 Malchi
1045 1898 1159 1966 (83)
1195 1897 1466 1967 Sophistaa
1496 1900 1751 1958 Historia:
1777 1904 1994 1977 Byzanc

406 1982 531 2035 tinae
584 1982 706 2036 libri
740 1998 967 2051 septem.
1019 1987 1352 2055 Auspicatur
1378 1990 1445 2042 ab
1481 2004 1544 2044 eo
1582 1999 1994 2067 tempore,'quo

404 2075 628 2131 morbus
677 2076 909 2131 Leonem
941 2077 1053 2148 (84)
1084 2078 1470 2147 imperatorem
1522 2084 1753 2148 septimo
1782 2086 1994 2142 decimo

405 2167 619 2234 imperii
655 2184 797 2221 anno
827 2170 1109 2224 chIinxit.
1166 2170 1362 2225 Narrat
1391 2173 1553 2242 igitur
1584 2173 1814 2231 Zenonis
1843 2178 1995 2231 inau-

404 2258 768 2325 gurationcm,
824 2271 987 2328 atque
1030 2271 1085 2314 ut
1124 2262 1264 2315 idcm
1298 2264 1535 2318 extorris
1563 2265 1790 2331 imperio
1833 2277 1994 2337 atque

407 2349 650 2413 privatus
690 2349 905 2414 vixerit,
960 2360 1018 2404 ut
1061 2351 1188 2406 item
1234 2352 1547 2420 Basiliscus,
1597 2355 1670 2410 illi
1712 2356 1992 2423 suntlectus,

405 2455 695 2508 purpuram
737 2443 932 2497 deinde
977 2447 1240 2512 posuerit.
1287 2446 1408 2501 Mox
1443 2447 1679 2505 Zenonis
1719 2451 1786 2504 ad
1823 2454 1995 2523 impe-

407 2535 546 2587 rium
578 2534 836 2599 reditum,
885 2537 1198 2607 cmdemque
1227 2539 1344 2608 ejus
1375 2557 1536 2612 quem
1583 2543 1694 2599 dixi
1721 2544 1992 2614 Basilisci,

405 2639 576 2679 uxore
602 2626 764 2680 etiam
798 2643 860 2682 ac
898 2629 1107 2694 liberis,
1154 2631 1334 2702 iniqua
1368 2633 1504 2703 lege,
1547 2651 1652 2689 una
1689 2637 1992 2694 trucidatis.

405 2717 688 2780 Armatum
745 2719 857 2788 (85)
911 2737 1146 2792 quoque,
1206 2724 1297 2793 qui
1345 2724 1618 2786 Zenonem
1686 2729 1992 2792 reduxerat.

406 2808 640 2863 similem
715 2814 992 2880 accepisse
1051 2820 1381 2880 mercedem,
1435 2820 1637 2873 cumis
1697 2821 1766 2874 ab
1825 2821 1994 2875 Onnl-

406 2903 515 2968 pho
569 2901 680 2974 (86)
728 2906 844 2959 neci
893 2907 1052 2960 datus
1098 2919 1202 2964 est.
1261 2909 1452 2964 Refert
1511 2911 1641 2964 item
1697 2911 1997 2967 Theoderi-

406 2993 493 3045 chi
531 2993 645 3064 (87)
681 2995 901 3051 Otriarii
933 2997 993 3052 F.
1026 2999 1349 3055 seditionem
1383 3018 1400 3057 :
1435 3000 1796 3057 Theuderichi
1832 3002 1998 3057 Mala-

2813 1717 2940 1769 OH'.

2227 1808 2480 1878 Μάλχου
2509 1805 2811 1876 σοφιστοῦ
2852 1801 3220 1864 Βυζαντιακὰ
3244 1799 3456 1865 βιϐλία
3475 1795 3546 1857 ζ’.

2167 1901 2478 1972 Ἀνεγώσθη
2521 1901 2744 1970 Μάλχου
2791 1894 3047 1964 σοφιστοῦ
3088 1891 3459 1952 Βυζαντιακὰ
3482 1893 3542 1942 ὲν
3592 1886 3677 1957 βις

2097 1995 2265 2058 ϐλίοις
2295 1991 2456 2047 ἑπτά.
2492 1993 2756 2062 Ἀρχεται
2791 1988 2891 2058 μὲν
2923 1986 2984 2051 ἐξ
3011 1980 3072 2040 οὗ
3101 1985 3307 2038 Λέοντα
3331 1983 3421 2035 τὸν
3451 1980 3680 2051 βασιλέα

2097 2092 2131 2160 ὴ
2156 2089 2313 2150 νόσος
2341 2084 2735 2153 ὲπίεζε,τοὺτῳ
2753 2081 2809 2134 δὲ
2839 2081 2934 2148 τῆς
2967 2076 3242 2149 βασιλείας
3269 2075 3386 2135 ἔτος
3413 2075 3681 2125 ἑπτακαι-

2097 2183 2327 2236 δέκατον
2358 2177 2740 2250 παρετείνετο·
2783 2174 3063 2243 διέρχεται
3097 2170 3153 2222 δὲ
3187 2170 3287 2238 τὴν
3323 2183 3382 2218 τε
3428 2165 3680 2231 Ζήνωνος

2098 2276 2424 2346 ἀνάρρησιν,
2465 2273 2561 2324 καὶ
2597 2268 2695 2340 τὴν
2718 2266 3010 2338 ὑπερόριον
3054 2266 3153 2330 τῆς
3203 2257 3474 2331 βασιλείου
3518 2255 3683 2320 δόξης

2095 2368 2398 2440 διατριϐὴν,
2420 2365 2512 2418 καὶ
2527 2365 2626 2431 τὴν
2646 2360 2969 2414 Βασιλίσκου
2990 2355 3316 2428 ἀνάρρησιν,
3345 2351 3441 2403 καὶ
3462 2349 3562 2418 τὴν
3578 2349 3685 2416 τῆς

2095 2437 2416 2527 ἁλουργίδος
2446 2453 2731 2514 ἀπόθεσιν,
2758 2450 2854 2503 καὶ
2876 2449 2975 2518 τὴν
3003 2447 3097 2499 ἐπὶ
3126 2445 3170 2476 ⁷⁸
3194 2446 3261 2514 τῇ
3297 2439 3548 2511 βασιλεία
3578 2437 3685 2490 πά·
3733 2517 3738 2522 .

2095 2550 2179 2603 λιν
2207 2547 2433 2601 κάθοδον
2463 2545 2732 2615 Ζήνωνος,
2751 2544 2848 2612 τήν
2870 2557 2930 2593 τε
2961 2537 3057 2591 τοῦ
3093 2532 3493 2606 προειρημένου
3519 2531 3685 2582 Βασι-

2097 2639 2288 2692 λίσκου
2319 2635 2409 2688 διὰ
2432 2633 2622 2703 ξίφους
2659 2629 2961 2700 ἀναίρεσιν,
2994 2622 3062 2698 ἦς
3090 2625 3185 2678 καὶ
3214 2622 3352 2690 γυνὴ
3383 2619 3479 2673 κα).
3513 2618 3687 2670 τέκνα

2099 2731 2408 2803 παρανόμῳ
2438 2727 2618 2798 κρίσει
2657 2721 3046 2791 ἐκοινώνησαν.
3079 2718 3190 2772 Καὶ
3216 2716 3298 2768 ὃτι
3341 2711 3616 2803 Ἀρμάτος
3637 2708 3684 2737 ⁷⁸

2096 2802 2371 2892 ὁΖίήνωνα
2416 2819 2677 2886 κατάγων
2709 2814 2968 2883 τοιαύτης
3009 2808 3359 2880 ἀντιμισθίας
3400 2802 3684 2861 ἀπώνατο.

2096 2917 2186 2971 διὰ
2220 2913 2512 2982 Ὀνούλφου
2540 2911 2586 2943 ⁸⁰
2613 2909 2906 2977 δεξάμενος
2933 2905 3034 2975 τὴν
3052 2905 3288 2973 σφαγήν.
3312 2895 3689 2965 Διαλαμϐἀνει,

2098 3009 2222 3082 [101
2258 3007 2353 3079 ιι]
2383 3006 2439 3058 δὲ
2473 3004 2570 3059 καὶ
2590 3003 2690 3072 τὴν
2718 2998 3045 3070 Θευδερίχου
3077 2994 3172 3048 τοῦ
3214 2988 3524 3082 Ὀτριαρίου
3557 2985 3690 3082 σταῖ-

408 3086 532 3139 miri
576 3086 639 3142 F.
673 3090 990 3154 amicitiam,
1032 3102 1241 3148 etcum
1277 3093 1367 3149 illo
1400 3095 1572 3150 altero
1614 3096 1995 3152 Tlieudericbn

2101 3077 2208 3165 σιν,
2240 3077 2350 3152 xui.—
2363 3098 2462 3168 τὴν
2495 3092 2814 3162 Θευδερίχου
2843 3087 2940 3144 τοῦ
2964 3083 3328 3154 Μαλαμείρου
3361 3080 3570 3151 φιλίαν,
3591 3077 3691 3129 καὶ

409 3177 662 3232 bellum:
713 3191 989 3235 certamen
1037 3183 1203 3238 etiam
1263 3185 1523 3240 adversus
1595 3186 1892 3252 Zenonem,
1949 3199 2003 3241 ct

409 3268 667 3324 Marciani
707 3273 1078 3340 rebellionem,
1121 3284 1175 3328 et
1208 3285 1334 3330 ante
1370 3277 1508 3332 hanc
1560 3276 1771 3333 Berinaa
1807 3293 1999 3332 socrus

413 3363 490 3435 [in
523 3363 819 3438 Zenonem]
844 3366 1092 3433 insidias,
1115 3367 1486 3437 Marcianique
1522 3380 1834 3439 perpetuum
1859 3373 2003 3425 exsi-

410 3459 561 3521 liunt.
615 3460 852 3515 Rursum
902 3459 1112 3515 Beriim
1160 3463 1368 3530 priores
1412 3460 1554 3515 Hillo
1601 3470 1818 3530 paratas
1871 3463 2003 3516 insi-

411 3551 528 3606 dias
548 3551 684 3622 (88),
715 3561 882 3621 utque
913 3553 1269 3622 Epidamnum
1296 3553 1708 3607 Tlieuderichus
1737 3553 2002 3610 Malamiri

414 3644 475 3700 F.
527 3644 719 3700 fraude
754 3647 1056 3714 occuparit.
1105 3645 1231 3702 llaec
1267 3648 1355 3701 ubi
1394 3648 1597 3713 retulit,
1649 3665 1734 3704 res
1789 3664 2006 3718 quoque

416 3737 786 3790 Romanorum
838 3741 1051 3806 attingit
1087 3758 1102 3792 :
1140 3741 1371 3807 ﬁnisque
1424 3741 1642 3809 septimi
1701 3742 1822 3796 libri
1861 3760 2008 3799 mors

415 3837 498 3886 est
531 3828 764 3896 nepotis,
799 3829 889 3896 qui
919 3827 1232 3898 Glycerium
1261 3831 1507 3884 Caesarea
1534 3842 1801 3900 potestate
1833 3837 2006 3898 exuit,

418 3919 896 3988 Romanorumque
962 3921 1162 3976 invasit
1220 3923 1526 3991 imperium,
1577 3934 1633 3977 et
1683 3925 2006 3980 clericorum

420 4015 522 4068 ritu
571 4015 722 4070 illum
794 4023 1092 4077 attonsum,
1144 4029 1243 4084 pro
1303 4015 1633 4083 imperatore
1695 4019 2007 4087 episcopum

417 4107 701 4162 constituit
725 4105 861 4177 (89),
895 4123 923 4159 a
951 4121 1060 4175 quo
1079 4105 1295 4160 demum
1335 4107 1545 4162 insidiis
1581 4111 1800 4177 petitus,
1828 4111 2006 4178 periit.

423 4197 484 4252 lli
516 4209 723 4267 septem
749 4199 1102 4252 historiarum
1133 4199 1277 4264 libri,
1310 4202 1474 4254 etiam
1503 4202 1872 4270 praecedentes
1895 4202 2008 4271 (90)

420 4291 598 4358 plures
634 4293 701 4344 ab
747 4305 814 4346 eo
843 4291 1010 4346 libros
1047 4291 1216 4346 fuisse
1263 4293 1624 4363 conscriptos,
1663 4293 1923 4360 indicant,
1959 4304 2013 4348 et

422 4383 632 4436 initium
665 4381 787 4436 libri
825 4382 984 4451 primi
1026 4383 1092 4438 de
1132 4391 1340 4450 septem
1378 4381 1519 4436 idem
1564 4384 1825 4437 ostemtit.
1868 4381 2010 4448 Quin

418 4482 474 4528 et
501 4473 760 4544 deinceps
799 4475 1080 4533 historiam
1129 4484 1542 4544 persecuturum
1586 4475 1773 4538 fuisse,
1810 4475 1856 4528 si
1887 4475 2005 4527 lou-

2100 3191 2192 3244 τὸν
2228 3190 2366 3261 πρὸς
2393 3189 2486 3240 τὸν
2515 3186 2609 3238 τοῦ
2641 3184 2685 3214 ⁸¹
2711 3180 3024 3253 Ὀτριαρίου
3073 3176 3396 3244 Θευδέριχον
3422 3170 3689 3238 πόλεμον,
3729 3197 3733 3200 ~

2101 3284 2198 3337 καὶ
2237 3280 2336 3351 τὴν
2362 3279 2503 3332 κατὰ
2525 3280 2771 3347 Ζήνωνος
2806 3273 2969 3327 πάλιν
3005 3267 3193 3324 στάσιν
3213 3263 3282 3327 δ’,
3301 3265 3396 3317 καὶ
3415 3263 3514 3332 τὴν
3531 3262 3692 3329 Μαρ-

2104 3372 2294 3428 κιανοῦ
2325 3371 2716 3431 ἐπανάστασιν,
2748 3368 2843 3419 κα)⁵
2864 3363 2966 3434 πρό
2999 3378 3062 3430 γε
3093 3359 3286 3412 τούτου
3314 3355 3413 3426 τὴν
3438 3355 3538 3422 τῆς
3557 3369 3694 3403 πεν-

2107 3467 2272 3535 Θερᾶς
2307 3463 2544 3533 Βηρίνης
2578 3456 2894 3526 ἐπιϐουλὴν,
2929 3455 3026 3508 κα).
3066 3451 3165 3522 τὴν
3201 3449 3290 3502 διὰ
3318 3446 3474 3501 τοῦτο
3506 3445 3554 3476 ⁸³
3589 3461 3696 3512 φυ-

2104 3557 2328 3627 γαδείαν
2361 3558 2461 3623 τὴν
2512 3553 2707 3613 ἀΐδιον,
2745 3551 2839 3604 καὶ
2881 3547 2981 3618 τὴν
3017 3544 3161 3598 κατὰ
3202 3539 3369 3595 Ἱλλοῦ
3421 3537 3696 3627 πρότερον

2106 3626 2399 3713 ἐπιϐουλὴν
2444 3642 2648 3713 Βηρίνῃ
2703 3635 3190 3693 συσκευασθεῖσαν,
3245 3631 3340 3682 καὶ
3381 3626 3479 3697 τὴν
3537 3626 3696 3678 Ἐπι-

2106 3737 2310 3804 δάμνου
2324 3735 2370 3766 ⁸⁸
2396 3733 2500 3786 ὑπὸ
2527 3731 2852 3802 Θευδερίχου
2869 3727 2963 3779 τοῦ
2980 3721 3336 3793 Μαλαμείρου
3357 3720 3414 3769 ἐν
3440 3714 3578 3784 δόλῳ
3598 3732 3698 3767 κα-

2107 3827 2388 3896 τάσχεσιν.
2422 3823 2610 3877 Ταῦτα
2642 3819 2856 3887 διεξιὼν
2879 3817 3101 3880 διέξεισι
3131 3814 3226 3866 κα)⁸
3247 3812 3315 3865 τὰ
3344 3809 3439 3862 ἐπὶ
3471 3806 3700 3876 Ῥώμης

2110 3919 2204 3972 καὶ
2246 3919 2396 3978 τέλος
2427 3915 2519 3968 τοῦ
2559 3914 2790 3980 ἑϐδόμου
2826 3912 2986 3979 λόγου
3027 3909 3266 3960 ποιεῖται
3305 3903 3397 3956 τὸν
3430 3899 3696 3961 Νέπωτος

2110 4010 2362 4071 θάνατον,
2399 4007 2456 4070 ὃς
2491 4005 2738 4058 ἐκϐαλὼν
2772 4003 2868 4073 τῆς
2897 4001 3073 4073 ἀρχῆς
3111 3996 3407 4068 Γλυκέριον
3423 3993 3526 4064 τήν
3555 4008 3616 4044 τε
3648 3990 3696 4023 ⁸⁸

2120 4103 2437 4174 Ῥωμαϊκὴν
2467 4104 2620 4172 ἰσχὺν
2646 4099 3022 4172 περιεϐάλετο,
3050 4097 3144 4151 καὶ
3174 4096 3255 4158 εἰς
3290 4091 3475 4162 σχῆμα
3501 4089 3702 4157 κείρας

2112 4195 2376 4266 κληρικοῦ
2421 4197 2541 4247 ἀντὶ
2575 4193 2840 4262 βασιλέως
2897 4189 3165 4259 ἀρχιερέα
3201 4186 3575 4250 κατέστησεν·
3605 4179 3701 4246 ὑφ’

2112 4283 2174 4343 οὗ
2206 4290 2299 4342 καὶ
2322 4286 2728 4347 ἐπιϐουλευθεὶς
2763 4283 3056 4353 ἀνῄρηται.
3084 4274 3246 4334 Οὗτοι
3275 4278 3324 4328 οἱ
3355 4275 3398 4338 ζ’
3426 4273 3528 4341 τῆς
3555 4274 3702 4324 ιστο-

2118 4380 2238 4450 ρίας
2266 4379 2416 4445 λόγοι
2441 4378 2536 4430 καὶ
2571 4374 3022 4446 προηγουμένους
3047 4373 3095 4404 ⁸⁸
3124 4372 3519 4438 ὑποφαίνουσιν
3550 4363 3703 4434 αὐτῷ

2113 4471 2304 4538 λόγους
2326 4468 2521 4529 ἄλλους
2551 4463 2985 4536 διαπεπονῆσθαι
3003 4480 3018 4494 ο
3047 4462 3145 4516 καὶ
3168 4463 3202 4532 ἡ
3233 4456 3463 4529 ἀπαρχὴ
3503 4455 3563 4508 δὲ
3590 4455 3702 4508 τῶν

1699 4587 1935 4642 VABIAE
1996 4583 2402 4641 LECTIONES.

490 4714 537 4743 η
570 4709 776 4791 quidni
791 4709 1030 4791 ἑκατέρᾳ
1057 4735 1128 4750 -—-
1154 4706 1565 4791 συντεταγμένῃ
1595 4705 1619 4758 ?
1687 4704 1734 4791 ’ξ
1770 4705 1860 4756 τὸν
1884 4704 1997 4787 ’γὰρ
2035 4701 2160 4754 νοῦν
2200 4699 2606 4791 ἐκλαμϐάνεταιι
2772 4697 2833 4791 ’.θ’

3351 4691 3397 4723 ’⁸
3430 4688 3708 4757 ἁρμάτιος

419 4761 777 4835 θητικἸᾸξῂθο
808 4761 1038 4846 evolso;
1100 4795 1154 4842 rc
1190 4781 1254 4842 Α,
1299 4761 1582 4846 ροιὸόλφόυ
1641 4775 1722 4829 vel
1755 4761 2038 4846 νοιφύλφόυ
2095 4788 2176 4846 pr_.
2230 4770 2274 4801 ⁸¹
2312 4761 2444 4846 τοῦῌ
2496 4772 2618 4824 add.
2641 4769 2706 4822 A.
2782 4768 2833 4846 ξ’
2873 4767 3035 4820 πάλιν
3064 4765 3255 4818 στάσιν
3297 4761 3342 4815 Α
3371 4779 3386 4816 :
3415 4762 3599 4830 πάλην
3634 4777 3702 4824 ς.

428 4854 474 4883 ⁸³
503 4852 591 4905 διὰ
619 4849 781 4904 τοῦτο
803 4849 848 4908 Α
874 4869 888 4904 :
927 4838 1128 4912 τούτου
1152 4867 1212 4912 ς.
1240 4838 1249 4842 ⁷
1299 4838 1352 4883 ³⁸
1376 4838 1669 4916 ὲπιδαύνου
1699 4863 1762 4910 ς.
1814 4845 1861 4879 ⁸⁵
1892 4838 1973 4897 τε.
1997 4848 2041 4897 Α
2071 4838 2235 4895 τ’τότε
2267 4859 2328 4905 ς.
2400 4841 2446 4873 ⁸⁸
2477 4838 2906 4910 προηγουμένως
2937 4854 2998 4902 ς,

2007 4957 2239 5013 NOTAE.

494 5086 606 5155 (85)
658 5084 921 5155 Malchns.
966 5081 1228 5155 Syrorum
1258 5079 1464 5155 lingua
1507 5080 1755 5155 designat
1801 5093 2006 5155 regem,

423 5150 561 5213 teste
590 5150 837 5224 Enuapio
869 5152 945 5224 De
968 5152 1091 5224 fuitis
1137 5151 1536 5224 Sophistorum,
1589 5151 1657 5224 ἰιιΔ
1688 5150 2006 5224 Borphyrio.

425 5228 498 5282 De
530 5229 633 5281 hoc
668 5221 830 5292 porro
880 5223 1087 5274 Malcho
1138 5222 1253 5290 lege
1282 5221 1528 5288 Snidam,
1568 5221 1661 5289 qui
1691 5221 2009 5292 Byzantium

421 5314 544 5352 eum
582 5298 878 5365 sophistam
904 5292 1053 5348 facit.

493 5366 606 5436 (84)
647 5361 981 5436 ᾘθιιῑοτθιιι,
1039 5364 1105 5417 de
1158 5367 1505 5436 quo_hnjus
1551 5361 1745 5422 Malchi
1828 5361 2011 5431 κρίσιν

424 5434 595 5490 habes
620 5452 650 5490 a
673 5435 835 5489 Suida
855 5443 1166 5501 excerptum
1199 5437 1248 5486 in
1281 5434 1462 5489 Leone
1495 5435 1624 5498 imp.

495 5505 608 5573 (85)
665 5507 749 5561 Al.
788 5504 1100 5559 llartuatius
1155 5504 1374 5561 dicitur.
1427 5503 1500 5561 Ut
1531 5502 1674 5572 apud
1727 5501 1880 5557 Suid.
1914 5501 2006 5555 ubi

421 5575 494 5638 de
529 5580 642 5644 ipso
669 5577 846 5644 plura.

499 5641 612 5719 (8⁷6)
659 5641 715 5702 Ιίι
752 5647 926 5716 l‘rusta
973 5645 1266 5711 dissectatn
1323 5646 1490 5712 refert
1542 5643 1668 5710 intr.
1716 5641 1836 5698 cod.
1886 5657 1982 5717 seq

2186 5078 2299 5150 (87)
2335 5079 2426 5134 Sic
2457 5079 2700 5146 plerique
2728 5073 3125 5150 vocantﬁraiei
3159 5068 3710 5150 codices,_'et-scr_ip-_

2115 5137 2294 5212 tores;
2347 5137 2512 5212 recte,
2559 5137 2624 5201 ei
2676 5159 2854 5215 ctytno
2916 5143 3196 5209 Gottliico,
3258 5155 3356 5210 pro
3407 5137 3711 5193 Virtutibus

2114 5221 2395 5276 ounlento.

2154 5238 2482 5359 Ρίὲἓῗιὸιιιιε
2511 5287 2679 5340 refert
2705 5285 2830 5359 infr.
2874 5283 3150 5339 Candidus
3173 5279 3294 5359 cod.
3322 5294 3440 5359 seq.

2187 5351 2298 5426 (89)
2345 5351 2667 5425 Episcopum
2708 5357 3064 5410 Portuensem
3110 5352 3404 5426 ordinavit,
3457 5353 3537 5405 ait
3568 5351 3713 5407 Pau-

2116 5432 2200 5486 lus
2231 5421 2512 5492 diaconus,
2547 5421 2640 5480 lib.
2679 5443 2768 5479 va
2809 5427 3016 5479 Ilistor.
3050 5421 3318 5476 miscellae.

2189 5501 2301 5573 (90)
2342 5499 2482 5573 Lego
2508 5498 2956 5573 προηγουμένους
3000 5495 3162 5573 Suid.
3189 5509 3218 5546 a
3252 5493 3613 5572 constantiae
3638 5492 3709 5548 ad

2115 5565 2467 5638 Anastasiqu
2521 5565 2692 5636 usque
2733 5567 3053 5638 produxisse
3109 5565 3394 5625 historiam
3450 5573 3706 5625 testatur.
