3942 6234
191 302 295 370 249

1027 313 1554 381 BIBLIOTHECA.
1593 343 1664 353 -··
1699 315 1865 378 COD.
1906 318 2502 388 LXXVIIPLXXIX.

3355 330 3466 394 250

191 420 330 472 ἑπτὰ
360 415 459 474 τοῦ
520 419 740 492 πρώτου
781 423 948 494 λόγου
983 425 1144 480 τοῦτο
1183 428 1522 499 παραδηλοῖ·
1555 429 1614 482 οὐ
1662 429 1770 502 μὴν

1880 433 1994 502 gior
2028 437 2150 493 vita:
2191 456 2358 495 usura
2387 441 2727 512 contigisset,
2785 449 3034 497 extremo
3065 441 3203 497 libro
3230 444 3463 512 septimo

189 511 328 565 ἀλλὰ
355 513 454 568 καὶ
487 513 812 584 ἑπομένους,
839 519 888 571 εί
941 519 1002 572 τὸ
1034 519 1134 590 ζῇν
1166 523 1379 591 προσῆν
1411 521 1491 592 τῷ
1531 539 1777 596 συγγρα-

193 607 302 675 φεῖ.
339 606 417 669 ὡς
457 607 552 661 τοῦ
581 609 810 680 ἑϐδόμου
839 610 1002 680 λόγου
1027 613 1087 666 τὸ
1113 613 1290 682 πέρας
1319 613 1676 669 ἐνδείκνυσιν.

267 694 427 746 Ἔστι
456 695 501 747 δ’
543 695 572 748 ό
605 699 958 767 συγγραφεὺς
981 699 1368 769 Φιλαδελφεὺς,
1413 702 1466 755 εῐ
1486 719 1570 767 τις
1591 701 1774 768 ἄλλος,

192 783 335 835 κατὰ
367 787 697 856 συγγραφὴν
746 788 993 860 ἱστορίας
1047 791 1290 862 ἄριστος,
1338 791 1598 863 καθαρὸς,
1644 793 1777 848 ἀπέ-

194 893 399 946 ριττος,
453 878 744 950 εὑκρινὴς,
789 881 989 947 λέξεων
1049 884 1169 948 ταῖς
1219 884 1615 957 ἀνθηροτάταις
1678 885 1776 939 καὶ

189 970 460 1040 εὐσήμοις
491 973 586 1026 καὶ
613 975 695 1039 εἰς
725 975 890 1043 ὄγκον
920 975 1041 1031 τινὰ
1091 977 1426 1047 ἁνηγμὲναις
1456 977 1738 1049 χρώμενος
1757 994 1772 1010 ⁸

187 1061 287 1128 καὶ
312 1060 356 1092 ⁸⁷
379 1060 502 1115 οὐδὲ
533 1064 590 1116 αἱ
614 1068 1009 1137 καινοπρεπεῖς
1032 1066 1199 1138 αὐτῷ,
1232 1068 1355 1120 ὅσαι
1380 1069 1442 1120 τὸ
1469 1069 1776 1138 ἐμφαντικὸν

188 1153 287 1204 καὶ
315 1151 517 1223 εὔηχον
540 1157 638 1208 καὶ
680 1161 972 1227 μεγαλεῖον
992 1158 1196 1229 ἔχουσι,
1223 1160 1671 1230 παραϐλέπονται
1703 1162 1772 1194 ⁸⁸⁸

187 1243 287 1295 καὶ
313 1243 456 1307 ὅλως
483 1245 529 1276 ⁸⁷
552 1244 732 1299 κανών
765 1247 916 1300 ἐστιν
952 1249 1228 1318 ἱστορικοῦ
1281 1249 1464 1318 λόγου.
1508 1251 1774 1322 Σοφιστὴς

183 1331 234 1384 δ’
297 1328 366 1404 ἦν
422 1334 486 1388 τὸ
543 1337 907 1408 ἐπιτήδευμα.
969 1340 1064 1392 καὶ
1105 1341 1399 1412 ῥητορικῆς
1456 1344 1534 1406 είς
1604 1343 1774 1414 ἄκρον

184 1425 494 1496 ἐληλακὼς,
526 1431 622 1482 καὶ
648 1429 746 1503 τὴν
769 1430 1068 1504 θρησκείαν
1088 1433 1188 1487 οὐκ
1211 1432 1316 1499 ἔξω
1341 1433 1436 1488 τοῦ
1459 1435 1776 1508 Χριστιανι-

182 1517 290 1570 κοῦ
325 1520 520 1574 θιάσου
549 1521 616 1577 ὀ.

939 1705 1064 1761 ΟΘ’.

509 1795 809 1851 Κανδίδου
844 1795 1132 1866 Ἱστορίας
1169 1800 1338 1871 λόγοι
1370 1806 1448 1870 τ’.

252 1883 965 1960 [1733.]Ἀνεγνὼσθησαν
1002 1891 1264 1946 Κανδίδου
1295 1891 1580 1962 Ἱστορίας
1623 1893 1773 1965 λόγοι

174 1979 360 2046 τρεῖς.
402 1979 668 2047 ’Δρχεται
709 1978 809 2048 μὲν
849 1977 949 2048 τῆς
981 1979 1226 2050 ἱστορίας
1262 1981 1372 2035 ἀπὸ
1403 1984 1502 2053 τῆς
1543 1982 1776 2050 Λέοντος

173 2070 569 2139 ἀναρρήσεως,
600 2069 659 2132 ὃς
688 2065 758 2142 ἦν
787 2071 851 2124 ἐκ
884 2071 1089 2134 Δακίας
1121 2071 1220 2141 μὲν
1249 2073 1348 2141 τῆς
1371 2075 1430 2126 ἐν
1471 2073 1772 2146 Ἰλλυριοῖς,

175 2161 572 2231 στρατιωτικῷ
604 2163 985 2233 παραγγείλας
1012 2164 1255 2234 τάγματι
1284 2164 1379 2218 καὶ
1407 2165 1575 2220 τελῶν
1603 2166 1776 2237 ἄρξας

171 2253 287 2304 τῶν
311 2254 370 2304 ἐν
397 2253 743 2324 Σηλυμῦρίᾳ,
767 2254 867 2325 τὴν
889 2253 1166 2324 βασιλείαν
1182 2256 1240 2310 δὲ
1259 2258 1302 2289 ⁹¹
1325 2258 1528 2329 σπουδῇ
1558 2260 1776 2313 Ἀσπα-

174 2359 270 2413 ρος
319 2344 714 2414 ἐγχειρισθεὶς,
757 2344 819 2410 ὃς
865 2341 934 2418 ἦν
982 2347 1204 2412 ’Δλανὸς
1255 2350 1356 2419 μὲν
1385 2351 1430 2382 ⁸⁸
1470 2351 1646 2419 γένος,
1711 2353 1777 2406 ἐκ

174 2439 381 2507 νεαρᾶς
414 2438 473 2490 δὲ
509 2439 986 2510 στρατευσάμενος
1005 2441 1246 2512 ἡλικίας,
1271 2443 1367 2496 καὶ
1389 2443 1777 2515 παιδοποιησά-

176 2547 342 2600 μενος
408 2533 476 2584 ὲκ
529 2532 697 2601 τριῶν
736 2533 932 2602 γάμων
973 2533 1384 2607 Ἀρδαὸοὑριον,
1448 2538 1772 2608 Πατρίκιον,

172 2620 602 2693 Ἐρμενάριχον,
640 2624 736 2676 καὶ
767 2624 990 2698 θηλείας
1023 2626 1135 2682 δύο.
1181 2629 1423 2682 Ποιεῖται
1456 2630 1558 2700 μὲν
1590 2633 1618 2683 ὁ
1645 2647 1777 2699 συγ-

169 2715 452 2785 γραφεὺς,
505 2715 582 2781 ὡς
629 2717 867 2789 εἴρηται,
923 2717 1100 2791 ἀρχὴν
1159 2720 1260 2791 τῆς
1295 2720 1342 2752 ’³
1381 2721 1624 2794 ἱστορίας
1674 2722 1775 2794 τὴν

169 2807 351 2878 ἀρχὴν
385 2807 490 2877 τῆς
513 2809 743 2873 Λέοντος
773 2810 1072 2880 βασιλείας,
1095 2812 1326 2884 τελευτᾷ
1349 2812 1396 2866 δ’
1422 2815 1503 2878 είς
1522 2815 1620 2886 τὴν
1642 2815 1774 2868 ἀνα-

170 2900 444 2968 γόρευσιν
471 2901 851 2959 ’Δναστασίου.
893 2904 1047 2958 ’Ἐστι
1077 2905 1135 2960 δὲ
1165 2906 1423 2978 πατρίδος
1463 2907 1564 2978 μὲν
1595 2908 1774 2961 Ἰσαυ-

172 2990 314 3059 ρίας,
349 2994 433 3054 ὡς
464 2993 630 3056 αὐτός
677 3011 830 3066 φησι,
865 2995 966 3066 τῆς
997 2995 1284 3066 τραχείας,
1328 2998 1670 3069 ἐπιτήδευμα
1714 2999 1772 3052 δὲ

1879 527 2170 597 signiﬁcat.

1956 703 2422 777 Philadelphensis
2467 718 2551 765 est
2574 709 2664 764 hic
2712 709 2968 778 scriptor,
3007 714 3063 762 et
3092 705 3138 762 si
3168 704 3290 774 quis
3321 705 3462 760 alius

1878 798 1933 850 in
1957 795 2184 852 historia
2209 797 2494 851 scribenda
2527 797 3028 867 praestantissimus,
3057 804 3241 862 utpote
3270 806 3459 860 purus,

1879 887 2100 942 minime
2152 890 2484 952 redundans,
2543 903 2648 944 non
2678 886 2958 950 confusus,
3009 885 3190 941 verbis
3223 884 3463 938 maxime

1877 978 2102 1045 ﬂoridis,
2146 995 2210 1036 ac
2244 980 2674 1052 signiﬁcantibus
2725 995 2875 1044 usus,
2927 993 3047 1047 quae
3090 977 3156 1030 ad
3191 976 3462 1044 magnitu-

1877 1073 2056 1126 dinem
2108 1086 2172 1126 ac
2221 1086 2469 1138 pompam
2527 1068 2761 1138 aliquam
2828 1070 3072 1131 tendant,
3129 1081 3196 1120 ne
3249 1065 3462 1119 novatis

1875 1166 2094 1236 quidem
2141 1163 2388 1226 vocibus,
2439 1162 2654 1230 quando
2687 1162 2771 1214 ille
2801 1161 3092 1216 vehemens
3133 1158 3259 1228 quid
3285 1167 3340 1212 et
3371 1171 3462 1212 so-

1876 1269 2092 1320 norum,
2150 1263 2243 1306 aut
2283 1252 2642 1322 gramlilatem
2686 1251 2922 1318 aliquam
2971 1251 3193 1315 habent,
3235 1257 3458 1318 prater-

1876 1345 2077 1399 missis.
2111 1342 2295 1414 Itaqne
2336 1351 2806 1410 qttatttttsqttantus
2855 1347 2959 1404 est,
3000 1355 3186 1393 norma
3216 1337 3465 1400 historici

1873 1438 2142 1493 sermonis
2183 1445 2288 1498 est,
2318 1434 2462 1506 55a
2497 1433 2795 1502 sophistam
2839 1446 2966 1485 vero
3002 1446 3168 1497 agens
3190 1470 3206 1492 ,
3246 1432 3311 1482 ad
3338 1429 3459 1483 rbe-

1878 1531 2060 1584 toricae
2086 1543 2357 1582 summum
2386 1527 2594 1596 apicem
2628 1527 2893 1594 pervenit,
2939 1524 3085 1580 inter
3117 1521 3461 1576 Christianos

1877 1621 2153 1694 religionis
2183 1621 2332 1674 cultu
2369 1620 2757 1673 recensendus.

2546 1711 2788 1772 LXXIX.

2223 1805 2450 1863 Candidi
2484 1803 2845 1860 Historiarum
2869 1804 2994 1858 libri
3023 1820 3106 1864 tn.

1952 1898 2105 1954 Lecti
2164 1909 2291 1955 sunt
2349 1898 2575 1954 Candidi
2636 1895 2875 1950 historici
2921 1895 3044 1950 libri
3075 1905 3199 1950 tres.
3239 1893 3461 1951 Inchoat

1875 1991 2163 2048 historiam
2200 1992 2268 2046 ab
2308 1991 2572 2045 electione
2608 1988 2829 2052 Leonis,
2879 1989 2968 2057 qui
2998 2003 3029 2041 e
3055 1986 3218 2043 Dacia
3247 1985 3458 2056 Illyrica

1875 2085 2161 2144 oriundus.
2212 2099 2334 2138 cum
2387 2083 2609 2138 militari
2652 2080 2852 2150 agmini
2887 2080 2999 2151 (91)
3032 2078 3456 2150 Selymbrianis-

1876 2193 1981 2246 que
2009 2177 2322 2232 cohortibus
2352 2184 2634 2246 praeesset,
2676 2173 2901 2240 Asparis
2943 2171 3129 2226 studio
3168 2171 3455 2240 imperium

1877 2273 2104 2340 adeptus
2131 2279 2235 2325 est.
2263 2268 2363 2324 Hic
2395 2272 2573 2338 Aspar
2617 2282 2814 2336 genere
2848 2266 3055 2320 Alanus
3087 2276 3226 2326 erat,
3263 2279 3293 2317 a
3327 2279 3459 2330 pue-

1877 2364 2001 2418 ritia
2036 2362 2290 2417 militiam
2324 2370 2548 2416 secutus
2589 2360 2725 2428 (θὲ),
2770 2358 2862 2427 qui
2893 2358 3066 2412 ternis
3098 2357 3300 2424 nuptiis
3333 2355 3460 2410 toti-

1875 2458 1996 2512 dem
2032 2454 2196 2520 ftlios,
2224 2452 2614 2512 Ardaburium,
2659 2450 2976 2514 Patricium,
3007 2447 3456 2502 Ermenarichum

1876 2549 1988 2621 (95)
2017 2549 2258 2616 duasque
2304 2547 2443 2600 tilias
2486 2543 2730 2598 sustulit.
2782 2543 2977 2611 Incipit
3021 2555 3172 2609 ergo,
3207 2539 3284 2592 uti
3319 2538 3461 2591 dixi-

1877 2657 2018 2708 mus,
2049 2640 2342 2694 historicus
2393 2637 2464 2693 ab
2510 2637 2668 2692 initio
2724 2633 2922 2689 Leonis
2969 2631 3318 2702 imperatoris
3364 2631 3462 2684 de-

1873 2733 2004 2788 sinit
2033 2748 2164 2787 vero
2212 2747 2336 2786 cntn
2382 2716 2706 2784 Anastasius
2766 2726 3067 2796 imperator
3114 2723 3462 2776 renuntiatus

1873 2834 1980 2882 est.
2012 2823 2196 2877 Patria
2245 2821 2319 2876 illi
2359 2836 2422 2875 ea
2461 2819 2664 2874 Isauria
2705 2827 2812 2880 eet,
2859 2827 2916 2870 ut
2947 2817 3058 2886 ipse
3087 2813 3312 2878 fatetur,
3340 2827 3462 2882 quae

1876 2914 2112 2970 Tracltea
2162 2912 2300 2986 [sive
2348 2909 2566 2982 aspera]
2609 2909 2832 2964 dicitur.
2886 2906 3130 2960 Tabellio
3191 2904 3291 2959 fuit
3337 2905 3462 2957 vitae

1873 3010 2128 3066 instituto
2158 3009 2259 3062 sub
2291 3007 2357 3061 iis
2403 3007 2494 3073 qui
2540 3005 2679 3073 apud
2731 3001 2947 3056 Isauros
2983 3009 3237 3070 poterant
3285 2997 3457 3066 pluri-

171 3082 331 3154 ἔσχεν
374 3085 737 3155 ὑπογραφεὺς
780 3087 890 3141 τῶν
929 3090 987 3142 ἐν
1021 3088 1290 3160 Ἰσαύροις
1334 3090 1587 3144 πλεῖστον
1620 3095 1771 3161 ίσχυ-

1880 3120 2022 3157 mum
2053 3117 2068 3157 :
2097 3100 2358 3169 religione
2401 3112 2533 3152 vero
2556 3096 2924 3156 Christianus,
2957 3104 3010 3148 et
3036 3092 3253 3159 quidem
3281 3088 3466 3143 ortho-

171 3178 416 3232 σάντων.
452 3178 567 3248 Τὴν
597 3178 656 3232 δὲ
700 3179 998 3250 θρησκείαν
1035 3182 1365 3251 Χριστιανὸς
1395 3179 1464 3254 ἦν
1492 3184 1587 3237 καὶ
1613 3184 1773 3254 ὀρθό-

168 3270 321 3339 3050;
339 3287 355 3300 ·
390 3271 497 3340 τήν
522 3287 580 3324 τε
607 3271 716 3341 γὰρ
740 3272 1012 3345 τετάρτην
1046 3273 1264 3327 σύνοδον
1288 3275 1532 3339 ἐπαίνοις
1561 3277 1772 3346 στέφει,

172 3365 262 3416 καὶ
292 3364 433 3427 τοὺς
475 3364 526 3396 ⁸⁸
555 3364 678 3417 κατ’
722 3363 893 3435 αὐτῆς
927 3365 1392 3437 καινοτομοῦντας
1432 3369 1774 3424 καθάπτεται

169 3456 425 3519 δικαίως.
470 3456 587 3527 Τὴν
631 3456 687 3511 δέ
741 3459 944 3528 φράσιν
989 3460 1090 3513 οὐκ
1121 3459 1237 3530 ἔχει
1280 3460 1601 3530 πρέπουσαν
1628 3461 1773 3534 λόγῳ

170 3551 464 3624 ἱστορικῷ.
490 3553 628 3616 Ταῖς
659 3569 719 3606 τε
747 3556 857 3626 γὰρ
885 3559 1198 3626 ποιητικαῖς
1227 3556 1439 3622 λέξεσιν
1469 3559 1775 3628 ἀπειροκάο

168 3647 273 3711 ὶως
303 3665 371 3700 τε
402 3648 677 3720 κέχρηται
724 3649 822 3702 καὶ
878 3651 1282 3721 μειρακιωδῶς,
1311 3653 1406 3705 καὶ
1449 3653 1483 3722 ἡ
1529 3652 1773 3724 συνθήκη

168 3743 318 3812 αὖτῷ
369 3745 457 3806 εἰς
488 3742 550 3796 τὸ
578 3741 916 3814 τραχύτερον
961 3745 1055 3797 καὶ
1084 3744 1316 3814 δύσηχον
1337 3745 1774 3816 ἐκδιθυραμόοὖ-

167 3852 277 3901 ται,
310 3835 521 3904 ὥσπερ
541 3832 613 3888 αὖ
639 3836 804 3889 πάλιν
830 3839 910 3898 είς
933 3839 994 3890 τὸ
1019 3836 1377 3907 ἐκλελυμένον
1401 3855 1461 3890 τε
1494 3839 1587 3891 καὶ
1609 3841 1777 3909 ἐκμε-

167 3925 251 3990 λὲς
277 3927 572 3992 ὑπτιάζει.
598 3927 934 3997 Νεωτερίζει
958 3928 1015 3981 δὲ
1034 3929 1128 3982 καὶ
1156 3931 1274 3992 ταῖς
1303 3927 1644 3994 συντάξεσιν,
1673 3930 1776 3983 οὐκ

173 4018 251 4079 εἰς
272 4017 340 4069 τὸ
369 4017 658 4087 γλαφυρὸν
682 4013 887 4088 μᾶλλον
910 4019 1006 4072 καὶ
1033 4019 1414 4089 ἐπαφρόδιτον,
1448 4020 1636 4092 ὥσπερ
1660 4021 1774 4074 ἐτε-

175 4127 279 4182 ροι,
306 4111 436 4163 ἀλλ’
461 4109 606 4163 ὥστε
625 4111 894 4181 δυσχερὴς
923 4110 1158 4165 ἀκοῦσαι
1175 4113 1271 4164 καὶ
1292 4110 1388 4165 τοῦ
1419 4112 1572 4183 ἡδέος
1601 4113 1774 4184 ὑπερ-

164 4202 338 4271 όριος.
393 4201 550 4272 Πλὴν
600 4203 766 4266 αὐτὸς
817 4202 1014 4255 ἑαυτοῦ
1071 4202 1208 4256 πολὺ
1261 4202 1488 4274 βελτίων
1552 4204 1770 4273 ἐνιαχοῦ

165 4295 279 4360 τοῖς
307 4294 503 4362 λόγοις
545 4295 724 4350 πάντα
754 4296 1065 4366 γινόμενος,
1104 4297 1354 4367 συμμιγῆ
1400 4295 1497 4367 τὴν
1529 4297 1774 4368 ἱστορίαν

166 4387 262 4440 καὶ
294 4387 364 4453 ἐξ
408 4388 820 4456 ἁνομοιοτάτων
869 4386 1129 4458 ἁρμόζων
1175 4388 1483 4442 ἁλίσκεται.
1515 4387 1644 4460 [102
1674 4387 1767 4462 IL]

1877 3198 2072 3250 doxus.
2122 3193 2383 3261 Quartam
2441 3189 2587 3245 enim
2636 3186 2906 3258 synodum
2958 3185 3210 3240 laudibus
3275 3189 3461 3242 ornat,

1876 3289 2181 3356 meritoque
2209 3282 2528 3354 perstringit
2550 3296 2668 3346 eos,
2693 3280 2786 3347 qui
2816 3293 2935 3333 eam
2961 3283 3298 3346 oppugnant.
3325 3273 3460 3342 Sty-

1879 3382 1986 3436 Ium
2021 3381 2182 3434 habet
2207 3376 2453 3431 historia:
2489 3390 2597 3429 non
2630 3373 2766 3426 satis
2803 3371 3295 3430 accommodatum.
3327 3364 3462 3418 Nam

1875 3484 1929 3529 et
1953 3484 2235 3542 poetarum
2277 3470 2569 3539 phrasibus
2613 3467 2734 3522 sine
2782 3464 3019 3525 delectu,
3053 3476 3116 3514 ac
3147 3458 3467 3529 juvenilitcr

1875 3563 2140 3626 abutitur,
2187 3567 2242 3614 et
2277 3557 2604 3628 compositio
2645 3555 2767 3624 ejus
2798 3553 2988 3608 durior
3013 3561 3068 3605 et
3099 3553 3330 3613 absona,
3375 3549 3462 3601 tli-

1877 3654 2287 3726 thyramborum
2316 3652 2448 3716 ritu,
2489 3664 2609 3717 quae
2643 3647 2779 3702 alias
2823 3647 3019 3699 iterum
3048 3645 3101 3696 in
3135 3641 3463 3696 dissolutum

1876 3759 2040 3815 atque
2064 3745 2457 3800 inc0ncinnum
2506 3742 2788 3796 dilabitur.
2821 3737 3275 3793 Constructiuues
3305 3734 3468 3787 iuno-

1876 3850 1969 3893 vat
2018 3855 2122 3893 non
2175 3839 2242 3892 ad
2292 3847 2545 3892 ornatum
2598 3835 2856 3902 majorem
2895 3846 2959 3886 ac
2990 3837 3354 3886 venustatem,
3406 3835 3467 3877 nt

1878 3931 2072 4000 reliqui
2135 3929 2333 3992 solent,
2387 3927 2482 3982 scd
2534 3927 2628 3990 ita,
2691 3935 2751 3978 ut
2804 3924 2991 3977 auditu
3042 3920 3301 3974 molestus
3350 3915 3464 3978 liat,

1875 4025 2163 4090 omnisque
2205 4021 2339 4072 adeo
2367 4033 2563 4084 espers
2611 4015 2921 4070 suavitatis.
2968 4010 3242 4064 Interdum
3281 4018 3464 4062 autem

1875 4129 1937 4170 se
1976 4115 2095 4182 ipso
2147 4111 2330 4166 verbis
2400 4110 2594 4164 melior
2649 4120 2872 4178 prorsus
2914 4105 3177 4164 evadens,
3223 4099 3454 4167 promis-

1874 4220 2034 4260 cuam
2066 4204 2378 4264 historiam,
2415 4202 2579 4256 etiam
2631 4216 2701 4254 ex
2740 4199 3036 4252 admodum
3082 4191 3464 4252 dissimilibus,

1877 4297 2213 4352 concinnare
2262 4292 2710 4362 deprehenditur.
2767 4287 2872 4343 IIic
2915 4286 3184 4344 Isauriam
3219 4282 3288 4336 ab
3322 4280 3468 4337 Esau

1875 4404 2079 4446 nomen
2111 4395 2413 4443 mutnatam
2441 4387 2625 4441 dicere
2653 4385 2839 4438 audet.

167 4471 347 4543 Οὗτος
383 4478 733 4549 ἰσχυρίζεται
761 4478 862 4549 τὴν
887 4477 1164 4550 Ἰσαυρίαν
1197 4478 1308 4533 ἀπὸ
1343 4479 1439 4532 τοῦ
1475 4459 1645 4534 Ἢσαῦ
1674 4459 1770 4535 ita;
1800 4459 1850 4519 Ῑ)

169 4573 290 4623 δεῖν
319 4570 423 4642 τὴν
454 4569 802 4639 ἐπωνυμίαν.

237 4641 543 4736 Διέρχεται
574 4661 634 4716 δὲ
662 4664 721 4714 ὲν
751 4661 852 4732 μὲν
887 4662 970 4732 τῷ
1000 4661 1206 4734 πρώτῳ
1237 4663 1383 4736 λόγῳ
1406 4666 1506 4736 τὴν
1548 4665 1768 4721 Ἀσπα-

1950 4659 2138 4716 Primo
2183 4656 2323 4712 libro
2368 4660 2559 4707 narrat
2595 4649 2846 4720 Asparis,
2896 4647 3305 4712 liberorumque
3349 4641 3469 4712 ejus

171 4773 268 4826 ρος
299 4730 414 4809 κὲιῖ
426 4755 544 4807 τῶν
572 4730 780 4808 παίδων
807 4730 973 4809 uinci}
1010 4730 1370 4821 δυναστείαν.-.
1393 4730 1491 4828 τὴν
1525 4759 1771 4830 ἁνάρῤη..

1880 4753 2197 4823 potentiam,
2231 4757 2285 4803 et
2313 4744 2511 4802 Leonis
2535 4757 2632 4812 per
2683 4743 2946 4808 Asparem
2998 4734 3347 4790 electionem.
3391 4730 3470 4786 De

168 4825 256 4901 σιν
284 4850 379 4902 διὰ
405 4846 505 4901 τοῦ
534 4847 822 4918 ’Δσπαρος
847 4849 1100 4914 Λέοντος,
1131 4849 1222 4902 τὸν
1257 4825 1544 4920 συμϐάντα
1565 4825 1644 4923 τῇ⁷

1880 4846 2034 4901 urbis
2060 4839 2482 4910 conﬂagratione
2503 4844 2723 4896 exorta,
2755 4843 2984 4899 quaeque
3017 4827 3106 4881 hic
3131 4829 3199 4881 ab
3231 4825 3466 4894 Aspare,

161 4938 249 4992 λει
275 4940 642 5010 ἐμπρησμὸν,
663 4915 760 4994 καὶ
787 4941 890 4996 ὃσα
918 4942 1165 5014 Ἀσπαρι
1194 4915 1544 5012 περἰττούτοι)
1577 4915 1672 4997 tia
1705 4944 1768 4996 τὸ

1880 4935 2196 5007 reipublicae
2233 4927 2520 4986 commodo
2549 4934 2702 4996 gesta
2737 4925 2874 4979 sint.
2909 4921 2982 4976 De
3025 4919 3247 4974 Titiano
3279 4926 3335 4972 et
3367 4915 3466 4971 Vi-

163 5033 330 5102 κανῇ
361 5033 651 5103 συμφέρον
678 5013 1119 5104 διαπέπρακται.
1141 5035 1251 5089 Καὶ
1280 5036 1410 5106 περὶ
1439 5036 1692 5090 Τιτιανοῦ
1717 5037 1764 5069 ⁸⁸

1880 5039 2062 5095 viano,
2111 5035 2280 5095 utque
2325 5023 2394 5076 de
2428 5021 2536 5076 illis
2589 5018 2768 5087 Aspar
2811 5029 2936 5070 cum
2971 5013 3305 5084 imperatore
3329 5024 3470 5064 con-

1506 5135 1746 5194 VARIA‘I
1784 5127 2195 5194 LEC'IIONES.

3048 5205 3095 5240 ⁹⁰
3115 5195 3379 5267 θειασμοῦ
3401 5194 3471 5267 Α.

226 5221 282 5255 ⁸⁷
311 5225 409 5277 καὶ
442 5225 606 5282 omA.
660 5225 708 5258 ⁸⁸
727 5227 1200 5300 παραϐλέπονται]
1227 5230 1673 5296 παραϐλέπονται
1699 5233 1960 5303 ὥσπερ...
1986 5227 2118 5282 τὸ...
2175 5221 2270 5276 καὶ¹
2291 5218 2599 5273 τοιαῦθενια
2619 5215 2685 5270 Α.
2743 5215 2790 5247 ⁸⁸
2807 5211 2928 5275 ὅλος
2953 5226 3015 5273 ς.
3048 5211 3095 5240 "
3115 5211 3379 5267 θειασμοί)
3401 5211 3470 5276 ﬂ:

243 5295 307 5325 λλ
357 5311 442 5325 Α...
532 5298 558 5325 Α
659 5299 706 5325 η
743 5297 861 5325 ..:...1
908 5300 1005 5325 ..ιη
1060 5300 1118 5325 ,λ
1159 5317 1194 5325 -
1294 5300 1341 5325 ea
1373 5301 1472 5325 _:-
1524 5303 1605 5325 ι--
1635 5302 1652 5325 1
1719 5305 1812 5325 ,ιω
1873 5306 1959 5325 «Α-
2034 5300 2059 5325 Α
2155 5291 2325 5325 sint...
2363 5322 2413 5325 ᾉ.
2438 5285 2911 5325 νηιυΜ-ηηηιῖατων
2942 5282 3022 5325 A2
3108 5275 3159 5308 ³⁵
3199 5271 3470 5325 Τατιανου

521 5298 591 5354 A’
659 5299 706 5330 ’³
740 5282 862 5376 μέν]
905 5300 1005 5371 μὲν
1059 5300 1120 5353 τδ
1294 5282 1341 5332 ³1³
1371 5282 1472 5370 τῆξ
2024 5300 2092 5352 Α.
2155 5291 2413 5346 ⁸⁵·ιῶν-
2438 5285 2911 5357 καινοτομούντων
2940 5282 3022 5333 A:

1690 5454 1928 5513 ΝΟΤιΕ.

234 5544 364 5622 (91)
409 5546 598 5622 Τελῶν
650 5548 824 5622 ᾄρξας
866 5548 979 5622 τῶν
1029 5551 1090 5602 ὲν
1118 5549 1484 5622 *Σηλυμϐρίφ
1521 5549 1770 5604 Thracize
1881 5551 2014 5622 imp.
2053 5549 2291 5614 reduxit,
2354 5556 2492 5601 teste
2534 5539 2920 5615 Olympiodoro
2970 5532 3101 5589 luir.
3145 5526 3269 5585 cod.
3305 5523 3376 5580 80
3406 5521 3464 5579 in

162 5618 310 5690 urbs
362 5629 442 5672 est
468 5619 803 5687 Selymbria,
857 5620 923 5672 de
967 5636 1073 5690 qua
1114 5618 1385 5689 Stepltan.
1438 5621 1661 5684 Strabo,
1707 5631 1770 5674 et
1880 5618 1974 5676 IIII.

160 5687 363 5764 liii-Am
411 5759 438 5764 _
487 5759 501 5764 _
563 5673 584 5687 ’
789 5673 803 5684 ’
1066 5761 1078 5764 _
1122 5673 1137 5764 ς
1212 5673 1240 5764 Ἀ
1318 5673 1410 5764 μί
1647 5673 1661 5684 ’
1756 5673 1765 5674 ί
1881 5673 2064 5764 W(V93)
2093 5686 2571 5753 IIermOnarichus,
2595 5677 3020 5738 Armeneriehus
3049 5673 3190 5730 idem
3215 5677 3463 5726 vocatur.

239 5756 372 5829 (92)
403 5759 501 5828 Qui
532 5773 663 5818 Cum
716 5770 940 5830 parente
971 5761 1278 5821 Ardaburio
1318 5760 1759 5824 Valentinianum
