  <div class='ocr_page' id='page_1' title='image "/cluster/home/n/w/nwhite01/storage/ocr_20150623/103 pt.3/mdp.39015061933738/133.png"; bbox 0 0 3942 6234; ppageno 0'>
   <div class='ocr_carea' id='block_1_1' title="bbox 407 354 512 418">
    <p class='ocr_par' dir='ltr' id='par_1_1' title="bbox 407 354 512 418">
     <span class='ocr_line' id='line_1_1' title="bbox 407 354 512 418; baseline -0.019 0"><span class='ocrx_word' id='word_1_1' title='bbox 407 354 512 418; x_wconf 77' lang='grc'>251</span> 
     </span>
    </p>
   </div>
   <div class='ocr_carea' id='block_1_2' title="bbox 1537 337 2483 406">
    <p class='ocr_par' dir='ltr' id='par_1_2' title="bbox 1537 337 2483 406">
     <span class='ocr_line' id='line_1_2' title="bbox 1537 337 2483 406; baseline -0.006 0"><span class='ocrx_word' id='word_1_2' title='bbox 1537 344 1803 406; x_wconf 84' lang='grc' dir='ltr'><strong>ΡΗΟΤΙῙ</strong></span> <span class='ocrx_word' id='word_1_3' title='bbox 1839 339 2348 404; x_wconf 73' lang='lat' dir='ltr'><strong>PATRIARCHZE</strong></span> <span class='ocrx_word' id='word_1_4' title='bbox 2382 337 2483 400; x_wconf 72' lang='grc' dir='ltr'><strong>(ΣΡ.</strong></span> 
     </span>
    </p>
   </div>
   <div class='ocr_carea' id='block_1_3' title="bbox 3566 321 3674 384">
    <p class='ocr_par' dir='ltr' id='par_1_3' title="bbox 3566 321 3674 384">
     <span class='ocr_line' id='line_1_3' title="bbox 3566 321 3674 384; baseline 0 -1"><span class='ocrx_word' id='word_1_5' title='bbox 3566 321 3674 384; x_wconf 70' lang='grc'><strong>252</strong></span> 
     </span>
    </p>
   </div>
   <div class='ocr_carea' id='block_1_4' title="bbox 409 434 2024 531">
    <p class='ocr_par' dir='ltr' id='par_1_4' title="bbox 409 458 2024 531">
     <span class='ocr_line' id='line_1_4' title="bbox 409 458 2024 531; baseline -0.004 -12"><span class='ocrx_word' id='word_1_6' title='bbox 409 465 666 530; x_wconf 86' lang='lat' dir='ltr'><strong>tenderit,</strong></span> <span class='ocrx_word' id='word_1_7' title='bbox 727 472 784 517; x_wconf 92' lang='lat' dir='ltr'><strong>et</strong></span> <span class='ocrx_word' id='word_1_8' title='bbox 832 465 1064 530; x_wconf 72' lang='lat' dir='ltr'><strong>quae&#39;ac</strong></span> <span class='ocrx_word' id='word_1_9' title='bbox 1118 459 1299 531; x_wconf 86' lang='lat' dir='ltr'><strong>qualia</strong></span> <span class='ocrx_word' id='word_1_10' title='bbox 1335 459 1480 514; x_wconf 89' lang='lat' dir='ltr'><strong>inter</strong></span> <span class='ocrx_word' id='word_1_11' title='bbox 1527 474 1625 515; x_wconf 90' lang='lat' dir='ltr'><strong>eos</strong></span> <span class='ocrx_word' id='word_1_12' title='bbox 1661 458 1826 512; x_wconf 90' lang='lat' dir='ltr'><strong>verba</strong></span> <span class='ocrx_word' id='word_1_13' title='bbox 1873 465 2024 513; x_wconf 84' lang='lat' dir='ltr'><strong>tum.</strong></span> 
     </span>
    </p>
   </div>
   <div class='ocr_carea' id='block_1_5' title="bbox 2130 434 3674 531">
    <p class='ocr_par' dir='ltr' id='par_1_5' title="bbox 2131 434 3674 514">
     <span class='ocr_line' id='line_1_5' title="bbox 2131 434 3674 514; baseline -0.016 -7"><span class='ocrx_word' id='word_1_14' title='bbox 2131 453 2187 507; x_wconf 79' lang='lat' dir='ltr'><strong>al.</strong></span> <span class='ocrx_word' id='word_1_15' title='bbox 2216 447 2494 511; x_wconf 80' lang='grc' dir='ltr'>Βιϐιανοῦ,</span> <span class='ocrx_word' id='word_1_16' title='bbox 2524 447 2623 500; x_wconf 77' lang='grc' dir='ltr'><strong>καὶ</strong></span> <span class='ocrx_word' id='word_1_17' title='bbox 2671 445 2748 508; x_wconf 81' lang='grc' dir='ltr'>ὡς</span> <span class='ocrx_word' id='word_1_18' title='bbox 2773 442 2906 514; x_wconf 68' lang='grc' dir='ltr'>περὶ</span> <span class='ocrx_word' id='word_1_19' title='bbox 2936 438 3116 495; x_wconf 81' lang='grc' dir='ltr'>αὐτῶν</span> <span class='ocrx_word' id='word_1_20' title='bbox 3156 435 3411 506; x_wconf 75' lang='grc' dir='ltr'>διηνέχθη</span> <span class='ocrx_word' id='word_1_21' title='bbox 3449 434 3674 503; x_wconf 83' lang='grc' dir='ltr'>Ἀσπαρ</span> 
     </span>
    </p>
   </div>
   <div class='ocr_carea' id='block_1_6' title="bbox 405 548 1994 629">
    <p class='ocr_par' dir='ltr' id='par_1_6' title="bbox 405 548 1994 629">
     <span class='ocr_line' id='line_1_6' title="bbox 405 548 1994 629; baseline -0.008 -16"><span class='ocrx_word' id='word_1_22' title='bbox 405 558 610 629; x_wconf 66' lang='lat' dir='ltr'><strong>iactata</strong></span> <span class='ocrx_word' id='word_1_23' title='bbox 635 556 762 610; x_wconf 90' lang='lat' dir='ltr'><strong>sint.</strong></span> <span class='ocrx_word' id='word_1_24' title='bbox 796 552 1187 621; x_wconf 86' lang='lat' dir='ltr'><strong>Imperatorem</strong></span> <span class='ocrx_word' id='word_1_25' title='bbox 1219 566 1282 605; x_wconf 88' lang='lat' dir='ltr'><strong>ea</strong></span> <span class='ocrx_word' id='word_1_26' title='bbox 1313 564 1378 605; x_wconf 84' lang='lat' dir='ltr'><strong>ex</strong></span> <span class='ocrx_word' id='word_1_27' title='bbox 1413 564 1576 604; x_wconf 90' lang='lat' dir='ltr'><strong>causa</strong></span> <span class='ocrx_word' id='word_1_28' title='bbox 1621 565 1742 604; x_wconf 90' lang='lat' dir='ltr'><strong>cum</strong></span> <span class='ocrx_word' id='word_1_29' title='bbox 1784 548 1994 602; x_wconf 87' lang='lat' dir='ltr'><strong>Isauro-</strong></span> 
     </span>
    </p>
   </div>
   <div class='ocr_carea' id='block_1_7' title="bbox 411 634 1991 720">
    <p class='ocr_par' dir='ltr' id='par_1_7' title="bbox 411 634 1991 720">
     <span class='ocr_line' id='line_1_7' title="bbox 411 634 1991 720; baseline -0.008 -17"><span class='ocrx_word' id='word_1_30' title='bbox 411 667 531 704; x_wconf 88' lang='lat' dir='ltr'><strong>rum</strong></span> <span class='ocrx_word' id='word_1_31' title='bbox 569 663 769 720; x_wconf 82' lang='lat' dir='ltr'><strong>genere</strong></span> <span class='ocrx_word' id='word_1_32' title='bbox 810 647 1127 700; x_wconf 86' lang='lat' dir='ltr'><strong>societatem</strong></span> <span class='ocrx_word' id='word_1_33' title='bbox 1163 645 1378 709; x_wconf 88' lang='lat' dir='ltr'><strong>iniisse,</strong></span> <span class='ocrx_word' id='word_1_34' title='bbox 1412 634 1529 713; x_wconf 54' lang='lat' dir='ltr'><strong>per&#39;</strong></span> <span class='ocrx_word' id='word_1_35' title='bbox 1553 641 1991 696; x_wconf 86' lang='lat' dir='ltr'><strong>Tarasicodisam</strong></span> 
     </span>
    </p>
   </div>
   <div class='ocr_carea' id='block_1_8' title="bbox 413 732 1996 806">
    <p class='ocr_par' dir='ltr' id='par_1_8' title="bbox 413 732 1996 806">
     <span class='ocr_line' id='line_1_8' title="bbox 413 732 1996 806; baseline -0.005 -12"><span class='ocrx_word' id='word_1_36' title='bbox 413 738 864 796; x_wconf 78' lang='lat' dir='ltr'><strong>Rusumbladeoti</strong></span> <span class='ocrx_word' id='word_1_37' title='bbox 903 736 968 794; x_wconf 90' lang='lat' dir='ltr'><strong>F.</strong></span> <span class='ocrx_word' id='word_1_38' title='bbox 1016 751 1177 806; x_wconf 88' lang='lat' dir='ltr'><strong>quem</strong></span> <span class='ocrx_word' id='word_1_39' title='bbox 1230 735 1395 789; x_wconf 90' lang='lat' dir='ltr'><strong>etiam</strong></span> <span class='ocrx_word' id='word_1_40' title='bbox 1437 732 1733 804; x_wconf 88' lang='lat' dir='ltr'><strong>(Zenonem</strong></span> <span class='ocrx_word' id='word_1_41' title='bbox 1788 741 1996 786; x_wconf 88' lang='lat' dir='ltr'><strong>mutato</strong></span> 
     </span>
    </p>
   </div>
   <div class='ocr_carea' id='block_1_9' title="bbox 414 821 1997 896">
    <p class='ocr_par' dir='ltr' id='par_1_9' title="bbox 414 821 1997 896">
     <span class='ocr_line' id='line_1_9' title="bbox 414 821 1997 896; baseline -0.008 -10"><span class='ocrx_word' id='word_1_42' title='bbox 414 832 639 887; x_wconf 87' lang='lat' dir='ltr'><strong>nomine</strong></span> <span class='ocrx_word' id='word_1_43' title='bbox 693 827 966 896; x_wconf 84' lang='lat' dir='ltr'><strong>vocatum)</strong></span> <span class='ocrx_word' id='word_1_44' title='bbox 1021 840 1279 896; x_wconf 81' lang='lat' dir='ltr'><strong>generum</strong></span> <span class='ocrx_word' id='word_1_45' title='bbox 1343 824 1448 879; x_wconf 84' lang='lat' dir='ltr'><strong>sibi</strong></span> <span class='ocrx_word' id='word_1_46' title='bbox 1494 824 1713 886; x_wconf 86' lang='lat' dir='ltr'><strong>ascivit,</strong></span> <span class='ocrx_word' id='word_1_47' title='bbox 1769 837 1892 876; x_wconf 92' lang='lat' dir='ltr'><strong>cum</strong></span> <span class='ocrx_word' id='word_1_48' title='bbox 1950 821 1997 874; x_wconf 91' lang='lat' dir='ltr'><strong>is</strong></span> 
     </span>
    </p>
   </div>
   <div class='ocr_carea' id='block_1_10' title="bbox 415 911 2000 991">
    <p class='ocr_par' dir='ltr' id='par_1_10' title="bbox 415 911 2000 991">
     <span class='ocr_line' id='line_1_10' title="bbox 415 911 2000 991; baseline -0.006 -17"><span class='ocrx_word' id='word_1_49' title='bbox 415 924 656 991; x_wconf 88' lang='lat' dir='ltr'><strong>priorem</strong></span> <span class='ocrx_word' id='word_1_50' title='bbox 706 918 1012 988; x_wconf 72' lang='lat' dir='ltr'><strong>coniugem,</strong></span> <span class='ocrx_word' id='word_1_51' title='bbox 1055 915 1366 970; x_wconf 80' lang='lat' dir='ltr'><strong>mortalium</strong></span> <span class='ocrx_word' id='word_1_52' title='bbox 1409 914 1524 983; x_wconf 83' lang='lat' dir='ltr'><strong>lege</strong></span> <span class='ocrx_word' id='word_1_53' title='bbox 1563 915 1863 977; x_wconf 87' lang='lat' dir='ltr'><strong>amisisset,</strong></span> <span class='ocrx_word' id='word_1_54' title='bbox 1896 911 2000 965; x_wconf 86' lang='lat' dir='ltr'><strong>Ar-</strong></span> 
     </span>
    </p>
   </div>
   <div class='ocr_carea' id='block_1_11' title="bbox 414 1006 2001 1078">
    <p class='ocr_par' dir='ltr' id='par_1_11' title="bbox 414 1006 2001 1078">
     <span class='ocr_line' id='line_1_11' title="bbox 414 1006 2001 1078; baseline -0.005 -12"><span class='ocrx_word' id='word_1_55' title='bbox 414 1012 704 1066; x_wconf 84' lang='lat' dir='ltr'><strong>daburium</strong></span> <span class='ocrx_word' id='word_1_56' title='bbox 753 1011 916 1072; x_wconf 92' lang='lat' dir='ltr'><strong>item,</strong></span> <span class='ocrx_word' id='word_1_57' title='bbox 960 1009 1098 1078; x_wconf 83' lang='lat' dir='ltr'><strong>55b</strong></span> <span class='ocrx_word' id='word_1_58' title='bbox 1149 1023 1256 1078; x_wconf 89' lang='lat' dir='ltr'><strong>quo</strong></span> <span class='ocrx_word' id='word_1_59' title='bbox 1302 1007 1616 1075; x_wconf 77' lang='lat' dir='ltr'><strong>imperatori</strong></span> <span class='ocrx_word' id='word_1_60' title='bbox 1671 1006 2001 1062; x_wconf 88' lang='lat' dir='ltr'><strong>adversare-</strong></span> 
     </span>
    </p>
   </div>
   <div class='ocr_carea' id='block_1_12' title="bbox 417 1096 2002 1170">
    <p class='ocr_par' dir='ltr' id='par_1_12' title="bbox 417 1096 2002 1170">
     <span class='ocr_line' id='line_1_12' title="bbox 417 1096 2002 1170; baseline -0.005 -12"><span class='ocrx_word' id='word_1_61' title='bbox 417 1113 529 1168; x_wconf 87' lang='lat' dir='ltr'><strong>tur,</strong></span> <span class='ocrx_word' id='word_1_62' title='bbox 558 1102 775 1158; x_wconf 83' lang='lat' dir='ltr'><strong>Isauros</strong></span> <span class='ocrx_word' id='word_1_63' title='bbox 825 1116 980 1168; x_wconf 72' lang='lat' dir='ltr'><strong>arque</strong></span> <span class='ocrx_word' id='word_1_64' title='bbox 1021 1115 1242 1155; x_wconf 87' lang='lat' dir='ltr'><strong>suarum</strong></span> <span class='ocrx_word' id='word_1_65' title='bbox 1289 1102 1523 1170; x_wconf 86' lang='lat' dir='ltr'><strong>partium</strong></span> <span class='ocrx_word' id='word_1_66' title='bbox 1577 1098 1762 1153; x_wconf 80' lang='lat' dir='ltr'><strong>facere</strong></span> <span class='ocrx_word' id='word_1_67' title='bbox 1793 1096 2002 1151; x_wconf 86' lang='lat' dir='ltr'><strong>consti-</strong></span> 
     </span>
    </p>
   </div>
   <div class='ocr_carea' id='block_1_13' title="bbox 422 1188 2003 1265">
    <p class='ocr_par' dir='ltr' id='par_1_13' title="bbox 422 1188 2003 1265">
     <span class='ocr_line' id='line_1_13' title="bbox 422 1188 2003 1265; baseline -0.006 -14"><span class='ocrx_word' id='word_1_68' title='bbox 422 1197 634 1251; x_wconf 91' lang='lat' dir='ltr'><strong>tuisse:</strong></span> <span class='ocrx_word' id='word_1_69' title='bbox 676 1207 840 1265; x_wconf 88' lang='lat' dir='ltr'><strong>atque</strong></span> <span class='ocrx_word' id='word_1_70' title='bbox 884 1193 1180 1247; x_wconf 74' lang='lat' dir='ltr'><strong>Martinum</strong></span> <span class='ocrx_word' id='word_1_71' title='bbox 1229 1194 1544 1260; x_wconf 80' lang='lat' dir='ltr'><strong>quemdam,</strong></span> <span class='ocrx_word' id='word_1_72' title='bbox 1594 1189 1888 1245; x_wconf 85' lang='lat' dir='ltr'><strong>Ardaburii</strong></span> <span class='ocrx_word' id='word_1_73' title='bbox 1919 1188 2003 1242; x_wconf 87' lang='lat' dir='ltr'><strong>fa-</strong></span> 
     </span>
    </p>
   </div>
   <div class='ocr_carea' id='block_1_14' title="bbox 423 1281 2001 1355">
    <p class='ocr_par' dir='ltr' id='par_1_14' title="bbox 423 1281 2001 1355">
     <span class='ocr_line' id='line_1_14' title="bbox 423 1281 2001 1355; baseline -0.006 -13"><span class='ocrx_word' id='word_1_74' title='bbox 423 1289 711 1355; x_wconf 87' lang='lat' dir='ltr'><strong>miliarem,</strong></span> <span class='ocrx_word' id='word_1_75' title='bbox 773 1286 1169 1343; x_wconf 67' lang='lat' dir='ltr'><strong>Tarasicodisze</strong></span> <span class='ocrx_word' id='word_1_76' title='bbox 1213 1286 1511 1346; x_wconf 87' lang='lat' dir='ltr'><strong>indicasse,</strong></span> <span class='ocrx_word' id='word_1_77' title='bbox 1562 1295 1899 1351; x_wconf 67' lang='lat' dir='ltr'><strong>quaecunque</strong></span> <span class='ocrx_word' id='word_1_78' title='bbox 1948 1281 2001 1334; x_wconf 93' lang='lat' dir='ltr'><strong>in</strong></span> 
     </span>
    </p>
   </div>
   <div class='ocr_carea' id='block_1_15' title="bbox 423 1372 2005 1449">
    <p class='ocr_par' dir='ltr' id='par_1_15' title="bbox 423 1372 2005 1449">
     <span class='ocr_line' id='line_1_15' title="bbox 423 1372 2005 1449; baseline -0.006 -15"><span class='ocrx_word' id='word_1_79' title='bbox 423 1382 808 1449; x_wconf 75' lang='lat' dir='ltr'><strong>imperatorem</strong></span> <span class='ocrx_word' id='word_1_80' title='bbox 856 1379 1262 1432; x_wconf 87' lang='lat' dir='ltr'><strong>machinaretur</strong></span> <span class='ocrx_word' id='word_1_81' title='bbox 1309 1375 1670 1430; x_wconf 87' lang='lat' dir='ltr'><strong>Ardaburius.</strong></span> <span class='ocrx_word' id='word_1_82' title='bbox 1723 1372 2005 1439; x_wconf 83' lang='lat' dir='ltr'><strong>Quomodo</strong></span> 
     </span>
    </p>
   </div>
   <div class='ocr_carea' id='block_1_16' title="bbox 425 1462 2003 1539">
    <p class='ocr_par' dir='ltr' id='par_1_16' title="bbox 425 1462 2003 1539">
     <span class='ocr_line' id='line_1_16' title="bbox 425 1462 2003 1539; baseline -0.006 -15"><span class='ocrx_word' id='word_1_83' title='bbox 425 1472 622 1526; x_wconf 81' lang='lat' dir='ltr'><strong>exinde</strong></span> <span class='ocrx_word' id='word_1_84' title='bbox 652 1471 903 1539; x_wconf 84' lang='lat' dir='ltr'><strong>asperius</strong></span> <span class='ocrx_word' id='word_1_85' title='bbox 927 1472 978 1523; x_wconf 93' lang='lat' dir='ltr'><strong>iu</strong></span> <span class='ocrx_word' id='word_1_86' title='bbox 1005 1469 1120 1524; x_wconf 88' lang='lat' dir='ltr'><strong>dies</strong></span> <span class='ocrx_word' id='word_1_87' title='bbox 1143 1477 1426 1522; x_wconf 88' lang='lat' dir='ltr'><strong>crescente</strong></span> <span class='ocrx_word' id='word_1_88' title='bbox 1458 1475 1639 1518; x_wconf 92' lang='lat' dir='ltr'><strong>mutua</strong></span> <span class='ocrx_word' id='word_1_89' title='bbox 1667 1462 2003 1534; x_wconf 91' lang='lat' dir='ltr'><strong>suspicione,</strong></span> 
     </span>
    </p>
   </div>
   <div class='ocr_carea' id='block_1_17' title="bbox 426 1555 2062 1631">
    <p class='ocr_par' dir='ltr' id='par_1_17' title="bbox 426 1555 2062 1631">
     <span class='ocr_line' id='line_1_17' title="bbox 426 1555 2062 1631; baseline -0.006 -14"><span class='ocrx_word' id='word_1_90' title='bbox 426 1562 536 1618; x_wconf 88' lang='lat' dir='ltr'><strong>Leo</strong></span> <span class='ocrx_word' id='word_1_91' title='bbox 561 1563 857 1630; x_wconf 80' lang='lat' dir='ltr'><strong>imperator</strong></span> <span class='ocrx_word' id='word_1_92' title='bbox 901 1563 1172 1631; x_wconf 83' lang='lat' dir='ltr'><strong>Asparem</strong></span> <span class='ocrx_word' id='word_1_93' title='bbox 1225 1560 1466 1623; x_wconf 87' lang='lat' dir='ltr'><strong>sustulit,</strong></span> <span class='ocrx_word' id='word_1_94' title='bbox 1510 1557 1732 1626; x_wconf 87' lang='lat' dir='ltr'><strong>ejusque</strong></span> <span class='ocrx_word' id='word_1_95' title='bbox 1779 1556 2003 1620; x_wconf 90' lang='lat' dir='ltr'><strong>liberos,</strong></span> <span class='ocrx_word' id='word_1_96' title='bbox 2060 1555 2062 1558; x_wconf 75' lang='grc'><em>’</em></span> 
     </span>
    </p>
   </div>
   <div class='ocr_carea' id='block_1_18' title="bbox 425 1647 2010 1710">
    <p class='ocr_par' dir='ltr' id='par_1_18' title="bbox 425 1647 2010 1710">
     <span class='ocr_line' id='line_1_18' title="bbox 425 1647 2010 1710; baseline -0.006 0"><span class='ocrx_word' id='word_1_97' title='bbox 425 1655 788 1710; x_wconf 87' lang='lat' dir='ltr'><strong>Ardaburium</strong></span> <span class='ocrx_word' id='word_1_98' title='bbox 838 1662 894 1709; x_wconf 93' lang='lat' dir='ltr'><strong>et</strong></span> <span class='ocrx_word' id='word_1_99' title='bbox 967 1653 1260 1708; x_wconf 86' lang='lat' dir='ltr'><strong>Patricium</strong></span> <span class='ocrx_word' id='word_1_100' title='bbox 1313 1653 1622 1707; x_wconf 67' lang='lat' dir='ltr'><strong>Caesarem:</strong></span> <span class='ocrx_word' id='word_1_101' title='bbox 1655 1659 1710 1705; x_wconf 90' lang='lat' dir='ltr'><strong>et</strong></span> <span class='ocrx_word' id='word_1_102' title='bbox 1752 1649 1796 1704; x_wconf 88' lang='lat' dir='ltr'><strong>si</strong></span> <span class='ocrx_word' id='word_1_103' title='bbox 1827 1647 2010 1702; x_wconf 60' lang='lat' dir='ltr'><strong>Caesar</strong></span> 
     </span>
    </p>
   </div>
   <div class='ocr_carea' id='block_1_19' title="bbox 427 1739 2003 1815">
    <p class='ocr_par' dir='ltr' id='par_1_19' title="bbox 427 1739 2003 1815">
     <span class='ocr_line' id='line_1_19' title="bbox 427 1739 2003 1815; baseline -0.006 -14"><span class='ocrx_word' id='word_1_104' title='bbox 427 1755 652 1815; x_wconf 80' lang='lat' dir='ltr'><strong>excepta</strong></span> <span class='ocrx_word' id='word_1_105' title='bbox 717 1745 869 1815; x_wconf 87' lang='lat' dir='ltr'><strong>plaga</strong></span> <span class='ocrx_word' id='word_1_106' title='bbox 920 1744 1199 1814; x_wconf 80' lang='lat' dir='ltr'><strong>inpinato</strong></span> <span class='ocrx_word' id='word_1_107' title='bbox 1244 1743 1426 1796; x_wconf 89' lang='lat' dir='ltr'><strong>salvus</strong></span> <span class='ocrx_word' id='word_1_108' title='bbox 1475 1741 1668 1805; x_wconf 87' lang='lat' dir='ltr'><strong>evasit,</strong></span> <span class='ocrx_word' id='word_1_109' title='bbox 1715 1739 2003 1808; x_wconf 82' lang='lat' dir='ltr'><strong>vixitque;</strong></span> 
     </span>
    </p>
   </div>
   <div class='ocr_carea' id='block_1_20' title="bbox 2093 523 3672 611">
    <p class='ocr_par' dir='ltr' id='par_1_20' title="bbox 2093 523 3672 611">
     <span class='ocr_line' id='line_1_20' title="bbox 2093 523 3672 611; baseline -0.015 -14"><span class='ocrx_word' id='word_1_110' title='bbox 2093 545 2191 598; x_wconf 75' lang='grc' dir='ltr'><strong>καὶ</strong></span> <span class='ocrx_word' id='word_1_111' title='bbox 2225 544 2252 594; x_wconf 99' lang='lat'><strong>6</strong></span> <span class='ocrx_word' id='word_1_112' title='bbox 2280 539 2555 611; x_wconf 82' lang='grc' dir='ltr'>βασιλεὺς.</span> <span class='ocrx_word' id='word_1_113' title='bbox 2577 537 2672 590; x_wconf 71' lang='grc' dir='ltr'>καὶ</span> <span class='ocrx_word' id='word_1_114' title='bbox 2703 529 2791 588; x_wconf 74' lang='grc' dir='ltr'>οἷα</span> <span class='ocrx_word' id='word_1_115' title='bbox 2830 534 2911 596; x_wconf 87' lang='grc' dir='ltr'><strong>είς</strong></span> <span class='ocrx_word' id='word_1_116' title='bbox 2931 530 3199 600; x_wconf 82' lang='grc' dir='ltr'><strong>ἀλλήλους</strong></span> <span class='ocrx_word' id='word_1_117' title='bbox 3237 523 3672 593; x_wconf 76' lang='grc' dir='ltr'>ἀπεφθέγξαντο.</span> 
     </span>
    </p>
   </div>
   <div class='ocr_carea' id='block_1_21' title="bbox 2094 612 3680 702">
    <p class='ocr_par' dir='ltr' id='par_1_21' title="bbox 2094 612 3680 702">
     <span class='ocr_line' id='line_1_21' title="bbox 2094 612 3680 702; baseline -0.016 -11"><span class='ocrx_word' id='word_1_118' title='bbox 2094 635 2208 691; x_wconf 75' lang='grc' dir='ltr'><strong>Καὶ</strong></span> <span class='ocrx_word' id='word_1_119' title='bbox 2237 635 2313 694; x_wconf 86' lang='grc' dir='ltr'><strong>ὡς</strong></span> <span class='ocrx_word' id='word_1_120' title='bbox 2339 634 2368 686; x_wconf 94' lang='lat'><strong>6</strong></span> <span class='ocrx_word' id='word_1_121' title='bbox 2397 630 2653 702; x_wconf 82' lang='grc' dir='ltr'>βασιλεὺς</span> <span class='ocrx_word' id='word_1_122' title='bbox 2675 627 2764 681; x_wconf 86' lang='grc' dir='ltr'>διὰ</span> <span class='ocrx_word' id='word_1_123' title='bbox 2790 623 2951 679; x_wconf 80' lang='grc' dir='ltr'>τοῦτο</span> <span class='ocrx_word' id='word_1_124' title='bbox 2971 619 3291 693; x_wconf 74' lang='grc' dir='ltr'>ῄταιρίσατο</span> <span class='ocrx_word' id='word_1_125' title='bbox 3321 617 3383 670; x_wconf 87' lang='grc' dir='ltr'><strong>τὸ</strong></span> <span class='ocrx_word' id='word_1_126' title='bbox 3412 617 3459 648; x_wconf 78' lang='grc'><strong>⁸⁸</strong></span> <span class='ocrx_word' id='word_1_127' title='bbox 3501 612 3680 668; x_wconf 84' lang='grc' dir='ltr'>Ἰσαύ-</span> 
     </span>
    </p>
   </div>
   <div class='ocr_carea' id='block_1_22' title="bbox 2099 707 3680 802">
    <p class='ocr_par' dir='ltr' id='par_1_22' title="bbox 2099 707 3680 802">
     <span class='ocr_line' id='line_1_22' title="bbox 2099 707 3680 802; baseline -0.016 -19"><span class='ocrx_word' id='word_1_128' title='bbox 2099 745 2208 802; x_wconf 89' lang='grc' dir='ltr'><strong>ρων</strong></span> <span class='ocrx_word' id='word_1_129' title='bbox 2231 709 2388 796; x_wconf 78' lang='grc' dir='ltr'>γένὸς</span> <span class='ocrx_word' id='word_1_130' title='bbox 2416 724 2504 778; x_wconf 83' lang='grc' dir='ltr'>διὰ</span> <span class='ocrx_word' id='word_1_131' title='bbox 2526 718 2968 793; x_wconf 84' lang='grc' dir='ltr'>Ταρασικοδίσσα</span> <span class='ocrx_word' id='word_1_132' title='bbox 2998 716 3043 747; x_wconf 74' lang='grc'><strong>⁸⁷</strong></span> <span class='ocrx_word' id='word_1_133' title='bbox 3078 707 3680 780; x_wconf 81' lang='grc' dir='ltr'>Ῥουσουμϐλαδεώτου,</span> 
     </span>
    </p>
   </div>
   <div class='ocr_carea' id='block_1_23' title="bbox 2096 797 3686 888">
    <p class='ocr_par' dir='ltr' id='par_1_23' title="bbox 2096 797 3686 888">
     <span class='ocr_line' id='line_1_23' title="bbox 2096 797 3686 888; baseline -0.016 -14"><span class='ocrx_word' id='word_1_134' title='bbox 2096 797 2156 875; x_wconf 73' lang='grc' dir='ltr'><strong>ὸν</strong></span> <span class='ocrx_word' id='word_1_135' title='bbox 2185 818 2282 873; x_wconf 69' lang='grc' dir='ltr'>καὶ</span> <span class='ocrx_word' id='word_1_136' title='bbox 2307 818 2532 888; x_wconf 89' lang='grc' dir='ltr'>Ζήνωνα</span> <span class='ocrx_word' id='word_1_137' title='bbox 2559 810 2935 884; x_wconf 85' lang='grc' dir='ltr'><strong>μετονομάσας</strong></span> <span class='ocrx_word' id='word_1_138' title='bbox 2956 803 3209 876; x_wconf 88' lang='grc' dir='ltr'>γαμϐρὸν</span> <span class='ocrx_word' id='word_1_139' title='bbox 3234 801 3548 871; x_wconf 74' lang='grc' dir='ltr'>ἐποιήσατο,</span> <span class='ocrx_word' id='word_1_140' title='bbox 3581 797 3686 868; x_wconf 80' lang='grc' dir='ltr'>τὴν</span> 
     </span>
    </p>
   </div>
   <div class='ocr_carea' id='block_1_24' title="bbox 2098 890 3689 983">
    <p class='ocr_par' dir='ltr' id='par_1_24' title="bbox 2098 890 3689 983">
     <span class='ocr_line' id='line_1_24' title="bbox 2098 890 3689 983; baseline -0.016 -17"><span class='ocrx_word' id='word_1_141' title='bbox 2098 910 2373 983; x_wconf 84' lang='grc' dir='ltr'>προτέραν</span> <span class='ocrx_word' id='word_1_142' title='bbox 2425 907 2662 977; x_wconf 88' lang='grc' dir='ltr'>γυναῖκα</span> <span class='ocrx_word' id='word_1_143' title='bbox 2708 901 2940 956; x_wconf 81' lang='grc' dir='ltr'><strong>Θανάτου</strong></span> <span class='ocrx_word' id='word_1_144' title='bbox 2973 898 3124 968; x_wconf 88' lang='grc' dir='ltr'>νόμῳ</span> <span class='ocrx_word' id='word_1_145' title='bbox 3173 892 3546 983; x_wconf 43' lang='grc' dir='ltr'>ἀποϐαλόντα,</span> <span class='ocrx_word' id='word_1_146' title='bbox 3570 890 3689 942; x_wconf 79' lang='lat' dir='ltr'><strong>Ka‘t</strong></span> 
     </span>
    </p>
   </div>
   <div class='ocr_carea' id='block_1_25' title="bbox 2097 981 3684 1071">
    <p class='ocr_par' dir='ltr' id='par_1_25' title="bbox 2097 981 3684 1071">
     <span class='ocr_line' id='line_1_25' title="bbox 2097 981 3684 1071; baseline -0.015 -15"><span class='ocrx_word' id='word_1_147' title='bbox 2097 981 2176 1066; x_wconf 79' lang='grc' dir='ltr'><strong>ὡς</strong></span> <span class='ocrx_word' id='word_1_148' title='bbox 2212 998 2594 1071; x_wconf 82' lang='grc' dir='ltr'>Ἀρδαϐούριος</span> <span class='ocrx_word' id='word_1_149' title='bbox 2629 997 2710 1058; x_wconf 84' lang='grc' dir='ltr'><strong>είς</strong></span> <span class='ocrx_word' id='word_1_150' title='bbox 2745 993 2808 1048; x_wconf 91' lang='grc' dir='ltr'><strong>τὸ</strong></span> <span class='ocrx_word' id='word_1_151' title='bbox 2852 989 3095 1046; x_wconf 77' lang='grc' dir='ltr'>ἐναντίον</span> <span class='ocrx_word' id='word_1_152' title='bbox 3144 984 3384 1060; x_wconf 83' lang='grc' dir='ltr'>μελετῶν</span> <span class='ocrx_word' id='word_1_153' title='bbox 3416 982 3494 1052; x_wconf 84' lang='grc' dir='ltr'>τῷ</span> <span class='ocrx_word' id='word_1_154' title='bbox 3524 981 3684 1052; x_wconf 83' lang='grc' dir='ltr'>βασι-</span> 
     </span>
    </p>
   </div>
   <div class='ocr_carea' id='block_1_26' title="bbox 2099 1071 3690 1155">
    <p class='ocr_par' dir='ltr' id='par_1_26' title="bbox 2099 1071 3690 1155">
     <span class='ocr_line' id='line_1_26' title="bbox 2099 1071 3690 1155; baseline -0.015 -8"><span class='ocrx_word' id='word_1_155' title='bbox 2099 1094 2186 1147; x_wconf 78' lang='grc' dir='ltr'>λετ</span> <span class='ocrx_word' id='word_1_156' title='bbox 2227 1093 2320 1145; x_wconf 73' lang='grc' dir='ltr'>καὶ</span> <span class='ocrx_word' id='word_1_157' title='bbox 2357 1088 2526 1153; x_wconf 78' lang='grc' dir='ltr'>αὐτὸς</span> <span class='ocrx_word' id='word_1_158' title='bbox 2563 1081 3069 1155; x_wconf 82' lang='grc' dir='ltr'>οίκειοποιήσασθαι</span> <span class='ocrx_word' id='word_1_159' title='bbox 3116 1079 3244 1141; x_wconf 82' lang='grc' dir='ltr'>τοὺς</span> <span class='ocrx_word' id='word_1_160' title='bbox 3290 1075 3570 1144; x_wconf 84' lang='grc' dir='ltr'>Ἰσαύρους</span> <span class='ocrx_word' id='word_1_161' title='bbox 3616 1071 3690 1124; x_wconf 91' lang='grc' dir='ltr'>δι-</span> 
     </span>
    </p>
   </div>
   <div class='ocr_carea' id='block_1_27' title="bbox 2104 1165 3690 1257">
    <p class='ocr_par' dir='ltr' id='par_1_27' title="bbox 2104 1165 3690 1257">
     <span class='ocr_line' id='line_1_27' title="bbox 2104 1165 3690 1257; baseline -0.016 -17"><span class='ocrx_word' id='word_1_162' title='bbox 2104 1186 2300 1257; x_wconf 86' lang='grc' dir='ltr'>ενοήθη</span> <span class='ocrx_word' id='word_1_163' title='bbox 2320 1200 2334 1214; x_wconf 81' lang='lat'><strong>&#39;</strong></span> <span class='ocrx_word' id='word_1_164' title='bbox 2367 1183 2462 1238; x_wconf 80' lang='grc' dir='ltr'><strong>καὶ</strong></span> <span class='ocrx_word' id='word_1_165' title='bbox 2497 1181 2580 1234; x_wconf 85' lang='grc' dir='ltr'>ὅτι</span> <span class='ocrx_word' id='word_1_166' title='bbox 2605 1180 2901 1248; x_wconf 81' lang='grc' dir='ltr'>Μαρτῖνος,</span> <span class='ocrx_word' id='word_1_167' title='bbox 2935 1175 3132 1235; x_wconf 85' lang='grc' dir='ltr'>οἰκεῖος</span> <span class='ocrx_word' id='word_1_168' title='bbox 3165 1169 3240 1223; x_wconf 84' lang='grc' dir='ltr'><strong>ὢν</strong></span> <span class='ocrx_word' id='word_1_169' title='bbox 3269 1165 3690 1257; x_wconf 66' lang='grc' dir='ltr'>Ἀρδαϐουρίου,</span> 
     </span>
    </p>
   </div>
   <div class='ocr_carea' id='block_1_28' title="bbox 2108 1256 3694 1351">
    <p class='ocr_par' dir='ltr' id='par_1_28' title="bbox 2108 1256 3694 1351">
     <span class='ocr_line' id='line_1_28' title="bbox 2108 1256 3694 1351; baseline -0.016 -19"><span class='ocrx_word' id='word_1_170' title='bbox 2108 1256 2307 1351; x_wconf 80' lang='grc' dir='ltr'>μηνύει</span> <span class='ocrx_word' id='word_1_171' title='bbox 2363 1271 2803 1346; x_wconf 79' lang='grc' dir='ltr'>Ταρασικοδίσσᾳ</span> <span class='ocrx_word' id='word_1_172' title='bbox 2841 1269 2985 1338; x_wconf 78' lang='grc' dir='ltr'>άπερ</span> <span class='ocrx_word' id='word_1_173' title='bbox 3041 1259 3415 1336; x_wconf 80' lang='grc' dir='ltr'>Ἀρδαϐουρίῳ</span> <span class='ocrx_word' id='word_1_174' title='bbox 3448 1258 3492 1290; x_wconf 83' lang='grc'><strong>⁹⁸</strong></span> <span class='ocrx_word' id='word_1_175' title='bbox 3543 1256 3694 1351; x_wconf 77' lang='grc' dir='ltr'>κατὰ.</span> 
     </span>
    </p>
   </div>
   <div class='ocr_carea' id='block_1_29' title="bbox 2109 1349 3693 1443">
    <p class='ocr_par' dir='ltr' id='par_1_29' title="bbox 2109 1349 3693 1443">
     <span class='ocr_line' id='line_1_29' title="bbox 2109 1349 3693 1443; baseline -0.016 -19"><span class='ocrx_word' id='word_1_176' title='bbox 2109 1349 2372 1443; x_wconf 84' lang='grc' dir='ltr'>βασιλέως</span> <span class='ocrx_word' id='word_1_177' title='bbox 2418 1365 2707 1437; x_wconf 80' lang='grc' dir='ltr'>ὲτυρεύετο</span> <span class='ocrx_word' id='word_1_178' title='bbox 2730 1381 2745 1394; x_wconf 78' lang='grc' dir='ltr'><strong>ο</strong></span> <span class='ocrx_word' id='word_1_179' title='bbox 2772 1364 2866 1416; x_wconf 72' lang='grc' dir='ltr'><strong>καὶ</strong></span> <span class='ocrx_word' id='word_1_180' title='bbox 2893 1361 2971 1424; x_wconf 84' lang='grc' dir='ltr'><strong>ὡς</strong></span> <span class='ocrx_word' id='word_1_181' title='bbox 3015 1356 3266 1412; x_wconf 69' lang='grc' dir='ltr'>ἐντεῦθεν</span> <span class='ocrx_word' id='word_1_182' title='bbox 3299 1355 3357 1416; x_wconf 82' lang='grc' dir='ltr'>ὲς</span> <span class='ocrx_word' id='word_1_183' title='bbox 3390 1351 3452 1405; x_wconf 91' lang='grc' dir='ltr'><strong>τὸ</strong></span> <span class='ocrx_word' id='word_1_184' title='bbox 3485 1349 3693 1422; x_wconf 80' lang='grc' dir='ltr'>τραχύ-</span> 
     </span>
    </p>
   </div>
   <div class='ocr_carea' id='block_1_30' title="bbox 2105 1444 3693 1536">
    <p class='ocr_par' dir='ltr' id='par_1_30' title="bbox 2105 1444 3693 1536">
     <span class='ocr_line' id='line_1_30' title="bbox 2105 1444 3693 1536; baseline -0.016 -17"><span class='ocrx_word' id='word_1_185' title='bbox 2105 1481 2265 1536; x_wconf 90' lang='grc' dir='ltr'>τερον</span> <span class='ocrx_word' id='word_1_186' title='bbox 2294 1463 2394 1531; x_wconf 84' lang='grc' dir='ltr'>τῆς</span> <span class='ocrx_word' id='word_1_187' title='bbox 2426 1462 2483 1524; x_wconf 82' lang='grc' dir='ltr'>ἐς</span> <span class='ocrx_word' id='word_1_188' title='bbox 2518 1457 2782 1528; x_wconf 81' lang='grc' dir='ltr'><strong>ἀλλήλους</strong></span> <span class='ocrx_word' id='word_1_189' title='bbox 2831 1452 3089 1515; x_wconf 80' lang='grc' dir='ltr'>ὑπονοίας</span> <span class='ocrx_word' id='word_1_190' title='bbox 3121 1452 3165 1483; x_wconf 71' lang='grc'><strong>⁸⁸</strong></span> <span class='ocrx_word' id='word_1_191' title='bbox 3203 1445 3499 1518; x_wconf 79' lang='grc' dir='ltr'>προϊούσης</span> <span class='ocrx_word' id='word_1_192' title='bbox 3531 1444 3693 1536; x_wconf 79' lang='grc' dir='ltr'>ἀναι-</span> 
     </span>
    </p>
   </div>
   <div class='ocr_carea' id='block_1_31' title="bbox 2112 1534 3697 1627">
    <p class='ocr_par' dir='ltr' id='par_1_31' title="bbox 2112 1534 3697 1627">
     <span class='ocr_line' id='line_1_31' title="bbox 2112 1534 3697 1627; baseline -0.016 -17"><span class='ocrx_word' id='word_1_193' title='bbox 2112 1534 2195 1627; x_wconf 71' lang='grc' dir='ltr'><strong>ρεί</strong></span> <span class='ocrx_word' id='word_1_194' title='bbox 2224 1554 2378 1609; x_wconf 87' lang='grc' dir='ltr'>Λέων</span> <span class='ocrx_word' id='word_1_195' title='bbox 2416 1553 2444 1606; x_wconf 89' lang='lat'><strong>6</strong></span> <span class='ocrx_word' id='word_1_196' title='bbox 2475 1549 2725 1620; x_wconf 81' lang='grc' dir='ltr'>βασιλεὺς</span> <span class='ocrx_word' id='word_1_197' title='bbox 2751 1547 3011 1613; x_wconf 79' lang='grc' dir='ltr'>Ἀσπαρα</span> <span class='ocrx_word' id='word_1_198' title='bbox 3040 1540 3136 1594; x_wconf 76' lang='grc' dir='ltr'>καὶ</span> <span class='ocrx_word' id='word_1_199' title='bbox 3163 1541 3290 1602; x_wconf 80' lang='grc' dir='ltr'>τοὺς</span> <span class='ocrx_word' id='word_1_200' title='bbox 3323 1536 3540 1627; x_wconf 83' lang='grc' dir='ltr'>παῖδας,</span> <span class='ocrx_word' id='word_1_201' title='bbox 3565 1534 3697 1627; x_wconf 83' lang='grc' dir='ltr'><strong>Ἀρ-</strong></span> 
     </span>
    </p>
   </div>
   <div class='ocr_carea' id='block_1_32' title="bbox 2108 1621 3696 1715">
    <p class='ocr_par' dir='ltr' id='par_1_32' title="bbox 2108 1621 3696 1715">
     <span class='ocr_line' id='line_1_32' title="bbox 2108 1621 3696 1715; baseline -0.018 -15"><span class='ocrx_word' id='word_1_202' title='bbox 2108 1621 2398 1715; x_wconf 82' lang='grc' dir='ltr'>δαϐούριον</span> <span class='ocrx_word' id='word_1_203' title='bbox 2439 1641 2533 1695; x_wconf 72' lang='grc' dir='ltr'>καὶ</span> <span class='ocrx_word' id='word_1_204' title='bbox 2581 1636 2881 1708; x_wconf 84' lang='grc' dir='ltr'>Πατρίκιον</span> <span class='ocrx_word' id='word_1_205' title='bbox 2911 1633 3004 1686; x_wconf 92' lang='grc' dir='ltr'><strong>τὸν</strong></span> <span class='ocrx_word' id='word_1_206' title='bbox 3055 1629 3332 1698; x_wconf 86' lang='grc' dir='ltr'>Καίσαρα.</span> <span class='ocrx_word' id='word_1_207' title='bbox 3365 1624 3507 1715; x_wconf 81' lang='grc' dir='ltr'>Ἀλλ’</span> <span class='ocrx_word' id='word_1_208' title='bbox 3536 1626 3563 1675; x_wconf 94' lang='lat'><strong>6</strong></span> 
     </span>
    </p>
   </div>
   <div class='ocr_carea' id='block_1_33' title="bbox 2110 1710 3695 1805">
    <p class='ocr_par' dir='ltr' id='par_1_33' title="bbox 2110 1710 3695 1805">
     <span class='ocr_line' id='line_1_33' title="bbox 2110 1710 3695 1805; baseline -0.018 -14"><span class='ocrx_word' id='word_1_209' title='bbox 2110 1710 2333 1805; x_wconf 77' lang='grc' dir='ltr'>Καῖσαρ</span> <span class='ocrx_word' id='word_1_210' title='bbox 2365 1731 2476 1787; x_wconf 84' lang='grc' dir='ltr'>τῶν</span> <span class='ocrx_word' id='word_1_211' title='bbox 2503 1727 2727 1799; x_wconf 85' lang='grc' dir='ltr'>πληγῶν</span> <span class='ocrx_word' id='word_1_212' title='bbox 2757 1720 3065 1790; x_wconf 83' lang='grc' dir='ltr'>ἀνενεγκὼν</span> <span class='ocrx_word' id='word_1_213' title='bbox 3097 1718 3415 1790; x_wconf 77' lang='grc' dir='ltr'>παραδόξως</span> <span class='ocrx_word' id='word_1_214' title='bbox 3459 1710 3695 1780; x_wconf 84' lang='grc' dir='ltr'>διεσὼοη</span> 
     </span>
    </p>
   </div>
   <div class='ocr_carea' id='block_1_34' title="bbox 429 1805 2024 1905">
    <p class='ocr_par' dir='ltr' id='par_1_34' title="bbox 429 1805 2008 1905">
     <span class='ocr_line' id='line_1_34' title="bbox 429 1805 2008 1905; baseline -0.007 -14"><span class='ocrx_word' id='word_1_215' title='bbox 429 1848 485 1891; x_wconf 90' lang='lat' dir='ltr'><strong>et</strong></span> <span class='ocrx_word' id='word_1_216' title='bbox 504 1805 641 1892; x_wconf 43' lang='lat' dir='ltr'><strong>ali-us</strong></span> <span class='ocrx_word' id='word_1_217' title='bbox 659 1805 784 1890; x_wconf 76' lang='lat' dir='ltr'><strong>item</strong></span> <span class='ocrx_word' id='word_1_218' title='bbox 805 1805 871 1889; x_wconf 75' lang='lat' dir='ltr'><strong>de</strong></span> <span class='ocrx_word' id='word_1_219' title='bbox 889 1805 1110 1905; x_wconf 72' lang='lat' dir='ltr'><strong>Asparis</strong></span> <span class='ocrx_word' id='word_1_220' title='bbox 1134 1833 1257 1887; x_wconf 85' lang='lat' dir='ltr'><strong>ﬁliis</strong></span> <span class='ocrx_word' id='word_1_221' title='bbox 1275 1831 1695 1886; x_wconf 89' lang='lat' dir='ltr'><strong>Armenerichus</strong></span> <span class='ocrx_word' id='word_1_222' title='bbox 1712 1827 1849 1899; x_wconf 69' lang='lat'><strong>(94),</strong></span> <span class='ocrx_word' id='word_1_223' title='bbox 1867 1805 2008 1896; x_wconf 81' lang='lat' dir='ltr'><strong>quod</strong></span> 
     </span>
    </p>
   </div>
   <div class='ocr_carea' id='block_1_35' title="bbox 2130 1805 3699 1905">
    <p class='ocr_par' dir='ltr' id='par_1_35' title="bbox 2130 1805 3699 1905">
     <span class='ocr_line' id='line_1_35' title="bbox 2130 1805 3699 1905; baseline -0.018 -22"><span class='ocrx_word' id='word_1_224' title='bbox 2130 1829 2209 1883; x_wconf 71' lang='grc' dir='ltr'><strong>ιαὶ</strong></span> <span class='ocrx_word' id='word_1_225' title='bbox 2231 1827 2502 1896; x_wconf 79' lang='grc' dir='ltr'>διέζησεν.</span> <span class='ocrx_word' id='word_1_226' title='bbox 2532 1819 2699 1875; x_wconf 85' lang='grc' dir='ltr'>Ἀλλὰ</span> <span class='ocrx_word' id='word_1_227' title='bbox 2727 1818 2822 1871; x_wconf 76' lang='grc' dir='ltr'>καὶ</span> <span class='ocrx_word' id='word_1_228' title='bbox 2853 1817 2882 1869; x_wconf 87' lang='lat'><strong>6</strong></span> <span class='ocrx_word' id='word_1_229' title='bbox 2906 1815 3093 1884; x_wconf 75' lang='grc' dir='ltr'>ἕτερος</span> <span class='ocrx_word' id='word_1_230' title='bbox 3123 1811 3232 1863; x_wconf 85' lang='grc' dir='ltr'><strong>τῶν</strong></span> <span class='ocrx_word' id='word_1_231' title='bbox 3255 1808 3462 1862; x_wconf 83' lang='grc' dir='ltr'>παίδων</span> <span class='ocrx_word' id='word_1_232' title='bbox 3489 1805 3699 1905; x_wconf 40' lang='lat' dir='ltr'><strong>1691i:—</strong></span> 
     </span>
    </p>
   </div>
   <div class='ocr_carea' id='block_1_36' title="bbox 431 1915 2010 1994">
    <p class='ocr_par' dir='ltr' id='par_1_36' title="bbox 431 1915 2010 1994">
     <span class='ocr_line' id='line_1_36' title="bbox 431 1915 2010 1994; baseline -0.008 -11"><span class='ocrx_word' id='word_1_233' title='bbox 431 1932 646 1983; x_wconf 80' lang='lat' dir='ltr'><strong>abesset</strong></span> <span class='ocrx_word' id='word_1_234' title='bbox 668 1937 781 1982; x_wconf 90' lang='lat' dir='ltr'><strong>tum</strong></span> <span class='ocrx_word' id='word_1_235' title='bbox 812 1926 948 1982; x_wconf 90' lang='lat' dir='ltr'><strong>forte</strong></span> <span class='ocrx_word' id='word_1_236' title='bbox 967 1941 995 1980; x_wconf 90' lang='lat' dir='ltr'><strong>a</strong></span> <span class='ocrx_word' id='word_1_237' title='bbox 1016 1935 1186 1994; x_wconf 86' lang='lat' dir='ltr'><strong>patre,</strong></span> <span class='ocrx_word' id='word_1_238' title='bbox 1211 1928 1408 1978; x_wconf 73' lang='lat' dir='ltr'><strong>caedem</strong></span> <span class='ocrx_word' id='word_1_239' title='bbox 1431 1922 1652 1990; x_wconf 88' lang='lat' dir='ltr'><strong>perinde</strong></span> <span class='ocrx_word' id='word_1_240' title='bbox 1673 1919 1877 1991; x_wconf 69' lang='lat' dir='ltr'><strong>effugit.</strong></span> <span class='ocrx_word' id='word_1_241' title='bbox 1901 1915 2010 1971; x_wconf 90' lang='lat' dir='ltr'><strong>Ta-</strong></span> 
     </span>
    </p>
   </div>
   <div class='ocr_carea' id='block_1_37' title="bbox 432 2009 2007 2088">
    <p class='ocr_par' dir='ltr' id='par_1_37' title="bbox 432 2009 2007 2088">
     <span class='ocr_line' id='line_1_37' title="bbox 432 2009 2007 2088; baseline -0.007 -13"><span class='ocrx_word' id='word_1_242' title='bbox 432 2021 784 2076; x_wconf 85' lang='lat' dir='ltr'><strong>rasicodisam</strong></span> <span class='ocrx_word' id='word_1_243' title='bbox 817 2035 948 2083; x_wconf 75' lang='lat' dir='ltr'><strong>ergo</strong></span> <span class='ocrx_word' id='word_1_244' title='bbox 970 2019 1070 2073; x_wconf 84' lang='lat' dir='ltr'><strong>sibi</strong></span> <span class='ocrx_word' id='word_1_245' title='bbox 1113 2009 1558 2088; x_wconf 33' lang='lat' dir='ltr'><strong>generum,&quot;data</strong></span> <span class='ocrx_word' id='word_1_246' title='bbox 1600 2013 1835 2067; x_wconf 84' lang='lat' dir='ltr'><strong>Ariadna</strong></span> <span class='ocrx_word' id='word_1_247' title='bbox 1876 2010 2007 2075; x_wconf 85' lang='lat' dir='ltr'><strong>filia,</strong></span> 
     </span>
    </p>
   </div>
   <div class='ocr_carea' id='block_1_38' title="bbox 434 2103 2016 2180">
    <p class='ocr_par' dir='ltr' id='par_1_38' title="bbox 434 2103 2016 2180">
     <span class='ocr_line' id='line_1_38' title="bbox 434 2103 2016 2180; baseline -0.006 -15"><span class='ocrx_word' id='word_1_248' title='bbox 434 2113 727 2180; x_wconf 88' lang='lat' dir='ltr'><strong>imperator</strong></span> <span class='ocrx_word' id='word_1_249' title='bbox 741 2111 952 2177; x_wconf 86' lang='lat' dir='ltr'><strong>ascivit,</strong></span> <span class='ocrx_word' id='word_1_250' title='bbox 970 2109 1350 2178; x_wconf 86' lang='lat' dir='ltr'><strong>Zenonemque</strong></span> <span class='ocrx_word' id='word_1_251' title='bbox 1365 2107 1698 2161; x_wconf 88' lang='lat' dir='ltr'><strong>nominatum</strong></span> <span class='ocrx_word' id='word_1_252' title='bbox 1712 2103 1849 2175; x_wconf 85' lang='lat'><strong>(95),</strong></span> <span class='ocrx_word' id='word_1_253' title='bbox 1864 2117 2016 2157; x_wconf 81' lang='lat' dir='ltr'><strong>exer-</strong></span> 
     </span>
    </p>
   </div>
   <div class='ocr_carea' id='block_1_39' title="bbox 435 2197 2015 2266">
    <p class='ocr_par' dir='ltr' id='par_1_39' title="bbox 435 2197 2015 2266">
     <span class='ocr_line' id='line_1_39' title="bbox 435 2197 2015 2266; baseline -0.006 -7"><span class='ocrx_word' id='word_1_254' title='bbox 435 2206 575 2259; x_wconf 89' lang='lat' dir='ltr'><strong>citus</strong></span> <span class='ocrx_word' id='word_1_255' title='bbox 608 2207 660 2258; x_wconf 93' lang='lat' dir='ltr'><strong>in</strong></span> <span class='ocrx_word' id='word_1_256' title='bbox 693 2204 913 2258; x_wconf 84' lang='lat' dir='ltr'><strong>Oriente</strong></span> <span class='ocrx_word' id='word_1_257' title='bbox 957 2204 1150 2258; x_wconf 89' lang='lat' dir='ltr'><strong>ducem</strong></span> <span class='ocrx_word' id='word_1_258' title='bbox 1189 2201 1416 2255; x_wconf 86' lang='lat' dir='ltr'><strong>creavit.</strong></span> <span class='ocrx_word' id='word_1_259' title='bbox 1461 2197 1649 2252; x_wconf 79' lang='lat' dir='ltr'><strong>Refert</strong></span> <span class='ocrx_word' id='word_1_260' title='bbox 1679 2198 1872 2252; x_wconf 89' lang='lat' dir='ltr'><strong>deinde</strong></span> <span class='ocrx_word' id='word_1_261' title='bbox 1895 2210 2015 2266; x_wconf 73' lang='lat' dir='ltr'><strong>qua:</strong></span> 
     </span>
    </p>
   </div>
   <div class='ocr_carea' id='block_1_40' title="bbox 438 2289 2012 2362">
    <p class='ocr_par' dir='ltr' id='par_1_40' title="bbox 438 2289 2012 2362">
     <span class='ocr_line' id='line_1_40' title="bbox 438 2289 2012 2362; baseline -0.005 -13"><span class='ocrx_word' id='word_1_262' title='bbox 438 2298 490 2350; x_wconf 92' lang='lat' dir='ltr'><strong>in</strong></span> <span class='ocrx_word' id='word_1_263' title='bbox 531 2296 712 2350; x_wconf 85' lang='lat' dir='ltr'><strong>Africa</strong></span> <span class='ocrx_word' id='word_1_264' title='bbox 762 2296 999 2350; x_wconf 85' lang='lat' dir='ltr'><strong>secunda</strong></span> <span class='ocrx_word' id='word_1_265' title='bbox 1062 2296 1402 2362; x_wconf 87' lang='lat' dir='ltr'><strong>adversaque</strong></span> <span class='ocrx_word' id='word_1_266' title='bbox 1433 2293 1665 2361; x_wconf 85' lang='lat' dir='ltr'><strong>gesserit</strong></span> <span class='ocrx_word' id='word_1_267' title='bbox 1693 2289 2012 2343; x_wconf 87' lang='lat' dir='ltr'><strong>Basiliscus.</strong></span> 
     </span>
    </p>
   </div>
   <div class='ocr_carea' id='block_1_41' title="bbox 438 2382 2014 2456">
    <p class='ocr_par' dir='ltr' id='par_1_41' title="bbox 438 2382 2014 2456">
     <span class='ocr_line' id='line_1_41' title="bbox 438 2382 2014 2456; baseline -0.004 -16"><span class='ocrx_word' id='word_1_268' title='bbox 438 2385 674 2443; x_wconf 88' lang='lat' dir='ltr'><strong>Leonem</strong></span> <span class='ocrx_word' id='word_1_269' title='bbox 731 2402 948 2456; x_wconf 86' lang='lat' dir='ltr'><strong>quoque</strong></span> <span class='ocrx_word' id='word_1_270' title='bbox 1013 2385 1180 2440; x_wconf 84' lang='lat' dir='ltr'><strong>multa</strong></span> <span class='ocrx_word' id='word_1_271' title='bbox 1237 2386 1506 2439; x_wconf 86' lang='lat' dir='ltr'><strong>volentem</strong></span> <span class='ocrx_word' id='word_1_272' title='bbox 1575 2382 2014 2449; x_wconf 90' lang='lat' dir='ltr'><strong>molientemque,</strong></span> 
     </span>
    </p>
   </div>
   <div class='ocr_carea' id='block_1_42' title="bbox 436 2471 2017 2544">
    <p class='ocr_par' dir='ltr' id='par_1_42' title="bbox 436 2471 2017 2544">
     <span class='ocr_line' id='line_1_42' title="bbox 436 2471 2017 2544; baseline -0.003 -17"><span class='ocrx_word' id='word_1_273' title='bbox 436 2489 545 2544; x_wconf 88' lang='lat' dir='ltr'><strong>quo</strong></span> <span class='ocrx_word' id='word_1_274' title='bbox 585 2473 859 2529; x_wconf 89' lang='lat' dir='ltr'><strong>Zenonem</strong></span> <span class='ocrx_word' id='word_1_275' title='bbox 911 2489 1169 2543; x_wconf 83' lang='lat' dir='ltr'><strong>generum</strong></span> <span class='ocrx_word' id='word_1_276' title='bbox 1234 2473 1613 2543; x_wconf 88' lang='lat' dir='ltr'><strong>imperatorem</strong></span> <span class='ocrx_word' id='word_1_277' title='bbox 1655 2471 2017 2533; x_wconf 88' lang='lat' dir='ltr'><strong>renuntiaret,</strong></span> 
     </span>
    </p>
   </div>
   <div class='ocr_carea' id='block_1_43' title="bbox 440 2559 2021 2634">
    <p class='ocr_par' dir='ltr' id='par_1_43' title="bbox 440 2559 2021 2634">
     <span class='ocr_line' id='line_1_43' title="bbox 440 2559 2021 2634; baseline -0.001 -17"><span class='ocrx_word' id='word_1_278' title='bbox 440 2565 598 2634; x_wconf 85' lang='lat' dir='ltr'><strong>plebe</strong></span> <span class='ocrx_word' id='word_1_279' title='bbox 642 2575 1005 2634; x_wconf 88' lang='lat' dir='ltr'><strong>repugnante,</strong></span> <span class='ocrx_word' id='word_1_280' title='bbox 1058 2564 1282 2618; x_wconf 89' lang='lat' dir='ltr'><strong>minime</strong></span> <span class='ocrx_word' id='word_1_281' title='bbox 1329 2563 1382 2618; x_wconf 92' lang='lat' dir='ltr'><strong>id</strong></span> <span class='ocrx_word' id='word_1_282' title='bbox 1423 2562 1639 2633; x_wconf 88' lang='lat' dir='ltr'><strong>quidem</strong></span> <span class='ocrx_word' id='word_1_283' title='bbox 1682 2559 1894 2615; x_wconf 67' lang='lat' dir='ltr'><strong>efficere</strong></span> <span class='ocrx_word' id='word_1_284' title='bbox 1925 2575 2021 2629; x_wconf 88' lang='lat' dir='ltr'><strong>po-</strong></span> 
     </span>
    </p>
   </div>
   <div class='ocr_carea' id='block_1_44' title="bbox 442 2656 2022 2728">
    <p class='ocr_par' dir='ltr' id='par_1_44' title="bbox 442 2656 2022 2728">
     <span class='ocr_line' id='line_1_44' title="bbox 442 2656 2022 2728; baseline -0.002 -18"><span class='ocrx_word' id='word_1_285' title='bbox 442 2657 638 2712; x_wconf 88' lang='lat' dir='ltr'><strong>tuisset</strong></span> <span class='ocrx_word' id='word_1_286' title='bbox 697 2675 712 2711; x_wconf 91' lang='lat'><strong>:</strong></span> <span class='ocrx_word' id='word_1_287' title='bbox 771 2658 866 2710; x_wconf 88' lang='lat' dir='ltr'><strong>sed</strong></span> <span class='ocrx_word' id='word_1_288' title='bbox 927 2656 1088 2725; x_wconf 90' lang='lat' dir='ltr'><strong>paulo</strong></span> <span class='ocrx_word' id='word_1_289' title='bbox 1145 2666 1270 2728; x_wconf 85' lang='lat' dir='ltr'><strong>ante</strong></span> <span class='ocrx_word' id='word_1_290' title='bbox 1336 2656 1570 2721; x_wconf 87' lang='lat' dir='ltr'><strong>obitum,</strong></span> <span class='ocrx_word' id='word_1_291' title='bbox 1647 2662 1896 2724; x_wconf 91' lang='lat' dir='ltr'><strong>nepotem</strong></span> <span class='ocrx_word' id='word_1_292' title='bbox 1953 2669 2022 2707; x_wconf 79' lang='lat' dir='ltr'><strong>ex</strong></span> 
     </span>
    </p>
   </div>
   <div class='ocr_carea' id='block_1_45' title="bbox 440 2743 2020 2815">
    <p class='ocr_par' dir='ltr' id='par_1_45' title="bbox 440 2743 2020 2815">
     <span class='ocr_line' id='line_1_45' title="bbox 440 2743 2020 2815; baseline -0.001 -16"><span class='ocrx_word' id='word_1_293' title='bbox 440 2747 678 2801; x_wconf 83' lang='lat' dir='ltr'><strong>Ariadna</strong></span> <span class='ocrx_word' id='word_1_294' title='bbox 707 2757 759 2802; x_wconf 90' lang='lat' dir='ltr'><strong>et</strong></span> <span class='ocrx_word' id='word_1_295' title='bbox 797 2746 1017 2803; x_wconf 90' lang='lat' dir='ltr'><strong>Zenone</strong></span> <span class='ocrx_word' id='word_1_296' title='bbox 1061 2757 1268 2812; x_wconf 90' lang='lat' dir='ltr'><strong>natum,</strong></span> <span class='ocrx_word' id='word_1_297' title='bbox 1316 2761 1570 2800; x_wconf 85' lang='lat' dir='ltr'><strong>creasse:</strong></span> <span class='ocrx_word' id='word_1_298' title='bbox 1621 2745 1691 2800; x_wconf 90' lang='lat' dir='ltr'><strong>ita</strong></span> <span class='ocrx_word' id='word_1_299' title='bbox 1725 2753 1845 2815; x_wconf 90' lang='lat' dir='ltr'><strong>post</strong></span> <span class='ocrx_word' id='word_1_300' title='bbox 1880 2743 2020 2798; x_wconf 83' lang='lat' dir='ltr'><strong>Leo-</strong></span> 
     </span>
    </p>
   </div>
   <div class='ocr_carea' id='block_1_46' title="bbox 447 2836 2023 2905">
    <p class='ocr_par' dir='ltr' id='par_1_46' title="bbox 447 2836 2023 2905">
     <span class='ocr_line' id='line_1_46' title="bbox 447 2836 2023 2905; baseline 0.002 -18"><span class='ocrx_word' id='word_1_301' title='bbox 447 2838 530 2890; x_wconf 88' lang='lat' dir='ltr'><strong>nis</strong></span> <span class='ocrx_word' id='word_1_302' title='bbox 570 2851 854 2891; x_wconf 78' lang='lat' dir='ltr'><strong>excessum</strong></span> <span class='ocrx_word' id='word_1_303' title='bbox 883 2854 912 2890; x_wconf 92' lang='lat' dir='ltr'><strong>a</strong></span> <span class='ocrx_word' id='word_1_304' title='bbox 957 2837 1140 2892; x_wconf 86' lang='lat' dir='ltr'><strong>Leone</strong></span> <span class='ocrx_word' id='word_1_305' title='bbox 1182 2837 1293 2892; x_wconf 89' lang='lat' dir='ltr'><strong>lilio</strong></span> <span class='ocrx_word' id='word_1_306' title='bbox 1339 2836 1610 2891; x_wconf 91' lang='lat' dir='ltr'><strong>Zenonem</strong></span> <span class='ocrx_word' id='word_1_307' title='bbox 1662 2847 1893 2905; x_wconf 87' lang='lat' dir='ltr'><strong>patrem,</strong></span> <span class='ocrx_word' id='word_1_308' title='bbox 1931 2851 2023 2890; x_wconf 89' lang='lat' dir='ltr'><strong>as-</strong></span> 
     </span>
    </p>
   </div>
   <div class='ocr_carea' id='block_1_47' title="bbox 446 2930 2021 2998">
    <p class='ocr_par' dir='ltr' id='par_1_47' title="bbox 446 2930 2021 2998">
     <span class='ocr_line' id='line_1_47' title="bbox 446 2930 2021 2998; baseline 0.001 -17"><span class='ocrx_word' id='word_1_309' title='bbox 446 2930 721 2983; x_wconf 89' lang='lat' dir='ltr'><strong>sentiente</strong></span> <span class='ocrx_word' id='word_1_310' title='bbox 745 2939 958 2995; x_wconf 81' lang='lat' dir='ltr'><strong>senatu,</strong></span> <span class='ocrx_word' id='word_1_311' title='bbox 1039 2945 1161 2984; x_wconf 86' lang='lat' dir='ltr'><strong>esse</strong></span> <span class='ocrx_word' id='word_1_312' title='bbox 1235 2931 1618 2998; x_wconf 84' lang='lat' dir='ltr'><strong>imperatorem</strong></span> <span class='ocrx_word' id='word_1_313' title='bbox 1680 2941 2021 2983; x_wconf 90' lang='lat' dir='ltr'><strong>coronatum.</strong></span> 
     </span>
    </p>
   </div>
   <div class='ocr_carea' id='block_1_48' title="bbox 447 3020 2025 3091">
    <p class='ocr_par' dir='ltr' id='par_1_48' title="bbox 447 3020 2025 3091">
     <span class='ocr_line' id='line_1_48' title="bbox 447 3020 2025 3091; baseline 0 -17"><span class='ocrx_word' id='word_1_314' title='bbox 447 3020 586 3075; x_wconf 74' lang='lat' dir='ltr'><strong>Hinc</strong></span> <span class='ocrx_word' id='word_1_315' title='bbox 620 3021 929 3075; x_wconf 83' lang='lat' dir='ltr'><strong>Isaurorum</strong></span> <span class='ocrx_word' id='word_1_316' title='bbox 977 3030 1208 3075; x_wconf 85' lang='lat' dir='ltr'><strong>stemma</strong></span> <span class='ocrx_word' id='word_1_317' title='bbox 1247 3037 1341 3091; x_wconf 89' lang='lat' dir='ltr'><strong>per</strong></span> <span class='ocrx_word' id='word_1_318' title='bbox 1386 3024 1557 3076; x_wconf 90' lang='lat' dir='ltr'><strong>series</strong></span> <span class='ocrx_word' id='word_1_319' title='bbox 1605 3022 1898 3091; x_wconf 89' lang='lat' dir='ltr'><strong>descripsit</strong></span> <span class='ocrx_word' id='word_1_320' title='bbox 1927 3038 2025 3074; x_wconf 90' lang='lat' dir='ltr'><strong>au-</strong></span> 
     </span>
    </p>
   </div>
   <div class='ocr_carea' id='block_1_49' title="bbox 451 3112 2026 3182">
    <p class='ocr_par' dir='ltr' id='par_1_49' title="bbox 451 3112 2026 3182">
     <span class='ocr_line' id='line_1_49' title="bbox 451 3112 2026 3182; baseline 0.001 -17"><span class='ocrx_word' id='word_1_321' title='bbox 451 3125 593 3178; x_wconf 81' lang='lat' dir='ltr'><strong>ctor,</strong></span> <span class='ocrx_word' id='word_1_322' title='bbox 655 3123 818 3180; x_wconf 89' lang='lat' dir='ltr'><strong>atque</strong></span> <span class='ocrx_word' id='word_1_323' title='bbox 864 3113 987 3168; x_wconf 93' lang='lat' dir='ltr'><strong>illos</strong></span> <span class='ocrx_word' id='word_1_324' title='bbox 1034 3128 1157 3168; x_wconf 83' lang='lat' dir='ltr'><strong>esse</strong></span> <span class='ocrx_word' id='word_1_325' title='bbox 1206 3112 1347 3169; x_wconf 86' lang='lat' dir='ltr'><strong>Esau</strong></span> <span class='ocrx_word' id='word_1_326' title='bbox 1383 3123 1626 3182; x_wconf 91' lang='lat' dir='ltr'><strong>posteros</strong></span> <span class='ocrx_word' id='word_1_327' title='bbox 1675 3129 1738 3169; x_wconf 90' lang='lat' dir='ltr'><strong>ac</strong></span> <span class='ocrx_word' id='word_1_328' title='bbox 1789 3114 2026 3169; x_wconf 90' lang='lat' dir='ltr'><strong>sobolem</strong></span> 
     </span>
    </p>
   </div>
   <div class='ocr_carea' id='block_1_50' title="bbox 447 3172 2098 3272">
    <p class='ocr_par' dir='ltr' id='par_1_50' title="bbox 447 3172 2098 3272">
     <span class='ocr_line' id='line_1_50' title="bbox 447 3172 2098 3272; baseline 0.001 -16"><span class='ocrx_word' id='word_1_329' title='bbox 447 3204 692 3258; x_wconf 77' lang='lat' dir='ltr'><strong>Studiose</strong></span> <span class='ocrx_word' id='word_1_330' title='bbox 725 3205 1054 3272; x_wconf 83' lang='lat' dir='ltr'><strong>persuadere</strong></span> <span class='ocrx_word' id='word_1_331' title='bbox 1080 3215 1330 3258; x_wconf 88' lang='lat' dir='ltr'><strong>conatur.</strong></span> <span class='ocrx_word' id='word_1_332' title='bbox 1367 3203 1441 3259; x_wconf 89' lang='lat' dir='ltr'><strong>Ut</strong></span> <span class='ocrx_word' id='word_1_333' title='bbox 1475 3218 1503 3255; x_wconf 90' lang='lat' dir='ltr'><strong>a</strong></span> <span class='ocrx_word' id='word_1_334' title='bbox 1542 3202 1738 3256; x_wconf 84' lang='lat' dir='ltr'><strong>Verina</strong></span> <span class='ocrx_word' id='word_1_335' title='bbox 1767 3205 2027 3270; x_wconf 86' lang='lat' dir='ltr'><strong>deceptus</strong></span> <span class='ocrx_word' id='word_1_336' title='bbox 2056 3172 2098 3228; x_wconf 62' lang='grc' dir='ltr'>Ο</span> 
     </span>
    </p>
   </div>
   <div class='ocr_carea' id='block_1_51' title="bbox 449 3295 2029 3368">
    <p class='ocr_par' dir='ltr' id='par_1_51' title="bbox 449 3295 2029 3368">
     <span class='ocr_line' id='line_1_51' title="bbox 449 3295 2029 3368; baseline 0 -19"><span class='ocrx_word' id='word_1_337' title='bbox 449 3296 632 3350; x_wconf 92' lang='lat' dir='ltr'><strong>Zeuou</strong></span> <span class='ocrx_word' id='word_1_338' title='bbox 669 3296 804 3368; x_wconf 82' lang='lat'><strong>(96),</strong></span> <span class='ocrx_word' id='word_1_339' title='bbox 840 3297 1038 3366; x_wconf 87' lang='lat' dir='ltr'><strong>fugerit</strong></span> <span class='ocrx_word' id='word_1_340' title='bbox 1086 3312 1210 3350; x_wconf 86' lang='lat' dir='ltr'><strong>cum</strong></span> <span class='ocrx_word' id='word_1_341' title='bbox 1264 3311 1440 3350; x_wconf 80' lang='lat' dir='ltr'><strong>uxore</strong></span> <span class='ocrx_word' id='word_1_342' title='bbox 1483 3312 1544 3350; x_wconf 87' lang='lat' dir='ltr'><strong>ac</strong></span> <span class='ocrx_word' id='word_1_343' title='bbox 1587 3305 1759 3350; x_wconf 85' lang='lat' dir='ltr'><strong>matre</strong></span> <span class='ocrx_word' id='word_1_344' title='bbox 1780 3313 1843 3349; x_wconf 83' lang='lat' dir='ltr'><strong>ex</strong></span> <span class='ocrx_word' id='word_1_345' title='bbox 1875 3295 2029 3360; x_wconf 91' lang='lat' dir='ltr'><strong>urbe,</strong></span> 
     </span>
    </p>
   </div>
   <div class='ocr_carea' id='block_1_52' title="bbox 450 3385 2035 3457">
    <p class='ocr_par' dir='ltr' id='par_1_52' title="bbox 450 3385 2035 3457">
     <span class='ocr_line' id='line_1_52' title="bbox 450 3385 2035 3457; baseline -0.003 -15"><span class='ocrx_word' id='word_1_346' title='bbox 450 3388 826 3457; x_wconf 91' lang='lat' dir='ltr'><strong>imperioque:</strong></span> <span class='ocrx_word' id='word_1_347' title='bbox 860 3399 1024 3456; x_wconf 91' lang='lat' dir='ltr'><strong>utque</strong></span> <span class='ocrx_word' id='word_1_348' title='bbox 1068 3386 1270 3441; x_wconf 86' lang='lat' dir='ltr'><strong>Verina</strong></span> <span class='ocrx_word' id='word_1_349' title='bbox 1308 3402 1405 3456; x_wconf 89' lang='lat' dir='ltr'><strong>spe</strong></span> <span class='ocrx_word' id='word_1_350' title='bbox 1449 3387 1774 3456; x_wconf 79' lang='lat' dir='ltr'><strong>adjungeudi</strong></span> <span class='ocrx_word' id='word_1_351' title='bbox 1799 3387 1898 3441; x_wconf 89' lang='lat' dir='ltr'><strong>sibi</strong></span> <span class='ocrx_word' id='word_1_352' title='bbox 1932 3385 2035 3439; x_wconf 87' lang='lat' dir='ltr'><strong>Pa-</strong></span> 
     </span>
    </p>
   </div>
   <div class='ocr_carea' id='block_1_53' title="bbox 451 3478 2031 3548">
    <p class='ocr_par' dir='ltr' id='par_1_53' title="bbox 451 3478 2031 3548">
     <span class='ocr_line' id='line_1_53' title="bbox 451 3478 2031 3548; baseline -0.001 -16"><span class='ocrx_word' id='word_1_353' title='bbox 451 3479 668 3534; x_wconf 90' lang='lat' dir='ltr'><strong>tricium</strong></span> <span class='ocrx_word' id='word_1_354' title='bbox 703 3479 1040 3546; x_wconf 84' lang='lat' dir='ltr'><strong>magistrum,</strong></span> <span class='ocrx_word' id='word_1_355' title='bbox 1079 3478 1304 3548; x_wconf 90' lang='lat' dir='ltr'><strong>foreque</strong></span> <span class='ocrx_word' id='word_1_356' title='bbox 1328 3490 1389 3532; x_wconf 87' lang='lat' dir='ltr'><strong>ut</strong></span> <span class='ocrx_word' id='word_1_357' title='bbox 1419 3478 1738 3546; x_wconf 89' lang='lat' dir='ltr'><strong>imperaret,</strong></span> <span class='ocrx_word' id='word_1_358' title='bbox 1774 3493 2031 3547; x_wconf 85' lang='lat' dir='ltr'><strong>generum</strong></span> 
     </span>
    </p>
   </div>
   <div class='ocr_carea' id='block_1_54' title="bbox 451 3568 2034 3643">
    <p class='ocr_par' dir='ltr' id='par_1_54' title="bbox 451 3568 2034 3643">
     <span class='ocr_line' id='line_1_54' title="bbox 451 3568 2034 3643; baseline -0.002 -18"><span class='ocrx_word' id='word_1_359' title='bbox 451 3587 610 3625; x_wconf 88' lang='lat' dir='ltr'><strong>suum</strong></span> <span class='ocrx_word' id='word_1_360' title='bbox 643 3569 966 3643; x_wconf 82' lang='lat' dir='ltr'><strong>[Zenonem]</strong></span> <span class='ocrx_word' id='word_1_361' title='bbox 1000 3568 1387 3640; x_wconf 90' lang='lat' dir='ltr'><strong>fugaveritper</strong></span> <span class='ocrx_word' id='word_1_362' title='bbox 1407 3568 1676 3631; x_wconf 84' lang='lat' dir='ltr'><strong>fraudem,</strong></span> <span class='ocrx_word' id='word_1_363' title='bbox 1709 3584 1828 3637; x_wconf 68' lang='lat' dir='ltr'><strong>qua:</strong></span> <span class='ocrx_word' id='word_1_364' title='bbox 1857 3578 2034 3622; x_wconf 82' lang='lat' dir='ltr'><strong>tamen</strong></span> 
     </span>
    </p>
   </div>
   <div class='ocr_carea' id='block_1_55' title="bbox 452 3660 2034 3730">
    <p class='ocr_par' dir='ltr' id='par_1_55' title="bbox 452 3660 2034 3730">
     <span class='ocr_line' id='line_1_55' title="bbox 452 3660 2034 3730; baseline -0.003 -13"><span class='ocrx_word' id='word_1_365' title='bbox 452 3677 578 3730; x_wconf 78' lang='lat' dir='ltr'><strong>spes</strong></span> <span class='ocrx_word' id='word_1_366' title='bbox 602 3679 722 3716; x_wconf 88' lang='lat' dir='ltr'><strong>eam</strong></span> <span class='ocrx_word' id='word_1_367' title='bbox 755 3662 1028 3726; x_wconf 82' lang='lat' dir='ltr'><strong>fefellerit,</strong></span> <span class='ocrx_word' id='word_1_368' title='bbox 1055 3678 1175 3716; x_wconf 90' lang='lat' dir='ltr'><strong>cum</strong></span> <span class='ocrx_word' id='word_1_369' title='bbox 1207 3662 1264 3727; x_wconf 92' lang='lat' dir='ltr'><strong>ii,</strong></span> <span class='ocrx_word' id='word_1_370' title='bbox 1297 3662 1387 3730; x_wconf 88' lang='lat' dir='ltr'><strong>qui</strong></span> <span class='ocrx_word' id='word_1_371' title='bbox 1415 3662 1468 3715; x_wconf 89' lang='lat' dir='ltr'><strong>in</strong></span> <span class='ocrx_word' id='word_1_372' title='bbox 1498 3660 1822 3729; x_wconf 80' lang='lat' dir='ltr'><strong>magistratu</strong></span> <span class='ocrx_word' id='word_1_373' title='bbox 1854 3667 2034 3724; x_wconf 90' lang='lat' dir='ltr'><strong>erant,</strong></span> 
     </span>
    </p>
   </div>
   <div class='ocr_carea' id='block_1_56' title="bbox 453 3750 2041 3821">
    <p class='ocr_par' dir='ltr' id='par_1_56' title="bbox 453 3750 2041 3821">
     <span class='ocr_line' id='line_1_56' title="bbox 453 3750 2041 3821; baseline 0 -16"><span class='ocrx_word' id='word_1_374' title='bbox 453 3752 786 3807; x_wconf 76' lang='lat' dir='ltr'><strong>Basiliswm</strong></span> <span class='ocrx_word' id='word_1_375' title='bbox 840 3754 960 3821; x_wconf 89' lang='lat' dir='ltr'><strong>ejus</strong></span> <span class='ocrx_word' id='word_1_376' title='bbox 1031 3750 1258 3805; x_wconf 87' lang='lat' dir='ltr'><strong>fratrem</strong></span> <span class='ocrx_word' id='word_1_377' title='bbox 1321 3753 1707 3820; x_wconf 90' lang='lat' dir='ltr'><strong>imperatorem</strong></span> <span class='ocrx_word' id='word_1_378' title='bbox 1766 3753 2041 3805; x_wconf 84' lang='lat' dir='ltr'><strong>renuntia-</strong></span> 
     </span>
    </p>
   </div>
   <div class='ocr_carea' id='block_1_57' title="bbox 457 3841 2038 3913">
    <p class='ocr_par' dir='ltr' id='par_1_57' title="bbox 457 3841 2038 3913">
     <span class='ocr_line' id='line_1_57' title="bbox 457 3841 2038 3913; baseline 0 -16"><span class='ocrx_word' id='word_1_379' title='bbox 457 3854 602 3897; x_wconf 88' lang='lat' dir='ltr'><strong>runt.</strong></span> <span class='ocrx_word' id='word_1_380' title='bbox 640 3844 713 3896; x_wconf 85' lang='lat' dir='ltr'><strong>De</strong></span> <span class='ocrx_word' id='word_1_381' title='bbox 741 3843 1048 3896; x_wconf 84' lang='lat' dir='ltr'><strong>Isaurorum</strong></span> <span class='ocrx_word' id='word_1_382' title='bbox 1082 3843 1383 3898; x_wconf 89' lang='lat' dir='ltr'><strong>incredibili</strong></span> <span class='ocrx_word' id='word_1_383' title='bbox 1437 3841 2038 3913; x_wconf 88' lang='lat' dir='ltr'><strong>Constantinopolitana</strong></span> 
     </span>
    </p>
   </div>
   <div class='ocr_carea' id='block_1_58' title="bbox 457 3935 2043 4004">
    <p class='ocr_par' dir='ltr' id='par_1_58' title="bbox 457 3935 2043 4004">
     <span class='ocr_line' id='line_1_58' title="bbox 457 3935 2043 4004; baseline 0.001 -16"><span class='ocrx_word' id='word_1_384' title='bbox 457 3935 511 3989; x_wconf 92' lang='lat' dir='ltr'><strong>iu</strong></span> <span class='ocrx_word' id='word_1_385' title='bbox 542 3936 674 3990; x_wconf 92' lang='lat' dir='ltr'><strong>urbe</strong></span> <span class='ocrx_word' id='word_1_386' title='bbox 701 3936 868 3999; x_wconf 65' lang='lat' dir='ltr'><strong>caede,</strong></span> <span class='ocrx_word' id='word_1_387' title='bbox 892 3943 1059 4003; x_wconf 84' lang='lat' dir='ltr'><strong>utque</strong></span> <span class='ocrx_word' id='word_1_388' title='bbox 1085 3945 1205 4004; x_wconf 93' lang='lat' dir='ltr'><strong>post</strong></span> <span class='ocrx_word' id='word_1_389' title='bbox 1251 3947 1498 4004; x_wconf 91' lang='lat' dir='ltr'><strong>nepotem</strong></span> <span class='ocrx_word' id='word_1_390' title='bbox 1534 3936 1902 3991; x_wconf 79' lang='lat' dir='ltr'><strong>Romanorum</strong></span> <span class='ocrx_word' id='word_1_391' title='bbox 1939 3936 2043 3989; x_wconf 92' lang='lat' dir='ltr'><strong>im-</strong></span> 
     </span>
    </p>
   </div>
   <div class='ocr_carea' id='block_1_59' title="bbox 459 4026 2044 4096">
    <p class='ocr_par' dir='ltr' id='par_1_59' title="bbox 459 4026 2044 4096">
     <span class='ocr_line' id='line_1_59' title="bbox 459 4026 2044 4096; baseline -0.001 -17"><span class='ocrx_word' id='word_1_392' title='bbox 459 4035 793 4094; x_wconf 88' lang='lat' dir='ltr'><strong>peratorem,</strong></span> <span class='ocrx_word' id='word_1_393' title='bbox 844 4026 1069 4080; x_wconf 76' lang='lat' dir='ltr'><strong>Orestes</strong></span> <span class='ocrx_word' id='word_1_394' title='bbox 1144 4035 1296 4094; x_wconf 87' lang='lat' dir='ltr'><strong>pater</strong></span> <span class='ocrx_word' id='word_1_395' title='bbox 1363 4026 1725 4096; x_wconf 87' lang='lat' dir='ltr'><strong>Augustulum</strong></span> <span class='ocrx_word' id='word_1_396' title='bbox 1797 4027 2044 4080; x_wconf 85' lang='lat' dir='ltr'><strong>Romano</strong></span> 
     </span>
    </p>
   </div>
   <div class='ocr_carea' id='block_1_60' title="bbox 458 4117 2045 4188">
    <p class='ocr_par' dir='ltr' id='par_1_60' title="bbox 458 4117 2045 4188">
     <span class='ocr_line' id='line_1_60' title="bbox 458 4117 2045 4188; baseline -0.001 -16"><span class='ocrx_word' id='word_1_397' title='bbox 458 4117 764 4187; x_wconf 65' lang='lat' dir='ltr'><strong>praefecerit</strong></span> <span class='ocrx_word' id='word_1_398' title='bbox 811 4118 1060 4187; x_wconf 87' lang='lat' dir='ltr'><strong>imperio.</strong></span> <span class='ocrx_word' id='word_1_399' title='bbox 1101 4118 1168 4172; x_wconf 84' lang='lat' dir='ltr'><strong>Et</strong></span> <span class='ocrx_word' id='word_1_400' title='bbox 1215 4119 1333 4173; x_wconf 75' lang='lat' dir='ltr'><strong>lucc</strong></span> <span class='ocrx_word' id='word_1_401' title='bbox 1369 4119 1485 4174; x_wconf 84' lang='lat' dir='ltr'><strong>fere</strong></span> <span class='ocrx_word' id='word_1_402' title='bbox 1531 4119 1668 4174; x_wconf 90' lang='lat' dir='ltr'><strong>libro</strong></span> <span class='ocrx_word' id='word_1_403' title='bbox 1703 4119 1878 4188; x_wconf 89' lang='lat' dir='ltr'><strong>primo</strong></span> <span class='ocrx_word' id='word_1_404' title='bbox 1921 4133 2045 4171; x_wconf 86' lang='lat' dir='ltr'><strong>uar-</strong></span> 
     </span>
    </p>
   </div>
   <div class='ocr_carea' id='block_1_61' title="bbox 462 4205 1006 4265">
    <p class='ocr_par' dir='ltr' id='par_1_61' title="bbox 462 4205 1006 4265">
     <span class='ocr_line' id='line_1_61' title="bbox 462 4205 1006 4265; baseline -0.006 0"><span class='ocrx_word' id='word_1_405' title='bbox 462 4219 546 4265; x_wconf 88' lang='lat' dir='ltr'><strong>rat</strong></span> <span class='ocrx_word' id='word_1_406' title='bbox 576 4209 874 4265; x_wconf 88' lang='lat' dir='ltr'><strong>Candidus.</strong></span> <span class='ocrx_word' id='word_1_407' title='bbox 996 4205 1006 4214; x_wconf 82' lang='lat'>&#39;</span> 
     </span>
    </p>
   </div>
   <div class='ocr_carea' id='block_1_62' title="bbox 534 4303 2044 4373">
    <p class='ocr_par' dir='ltr' id='par_1_62' title="bbox 534 4303 2044 4373">
     <span class='ocr_line' id='line_1_62' title="bbox 534 4303 2044 4373; baseline 0 -17"><span class='ocrx_word' id='word_1_408' title='bbox 534 4305 721 4357; x_wconf 84' lang='lat' dir='ltr'><strong>Altero</strong></span> <span class='ocrx_word' id='word_1_409' title='bbox 773 4319 902 4358; x_wconf 89' lang='lat' dir='ltr'><strong>vero</strong></span> <span class='ocrx_word' id='word_1_410' title='bbox 959 4303 1097 4358; x_wconf 91' lang='lat' dir='ltr'><strong>libro</strong></span> <span class='ocrx_word' id='word_1_411' title='bbox 1146 4303 1277 4359; x_wconf 85' lang='lat' dir='ltr'><strong>ista.</strong></span> <span class='ocrx_word' id='word_1_412' title='bbox 1316 4303 1586 4359; x_wconf 88' lang='lat' dir='ltr'><strong>Patricius</strong></span> <span class='ocrx_word' id='word_1_413' title='bbox 1637 4305 1912 4373; x_wconf 80' lang='lat' dir='ltr'><strong>magister,</strong></span> <span class='ocrx_word' id='word_1_414' title='bbox 1953 4304 2044 4371; x_wconf 90' lang='lat' dir='ltr'><strong>qui</strong></span> 
     </span>
    </p>
   </div>
   <div class='ocr_carea' id='block_1_63' title="bbox 465 4396 2050 4463">
    <p class='ocr_par' dir='ltr' id='par_1_63' title="bbox 465 4396 2050 4463">
     <span class='ocr_line' id='line_1_63' title="bbox 465 4396 2050 4463; baseline 0.001 -16"><span class='ocrx_word' id='word_1_415' title='bbox 465 4411 588 4449; x_wconf 79' lang='lat' dir='ltr'><strong>cum</strong></span> <span class='ocrx_word' id='word_1_416' title='bbox 649 4396 843 4449; x_wconf 77' lang='lat' dir='ltr'><strong>Verina</strong></span> <span class='ocrx_word' id='word_1_417' title='bbox 908 4397 1360 4449; x_wconf 86' lang='lat' dir='ltr'><strong>consuetmlinem</strong></span> <span class='ocrx_word' id='word_1_418' title='bbox 1421 4397 1674 4463; x_wconf 88' lang='lat' dir='ltr'><strong>habebat,</strong></span> <span class='ocrx_word' id='word_1_419' title='bbox 1733 4397 2050 4462; x_wconf 82' lang='lat' dir='ltr'><strong>indignante</strong></span> 
     </span>
    </p>
   </div>
   <div class='ocr_carea' id='block_1_64' title="bbox 465 4487 2047 4558">
    <p class='ocr_par' dir='ltr' id='par_1_64' title="bbox 465 4487 2047 4558">
     <span class='ocr_line' id='line_1_64' title="bbox 465 4487 2047 4558; baseline 0.002 -16"><span class='ocrx_word' id='word_1_420' title='bbox 465 4489 584 4558; x_wconf 85' lang='lat' dir='ltr'><strong>ipso</strong></span> <span class='ocrx_word' id='word_1_421' title='bbox 613 4487 898 4552; x_wconf 84' lang='lat' dir='ltr'><strong>Basilisco,</strong></span> <span class='ocrx_word' id='word_1_422' title='bbox 938 4488 1118 4557; x_wconf 89' lang='lat' dir='ltr'><strong>periit.</strong></span> <span class='ocrx_word' id='word_1_423' title='bbox 1152 4487 1454 4558; x_wconf 85' lang='lat' dir='ltr'><strong>Eapropter</strong></span> <span class='ocrx_word' id='word_1_424' title='bbox 1485 4489 1537 4542; x_wconf 91' lang='lat' dir='ltr'><strong>in</strong></span> <span class='ocrx_word' id='word_1_425' title='bbox 1579 4489 1806 4544; x_wconf 84' lang='lat' dir='ltr'><strong>fratrem</strong></span> <span class='ocrx_word' id='word_1_426' title='bbox 1847 4490 2047 4545; x_wconf 77' lang='lat' dir='ltr'><strong>Verina</strong></span> 
     </span>
    </p>
   </div>
   <div class='ocr_carea' id='block_1_65' title="bbox 464 4581 2051 4652">
    <p class='ocr_par' dir='ltr' id='par_1_65' title="bbox 464 4581 2051 4652">
     <span class='ocr_line' id='line_1_65' title="bbox 464 4581 2051 4652; baseline 0.001 -18"><span class='ocrx_word' id='word_1_427' title='bbox 464 4583 590 4635; x_wconf 86' lang='lat' dir='ltr'><strong>odio</strong></span> <span class='ocrx_word' id='word_1_428' title='bbox 622 4590 905 4650; x_wconf 85' lang='lat' dir='ltr'><strong>concepto,</strong></span> <span class='ocrx_word' id='word_1_429' title='bbox 959 4597 1022 4636; x_wconf 88' lang='lat' dir='ltr'><strong>ac</strong></span> <span class='ocrx_word' id='word_1_430' title='bbox 1063 4581 1337 4636; x_wconf 91' lang='lat' dir='ltr'><strong>Zenonem</strong></span> <span class='ocrx_word' id='word_1_431' title='bbox 1365 4584 1558 4652; x_wconf 91' lang='lat' dir='ltr'><strong>opibus</strong></span> <span class='ocrx_word' id='word_1_432' title='bbox 1598 4586 1664 4639; x_wconf 83' lang='lat' dir='ltr'><strong>ad</strong></span> <span class='ocrx_word' id='word_1_433' title='bbox 1720 4598 2051 4652; x_wconf 84' lang='lat' dir='ltr'><strong>recuperan-</strong></span> 
     </span>
    </p>
   </div>
   <div class='ocr_carea' id='block_1_66' title="bbox 467 4675 2050 4745">
    <p class='ocr_par' dir='ltr' id='par_1_66' title="bbox 467 4675 2050 4745">
     <span class='ocr_line' id='line_1_66' title="bbox 467 4675 2050 4745; baseline 0.002 -19"><span class='ocrx_word' id='word_1_434' title='bbox 467 4676 598 4727; x_wconf 89' lang='lat' dir='ltr'><strong>dum</strong></span> <span class='ocrx_word' id='word_1_435' title='bbox 627 4675 913 4744; x_wconf 90' lang='lat' dir='ltr'><strong>imperium</strong></span> <span class='ocrx_word' id='word_1_436' title='bbox 956 4675 1246 4744; x_wconf 88' lang='lat' dir='ltr'><strong>adjuvans,</strong></span> <span class='ocrx_word' id='word_1_437' title='bbox 1293 4687 1534 4730; x_wconf 81' lang='lat' dir='ltr'><strong>extrema</strong></span> <span class='ocrx_word' id='word_1_438' title='bbox 1565 4691 1793 4745; x_wconf 77' lang='lat' dir='ltr'><strong>quzeque</strong></span> <span class='ocrx_word' id='word_1_439' title='bbox 1826 4692 1853 4728; x_wconf 89' lang='lat' dir='ltr'><strong>a</strong></span> <span class='ocrx_word' id='word_1_440' title='bbox 1881 4675 2050 4729; x_wconf 79' lang='lat' dir='ltr'><strong>fratre</strong></span> 
     </span>
    </p>
   </div>
   <div class='ocr_carea' id='block_1_67' title="bbox 470 4765 2049 4836">
    <p class='ocr_par' dir='ltr' id='par_1_67' title="bbox 470 4765 2049 4836">
     <span class='ocr_line' id='line_1_67' title="bbox 470 4765 2049 4836; baseline 0.003 -17"><span class='ocrx_word' id='word_1_441' title='bbox 470 4765 716 4833; x_wconf 87' lang='lat' dir='ltr'><strong>pertulit,</strong></span> <span class='ocrx_word' id='word_1_442' title='bbox 759 4781 823 4819; x_wconf 89' lang='lat' dir='ltr'><strong>ac</strong></span> <span class='ocrx_word' id='word_1_443' title='bbox 861 4767 963 4821; x_wconf 88' lang='lat' dir='ltr'><strong>nisi</strong></span> <span class='ocrx_word' id='word_1_444' title='bbox 997 4782 1028 4821; x_wconf 92' lang='lat' dir='ltr'><strong>e</strong></span> <span class='ocrx_word' id='word_1_445' title='bbox 1062 4767 1261 4836; x_wconf 91' lang='lat' dir='ltr'><strong>templo</strong></span> <span class='ocrx_word' id='word_1_446' title='bbox 1305 4767 1568 4822; x_wconf 88' lang='lat' dir='ltr'><strong>Armatus</strong></span> <span class='ocrx_word' id='word_1_447' title='bbox 1603 4783 1723 4820; x_wconf 83' lang='lat' dir='ltr'><strong>eam</strong></span> <span class='ocrx_word' id='word_1_448' title='bbox 1751 4768 1890 4822; x_wconf 91' lang='lat' dir='ltr'><strong>clam</strong></span> <span class='ocrx_word' id='word_1_449' title='bbox 1917 4770 2049 4823; x_wconf 89' lang='lat' dir='ltr'><strong>sub-</strong></span> 
     </span>
    </p>
   </div>
   <div class='ocr_carea' id='block_1_68' title="bbox 473 4857 2050 4928">
    <p class='ocr_par' dir='ltr' id='par_1_68' title="bbox 473 4857 2050 4928">
     <span class='ocr_line' id='line_1_68' title="bbox 473 4857 2050 4928; baseline 0.004 -21"><span class='ocrx_word' id='word_1_450' title='bbox 473 4857 742 4921; x_wconf 79' lang='lat' dir='ltr'><strong>duxisset,</strong></span> <span class='ocrx_word' id='word_1_451' title='bbox 789 4857 931 4912; x_wconf 87' lang='lat' dir='ltr'><strong>forte</strong></span> <span class='ocrx_word' id='word_1_452' title='bbox 982 4867 1041 4912; x_wconf 92' lang='lat' dir='ltr'><strong>et</strong></span> <span class='ocrx_word' id='word_1_453' title='bbox 1095 4860 1209 4928; x_wconf 90' lang='lat' dir='ltr'><strong>ipsa</strong></span> <span class='ocrx_word' id='word_1_454' title='bbox 1265 4874 1296 4914; x_wconf 93' lang='lat' dir='ltr'><strong>e</strong></span> <span class='ocrx_word' id='word_1_455' title='bbox 1329 4861 1510 4916; x_wconf 87' lang='lat' dir='ltr'><strong>medio</strong></span> <span class='ocrx_word' id='word_1_456' title='bbox 1562 4861 1773 4915; x_wconf 86' lang='lat' dir='ltr'><strong>sublata</strong></span> <span class='ocrx_word' id='word_1_457' title='bbox 1837 4861 2050 4916; x_wconf 87' lang='lat' dir='ltr'><strong>fuisset.</strong></span> 
     </span>
    </p>
   </div>
   <div class='ocr_carea' id='block_1_69' title="bbox 471 4947 2054 5024">
    <p class='ocr_par' dir='ltr' id='par_1_69' title="bbox 471 4947 2054 5024">
     <span class='ocr_line' id='line_1_69' title="bbox 471 4947 2054 5024; baseline 0.005 -23"><span class='ocrx_word' id='word_1_458' title='bbox 471 4947 606 5001; x_wconf 84' lang='lat' dir='ltr'><strong>Cum</strong></span> <span class='ocrx_word' id='word_1_459' title='bbox 635 4947 881 5002; x_wconf 88' lang='lat' dir='ltr'><strong>Basilisci</strong></span> <span class='ocrx_word' id='word_1_460' title='bbox 910 4952 1104 5004; x_wconf 90' lang='lat' dir='ltr'><strong>deinde</strong></span> <span class='ocrx_word' id='word_1_461' title='bbox 1149 4967 1320 5007; x_wconf 80' lang='lat' dir='ltr'><strong>uxore</strong></span> <span class='ocrx_word' id='word_1_462' title='bbox 1343 4952 1458 5024; x_wconf 84' lang='lat'><strong>(97)</strong></span> <span class='ocrx_word' id='word_1_463' title='bbox 1484 4953 1818 5008; x_wconf 88' lang='lat' dir='ltr'><strong>adulteratus</strong></span> <span class='ocrx_word' id='word_1_464' title='bbox 1855 4955 2054 5009; x_wconf 80' lang='lat' dir='ltr'><strong>Arma-</strong></span> 
     </span>
    </p>
   </div>
   <div class='ocr_carea' id='block_1_70' title="bbox 477 5039 2055 5116">
    <p class='ocr_par' dir='ltr' id='par_1_70' title="bbox 477 5039 2055 5116">
     <span class='ocr_line' id='line_1_70' title="bbox 477 5039 2055 5116; baseline 0.006 -25"><span class='ocrx_word' id='word_1_465' title='bbox 477 5050 584 5103; x_wconf 88' lang='lat' dir='ltr'><strong>tus,</strong></span> <span class='ocrx_word' id='word_1_466' title='bbox 628 5039 694 5092; x_wconf 91' lang='lat' dir='ltr'><strong>ad</strong></span> <span class='ocrx_word' id='word_1_467' title='bbox 737 5055 1006 5094; x_wconf 89' lang='lat' dir='ltr'><strong>summam</strong></span> <span class='ocrx_word' id='word_1_468' title='bbox 1039 5047 1288 5111; x_wconf 89' lang='lat' dir='ltr'><strong>pervenit</strong></span> <span class='ocrx_word' id='word_1_469' title='bbox 1317 5047 1637 5116; x_wconf 88' lang='lat' dir='ltr'><strong>potentiam,</strong></span> <span class='ocrx_word' id='word_1_470' title='bbox 1672 5051 1808 5100; x_wconf 88' lang='lat' dir='ltr'><strong>adeo</strong></span> <span class='ocrx_word' id='word_1_471' title='bbox 1839 5054 1896 5100; x_wconf 92' lang='lat' dir='ltr'><strong>ut</strong></span> <span class='ocrx_word' id='word_1_472' title='bbox 1937 5058 2055 5100; x_wconf 84' lang='lat' dir='ltr'><strong>tau-</strong></span> 
     </span>
    </p>
   </div>
   <div class='ocr_carea' id='block_1_71' title="bbox 473 5129 2052 5207">
    <p class='ocr_par' dir='ltr' id='par_1_71' title="bbox 473 5129 2052 5207">
     <span class='ocr_line' id='line_1_71' title="bbox 473 5129 2052 5207; baseline 0.003 -21"><span class='ocrx_word' id='word_1_473' title='bbox 473 5131 598 5186; x_wconf 88' lang='lat' dir='ltr'><strong>dem</strong></span> <span class='ocrx_word' id='word_1_474' title='bbox 627 5132 676 5184; x_wconf 88' lang='lat' dir='ltr'><strong>ei</strong></span> <span class='ocrx_word' id='word_1_475' title='bbox 711 5129 932 5197; x_wconf 89' lang='lat' dir='ltr'><strong>bellum,</strong></span> <span class='ocrx_word' id='word_1_476' title='bbox 958 5132 1102 5200; x_wconf 92' lang='lat' dir='ltr'><strong>quod</strong></span> <span class='ocrx_word' id='word_1_477' title='bbox 1146 5136 1408 5191; x_wconf 86' lang='lat' dir='ltr'><strong>adversus</strong></span> <span class='ocrx_word' id='word_1_478' title='bbox 1437 5135 1706 5191; x_wconf 86' lang='lat' dir='ltr'><strong>Zenonem</strong></span> <span class='ocrx_word' id='word_1_479' title='bbox 1740 5140 2052 5207; x_wconf 86' lang='lat' dir='ltr'><strong>gerebatur,</strong></span> 
     </span>
    </p>
   </div>
   <div class='ocr_carea' id='block_1_72' title="bbox 2116 1894 3700 1991">
    <p class='ocr_par' dir='ltr' id='par_1_72' title="bbox 2116 1894 3700 1991">
     <span class='ocr_line' id='line_1_72' title="bbox 2116 1894 3700 1991; baseline -0.019 -17"><span class='ocrx_word' id='word_1_480' title='bbox 2116 1921 2332 1991; x_wconf 85' lang='grc' dir='ltr'>νέριχος</span> <span class='ocrx_word' id='word_1_481' title='bbox 2363 1894 2424 1970; x_wconf 80' lang='grc' dir='ltr'><strong>οὐ</strong></span> <span class='ocrx_word' id='word_1_482' title='bbox 2473 1908 2777 1984; x_wconf 85' lang='grc' dir='ltr'>συμπαρὼν</span> <span class='ocrx_word' id='word_1_483' title='bbox 2813 1907 2891 1977; x_wconf 89' lang='grc' dir='ltr'>τῷ</span> <span class='ocrx_word' id='word_1_484' title='bbox 2945 1904 3104 1974; x_wconf 86' lang='grc' dir='ltr'>φύντι</span> <span class='ocrx_word' id='word_1_485' title='bbox 3135 1902 3227 1955; x_wconf 90' lang='grc' dir='ltr'><strong>τὸν</strong></span> <span class='ocrx_word' id='word_1_486' title='bbox 3265 1895 3593 1991; x_wconf 24' lang='grc' dir='ltr'>φόνονλτότε-</span> <span class='ocrx_word' id='word_1_487' title='bbox 3607 1894 3700 1991; x_wconf 67' lang='grc' dir='ltr'>διο</span> 
     </span>
    </p>
   </div>
   <div class='ocr_carea' id='block_1_73' title="bbox 2119 1984 3708 2076">
    <p class='ocr_par' dir='ltr' id='par_1_73' title="bbox 2119 1984 3708 2076">
     <span class='ocr_line' id='line_1_73' title="bbox 2119 1984 3708 2076; baseline -0.018 -13"><span class='ocrx_word' id='word_1_488' title='bbox 2334 2001 2808 2076; x_wconf 82' lang='grc' dir='ltr'>Ταρασικοδίσσαν</span> <span class='ocrx_word' id='word_1_489' title='bbox 2832 1998 2890 2050; x_wconf 87' lang='grc' dir='ltr'>δὲ</span> <span class='ocrx_word' id='word_1_490' title='bbox 2909 1993 3158 2066; x_wconf 85' lang='grc' dir='ltr'>γαμϐρὸν</span> <span class='ocrx_word' id='word_1_491' title='bbox 3188 1989 3419 2059; x_wconf 76' lang='grc' dir='ltr'>θυγατρὶ</span> <span class='ocrx_word' id='word_1_492' title='bbox 3441 1984 3708 2076; x_wconf 79' lang='grc' dir='ltr'>Ἀριάδνῃ</span> 
     </span>
    </p>
   </div>
   <div class='ocr_carea' id='block_1_74' title="bbox 2119 2075 3702 2166">
    <p class='ocr_par' dir='ltr' id='par_1_74' title="bbox 2119 2075 3702 2166">
     <span class='ocr_line' id='line_1_74' title="bbox 2119 2075 3702 2166; baseline -0.019 -12"><span class='ocrx_word' id='word_1_493' title='bbox 2119 2075 2273 2155; x_wconf 78' lang='grc' dir='ltr'>Λέων</span> <span class='ocrx_word' id='word_1_494' title='bbox 2310 2098 2328 2129; x_wconf 83' lang='grc'>¹</span> <span class='ocrx_word' id='word_1_495' title='bbox 2363 2099 2392 2150; x_wconf 91' lang='lat'><strong>6</strong></span> <span class='ocrx_word' id='word_1_496' title='bbox 2423 2075 2690 2166; x_wconf 81' lang='grc' dir='ltr'>βασιλεὺς</span> <span class='ocrx_word' id='word_1_497' title='bbox 2739 2091 3000 2152; x_wconf 86' lang='grc' dir='ltr'>ποιεῖται,</span> <span class='ocrx_word' id='word_1_498' title='bbox 3043 2084 3139 2138; x_wconf 78' lang='grc' dir='ltr'><strong>καὶ</strong></span> <span class='ocrx_word' id='word_1_499' title='bbox 3201 2075 3562 2152; x_wconf 77' lang='grc' dir='ltr'>μετονομάζει</span> <span class='ocrx_word' id='word_1_500' title='bbox 3591 2075 3702 2142; x_wconf 89' lang='grc' dir='ltr'><strong>Ζή-</strong></span> 
     </span>
    </p>
   </div>
   <div class='ocr_carea' id='block_1_75' title="bbox 2120 2166 3707 2261">
    <p class='ocr_par' dir='ltr' id='par_1_75' title="bbox 2120 2166 3707 2261">
     <span class='ocr_line' id='line_1_75' title="bbox 2120 2166 3707 2261; baseline -0.016 -16"><span class='ocrx_word' id='word_1_501' title='bbox 2120 2209 2285 2257; x_wconf 90' lang='grc' dir='ltr'>νωνα,</span> <span class='ocrx_word' id='word_1_502' title='bbox 2314 2186 2623 2261; x_wconf 87' lang='grc' dir='ltr'>στρατηγὸν</span> <span class='ocrx_word' id='word_1_503' title='bbox 2646 2184 2748 2254; x_wconf 83' lang='grc' dir='ltr'>τῆς</span> <span class='ocrx_word' id='word_1_504' title='bbox 2776 2183 2890 2236; x_wconf 85' lang='grc' dir='ltr'>Ἕω</span> <span class='ocrx_word' id='word_1_505' title='bbox 2907 2177 3320 2251; x_wconf 84' lang='grc' dir='ltr'>χειροτονήσας.</span> <span class='ocrx_word' id='word_1_506' title='bbox 3341 2173 3449 2225; x_wconf 73' lang='grc' dir='ltr'>Καὶ</span> <span class='ocrx_word' id='word_1_507' title='bbox 3469 2170 3539 2224; x_wconf 77' lang='grc' dir='ltr'>τὰ</span> <span class='ocrx_word' id='word_1_508' title='bbox 3561 2166 3707 2261; x_wconf 78' lang='grc' dir='ltr'>κατὰ</span> 
     </span>
    </p>
   </div>
   <div class='ocr_carea' id='block_1_76' title="bbox 2119 2258 3706 2354">
    <p class='ocr_par' dir='ltr' id='par_1_76' title="bbox 2119 2258 3706 2354">
     <span class='ocr_line' id='line_1_76' title="bbox 2119 2258 3706 2354; baseline 0.001 -25"><span class='ocrx_word' id='word_1_509' title='bbox 2119 2258 2393 2354; x_wconf 80' lang='grc' dir='ltr'>Ἀφρικὴν</span> <span class='ocrx_word' id='word_1_510' title='bbox 2442 2258 2770 2332; x_wconf 83' lang='grc' dir='ltr'>Βασιλίσκου</span> <span class='ocrx_word' id='word_1_511' title='bbox 2811 2267 3169 2343; x_wconf 84' lang='grc' dir='ltr'>εὐτυχήματά</span> <span class='ocrx_word' id='word_1_512' title='bbox 3197 2282 3256 2318; x_wconf 88' lang='grc' dir='ltr'><strong>τε</strong></span> <span class='ocrx_word' id='word_1_513' title='bbox 3305 2262 3402 2318; x_wconf 69' lang='grc' dir='ltr'><strong>καὶ</strong></span> <span class='ocrx_word' id='word_1_514' title='bbox 3429 2258 3706 2329; x_wconf 70' lang='grc' dir='ltr'>δυστυχή-</span> 
     </span>
    </p>
   </div>
   <div class='ocr_carea' id='block_1_77' title="bbox 2127 2356 3710 2449">
    <p class='ocr_par' dir='ltr' id='par_1_77' title="bbox 2127 2356 3710 2449">
     <span class='ocr_line' id='line_1_77' title="bbox 2127 2356 3710 2449; baseline -0.017 -18"><span class='ocrx_word' id='word_1_515' title='bbox 2127 2394 2293 2449; x_wconf 86' lang='grc' dir='ltr'>ματα.</span> <span class='ocrx_word' id='word_1_516' title='bbox 2326 2374 2438 2428; x_wconf 71' lang='lat' dir='ltr'><strong>Kai.</strong></span> <span class='ocrx_word' id='word_1_517' title='bbox 2464 2374 2541 2437; x_wconf 80' lang='grc' dir='ltr'>ὡς</span> <span class='ocrx_word' id='word_1_518' title='bbox 2581 2371 2734 2426; x_wconf 86' lang='grc' dir='ltr'>Λέων</span> <span class='ocrx_word' id='word_1_519' title='bbox 2769 2365 2942 2420; x_wconf 89' lang='grc' dir='ltr'>πολλὰ</span> <span class='ocrx_word' id='word_1_520' title='bbox 2983 2359 3268 2432; x_wconf 72' lang='grc' dir='ltr'>βουληθεὶς</span> <span class='ocrx_word' id='word_1_521' title='bbox 3313 2357 3407 2410; x_wconf 81' lang='grc' dir='ltr'><strong>καὶ</strong></span> <span class='ocrx_word' id='word_1_522' title='bbox 3432 2356 3710 2449; x_wconf 66' lang='grc' dir='ltr'>διαμηχα-</span> 
     </span>
    </p>
   </div>
   <div class='ocr_carea' id='block_1_78' title="bbox 2125 2444 3707 2542">
    <p class='ocr_par' dir='ltr' id='par_1_78' title="bbox 2125 2444 3707 2542">
     <span class='ocr_line' id='line_1_78' title="bbox 2125 2444 3707 2542; baseline -0.02 -16"><span class='ocrx_word' id='word_1_523' title='bbox 2125 2444 2431 2542; x_wconf 79' lang='grc' dir='ltr'>νησάμενος</span> <span class='ocrx_word' id='word_1_524' title='bbox 2481 2467 2703 2534; x_wconf 87' lang='grc' dir='ltr'>Ζήνωνα</span> <span class='ocrx_word' id='word_1_525' title='bbox 2729 2460 2822 2515; x_wconf 89' lang='grc' dir='ltr'><strong>τὸν</strong></span> <span class='ocrx_word' id='word_1_526' title='bbox 2865 2456 3117 2528; x_wconf 89' lang='grc' dir='ltr'>γαμϐρὸν</span> <span class='ocrx_word' id='word_1_527' title='bbox 3165 2451 3428 2542; x_wconf 40' lang='grc' dir='ltr'>ἀνει-πεῖν-</span> <span class='ocrx_word' id='word_1_528' title='bbox 3456 2444 3707 2542; x_wconf 75' lang='grc' dir='ltr'>βασιλέα,</span> 
     </span>
    </p>
   </div>
   <div class='ocr_carea' id='block_1_79' title="bbox 2125 2537 3707 2631">
    <p class='ocr_par' dir='ltr' id='par_1_79' title="bbox 2125 2537 3707 2631">
     <span class='ocr_line' id='line_1_79' title="bbox 2125 2537 3707 2631; baseline -0.021 -14"><span class='ocrx_word' id='word_1_529' title='bbox 2125 2537 2235 2617; x_wconf 63' lang='grc' dir='ltr'><strong>των</strong></span> <span class='ocrx_word' id='word_1_530' title='bbox 2249 2537 2507 2631; x_wconf 84' lang='grc' dir='ltr'>πηκόων</span> <span class='ocrx_word' id='word_1_531' title='bbox 2528 2555 2603 2627; x_wconf 86' lang='grc' dir='ltr'>μὴ</span> <span class='ocrx_word' id='word_1_532' title='bbox 2621 2548 3102 2624; x_wconf 84' lang='grc' dir='ltr'>παραδεχομένων,</span> <span class='ocrx_word' id='word_1_533' title='bbox 3123 2541 3248 2604; x_wconf 81' lang='grc'><strong>[176</strong></span> <span class='ocrx_word' id='word_1_534' title='bbox 3271 2540 3364 2612; x_wconf 65' lang='lat'><strong>3.]</strong></span> <span class='ocrx_word' id='word_1_535' title='bbox 3379 2539 3479 2631; x_wconf 56' lang='lat' dir='ltr'><strong>obit</strong></span> <span class='ocrx_word' id='word_1_536' title='bbox 3494 2537 3707 2631; x_wconf 53' lang='lat' dir='ltr'><strong>talpas:</strong></span> 
     </span>
    </p>
   </div>
   <div class='ocr_carea' id='block_1_80' title="bbox 2130 2622 3711 2720">
    <p class='ocr_par' dir='ltr' id='par_1_80' title="bbox 2130 2622 3711 2720">
     <span class='ocr_line' id='line_1_80' title="bbox 2130 2622 3711 2720; baseline -0.021 -12"><span class='ocrx_word' id='word_1_537' title='bbox 2130 2655 2242 2708; x_wconf 75' lang='lat' dir='ltr'><strong>Kal.</strong></span> <span class='ocrx_word' id='word_1_538' title='bbox 2266 2622 2479 2720; x_wconf 53' lang='lat' dir='ltr'><strong>tbC-ﬁtpb</strong></span> <span class='ocrx_word' id='word_1_539' title='bbox 2517 2622 2773 2714; x_wconf 65' lang='grc' dir='ltr'>τελευτῆς</span> <span class='ocrx_word' id='word_1_540' title='bbox 2805 2638 2972 2696; x_wconf 81' lang='grc' dir='ltr'>αὑτοῦ</span> <span class='ocrx_word' id='word_1_541' title='bbox 3014 2637 3108 2690; x_wconf 87' lang='grc' dir='ltr'><strong>τὸν</strong></span> <span class='ocrx_word' id='word_1_542' title='bbox 3139 2634 3361 2702; x_wconf 74' lang='grc' dir='ltr'>ἔγγονον</span> <span class='ocrx_word' id='word_1_543' title='bbox 3404 2628 3521 2720; x_wconf 3' lang='grc' dir='ltr'>μὲν,</span> <span class='ocrx_word' id='word_1_544' title='bbox 3542 2622 3711 2720; x_wconf 73' lang='grc' dir='ltr'>αὐτοῦ</span> 
     </span>
    </p>
   </div>
   <div class='ocr_carea' id='block_1_81' title="bbox 2128 2716 3722 2818">
    <p class='ocr_par' dir='ltr' id='par_1_81' title="bbox 2128 2716 3722 2818">
     <span class='ocr_line' id='line_1_81' title="bbox 2128 2716 3722 2818; baseline -0.021 -17"><span class='ocrx_word' id='word_1_545' title='bbox 2128 2750 2194 2801; x_wconf 81' lang='grc' dir='ltr'>ἐκ</span> <span class='ocrx_word' id='word_1_546' title='bbox 2222 2716 2467 2818; x_wconf 83' lang='grc' dir='ltr'>Ζήνωνος</span> <span class='ocrx_word' id='word_1_547' title='bbox 2486 2739 2658 2808; x_wconf 87' lang='grc' dir='ltr'>φύντα</span> <span class='ocrx_word' id='word_1_548' title='bbox 2673 2739 2740 2807; x_wconf 79' lang='grc' dir='ltr'>τῇ</span> <span class='ocrx_word' id='word_1_549' title='bbox 2759 2731 3014 2805; x_wconf 81' lang='grc' dir='ltr'>Ἀριάδνῃ</span> <span class='ocrx_word' id='word_1_550' title='bbox 3028 2747 3042 2760; x_wconf 76' lang='grc' dir='ltr'><strong>ο</strong></span> <span class='ocrx_word' id='word_1_551' title='bbox 3073 2729 3168 2781; x_wconf 67' lang='grc' dir='ltr'>καὶ</span> <span class='ocrx_word' id='word_1_552' title='bbox 3190 2726 3271 2818; x_wconf 84' lang='grc' dir='ltr'>ὼς</span> <span class='ocrx_word' id='word_1_553' title='bbox 3286 2721 3425 2794; x_wconf 75' lang='grc' dir='ltr'>μετὰ</span> <span class='ocrx_word' id='word_1_554' title='bbox 3451 2716 3722 2818; x_wconf 74' lang='grc' dir='ltr'>τελευτὴν</span> 
     </span>
    </p>
   </div>
   <div class='ocr_carea' id='block_1_82' title="bbox 2130 2810 3717 2901">
    <p class='ocr_par' dir='ltr' id='par_1_82' title="bbox 2130 2810 3717 2901">
     <span class='ocr_line' id='line_1_82' title="bbox 2130 2810 3717 2901; baseline -0.022 -6"><span class='ocrx_word' id='word_1_555' title='bbox 2130 2842 2359 2901; x_wconf 85' lang='grc' dir='ltr'>Λέοντος</span> <span class='ocrx_word' id='word_1_556' title='bbox 2382 2839 2410 2890; x_wconf 95' lang='lat'><strong>6</strong></span> <span class='ocrx_word' id='word_1_557' title='bbox 2437 2837 2564 2896; x_wconf 83' lang='grc' dir='ltr'>παῖς</span> <span class='ocrx_word' id='word_1_558' title='bbox 2587 2832 2738 2886; x_wconf 84' lang='grc' dir='ltr'><strong>Λέων</strong></span> <span class='ocrx_word' id='word_1_559' title='bbox 2770 2829 2997 2898; x_wconf 89' lang='grc' dir='ltr'>Ζήνωνα</span> <span class='ocrx_word' id='word_1_560' title='bbox 3023 2825 3113 2876; x_wconf 77' lang='grc' dir='ltr'><strong>τὸν</strong></span> <span class='ocrx_word' id='word_1_561' title='bbox 3141 2817 3374 2887; x_wconf 83' lang='grc' dir='ltr'>πατέρα,</span> <span class='ocrx_word' id='word_1_562' title='bbox 3406 2810 3717 2866; x_wconf 83' lang='grc' dir='ltr'>συναινέσει</span> 
     </span>
    </p>
   </div>
   <div class='ocr_carea' id='block_1_83' title="bbox 2132 2901 3720 3004">
    <p class='ocr_par' dir='ltr' id='par_1_83' title="bbox 2132 2901 3720 3004">
     <span class='ocr_line' id='line_1_83' title="bbox 2132 2901 3720 3004; baseline -0.023 -17"><span class='ocrx_word' id='word_1_563' title='bbox 2132 2935 2233 3004; x_wconf 82' lang='grc' dir='ltr'>τῆς</span> <span class='ocrx_word' id='word_1_564' title='bbox 2270 2929 2486 3001; x_wconf 81' lang='grc' dir='ltr'>βουλῆς,</span> <span class='ocrx_word' id='word_1_565' title='bbox 2540 2921 2761 2995; x_wconf 78' lang='grc' dir='ltr'>βασιλέα</span> <span class='ocrx_word' id='word_1_566' title='bbox 2789 2920 2809 2950; x_wconf 79' lang='grc'><em>³</em></span> <span class='ocrx_word' id='word_1_567' title='bbox 2836 2915 3051 2984; x_wconf 78' lang='grc' dir='ltr'>ἔστεψε.</span> <span class='ocrx_word' id='word_1_568' title='bbox 3100 2906 3464 3004; x_wconf 66' lang='grc' dir='ltr'>Δεπτομερής</span> <span class='ocrx_word' id='word_1_569' title='bbox 3510 2901 3720 3004; x_wconf 47' lang='lat' dir='ltr'><strong>“aii;</strong></span> 
     </span>
    </p>
   </div>
   <div class='ocr_carea' id='block_1_84' title="bbox 2134 2991 3723 3091">
    <p class='ocr_par' dir='ltr' id='par_1_84' title="bbox 2134 2991 3723 3091">
     <span class='ocr_line' id='line_1_84' title="bbox 2134 2991 3723 3091; baseline -0.025 -11"><span class='ocrx_word' id='word_1_570' title='bbox 2134 2991 2396 3091; x_wconf 76' lang='grc' dir='ltr'>Ἰσαύρων</span> <span class='ocrx_word' id='word_1_571' title='bbox 2418 2991 2770 3088; x_wconf 76' lang='grc' dir='ltr'>γενεαλογίας</span> <span class='ocrx_word' id='word_1_572' title='bbox 2794 3009 3105 3076; x_wconf 75' lang='grc' dir='ltr'>ἀφήγησιςο</span> <span class='ocrx_word' id='word_1_573' title='bbox 3135 3002 3230 3055; x_wconf 67' lang='grc' dir='ltr'><strong>καὶ</strong></span> <span class='ocrx_word' id='word_1_574' title='bbox 3259 3000 3333 3061; x_wconf 85' lang='grc' dir='ltr'><strong>ὡς</strong></span> <span class='ocrx_word' id='word_1_575' title='bbox 3363 2991 3723 3091; x_wconf 42' lang='grc' dir='ltr'>εἴησαν-ἀπό·-</span> 
     </span>
    </p>
   </div>
   <div class='ocr_carea' id='block_1_85' title="bbox 2134 3086 3723 3186">
    <p class='ocr_par' dir='ltr' id='par_1_85' title="bbox 2134 3086 3723 3186">
     <span class='ocr_line' id='line_1_85' title="bbox 2134 3086 3723 3186; baseline -0.023 -15"><span class='ocrx_word' id='word_1_576' title='bbox 2134 3086 2407 3186; x_wconf 26' lang='grc' dir='ltr'>γονοιίτοῦ</span> <span class='ocrx_word' id='word_1_577' title='bbox 2434 3086 2642 3171; x_wconf 15' lang='grc' dir='ltr'>ἽἮσαῦ,</span> <span class='ocrx_word' id='word_1_578' title='bbox 2672 3100 2844 3171; x_wconf 80' lang='grc' dir='ltr'>πολλὴ</span> <span class='ocrx_word' id='word_1_579' title='bbox 2874 3097 3080 3166; x_wconf 87' lang='grc' dir='ltr'>σπουδὴ</span> <span class='ocrx_word' id='word_1_580' title='bbox 3104 3095 3200 3148; x_wconf 70' lang='grc' dir='ltr'><strong>καὶ</strong></span> <span class='ocrx_word' id='word_1_581' title='bbox 3223 3093 3494 3162; x_wconf 88' lang='grc' dir='ltr'>διήγησις.</span> <span class='ocrx_word' id='word_1_582' title='bbox 3525 3086 3723 3186; x_wconf 77' lang='grc' dir='ltr'>Ὅπως</span> 
     </span>
    </p>
   </div>
   <div class='ocr_carea' id='block_1_86' title="bbox 2131 3175 3726 3275">
    <p class='ocr_par' dir='ltr' id='par_1_86' title="bbox 2131 3175 3726 3275">
     <span class='ocr_line' id='line_1_86' title="bbox 2131 3175 3726 3275; baseline -0.022 -13"><span class='ocrx_word' id='word_1_583' title='bbox 2131 3175 2190 3261; x_wconf 70' lang='grc' dir='ltr'><strong>τε</strong></span> <span class='ocrx_word' id='word_1_584' title='bbox 2221 3208 2405 3275; x_wconf 87' lang='grc' dir='ltr'>Ζήνων</span> <span class='ocrx_word' id='word_1_585' title='bbox 2450 3201 2555 3255; x_wconf 84' lang='grc' dir='ltr'><strong>ὑπὸ</strong></span> <span class='ocrx_word' id='word_1_586' title='bbox 2604 3197 2846 3269; x_wconf 87' lang='grc' dir='ltr'>Βηρίνης</span> <span class='ocrx_word' id='word_1_587' title='bbox 2893 3189 3203 3260; x_wconf 74' lang='grc' dir='ltr'>ἀπατηθεὶς</span> <span class='ocrx_word' id='word_1_588' title='bbox 3253 3185 3447 3275; x_wconf 76' lang='grc' dir='ltr'>φεύγει</span> <span class='ocrx_word' id='word_1_589' title='bbox 3480 3175 3726 3275; x_wconf 34' lang='grc' dir='ltr'>-γυναικλ</span> 
     </span>
    </p>
   </div>
   <div class='ocr_carea' id='block_1_87' title="bbox 2136 3267 3728 3371">
    <p class='ocr_par' dir='ltr' id='par_1_87' title="bbox 2136 3267 3728 3371">
     <span class='ocr_line' id='line_1_87' title="bbox 2136 3267 3728 3371; baseline -0.022 -18"><span class='ocrx_word' id='word_1_590' title='bbox 2136 3301 2253 3371; x_wconf 74' lang='grc' dir='ltr'>ἅμα</span> <span class='ocrx_word' id='word_1_591' title='bbox 2284 3267 2386 3349; x_wconf 42' lang='grc' dir='ltr'><strong>’καὶ</strong></span> <span class='ocrx_word' id='word_1_592' title='bbox 2419 3292 2588 3364; x_wconf 70' lang='grc' dir='ltr'>μητρὶ</span> <span class='ocrx_word' id='word_1_593' title='bbox 2619 3267 2718 3361; x_wconf 78' lang='grc' dir='ltr'><strong>τῆς</strong></span> <span class='ocrx_word' id='word_1_594' title='bbox 2766 3286 2978 3346; x_wconf 87' lang='grc' dir='ltr'>πόλεως</span> <span class='ocrx_word' id='word_1_595' title='bbox 3008 3280 3106 3336; x_wconf 75' lang='grc' dir='ltr'>καὶ</span> <span class='ocrx_word' id='word_1_596' title='bbox 3155 3279 3252 3348; x_wconf 78' lang='grc' dir='ltr'>τῆς</span> <span class='ocrx_word' id='word_1_597' title='bbox 3284 3271 3590 3371; x_wconf 51' lang='grc' dir='ltr'>βασιλείας-⁸</span> <span class='ocrx_word' id='word_1_598' title='bbox 3628 3267 3728 3321; x_wconf 71' lang='grc' dir='ltr'>καὶ</span> 
     </span>
    </p>
   </div>
   <div class='ocr_carea' id='block_1_88' title="bbox 2135 3361 3732 3459">
    <p class='ocr_par' dir='ltr' id='par_1_88' title="bbox 2135 3361 3732 3459">
     <span class='ocr_line' id='line_1_88' title="bbox 2135 3361 3732 3459; baseline -0.019 -17"><span class='ocrx_word' id='word_1_599' title='bbox 2135 3361 2209 3452; x_wconf 50' lang='grc' dir='ltr'>ὡς</span> <span class='ocrx_word' id='word_1_600' title='bbox 2244 3361 2476 3459; x_wconf 80' lang='grc' dir='ltr'>Βηρῖνα,</span> <span class='ocrx_word' id='word_1_601' title='bbox 2507 3381 2682 3436; x_wconf 84' lang='grc' dir='ltr'>ὲλπίδι</span> <span class='ocrx_word' id='word_1_602' title='bbox 2708 3378 2801 3432; x_wconf 82' lang='grc' dir='ltr'>τοῦ</span> <span class='ocrx_word' id='word_1_603' title='bbox 2831 3375 3172 3443; x_wconf 81' lang='grc' dir='ltr'>συναφθῆναι</span> <span class='ocrx_word' id='word_1_604' title='bbox 3197 3367 3482 3459; x_wconf 56' lang='grc' dir='ltr'>Πατρικίῳ</span> <span class='ocrx_word' id='word_1_605' title='bbox 3509 3361 3588 3459; x_wconf 50' lang='lat' dir='ltr'><strong>et?)</strong></span> <span class='ocrx_word' id='word_1_606' title='bbox 3608 3377 3732 3459; x_wconf 49' lang='grc' dir='ltr'>ματ</span> 
     </span>
    </p>
   </div>
   <div class='ocr_carea' id='block_1_89' title="bbox 2137 3451 3732 3549">
    <p class='ocr_par' dir='ltr' id='par_1_89' title="bbox 2137 3451 3732 3549">
     <span class='ocr_line' id='line_1_89' title="bbox 2137 3451 3732 3549; baseline -0.018 -16"><span class='ocrx_word' id='word_1_607' title='bbox 2137 3451 2352 3549; x_wconf 63' lang='grc' dir='ltr'>γίστρῷ</span> <span class='ocrx_word' id='word_1_608' title='bbox 2374 3477 2470 3530; x_wconf 70' lang='grc' dir='ltr'>καὶ</span> <span class='ocrx_word' id='word_1_609' title='bbox 2509 3470 2814 3545; x_wconf 82' lang='grc' dir='ltr'>βασιλεύειν</span> <span class='ocrx_word' id='word_1_610' title='bbox 2839 3467 3001 3524; x_wconf 82' lang='grc' dir='ltr'>αὐτὸν</span> <span class='ocrx_word' id='word_1_611' title='bbox 3040 3467 3062 3498; x_wconf 86' lang='grc'><em>³</em></span> <span class='ocrx_word' id='word_1_612' title='bbox 3088 3464 3181 3516; x_wconf 91' lang='grc' dir='ltr'><strong>τὸν</strong></span> <span class='ocrx_word' id='word_1_613' title='bbox 3209 3458 3458 3530; x_wconf 89' lang='grc' dir='ltr'>γαμϐρὸν</span> <span class='ocrx_word' id='word_1_614' title='bbox 3503 3451 3732 3549; x_wconf 31' lang='grc' dir='ltr'>αὐτῆς)</span> 
     </span>
    </p>
   </div>
   <div class='ocr_carea' id='block_1_90' title="bbox 2140 3543 3732 3641">
    <p class='ocr_par' dir='ltr' id='par_1_90' title="bbox 2140 3543 3732 3641">
     <span class='ocr_line' id='line_1_90' title="bbox 2140 3543 3732 3641; baseline -0.019 -15"><span class='ocrx_word' id='word_1_615' title='bbox 2140 3543 2527 3641; x_wconf 66' lang='grc' dir='ltr'>(ρυγαδεύσασα</span> <span class='ocrx_word' id='word_1_616' title='bbox 2557 3566 2616 3632; x_wconf 73' lang='grc' dir='ltr'><strong>ἐξ</strong></span> <span class='ocrx_word' id='word_1_617' title='bbox 2643 3565 2879 3632; x_wconf 86' lang='grc' dir='ltr'>ἀπάτης,</span> <span class='ocrx_word' id='word_1_618' title='bbox 2911 3559 3006 3613; x_wconf 69' lang='grc' dir='ltr'><strong>καὶ</strong></span> <span class='ocrx_word' id='word_1_619' title='bbox 3031 3557 3171 3625; x_wconf 82' lang='grc' dir='ltr'>αὑτὴ</span> <span class='ocrx_word' id='word_1_620' title='bbox 3194 3555 3292 3623; x_wconf 83' lang='grc' dir='ltr'><strong>τῆς</strong></span> <span class='ocrx_word' id='word_1_621' title='bbox 3315 3549 3533 3641; x_wconf 79' lang='grc' dir='ltr'>ἐλπίδος</span> <span class='ocrx_word' id='word_1_622' title='bbox 3556 3543 3732 3641; x_wconf 73' lang='grc' dir='ltr'>ἐσφά-</span> 
     </span>
    </p>
   </div>
   <div class='ocr_carea' id='block_1_91' title="bbox 2138 3638 3736 3735">
    <p class='ocr_par' dir='ltr' id='par_1_91' title="bbox 2138 3638 3736 3735">
     <span class='ocr_line' id='line_1_91' title="bbox 2138 3638 3736 3735; baseline -0.02 -17"><span class='ocrx_word' id='word_1_623' title='bbox 2138 3638 2238 3735; x_wconf 63' lang='grc' dir='ltr'><strong>λη,</strong></span> <span class='ocrx_word' id='word_1_624' title='bbox 2253 3663 2362 3716; x_wconf 83' lang='grc' dir='ltr'><strong>τῶν</strong></span> <span class='ocrx_word' id='word_1_625' title='bbox 2394 3662 2453 3714; x_wconf 83' lang='grc' dir='ltr'>ὲν</span> <span class='ocrx_word' id='word_1_626' title='bbox 2482 3659 2626 3712; x_wconf 89' lang='grc' dir='ltr'>τέλει</span> <span class='ocrx_word' id='word_1_627' title='bbox 2649 3653 2974 3708; x_wconf 85' lang='grc' dir='ltr'>Βασιλίσκον</span> <span class='ocrx_word' id='word_1_628' title='bbox 3004 3649 3096 3701; x_wconf 87' lang='grc' dir='ltr'><strong>τὸν</strong></span> <span class='ocrx_word' id='word_1_629' title='bbox 3128 3645 3300 3714; x_wconf 84' lang='grc' dir='ltr'>αὐτῆς</span> <span class='ocrx_word' id='word_1_630' title='bbox 3323 3640 3553 3735; x_wconf 67' lang='grc' dir='ltr'>ἁδελιρὸν</span> <span class='ocrx_word' id='word_1_631' title='bbox 3581 3638 3704 3689; x_wconf 87' lang='grc' dir='ltr'>ἀνει</span> <span class='ocrx_word' id='word_1_632' title='bbox 3724 3664 3736 3676; x_wconf 89' lang='lat'><strong>-</strong></span> 
     </span>
    </p>
   </div>
   <div class='ocr_carea' id='block_1_92' title="bbox 2142 3730 3736 3822">
    <p class='ocr_par' dir='ltr' id='par_1_92' title="bbox 2142 3730 3736 3822">
     <span class='ocr_line' id='line_1_92' title="bbox 2142 3730 3736 3822; baseline -0.022 -12"><span class='ocrx_word' id='word_1_633' title='bbox 2142 3730 2355 3809; x_wconf 60' lang='grc' dir='ltr'>πάντων</span> <span class='ocrx_word' id='word_1_634' title='bbox 2388 3750 2635 3822; x_wconf 81' lang='grc' dir='ltr'>βασιλέα.</span> <span class='ocrx_word' id='word_1_635' title='bbox 2665 3744 2799 3816; x_wconf 85' lang='grc' dir='ltr'>Περί</span> <span class='ocrx_word' id='word_1_636' title='bbox 2827 3760 2885 3796; x_wconf 87' lang='grc' dir='ltr'><strong>τε</strong></span> <span class='ocrx_word' id='word_1_637' title='bbox 2917 3743 3018 3811; x_wconf 84' lang='grc' dir='ltr'>τῆς</span> <span class='ocrx_word' id='word_1_638' title='bbox 3060 3735 3321 3804; x_wconf 87' lang='grc' dir='ltr'>Ἰσαύρων</span> <span class='ocrx_word' id='word_1_639' title='bbox 3349 3734 3407 3785; x_wconf 82' lang='grc' dir='ltr'><strong>έν</strong></span> <span class='ocrx_word' id='word_1_640' title='bbox 3436 3730 3736 3822; x_wconf 58' lang='grc' dir='ltr'>Κωνσταν-</span> 
     </span>
    </p>
   </div>
   <div class='ocr_carea' id='block_1_93' title="bbox 2141 3817 3739 3910">
    <p class='ocr_par' dir='ltr' id='par_1_93' title="bbox 2141 3817 3739 3910">
     <span class='ocr_line' id='line_1_93' title="bbox 2141 3817 3739 3910; baseline -0.02 -10"><span class='ocrx_word' id='word_1_641' title='bbox 2141 3817 2449 3900; x_wconf 82' lang='grc' dir='ltr'>τινουπόλει</span> <span class='ocrx_word' id='word_1_642' title='bbox 2483 3838 2765 3910; x_wconf 85' lang='grc' dir='ltr'>ἀμυθήτου</span> <span class='ocrx_word' id='word_1_643' title='bbox 2794 3832 3032 3902; x_wconf 80' lang='grc' dir='ltr'>σφαγῆς.</span> <span class='ocrx_word' id='word_1_644' title='bbox 3061 3827 3174 3880; x_wconf 60' lang='lat' dir='ltr'><strong>Kal</strong></span> <span class='ocrx_word' id='word_1_645' title='bbox 3213 3826 3290 3885; x_wconf 84' lang='grc' dir='ltr'>ὡς</span> <span class='ocrx_word' id='word_1_646' title='bbox 3322 3819 3460 3894; x_wconf 77' lang='grc' dir='ltr'>μετὰ</span> <span class='ocrx_word' id='word_1_647' title='bbox 3487 3817 3739 3871; x_wconf 78' lang='grc' dir='ltr'>Νέπωτα</span> 
     </span>
    </p>
   </div>
   <div class='ocr_carea' id='block_1_94' title="bbox 2146 3910 3738 4010">
    <p class='ocr_par' dir='ltr' id='par_1_94' title="bbox 2146 3910 3738 4010">
     <span class='ocr_line' id='line_1_94' title="bbox 2146 3910 3738 4010; baseline -0.02 -19"><span class='ocrx_word' id='word_1_648' title='bbox 2146 3937 2375 4010; x_wconf 86' lang='grc' dir='ltr'>βασιλέα</span> <span class='ocrx_word' id='word_1_649' title='bbox 2421 3935 2642 4000; x_wconf 79' lang='grc' dir='ltr'>Ῥώμης</span> <span class='ocrx_word' id='word_1_650' title='bbox 2687 3921 3097 3994; x_wconf 82' lang='grc' dir='ltr'>Αύγούστουλον</span> <span class='ocrx_word' id='word_1_651' title='bbox 3143 3919 3173 3970; x_wconf 92' lang='lat'><strong>6</strong></span> <span class='ocrx_word' id='word_1_652' title='bbox 3223 3915 3405 3983; x_wconf 85' lang='grc' dir='ltr'>πατὴρ</span> <span class='ocrx_word' id='word_1_653' title='bbox 3467 3910 3738 4010; x_wconf 66' lang='grc' dir='ltr'>Ὀρέστης</span> 
     </span>
    </p>
   </div>
   <div class='ocr_carea' id='block_1_95' title="bbox 2157 3999 3741 4101">
    <p class='ocr_par' dir='ltr' id='par_1_95' title="bbox 2157 3999 3741 4101">
     <span class='ocr_line' id='line_1_95' title="bbox 2157 3999 3741 4101; baseline -0.023 -16"><span class='ocrx_word' id='word_1_654' title='bbox 2157 4030 2381 4101; x_wconf 85' lang='grc' dir='ltr'>Ῥώμης</span> <span class='ocrx_word' id='word_1_655' title='bbox 2417 3999 2819 4094; x_wconf 54' lang='grc' dir='ltr'>,κατεπράξατο</span> <span class='ocrx_word' id='word_1_656' title='bbox 2869 4012 3198 4088; x_wconf 87' lang='grc' dir='ltr'>βασιλεύειν.</span> <span class='ocrx_word' id='word_1_657' title='bbox 3230 4007 3419 4062; x_wconf 81' lang='grc' dir='ltr'>Ταῦτα</span> <span class='ocrx_word' id='word_1_658' title='bbox 3453 4005 3482 4058; x_wconf 86' lang='lat'><strong>6</strong></span> <span class='ocrx_word' id='word_1_659' title='bbox 3515 3999 3741 4072; x_wconf 85' lang='grc' dir='ltr'>πρῶτος</span> 
     </span>
    </p>
   </div>
   <div class='ocr_carea' id='block_1_96' title="bbox 2144 4126 2326 4195">
    <p class='ocr_par' dir='ltr' id='par_1_96' title="bbox 2144 4126 2326 4195">
     <span class='ocr_line' id='line_1_96' title="bbox 2144 4126 2326 4195; baseline -0.005 -17"><span class='ocrx_word' id='word_1_660' title='bbox 2144 4126 2326 4195; x_wconf 89' lang='grc' dir='ltr'>λόγος.</span> 
     </span>
    </p>
   </div>
   <div class='ocr_carea' id='block_1_97' title="bbox 2232 4273 3748 4368">
    <p class='ocr_par' dir='ltr' id='par_1_97' title="bbox 2232 4273 3748 4368">
     <span class='ocr_line' id='line_1_97' title="bbox 2232 4273 3748 4368; baseline -0.022 -10"><span class='ocrx_word' id='word_1_661' title='bbox 2232 4305 2292 4358; x_wconf 84' lang='grc' dir='ltr'>Ὀ</span> <span class='ocrx_word' id='word_1_662' title='bbox 2323 4302 2382 4355; x_wconf 78' lang='grc' dir='ltr'>δὲ</span> <span class='ocrx_word' id='word_1_663' title='bbox 2427 4297 2704 4368; x_wconf 85' lang='grc' dir='ltr'>δεύτερος,</span> <span class='ocrx_word' id='word_1_664' title='bbox 2740 4294 2888 4354; x_wconf 79' lang='grc' dir='ltr'>ὅπως</span> <span class='ocrx_word' id='word_1_665' title='bbox 2914 4285 3214 4357; x_wconf 82' lang='grc' dir='ltr'>Πατρίκιος</span> <span class='ocrx_word' id='word_1_666' title='bbox 3255 4282 3285 4334; x_wconf 90' lang='lat'><strong>6</strong></span> <span class='ocrx_word' id='word_1_667' title='bbox 3337 4278 3665 4368; x_wconf 69' lang='grc' dir='ltr'>μάγιστρος,</span> <span class='ocrx_word' id='word_1_668' title='bbox 3709 4273 3748 4368; x_wconf 68' lang='lat'><strong>6</strong></span> 
     </span>
    </p>
   </div>
   <div class='ocr_carea' id='block_1_98' title="bbox 2151 4364 3748 4466">
    <p class='ocr_par' dir='ltr' id='par_1_98' title="bbox 2151 4364 3748 4466">
     <span class='ocr_line' id='line_1_98' title="bbox 2151 4364 3748 4466; baseline -0.022 -17"><span class='ocrx_word' id='word_1_669' title='bbox 2151 4394 2358 4466; x_wconf 84' lang='grc' dir='ltr'>Βηρίνῃ</span> <span class='ocrx_word' id='word_1_670' title='bbox 2411 4364 2879 4460; x_wconf 74' lang='grc' dir='ltr'>συμφθειρόμενος</span> <span class='ocrx_word' id='word_1_671' title='bbox 2902 4420 2917 4445; x_wconf 89' lang='grc'><strong>,</strong></span> <span class='ocrx_word' id='word_1_672' title='bbox 2979 4372 3566 4466; x_wconf 36' lang='grc' dir='ltr'>ὲπαγανακτήσαντοῖ</span> <span class='ocrx_word' id='word_1_673' title='bbox 3592 4364 3748 4466; x_wconf 70' lang='grc' dir='ltr'>αὐτῷ</span> 
     </span>
    </p>
   </div>
   <div class='ocr_carea' id='block_1_99' title="bbox 2155 4458 3749 4542">
    <p class='ocr_par' dir='ltr' id='par_1_99' title="bbox 2155 4458 3749 4542">
     <span class='ocr_line' id='line_1_99' title="bbox 2155 4458 3749 4542; baseline -0.023 0"><span class='ocrx_word' id='word_1_674' title='bbox 2155 4458 2748 4542; x_wconf 17' lang='grc' dir='ltr'>Βάσιλίσκουῖὰπεϐίω,</span> <span class='ocrx_word' id='word_1_675' title='bbox 2782 4474 2876 4528; x_wconf 77' lang='grc' dir='ltr'><strong>καὶ</strong></span> <span class='ocrx_word' id='word_1_676' title='bbox 2905 4472 2994 4524; x_wconf 83' lang='grc' dir='ltr'><strong>διά</strong></span> <span class='ocrx_word' id='word_1_677' title='bbox 3025 4467 3186 4522; x_wconf 78' lang='grc' dir='ltr'>τοῦτο</span> <span class='ocrx_word' id='word_1_678' title='bbox 3216 4465 3424 4534; x_wconf 88' lang='grc' dir='ltr'>Βηρῖνα</span> <span class='ocrx_word' id='word_1_679' title='bbox 3447 4460 3514 4512; x_wconf 78' lang='grc' dir='ltr'>δι’</span> <span class='ocrx_word' id='word_1_680' title='bbox 3542 4458 3749 4529; x_wconf 78' lang='grc' dir='ltr'>ἔχθρας</span> 
     </span>
    </p>
   </div>
   <div class='ocr_carea' id='block_1_100' title="bbox 2157 4552 3751 4652">
    <p class='ocr_par' dir='ltr' id='par_1_100' title="bbox 2157 4552 3751 4652">
     <span class='ocr_line' id='line_1_100' title="bbox 2157 4552 3751 4652; baseline -0.023 -17"><span class='ocrx_word' id='word_1_681' title='bbox 2157 4582 2295 4652; x_wconf 72' lang='grc' dir='ltr'>πρὸς</span> <span class='ocrx_word' id='word_1_682' title='bbox 2327 4579 2419 4631; x_wconf 91' lang='grc' dir='ltr'><strong>τὸν</strong></span> <span class='ocrx_word' id='word_1_683' title='bbox 2465 4572 2694 4641; x_wconf 85' lang='grc' dir='ltr'>ἀδελφὸν</span> <span class='ocrx_word' id='word_1_684' title='bbox 2744 4566 3089 4623; x_wconf 80' lang='grc' dir='ltr'>καταστᾶσα,</span> <span class='ocrx_word' id='word_1_685' title='bbox 3121 4559 3217 4613; x_wconf 75' lang='grc' dir='ltr'>καὶ</span> <span class='ocrx_word' id='word_1_686' title='bbox 3256 4559 3462 4626; x_wconf 86' lang='grc' dir='ltr'>Ζήνωνι</span> <span class='ocrx_word' id='word_1_687' title='bbox 3491 4552 3581 4652; x_wconf 81' lang='grc' dir='ltr'><strong>διὰ</strong></span> <span class='ocrx_word' id='word_1_688' title='bbox 3609 4568 3751 4621; x_wconf 78' lang='grc' dir='ltr'>χρη·-</span> 
     </span>
    </p>
   </div>
   <div class='ocr_carea' id='block_1_101' title="bbox 2162 4645 3750 4744">
    <p class='ocr_par' dir='ltr' id='par_1_101' title="bbox 2162 4645 3750 4744">
     <span class='ocr_line' id='line_1_101' title="bbox 2162 4645 3750 4744; baseline -0.021 -18"><span class='ocrx_word' id='word_1_689' title='bbox 2162 4645 2349 4744; x_wconf 79' lang='grc' dir='ltr'>μάτων</span> <span class='ocrx_word' id='word_1_690' title='bbox 2376 4669 2475 4738; x_wconf 84' lang='grc' dir='ltr'><strong>τὴν</strong></span> <span class='ocrx_word' id='word_1_691' title='bbox 2526 4665 2628 4734; x_wconf 77' lang='grc' dir='ltr'>τῆς</span> <span class='ocrx_word' id='word_1_692' title='bbox 2662 4659 2940 4733; x_wconf 85' lang='grc' dir='ltr'>βασιλείας</span> <span class='ocrx_word' id='word_1_693' title='bbox 2987 4651 3254 4720; x_wconf 74' lang='grc' dir='ltr'>ἀνάληψιν</span> <span class='ocrx_word' id='word_1_694' title='bbox 3292 4645 3750 4744; x_wconf 44' lang='grc' dir='ltr'>συμπράττουσα..</span> 
     </span>
    </p>
   </div>
   <div class='ocr_carea' id='block_1_102' title="bbox 2157 4733 3762 4830">
    <p class='ocr_par' dir='ltr' id='par_1_102' title="bbox 2157 4733 3762 4830">
     <span class='ocr_line' id='line_1_102' title="bbox 2157 4733 3762 4830; baseline -0.021 -13"><span class='ocrx_word' id='word_1_695' title='bbox 2157 4733 2226 4817; x_wconf 76' lang='grc' dir='ltr'>τὰ</span> <span class='ocrx_word' id='word_1_696' title='bbox 2271 4733 2473 4830; x_wconf 69' lang='grc' dir='ltr'>ἔσχατα</span> <span class='ocrx_word' id='word_1_697' title='bbox 2515 4733 2753 4825; x_wconf 73' lang='grc' dir='ltr'>ἔπασχεν</span> <span class='ocrx_word' id='word_1_698' title='bbox 2789 4751 2895 4804; x_wconf 86' lang='grc' dir='ltr'><strong>ὑπὸ</strong></span> <span class='ocrx_word' id='word_1_699' title='bbox 2925 4749 2947 4780; x_wconf 85' lang='grc'><strong><em>⁸</em></strong></span> <span class='ocrx_word' id='word_1_700' title='bbox 2981 4747 3077 4800; x_wconf 79' lang='grc' dir='ltr'>τοῦ</span> <span class='ocrx_word' id='word_1_701' title='bbox 3128 4740 3384 4811; x_wconf 68' lang='grc' dir='ltr'>ἀδελφοῦ,</span> <span class='ocrx_word' id='word_1_702' title='bbox 3436 4738 3534 4791; x_wconf 83' lang='grc' dir='ltr'><strong>καὶ</strong></span> <span class='ocrx_word' id='word_1_703' title='bbox 3564 4737 3633 4830; x_wconf 22' lang='lat' dir='ltr'><strong>Aet</strong></span> <span class='ocrx_word' id='word_1_704' title='bbox 3675 4733 3762 4830; x_wconf 58' lang='lat' dir='ltr'><strong>pi}</strong></span> 
     </span>
    </p>
   </div>
   <div class='ocr_carea' id='block_1_103' title="bbox 2159 4826 3757 4922">
    <p class='ocr_par' dir='ltr' id='par_1_103' title="bbox 2159 4826 3757 4922">
     <span class='ocr_line' id='line_1_103' title="bbox 2159 4826 3757 4922; baseline -0.022 -11"><span class='ocrx_word' id='word_1_705' title='bbox 2159 4826 2439 4922; x_wconf 38' lang='grc' dir='ltr'>διέκλε-(κεν</span> <span class='ocrx_word' id='word_1_706' title='bbox 2465 4849 2634 4921; x_wconf 76' lang='grc' dir='ltr'>αὐτὴν</span> <span class='ocrx_word' id='word_1_707' title='bbox 2654 4843 2928 4914; x_wconf 83' lang='grc' dir='ltr'>Ἀρμάτος</span> <span class='ocrx_word' id='word_1_708' title='bbox 2956 4841 2977 4872; x_wconf 77' lang='grc'>⁸</span> <span class='ocrx_word' id='word_1_709' title='bbox 3004 4841 3068 4891; x_wconf 81' lang='grc' dir='ltr'><strong>ὲκ</strong></span> <span class='ocrx_word' id='word_1_710' title='bbox 3093 4836 3186 4890; x_wconf 83' lang='grc' dir='ltr'>τοῦ</span> <span class='ocrx_word' id='word_1_711' title='bbox 3211 4833 3363 4897; x_wconf 83' lang='grc' dir='ltr'>ναοῦ,</span> <span class='ocrx_word' id='word_1_712' title='bbox 3393 4831 3536 4900; x_wconf 85' lang='grc' dir='ltr'>τάχα</span> <span class='ocrx_word' id='word_1_713' title='bbox 3558 4827 3626 4879; x_wconf 86' lang='grc' dir='ltr'><strong>ἂν</strong></span> <span class='ocrx_word' id='word_1_714' title='bbox 3656 4826 3757 4878; x_wconf 75' lang='grc' dir='ltr'>καὶ</span> 
     </span>
    </p>
   </div>
   <div class='ocr_carea' id='block_1_104' title="bbox 2161 4919 3757 5018">
    <p class='ocr_par' dir='ltr' id='par_1_104' title="bbox 2161 4919 3757 5018">
     <span class='ocr_line' id='line_1_104' title="bbox 2161 4919 3757 5018; baseline -0.022 -15"><span class='ocrx_word' id='word_1_715' title='bbox 2161 4919 2450 5018; x_wconf 80' lang='grc' dir='ltr'>διεφθάρη.</span> <span class='ocrx_word' id='word_1_716' title='bbox 2495 4919 2634 5004; x_wconf 65' lang='grc' dir='ltr'><strong>Ὠς⁷⁷</strong></span> <span class='ocrx_word' id='word_1_717' title='bbox 2659 4936 2788 5010; x_wconf 76' lang='grc'><strong>[105</strong></span> <span class='ocrx_word' id='word_1_718' title='bbox 2814 4932 2911 5006; x_wconf 75' lang='lat' dir='ltr'><strong>IL]</strong></span> <span class='ocrx_word' id='word_1_719' title='bbox 2940 4928 3217 5002; x_wconf 84' lang='grc' dir='ltr'>Ἀρμάτος</span> <span class='ocrx_word' id='word_1_720' title='bbox 3239 4927 3305 5018; x_wconf 76' lang='grc' dir='ltr'>τῇ</span> <span class='ocrx_word' id='word_1_721' title='bbox 3330 4923 3549 5018; x_wconf 71' lang='grc' dir='ltr'>γαμετῇ</span> <span class='ocrx_word' id='word_1_722' title='bbox 3575 4919 3598 4950; x_wconf 82' lang='grc'>⁸</span> <span class='ocrx_word' id='word_1_723' title='bbox 3623 4934 3757 5018; x_wconf 80' lang='grc' dir='ltr'>συν-</span> 
     </span>
    </p>
   </div>
   <div class='ocr_carea' id='block_1_105' title="bbox 2162 5009 3762 5108">
    <p class='ocr_par' dir='ltr' id='par_1_105' title="bbox 2162 5009 3762 5108">
     <span class='ocr_line' id='line_1_105' title="bbox 2162 5009 3762 5108; baseline -0.021 -14"><span class='ocrx_word' id='word_1_724' title='bbox 2162 5009 2614 5108; x_wconf 48' lang='grc' dir='ltr'>διαξοθειρύμενος</span> <span class='ocrx_word' id='word_1_725' title='bbox 2664 5009 3006 5082; x_wconf 20' lang='grc' dir='ltr'>ῨΒασιλίσκου</span> <span class='ocrx_word' id='word_1_726' title='bbox 3061 5020 3154 5074; x_wconf 76' lang='grc' dir='ltr'><strong>ἐπὶ</strong></span> <span class='ocrx_word' id='word_1_727' title='bbox 3219 5017 3362 5089; x_wconf 87' lang='grc' dir='ltr'>μέγα</span> <span class='ocrx_word' id='word_1_728' title='bbox 3430 5009 3762 5071; x_wconf 85' lang='grc' dir='ltr'>δυναστείας</span> 
     </span>
    </p>
   </div>
   <div class='ocr_carea' id='block_1_106' title="bbox 2163 5102 3761 5205">
    <p class='ocr_par' dir='ltr' id='par_1_106' title="bbox 2163 5102 3761 5205">
     <span class='ocr_line' id='line_1_106' title="bbox 2163 5102 3761 5205; baseline -0.023 -16"><span class='ocrx_word' id='word_1_729' title='bbox 2163 5102 2331 5205; x_wconf 69' lang='grc' dir='ltr'>ηροή,</span> <span class='ocrx_word' id='word_1_730' title='bbox 2360 5102 2468 5184; x_wconf 36' lang='grc' dir='ltr'>διαὶ-</span> <span class='ocrx_word' id='word_1_731' title='bbox 2487 5129 2563 5189; x_wconf 83' lang='grc' dir='ltr'>ὡς</span> <span class='ocrx_word' id='word_1_732' title='bbox 2595 5123 2824 5193; x_wconf 73' lang='grc' dir='ltr'>ὕστερον</span> <span class='ocrx_word' id='word_1_733' title='bbox 2865 5118 2958 5171; x_wconf 90' lang='grc' dir='ltr'><strong>τὸν</strong></span> <span class='ocrx_word' id='word_1_734' title='bbox 2989 5115 3132 5170; x_wconf 83' lang='grc' dir='ltr'>κατὰ</span> <span class='ocrx_word' id='word_1_735' title='bbox 3163 5113 3411 5179; x_wconf 84' lang='grc' dir='ltr'>Ζήνωνος</span> <span class='ocrx_word' id='word_1_736' title='bbox 3441 5102 3761 5164; x_wconf 75' lang='grc' dir='ltr'>πιστευθεὶς</span> 
     </span>
    </p>
   </div>
   <div class='ocr_carea' id='block_1_107' title="bbox 1751 5247 2443 5308">
    <p class='ocr_par' dir='ltr' id='par_1_107' title="bbox 1751 5247 2443 5308">
     <span class='ocr_line' id='line_1_107' title="bbox 1751 5247 2443 5308; baseline -0.014 0"><span class='ocrx_word' id='word_1_737' title='bbox 1751 5253 1992 5308; x_wconf 69' lang='lat' dir='ltr'><strong>VARI/ﬁ</strong></span> <span class='ocrx_word' id='word_1_738' title='bbox 2036 5247 2443 5308; x_wconf 81' lang='lat' dir='ltr'><strong>LECTIONES.</strong></span> 
     </span>
    </p>
   </div>
   <div class='ocr_carea' id='block_1_108' title="bbox 503 5318 2287 5419">
    <p class='ocr_par' dir='ltr' id='par_1_108' title="bbox 503 5318 2287 5419">
     <span class='ocr_line' id='line_1_108' title="bbox 503 5318 2287 5419; baseline 0.002 -27"><span class='ocrx_word' id='word_1_739' title='bbox 503 5318 514 5325; x_wconf 52' lang='grc'><em>’</em></span> <span class='ocrx_word' id='word_1_740' title='bbox 533 5342 579 5419; x_wconf 71' lang='lat'><strong>’_‘</strong></span> <span class='ocrx_word' id='word_1_741' title='bbox 602 5339 688 5419; x_wconf 70' lang='grc' dir='ltr'>τὸ]</span> <span class='ocrx_word' id='word_1_742' title='bbox 719 5341 783 5394; x_wconf 92' lang='grc' dir='ltr'><strong>τὸ</strong></span> <span class='ocrx_word' id='word_1_743' title='bbox 810 5341 936 5419; x_wconf 41' lang='grc' dir='ltr'>τῶν.</span> <span class='ocrx_word' id='word_1_744' title='bbox 961 5359 1023 5419; x_wconf 59' lang='grc' dir='ltr'><strong>ςἶ</strong></span> <span class='ocrx_word' id='word_1_745' title='bbox 1074 5343 1152 5419; x_wconf 84' lang='lat'><strong>_&quot;’</strong></span> <span class='ocrx_word' id='word_1_746' title='bbox 1173 5341 1573 5419; x_wconf 52' lang='grc' dir='ltr'>Τηρασιζοδίσα</span> <span class='ocrx_word' id='word_1_747' title='bbox 1595 5365 1655 5412; x_wconf 82' lang='grc' dir='ltr'>ς.</span> <span class='ocrx_word' id='word_1_748' title='bbox 1736 5348 1782 5380; x_wconf 78' lang='grc'><strong>⁸⁸</strong></span> <span class='ocrx_word' id='word_1_749' title='bbox 1817 5348 2201 5419; x_wconf 51' lang='grc' dir='ltr'>Ἀρδαϐούριο,</span> <span class='ocrx_word' id='word_1_750' title='bbox 2226 5363 2287 5408; x_wconf 79' lang='grc' dir='ltr'><strong>ς.</strong></span> 
     </span>
    </p>
   </div>
   <div class='ocr_carea' id='block_1_109' title="bbox 2111 5403 3116 5486">
    <p class='ocr_par' dir='ltr' id='par_1_109' title="bbox 2111 5403 3116 5486">
     <span class='ocr_line' id='line_1_109' title="bbox 2111 5403 3116 5486; baseline -0.025 -15"><span class='ocrx_word' id='word_1_751' title='bbox 2111 5421 2130 5449; x_wconf 72' lang='grc'><strong>⁸</strong></span> <span class='ocrx_word' id='word_1_752' title='bbox 2163 5403 2409 5486; x_wconf 44' lang='lat' dir='ltr'><strong>dig-paro;</strong></span> <span class='ocrx_word' id='word_1_753' title='bbox 2468 5425 2549 5480; x_wconf 87' lang='lat' dir='ltr'><strong>pr.</strong></span> <span class='ocrx_word' id='word_1_754' title='bbox 2587 5408 2631 5459; x_wconf 85' lang='lat' dir='ltr'><strong>A</strong></span> <span class='ocrx_word' id='word_1_755' title='bbox 2661 5403 2929 5474; x_wconf 79' lang='grc' dir='ltr'>ἁρμάτιος</span> <span class='ocrx_word' id='word_1_756' title='bbox 2971 5407 3116 5453; x_wconf 84' lang='lat' dir='ltr'><strong>corr.</strong></span> 
     </span>
    </p>
   </div>
   <div class='ocr_carea' id='block_1_110' title="bbox 476 5411 1637 5484">
    <p class='ocr_par' dir='ltr' id='par_1_110' title="bbox 476 5411 1637 5484">
     <span class='ocr_line' id='line_1_110' title="bbox 476 5411 1637 5484; baseline 0.007 -21"><span class='ocrx_word' id='word_1_757' title='bbox 476 5413 572 5464; x_wconf 74' lang='grc' dir='ltr'>καὶ</span> <span class='ocrx_word' id='word_1_758' title='bbox 611 5411 737 5479; x_wconf 85' lang='grc' dir='ltr'>βασ.</span> <span class='ocrx_word' id='word_1_759' title='bbox 767 5429 829 5476; x_wconf 87' lang='grc' dir='ltr'>ς.</span> <span class='ocrx_word' id='word_1_760' title='bbox 917 5414 938 5445; x_wconf 90' lang='grc'><em>³</em></span> <span class='ocrx_word' id='word_1_761' title='bbox 961 5412 1141 5484; x_wconf 82' lang='grc' dir='ltr'>αὐτῶν</span> <span class='ocrx_word' id='word_1_762' title='bbox 1165 5411 1280 5484; x_wconf 41' lang='grc' dir='ltr'><strong>ςζί</strong></span> <span class='ocrx_word' id='word_1_763' title='bbox 1320 5413 1340 5445; x_wconf 66' lang='grc'>⁵</span> <span class='ocrx_word' id='word_1_764' title='bbox 1363 5414 1533 5484; x_wconf 84' lang='grc' dir='ltr'>αὐτῆς</span> <span class='ocrx_word' id='word_1_765' title='bbox 1577 5435 1637 5481; x_wconf 76' lang='grc' dir='ltr'><strong>ς’.</strong></span> 
     </span>
    </p>
   </div>
   <div class='ocr_carea' id='block_1_111' title="bbox 1048 5419 2022 5494">
    <p class='ocr_par' dir='ltr' id='par_1_111' title="bbox 1048 5419 2022 5494">
     <span class='ocr_line' id='line_1_111' title="bbox 1048 5419 2022 5494; baseline -0.004 -30"><span class='ocrx_word' id='word_1_766' title='bbox 1048 5419 1141 5494; x_wconf 55' lang='grc' dir='ltr'>τῶν</span> <span class='ocrx_word' id='word_1_767' title='bbox 1165 5431 1226 5494; x_wconf 58' lang='grc' dir='ltr'>ς.</span> <span class='ocrx_word' id='word_1_768' title='bbox 1262 5483 1283 5494; x_wconf 34' lang='lat' dir='ltr'><strong>ﬁ</strong></span> <span class='ocrx_word' id='word_1_769' title='bbox 1320 5419 1340 5445; x_wconf 73' lang='grc'>³</span> <span class='ocrx_word' id='word_1_770' title='bbox 1363 5419 1533 5484; x_wconf 82' lang='grc' dir='ltr'>αὐτῆς</span> <span class='ocrx_word' id='word_1_771' title='bbox 1577 5435 1637 5481; x_wconf 81' lang='grc' dir='ltr'><strong>ς,</strong></span> <span class='ocrx_word' id='word_1_772' title='bbox 1731 5419 1752 5450; x_wconf 75' lang='grc'><strong><em>³</em></strong></span> <span class='ocrx_word' id='word_1_773' title='bbox 1783 5419 1926 5492; x_wconf 76' lang='grc' dir='ltr'>ὑπὲρ</span> <span class='ocrx_word' id='word_1_774' title='bbox 1962 5437 2022 5484; x_wconf 80' lang='grc' dir='ltr'>ς,</span> 
     </span>
    </p>
   </div>
   <div class='ocr_carea' id='block_1_112' title="bbox 481 5483 1463 5553">
    <p class='ocr_par' dir='ltr' id='par_1_112' title="bbox 481 5483 1463 5553">
     <span class='ocr_line' id='line_1_112' title="bbox 481 5483 1463 5553; baseline 0.005 -21"><span class='ocrx_word' id='word_1_775' title='bbox 481 5485 619 5553; x_wconf 80' lang='grc' dir='ltr'>μετῇ</span> <span class='ocrx_word' id='word_1_776' title='bbox 643 5488 724 5536; x_wconf 82' lang='lat' dir='ltr'><strong>A:</strong></span> <span class='ocrx_word' id='word_1_777' title='bbox 763 5483 979 5553; x_wconf 69' lang='grc' dir='ltr'>γυναικὶ</span> <span class='ocrx_word' id='word_1_778' title='bbox 1013 5486 1095 5539; x_wconf 90' lang='lat' dir='ltr'><strong>sic</strong></span> <span class='ocrx_word' id='word_1_779' title='bbox 1122 5496 1177 5538; x_wconf 87' lang='lat' dir='ltr'><strong>et</strong></span> <span class='ocrx_word' id='word_1_780' title='bbox 1199 5483 1366 5539; x_wconf 85' lang='lat' dir='ltr'><strong>infra.</strong></span> <span class='ocrx_word' id='word_1_781' title='bbox 1401 5501 1463 5547; x_wconf 84' lang='grc' dir='ltr'>ς.</span> 
     </span>
    </p>
   </div>
   <div class='ocr_carea' id='block_1_113' title="bbox 3556 5306 3766 5379">
    <p class='ocr_par' dir='ltr' id='par_1_113' title="bbox 3556 5306 3766 5379">
     <span class='ocr_line' id='line_1_113' title="bbox 3556 5306 3766 5379; baseline -0.014 -17"><span class='ocrx_word' id='word_1_782' title='bbox 3556 5313 3578 5341; x_wconf 74' lang='grc' dir='ltr'><strong>ι</strong></span> <span class='ocrx_word' id='word_1_783' title='bbox 3604 5306 3766 5379; x_wconf 56' lang='grc' dir='ltr'><strong>βαι]</strong></span> 
     </span>
    </p>
   </div>
   <div class='ocr_carea' id='block_1_114' title="bbox 2361 5313 3765 5447">
    <p class='ocr_par' dir='ltr' id='par_1_114' title="bbox 2361 5313 3765 5447">
     <span class='ocr_line' id='line_1_114' title="bbox 2361 5313 3765 5394; baseline -0.026 0"><span class='ocrx_word' id='word_1_784' title='bbox 2361 5343 2407 5374; x_wconf 74' lang='grc'><strong>⁸⁵</strong></span> <span class='ocrx_word' id='word_1_785' title='bbox 2443 5334 2688 5394; x_wconf 75' lang='grc' dir='ltr'>ἐπινοίας</span> <span class='ocrx_word' id='word_1_786' title='bbox 2711 5332 2778 5384; x_wconf 75' lang='grc' dir='ltr'><strong>Α.</strong></span> <span class='ocrx_word' id='word_1_787' title='bbox 2866 5331 2881 5360; x_wconf 86' lang='grc'>¹</span> <span class='ocrx_word' id='word_1_788' title='bbox 2922 5328 3060 5381; x_wconf 80' lang='grc' dir='ltr'>λέων</span> <span class='ocrx_word' id='word_1_789' title='bbox 3105 5314 3288 5372; x_wconf 85' lang='grc' dir='ltr'>λαϐὼν</span> <span class='ocrx_word' id='word_1_790' title='bbox 3321 5315 3351 5365; x_wconf 90' lang='lat'><strong>6</strong></span> <span class='ocrx_word' id='word_1_791' title='bbox 3402 5313 3469 5367; x_wconf 77' lang='grc' dir='ltr'><strong>Α.</strong></span> <span class='ocrx_word' id='word_1_792' title='bbox 3556 5313 3578 5341; x_wconf 83' lang='grc'>²</span> <span class='ocrx_word' id='word_1_793' title='bbox 3604 5313 3765 5379; x_wconf 59' lang='lat' dir='ltr'><strong>ﬁam]</strong></span> 
     </span>
     <span class='ocr_line' id='line_1_115' title="bbox 2361 5383 3765 5447; baseline -0.018 7"><span class='ocrx_word' id='word_1_794' title='bbox 2361 5429 2409 5447; x_wconf 69' lang='grc' dir='ltr'><strong>μ</strong></span> <span class='ocrx_word' id='word_1_795' title='bbox 2468 5425 2545 5447; x_wconf 56' lang='lat' dir='ltr'><strong>nr,</strong></span> <span class='ocrx_word' id='word_1_796' title='bbox 2591 5408 2625 5447; x_wconf 85' lang='grc' dir='ltr'><strong>Δ</strong></span> <span class='ocrx_word' id='word_1_797' title='bbox 2661 5403 2929 5447; x_wconf 66' lang='grc' dir='ltr'>ἁρμάτιος</span> <span class='ocrx_word' id='word_1_798' title='bbox 2971 5407 3116 5447; x_wconf 82' lang='lat' dir='ltr'><strong>corr.</strong></span> <span class='ocrx_word' id='word_1_799' title='bbox 3177 5391 3194 5420; x_wconf 82' lang='grc'><strong>⁷</strong></span> <span class='ocrx_word' id='word_1_800' title='bbox 3228 5385 3323 5440; x_wconf 84' lang='grc' dir='ltr'><strong>καὶ</strong></span> <span class='ocrx_word' id='word_1_801' title='bbox 3359 5384 3435 5446; x_wconf 83' lang='grc' dir='ltr'><strong>ὡς</strong></span> <span class='ocrx_word' id='word_1_802' title='bbox 3486 5397 3549 5445; x_wconf 82' lang='grc' dir='ltr'>ς.</span> <span class='ocrx_word' id='word_1_803' title='bbox 3615 5383 3765 5447; x_wconf 75' lang='grc' dir='ltr'>’γα-</span> 
     </span>
    </p>
   </div>
   <div class='ocr_carea' id='block_1_115' title="bbox 3177 5384 3549 5446">
    <p class='ocr_par' dir='ltr' id='par_1_115' title="bbox 3177 5384 3549 5446">
     <span class='ocr_line' id='line_1_116' title="bbox 3177 5384 3549 5446; baseline -0.019 -5"><span class='ocrx_word' id='word_1_804' title='bbox 3177 5391 3194 5420; x_wconf 82' lang='grc'><strong>⁷</strong></span> <span class='ocrx_word' id='word_1_805' title='bbox 3228 5385 3323 5440; x_wconf 84' lang='grc' dir='ltr'><strong>καὶ</strong></span> <span class='ocrx_word' id='word_1_806' title='bbox 3359 5384 3435 5446; x_wconf 83' lang='grc' dir='ltr'><strong>ὡς</strong></span> <span class='ocrx_word' id='word_1_807' title='bbox 3486 5397 3549 5445; x_wconf 82' lang='grc' dir='ltr'>ς.</span> 
     </span>
    </p>
   </div>
   <div class='ocr_carea' id='block_1_116' title="bbox 2007 5573 2242 5631">
    <p class='ocr_par' dir='ltr' id='par_1_116' title="bbox 2007 5573 2242 5631">
     <span class='ocr_line' id='line_1_117' title="bbox 2007 5573 2242 5631; baseline -0.026 0"><span class='ocrx_word' id='word_1_808' title='bbox 2007 5573 2242 5631; x_wconf 63' lang='lat' dir='ltr'><strong>NOTAE.</strong></span> 
     </span>
    </p>
   </div>
   <div class='ocr_carea' id='block_1_117' title="bbox 553 5671 1259 5737">
    <p class='ocr_par' dir='ltr' id='par_1_117' title="bbox 553 5671 1259 5737">
     <span class='ocr_line' id='line_1_118' title="bbox 553 5671 1259 5737; baseline 0.011 -13"><span class='ocrx_word' id='word_1_809' title='bbox 553 5671 667 5736; x_wconf 66' lang='lat'><strong>(94)</strong></span> <span class='ocrx_word' id='word_1_810' title='bbox 699 5676 784 5729; x_wconf 79' lang='lat' dir='ltr'><strong>Af.</strong></span> <span class='ocrx_word' id='word_1_811' title='bbox 815 5677 1259 5737; x_wconf 81' lang='lat' dir='ltr'><strong>Ermenaricbus.</strong></span> 
     </span>
    </p>
   </div>
   <div class='ocr_carea' id='block_1_118' title="bbox 557 5743 1306 5810">
    <p class='ocr_par' dir='ltr' id='par_1_118' title="bbox 557 5743 1306 5810">
     <span class='ocr_line' id='line_1_119' title="bbox 557 5743 1306 5810; baseline 0.009 -16"><span class='ocrx_word' id='word_1_812' title='bbox 557 5743 669 5810; x_wconf 78' lang='grc'><strong>(95)</strong></span> <span class='ocrx_word' id='word_1_813' title='bbox 702 5745 884 5801; x_wconf 81' lang='lat' dir='ltr'><strong>Multis</strong></span> <span class='ocrx_word' id='word_1_814' title='bbox 912 5752 978 5801; x_wconf 85' lang='lat' dir='ltr'><strong>de</strong></span> <span class='ocrx_word' id='word_1_815' title='bbox 1012 5751 1112 5801; x_wconf 78' lang='lat' dir='ltr'><strong>hoc</strong></span> <span class='ocrx_word' id='word_1_816' title='bbox 1153 5749 1306 5801; x_wconf 82' lang='lat' dir='ltr'><strong>Suitl.</strong></span> 
     </span>
    </p>
   </div>
   <div class='ocr_carea' id='block_1_119' title="bbox 556 5815 2061 5888">
    <p class='ocr_par' dir='ltr' id='par_1_119' title="bbox 556 5815 2061 5888">
     <span class='ocr_line' id='line_1_120' title="bbox 556 5815 2061 5888; baseline 0.001 -20"><span class='ocrx_word' id='word_1_817' title='bbox 556 5816 668 5887; x_wconf 77' lang='lat'><strong>(90&#39;)</strong></span> <span class='ocrx_word' id='word_1_818' title='bbox 703 5820 846 5874; x_wconf 82' lang='lat' dir='ltr'><strong>Duas</strong></span> <span class='ocrx_word' id='word_1_819' title='bbox 887 5821 986 5888; x_wconf 81' lang='lat' dir='ltr'><strong>ipsi</strong></span> <span class='ocrx_word' id='word_1_820' title='bbox 1037 5817 1504 5887; x_wconf 70' lang='lat' dir='ltr'><strong>Constantinopoli</strong></span> <span class='ocrx_word' id='word_1_821' title='bbox 1539 5826 1746 5872; x_wconf 79' lang='lat' dir='ltr'><strong>erectas</strong></span> <span class='ocrx_word' id='word_1_822' title='bbox 1781 5815 2061 5871; x_wconf 78' lang='lat' dir='ltr'><strong>columnas</strong></span> 
     </span>
    </p>
   </div>
   <div class='ocr_carea' id='block_1_120' title="bbox 2175 5660 3004 5734">
    <p class='ocr_par' dir='ltr' id='par_1_120' title="bbox 2175 5660 3004 5734">
     <span class='ocr_line' id='line_1_121' title="bbox 2175 5660 3004 5734; baseline -0.018 -11"><span class='ocrx_word' id='word_1_823' title='bbox 2175 5664 2465 5734; x_wconf 78' lang='lat' dir='ltr'><strong>descripsit</strong></span> <span class='ocrx_word' id='word_1_824' title='bbox 2495 5661 2649 5734; x_wconf 49' lang='lat' dir='ltr'><strong>Suid.</strong></span> <span class='ocrx_word' id='word_1_825' title='bbox 2683 5661 2739 5734; x_wconf 74' lang='lat' dir='ltr'><strong>in</strong></span> <span class='ocrx_word' id='word_1_826' title='bbox 2770 5660 2967 5734; x_wconf 80' lang='lat' dir='ltr'><strong>Veriua</strong></span> <span class='ocrx_word' id='word_1_827' title='bbox 2990 5694 3004 5709; x_wconf 90' lang='lat'><strong>.</strong></span> 
     </span>
    </p>
   </div>
   <div class='ocr_carea' id='block_1_121' title="bbox 2248 5711 3766 5804">
    <p class='ocr_par' dir='ltr' id='par_1_121' title="bbox 2248 5711 3766 5804">
     <span class='ocr_line' id='line_1_122' title="bbox 2248 5711 3766 5804; baseline -0.001 -21"><span class='ocrx_word' id='word_1_828' title='bbox 2248 5711 2695 5804; x_wconf 55' lang='lat' dir='ltr'><strong>&quot;,‘5&#39;7&#39;,&quot;z.;..3.&#39;.a;.;</strong></span> <span class='ocrx_word' id='word_1_829' title='bbox 2722 5711 2861 5800; x_wconf 55' lang='grc' dir='ltr'><strong>ωε..</strong></span> <span class='ocrx_word' id='word_1_830' title='bbox 2888 5733 3041 5798; x_wconf 62' lang='lat' dir='ltr'><strong>plum</strong></span> <span class='ocrx_word' id='word_1_831' title='bbox 3070 5737 3202 5780; x_wconf 77' lang='lat' dir='ltr'><strong>voce</strong></span> <span class='ocrx_word' id='word_1_832' title='bbox 3274 5715 3598 5788; x_wconf 72' lang='grc' dir='ltr'>Ἀρμάτιοςς</span> <span class='ocrx_word' id='word_1_833' title='bbox 3643 5711 3766 5781; x_wconf 60' lang='grc' dir='ltr'>Ἀρ</span> 
     </span>
    </p>
   </div>
   <div class='ocr_carea' id='block_1_122' title="bbox 2181 5803 2715 5884">
    <p class='ocr_par' dir='ltr' id='par_1_122' title="bbox 2181 5803 2715 5884">
     <span class='ocr_line' id='line_1_123' title="bbox 2181 5803 2715 5884; baseline -0.015 -22"><span class='ocrx_word' id='word_1_834' title='bbox 2181 5814 2350 5884; x_wconf 72' lang='grc' dir='ltr'>ματος</span> <span class='ocrx_word' id='word_1_835' title='bbox 2386 5807 2524 5876; x_wconf 78' lang='lat' dir='ltr'><strong>apud</strong></span> <span class='ocrx_word' id='word_1_836' title='bbox 2561 5803 2715 5857; x_wconf 81' lang='lat' dir='ltr'><strong>Suid.</strong></span> 
     </span>
    </p>
   </div>
  </div>
