3942 6234
319 377 424 440 253

1391 379 1920 439 BlBLIOTIIECA.
1961 402 2032 412 -
2067 381 2229 442 COD.
2270 384 2530 444 LXXIX.

3483 391 3592 455 254

325 487 564 556 πόλεμον
605 485 900 541 ἀπέκλινεν
955 486 1048 542 ἐπὶ
1099 489 1394 559 συνθήκαις
1448 491 1516 545 δι’
1557 490 1727 545 Ἰλλοῦ
1775 490 1907 558 πρὸς

2019 495 2285 547 creditura
2312 494 2496 560 fuerit,
2531 496 2600 551 ad
2633 511 2791 567 quem
2840 507 3016 552 tamen
3049 499 3212 553 certis
3240 500 3415 568 pactis
3445 500 3590 572 56a

327 577 514 644 αὑτὸν,
546 580 646 632 καὶ
677 579 984 650 εὐδοκιμῶν
1011 579 1104 634 ἐπὶ
1148 583 1412 652 Ζήνωνος,
1445 584 1521 648 ὡς
1552 585 1646 638 καὶ
1674 586 1764 638 τὸν
1797 587 1914 638 υἱὸν

328 673 654 727 Βασιλίσκον
675 674 931 744 Καίσαρα
960 675 1111 737 ίδεῖν,
1137 674 1363 746 ὕστερον
1393 681 1788 750 ἐκρεουργήθη,
1819 681 1914 733 καὶ

327 769 356 820 6
389 769 520 829 παῖς
573 769 639 818 ἐκ
681 765 778 819 τοῦ
813 768 834 798 ⁹
867 767 1147 838 Καίσαρος
1194 770 1276 832 εἰς
1323 769 1447 832 τοὺς
1492 771 1548 823 ἐν
1583 771 1914 840 Βλαχέρναις

333 859 694 928 ἀναγνώστας
742 859 1009 913 ἐτέλεσεν.
1056 861 1145 923 Ὠς
1194 861 1299 928 πρὸ
1346 861 1553 915 τούτων
1587 863 1913 926 Βασιλίσκος

326 952 556 1022 Μάρκον
587 951 680 1004 τὸν
711 951 846 1004 ἴδιον
879 953 991 1004 υἱὸν
1011 953 1278 1022 Καίσαρα
1312 954 1532 1006 ἀνεῖπεν
1565 954 1627 1016 ¹⁰,
1667 951 1785 1006 εἶτα
1816 955 1912 1008 καὶ

329 1043 576 1113 βασιλέα.
611 1044 722 1096 Καὶ
753 1043 830 1106 ὡς
872 1042 1072 1106 Ίλλοῦς
1115 1044 1314 1114 συνέϐη
1344 1046 1551 1116 Ζήνωνι
1591 1047 1672 1110 είς
1703 1048 1908 1115 φιλίαν,

325 1136 421 1188 καὶ
471 1135 637 1188 πάλιν
684 1135 978 1189 ἀναλαϐεῖν
1021 1136 1408 1206 παρεσκεύασε
1453 1138 1554 1209 τὴν
1612 1139 1909 1208 βασιλείαν.

324 1227 435 1278 Καὶ
479 1226 558 1289 ὡς
592 1226 1089 1289 καταστασιασθεὶς
1135 1225 1390 1296 βασιλεὺς
1445 1231 1543 1283 σὺν
1571 1233 1637 1301 τῇ
1691 1233 1913 1299 γυναικὶ

325 1316 587 1388 Ζηνωνίδι
611 1317 706 1368 καὶ
731 1318 942 1381 τέκνοις
974 1317 1308 1386 καταφεύγει
1330 1321 1409 1381 είς
1429 1321 1528 1391 τὴν
1563 1322 1908 1392 Ἐκκλησίαν,

325 1409 585 1462 κάκεῖθεν
629 1410 816 1478 ἀπάτῃ
861 1409 1135 1479 Ἀρμάτου
1170 1410 1454 1480 ἐκϐληθεὶς
1498 1412 1798 1482 ὲξορίζεται
1832 1417 1913 1477 εἰς

324 1501 752 1564 Καππαδοκίαν,
806 1497 924 1553 εἶτα
973 1504 1240 1570 παγγενεὶ
1269 1503 1310 1532 ¹¹
1351 1505 1785 1572 κατασφάζεται.
1823 1507 1912 1571 Ὠς

325 1593 536 1662 Πέτρου
560 1595 656 1646 τοῦ
673 1594 968 1658 δυσσεϐοῦς
987 1596 1083 1658 τὰς
1109 1596 1208 1662 τῆς
1231 1597 1524 1668 Ἀνατολῆς
1541 1600 1911 1671 ταράσσοντας

332 1671 667 1756 Ἕκκλησίας
721 1689 1077 1742 Καλανδίωνα
1126 1691 1312 1760 Ζήνων
1341 1692 1370 1743 6
1416 1689 1672 1760 βασιλεὺς
1730 1696 1812 1757 εἰς
1849 1693 1911 1746 τὸ

2018 585 2142 639 Hilli
2179 586 2290 658 (98)
2321 602 2485 656 opera
2515 591 2935 656 conditionibus,
2988 589 3203 646 defecit.
3237 591 3350 646 Sub
3373 591 3592 648 Zenone

2017 675 2180 744 igitur
2231 679 2365 731 tanti
2399 694 2521 733 cum
2560 692 2708 734 esset
2743 682 2981 735 nominis
3026 683 3308 749 Armatus,
3340 694 3397 736 ut
3435 693 3490 738 et
3529 686 3593 736 li—

2016 767 2145 821 lium
2176 769 2496 824 Basiliscum
2521 771 2786 824 Caesarem
2822 772 3040 837 viderit,
3082 785 3200 842 post
3239 775 3590 829 nihilominus

2016 859 2069 914 in
2106 859 2272 914 frusta
2305 861 2608 930 discerptus
2641 873 2722 916 est
2751 863 2862 935 (99)
2897 873 2951 917 et
2977 880 3109 932 puer
3143 865 3259 934 ipse
3283 882 3347 918 ex
3374 866 3591 920 Caesare

2014 951 2158 1005 inter
2190 951 2418 1005 lectores
2455 953 2505 1005 in
2543 953 2869 1009 Blacliernis-
2901 955 3140 1024 proliteri
3174 958 3358 1024 cmpit.
3392 957 3588 1010 Basili-

2013 1058 2140 1098 scus
2171 1053 2296 1098 ante
2327 1047 2440 1098 haec
2478 1043 2715 1098 Marcum
2760 1046 2927 1098 ﬁlium
2953 1045 3223 1100 Caesarem
3256 1057 3492 1110 crearat,
3526 1060 3589 1100 ac

2016 1145 2136 1206 post
2183 1137 2345 1190 etiam
2403 1135 2807 1204 imperatorem.
2847 1135 3018 1191 Hillus
3060 1153 3182 1190 cum
3210 1137 3428 1190 Zenone
3461 1152 3593 1190 con-

2016 1229 2200 1284 ciliata
2224 1228 2462 1282 amicitia
2495 1227 2778 1294 imperium
2806 1228 2981 1280 eidem
3007 1243 3332 1295 recuperare
3354 1225 3587 1280 studuit.

2016 1321 2312 1375 Basiliscus
2344 1320 2526 1386 itaque
2560 1334 2588 1371 a
2621 1318 2897 1371 seditiosis
2923 1327 3228 1386 superatus,
3263 1333 3384 1371 cum
3417 1316 3593 1370 Zeno-

2015 1415 2140 1468 nide
2165 1413 2415 1482 conjuge,
2443 1427 2505 1465 ac
2540 1411 2724 1464 liberis
2751 1411 2803 1462 in
2828 1411 3078 1477 templum
3108 1425 3166 1462 se
3194 1409 3414 1476 recepit,
3450 1408 3593 1460 unde

2016 1504 2224 1559 Armati
2274 1503 2558 1558 fraudibus
2590 1511 2889 1563 extractus,
2917 1512 2972 1556 et
2999 1502 3049 1553 in
3076 1502 3474 1570 Cappadociam
3507 1514 3592 1552 re—

2015 1597 2249 1666 legatus,
2300 1610 2426 1650 mox
2465 1611 2588 1650 cum
2626 1603 2734 1647 tota
2787 1595 2956 1663 Stirpe
2991 1608 3164 1646 caesus
3190 1600 3292 1646 est.
3322 1591 3456 1643 Cum
3489 1588 3592 1642 Pe-

2016 1698 2134 1746 trus
2193 1688 2268 1759 (l)
2319 1690 2408 1742 ille
2463 1689 2662 1756 impius
2701 1685 2943 1740 Orientis
2995 1687 3240 1738 turbaret
3291 1682 3588 1748 Ecclesias,

321 1777 575 1846 ἱερᾶσθαι
613 1779 945 1851 Ἀντιοχείας
969 1783 1256 1836 ἀπέστειλε
1289 1785 1356 1847 η,
1381 1783 1475 1836 καὶ
1499 1784 1751 1854 δεόμενος
1772 1803 1906 1857 χρη-

2018 1784 2164 1838 misit
2187 1782 2332 1836 Zeno
2362 1784 2658 1850 imperator
2698 1778 3112 1841 Calandionem,
3143 1787 3202 1830 ut
3237 1775 3592 1829 Antiochense

2096 1875 2127 1888 .-
2264 1873 2276 1884 ο
2466 1887 2471 1888 γ
2538 1887 2575 1888 η
2632 1887 2635 1888 ,
3244 1867 3463 1888 _A____,.,_
3506 1869 3554 1888 .__

321 1868 512 1937 μάτων
525 1872 591 1923 ἐκ
611 1873 946 1940 μηνυμάτων
975 1873 1228 1944 ἐπέτυχε,
1241 1875 1335 1927 καὶ
1351 1875 1536 1929 πολλοὶ
1555 1879 1906 1950 νεωτερίσανσ

316 1978 410 2023 τες
432 1964 557 2014 κατ’
578 1964 740 2016 αὐτοῦ
764 1967 858 2018 καὶ
875 1967 1178 2032 ἐαλωκότες
1194 1969 1349 2041 δίκην
1362 1969 1567 2026 ἔδοσαν.
1591 1970 1676 2036 Ὡς
1705 1971 1905 2036 Ἰλλοῦς

317 2052 493 2136 πολλὰ
520 2056 586 2125 τῇ
627 2053 915 2125 Ῥωμαίων
942 2063 1236 2128 συνήνεγκε
1262 2060 1507 2132 πολιτείᾳ
1538 2065 1659 2126 ταῖς
1684 2079 1744 2115 τε
1771 2063 1911 2116 κατὰ

318 2143 563 2211 πόλεμον
611 2145 1005 2214 ἀνδραγαθίαις
1031 2148 1129 2202 καὶ
1174 2151 1293 2212 ταῖς
1321 2150 1462 2204 κατὰ
1492 2151 1652 2204 πόλιν
1705 2153 1913 2222 φιλοτι-

318 2241 477 2310 μίαις
511 2259 575 2294 τε
605 2246 700 2296 καὶ
728 2244 1199 2315 δικαιοπραγίαις.
1249 2247 1337 2310 Ὠς
1384 2248 1526 2317 μετά
1562 2249 1662 2318 τὴν
1692 2251 1913 2322 ἀναίρε-

317 2349 402 2384 σιν
438 2332 537 2385 τοῦ
567 2333 835 2402 βασιλέως
865 2337 1128 2400 Νέπωτος
1167 2338 1387 2409 Ῥώμης
1432 2343 1525 2395 καὶ
1551 2344 1642 2396 τὸν
1671 2345 1910 2415 διωγμὸν

313 2425 412 2478 τοῦ
446 2427 570 2495 μετ’
600 2430 762 2482 αὑτὸν
786 2431 1199 2498 Αύγουστούλου
1230 2435 1524 2508 Ὀδόακρος
1556 2437 1786 2504 Ἰταλίας
1815 2443 1911 2494 καὶ

313 2516 488 2585 αὐτῆς
537 2518 813 2588 ἐκράτησε
859 2521 1110 2594 Ῥώμηςο
1155 2527 1253 2578 καὶ
1303 2530 1715 2584 στασιασάντων
1755 2532 1908 2604 αύτῷ

313 2607 425 2659 τῶν
455 2608 740 2678 δυσμικῶν
766 2612 1045 2680 Γαλατῶν,
1084 2616 1676 2690 διαπρεσϐευσαμένων
1716 2639 1776 2674 τε
1809 2625 1911 2676 αὺ-

313 2701 427 2754 τῶν
468 2707 565 2754 καὶ
593 2703 890 2776 Ὀδοὰκρου
917 2709 1054 2778 πρὸς
1075 2710 1321 2779 Ζήνωνα,
1349 2713 1627 2785 Ὀδοάκρῳ
1657 2717 1856 2784 μᾶλλον
1880 2719 1910 2771 6

314 2792 507 2860 Ζήνων
565 2796 880 2852 ἀπέκλινεν.
928 2799 1014 2861 Ὠς
1048 2799 1270 2866 Ἀλανός
1320 2821 1407 2868 τις
1449 2805 1650 2860 Ἰλλοῦν
1699 2808 1910 2864 ἀνελεῖν

317 2883 604 2955 βουληθεὶς
641 2889 736 2941 καὶ
763 2890 974 2960 πλήξας
997 2893 1300 2948 Ἐπινίκιον
1325 2893 1500 2960 εἶπεν,
1532 2899 1590 2958 ὃς
1614 2896 1684 2972 ἦν
1709 2902 1908 2967 οἰκεῖος

314 2977 549 3050 Βηρίνῃ,
581 2981 682 3052 τὴν
729 2983 1013 3053 ἀναίρεσιν
1065 2987 1392 3040 ὑποθέσθαι·
1429 2989 1524 3043 καὶ
1557 2991 1634 3055 ὡς
1686 2993 1905 3065 ἐξεδόθη

313 3067 617 3135 Ἐπινίκιος
655 3073 818 3126 Ἶλλοῦ
841 3093 852 3104 ·
876 3077 970 3128 καὶ
991 3077 1068 3140 ὼς
1093 3079 1384 3150 ὑποσχέσει
1410 3084 1504 3134 καὶ
1525 3084 1840 3164 ἀμνηστίας
1863 3087 1905 3120 ¹³

2016 1875 2160 1928 sedis
2194 1873 2482 1942 episcopus
2531 1881 2857 1926 sacraretur.
2889 1868 3022 1922 Cum
3071 1870 3198 1922 item
3244 1867 3469 1938 pecunia
3506 1869 3594 1918 iu-

2016 1969 2222 2036 digeret
2252 1968 2570 2035 imperator,
2606 1965 2910 2033 quierendaa
2955 1962 3030 2015 illi
3068 1963 3309 2031 pecunia:
3352 1960 3592 2012 rationes

2014 2070 2250 2114 ostensa:
2281 2067 2428 2113 sunt.
2475 2057 2628 2111 Multi
2667 2054 2830 2109 rebus
2877 2054 3032 2107 novis
3070 2063 3261 2106 contra
3296 2050 3444 2103 illum
3477 2058 3594 2101 stu-

2014 2156 2226 2216 dentes,
2264 2151 2408 2219 capti
2450 2164 2641 2219 positas
2673 2147 2958 2202 dederunt.
2994 2145 3156 2199 Multa
3193 2129 3366 2198 Hillus
3389 2142 3592 2195 Roma-

2016 2262 2097 2300 na:
2125 2244 2435 2315 reipublica:
2475 2243 2725 2309 contulit,
2757 2257 2880 2297 cum
2926 2241 3131 2294 militia:
3170 2239 3330 2294 rebus
3373 2237 3592 2290 fortiter

2013 2341 2206 2407 gestis,
2244 2349 2355 2392 tum
2392 2339 2534 2392 domi
2563 2337 2807 2391 honestis
2837 2333 3053 2396 studiis,
3089 2332 3390 2400 acjustitiaa
3414 2330 3587 2383 cultu.

2015 2432 2144 2487 Post
2205 2433 2590 2498 interemptum
2645 2428 2949 2482 Romanum
2999 2427 3268 2480 (la-sarem
3318 2434 3589 2491 nepotem,

2013 2537 2066 2578 et
2093 2525 2210 2590 ejus
2238 2537 2611 2576 successorem
2656 2517 3020 2587 Augustulum
3058 2515 3365 2584 expulsum,
3401 2511 3588 2566 Odoa-

2012 2633 2105 2670 cer
2129 2613 2309 2680 ltalia,
2336 2625 2500 2683 atque
2541 2613 2655 2682 ipsa
2688 2613 2823 2664 adeo
2854 2613 2987 2663 urbe
3022 2609 3225 2677 potitus
3249 2613 3351 2660 est.
3393 2603 3592 2657 Rebel-

2011 2703 2252 2758 lantibus
2283 2713 2461 2756 autem
2497 2703 2621 2755 huic
2648 2699 2959 2754 Occidentis
2991 2697 3186 2762 Gallis,
3241 2707 3296 2750 et
3321 2695 3592 2764 legatione

2012 2796 2081 2849 ab
2111 2797 2268 2866 ipsis,
2307 2795 2523 2864 aliaque
2545 2794 2612 2847 ab
2638 2791 2886 2847 Odoacro
2913 2792 2978 2845 ad
3008 2789 3279 2844 Zenonem
3311 2790 3496 2853 missa,
3534 2790 3590 2841 in

2012 2889 2317 2945 Odoacrum
2362 2889 2534 2958 magis
2571 2888 2810 2942 Zenonis
2856 2886 3073 2939 animus
3109 2884 3411 2938 inclinavit.
3465 2880 3592 2936 Ala-

2014 2999 2115 3037 nus
2167 2983 2382 3050 quidam
2439 2980 2693 3034 occidere
2751 2977 2950 3031 Hillum
3004 2988 3250 3039 conatus,
3291 2987 3413 3026 cum
3465 2985 3590 3024 eum

2010 3076 2390 3146 percussisset,
2419 3074 2486 3128 ab
2519 3073 2786 3142 Epiuicio,
2816 3072 2907 3139 qui
2943 3079 3061 3124 erat
3088 3067 3302 3122 Verius:
3333 3064 3592 3120 domesti-

313 3162 411 3213 καὶ
452 3164 790 3232 εὐεργεσιῶν
822 3169 1021 3234 ςὲξεϊπε
1073 3172 1252 3225 πάντα
1306 3174 1626 3245 Ἐπινίκιος,
1669 3160 1769 3233 ὅσα
1799 3183 1899 3233 ἐπ-

2014 3179 2129 3238 cus,
2162 3171 2517 3225 subornatum
2556 3183 2615 3222 se
2648 3169 2716 3221 ad
2765 3166 2970 3220 eadem
3008 3164 3106 3228 ait,
3147 3163 3330 3231 itaque
3359 3160 3591 3214 traditus

313 3253 571 3344 εϐούλευε
594 3257 801 3326 Βηρῖνα
825 3261 966 3313 κατά
1003 3261 1168 3316 ’ῐλλοῦ
1191 3282 1204 3294 ·
1236 3263 1362 3337 [177
1390 3267 1484 3340 IL]
1509 3269 1602 3322 καὶ
1621 3273 1696 3335 ὡς
1722 3275 1907 3342 Ζήνων

313 3347 555 3415 Βηρῖναν
592 3349 681 3402 διά
708 3351 868 3404 τοῦτο
912 3353 1215 3420 ἐκδίδωσιν,
1253 3360 1280 3410 6
1323 3359 1378 3410 δὲ
1423 3361 1595 3431 αὐτὴν
1624 3364 1704 3426 εἰς
1736 3364 1909 3434 φρού-

316 3455 429 3504 ριον
459 3439 721 3506 Κιλικίας
753 3443 1086 3515 ὑπερορίσας
1111 3448 1474 3517 ἠσφαλίσατο.
1511 3451 1600 3517 Ὠς
1634 3455 1907 3526 Παμπρε-

313 3532 421 3601 πέῳ
443 3531 523 3602 τῷ
545 3532 898 3588 δυσσεϐεῖδιὰ
917 3539 1144 3610 Μάρσου
1174 3542 1371 3608 Ἰλλοῦς
1389 3546 1666 3613 φιλιωθεὶς
1689 3549 1908 3603 ἅπαντα

311 3623 453 3677 κατὰ
491 3627 693 3696 μικρὸν
741 3629 961 3700 συνέχεε
994 3635 1062 3686 τὰ
1111 3635 1299 3690 αὐτοῦ.
1337 3638 1426 3701 Ὣς
1459 3639 1724 3708 ἐμφύλιος
1777 3660 1906 3694 συν-

313 3714 445 3785 έστη
481 3717 696 3786 Ζήνωνι
733 3719 778 3750 ¹⁸
807 3723 1045 3792 πόλεμος
1080 3725 1404 3798 ἐξάρχοντος
1445 3729 1769 3800 Μαρκιανοῦ
1808 3735 1905 3787 καὶ

314 3805 649 3874 Προκοπῐου,
689 3811 825 3865 υίῶν
859 3813 954 3866 τοῦ
993 3815 1416 3885 βασιλεύσαντος
1461 3823 1680 3895 Ῥώμης
1718 3827 1904 3880 Ἀνθε-

313 3898 471 3964 μίουο
503 3902 600 3954 καὶ
647 3905 1021 3974 κρατήσαντος
1055 3909 1305 3978 Ζήνωνος
1349 3912 1415 3965 δι’
1460 3914 1627 3969 Ἰλλοῦ
1659 3921 1903 3989 πρεσϐύα

310 4003 466 4058 τερος
495 3991 598 4058 μὲν
628 3995 946 4064 Μαρκιανὸς
989 3998 1396 4073 ἐχειροτονήθη,
1440 4007 1468 4059 6
1497 4006 1552 4059 δὲ
1597 4009 1904 4078 Προκόπιος

309 4081 444 4150 πρὸς
475 4083 814 4155 Θεοδὼριχον
837 4088 925 4140 τὸν
948 4091 1006 4141 ἐν
1021 4090 1207 4162 Θρᾴκη
1225 4093 1472 4166 διέφυγε.
1494 4100 1606 4151 Καὶ
1633 4100 1706 4164 ὡς
1732 4103 1906 4174 ὑπερ-

306 4175 550 4240 ορισθεὶς
592 4179 913 4248 Μαρκιανὸς
958 4184 1016 4234 ἐν
1061 4185 1431 4258 Καππαδοκίᾳ
1480 4193 1576 4245 καὶ
1624 4193 1904 4264 διαφυγὼν

308 4265 544 4359 ἐτάραξε
578 4267 678 4339 τὴν
726 4273 847 4323 κατ’
885 4273 1172 4341 ’Ἄγκυραν
1210 4278 1500 4346 Γαλατίαν,
1545 4279 1665 4337 εἶτα
1702 4288 1902 4359 συλλη-

306 4356 462 4422 φθεὶς
496 4360 582 4423 είς
610 4361 885 4432 Ίσαυρίαν
911 4365 1195 4439 διῳκίσθη.
1225 4371 1333 4423 Καὶ
1357 4372 1432 4434 ὡς
1465 4375 1496 4443 ἡ
1521 4376 1656 4444 πρὸς
1699 4356 1902 4434 Ἶλλούν

2011 3261 2153 3316 ΙΙιιΙο
2189 3261 2466 3330 Epinicius
2504 3271 2610 3325 est,
2652 3259 2744 3327 qui
2784 3261 2909 3311 data
2949 3257 3050 3310 l‘ide
3099 3264 3152 3308 et
3187 3252 3502 3312 oblivionis,
3535 3257 3592 3301 et

2010 3357 2378 3426 prauuiorum,
2418 3355 2609 3406 ordine
2645 3361 2839 3404 cuncta
2882 3347 3184 3408 enarravit,
3227 3359 3344 3412 quae
3395 3344 3446 3395 in
3474 3339 3591 3392 Hil-

2007 3449 2118 3503 lum
2155 3447 2349 3501 Verina
2401 3445 2704 3498 moliretur.
2757 3442 2935 3507 Quare
2968 3439 3115 3493 Zeno
3149 3436 3404 3491 Verinam
3449 3431 3591 3486 llillo

2009 3541 2252 3604 tradidit,
2301 3540 2390 3608 qui
2423 3554 2543 3592 eam
2596 3538 2648 3589 in
2705 3535 2909 3590 Cilicia:
2961 3532 3244 3588 castellum
3297 3527 3587 3597 ablegavit,

2007 3646 2170 3704 atque
2218 3632 2291 3686 ita
2345 3643 2517 3684 tntum
2550 3645 2671 3684 sese
2717 3627 2975 3681 reddidit.
3032 3624 3208 3678 Hillus
3240 3621 3587 3688 Pamprepio,

2008 3727 2215 3784 homini
2253 3727 2443 3796 impio,
2467 3723 2632 3776 Marsi
2671 3737 2860 3792 opera,
2886 3721 3064 3774 factus
3103 3733 3288 3780 carus,
3327 3708 3586 3783 paulatim

2008 3821 2192 3877 omnia
2249 3819 2420 3888 ipsius
2466 3816 2686 3886 negotia
2750 3814 3112 3884 perturbavit.
3168 3809 3339 3864 Civile
3383 3805 3588 3860 Zenoni

2005 3915 2204 3970 bellum
2248 3912 2370 3977 fuit,
2422 3920 2586 3978 atque
2631 3909 2948 3962 intestinum
3000 3901 3405 3972 insurgentibus
3453 3898 3591 3950 Mar-

2007 4009 2172 4063 ciano
2218 4016 2271 4060 et
2305 4003 2593 4072 Proc0pio,
2635 4001 2760 4055 liliis
2792 3999 2909 4067 ejus
2937 3998 3028 4068 qui
3073 3996 3258 4049 Roma-
3289 3996 3592 4062 imperave-

2006 4110 2092 4154 rat
2142 4097 2420 4153 Anthemii
2480 4109 2619 4163 quos
2651 4108 2774 4146 cum
2826 4090 3000 4145 Hillus
3043 4088 3279 4143 Zenonis
3328 4084 3590 4151 auspiciis

2005 4190 2316 4252 devicisset,
2351 4186 2662 4240 Marcianus
2696 4185 2914 4253 quidem
2954 4192 3080 4235 natu
3132 4179 3393 4246 grandior
3440 4177 3584 4229 ordi-

2007 4291 2168 4335 natus
2200 4286 2286 4332 cst
2313 4278 2598 4350 presbyter
2637 4292 2650 4327 :
2691 4273 2991 4341 ProcOpius
3029 4287 3160 4323 vero
3192 4272 3257 4323 ad
3287 4267 3590 4321 Tlieude't'i-

2004 4375 2166 4428 chum
2227 4373 2279 4424 in
2331 4370 2621 4424 Thraciam
2667 4365 2932 4435 confugit.
2984 4365 3125 4430 Quin
3169 4373 3221 4415 et
3247 4363 3480 4414 extorris
3536 4362 3589 4412 in

302 4448 477 4557 ἔχθρα
528 4451 612 4557 "at?
643 4452 858 4521 βασιλεῖ
897 4459 1127 4530 συνέστη
1179 4461 1274 4514 καὶ
1324 4463 1558 4536 ηὐξήθη.
1594 4468 1751 4523 Οὕτω
1800 4473 1900 4542 μὲν

2014 4465 2352 4536 Cappadocia
2398 4460 2729 4522 Marcianus,
2768 4457 2894 4526 fuga
2947 4456 3180 4523 elapsus,
3217 4469 3336 4522 qua:
3368 4452 3436 4505 ad
3479 4452 3591 4504 Au-

301 4540 396 4594 οὖν
434 4542 478 4573 ¹⁵
506 4545 604 4596 καὶ
636 4547 665 4596 6
693 4546 969 4616 δεύτερος.

2016 4576 2198 4632 cyram
2225 4559 2466 4628 pertinet
2491 4551 2784 4615 Galatiam,
2811 4548 3070 4609 turbavit,
3114 4547 3284 4598 donec
3313 4554 3504 4610 captus
3538 4541 3592 4593 in

299 4633 571 4734 lsaur-iam
601 4647 690 4690 est
727 4637 1014 4707 relegatus.
1046 4643 1103 4695 ln
1133 4642 1332 4700 Hillum
1365 4663 1582 4720 quoque
1656 4657 1724 4713 ab
1793 4659 2126 4734 imperatore
2187 4655 2370 4711 odium
2425 4651 2748 4712 conceptum
2825 4647 2932 4703 est,
3011 4644 3357 4705 auctumque.
3411 4640 3587 4708 Atque

301 4724 420 4778 haec
451 4724 594 4778 libro
623 4730 866 4782 secundo
894 4732 1128 4797 prodita.

381 4815 536 4912 Ἴ)
556 4817 744 4912 τ-ρίτος
774 4819 912 4874 ἄλλα
932 4839 990 4874 τε
1017 4825 1283 4897 περιέχει,
1312 4831 1406 4883 καὶ
1429 4832 1505 4896 ὡς
1529 4836 1608 4900 είς
1635 4838 1697 4892 τὸ
1719 4841 1899 4912 ἐμφα-

298 4904 394 4968 νὲς
436 4906 644 4969 Ἰλλοῧς
677 4909 993 4976 ἐπαναστὰς
1024 4916 1234 4986 Ζήνωνι
1269 4918 1494 4988 βασιλέα
1516 4904 1769 4983 Λεόντιον
1801 4904 1898 4987 σὺν

296 4999 515 5094 {inpium
541 5002 784 5094 ἀνεῖπεν,
809 5004 957 5067 ὅπως
980 5023 1037 5058 τε
1065 5007 1552 5082 δυσπραγήσαντες
1577 5020 1903 5094 ἐπολιορκή-

299 5087 479 5159 θησαν
509 5093 604 5145 καὶ
664 5094 886 5158 ἁλόντες
938 5099 1363 5173 ἀπετμήθησαν,
1421 5109 1516 5160 καὶ
1570 5109 1742 5165 τᾶλλα
1769 5087 1900 5177 ’ἕως

299 5183 402 5246 ti;
427 5185 683 5254 Ζήνωνος
707 5187 986 5259 τελευτῆς.

2083 4839 2220 4910 56b
2281 4831 2504 4888 Tertius
2547 4826 2743 4882 deinde
2792 4825 2931 4879 liber
2981 4838 3104 4878 cum
3159 4822 3263 4876 alia
3321 4824 3587 4887 continet,

2007 4942 2123 4984 tum
2163 4923 2438 4994 quomodo
2465 4918 2646 4988 palam
2693 4918 2742 4970 in
2770 4915 3045 4970 Zenonem
3076 4913 3252 4968 Hillus
3277 4915 3592 4967 insurrexe-

2009 5021 2102 5082 rit,
2159 5013 2557 5080 Leontiumque
2605 5011 2984 5077 imperatorem
3017 5005 3211 5060 Verina
3243 5006 3588 5059 renuntiave-

2009 5111 2104 5173 rit,
2137 5117 2305 5176 utque
2363 5119 2422 5158 re
2477 5101 2770 5156 infeliciter
2831 5111 3010 5170 gesta,
3068 5100 3277 5154 obsessi
3332 5098 3588 5165 captique

2005 5199 2184 5266 capite
2230 5195 2466 5249 truncati
2518 5195 2651 5258 sint,
2702 5191 2921 5263 aliaque
2955 5191 3024 5246 ad
3063 5190 3142 5261 (2)
3175 5191 3377 5245 exitum
3419 5201 3588 5255 usque

2005 5287 2264 5343 Zenonis.

1557 5382 1797 5440 VARIIE
1826 5382 2120 5438 LECTiON
2129 5383 2233 5438 ES.

375 5462 396 5491 ’
421 5462 484 5514 ἐκ
503 5463 601 5516 τοῦ
620 5463 669 5516 Δ
695 5479 710 5514 :
741 5465 851 5517 ἀπὸ
875 5484 937 5531 ς.
1051 5470 1096 5501 ¹⁹
1126 5467 1279 5524 εἶπεν
1317 5471 1386 5528 A.

302 5527 513 5600 Ζήνωνι
547 5551 610 5599 ς.
763 5536 862 5605 μὲν
881 5527 975 5590 οὖν
1041 5556 1148 5594 om.
1175 5543 1240 5596 A.

291 5733 296 5744 Ι
519 5672 761 5758 zenonis
813 5675 956 5732 hunc
1003 5677 1427 5758 Magnmnl'uisse
1470 5689 1691 5758 scripsit
1737 5669 1892 5744 Suid.

305 5743 489 5867 ait(.99)
567 5745 820 5798 Malcbus
887 5763 988 5817 sup
1079 5743 1147 5805 ab
1224 5753 1475 5824 Onulpho
1545 5743 1894 5819 ίιῖιέγίθξιυυί

1485 5474 1528 5505 ¹¹
1559 5480 1810 5548 παγγενῆ
1838 5476 1903 5530 Δ.
1990 5475 2034 5505 ¹²
2067 5474 2387 5532 ἀπέσταλκε
2424 5495 2487 5545 ς.

1841 5612 2073 5672 NOTAE.

2576 5478 2621 5510 "
2649 5477 2984 5550 ἀμνηστείας
3006 5493 3071 5539 ς.
3172 5473 3217 5505 ιδ
3240 5470 3472 5545 Ζήνωνι]
3507 5471 3589 5545 τῷ

2077 5683 2154 5756 (1)
2178 5684 2526 5756 ﬁgeremus,
2568 5701 2716 5754 supr.
2789 5687 3227 5754 cognominatur,
3277 5687 3404 5744 cod.
3447 5687 3511 5743 Μ
3539 5701 3583 5754 ς..

2007 5751 2144 5814 alibi
2167 5751 2346 5817 Fullo.
2367 5751 2734 5813 .Antiocliénte
2757 5751 2902 5810 sedis
2931 5769 3130 5822 raptor.

2078 5827 2160 5901 ('2)
2186 5823 2356 5892 Quem
2390 5829 2505 5898 lege
2533 5831 2674 5896 apud
2703 5827 2858 5882 Suid.
2891 5829 2942 5882 in
2980 5825 3223 5886 Zenone.
