3942 6234
385 347 494 409 255

1054 457 1266 514 Lxxx.
1709 522 1720 531 ,

637 553 1002 625 Olympiodori
1038 553 1381 606 historiarum
1417 547 1539 606 libri
1571 563 1713 604 xx".

463 647 613 704 Lecti
653 655 780 702 sunt
816 643 1182 715 Olympiodori
1225 642 1586 697 Historiarum
1620 639 1740 695 libri
1782 639 1888 694 duo
1916 645 1974 692 et

391 741 609 810 viginti,
643 740 807 794 ducto
862 738 1019 792 initio
1075 737 1141 792 ab
1195 733 1416 789 Honorii
1467 732 1694 788 Romani
1741 730 1974 801 impera-

393 832 526 887 toris
581 829 865 884 consulatu
920 827 1183 896 septimo,
1249 836 1306 882 et
1359 824 1652 881 Theodosii
1684 825 1973 880 secundo:

394 923 718 991 deducitqne
777 921 1059 974 historiam
1117 921 1183 972 ad
1238 919 1291 973 id
1345 933 1514 988 usque
1568 927 1812 986 tempus,
1869 931 1976 982 quo

396 1011 831 1076 Valentinianus,
865 1008 1098 1063 Placidia
1136 1018 1193 1064 et
1233 1008 1533 1064 Canstantii
1570 1008 1734 1072 filius,
1771 1007 1976 1061 Roma-

395 1116 498 1159 nus
535 1102 830 1169 imperator
875 1101 1192 1155 declaratus
1237 1109 1338 1154 est.
1369 1099 1616 1169 Scriptor
1661 1100 1749 1154 hic
1793 1109 1974 1154 ortum

393 1192 544 1247 ducit
575 1191 920 1262 Egyptiacis
955 1190 1181 1254 Thebis,
1217 1188 1553 1258 professione
1593 1201 1770 1260 poeta,
1810 1200 1870 1244 ut
1911 1193 1980 1248 de

394 1299 456 1340 se
488 1280 712 1346 fatetur,
746 1281 1004 1352 religione
1045 1295 1174 1335 vero
1220 1281 1460 1350 gentium
1508 1281 1766 1336 imbutus.
1804 1283 1978 1338 Dictio

397 1371 472 1425 illi
499 1371 682 1437 clara;
713 1372 941 1424 remissa
975 1381 1151 1424 tamen
1187 1386 1250 1424 ac
1289 1371 1575 1434 dissoluta,
1607 1381 1662 1426 et
1693 1373 1747 1426 in
1781 1374 1982 1441 protri-

400 1475 508 1521 tam
551 1464 802 1518 devoluta
843 1465 1134 1517 verborum
1177 1463 1530 1518 alllnentiam.
1569 1461 1758 1520 Oratio
1800 1467 1983 1533 itaque

401 1557 625 1626 indigna
671 1566 730 1609 ut
777 1555 1022 1610 historiae
1069 1557 1456 1610 adnttmeretur
1483 1575 1497 1611 :
1529 1557 1686 1626 cujus
1722 1559 1836 1630 ipse
1873 1557 1985 1612 for-

402 1655 548 1700 tasse
589 1646 864 1713 conscius,
895 1661 1000 1701 non
1048 1646 1330 1700 historiam
1381 1648 1523 1701 hanc
1556 1663 1585 1700 a
1617 1662 1677 1703 se
1705 1648 1980 1712 adornari,

404 1737 500 1791 sed
531 1739 815 1792 materiam
847 1738 1132 1802 duntaxat,
1175 1753 1270 1793 seu
1306 1737 1764 1794 Commentariun)
1803 1739 1984 1794 Histo-

1519 337 1784 400 PHOTII
1825 336 2333 400 PATRIARCH/E
2373 336 2483 398 CP.

3548 331 3659 394 25:6

2365 503 2370 508 .
2823 455 2906 510 [ιν.

2287 546 2776 616 Ὀλυμπιοδώρου
2813 544 3083 613 ἱστορίας
3115 543 3285 613 λόγοι
3327 543 3443 608 φιβ’.

2160 636 2608 705 Ἀνεγνώσθησαν
2643 634 3089 706 Ὀλυμπιοδώρου
3145 632 3453 702 Ἱστορικοὶ
3489 633 3662 702 λόγος

2075 728 2181 800 κβ’.
2204 730 2464 800 Ἀρχεται
2481 729 2590 784 ἀπὸ
2617 729 2717 799 τῆς
2743 727 3003 798 Ὀνωρίου
3021 726 3114 780 τοῦ
3134 726 3399 796 βασιλέως
3440 725 3662 796 Ῥώμης

2073 821 2174 892 τῆς
2197 819 2463 884 ὑπατείας
2487 821 2549 874 τὸ
2564 819 2791 890 ἕϐδομον
2810 820 2903 873 καί
2922 817 3206 871 Θεοδοσίου
3227 817 3288 870 τὸ
3315 816 3568 887 δεύτερον
3595 818 3660 880 ¹⁶,

2078 913 2406 984 κατέρχεται
2439 911 2495 966 δὲ
2548 912 2741 984 μέχρις
2783 912 2904 965 ὅτου
2940 909 3353 972 Βαλεντινιανὸς
3393 911 3421 962 6
3454 908 3665 961 Πλακια-

2075 1005 2194 1069 δίας
2227 1007 2269 1039 ¹⁷
2301 1005 2395 1058 καὶ
2441 1004 2853 1060 Κωνσταντένου
2887 1005 2930 1038 ¹⁸
2973 1007 3102 1068 παῖς
3148 1005 3230 1068 είς
3264 1002 3364 1074 τὴν
3396 1002 3665 1072 βασίλειον

2077 1098 2180 1170 τῆς
2211 1098 2433 1168 Ῥώμης
2460 1097 2746 1170 ἀνερρήθη
2782 1096 2912 1169 [104
2937 1096 3032 1170 Η.]
3055 1098 3254 1168 ἀρχήν.
3287 1091 3456 1161 Οὗτος
3478 1097 3507 1149 6
3535 1111 3666 1162 συγ-

2079 1193 2326 1261 γραφεὺς
2355 1191 2590 1260 Θηϐαῖος
2619 1189 2721 1262 μέν
2759 1192 2928 1253 ἐστιν,
2971 1191 3037 1243 ὲκ
3063 1191 3173 1243 τῶν
3205 1189 3340 1260 πρὸς
3385 1187 3668 1256 Αἴγυπτον

2082 1283 2276 1351 Θηϐῶν
2303 1283 2367 1336 τὸ
2394 1285 2552 1352 γένος
2579 1282 2739 1352 ἔχων,
2766 1282 2998 1354 ποιητὴς
3031 1283 3096 1346 ¹⁹,
3130 1281 3204 1344 ὡς
3231 1280 3392 1343 αὑτός
3418 1297 3574 1347 φησι,
3606 1279 3668 1330 τὸ

2083 1374 2444 1444 ἐπιτήδευμα,
2485 1374 2684 1444 Ἕλλην
2716 1373 2815 1444 τὴν
2849 1371 3172 1444 θρησκείαν,
3207 1371 3386 1442 σαφὴς
3433 1370 3533 1440 μὲν
3570 1370 3669 1439 τὴν

2084 1465 2305 1536 φράσιν,
2356 1467 2545 1531 ἄτονος
2588 1466 2648 1519 δὲ
2703 1467 2798 1521 καὶ
2848 1466 3208 1536 ἐκλελυμένος
3260 1463 3356 1518 καὶ
3397 1462 3535 1533 πρὸς
3567 1463 3670 1531 τὴν

2087 1558 2484 1630 πεπατημένην
2532 1558 2998 1628 κατενηνεγμένος
3047 1555 3463 1628 χυδαιολογίαν,
3525 1554 3669 1606 ὥστε

2088 1650 2214 1722 μηδ’
2240 1650 2391 1715 ἄξιος
2425 1652 2504 1715 εἰς
2541 1649 2862 1722 συγγραφὴν
2885 1647 3299 1720 ἀναγράφεσθαι
3326 1651 3354 1701 ὁ
3387 1647 3566 1714 λόγος.
3605 1647 3671 1697 Ὀ

2086 1744 2182 1796 καὶ
2227 1742 2388 1806 αὐτὸς
2423 1743 2552 1806 ἴσως
2605 1741 2830 1795 συνιδὼν
2863 1742 2924 1795 οὐ
2954 1741 3279 1812 συγγραφὴν
3309 1739 3459 1809 αὐτῷ
3495 1737 3671 1791 ταῦτα

404 1827 499 1882 ria:
529 1830 864 1898 suppeditari
900 1830 1204 1884 contendit.
1242 1829 1392 1885 Adeo
1429 1831 1679 1890 informis
1713 1847 1776 1886 ac
1805 1833 1986 1900 specie

2098 1833 2627 1902 κατασκευασθῆναι,
2659 1832 2793 1888 ἀλλὰ
2824 1831 2957 1904 ὕλην
2986 1833 3309 1903 συγγραφῆς
3337 1828 3670 1900 ἐκπορισθῇ-

403 1934 624 1984 carens,
651 1922 819 1975 etiam
853 1922 1082 1989 ipsemet
1107 1922 1364 1977 dictionis
1389 1938 1500 1978 sure
1523 1925 1810 1978 character
1837 1924 1986 1978 visus

2098 1943 2175 1978 ναι
2196 1925 2634 1980 διαϐεϐαιοῦταιο
2661 1923 2836 1987 οὕτως
2859 1925 3105 1994 ἄμορφος
3140 1923 3235 1976 καὶ
3259 1921 3464 1984 ἀνίδεος
3505 1921 3552 1951 ’⁸
3581 1921 3674 1971 καὶ

403 2022 511 2067 est.
555 2013 624 2068 Et
665 2029 795 2069 vero
831 2013 977 2068 nulla
1025 2014 1142 2069 idea
1189 2015 1278 2070 hic
1322 2016 1513 2079 enitet,
1556 2016 1659 2070 nisi
1701 2017 1824 2076 unis
1863 2032 1985 2070 eum

2098 2016 2234 2088 ιύτῷ
2269 2017 2366 2070 τοῦ
2396 2017 2557 2085 λόγου
2587 2017 2616 2070 6
2660 2016 2950 2088 χαρακτὴρ
3007 2014 3390 2083 κατεφαίνετο.
3422 2012 3529 2065 Καὶ
3560 2012 3673 2080 γὰρ

403 2101 531 2156 alibi
583 2103 921 2175 simplicitati
969 2106 1233 2160 accedere
1286 2107 1616 2174 contendat;
1665 2107 1766 2160 etsi
1815 2121 1988 2175 neque

2098 2110 2315 2180 >ὐδεμιᾷ
2342 2109 2452 2162 τῶν
2486 2109 2638 2164 ἰδεῶν
2668 2108 3092 2172 καλλωπίζεται,
3123 2106 3263 2176 πλὴν
3293 2107 3345 2159 εί
3372 2123 3454 2169 τις
3483 2103 3542 2157 ἐν
3564 2121 3675 2157 τισι

405 2195 546 2251 hanc
593 2197 844 2261 attingat,
880 2197 1005 2251 dum
1044 2198 1207 2255 nimis
1253 2199 1442 2254 humili
1493 2214 1558 2254 ac
1601 2200 1696 2253 vili
1732 2201 1987 2254 dictionis

2098 2205 2155 2273 τῇ
2183 2201 2412 2274 ἀφελείᾳ
2438 2201 2758 2272 πλησιάζειν
2787 2199 3100 2254 ὲκὸιάσοιτο
3121 2216 3135 2229 °
3168 2199 3246 2270 τῷ
3283 2198 3393 2268 γὰρ
3423 2197 3546 2250 λίαν
3578 2214 3677 2250 τα·

409 2300 612 2354 genere
641 2301 793 2352 usus,
818 2288 872 2342 in
905 2289 1240 2346 idiotismum
1274 2291 1651 2359 plebeiumque
1679 2307 1987 2346 sermonem

2098 2293 2262 2363 πεινῷ
2304 2295 2398 2346 καὶ
2423 2292 2864 2364 ἐξηυτελισμένῳ
2907 2291 3001 2344 καὶ
3028 2289 3233 2358 ταύτης
3259 2290 3544 2341 ἐκπίπτων
3595 2289 3676 2348 είς

407 2391 631 2444 prorsus
665 2378 952 2434 delabitur.
985 2381 1052 2434 Et
1091 2382 1216 2436 licet
1248 2380 1452 2436 Silvam
1496 2397 1652 2437 suum
1697 2385 1814 2452 ipse
1852 2398 1988 2452 Opus

406 2468 660 2538 appellet,
696 2470 851 2526 libris
896 2482 1076 2528 tamen
1137 2475 1444 2544 distinguit,
1477 2473 1990 2545 prazfationibusque

405 2577 606 2618 ornare
646 2563 862 2619 nititur.
900 2564 1192 2620 Historiam
1235 2567 1483 2622 inscribit
1531 2565 1835 2623 Theodosio
1864 2566 1990 2640 [Mi-

408 2652 552 2725 nori]
583 2653 898 2724 imperatori
931 2659 1023 2727 qui
1059 2659 1282 2715 Arcadii
1317 2659 1488 2727 illius,
1519 2661 1741 2717 Honorii
1775 2677 1838 2717 ac
1872 2661 1990 2715 Pla-

405 2746 564 2801 cidiae
597 2748 862 2816 patruelis
888 2748 1012 2808 fuit.

483 2927 686 2983 Narrat
738 2930 918 2999 itaque
965 2931 1332 2988 Stelichonem
1383 2933 1449 2989 ad
1502 2950 1751 3006 magnam
1801 2951 1993 3005 perve-

414 3019 560 3075 nisse
609 3022 948 3091 potentiam,
1005 3039 1129 3080 cum
1186 3040 1312 3079 eum
1372 3025 1710 3084 Theodosius
1768 3028 1992 3100 Magnus

2091 2384 2400 2453 ίδιωτισμὸν
2431 2385 2568 2448 ὅλως
2601 2385 2983 2455 ὑπενήνεκται.
3016 2381 3203 2448 Ὕλην
3229 2381 3285 2434 δὲ
3317 2381 3480 2442 αὐτὸς
3511 2380 3679 2432 ιστο-

2081 2476 2223 2546 ρίας
2251 2475 2426 2529 ταῦτα
2452 2470 2656 2539 καλῶν,
2678 2475 2829 2544 ὅμως
2861 2473 2954 2527 καὶ
2981 2472 3162 2541 λόγοις
3189 2473 3390 2540 διαιρεῖ
3418 2471 3512 2524 καὶ
3541 2485 3678 2539 «po-

2089 2569 2292 2638 οιμίοις
2341 2569 2601 2640 πειρᾶται
2644 2569 2896 2636 κοσμεῖν,
2943 2566 3038 2619 καὶ
3091 2565 3229 2636 πρὸς
3260 2563 3542 2617 Θεοδόσιον
3583 2561 3678 2614 τὸν

2093 2661 2340 2732 βασιλέα,
2367 2661 2426 2724 ὃς
2461 2660 2681 2730 ἀνεψιὸς
2707 2659 3080 2731 ἐχρημάτιζεν
3119 2656 3378 2728 Ὀνωρίου
3409 2655 3504 2709 καὶ
3537 2655 3683 2707 Πλα-

2091 2755 2292 2819 κιδίας,
2340 2753 2629 2826 Ἀρκαδίου
2651 2753 2709 2806 δὲ
2738 2753 2890 2816 παῖς,
2925 2751 3063 2821 πρὸς
3087 2749 3279 2806 τοῦτον
3306 2749 3406 2820 τὴν
3435 2748 3682 2818 ἱστορίαν

2090 2845 2385 2914 ἀναφωνεϊ.

2163 2936 2533 3006 Διαλαμϐἀνει
2553 2935 2734 2990 τοίνυν
2767 2935 2899 3007 περὶ
2931 2934 3286 3004 Στελίχωνος,
3331 2934 3465 3002 ὅσην
3495 2949 3554 2986 τε
3583 2948 3682 2984 πε-

2095 3027 2413 3100 ριεὸέϐλητο
2435 3027 2690 3098 δύναμιν,
2721 3027 2999 3089 καταστὰς
3025 3025 3320 3096 ἐπίτροπος
3346 3027 3388 3055 ²¹
3416 3023 3526 3078 τῶι
3549 3023 3685 3076 παί-

415 3126 618 3180 parens
663 3113 816 3183 ipse,
861 3115 976 3170 suis
1023 3115 1212 3170 liberis
1255 3116 1492 3172 Arcadio
1547 3127 1708 3188 atque
1754 3117 1989 3176 Honorio

2098 3121 2200 3174 δων
2238 3121 2526 3192 Ἀρκαδίου
2569 3120 2667 3174 καὶ
2704 3118 2965 3190 Ὀνωρίου
3000 3118 3093 3171 ὑπ’
3127 3117 3293 3172 αὐτοῦ
3341 3115 3436 3170 τοῦ
3475 3115 3685 3184 πατρὸς

415 3211 652 3258 tutorem
685 3206 1057 3275 imposuisset,
1087 3222 1151 3263 ac
1181 3217 1446 3278 praeterea
1475 3224 1699 3265 uxorem
1729 3211 1992 3267 Serenam

413 3291 679 3356 duxisset,
718 3308 749 3347 a
783 3292 1091 3351 Theodosio
1132 3311 1287 3366 aeque
1331 3298 1430 3366 ipsi
1474 3299 1822 3366 desponsam.
1868 3301 1996 3357 Post

411 3383 599 3448 etiam,
647 3382 753 3436 tilia
803 3401 899 3438 sua
941 3385 1296 3442 Thermantia
1333 3390 1522 3457 nuptui
1559 3389 1796 3444 Honorio
1828 3391 1996 3462 impe—

421 3474 586 3528 ratori
619 3476 770 3541 data,
805 3477 955 3531 illum
991 3478 1094 3533 sibi
1128 3493 1390 3551 generum
1422 3481 1684 3536 ascivisse
1720 3499 1734 3536 :
1765 3482 1998 3551 indeque

415 3566 484 3618 ad
524 3581 793 3621 summam
843 3586 1068 3638 prorsus
1119 3583 1370 3627 evectum
1421 3575 1745 3644 potentiam.
1825 3574 1996 3632 Multa

418 3672 516 3726 pro
569 3658 828 3716 Romanis
874 3678 996 3716 cum
1051 3665 1220 3720 variis
1271 3665 1524 3736 gentibus
1572 3668 1713 3722 bella
1761 3671 2000 3740 gessisse

418 3750 668 3818 feliciter,
701 3754 872 3808 donec
904 3758 1251 3825 sanguinaria
1287 3758 1365 3831 (ὅ)
1405 3761 1736 3831 immanique
1765 3762 1998 3834 Olympii

415 3855 580 3908 opera
625 3842 742 3912 (qui
793 3859 890 3913 per
939 3846 1305 3903 Stelichonem
1347 3849 1662 3918 imperatori
1711 3850 2000 3909 familiaris

416 3931 595 3988 factus
630 3932 828 4003 fuerat)
859 3937 1002 3991 ferro
1034 3950 1259 3994 mortem
1293 3943 1511 4012 excepit
1539 3943 1640 4013 (ι).

485 4024 650 4080 Addit
706 4027 1022 4084 Alarichum
1079 4030 1379 4087 Gothorum
1443 4033 1791 4103 praefectum,
1859 4037 2000 4109 57a

417 4134 578 4188 quem
629 4121 757 4174 olim
811 4133 1066 4176 evocarat
1109 4123 1376 4189 Stelicho,
1425 4134 1482 4179 ut
1531 4124 1772 4181 Honorio
1825 4129 2003 4199 Illyri—

416 4226 542 4264 cum
574 4215 742 4266 armis
776 4221 986 4268 teneret
1023 4215 1161 4286 (haec
1206 4217 1350 4268 enim
1393 4216 1466 4271 illi
1509 4219 1787 4286 provincia
1834 4235 1862 4273 a
1906 4236 2000 4288 pa-

418 4313 571 4357 rente
626 4304 933 4360 Theodosio
983 4308 1037 4361 in
1098 4309 1388 4378 partitione
1463 4312 1614 4380 regni
1681 4311 2000 4382 obvenerat)

421 4404 532 4450 tum
582 4399 653 4451 ob
683 4399 1011 4455 Stelichonis
1053 4402 1276 4468 caedem,
1315 4412 1424 4456 tum
1475 4405 1619 4474 quod
1674 4406 2000 4473 promissum

417 4489 493 4544 illi
527 4492 711 4545 datum
749 4506 855 4546 non
905 4503 1069 4557 esset,
1109 4494 1367 4560 cinxisse,
1410 4505 1466 4550 et
1498 4495 1709 4564 cepisse
1747 4495 1996 4561 Romam,
2024 4479 2077 4538 Π

422 4583 475 4638 in
532 4597 707 4651 eaque
761 4584 896 4639 urbe
955 4585 1326 4640 incredibilem
1387 4588 1602 4658 argenti
1655 4590 1763 4640 vim
1820 4590 1996 4656 prazda

419 4675 725 4730 avertisse.-
763 4677 905 4742 Quin
952 4687 1008 4732 et
1050 4677 1276 4734 Honorii
1323 4677 1616 4733 Placidiam
1655 4678 1772 4751 (5),
1814 4679 1999 4733 Romae

421 4775 534 4820 tum
582 4779 868 4837 agentem,
917 4771 1187 4840 captivam
1243 4770 1521 4826 habuisse.
1567 4770 1712 4828 Ante
1776 4782 1995 4840 captam

420 4872 548 4911 vero
595 4861 784 4914 urbem
836 4861 1100 4918 illustrem
1148 4871 1260 4920 tum
1304 4865 1502 4932 virum,
1552 4865 1639 4922 cui
1689 4865 1871 4919 Attalo
1915 4863 1993 4939 (6)

2095 3209 2274 3264 αὐτῶν
2298 3208 2580 3262 Θεοδοσίου
2609 3206 2701 3261 τοῦ
2726 3206 3007 3274 Μεγάλου,
3040 3206 3134 3259 καὶ¹
3163 3207 3238 3268 ώς
3261 3205 3502 3275 Σερῆναν
3530 3205 3686 3275 νόμῳ

2097 3299 2275 3369 γάμου
2307 3297 2571 3367 ἠγάγετο,
2605 3295 2887 3350 Θεοδοσίου
2920 3297 3015 3348 καὶ
3053 3294 3260 3365 ταύτην
3291 3295 3440 3366 αὑτῷ
3481 3311 3688 3360 κατεγ-

2096 3393 2421 3462 γυήσαντος.
2450 3392 2574 3444 Ὀτι
2628 3407 2688 3442 τε
2738 3389 2877 3460 μετὰ
2923 3389 3096 3441 ταῦτα
3142 3387 3412 3457 Στελίχων
3461 3389 3542 3450 εἰς
3587 3387 3688 3457 τὴν

2098 3484 2293 3538 ἑαυτοῦ
2337 3483 2683 3555 Θερμαντίαν
2720 3483 2812 3536 τὸν
2863 3481 3090 3552 βασιλέα
3133 3480 3387 3551 Ὀνώριον
3435 3478 3692 3547 γαμϐρὸν

2099 3578 2414 3648 ἐποιήσατο,
2445 3576 2538 3629 καὶ
2566 3574 2640 3636 ὡς
2670 3575 2764 3626 ἐπὶ
2799 3573 3052 3626 πλεῖστον
3081 3571 3163 3626 ἔτι
3196 3573 3398 3642 μᾶλλον
3431 3570 3572 3642 ἤρθη
3599 3571 3693 3622 δυ-

2098 3670 2338 3732 νάμεως,
2369 3669 2464 3721 καὶ
2487 3667 2718 3730 πολλοὺς
2751 3665 3018 3736 πολέμους
3043 3663 3186 3734 ὑπὲρ
3234 3664 3524 3733 Ῥωμαίων
3549 3661 3691 3732 πρὸς

2104 3762 2276 3814 πολλὰ
2311 3761 2422 3813 τῶν
2457 3759 2626 3814 ὲθνῶν
2657 3757 3021 3828 κατώρθωσεο
3055 3757 3152 3809 καὶ
3177 3757 3260 3809 ὅτι
3288 3755 3561 3825 μιαιφόνῳ
3593 3754 3691 3805 καὶ

2101 3853 2455 3927 ἀπανθρώπῳ
2479 3853 2684 3924 σπουδῇ
2719 3851 3045 3922 Ὀλυμπίου.
3081 3849 3140 3902 ὃν
3171 3850 3333 3912 αὐτος
3365 3848 3441 3918 τῷ
3477 3847 3694 3917 βασιλεῖ

2102 3948 2514 4019 προσῳκείωσε,
2545 3945 2636 3998 τὸν
2665 3944 2755 3998 διὰ
2787 3944 2972 4014 ξίφους
3001 3943 3264 4012 ὑπέμεινε
3304 3941 3557 3995 θάνατον.

2174 4038 2303 4113 [180
2334 4035 2428 4110 3.]
2468 4038 2590 4089 Ὅτι
2625 4036 2910 4107 Ἀλάριχος
2937 4038 2965 4089 6
3004 4035 3114 4088 τῶν
3145 4033 3361 4087 Γότθων
3391 4033 3690 4102 φύλαρχος,

2101 4134 2160 4187 ὃν
2189 4131 2459 4201 Στελίχων
2502 4129 2905 4200 μετεκαλέσατο
2931 4129 3024 4182 ἐπὶ
3052 4127 3129 4197 τῷ
3171 4126 3405 4196 φυλάξαι
3448 4123 3694 4192 Ὀνωρέῳ

2101 4226 2162 4279 τὸ
2189 4226 2235 4257 ²¹
2279 4223 2571 4294 Ἰλλυρικὸν
2620 4222 2706 4293 (τῇ
2739 4222 2846 4292 γὰρ
2887 4218 3052 4273 αὖτοῦ
3091 4215 3160 4290 ἦν
3207 4218 3355 4286 παρὰ
3405 4215 3693 4268 Θεοδοσίου

2101 4314 2195 4369 τοῦ
2222 4313 2431 4384 πατρὸς
2453 4314 2888 4382 έκνενεμημένον
2917 4309 3210 4381 βασιλείᾳ),
3239 4303 3393 4371 οὗτος
3419 4307 3507 4358 ὁ¹³
3544 4304 3696 4358 Ἀλά-

2108 4423 2253 4478 ριχος
2285 4405 2374 4460 διά
2400 4422 2460 4458 τε
2505 4405 2596 4457 τὸν
2628 4404 2788 4474 φόνον
2833 4403 3182 4473 Στελίχωνος,
3229 4402 3322 4454 καὶ
3360 4401 3444 4453 ὃτι
3483 4399 3520 4452 ἃ
3570 4415 3696 4450 συν-

2104 4501 2286 4552 έκειτο
2321 4497 2472 4568 αὐτῷ
2518 4497 2618 4550 οὐκ
2656 4496 2950 4567 ἐλάμϐανε,
2983 4497 3265 4566 πολιορκεῖ
3297 4495 3392 4546 καὶ
3431 4491 3699 4562 ἐκπορθεῖ

2103 4590 2203 4660 τὴν
2233 4571 2572 4659 ¹⁵⁴⁹Ρώμηνο
2603 4587 2664 4653 ἐξ
2710 4582 2777 4660 ἧς
2826 4587 3087 4658 χρήματά
3139 4603 3198 4638 τε
3251 4584 3456 4654 ἄπειρα
3505 4582 3698 4648 ἐξεκό-

2109 4699 2265 4753 μισε,
2327 4682 2421 4734 καὶ
2477 4681 2576 4750 τὴν
2644 4678 2879 4748 ἀδελφὴν
2944 4677 3205 4747 Ὀνωρίου
3275 4673 3575 4726 Πλακιδίαν
3637 4675 3697 4723 ἐν

2117 4772 2307 4845 Ῥώμῃ
2334 4771 2626 4840 διάγουσαν
2646 4768 3018 4842 ᾑχμαλώτισε.
3046 4770 3157 4822 Καὶ
3179 4765 3285 4836 πρὸ
3311 4770 3408 4835 τῆς
3440 4766 3699 4826 ἁλώσεως

2102 4865 2160 4920 δὲ
2198 4864 2294 4918 ἕνα
2322 4864 2444 4917 τινὰ
2470 4863 2580 4916 τῶν
2603 4869 2743 4918 κατὰ
2780 4863 2878 4932 τὴν
2919 4861 3139 4932 Ῥώμην
3180 4859 3442 4926 ἐπιδόξων
3468 4858 3701 4928 (Ἄττα-

1749 5000 1832 5054 VA
1842 4999 1978 5053 “Hi
2018 4999 2422 5056 LECTIONES.

492 5113 539 5145 ¹⁶
563 5113 659 5199 τοῦ
686 5113 940 5199 δευτέρου
973 5131 1079 5199 ςιῃ
1098 5115 1140 5199 ξ’
1161 5116 1650 5199 ’τι-λακίδαςτριζκᾉἶ
1722 5118 1773 5199 ‘2
1798 5115 2856 5199 Ktovafazwiouﬁc‘hottusLSy-Iburgins:
2897 5113 3168 5199 L'abbensl.
3211 5114 3277 5195 β’
3303 5111 3536 5199 πριῃτῂς
3565 5111 3600 5164 Ῐο
3645 5125 3698 5199 (δε

419 5183 991 5266 Operattirchyttneus.
1025 5187 1906 5266 fimi-Fabric._Bibliqth._Gr.‘t.
1949 5187 2057 5266 Vill.
2090 5205 2141 5256 p.
2186 5187 2310 5266 5:“,
2342 5193 2430 5242 ed.
2467 5183 2679 5240 llailc-s.
2721 5183 2802 5218 "°
2825 5185 3063 5247 ἁνείδεος
3102 5184 3246 5237 libri.
3318 5184 3362 5214 "
3398 5183 3701 5252 ἐπίτροπος

417 5255 546 5310 add.
580 5257 646 5312 A.
729 5253 774 5288 ’ί
795 5254 895 5327 τῷ]
928 5258 989 5310 τὸ
1020 5257 1083 5310 Α.
1146 5258 1192 5290 ³³
1210 5256 1261 5329 ὁ]
1291 5253 1384 5313 οὖν
1407 5257 1436 5309 ὁ
1463 5275 1526 5325 ς.
1599 5257 1644 5289 ³⁸
1677 5262 1779 5328 τὴν
1797 5258 1951 5310 πόλιν
1987 5253 2178 5328 ῥώμην
2206 5259 2270 5311 Α.

1936 5365 2172 5422 NOTAE.

496 5483 574 5555 (3)
608 5484 684 5538 lla
716 5488 915 5555 pietate
952 5485 1216 5552 insignem
1256 5486 1428 5555 virnm
1451 5482 1994 5555 _(‘.hrist_ianum_pcr-

423 5552 643 5624 attingit
675 5552 834 5610 homo
875 5558 1146 5618 ethnicus,
1173 5565 1230 5608 ut
1255 5565 1311 5608 et
1339 5552 1609 5624 zosimns.
1646 5553 1739 5606 lib.
1774 5569 1822 5608 v.
1860 5553 1998 5608 Lan-

423 5626 518 5679 dat
547 5623 725 5680 tamen
765 5627 905 5681 binis
951 5625 1018 5678 ad
1049 5642 1174 5680 cum
1203 5625 1347 5680 datis
1376 5623 1573 5677 litteris
1631 5624 1690 5677 Β.
1744 5626 2002 5694 Angusti-

422 5713 542 5760 ltus,
560 5698 716 5764 epist.
751 5697 870 5758 124,
911 5696 1028 5748 129.

2104 5483 2315 5548 accepit
2345 5481 2540 5536 Africa:
2567 5481 2968 5550 praefecturam.
3019 5480 3150 5550 Ejus
3188 5493 3242 5535 et
3268 5478 3367 5534 inf.
3403 5478 3611 5533 mentio
3642 5479 3702 5531 lit

2106 5553 2175 5607 ab
2205 5554 2307 5605 hoc
2336 5563 2576 5606 auctore.

2181 5621 2257 5744 (ἕξ)
2293 5624 2423 5704 Quae
2454 5620 2604 5676 Galla
2642 5621 2876 5676 Placidia
2917 5621 3082 5674 dicm.

2192 5694 2210 5744 (
2257 5690 2519 5744 tPnscns
2558 5694 2770 5744 Attalus
2811 5703 3036 5744 vocatus
3062 5708 3082 5744 ε

2192 5688 2270 5761 (6)
2299 5690 2519 5746 Priscus
2558 5694 2770 5748 Attalus
2811 5703 3036 5748 vocatus
3062 5702 3166 5755 est,
3214 5700 3352 5744 lt‘Slc
3387 5688 3704 5743 Sozutneuo

495 5769 570 5838 (ι)
595 5761 758 5820 Manu
795 5765 1119 5832 flet-.acliani,
1147 5763 1235 5835 qui
1265 5763 1423 5833 hujus
1451 5763 1709 5820 facinoris
1740 5779 1882 5836 praes
1911 5765 2020 5819 inm
2128 5762 2219 5819 lib.
2247 5778 2321 5828 Ix,
2359 5777 2479 5830 cap.
2512 5761 2565 5816 8.
