3942 6234
249 279 341 345 957
1300 272 1829 335 BIBLIDTHECA.
1855 293 1926 305 -
1962 271 2127 332 COD.
2167 272 2397 334 LXXX.

3403 279 3511 344 258

250 396 330 456 λος
351 386 419 460 ἦν
447 389 624 460 δνομα
667 383 841 460 αυδτῳ)
892 385 993 457 τὴν
1021 384 1370 456 ἐπαρχὸτητα
1414 384 1538 437 τότε
1573 385 1828 438 διέποντα

1935 395 2151 448 nomen,
2198 398 2465 437 summam
2505 381 2885 455 praefecturam
2934 394 3238 460 gerentem,
3280 390 3513 462 impera-

249 489 320 548 είς
348 483 576 554 βασιλέα
613 481 1005 551 ἀνηγόρευσεν.
1054 478 1334 549 Ἐπράχθη
1366 477 1424 531 δὲ
1461 477 1611 547 αὐτῷ
1651 476 1824 529 ταῦτα

249 575 328 626 διὰ
352 589 411 625 τε
441 572 541 634 τὰς
575 567 980 641 προειρημένας
1017 567 1220 631 αίτιας,
1253 569 1349 621 καὶ
1370 568 1454 620 ὅτι
1503 567 1696 636 Σάρον,
1730 568 1828 619 καὶ

247 664 396 719 αὐτὸν
433 662 635 714 Γότθον
663 661 816 727 ὄντα,
874 660 968 714 καὶ
1011 660 1254 729 πλήθους
1298 659 1396 728 μὲν
1425 659 1609 726 ὀλίγου
1659 659 1828 728 ἐπάρ-

247 773 397 828 χοντα
428 755 581 825 (ἄχρι
614 754 724 824 γὰρ
757 760 798 806 σ⁸
829 753 862 824 ἢ
896 752 991 806 καὶ
1015 759 1060 805 τ’
1095 752 1244 822 αύτῷ
1272 755 1300 806 ὁ
1326 752 1454 816 λαὸς
1482 751 1823 820 ἐξετείνετο),

246 852 411 913 ἄλλως
436 850 497 903 δὲ
545 849 788 920 ἡρωϊκόν
818 864 942 901 τινα
981 848 1076 901 xa‘t
1123 849 1182 900 ἐν
1228 849 1430 918 μάχαις
1481 848 1828 914 ὰκαταγὼνι-

251 961 385 1007 στον,
442 942 636 995 τοῦτον
672 940 756 994 ὅτι
803 941 1060 1010 Ῥωμαῖοι
1110 941 1462 1011 ᾑταιρίσαντο
1509 940 1576 992 δι’
1625 939 1825 1010 ἔχθρας

258 1035 524 1106 Ἀλαρίχῳ
554 1034 706 1099 ὄντα,
739 1033 1004 1087 ἄσπονδον
1021 1033 1219 1103 ἐχθρὸν
1253 1033 1536 1104 Ἀλάριχον
1565 1033 1610 1063 ³⁸
1634 1031 1824 1100 ἐποιή-

248 1143 424 1181 σαντο.
468 1126 593 1178 Ὅτι
637 1127 696 1178 ἐν
739 1127 804 1195 τῇ
850 1123 1142 1196 πολιορκίᾳ
1174 1124 1272 1193 τῆς
1315 1123 1534 1192 Ῥώμης
1594 1123 1826 1193 ἀλληλο-

249 1219 414 1285 φαγία
439 1216 554 1270 τῶν
583 1216 940 1270 ἐνοικούντων
986 1217 1217 1284 ἐγίνετο.
1250 1216 1376 1269 Ὅτι
1413 1216 1700 1286 Ἀλάριχος
1746 1216 1826 1270 ἔτι

248 1311 442 1374 ζῶντος
473 1310 802 1380 Στελίχωνος
846 1316 896 1380 μ’
934 1309 1266 1379 κεντηνάρια
1310 1308 1500 1380 μισθὸν
1543 1309 1704 1362 ἔλαϐε
1728 1311 1827 1378 τῆς

246 1401 622 1468 ἐκστρατείας.
658 1401 780 1452 Ὅτι
810 1400 949 1469 μετὰ
968 1399 1197 1453 θάνατον
1231 1400 1558 1469 Στελίχωνος
1587 1401 1829 1470 ἀναιρεῖ-

244 1505 329 1540 ται
376 1488 815 1553 ἐναποπνιγεὴα
855 1487 952 1540 καὶ
1001 1488 1214 1558 Σερῆνα
1247 1488 1293 1519 ’⁸
1340 1489 1373 1556 ὴ
1425 1489 1617 1542 τούτου
1664 1489 1824 1560 γυνὴ,

245 1578 385 1631 αἰτία
413 1579 739 1648 νομισθεῖσα
763 1579 862 1648 τῆς
896 1580 990 1632 ἐπὶ
1026 1579 1248 1649 Ῥώμην
1277 1581 1469 1646 ἐφόδου
1513 1581 1824 1652 Ἀλαρίχουο

1931 483 2104 528 torem
2142 475 2514 530 renuntiasse.
2557 478 2802 545 Actaque
2829 493 2949 534 esse
2986 479 3101 534 ba=c
3133 481 3203 535 ob
3231 497 3349 549 eas,
3376 500 3514 554 quas

1928 565 2169 621 diximus
2204 581 2422 631 causas,
2469 576 2523 622 et
2565 570 2635 622 ob
2690 568 2883 623 Sarum
2925 571 3026 641 (7),
3065 571 3322 628 Gotthum
3383 576 3513 630 item

1927 672 2150 728 genere,
2205 659 2300 714 sed
2352 673 2645 728 paucorum
2698 660 2977 716 hominum
3028 663 3345 733 prtel'ectum
3397 666 3514 736 (vix

1928 752 2072 805 enim
2101 753 2383 818 ducentos,
2422 762 2519 806 aut
2567 768 2862 819 summum,
2903 765 3173 812 treCenIos
3212 760 3513 828 ductabat),

1929 853 2128 898 caetera
2204 859 2527 912 generosum
2600 847 2806 912 virum,
2878 850 3155 917 armisque
3232 850 3513 917 invictum,

1927 949 2089 1004 quem
2122 936 2266 1003 quod
2305 937 2508 989 socium
2542 937 2644 990 sibi
2676 937 2907 991 Romani
2952 940 3352 1009 adjunxissent,
3382 941 3514 995 Ala-

1930 1028 2068 1082 richi
2101 1026 2360 1082 infestum
2393 1029 2626 1095 hostem,
2663 1030 2714 1082 in
2767 1044 3084 1101 perpetuum
3129 1032 3333 1087 idcirco
3376 1035 3518 1087 hunc
3580 1083 3583 1086 .

1929 1121 2275 1175 renuntiasse
2309 1121 2428 1175 Sari
2463 1121 2733 1175 amicitiae.
2778 1121 2836 1175 In
2890 1125 2991 1176 hac
3040 1125 3190 1178 urbis
3237 1125 3520 1178 obsidione

1931 1223 2116 1266 mutua
2161 1228 2330 1268 carne
2376 1222 2562 1282 pastos
2609 1215 2886 1269 obsessos.
2917 1214 3252 1280 Alarichum,
3303 1217 3519 1269 vivente

1928 1306 2229 1359 etiamnum
2273 1305 2606 1370 Stelichone,
2641 1306 2847 1361 militia:
2897 1310 3200 1361 mercedem
3258 1319 3519 1363 centena-

1929 1399 2042 1450 rios
2086 1398 2444 1466 quadraginta
2516 1399 2815 1466 accepisse.
2880 1397 3006 1452 Post
3057 1397 3393 1454 Stelichouis
3436 1399 3519 1452 in-

1929 1489 2173 1556 teritum,
2215 1489 2532 1545 suﬂ‘ocatam
2575 1491 2824 1557 periisse,
2865 1489 3228 1546 ettSerenam
3281 1493 3357 1561 (8)
3403 1493 3520 1559 ejus

1933 1581 2243 1651 caniugem,
2281 1581 2424 1650 quod
2453 1581 2695 1634 Alarichi
2733 1580 2798 1633 ad
2833 1581 3022 1634 urbem
3058 1583 3323 1636 adventus
3355 1598 3517 1636 causa

244 1673 553 1742 ἀναιρεῖται
590 1670 648 1722 δὲ
687 1671 958 1740 πρότερον
1006 1672 1145 1740 μετὰ
1182 1671 1278 1742 τὴν
1314 1671 1441 1744 [105
1480 1671 1572 1744 Η.]
1603 1674 1827 1744 ἀναίρε-

1935 1673 2208 1726 exstitisse
2264 1681 2564 1740 putaretur.
2611 1671 2956 1726 lnterfectum
2983 1684 3162 1733 antea.
3189 1672 3520 1740 interempto

248 1778 390 1830 ρεσιν
435 1760 769 1829 Στελίχωνος
797 1762 841 1792 ’⁷
865 1765 893 1814 ὁ
930 1761 1132 1826 ταύτης
1189 1763 1444 1816 κάκείνου
1479 1767 1607 1827 παῖς
1661 1765 1828 1834 Εύχέ-

1935 1764 2039 1833 iam
2079 1763 2412 1828 Stelichone,
2442 1764 2611 1818 ﬁlium
2645 1764 2763 1832 ejus
2811 1779 2875 1818 ex
2920 1763 3123 1817 Screna
3168 1765 3516 1819 Eucherium.

195 1923 204 1935 υ
249 1870 375 1922 ριος.
403 1854 536 1906 Ὅτι
585 1855 644 1906 τὸ
677 1853 1067 1924 Βουκελλάριος
1125 1856 1296 1925 ὄνομα
1329 1857 1389 1910 ἐν
1423 1861 1546 1920 ταῖς
1595 1860 1832 1930 ἡμέραις

254 1945 518 2014 Ὁνωρίου
551 1945 778 2016 ἐφέρετο
821 1946 963 2000 κατὰ
1012 1947 1360 2018 στρατιωτῶν
1392 1950 1454 2002 οὐ
1502 1950 1662 2020 μόνον
1700 1951 1833 2003 Ῥω-

246 2036 417 2104 μαίων
467 2035 610 2088 ἀλλὰ
638 2037 733 2088 καὶ
767 2037 980 2090 Γότθων
1019 2038 1181 2092 τινῶν
1202 2055 1215 2069 ·
1247 2039 1322 2103 ὡς
1352 2039 1397 2092 δ’
1425 2039 1607 2104 αὕτως
1646 2041 1743 2094 καὶ
1771 2041 1832 2094 τὸ

242 2125 612 2196 ροιδεράτων
641 2128 786 2180 κατὰ
814 2129 1076 2202 διαφόρου
1115 2132 1210 2184 καὶ
1258 2131 1565 2203 συμμιγοῦς
1609 2133 1833 2204 ἐφέρετο

244 2216 507 2286 πλήθους.
544 2217 665 2270 Ὅτι
703 2217 999 2290 Ὀλύμπιος
1033 2221 1061 2273 ὁ
1087 2220 1486 2284 ἐπιϐουλεύσας
1528 2221 1834 2292 Στελίχωνα

246 2309 553 2380 μάγιστρος
586 2310 696 2363 τῶν
733 2312 1004 2381 ὀφφικίων
1037 2314 1285 2383 γέγονεν,
1332 2311 1451 2368 εἶτα
1481 2314 1704 2380 ἐξέπεσε
1733 2316 1833 2386 τῆς

243 2403 430 2472 ἀρχῆς,
470 2400 596 2455 εἶτα
626 2404 790 2458 πάλιν
835 2405 1010 2474 ἐπέϐη
1052 2406 1283 2477 ταύτης,
1316 2407 1512 2462 ἔπειτα
1553 2406 1830 2473 ἐξέπεσεν,

243 2486 355 2545 εἶτα
386 2493 652 2546 ἐκπεσὼν
683 2495 940 2564 ῥοπάλοις
965 2496 1195 2567 ὕστερον
1227 2498 1332 2551 ὑπὸ
1354 2500 1738 2554 Κωνσταντίου
1763 2499 1829 2565 ’⁸,

242 2580 297 2644 ὃς
326 2583 580 2651 ἠγάγετο
631 2585 968 2653 Πλακιδίαν,
1015 2590 1309 2660 παιόμενος
1355 2593 1685 2662 ἀναιρεῖται,
1735 2593 1834 2658 τὰς

243 2673 405 2737 ἀκοὰς
437 2675 721 2746 πρότερον
750 2680 1006 2744 ἐκκοπείς
1027 2698 1040 2711 ⁸
1074 2681 1172 2734 καὶ
1204 2683 1239 2752 ή
1265 2682 1389 2754 δίκη
1434 2685 1529 2738 τὸν
1550 2685 1836 2759 ἀνοσιουρ-

242 2763 331 2833 γὺν
372 2767 453 2826 εἰς
494 2767 650 2830 τέλος
696 2769 799 2822 οὐκ
832 2771 1047 2842 ἀφῆκεν
1077 2773 1121 2806 ²⁹
1148 2773 1517 2845 ἀτιμώρητον.
1561 2777 1682 2830 Ὀτι
1725 2777 1835 2830 τῶν

249 2859 382 2925 μετὰ
419 2859 775 2929 Ῥοδογάῖσον
799 2863 1012 2916 Γὸτθων
1040 2866 1089 2917 οἱ
1120 2865 1492 2934 κεφαλαιῶται
1523 2867 1567 2898 ³⁸
1593 2866 1833 2938 ὀπτίμα-

245 2966 322 3002 τοι
349 2953 676 3019 ἐκαλοῦντο,
703 2957 784 3019 είς
811 2955 1020 3010 δώδεκα
1060 2958 1428 3023 συντείνοντες
1451 2961 1718 3031 χιλιάδας,
1743 2960 1834 3020 οὓς

248 3043 714 3115 καταπολεμήσας
762 3047 1030 3118 Στελίχων
1086 3049 1426 3118 Ῥοδογάῖσον
1475 3052 1824 3124 προσῃταιρί-
1859 3073 1902 3130 ο

247 3136 530 3189 σατο.”οτι
559 3136 843 3210 ’Λλαρίχου
865 3141 1006 3210 νόσῳ
1023 3140 1451 3211 τελευτήσαντος
1467 3143 1710 3212 διάδοχος
1732 3144 1830 3196 αύ-

244 3226 333 3279 τοῦ
374 3229 712 3299 Ἀδαοῦλφος
730 3233 1075 3296 καθίσταται,
1103 3236 1133 3288 ὁ
1153 3235 1255 3304 τῆς
1287 3236 1544 3304 γυναικὸς
1575 3235 1827 3303 ἀδελφός.

254 3319 366 3375 ὀτι
401 3323 498 3376 τὸν
549 3322 718 3396 ξηρὸν
768 3327 932 3398 ἄρτον
976 3327 1330 3397 βουκελλὰτον
1394 3329 1423 3382 ὁ
1479 3330 1832 3399 συγγραφεὺς

246 3415 530 3469 καλεῖσθαί
557 3433 714 3486 φησι,
735 3421 827 3472 καὶ
850 3420 1102 3490 χλευάζει
1122 3421 1222 3490 τὴν
1237 3421 1347 3474 τῶν
1370 3423 1717 3492 στρατιωτῶν
1735 3425 1833 3477 ἐπ-

245 3507 506 3576 ωνυμίαν,
543 3507 625 3571 ὡς
671 3511 736 3562 ἐκ
763 3511 951 3564 τούτου
977 3511 1386 3585 Βουκεὶλαρίων
1408 3514 1832 3584 ἐπικληθέντων.

309 3664 433 3717 Ὅτι
462 3667 884 3730 Κωνσταντῖνος
909 3669 986 3731 εἰς
1006 3669 1299 3740 τυραννίδα
1319 3669 1508 3740 ἀρθεὶς
1530 3669 1831 3741 πρεσϐεύε-

241 3776 325 3812 ται
355 3762 496 3831 πρὸς
538 3760 844 3832 Ὀνώριον,
892 3763 1040 3817 ἄκων
1087 3763 1334 3834 βιασθεὶς
1391 3763 1834 3832 ἀπολογούμενος

242 3850 417 3918 ἄρξαι.
453 3852 802 3922 συγγνώμην
840 3852 898 3905 δὲ
945 3852 1113 3907 αίτῶν
1151 3855 1248 3907 καὶ
1280 3853 1380 3925 τὴν
1423 3853 1522 3921 τῆς
1556 3851 1834 3923 βασιλείας

241 3943 401 4007 ἀξιῶν
453 3943 776 3996 κοινωνίανο
816 3944 912 3996 καὶ
956 3943 1212 4014 βασιλεὺς
1257 3944 1346 3998 διὰ
1395 3945 1464 3998 τὰ
1500 3947 1833 4014 ἐνεστηκότα

240 4032 474 4104 δυσχερῆ
509 4035 659 4098 τέως
698 4037 1056 4106 καταδέχεται
1085 4035 1185 4108 τὴν
1207 4036 1309 4106 τῆς
1339 4036 1614 4106 βασιλείας
1640 4055 1834 4091 κοινω-

241 4126 374 4181 νίαν.
415 4129 586 4182 Κατά
610 4127 710 4190 τὰς
727 4128 1061 4198 Βρεττανίας
1089 4129 1146 4182 δὲ
1176 4131 1204 4182 ὁ
1227 4131 1635 4196 Κωνσταντῖνος
1668 4133 1831 4202 ἐτύγ-

1932 1855 2254 1913 Buccellarii
2315 1856 2430 1925 (9)
2499 1857 2820 1912 vocabulum
2881 1855 3103 1910 Honorii
3173 1857 3519 1926 imperatoris

1937 1950 2274 2018 temporibus
2323 1949 2583 2002 tributum
2645 1947 2929 2014 militibus,
2965 1963 3070 2001 non
3118 1948 3376 2004 Romanis
3426 1966 3519 2004 so-

1935 2040 2066 2105 lum,
2105 2043 2197 2095 sed
2252 2051 2306 2096 et
2359 2030 2574 2095 Gotthis
2625 2040 2969 2108 quibusdam.
3010 2040 3206 2096 Eodem
3261 2043 3418 2096 modo
3465 2051 3520 2096 et

1934 2134 2305 2202 facdemtorum
2373 2147 2572 2186 nomen
2638 2131 2954 2184 attributum
3026 2134 3332 2197 inconditae,
3383 2143 3437 2187 et
3490 2148 3521 2186 ο

1935 2221 2166 2276 diversis
2232 2220 2479 2275 conﬂatm
2550 2219 2902 2276 multitudini.
2969 2220 3278 2291 Olympium
3344 2223 3517 2284 illum,

1932 2317 2023 2384 qui
2078 2314 2374 2369 Stelichoni
2436 2313 2724 2367 insidiatus
2771 2324 2913 2376 erat,
2965 2313 3262 2366 olliciosum
3319 2315 3519 2382 magis-

1936 2417 2076 2460 trum
2122 2405 2346 2469 factum,
2383 2420 2446 2460 ea
2494 2414 2617 2473 post
2667 2405 2930 2472 dignitate
2979 2405 3269 2458 excidisse.
3317 2404 3521 2458 Dehinc

1933 2499 2127 2552 iterum
2177 2498 2429 2566 potitum,
2476 2511 2690 2549 rursum
2745 2496 3019 2564 privatum
3090 2509 3257 2550 esse:
3303 2497 3518 2549 tandem

1933 2590 2170 2645 fustibus
2205 2605 2235 2643 a
2269 2589 2616 2651 Constantio,
2651 2589 2740 2657 qui
2771 2587 3062 2642 Placidiatn
3091 2603 3312 2642 uxorem
3346 2589 3518 2644 duxe-

1935 2690 2050 2746 rat,
2099 2690 2396 2737 mactatum
2448 2681 2793 2746 occubuisse,
2851 2694 2976 2734 cum
3035 2681 3084 2735 ei
3131 2691 3260 2734 ante
3314 2679 3517 2734 caedem

1934 2773 2193 2828 auricula;
2246 2783 2469 2828 resectae
2518 2773 2769 2827 fuissent.
2816 2769 2894 2825 Ita
2946 2772 3168 2841 impium
3214 2772 3326 2843 (10)
3372 2770 3518 2824 illum

1933 2880 2042 2920 non
2092 2865 2418 2933 impunitum
2457 2862 2681 2918 ohiisse.
2729 2862 3077 2927 Gotthorum,
3106 2863 3196 2929 qui
3248 2879 3368 2916 cum
3411 2861 3516 2916 Ro-

1936 2957 2162 3026 dogaiso
2199 2965 2377 3019 erant,
2405 2945 2708 3024 'primarios
2745 2955 2911 3020 viros,
2951 2955 3234 3023 aptimatos
3274 2954 3517 3024 appella-

1935 3056 2018 3100 tus
2051 3044 2148 3108 ait,
2179 3042 2462 3098 duodecim
2509 3041 2625 3097 fere
2678 3041 2914 3095 millium
2965 3055 3193 3094 numero
3227 3039 3361 3110 (Η),
3393 3038 3520 3108 qui-

1935 3136 2038 3190 bus
2093 3134 2345 3188 omnibus
2399 3131 2703 3197 debellatis,
2749 3130 3116 3186 Stelichonem
3171 3145 3293 3184 cum
3343 3127 3522 3182 Bodo-

1933 3225 2085 3296 gaiso
2110 3224 2428 3279 societatem
2462 3223 2654 3278 iniisse
2682 3223 2819 3294 (l2).
2843 3221 3102 3277 Alaricho
3127 3222 3300 3277 morbi
3333 3222 3382 3274 vi
3416 3237 3517 3273 ex-

1934 3317 2137 3369 stincto
2177 3328 2551 3367 successorem
2586 3313 2768 3367 datum
2803 3312 3170 3382 Adaulphum,
3203 3312 3386 3364 uxoris
3412 3313 3516 3362 l‘ra~

1935 3415 2094 3461 trem.
2145 3405 2285 3475 57b
2328 3404 2531 3460 Panem
2582 3406 2783 3460 siccum
2835 3403 3070 3471 scriptor
3126 3403 3212 3456 hic
3250 3401 3523 3455 buccella-

1938 3507 2049 3550 tum
2093 3495 2204 3564 (l5)
2253 3496 2430 3548 vocari
2475 3497 2666 3560 tradit,
2712 3495 3012 3562 illuditque'
3042 3492 3274 3546 militum
3319 3506 3522 3562 cOgno-

1939 3585 2091 3647 mini,
2124 3593 2181 3638 ut
2212 3587 2301 3655 qui
2335 3585 2461 3639 hinc
2486 3585 2802 3639 Buccellarii
2835 3584 2945 3647 sint
2981 3581 3254 3651 appellati.

2005 3676 2397 3731 Constantinus
2449 3675 2515 3728 ad
2572 3675 2860 3744 imperium
2922 3673 3203 3741 tyrannice
3251 3670 3518 3727 sublatus.

1936 3769 2003 3822 ad
2053 3767 2350 3824 Honorium
2415 3765 2626 3835 legatos
2680 3765 2846 3819 mittit
2895 3769 3243 3826 excusantes,
3291 3760 3519 3816 invitum

1935 3861 2108 3927 illum,
2159 3869 2212 3914 et
2264 3876 2294 3910 a
2351 3857 2618 3913 militibus
2661 3866 2933 3923 coactum,
2988 3855 3274 3923 imperium
3328 3868 3518 3907 susce-

1937 3956 2083 4024 pisse
2131 3967 2150 4019 ;
2205 3952 2419 4005 veniam
2489 3950 2651 4019 igitur
2711 3948 3022 4017 postulare,
3089 3945 3518 4011 societatemque

1939 4042 2176 4110 imperii.
2221 4040 2521 4110 Imperator
2559 4048 2784 4107 propter
2823 4037 3198 4108 impetulentes
3246 4036 3522 4090 molestias

1940 4132 2204 4200 tantiSper
2234 4131 2476 4198 suscepit
2511 4130 2560 4183 in
2628 4129 2972 4184 societatem.
3012 4125 3397 4181 Constantinus
3433 4124 3520 4176 hic

243 4235 397 4285 χανεν
465 4222 962 4290 ἀνηγορευμένος,
1019 4223 1210 4274 στάσει
1269 4217 1379 4275 τῶν
1421 4224 1601 4277 ἐκεῖσε
1662 4243 1830 4296 στραν

1941 4224 1994 4276 in
2035 4221 2311 4275 Britannia
2369 4221 2712 4274 renuntiatus
2765 4218 2963 4281 fuerat,
3019 4215 3241 4271 militari
3288 4215 3520 4268 tumultu

241 4309 456 4374 nam?“
500 4312 587 4372 εἰς
644 4309 852 4380 ταύτην
901 4313 1210 4381 ἁνηγμένος
1283 4311 1382 4382 τὴν
1459 4314 1658 4384 ἀρχὴν.
1720 4317 1830 4368 Καὶ

1941 4316 2007 4367 ad
2041 4315 2330 4382 imperium
2365 4314 2611 4368 adactus.
2651 4311 2863 4366 Etenim
2909 4320 3032 4364 ante
3068 4304 3290 4364 Honorii
3323 4322 3522 4363 consu-

242 4399 343 4470 γὰρ
375 4403 435 4453 ἐν
480 4401 718 4466 ταύταις
777 4375 896 4466 ταῖς
948 4375 1350 4473 Βρεῗττανίαις,
1391 4375 1602 4474 cupit-Ind
1661 4405 1828 4459 Ὁνώ-

1938 4406 2108 4461 latnm
2142 4406 2455 4476 septimum,
2490 4406 2922 4459 imseditionem
2979 4402 3088 4456 illic
3128 4415 3316 4456 versus
3358 4413 3517 4454 exer-

244 4507 349 4560 ριον
379 4493 440 4546 τὸ
487 4493 729 4565 ἕϐδομον
770 4493 1096 4558 ὑπατεῦσαι,
1147 4496 1229 4557 εἰς
1265 4495 1458 4549 στάσιν
1488 4497 1740 4566 ὁρμῆσαν
1771 4499 1830 4552 τὸ

1937 4499 2109 4567 citus,
2162 4497 2403 4553 Marcum
2460 4498 2749 4566 quemdam
2811 4497 3193 4564 imperatorem
3253 4501 3515 4546 crearat:

244 4582 299 4633 ἐν
327 4584 528 4650 αὐταῖς
577 4587 976 4656 στρατιωτικὸν
999 4587 1227 4655 Μάρκον
1257 4587 1380 4641 τινὰ
1421 4585 1642 4641 ἀνεῖπον
1672 4590 1830 4642 αὐτοι

1936 4606 2044 4661 quo
2084 4592 2151 4644 ab
2189 4589 2324 4660 ipsis
2359 4587 2595 4650 sublato,
2645 4585 2941 4641 Gratianus
2983 4583 3241 4639 sulTectus
3271 4591 3378 4638 est.
3421 4579 3521 4637 Hic

1546 4727 1686 4782 VAH
1699 4728 1782 4784 ΙιλΕ
1824 4729 2116 4786 LECTION
2127 4730 2228 4786 ES.

312 4838 357 4912 ’ξ
395 4838 1030 4912 Ἀλάριχος-ἐποιήσατο
1055 4855 1115 4902 ς.
1219 4837 1266 4869 ’⁸
1292 4839 1387 4892 καὶ
1408 4837 1622 4909 Σερῆνα
1651 4842 1693 4894 Α
1732 4859 1746 4893 :
1793 4843 2090 4912 καισαρίνα
2132 4859 2193 4907 ς.

244 4907 286 4941 ¹⁹
322 4907 552 4978 ἁφείκεν
584 4927 648 4973 ς.
713 4909 758 4940 ³⁸
787 4907 1121 4977 κεφαλιῶται
1159 4925 1220 4974 ς.

2318 4840 2364 4873 ’⁷
2385 4841 2514 4904 παῖς
2542 4840 2570 4892 ὁ
2599 4838 2730 4909 Εύχ.
2757 4855 2818 4903 ς.
2933 4836 2982 4869 ’⁸
3011 4834 3427 4890 Κωνσταντίνου
3456 4852 3519 4900 ς.

1767 5042 2002 5100 ΝΟΤΛΕ.

304 5185 388 5310 ρ)
410 5186 558 5239 Idem
602 5186 738 5240 alias
762 5187 970 5238 Asarus
1001 5183 1321 5252 appellatur,
1360 5189 1424 5236 ut
1455 5183 1598 5252 apud
1628 5181 1832 5236 Zosim.
1982 5179 2129 5260 .(lO)
2163 5179 2272 5244 Sic,
2306 5181 2468 5236 homo
2506 5180 2702 5249 impie,
2742 5180 3108 5234 Christianum
3150 5188 3204 5232 et
3241 5178 3520 5234 laudatqu

327 5294 342 5307 .
374 5259 496 5310 ειμι.
538 5257 637 5309 98.
1942 5263 2120 5303 Vtrum
2153 5251 2424 5310 appellare
2451 5251 2658 5305 audes?

249 5249 342 5311 inf.
373 5249 496 5310 cod.
538 5257 637 5309 98.
1036 5249 1049 5252 ⁷
1071 5249 1086 5252 ’
1306 5249 1314 5250 ί
1490 5249 1505 5252 ’
1942 5249 2120 5303 virum
2153 5251 2424 5319 appellare
2451 5251 2658 5305 audes?

316 5327 391 5394 (8)
421 5327 699 5396 Σερηνίαν
731 5325 872 5396 lego.
1004 5395 1009 5396 ί
1062 5393 1089 5396 ,Α
1170 5393 1196 5396 ᾗ
1319 5394 1328 5396 4
1677 5393 1730 5396 __
2004 5318 2130 5396 _(_ll)
2177 5317 2326 5375 [inde
2373 5321 2574 5396 Zosimi
2619 5320 2868 5396 calculus
2884 5321 2950 5373 de
2997 5317 3516 5396 quadringentorum

317 5388 389 5466 (9)
421 5388 746 5450 Buccellarii
773 5388 954 5451 Suidaa
980 5393 1380 5466 Gallo-Graeciae
1415 5391 1640 5448 milites.
1676 5393 1836 5466 Plura
1945 5388 2174 5466 millium
2194 5393 2640 5466 exercitujidem
2678 5406 2786 5444 non
2817 5390 2975 5459 plane
3003 5388 3265 5442 excedere
3285 5388 3517 5455 videtur.

253 5460 484 5535 Iu'nieb.
520 5469 620 5520 lib.
658 5481 815 5529 xxnv,
851 5483 970 5535 cap.
1014 5467 1116 5528 16,
1165 5477 1220 5519 et
1257 5465 1352 5521 lib.
1381 5480 1550 5535 xxvi,
1585 5464 1834 5535 φιλ-15.
2015 5461 2131 5535 μὴ
2170 5462 2334 5535 Atqui
2370 5477 2398 5514 υ
2448 5460 2761 5535 Stelichone
2803 5470 3016 5535 captuﬁm
3063 5466 3223 5535 atque
3267 5471 3518 5535 necatum

253 5533 381 5590 Vide
412 5540 582 5590 etiam
616 5527 1461 5605 Constant.'Porphyrogennette
1487 5527 1579 5589 lib.
1609 5527 1684 5605 De
1710 5533 1836 5585 Tlte-
1944 5527 2474 5605 referunt,__lfrospe_r
2495 5570 2510 5594 ,
2541 5531 2916 5605 Cassiodorus,
2948 5527 3191 5605 Orosius,
3229 5537 3287 5583 et
3325 5530 3382 5584 ὃ.
3408 5532 3520 5582 Au-

253 5609 464 5669 matib.,
485 5607 579 5659 ubi
619 5618 829 5659 sextum
867 5597 1129 5660 deﬁeri-bit
1151 5597 1614 5659 Bn'ccellariorum
1643 5604 1833 5668 fuisse,
1945 5600 2196 5670 gustiuus
2227 5601 2319 5654 lib.
2357 5597 2392 5653 vi
2417 5602 2483 5654 de
2511 5601 2735 5670 civitate
2767 5599 3039 5670 Dei,‘rap.
3071 5597 3162 5670 9.9.

259 5686 304 5731 et
330 5665 697 5746 praemetet-is
726 5675 900 5731 Nicol.
939 5675 1160 5746 Rigaltil
1197 5673 1436 5730 Glossar.
1469 5674 1750 5728 τακτικὸν.
1820 5665 1826 5668 ⁷
1953 5665 1971 5670 ⁷
2009 5669 2122 5739 (15)
2153 5668 2286 5726 Vide
2317 5687 2468 5741 supr.
2505 5670 2666 5740 paulo
2693 5668 3034 5734 Bttccellarii,
3065 5683 3130 5722 ex
3155 5665 3429 5722 Turucho.
