  <div class='ocr_page' id='page_1' title='image "/cluster/home/n/w/nwhite01/storage/ocr_20150623/103 pt.3/mdp.39015061933738/137.png"; bbox 0 0 3942 6234; ppageno 0'>
   <div class='ocr_carea' id='block_1_1' title="bbox 439 281 551 347">
    <p class='ocr_par' dir='ltr' id='par_1_1' title="bbox 439 281 551 347">
     <span class='ocr_line' id='line_1_1' title="bbox 439 281 551 347; baseline -0.018 1"><span class='ocrx_word' id='word_1_1' title='bbox 439 281 551 347; x_wconf 74' lang='lat'><strong>259</strong></span> 
     </span>
    </p>
   </div>
   <div class='ocr_carea' id='block_1_2' title="bbox 1544 255 2518 323">
    <p class='ocr_par' dir='ltr' id='par_1_2' title="bbox 1544 255 2518 323">
     <span class='ocr_line' id='line_1_2' title="bbox 1544 255 2518 323; baseline -0.009 0"><span class='ocrx_word' id='word_1_2' title='bbox 1544 260 1808 323; x_wconf 88' lang='lat' dir='ltr'><strong>PHOTlI</strong></span> <span class='ocrx_word' id='word_1_3' title='bbox 1850 255 2370 320; x_wconf 60' lang='lat' dir='ltr'><strong>PATRIARCHAS</strong></span> <span class='ocrx_word' id='word_1_4' title='bbox 2409 256 2518 315; x_wconf 69' lang='grc' dir='ltr'><strong>(ΖΡ.</strong></span> 
     </span>
    </p>
   </div>
   <div class='ocr_carea' id='block_1_3' title="bbox 3603 245 3712 309">
    <p class='ocr_par' dir='ltr' id='par_1_3' title="bbox 3603 245 3712 309">
     <span class='ocr_line' id='line_1_3' title="bbox 3603 245 3712 309; baseline 0 0"><span class='ocrx_word' id='word_1_5' title='bbox 3603 245 3712 309; x_wconf 77' lang='lat'><strong>260</strong></span> 
     </span>
    </p>
   </div>
   <div class='ocr_carea' id='block_1_4' title="bbox 443 363 2048 455">
    <p class='ocr_par' dir='ltr' id='par_1_4' title="bbox 443 376 2024 455">
     <span class='ocr_line' id='line_1_4' title="bbox 443 376 2024 455; baseline -0.012 -8"><span class='ocrx_word' id='word_1_6' title='bbox 443 395 533 447; x_wconf 83' lang='lat' dir='ltr'><strong>ubi</strong></span> <span class='ocrx_word' id='word_1_7' title='bbox 564 401 778 446; x_wconf 75' lang='lat' dir='ltr'><strong>menses</strong></span> <span class='ocrx_word' id='word_1_8' title='bbox 807 394 1061 455; x_wconf 89' lang='lat' dir='ltr'><strong>quatuor,</strong></span> <span class='ocrx_word' id='word_1_9' title='bbox 1099 381 1205 436; x_wconf 87' lang='lat' dir='ltr'><strong>illis</strong></span> <span class='ocrx_word' id='word_1_10' title='bbox 1243 379 1352 447; x_wconf 84' lang='lat' dir='ltr'><strong>jam</strong></span> <span class='ocrx_word' id='word_1_11' title='bbox 1397 377 1615 433; x_wconf 80' lang='lat' dir='ltr'><strong>fastidio</strong></span> <span class='ocrx_word' id='word_1_12' title='bbox 1654 376 1854 439; x_wconf 83' lang='lat' dir='ltr'><strong>ductis,</strong></span> <span class='ocrx_word' id='word_1_13' title='bbox 1885 391 2024 444; x_wconf 69' lang='lat' dir='ltr'><strong>prae-</strong></span> 
     </span>
    </p>
   </div>
   <div class='ocr_carea' id='block_1_5' title="bbox 2153 363 3713 455">
    <p class='ocr_par' dir='ltr' id='par_1_5' title="bbox 2153 363 3713 443">
     <span class='ocr_line' id='line_1_5' title="bbox 2153 363 3713 443; baseline -0.005 -18"><span class='ocrx_word' id='word_1_14' title='bbox 2153 375 2391 443; x_wconf 76' lang='grc' dir='ltr'><strong>ιράτορα·</strong></span> <span class='ocrx_word' id='word_1_15' title='bbox 2420 370 2515 424; x_wconf 82' lang='grc' dir='ltr'><strong>τοῦ</strong></span> <span class='ocrx_word' id='word_1_16' title='bbox 2538 370 2594 424; x_wconf 81' lang='grc' dir='ltr'><strong>δὲ</strong></span> <span class='ocrx_word' id='word_1_17' title='bbox 2619 369 2710 426; x_wconf 83' lang='grc' dir='ltr'><strong>ὑπ’</strong></span> <span class='ocrx_word' id='word_1_18' title='bbox 2729 367 2911 422; x_wconf 81' lang='grc' dir='ltr'><strong>αὐτῶν</strong></span> <span class='ocrx_word' id='word_1_19' title='bbox 2940 368 2980 400; x_wconf 78' lang='grc'><strong>³¹</strong></span> <span class='ocrx_word' id='word_1_20' title='bbox 3007 363 3387 436; x_wconf 81' lang='grc' dir='ltr'><strong>ἀναιρεθέντος</strong></span> <span class='ocrx_word' id='word_1_21' title='bbox 3414 365 3713 435; x_wconf 78' lang='grc' dir='ltr'><strong>Γρατιανός</strong></span> 
     </span>
    </p>
   </div>
   <div class='ocr_carea' id='block_1_6' title="bbox 444 465 2020 544">
    <p class='ocr_par' dir='ltr' id='par_1_6' title="bbox 444 465 2020 544">
     <span class='ocr_line' id='line_1_6' title="bbox 444 465 2020 544; baseline -0.013 -6"><span class='ocrx_word' id='word_1_22' title='bbox 444 484 751 544; x_wconf 81' lang='lat' dir='ltr'><strong>terfuisset,</strong></span> <span class='ocrx_word' id='word_1_23' title='bbox 796 477 1142 531; x_wconf 87' lang='lat' dir='ltr'><strong>interﬁcitur.</strong></span> <span class='ocrx_word' id='word_1_24' title='bbox 1181 473 1316 525; x_wconf 87' lang='lat' dir='ltr'><strong>Tum</strong></span> <span class='ocrx_word' id='word_1_25' title='bbox 1360 469 1750 524; x_wconf 70' lang='lat' dir='ltr'><strong>Coristantinus</strong></span> <span class='ocrx_word' id='word_1_26' title='bbox 1797 465 2020 534; x_wconf 79' lang='lat' dir='ltr'><strong>Augusti</strong></span> 
     </span>
    </p>
   </div>
   <div class='ocr_carea' id='block_1_7' title="bbox 445 563 2024 633">
    <p class='ocr_par' dir='ltr' id='par_1_7' title="bbox 445 563 2024 633">
     <span class='ocr_line' id='line_1_7' title="bbox 445 563 2024 633; baseline -0.013 0"><span class='ocrx_word' id='word_1_27' title='bbox 445 580 664 633; x_wconf 85' lang='lat' dir='ltr'><strong>nomine</strong></span> <span class='ocrx_word' id='word_1_28' title='bbox 721 574 1014 630; x_wconf 80' lang='lat' dir='ltr'><strong>salutatur.</strong></span> <span class='ocrx_word' id='word_1_29' title='bbox 1072 569 1122 624; x_wconf 92' lang='lat' dir='ltr'><strong>ls</strong></span> <span class='ocrx_word' id='word_1_30' title='bbox 1173 566 1477 628; x_wconf 67' lang='lat' dir='ltr'><strong>Iustinum,</strong></span> <span class='ocrx_word' id='word_1_31' title='bbox 1531 573 1586 618; x_wconf 92' lang='lat' dir='ltr'><strong>et</strong></span> <span class='ocrx_word' id='word_1_32' title='bbox 1632 563 2024 632; x_wconf 63' lang='lat' dir='ltr'><strong>Reovigasten,</strong></span> 
     </span>
    </p>
   </div>
   <div class='ocr_carea' id='block_1_8' title="bbox 450 654 2024 732">
    <p class='ocr_par' dir='ltr' id='par_1_8' title="bbox 450 654 2024 732">
     <span class='ocr_line' id='line_1_8' title="bbox 450 654 2024 732; baseline -0.011 -8"><span class='ocrx_word' id='word_1_33' title='bbox 450 671 767 725; x_wconf 90' lang='lat' dir='ltr'><strong>militarium</strong></span> <span class='ocrx_word' id='word_1_34' title='bbox 803 669 1080 732; x_wconf 80' lang='lat' dir='ltr'><strong>copiarum</strong></span> <span class='ocrx_word' id='word_1_35' title='bbox 1121 662 1288 714; x_wconf 89' lang='lat' dir='ltr'><strong>duces</strong></span> <span class='ocrx_word' id='word_1_36' title='bbox 1326 672 1541 722; x_wconf 86' lang='lat' dir='ltr'><strong>creans,</strong></span> <span class='ocrx_word' id='word_1_37' title='bbox 1586 656 1772 710; x_wconf 87' lang='lat' dir='ltr'><strong>relicta</strong></span> <span class='ocrx_word' id='word_1_38' title='bbox 1808 654 2024 709; x_wconf 85' lang='lat' dir='ltr'><strong>Britan—</strong></span> 
     </span>
    </p>
   </div>
   <div class='ocr_carea' id='block_1_9' title="bbox 448 747 2025 827">
    <p class='ocr_par' dir='ltr' id='par_1_9' title="bbox 448 747 2025 827">
     <span class='ocr_line' id='line_1_9' title="bbox 448 747 2025 827; baseline -0.011 -12"><span class='ocrx_word' id='word_1_39' title='bbox 448 763 558 827; x_wconf 88' lang='lat' dir='ltr'><strong>nia,</strong></span> <span class='ocrx_word' id='word_1_40' title='bbox 610 776 732 814; x_wconf 88' lang='lat' dir='ltr'><strong>cttm</strong></span> <span class='ocrx_word' id='word_1_41' title='bbox 791 758 904 812; x_wconf 85' lang='lat' dir='ltr'><strong>suis</strong></span> <span class='ocrx_word' id='word_1_42' title='bbox 959 754 1193 820; x_wconf 73' lang='lat' dir='ltr'><strong>trajecit,</strong></span> <span class='ocrx_word' id='word_1_43' title='bbox 1245 753 1500 818; x_wconf 79' lang='lat' dir='ltr'><strong>venitque</strong></span> <span class='ocrx_word' id='word_1_44' title='bbox 1543 749 1837 804; x_wconf 85' lang='lat' dir='ltr'><strong>Bononiam</strong></span> <span class='ocrx_word' id='word_1_45' title='bbox 1890 747 2025 817; x_wconf 73' lang='grc'><strong>(14),</strong></span> 
     </span>
    </p>
   </div>
   <div class='ocr_carea' id='block_1_10' title="bbox 449 839 2029 912">
    <p class='ocr_par' dir='ltr' id='par_1_10' title="bbox 449 839 2029 912">
     <span class='ocr_line' id='line_1_10' title="bbox 449 839 2029 912; baseline -0.009 -4"><span class='ocrx_word' id='word_1_46' title='bbox 449 853 779 908; x_wconf 73' lang='lat' dir='ltr'><strong>maritimam</strong></span> <span class='ocrx_word' id='word_1_47' title='bbox 842 849 1027 902; x_wconf 84' lang='lat' dir='ltr'><strong>urbem</strong></span> <span class='ocrx_word' id='word_1_48' title='bbox 1081 848 1159 899; x_wconf 91' lang='lat' dir='ltr'><strong>sic</strong></span> <span class='ocrx_word' id='word_1_49' title='bbox 1211 845 1433 905; x_wconf 88' lang='lat' dir='ltr'><strong>dictam,</strong></span> <span class='ocrx_word' id='word_1_50' title='bbox 1472 844 1700 912; x_wconf 89' lang='lat' dir='ltr'><strong>primam</strong></span> <span class='ocrx_word' id='word_1_51' title='bbox 1755 843 1808 895; x_wconf 91' lang='lat' dir='ltr'><strong>in</strong></span> <span class='ocrx_word' id='word_1_52' title='bbox 1841 839 2029 895; x_wconf 77' lang='lat' dir='ltr'><strong>Galliae</strong></span> 
     </span>
    </p>
   </div>
   <div class='ocr_carea' id='block_1_11' title="bbox 453 931 2034 1011">
    <p class='ocr_par' dir='ltr' id='par_1_11' title="bbox 453 931 2034 1011">
     <span class='ocr_line' id='line_1_11' title="bbox 453 931 2034 1011; baseline -0.008 -12"><span class='ocrx_word' id='word_1_53' title='bbox 453 947 651 1000; x_wconf 91' lang='lat' dir='ltr'><strong>ﬁnibus</strong></span> <span class='ocrx_word' id='word_1_54' title='bbox 701 943 958 1011; x_wconf 84' lang='lat' dir='ltr'><strong>positam.</strong></span> <span class='ocrx_word' id='word_1_55' title='bbox 1018 939 1094 992; x_wconf 89' lang='lat' dir='ltr'><strong>lbi</strong></span> <span class='ocrx_word' id='word_1_56' title='bbox 1151 946 1415 999; x_wconf 85' lang='lat' dir='ltr'><strong>moratus,</strong></span> <span class='ocrx_word' id='word_1_57' title='bbox 1451 935 1663 990; x_wconf 87' lang='lat' dir='ltr'><strong>Gallum</strong></span> <span class='ocrx_word' id='word_1_58' title='bbox 1699 931 1938 997; x_wconf 83' lang='lat' dir='ltr'><strong>omnem,</strong></span> <span class='ocrx_word' id='word_1_59' title='bbox 1979 943 2034 986; x_wconf 86' lang='lat' dir='ltr'><strong>et</strong></span> 
     </span>
    </p>
   </div>
   <div class='ocr_carea' id='block_1_12' title="bbox 452 1027 2036 1108">
    <p class='ocr_par' dir='ltr' id='par_1_12' title="bbox 452 1027 2036 1108">
     <span class='ocr_line' id='line_1_12' title="bbox 452 1027 2036 1108; baseline -0.01 -16"><span class='ocrx_word' id='word_1_60' title='bbox 452 1042 744 1108; x_wconf 83' lang='lat' dir='ltr'><strong>Acytarum</strong></span> <span class='ocrx_word' id='word_1_61' title='bbox 779 1035 892 1105; x_wconf 83' lang='lat'><strong>(15)</strong></span> <span class='ocrx_word' id='word_1_62' title='bbox 932 1033 1161 1087; x_wconf 81' lang='lat' dir='ltr'><strong>militem</strong></span> <span class='ocrx_word' id='word_1_63' title='bbox 1217 1030 1320 1084; x_wconf 92' lang='lat' dir='ltr'><strong>sibi</strong></span> <span class='ocrx_word' id='word_1_64' title='bbox 1384 1029 1705 1098; x_wconf 77' lang='lat' dir='ltr'><strong>adiungens,</strong></span> <span class='ocrx_word' id='word_1_65' title='bbox 1749 1027 1896 1079; x_wconf 89' lang='lat' dir='ltr'><strong>omni</strong></span> <span class='ocrx_word' id='word_1_66' title='bbox 1954 1036 2036 1077; x_wconf 82' lang='lat' dir='ltr'><strong>cst</strong></span> 
     </span>
    </p>
   </div>
   <div class='ocr_carea' id='block_1_13' title="bbox 448 1117 2032 1196">
    <p class='ocr_par' dir='ltr' id='par_1_13' title="bbox 448 1117 2032 1196">
     <span class='ocr_line' id='line_1_13' title="bbox 448 1117 2032 1196; baseline -0.009 -13"><span class='ocrx_word' id='word_1_67' title='bbox 448 1127 621 1183; x_wconf 83' lang='lat' dir='ltr'><strong>Gallia</strong></span> <span class='ocrx_word' id='word_1_68' title='bbox 659 1127 862 1196; x_wconf 88' lang='lat' dir='ltr'><strong>potitus</strong></span> <span class='ocrx_word' id='word_1_69' title='bbox 896 1125 958 1176; x_wconf 89' lang='lat' dir='ltr'><strong>ad</strong></span> <span class='ocrx_word' id='word_1_70' title='bbox 998 1123 1161 1192; x_wconf 82' lang='lat' dir='ltr'><strong>Alpes</strong></span> <span class='ocrx_word' id='word_1_71' title='bbox 1194 1135 1385 1188; x_wconf 83' lang='lat' dir='ltr'><strong>ttSque,</strong></span> <span class='ocrx_word' id='word_1_72' title='bbox 1417 1135 1536 1188; x_wconf 72' lang='lat' dir='ltr'><strong>qua:</strong></span> <span class='ocrx_word' id='word_1_73' title='bbox 1563 1119 1766 1172; x_wconf 85' lang='lat' dir='ltr'><strong>Italiam</strong></span> <span class='ocrx_word' id='word_1_74' title='bbox 1800 1133 1827 1171; x_wconf 93' lang='lat' dir='ltr'><strong>a</strong></span> <span class='ocrx_word' id='word_1_75' title='bbox 1862 1117 2032 1172; x_wconf 84' lang='lat' dir='ltr'><strong>Gallia</strong></span> 
     </span>
    </p>
   </div>
   <div class='ocr_carea' id='block_1_14' title="bbox 457 1207 2032 1282">
    <p class='ocr_par' dir='ltr' id='par_1_14' title="bbox 457 1207 2032 1282">
     <span class='ocr_line' id='line_1_14' title="bbox 457 1207 2032 1282; baseline -0.008 -12"><span class='ocrx_word' id='word_1_76' title='bbox 457 1228 734 1282; x_wconf 80' lang='lat' dir='ltr'><strong>separant.</strong></span> <span class='ocrx_word' id='word_1_77' title='bbox 791 1214 930 1268; x_wconf 91' lang='lat' dir='ltr'><strong>lluic</strong></span> <span class='ocrx_word' id='word_1_78' title='bbox 965 1212 1059 1266; x_wconf 90' lang='lat' dir='ltr'><strong>ﬁlii</strong></span> <span class='ocrx_word' id='word_1_79' title='bbox 1098 1214 1200 1264; x_wconf 91' lang='lat' dir='ltr'><strong>duo</strong></span> <span class='ocrx_word' id='word_1_80' title='bbox 1232 1220 1409 1272; x_wconf 89' lang='lat' dir='ltr'><strong>erant,</strong></span> <span class='ocrx_word' id='word_1_81' title='bbox 1442 1209 1734 1271; x_wconf 86' lang='lat' dir='ltr'><strong>Constans,</strong></span> <span class='ocrx_word' id='word_1_82' title='bbox 1768 1221 1822 1262; x_wconf 88' lang='lat' dir='ltr'><strong>et</strong></span> <span class='ocrx_word' id='word_1_83' title='bbox 1863 1207 2032 1260; x_wconf 82' lang='lat' dir='ltr'><strong>Julia-</strong></span> 
     </span>
    </p>
   </div>
   <div class='ocr_carea' id='block_1_15' title="bbox 460 1299 2036 1365">
    <p class='ocr_par' dir='ltr' id='par_1_15' title="bbox 460 1299 2036 1365">
     <span class='ocr_line' id='line_1_15' title="bbox 460 1299 2036 1365; baseline -0.007 -2"><span class='ocrx_word' id='word_1_84' title='bbox 460 1326 582 1363; x_wconf 86' lang='lat' dir='ltr'><strong>nus.</strong></span> <span class='ocrx_word' id='word_1_85' title='bbox 631 1305 783 1360; x_wconf 84' lang='lat' dir='ltr'><strong>Illum</strong></span> <span class='ocrx_word' id='word_1_86' title='bbox 835 1304 1103 1359; x_wconf 61' lang='lat' dir='ltr'><strong>Caesarem</strong></span> <span class='ocrx_word' id='word_1_87' title='bbox 1163 1302 1478 1365; x_wconf 86' lang='lat' dir='ltr'><strong>constituit;</strong></span> <span class='ocrx_word' id='word_1_88' title='bbox 1519 1299 1791 1355; x_wconf 72' lang='lat' dir='ltr'><strong>lulianum</strong></span> <span class='ocrx_word' id='word_1_89' title='bbox 1845 1301 2036 1353; x_wconf 87' lang='lat' dir='ltr'><strong>deinde</strong></span> 
     </span>
    </p>
   </div>
   <div class='ocr_carea' id='block_1_16' title="bbox 455 1394 1734 1469">
    <p class='ocr_par' dir='ltr' id='par_1_16' title="bbox 455 1394 1734 1469">
     <span class='ocr_line' id='line_1_16' title="bbox 455 1394 1734 1469; baseline -0.005 -15"><span class='ocrx_word' id='word_1_90' title='bbox 455 1416 521 1454; x_wconf 88' lang='lat' dir='ltr'><strong>eo</strong></span> <span class='ocrx_word' id='word_1_91' title='bbox 551 1400 667 1469; x_wconf 85' lang='lat' dir='ltr'><strong>ipso</strong></span> <span class='ocrx_word' id='word_1_92' title='bbox 700 1408 945 1466; x_wconf 85' lang='lat' dir='ltr'><strong>tempore</strong></span> <span class='ocrx_word' id='word_1_93' title='bbox 978 1395 1379 1449; x_wconf 88' lang='lat' dir='ltr'><strong>nobilissimum</strong></span> <span class='ocrx_word' id='word_1_94' title='bbox 1411 1394 1734 1447; x_wconf 82' lang='lat' dir='ltr'><strong>nominavit.</strong></span> 
     </span>
    </p>
   </div>
   <div class='ocr_carea' id='block_1_17' title="bbox 2143 454 3716 531">
    <p class='ocr_par' dir='ltr' id='par_1_17' title="bbox 2143 454 3716 531">
     <span class='ocr_line' id='line_1_17' title="bbox 2143 454 3716 531; baseline -0.006 -10"><span class='ocrx_word' id='word_1_95' title='bbox 2143 469 2332 531; x_wconf 78' lang='grc' dir='ltr'><strong>αὐτοῖς</strong></span> <span class='ocrx_word' id='word_1_96' title='bbox 2351 465 2801 518; x_wconf 84' lang='grc' dir='ltr'><strong>ἀντικαθίσταται</strong></span> <span class='ocrx_word' id='word_1_97' title='bbox 2833 477 2851 493; x_wconf 78' lang='grc'><strong>⁸</strong></span> <span class='ocrx_word' id='word_1_98' title='bbox 2884 463 3009 514; x_wconf 75' lang='grc' dir='ltr'><strong>ἐπεὶ</strong></span> <span class='ocrx_word' id='word_1_99' title='bbox 3033 461 3092 512; x_wconf 80' lang='grc' dir='ltr'><strong>δὲ</strong></span> <span class='ocrx_word' id='word_1_100' title='bbox 3126 461 3219 514; x_wconf 82' lang='grc' dir='ltr'><strong>καὶ</strong></span> <span class='ocrx_word' id='word_1_101' title='bbox 3246 454 3401 520; x_wconf 65' lang='grc' dir='ltr'><strong>οὗτος</strong></span> <span class='ocrx_word' id='word_1_102' title='bbox 3432 460 3512 520; x_wconf 84' lang='grc' dir='ltr'><strong>είς</strong></span> <span class='ocrx_word' id='word_1_103' title='bbox 3527 457 3716 528; x_wconf 82' lang='grc' dir='ltr'><strong>τετρά-</strong></span> 
     </span>
    </p>
   </div>
   <div class='ocr_carea' id='block_1_18' title="bbox 2137 551 3714 632">
    <p class='ocr_par' dir='ltr' id='par_1_18' title="bbox 2137 551 3714 632">
     <span class='ocr_line' id='line_1_18' title="bbox 2137 551 3714 632; baseline -0.007 -19"><span class='ocrx_word' id='word_1_104' title='bbox 2137 579 2304 632; x_wconf 88' lang='grc' dir='ltr'><strong>μηνον</strong></span> <span class='ocrx_word' id='word_1_105' title='bbox 2323 561 2509 622; x_wconf 84' lang='grc' dir='ltr'><strong>αὐτοῖς</strong></span> <span class='ocrx_word' id='word_1_106' title='bbox 2535 557 2848 626; x_wconf 85' lang='grc' dir='ltr'><strong>προσκορὴς</strong></span> <span class='ocrx_word' id='word_1_107' title='bbox 2880 551 3123 622; x_wconf 83' lang='grc' dir='ltr'><strong>γεγονὼς</strong></span> <span class='ocrx_word' id='word_1_108' title='bbox 3172 553 3495 619; x_wconf 78' lang='grc' dir='ltr'><strong>ἀπεσφάγη,</strong></span> <span class='ocrx_word' id='word_1_109' title='bbox 3555 553 3714 603; x_wconf 83' lang='grc' dir='ltr'><strong>Κων-</strong></span> 
     </span>
    </p>
   </div>
   <div class='ocr_carea' id='block_1_19' title="bbox 2136 642 3718 716">
    <p class='ocr_par' dir='ltr' id='par_1_19' title="bbox 2136 642 3718 716">
     <span class='ocr_line' id='line_1_19' title="bbox 2136 642 3718 716; baseline -0.008 -9"><span class='ocrx_word' id='word_1_110' title='bbox 2136 656 2412 714; x_wconf 83' lang='grc' dir='ltr'><strong>σταντῖνος</strong></span> <span class='ocrx_word' id='word_1_111' title='bbox 2433 651 2553 704; x_wconf 89' lang='grc' dir='ltr'><strong>τότε</strong></span> <span class='ocrx_word' id='word_1_112' title='bbox 2577 652 2657 713; x_wconf 83' lang='grc' dir='ltr'><strong>εἰς</strong></span> <span class='ocrx_word' id='word_1_113' title='bbox 2681 649 2742 701; x_wconf 84' lang='grc' dir='ltr'><strong>τὸ</strong></span> <span class='ocrx_word' id='word_1_114' title='bbox 2769 646 2864 700; x_wconf 82' lang='grc' dir='ltr'><strong>τοῦ</strong></span> <span class='ocrx_word' id='word_1_115' title='bbox 2893 645 3298 716; x_wconf 81' lang='grc' dir='ltr'><strong>αὐτοκράτορος</strong></span> <span class='ocrx_word' id='word_1_116' title='bbox 3326 642 3718 706; x_wconf 75' lang='grc' dir='ltr'><strong>ἀναϐιϐάζεται</strong></span> 
     </span>
    </p>
   </div>
   <div class='ocr_carea' id='block_1_20' title="bbox 2135 733 3720 816">
    <p class='ocr_par' dir='ltr' id='par_1_20' title="bbox 2135 733 3720 816">
     <span class='ocr_line' id='line_1_20' title="bbox 2135 733 3720 816; baseline -0.009 -16"><span class='ocrx_word' id='word_1_117' title='bbox 2135 748 2329 816; x_wconf 80' lang='grc' dir='ltr'><strong>ὄνομα.</strong></span> <span class='ocrx_word' id='word_1_118' title='bbox 2365 744 2486 816; x_wconf 89' lang='grc'><strong>[181</strong></span> <span class='ocrx_word' id='word_1_119' title='bbox 2528 742 2624 814; x_wconf 82' lang='lat' dir='ltr'><strong>R.]</strong></span> <span class='ocrx_word' id='word_1_120' title='bbox 2660 733 2830 803; x_wconf 80' lang='grc' dir='ltr'><strong>Οὗτος</strong></span> <span class='ocrx_word' id='word_1_121' title='bbox 2872 740 3158 792; x_wconf 85' lang='grc' dir='ltr'><strong>Ἰουστῐνον</strong></span> <span class='ocrx_word' id='word_1_122' title='bbox 3198 739 3292 791; x_wconf 81' lang='grc' dir='ltr'><strong>καὶ</strong></span> <span class='ocrx_word' id='word_1_123' title='bbox 3336 736 3720 802; x_wconf 73' lang='grc' dir='ltr'><strong>Νεοὸιγάστην</strong></span> 
     </span>
    </p>
   </div>
   <div class='ocr_carea' id='block_1_21' title="bbox 2139 826 3721 908">
    <p class='ocr_par' dir='ltr' id='par_1_21' title="bbox 2139 826 3721 908">
     <span class='ocr_line' id='line_1_21' title="bbox 2139 826 3721 908; baseline -0.008 -17"><span class='ocrx_word' id='word_1_124' title='bbox 2139 837 2481 908; x_wconf 80' lang='grc' dir='ltr'><strong>στρατηγοὺς</strong></span> <span class='ocrx_word' id='word_1_125' title='bbox 2523 833 2932 905; x_wconf 76' lang='grc' dir='ltr'><strong>προϐαλόμενος</strong></span> <span class='ocrx_word' id='word_1_126' title='bbox 2975 832 3055 897; x_wconf 69' lang='grc' dir='ltr'><strong>θ’,</strong></span> <span class='ocrx_word' id='word_1_127' title='bbox 3108 829 3335 891; x_wconf 74' lang='grc' dir='ltr'><strong>καὶτὰς</strong></span> <span class='ocrx_word' id='word_1_128' title='bbox 3383 826 3721 896; x_wconf 81' lang='grc' dir='ltr'><strong>Βρεττανίας</strong></span> 
     </span>
    </p>
   </div>
   <div class='ocr_carea' id='block_1_22' title="bbox 2137 917 3718 998">
    <p class='ocr_par' dir='ltr' id='par_1_22' title="bbox 2137 917 3718 998">
     <span class='ocr_line' id='line_1_22' title="bbox 2137 917 3718 998; baseline -0.008 -16"><span class='ocrx_word' id='word_1_129' title='bbox 2137 932 2330 993; x_wconf 79' lang='grc' dir='ltr'><strong>ἐάσας,</strong></span> <span class='ocrx_word' id='word_1_130' title='bbox 2363 927 2686 998; x_wconf 76' lang='grc' dir='ltr'><strong>περαιοῦται</strong></span> <span class='ocrx_word' id='word_1_131' title='bbox 2727 926 2842 994; x_wconf 71' lang='grc' dir='ltr'><strong>ἅμα</strong></span> <span class='ocrx_word' id='word_1_132' title='bbox 2870 925 2918 958; x_wconf 85' lang='grc'>³³</span> <span class='ocrx_word' id='word_1_133' title='bbox 2946 924 3056 977; x_wconf 85' lang='grc' dir='ltr'><strong>τῶν</strong></span> <span class='ocrx_word' id='word_1_134' title='bbox 3099 921 3268 976; x_wconf 80' lang='grc' dir='ltr'><strong>αὑτοῦ</strong></span> <span class='ocrx_word' id='word_1_135' title='bbox 3297 921 3388 974; x_wconf 74' lang='grc' dir='ltr'><strong>ἐπὶ</strong></span> <span class='ocrx_word' id='word_1_136' title='bbox 3429 917 3718 982; x_wconf 82' lang='grc' dir='ltr'><strong>Βονωνίαν,</strong></span> 
     </span>
    </p>
   </div>
   <div class='ocr_carea' id='block_1_23' title="bbox 2140 1011 3721 1090">
    <p class='ocr_par' dir='ltr' id='par_1_23' title="bbox 2140 1011 3721 1090">
     <span class='ocr_line' id='line_1_23' title="bbox 2140 1011 3721 1090; baseline -0.009 -13"><span class='ocrx_word' id='word_1_137' title='bbox 2140 1025 2293 1077; x_wconf 76' lang='grc' dir='ltr'><strong>πόλιν</strong></span> <span class='ocrx_word' id='word_1_138' title='bbox 2321 1022 2462 1076; x_wconf 74' lang='grc' dir='ltr'><strong>οὕτω</strong></span> <span class='ocrx_word' id='word_1_139' title='bbox 2492 1021 2858 1090; x_wconf 82' lang='grc' dir='ltr'><strong>καλουμένην,</strong></span> <span class='ocrx_word' id='word_1_140' title='bbox 2885 1016 3340 1089; x_wconf 81' lang='grc' dir='ltr'><strong>παραθαλασσίαν</strong></span> <span class='ocrx_word' id='word_1_141' title='bbox 3367 1014 3462 1068; x_wconf 82' lang='grc' dir='ltr'><strong>καὶ</strong></span> <span class='ocrx_word' id='word_1_142' title='bbox 3493 1011 3721 1084; x_wconf 87' lang='grc' dir='ltr'><strong>πρώτην</strong></span> 
     </span>
    </p>
   </div>
   <div class='ocr_carea' id='block_1_24' title="bbox 2139 1106 3722 1183">
    <p class='ocr_par' dir='ltr' id='par_1_24' title="bbox 2139 1106 3722 1183">
     <span class='ocr_line' id='line_1_24' title="bbox 2139 1106 3722 1183; baseline -0.009 -13"><span class='ocrx_word' id='word_1_143' title='bbox 2139 1120 2198 1170; x_wconf 83' lang='grc' dir='ltr'><strong>ὲν</strong></span> <span class='ocrx_word' id='word_1_144' title='bbox 2232 1119 2343 1179; x_wconf 86' lang='grc' dir='ltr'><strong>τοῖς</strong></span> <span class='ocrx_word' id='word_1_145' title='bbox 2377 1115 2485 1168; x_wconf 86' lang='grc' dir='ltr'><strong>τῶν</strong></span> <span class='ocrx_word' id='word_1_146' title='bbox 2515 1113 2755 1169; x_wconf 84' lang='grc' dir='ltr'><strong>Γαλλιῶν</strong></span> <span class='ocrx_word' id='word_1_147' title='bbox 2785 1112 2834 1145; x_wconf 66' lang='grc'><strong>⁸⁵</strong></span> <span class='ocrx_word' id='word_1_148' title='bbox 2872 1112 3044 1183; x_wconf 78' lang='grc' dir='ltr'><strong>ὁρίοις</strong></span> <span class='ocrx_word' id='word_1_149' title='bbox 3083 1110 3366 1180; x_wconf 79' lang='grc' dir='ltr'><strong>κειμένην.</strong></span> <span class='ocrx_word' id='word_1_150' title='bbox 3398 1107 3571 1161; x_wconf 85' lang='grc' dir='ltr'><strong>Ἔνθα</strong></span> <span class='ocrx_word' id='word_1_151' title='bbox 3602 1106 3722 1158; x_wconf 71' lang='grc' dir='ltr'><strong>διαο</strong></span> 
     </span>
    </p>
   </div>
   <div class='ocr_carea' id='block_1_25' title="bbox 2140 1201 3722 1276">
    <p class='ocr_par' dir='ltr' id='par_1_25' title="bbox 2140 1201 3722 1276">
     <span class='ocr_line' id='line_1_25' title="bbox 2140 1201 3722 1276; baseline -0.007 -15"><span class='ocrx_word' id='word_1_152' title='bbox 2140 1208 2359 1276; x_wconf 76' lang='grc' dir='ltr'><strong>τρίψας,</strong></span> <span class='ocrx_word' id='word_1_153' title='bbox 2385 1209 2480 1262; x_wconf 75' lang='grc' dir='ltr'><strong>καὶ</strong></span> <span class='ocrx_word' id='word_1_154' title='bbox 2503 1208 2622 1260; x_wconf 75' lang='grc' dir='ltr'><strong>ὅλον</strong></span> <span class='ocrx_word' id='word_1_155' title='bbox 2649 1207 2736 1260; x_wconf 79' lang='grc' dir='ltr'><strong>τὸν</strong></span> <span class='ocrx_word' id='word_1_156' title='bbox 2785 1205 2991 1258; x_wconf 82' lang='grc' dir='ltr'><strong>Γάλλον</strong></span> <span class='ocrx_word' id='word_1_157' title='bbox 3025 1205 3119 1256; x_wconf 75' lang='grc' dir='ltr'><strong>καὶ</strong></span> <span class='ocrx_word' id='word_1_158' title='bbox 3163 1202 3454 1256; x_wconf 86' lang='grc' dir='ltr'><strong>Ἀκύτανον</strong></span> <span class='ocrx_word' id='word_1_159' title='bbox 3481 1201 3526 1231; x_wconf 81' lang='grc'><strong><em>³⁵</em></strong></span> <span class='ocrx_word' id='word_1_160' title='bbox 3553 1216 3722 1268; x_wconf 61' lang='grc' dir='ltr'><strong>στραυ</strong></span> 
     </span>
    </p>
   </div>
   <div class='ocr_carea' id='block_1_26' title="bbox 2144 1291 3721 1369">
    <p class='ocr_par' dir='ltr' id='par_1_26' title="bbox 2144 1291 3721 1369">
     <span class='ocr_line' id='line_1_26' title="bbox 2144 1291 3721 1369; baseline -0.007 -17"><span class='ocrx_word' id='word_1_161' title='bbox 2144 1301 2344 1369; x_wconf 77' lang='grc' dir='ltr'><strong>τιώτην</strong></span> <span class='ocrx_word' id='word_1_162' title='bbox 2371 1300 2838 1369; x_wconf 83' lang='grc' dir='ltr'><strong>ίδιοποιησάμενος</strong></span> <span class='ocrx_word' id='word_1_163' title='bbox 2861 1339 2876 1360; x_wconf 91' lang='grc'><strong>,</strong></span> <span class='ocrx_word' id='word_1_164' title='bbox 2915 1299 3110 1368; x_wconf 88' lang='grc' dir='ltr'><strong>κρατεῖ</strong></span> <span class='ocrx_word' id='word_1_165' title='bbox 3143 1296 3361 1348; x_wconf 87' lang='grc' dir='ltr'><strong>πάντων</strong></span> <span class='ocrx_word' id='word_1_166' title='bbox 3394 1293 3502 1345; x_wconf 88' lang='grc' dir='ltr'><strong>τῶν</strong></span> <span class='ocrx_word' id='word_1_167' title='bbox 3540 1291 3721 1362; x_wconf 81' lang='grc' dir='ltr'><strong>μερῶν</strong></span> 
     </span>
    </p>
   </div>
   <div class='ocr_carea' id='block_1_27' title="bbox 2144 1384 3723 1462">
    <p class='ocr_par' dir='ltr' id='par_1_27' title="bbox 2144 1384 3723 1462">
     <span class='ocr_line' id='line_1_27' title="bbox 2144 1384 3723 1462; baseline -0.005 -18"><span class='ocrx_word' id='word_1_168' title='bbox 2144 1396 2242 1460; x_wconf 85' lang='grc' dir='ltr'><strong>τῆς</strong></span> <span class='ocrx_word' id='word_1_169' title='bbox 2281 1393 2551 1456; x_wconf 79' lang='grc' dir='ltr'><strong>Γαλατίας</strong></span> <span class='ocrx_word' id='word_1_170' title='bbox 2584 1393 2631 1424; x_wconf 74' lang='grc'><strong>³⁸</strong></span> <span class='ocrx_word' id='word_1_171' title='bbox 2687 1392 2850 1462; x_wconf 84' lang='grc' dir='ltr'><strong>μέχρι</strong></span> <span class='ocrx_word' id='word_1_172' title='bbox 2900 1391 3010 1444; x_wconf 88' lang='grc' dir='ltr'><strong>τῶν</strong></span> <span class='ocrx_word' id='word_1_173' title='bbox 3052 1389 3306 1442; x_wconf 82' lang='grc' dir='ltr'><strong>Ἀλπεων</strong></span> <span class='ocrx_word' id='word_1_174' title='bbox 3349 1387 3460 1440; x_wconf 82' lang='grc' dir='ltr'><strong>τῶν</strong></span> <span class='ocrx_word' id='word_1_175' title='bbox 3517 1384 3723 1456; x_wconf 76' lang='grc' dir='ltr'><strong>μεταξῦ</strong></span> 
     </span>
    </p>
   </div>
   <div class='ocr_carea' id='block_1_28' title="bbox 465 1476 3726 1555">
    <p class='ocr_par' dir='ltr' id='par_1_28' title="bbox 465 1476 3726 1555">
     <span class='ocr_line' id='line_1_28' title="bbox 465 1476 3726 1555; baseline -0.005 -9"><span class='ocrx_word' id='word_1_176' title='bbox 465 1492 700 1554; x_wconf 85' lang='grc' dir='ltr'><strong>Ἰταλίας</strong></span> <span class='ocrx_word' id='word_1_177' title='bbox 742 1507 802 1542; x_wconf 93' lang='grc' dir='ltr'><strong>τε</strong></span> <span class='ocrx_word' id='word_1_178' title='bbox 858 1490 898 1520; x_wconf 82' lang='grc'><strong>³⁷</strong></span> <span class='ocrx_word' id='word_1_179' title='bbox 947 1487 1043 1540; x_wconf 73' lang='grc' dir='ltr'><strong>καὶ</strong></span> <span class='ocrx_word' id='word_1_180' title='bbox 1089 1487 1359 1548; x_wconf 83' lang='grc' dir='ltr'><strong>Γαλατίας</strong></span> <span class='ocrx_word' id='word_1_181' title='bbox 1415 1485 1483 1517; x_wconf 81' lang='grc'><strong>⁸⁸·</strong></span> <span class='ocrx_word' id='word_1_182' title='bbox 1526 1484 1682 1547; x_wconf 76' lang='grc' dir='ltr'><strong>οὗτος</strong></span> <span class='ocrx_word' id='word_1_183' title='bbox 1711 1485 1805 1538; x_wconf 92' lang='grc' dir='ltr'><strong>δύο</strong></span> <span class='ocrx_word' id='word_1_184' title='bbox 1854 1487 2048 1549; x_wconf 76' lang='grc' dir='ltr'><strong>παῖδας</strong></span> <span class='ocrx_word' id='word_1_185' title='bbox 2081 1487 2227 1555; x_wconf 80' lang='grc' dir='ltr'><strong>ἔσχε,</strong></span> <span class='ocrx_word' id='word_1_186' title='bbox 2255 1486 2589 1539; x_wconf 81' lang='grc' dir='ltr'><strong>Κώνσταντα</strong></span> <span class='ocrx_word' id='word_1_187' title='bbox 2623 1485 2717 1538; x_wconf 53' lang='grc' dir='ltr'><strong>καὶ⁵</strong></span> <span class='ocrx_word' id='word_1_188' title='bbox 2758 1483 3077 1546; x_wconf 83' lang='grc' dir='ltr'><strong>Ἰουλιανδν,</strong></span> <span class='ocrx_word' id='word_1_189' title='bbox 3123 1476 3198 1534; x_wconf 83' lang='grc' dir='ltr'><strong>ὧν</strong></span> <span class='ocrx_word' id='word_1_190' title='bbox 3234 1480 3326 1532; x_wconf 80' lang='grc' dir='ltr'><strong>τὸν</strong></span> <span class='ocrx_word' id='word_1_191' title='bbox 3402 1480 3500 1550; x_wconf 83' lang='grc' dir='ltr'><strong>μὲν</strong></span> <span class='ocrx_word' id='word_1_192' title='bbox 3565 1477 3726 1531; x_wconf 74' lang='grc' dir='ltr'><strong>Κώνο</strong></span> 
     </span>
    </p>
   </div>
   <div class='ocr_carea' id='block_1_29' title="bbox 459 1574 3518 1651">
    <p class='ocr_par' dir='ltr' id='par_1_29' title="bbox 459 1574 3518 1651">
     <span class='ocr_line' id='line_1_29' title="bbox 459 1574 3518 1651; baseline -0.005 -11"><span class='ocrx_word' id='word_1_193' title='bbox 459 1602 660 1640; x_wconf 84' lang='grc' dir='ltr'><strong>σταντα</strong></span> <span class='ocrx_word' id='word_1_194' title='bbox 684 1582 943 1651; x_wconf 85' lang='grc' dir='ltr'><strong>Καίσαρα</strong></span> <span class='ocrx_word' id='word_1_195' title='bbox 974 1579 1311 1649; x_wconf 89' lang='grc' dir='ltr'><strong>χειροτονεῖ,</strong></span> <span class='ocrx_word' id='word_1_196' title='bbox 1345 1575 1462 1630; x_wconf 77' lang='grc' dir='ltr'><strong>εἶτα</strong></span> <span class='ocrx_word' id='word_1_197' title='bbox 1497 1574 1725 1647; x_wconf 80' lang='grc' dir='ltr'><strong>ὕστερον</strong></span> <span class='ocrx_word' id='word_1_198' title='bbox 1755 1577 1899 1630; x_wconf 88' lang='grc' dir='ltr'><strong>κατά</strong></span> <span class='ocrx_word' id='word_1_199' title='bbox 1939 1579 2038 1639; x_wconf 88' lang='grc' dir='ltr'><strong>τὰς</strong></span> <span class='ocrx_word' id='word_1_200' title='bbox 2075 1579 2248 1639; x_wconf 77' lang='grc' dir='ltr'><strong>αὐτὰς</strong></span> <span class='ocrx_word' id='word_1_201' title='bbox 2277 1579 2494 1647; x_wconf 83' lang='grc' dir='ltr'><strong>ἡμέρας</strong></span> <span class='ocrx_word' id='word_1_202' title='bbox 2526 1579 2620 1630; x_wconf 74' lang='grc' dir='ltr'><strong>καὶ</strong></span> <span class='ocrx_word' id='word_1_203' title='bbox 2649 1577 2740 1630; x_wconf 81' lang='grc' dir='ltr'><strong>τὸν</strong></span> <span class='ocrx_word' id='word_1_204' title='bbox 2792 1575 3080 1629; x_wconf 78' lang='grc' dir='ltr'><strong>’ῐουλιανδν</strong></span> <span class='ocrx_word' id='word_1_205' title='bbox 3103 1574 3518 1642; x_wconf 77' lang='grc' dir='ltr'><strong>νωὸελίσσιμον.</strong></span> 
     </span>
    </p>
   </div>
   <div class='ocr_carea' id='block_1_30' title="bbox 526 1669 2116 1735">
    <p class='ocr_par' dir='ltr' id='par_1_30' title="bbox 526 1669 2116 1735">
     <span class='ocr_line' id='line_1_30' title="bbox 526 1669 2116 1735; baseline -0.006 -6"><span class='ocrx_word' id='word_1_206' title='bbox 526 1676 740 1729; x_wconf 81' lang='lat' dir='ltr'><strong>Attalus</strong></span> <span class='ocrx_word' id='word_1_207' title='bbox 783 1681 969 1726; x_wconf 89' lang='lat' dir='ltr'><strong>contra</strong></span> <span class='ocrx_word' id='word_1_208' title='bbox 1014 1669 1311 1723; x_wconf 89' lang='lat' dir='ltr'><strong>Honoriqu</strong></span> <span class='ocrx_word' id='word_1_209' title='bbox 1368 1669 1666 1735; x_wconf 85' lang='lat' dir='ltr'><strong>imperans,</strong></span> <span class='ocrx_word' id='word_1_210' title='bbox 1713 1670 1778 1721; x_wconf 90' lang='lat' dir='ltr'><strong>ad</strong></span> <span class='ocrx_word' id='word_1_211' title='bbox 1823 1669 2037 1721; x_wconf 77' lang='lat' dir='ltr'><strong>Raven-</strong></span> <span class='ocrx_word' id='word_1_212' title='bbox 2075 1673 2116 1728; x_wconf 78' lang='grc' dir='ltr'><strong>Β</strong></span> 
     </span>
    </p>
   </div>
   <div class='ocr_carea' id='block_1_31' title="bbox 460 1759 2038 1826">
    <p class='ocr_par' dir='ltr' id='par_1_31' title="bbox 460 1759 2038 1826">
     <span class='ocr_line' id='line_1_31' title="bbox 460 1759 2038 1826; baseline -0.004 -8"><span class='ocrx_word' id='word_1_213' title='bbox 460 1781 584 1818; x_wconf 88' lang='lat' dir='ltr'><strong>nam</strong></span> <span class='ocrx_word' id='word_1_214' title='bbox 613 1771 1023 1818; x_wconf 79' lang='lat' dir='ltr'><strong>castramctatus</strong></span> <span class='ocrx_word' id='word_1_215' title='bbox 1047 1769 1149 1823; x_wconf 89' lang='lat' dir='ltr'><strong>est,</strong></span> <span class='ocrx_word' id='word_1_216' title='bbox 1179 1759 1484 1826; x_wconf 89' lang='lat' dir='ltr'><strong>missusque</strong></span> <span class='ocrx_word' id='word_1_217' title='bbox 1516 1759 1582 1812; x_wconf 87' lang='lat' dir='ltr'><strong>ad</strong></span> <span class='ocrx_word' id='word_1_218' title='bbox 1607 1759 1754 1811; x_wconf 92' lang='lat' dir='ltr'><strong>illum</strong></span> <span class='ocrx_word' id='word_1_219' title='bbox 1785 1769 2038 1826; x_wconf 87' lang='lat' dir='ltr'><strong>tanquam</strong></span> 
     </span>
    </p>
   </div>
   <div class='ocr_carea' id='block_1_32' title="bbox 459 1850 2045 1920">
    <p class='ocr_par' dir='ltr' id='par_1_32' title="bbox 459 1850 2045 1920">
     <span class='ocr_line' id='line_1_32' title="bbox 459 1850 2045 1920; baseline -0.003 -12"><span class='ocrx_word' id='word_1_220' title='bbox 459 1857 526 1908; x_wconf 86' lang='lat' dir='ltr'><strong>ab</strong></span> <span class='ocrx_word' id='word_1_221' title='bbox 560 1853 803 1908; x_wconf 77' lang='lat' dir='ltr'><strong>Honorio</strong></span> <span class='ocrx_word' id='word_1_222' title='bbox 854 1853 1186 1919; x_wconf 83' lang='lat' dir='ltr'><strong>imperatore</strong></span> <span class='ocrx_word' id='word_1_223' title='bbox 1219 1856 1283 1903; x_wconf 90' lang='lat' dir='ltr'><strong>ad</strong></span> <span class='ocrx_word' id='word_1_224' title='bbox 1319 1852 1701 1918; x_wconf 84' lang='lat' dir='ltr'><strong>imperatorem</strong></span> <span class='ocrx_word' id='word_1_225' title='bbox 1740 1850 1852 1920; x_wconf 86' lang='lat'><strong>(16)</strong></span> <span class='ocrx_word' id='word_1_226' title='bbox 1897 1850 2045 1905; x_wconf 81' lang='lat' dir='ltr'><strong>Jovi-</strong></span> 
     </span>
    </p>
   </div>
   <div class='ocr_carea' id='block_1_33' title="bbox 465 1944 2046 2013">
    <p class='ocr_par' dir='ltr' id='par_1_33' title="bbox 465 1944 2046 2013">
     <span class='ocr_line' id='line_1_33' title="bbox 465 1944 2046 2013; baseline -0.003 -11"><span class='ocrx_word' id='word_1_227' title='bbox 465 1950 663 2002; x_wconf 85' lang='lat' dir='ltr'><strong>nianus</strong></span> <span class='ocrx_word' id='word_1_228' title='bbox 685 1945 969 2013; x_wconf 60' lang='lat' dir='ltr'><strong>praefectus</strong></span> <span class='ocrx_word' id='word_1_229' title='bbox 995 1955 1156 2010; x_wconf 85' lang='lat' dir='ltr'><strong>atque</strong></span> <span class='ocrx_word' id='word_1_230' title='bbox 1195 1945 1479 2012; x_wconf 88' lang='lat' dir='ltr'><strong>patricius,</strong></span> <span class='ocrx_word' id='word_1_231' title='bbox 1511 1954 1563 1998; x_wconf 85' lang='lat' dir='ltr'><strong>et</strong></span> <span class='ocrx_word' id='word_1_232' title='bbox 1593 1944 1811 2010; x_wconf 79' lang='lat' dir='ltr'><strong>Valens,</strong></span> <span class='ocrx_word' id='word_1_233' title='bbox 1847 1945 2046 1998; x_wconf 84' lang='lat' dir='ltr'><strong>utrius-</strong></span> 
     </span>
    </p>
   </div>
   <div class='ocr_carea' id='block_1_34' title="bbox 467 2030 2048 2106">
    <p class='ocr_par' dir='ltr' id='par_1_34' title="bbox 467 2030 2048 2106">
     <span class='ocr_line' id='line_1_34' title="bbox 467 2030 2048 2106; baseline -0.004 -17"><span class='ocrx_word' id='word_1_234' title='bbox 467 2053 572 2106; x_wconf 86' lang='lat' dir='ltr'><strong>que</strong></span> <span class='ocrx_word' id='word_1_235' title='bbox 617 2037 816 2088; x_wconf 70' lang='lat' dir='ltr'><strong>militiae</strong></span> <span class='ocrx_word' id='word_1_236' title='bbox 863 2035 1002 2097; x_wconf 81' lang='lat' dir='ltr'><strong>dux,</strong></span> <span class='ocrx_word' id='word_1_237' title='bbox 1069 2041 1124 2084; x_wconf 87' lang='lat' dir='ltr'><strong>et</strong></span> <span class='ocrx_word' id='word_1_238' title='bbox 1185 2030 1462 2085; x_wconf 66' lang='lat' dir='ltr'><strong>Potamius</strong></span> <span class='ocrx_word' id='word_1_239' title='bbox 1490 2043 1750 2101; x_wconf 64' lang='lat' dir='ltr'><strong>quaestor,</strong></span> <span class='ocrx_word' id='word_1_240' title='bbox 1793 2042 1848 2085; x_wconf 92' lang='lat' dir='ltr'><strong>et</strong></span> <span class='ocrx_word' id='word_1_241' title='bbox 1880 2030 2048 2084; x_wconf 88' lang='lat' dir='ltr'><strong>Julia-</strong></span> 
     </span>
    </p>
   </div>
   <div class='ocr_carea' id='block_1_35' title="bbox 466 2121 2048 2191">
    <p class='ocr_par' dir='ltr' id='par_1_35' title="bbox 466 2121 2048 2191">
     <span class='ocr_line' id='line_1_35' title="bbox 466 2121 2048 2191; baseline -0.004 -10"><span class='ocrx_word' id='word_1_242' title='bbox 466 2143 568 2182; x_wconf 89' lang='lat' dir='ltr'><strong>nus</strong></span> <span class='ocrx_word' id='word_1_243' title='bbox 613 2125 949 2179; x_wconf 88' lang='lat' dir='ltr'><strong>notariorum</strong></span> <span class='ocrx_word' id='word_1_244' title='bbox 1007 2121 1374 2191; x_wconf 83' lang='lat' dir='ltr'><strong>primicerius.</strong></span> <span class='ocrx_word' id='word_1_245' title='bbox 1425 2121 1484 2175; x_wconf 91' lang='lat' dir='ltr'><strong>lli</strong></span> <span class='ocrx_word' id='word_1_246' title='bbox 1523 2122 1704 2178; x_wconf 77' lang='lat' dir='ltr'><strong>Attalo</strong></span> <span class='ocrx_word' id='word_1_247' title='bbox 1736 2121 2048 2191; x_wconf 69' lang='lat' dir='ltr'><strong>signiﬁcant</strong></span> 
     </span>
    </p>
   </div>
   <div class='ocr_carea' id='block_1_36' title="bbox 461 2215 2050 2283">
    <p class='ocr_par' dir='ltr' id='par_1_36' title="bbox 461 2215 2050 2283">
     <span class='ocr_line' id='line_1_36' title="bbox 461 2215 2050 2283; baseline -0.006 -11"><span class='ocrx_word' id='word_1_248' title='bbox 461 2220 533 2272; x_wconf 84' lang='lat' dir='ltr'><strong>ab</strong></span> <span class='ocrx_word' id='word_1_249' title='bbox 560 2219 801 2273; x_wconf 83' lang='lat' dir='ltr'><strong>Honorio</strong></span> <span class='ocrx_word' id='word_1_250' title='bbox 831 2232 950 2270; x_wconf 88' lang='lat' dir='ltr'><strong>sese</strong></span> <span class='ocrx_word' id='word_1_251' title='bbox 987 2218 1180 2270; x_wconf 86' lang='lat' dir='ltr'><strong>missos</strong></span> <span class='ocrx_word' id='word_1_252' title='bbox 1224 2227 1280 2269; x_wconf 86' lang='lat' dir='ltr'><strong>ut</strong></span> <span class='ocrx_word' id='word_1_253' title='bbox 1315 2231 1437 2269; x_wconf 87' lang='lat' dir='ltr'><strong>cum</strong></span> <span class='ocrx_word' id='word_1_254' title='bbox 1468 2215 1559 2268; x_wconf 91' lang='lat' dir='ltr'><strong>illo</strong></span> <span class='ocrx_word' id='word_1_255' title='bbox 1598 2215 1664 2269; x_wconf 90' lang='lat' dir='ltr'><strong>de</strong></span> <span class='ocrx_word' id='word_1_256' title='bbox 1715 2215 1922 2283; x_wconf 81' lang='lat' dir='ltr'><strong>imperii</strong></span> <span class='ocrx_word' id='word_1_257' title='bbox 1961 2231 2050 2268; x_wconf 87' lang='lat' dir='ltr'><strong>so—</strong></span> 
     </span>
    </p>
   </div>
   <div class='ocr_carea' id='block_1_37' title="bbox 460 2308 2050 2366">
    <p class='ocr_par' dir='ltr' id='par_1_37' title="bbox 460 2308 2050 2366">
     <span class='ocr_line' id='line_1_37' title="bbox 460 2308 2050 2366; baseline -0.004 0"><span class='ocrx_word' id='word_1_258' title='bbox 460 2313 660 2366; x_wconf 88' lang='lat' dir='ltr'><strong>cietate</strong></span> <span class='ocrx_word' id='word_1_259' title='bbox 710 2317 964 2364; x_wconf 85' lang='lat' dir='ltr'><strong>tractent.</strong></span> <span class='ocrx_word' id='word_1_260' title='bbox 1005 2309 1209 2362; x_wconf 79' lang='lat' dir='ltr'><strong>Abnuit</strong></span> <span class='ocrx_word' id='word_1_261' title='bbox 1260 2323 1390 2361; x_wconf 84' lang='lat' dir='ltr'><strong>vero</strong></span> <span class='ocrx_word' id='word_1_262' title='bbox 1442 2308 1530 2361; x_wconf 86' lang='lat' dir='ltr'><strong>ille</strong></span> <span class='ocrx_word' id='word_1_263' title='bbox 1575 2325 1587 2359; x_wconf 92' lang='lat'><strong>:</strong></span> <span class='ocrx_word' id='word_1_264' title='bbox 1646 2308 1943 2360; x_wconf 90' lang='lat' dir='ltr'><strong>concedere</strong></span> <span class='ocrx_word' id='word_1_265' title='bbox 1969 2317 2050 2359; x_wconf 92' lang='lat' dir='ltr'><strong>ta-</strong></span> 
     </span>
    </p>
   </div>
   <div class='ocr_carea' id='block_1_38' title="bbox 463 2395 2051 2466">
    <p class='ocr_par' dir='ltr' id='par_1_38' title="bbox 463 2395 2051 2466">
     <span class='ocr_line' id='line_1_38' title="bbox 463 2395 2051 2466; baseline -0.005 -9"><span class='ocrx_word' id='word_1_266' title='bbox 463 2419 586 2458; x_wconf 88' lang='lat' dir='ltr'><strong>men</strong></span> <span class='ocrx_word' id='word_1_267' title='bbox 624 2415 704 2466; x_wconf 82' lang='lat' dir='ltr'><strong>se,</strong></span> <span class='ocrx_word' id='word_1_268' title='bbox 735 2411 792 2454; x_wconf 88' lang='lat' dir='ltr'><strong>ut</strong></span> <span class='ocrx_word' id='word_1_269' title='bbox 830 2401 1056 2454; x_wconf 87' lang='lat' dir='ltr'><strong>insulam</strong></span> <span class='ocrx_word' id='word_1_270' title='bbox 1123 2400 1389 2454; x_wconf 75' lang='lat' dir='ltr'><strong>inhabitet</strong></span> <span class='ocrx_word' id='word_1_271' title='bbox 1431 2401 1697 2452; x_wconf 87' lang='lat' dir='ltr'><strong>malorum</strong></span> <span class='ocrx_word' id='word_1_272' title='bbox 1726 2413 1920 2466; x_wconf 80' lang='lat' dir='ltr'><strong>expers</strong></span> <span class='ocrx_word' id='word_1_273' title='bbox 1943 2395 2051 2450; x_wconf 86' lang='lat' dir='ltr'><strong>Ho-</strong></span> 
     </span>
    </p>
   </div>
   <div class='ocr_carea' id='block_1_39' title="bbox 462 2490 2050 2562">
    <p class='ocr_par' dir='ltr' id='par_1_39' title="bbox 462 2490 2050 2562">
     <span class='ocr_line' id='line_1_39' title="bbox 462 2490 2050 2562; baseline -0.003 -13"><span class='ocrx_word' id='word_1_274' title='bbox 462 2497 676 2554; x_wconf 85' lang='lat' dir='ltr'><strong>norius.</strong></span> <span class='ocrx_word' id='word_1_275' title='bbox 712 2493 795 2546; x_wconf 85' lang='lat' dir='ltr'><strong>vel</strong></span> <span class='ocrx_word' id='word_1_276' title='bbox 840 2493 1005 2548; x_wconf 88' lang='lat' dir='ltr'><strong>alium</strong></span> <span class='ocrx_word' id='word_1_277' title='bbox 1036 2503 1185 2547; x_wconf 90' lang='lat' dir='ltr'><strong>certe</strong></span> <span class='ocrx_word' id='word_1_278' title='bbox 1227 2508 1386 2562; x_wconf 89' lang='lat' dir='ltr'><strong>quem</strong></span> <span class='ocrx_word' id='word_1_279' title='bbox 1419 2493 1548 2545; x_wconf 87' lang='lat' dir='ltr'><strong>velit</strong></span> <span class='ocrx_word' id='word_1_280' title='bbox 1577 2492 1774 2545; x_wconf 90' lang='lat' dir='ltr'><strong>locum.</strong></span> <span class='ocrx_word' id='word_1_281' title='bbox 1806 2490 2050 2558; x_wconf 75' lang='lat' dir='ltr'><strong>llespon-</strong></span> 
     </span>
    </p>
   </div>
   <div class='ocr_carea' id='block_1_40' title="bbox 463 2582 2048 2650">
    <p class='ocr_par' dir='ltr' id='par_1_40' title="bbox 463 2582 2048 2650">
     <span class='ocr_line' id='line_1_40' title="bbox 463 2582 2048 2650; baseline -0.002 -11"><span class='ocrx_word' id='word_1_282' title='bbox 463 2588 552 2640; x_wconf 88' lang='lat' dir='ltr'><strong>det</strong></span> <span class='ocrx_word' id='word_1_283' title='bbox 585 2586 774 2638; x_wconf 62' lang='lat' dir='ltr'><strong>adha’c</strong></span> <span class='ocrx_word' id='word_1_284' title='bbox 799 2585 1136 2638; x_wconf 68' lang='lat' dir='ltr'><strong>laetabundus</strong></span> <span class='ocrx_word' id='word_1_285' title='bbox 1175 2582 1453 2647; x_wconf 80' lang='lat' dir='ltr'><strong>Jovianus,</strong></span> <span class='ocrx_word' id='word_1_286' title='bbox 1479 2583 1792 2650; x_wconf 82' lang='lat' dir='ltr'><strong>indicatque</strong></span> <span class='ocrx_word' id='word_1_287' title='bbox 1826 2593 2048 2636; x_wconf 82' lang='lat' dir='ltr'><strong>exutum</strong></span> 
     </span>
    </p>
   </div>
   <div class='ocr_carea' id='block_1_41' title="bbox 461 2674 2053 2745">
    <p class='ocr_par' dir='ltr' id='par_1_41' title="bbox 461 2674 2053 2745">
     <span class='ocr_line' id='line_1_41' title="bbox 461 2674 2053 2745; baseline -0.002 -13"><span class='ocrx_word' id='word_1_288' title='bbox 461 2679 574 2745; x_wconf 88' lang='lat' dir='ltr'><strong>jam</strong></span> <span class='ocrx_word' id='word_1_289' title='bbox 623 2680 690 2732; x_wconf 90' lang='lat' dir='ltr'><strong>ab</strong></span> <span class='ocrx_word' id='word_1_290' title='bbox 717 2677 904 2730; x_wconf 84' lang='lat' dir='ltr'><strong>Attalo</strong></span> <span class='ocrx_word' id='word_1_291' title='bbox 937 2693 1038 2729; x_wconf 91' lang='lat' dir='ltr'><strong>una</strong></span> <span class='ocrx_word' id='word_1_292' title='bbox 1071 2677 1220 2744; x_wconf 81' lang='lat' dir='ltr'><strong>regni</strong></span> <span class='ocrx_word' id='word_1_293' title='bbox 1255 2685 1405 2744; x_wconf 90' lang='lat' dir='ltr'><strong>parte</strong></span> <span class='ocrx_word' id='word_1_294' title='bbox 1433 2674 1729 2728; x_wconf 89' lang='lat' dir='ltr'><strong>Honorium</strong></span> <span class='ocrx_word' id='word_1_295' title='bbox 1762 2675 2053 2742; x_wconf 76' lang='lat' dir='ltr'><strong>imperato-</strong></span> 
     </span>
    </p>
   </div>
   <div class='ocr_carea' id='block_1_42' title="bbox 467 2767 2053 2837">
    <p class='ocr_par' dir='ltr' id='par_1_42' title="bbox 467 2767 2053 2837">
     <span class='ocr_line' id='line_1_42' title="bbox 467 2767 2053 2837; baseline -0.001 -14"><span class='ocrx_word' id='word_1_296' title='bbox 467 2785 600 2823; x_wconf 87' lang='lat' dir='ltr'><strong>rem.</strong></span> <span class='ocrx_word' id='word_1_297' title='bbox 625 2772 804 2834; x_wconf 80' lang='lat' dir='ltr'><strong>Quare</strong></span> <span class='ocrx_word' id='word_1_298' title='bbox 829 2768 1040 2822; x_wconf 86' lang='lat' dir='ltr'><strong>.lovium</strong></span> <span class='ocrx_word' id='word_1_299' title='bbox 1067 2769 1277 2822; x_wconf 85' lang='lat' dir='ltr'><strong>Attalus</strong></span> <span class='ocrx_word' id='word_1_300' title='bbox 1301 2768 1651 2837; x_wconf 85' lang='lat' dir='ltr'><strong>increpando,</strong></span> <span class='ocrx_word' id='word_1_301' title='bbox 1674 2769 1879 2821; x_wconf 89' lang='lat' dir='ltr'><strong>nullum</strong></span> <span class='ocrx_word' id='word_1_302' title='bbox 1909 2767 2053 2822; x_wconf 82' lang='lat' dir='ltr'><strong>ferre</strong></span> 
     </span>
    </p>
   </div>
   <div class='ocr_carea' id='block_1_43' title="bbox 469 2859 2051 2928">
    <p class='ocr_par' dir='ltr' id='par_1_43' title="bbox 469 2859 2051 2928">
     <span class='ocr_line' id='line_1_43' title="bbox 469 2859 2051 2928; baseline -0.001 -16"><span class='ocrx_word' id='word_1_303' title='bbox 469 2875 674 2913; x_wconf 87' lang='lat' dir='ltr'><strong>morem</strong></span> <span class='ocrx_word' id='word_1_304' title='bbox 723 2860 881 2923; x_wconf 82' lang='lat' dir='ltr'><strong>dixit,</strong></span> <span class='ocrx_word' id='word_1_305' title='bbox 917 2871 977 2913; x_wconf 90' lang='lat' dir='ltr'><strong>ut</strong></span> <span class='ocrx_word' id='word_1_306' title='bbox 1033 2860 1279 2927; x_wconf 64' lang='lat' dir='ltr'><strong>spoliari:</strong></span> <span class='ocrx_word' id='word_1_307' title='bbox 1314 2860 1571 2914; x_wconf 88' lang='lat' dir='ltr'><strong>dicendus</strong></span> <span class='ocrx_word' id='word_1_308' title='bbox 1613 2861 1683 2913; x_wconf 93' lang='lat' dir='ltr'><strong>sit</strong></span> <span class='ocrx_word' id='word_1_309' title='bbox 1736 2859 2051 2928; x_wconf 87' lang='lat' dir='ltr'><strong>imperator,</strong></span> 
     </span>
    </p>
   </div>
   <div class='ocr_carea' id='block_1_44' title="bbox 2217 1664 3729 1738">
    <p class='ocr_par' dir='ltr' id='par_1_44' title="bbox 2217 1664 3729 1738">
     <span class='ocr_line' id='line_1_44' title="bbox 2217 1664 3729 1738; baseline -0.004 -16"><span class='ocrx_word' id='word_1_310' title='bbox 2217 1670 2339 1722; x_wconf 78' lang='grc' dir='ltr'><strong>Ὅτι</strong></span> <span class='ocrx_word' id='word_1_311' title='bbox 2369 1669 2632 1731; x_wconf 76' lang='grc' dir='ltr'><strong>’Ἄτταλος</strong></span> <span class='ocrx_word' id='word_1_312' title='bbox 2657 1667 2986 1738; x_wconf 85' lang='grc' dir='ltr'><strong>βασιλεύσας</strong></span> <span class='ocrx_word' id='word_1_313' title='bbox 3008 1666 3148 1719; x_wconf 85' lang='grc' dir='ltr'><strong>κατὰ</strong></span> <span class='ocrx_word' id='word_1_314' title='bbox 3182 1665 3442 1735; x_wconf 85' lang='grc' dir='ltr'><strong>Ὀνωρίου</strong></span> <span class='ocrx_word' id='word_1_315' title='bbox 3473 1664 3568 1716; x_wconf 80' lang='grc' dir='ltr'><strong>ἐπὶ</strong></span> <span class='ocrx_word' id='word_1_316' title='bbox 3607 1664 3729 1717; x_wconf 83' lang='grc' dir='ltr'><strong>Ῥά-</strong></span> 
     </span>
    </p>
   </div>
   <div class='ocr_carea' id='block_1_45' title="bbox 2147 1751 3727 1828">
    <p class='ocr_par' dir='ltr' id='par_1_45' title="bbox 2147 1751 3727 1828">
     <span class='ocr_line' id='line_1_45' title="bbox 2147 1751 3727 1828; baseline -0.005 -18"><span class='ocrx_word' id='word_1_317' title='bbox 2147 1759 2341 1810; x_wconf 71' lang='grc' dir='ltr'><strong>ϐενναν</strong></span> <span class='ocrx_word' id='word_1_318' title='bbox 2383 1757 2842 1828; x_wconf 82' lang='grc' dir='ltr'><strong>ὲκστρατεύεται,</strong></span> <span class='ocrx_word' id='word_1_319' title='bbox 2880 1757 2975 1809; x_wconf 70' lang='grc' dir='ltr'><strong>καὶ</strong></span> <span class='ocrx_word' id='word_1_320' title='bbox 3028 1755 3305 1824; x_wconf 86' lang='grc' dir='ltr'><strong>πέμπεται</strong></span> <span class='ocrx_word' id='word_1_321' title='bbox 3350 1752 3486 1821; x_wconf 79' lang='grc' dir='ltr'><strong>πρὸς</strong></span> <span class='ocrx_word' id='word_1_322' title='bbox 3539 1751 3727 1814; x_wconf 73' lang='grc' dir='ltr'><strong>αὑτὸν,</strong></span> 
     </span>
    </p>
   </div>
   <div class='ocr_carea' id='block_1_46' title="bbox 2146 1844 3736 1922">
    <p class='ocr_par' dir='ltr' id='par_1_46' title="bbox 2146 1844 3736 1922">
     <span class='ocr_line' id='line_1_46' title="bbox 2146 1844 3736 1922; baseline -0.006 -17"><span class='ocrx_word' id='word_1_323' title='bbox 2146 1851 2222 1914; x_wconf 84' lang='grc' dir='ltr'><strong>ὡς</strong></span> <span class='ocrx_word' id='word_1_324' title='bbox 2245 1853 2309 1905; x_wconf 83' lang='grc' dir='ltr'><strong>ὲκ</strong></span> <span class='ocrx_word' id='word_1_325' title='bbox 2338 1851 2604 1922; x_wconf 85' lang='grc' dir='ltr'><strong>βασιλέως</strong></span> <span class='ocrx_word' id='word_1_326' title='bbox 2642 1850 2905 1922; x_wconf 86' lang='grc' dir='ltr'><strong>Ὀνωρίου</strong></span> <span class='ocrx_word' id='word_1_327' title='bbox 2934 1849 3072 1918; x_wconf 73' lang='grc' dir='ltr'><strong>πρδς</strong></span> <span class='ocrx_word' id='word_1_328' title='bbox 3107 1847 3354 1917; x_wconf 83' lang='grc' dir='ltr'><strong>βασιλέα,</strong></span> <span class='ocrx_word' id='word_1_329' title='bbox 3398 1844 3660 1908; x_wconf 76' lang='grc' dir='ltr'><strong>Ἰοϐιανὺς</strong></span> <span class='ocrx_word' id='word_1_330' title='bbox 3683 1845 3736 1916; x_wconf 17' lang='grc'><strong>⁸³,</strong></span> 
     </span>
    </p>
   </div>
   <div class='ocr_carea' id='block_1_47' title="bbox 2147 1939 3733 2015">
    <p class='ocr_par' dir='ltr' id='par_1_47' title="bbox 2147 1939 3733 2015">
     <span class='ocr_line' id='line_1_47' title="bbox 2147 1939 3733 2015; baseline -0.004 -18"><span class='ocrx_word' id='word_1_331' title='bbox 2147 1944 2384 2015; x_wconf 78' lang='grc' dir='ltr'><strong>ἔπαρχος</strong></span> <span class='ocrx_word' id='word_1_332' title='bbox 2413 1947 2505 1997; x_wconf 71' lang='grc' dir='ltr'><strong>καὶ</strong></span> <span class='ocrx_word' id='word_1_333' title='bbox 2533 1944 2845 2014; x_wconf 84' lang='grc' dir='ltr'><strong>πατρίκιος,</strong></span> <span class='ocrx_word' id='word_1_334' title='bbox 2881 1943 2974 1995; x_wconf 71' lang='grc' dir='ltr'><strong>καὶ</strong></span> <span class='ocrx_word' id='word_1_335' title='bbox 2997 1943 3215 2011; x_wconf 78' lang='grc' dir='ltr'><strong>Οὐάλης</strong></span> <span class='ocrx_word' id='word_1_336' title='bbox 3246 1939 3554 2010; x_wconf 79' lang='grc' dir='ltr'><strong>στρατηγὸς</strong></span> <span class='ocrx_word' id='word_1_337' title='bbox 3601 1940 3733 1991; x_wconf 80' lang='grc' dir='ltr'><strong>ὲκαο</strong></span> 
     </span>
    </p>
   </div>
   <div class='ocr_carea' id='block_1_48' title="bbox 2147 2030 3733 2106">
    <p class='ocr_par' dir='ltr' id='par_1_48' title="bbox 2147 2030 3733 2106">
     <span class='ocr_line' id='line_1_48' title="bbox 2147 2030 3733 2106; baseline -0.005 -16"><span class='ocrx_word' id='word_1_338' title='bbox 2147 2038 2313 2106; x_wconf 80' lang='grc' dir='ltr'><strong>τέρας</strong></span> <span class='ocrx_word' id='word_1_339' title='bbox 2363 2037 2683 2106; x_wconf 86' lang='grc' dir='ltr'><strong>δυνάμεως,</strong></span> <span class='ocrx_word' id='word_1_340' title='bbox 2743 2035 2839 2088; x_wconf 68' lang='grc' dir='ltr'><strong>καὶ</strong></span> <span class='ocrx_word' id='word_1_341' title='bbox 2885 2034 3163 2103; x_wconf 86' lang='grc' dir='ltr'><strong>Ποτάμιος</strong></span> <span class='ocrx_word' id='word_1_342' title='bbox 3205 2033 3234 2084; x_wconf 86' lang='grc' dir='ltr'>ὁ</span> <span class='ocrx_word' id='word_1_343' title='bbox 3271 2033 3594 2099; x_wconf 85' lang='grc' dir='ltr'><strong>κυαίστωρ,</strong></span> <span class='ocrx_word' id='word_1_344' title='bbox 3637 2030 3733 2083; x_wconf 73' lang='grc' dir='ltr'><strong>καὶ</strong></span> 
     </span>
    </p>
   </div>
   <div class='ocr_carea' id='block_1_49' title="bbox 2163 2121 3735 2196">
    <p class='ocr_par' dir='ltr' id='par_1_49' title="bbox 2163 2121 3735 2196">
     <span class='ocr_line' id='line_1_49' title="bbox 2163 2121 3735 2196; baseline -0.004 -17"><span class='ocrx_word' id='word_1_345' title='bbox 2163 2126 2444 2188; x_wconf 83' lang='grc' dir='ltr'><strong>Ἰουλιανὸς</strong></span> <span class='ocrx_word' id='word_1_346' title='bbox 2497 2127 2861 2196; x_wconf 85' lang='grc' dir='ltr'><strong>πριμικήριος</strong></span> <span class='ocrx_word' id='word_1_347' title='bbox 2911 2125 3021 2177; x_wconf 82' lang='grc' dir='ltr'><strong>τῶν</strong></span> <span class='ocrx_word' id='word_1_348' title='bbox 3072 2123 3358 2194; x_wconf 75' lang='grc' dir='ltr'><strong>νοταρίωψ</strong></span> <span class='ocrx_word' id='word_1_349' title='bbox 3415 2122 3464 2175; x_wconf 82' lang='grc' dir='ltr'><strong>οἳ</strong></span> <span class='ocrx_word' id='word_1_350' title='bbox 3510 2121 3735 2191; x_wconf 76' lang='grc' dir='ltr'><strong>ἐδήλουν</strong></span> 
     </span>
    </p>
   </div>
   <div class='ocr_carea' id='block_1_50' title="bbox 2163 2215 3735 2288">
    <p class='ocr_par' dir='ltr' id='par_1_50' title="bbox 2163 2215 3735 2288">
     <span class='ocr_line' id='line_1_50' title="bbox 2163 2215 3735 2288; baseline -0.004 -15"><span class='ocrx_word' id='word_1_351' title='bbox 2163 2219 2403 2287; x_wconf 81' lang='grc' dir='ltr'><strong>Ἀττάλῳ</strong></span> <span class='ocrx_word' id='word_1_352' title='bbox 2449 2219 2543 2271; x_wconf 74' lang='grc' dir='ltr'><strong>ἐπὶ</strong></span> <span class='ocrx_word' id='word_1_353' title='bbox 2593 2217 2852 2288; x_wconf 73' lang='grc' dir='ltr'><strong>κοινωνίᾳ</strong></span> <span class='ocrx_word' id='word_1_354' title='bbox 2907 2217 3010 2286; x_wconf 82' lang='grc' dir='ltr'><strong>τῆς</strong></span> <span class='ocrx_word' id='word_1_355' title='bbox 3065 2217 3338 2287; x_wconf 87' lang='grc' dir='ltr'><strong>βασιλείας</strong></span> <span class='ocrx_word' id='word_1_356' title='bbox 3391 2215 3735 2269; x_wconf 81' lang='grc' dir='ltr'><strong>ἀπεστάλθαι</strong></span> 
     </span>
    </p>
   </div>
   <div class='ocr_carea' id='block_1_51' title="bbox 2151 2307 3736 2381">
    <p class='ocr_par' dir='ltr' id='par_1_51' title="bbox 2151 2307 3736 2381">
     <span class='ocr_line' id='line_1_51' title="bbox 2151 2307 3736 2381; baseline -0.004 -18"><span class='ocrx_word' id='word_1_357' title='bbox 2151 2311 2301 2380; x_wconf 78' lang='grc' dir='ltr'><strong>παρὰ.</strong></span> <span class='ocrx_word' id='word_1_358' title='bbox 2341 2310 2623 2381; x_wconf 85' lang='grc' dir='ltr'><strong>ὐνωρίου,</strong></span> <span class='ocrx_word' id='word_1_359' title='bbox 2678 2308 2735 2362; x_wconf 90' lang='grc' dir='ltr'>Ὁ</span> <span class='ocrx_word' id='word_1_360' title='bbox 2759 2309 2817 2362; x_wconf 80' lang='grc' dir='ltr'><strong>δὲ</strong></span> <span class='ocrx_word' id='word_1_361' title='bbox 2840 2310 3162 2369; x_wconf 84' lang='grc' dir='ltr'><strong>άπένευσεν,</strong></span> <span class='ocrx_word' id='word_1_362' title='bbox 3201 2307 3337 2360; x_wconf 90' lang='grc' dir='ltr'><strong>ἀλλά</strong></span> <span class='ocrx_word' id='word_1_363' title='bbox 3364 2307 3530 2376; x_wconf 84' lang='grc' dir='ltr'><strong>νῆσον</strong></span> <span class='ocrx_word' id='word_1_364' title='bbox 3563 2309 3736 2360; x_wconf 85' lang='grc' dir='ltr'><strong>οἰκεῖν</strong></span> 
     </span>
    </p>
   </div>
   <div class='ocr_carea' id='block_1_52' title="bbox 2150 2399 3737 2472">
    <p class='ocr_par' dir='ltr' id='par_1_52' title="bbox 2150 2399 3737 2472">
     <span class='ocr_line' id='line_1_52' title="bbox 2150 2399 3737 2472; baseline -0.002 -17"><span class='ocrx_word' id='word_1_365' title='bbox 2150 2403 2184 2472; x_wconf 81' lang='grc' dir='ltr'><strong>ἢ</strong></span> <span class='ocrx_word' id='word_1_366' title='bbox 2214 2403 2402 2470; x_wconf 76' lang='grc' dir='ltr'><strong>ἕτερόν</strong></span> <span class='ocrx_word' id='word_1_367' title='bbox 2445 2419 2568 2455; x_wconf 89' lang='grc' dir='ltr'><strong>τινα</strong></span> <span class='ocrx_word' id='word_1_368' title='bbox 2601 2403 2766 2454; x_wconf 84' lang='grc' dir='ltr'><strong>τόπον</strong></span> <span class='ocrx_word' id='word_1_369' title='bbox 2793 2441 2808 2465; x_wconf 89' lang='grc'><strong>,</strong></span> <span class='ocrx_word' id='word_1_370' title='bbox 2860 2400 2921 2453; x_wconf 81' lang='grc' dir='ltr'><strong>ὃν</strong></span> <span class='ocrx_word' id='word_1_371' title='bbox 2971 2400 3038 2454; x_wconf 84' lang='grc' dir='ltr'><strong>ἂν</strong></span> <span class='ocrx_word' id='word_1_372' title='bbox 3084 2399 3326 2469; x_wconf 87' lang='grc' dir='ltr'><strong>βούλοιτο</strong></span> <span class='ocrx_word' id='word_1_373' title='bbox 3352 2439 3368 2462; x_wconf 90' lang='grc'><strong>,</strong></span> <span class='ocrx_word' id='word_1_374' title='bbox 3429 2402 3737 2470; x_wconf 80' lang='grc' dir='ltr'><strong>συγχωρεῖν</strong></span> 
     </span>
    </p>
   </div>
   <div class='ocr_carea' id='block_1_53' title="bbox 2163 2491 3739 2563">
    <p class='ocr_par' dir='ltr' id='par_1_53' title="bbox 2163 2491 3739 2563">
     <span class='ocr_line' id='line_1_53' title="bbox 2163 2491 3739 2563; baseline -0.003 -16"><span class='ocrx_word' id='word_1_375' title='bbox 2163 2494 2442 2562; x_wconf 85' lang='grc' dir='ltr'><strong>Ὀνώριον,</strong></span> <span class='ocrx_word' id='word_1_376' title='bbox 2471 2493 2658 2546; x_wconf 79' lang='grc' dir='ltr'><strong>κακῶν</strong></span> <span class='ocrx_word' id='word_1_377' title='bbox 2685 2493 2892 2562; x_wconf 82' lang='grc' dir='ltr'><strong>ἀπαθῆ.</strong></span> <span class='ocrx_word' id='word_1_378' title='bbox 2954 2493 3338 2563; x_wconf 85' lang='grc' dir='ltr'><strong>Ἀποκρίνεται</strong></span> <span class='ocrx_word' id='word_1_379' title='bbox 3381 2491 3435 2544; x_wconf 85' lang='grc' dir='ltr'><strong>δὲ</strong></span> <span class='ocrx_word' id='word_1_380' title='bbox 3479 2491 3739 2553; x_wconf 70' lang='grc' dir='ltr'><strong>’Ῑοδιανὸς</strong></span> 
     </span>
    </p>
   </div>
   <div class='ocr_carea' id='block_1_54' title="bbox 2153 2579 3737 2657">
    <p class='ocr_par' dir='ltr' id='par_1_54' title="bbox 2153 2579 3737 2657">
     <span class='ocr_line' id='line_1_54' title="bbox 2153 2579 3737 2657; baseline -0.003 -19"><span class='ocrx_word' id='word_1_381' title='bbox 2153 2586 2361 2656; x_wconf 75' lang='grc' dir='ltr'><strong>ἡσθεὶς,</strong></span> <span class='ocrx_word' id='word_1_382' title='bbox 2397 2585 2527 2657; x_wconf 87' lang='grc'><strong>[106</strong></span> <span class='ocrx_word' id='word_1_383' title='bbox 2573 2584 2665 2657; x_wconf 80' lang='grc' dir='ltr'><strong>Η.]</strong></span> <span class='ocrx_word' id='word_1_384' title='bbox 2708 2585 3175 2654; x_wconf 81' lang='grc' dir='ltr'><strong>ἐπαγγελλόμενος</strong></span> <span class='ocrx_word' id='word_1_385' title='bbox 3222 2584 3316 2638; x_wconf 70' lang='grc' dir='ltr'><strong>καὶ</strong></span> <span class='ocrx_word' id='word_1_386' title='bbox 3347 2583 3573 2635; x_wconf 85' lang='grc' dir='ltr'><strong>σινῶσαι</strong></span> <span class='ocrx_word' id='word_1_387' title='bbox 3615 2579 3737 2634; x_wconf 83' lang='grc' dir='ltr'><strong>καθ’</strong></span> 
     </span>
    </p>
   </div>
   <div class='ocr_carea' id='block_1_55' title="bbox 2153 2669 3738 2746">
    <p class='ocr_par' dir='ltr' id='par_1_55' title="bbox 2153 2669 3738 2746">
     <span class='ocr_line' id='line_1_55' title="bbox 2153 2669 3738 2746; baseline -0.001 -18"><span class='ocrx_word' id='word_1_388' title='bbox 2153 2677 2271 2739; x_wconf 79' lang='grc' dir='ltr'><strong>ἑνὸς</strong></span> <span class='ocrx_word' id='word_1_389' title='bbox 2303 2677 2499 2746; x_wconf 83' lang='grc' dir='ltr'><strong>μέλους</strong></span> <span class='ocrx_word' id='word_1_390' title='bbox 2538 2678 2585 2708; x_wconf 76' lang='grc' dir='ltr'><strong>⁸ο</strong></span> <span class='ocrx_word' id='word_1_391' title='bbox 2611 2676 2702 2728; x_wconf 81' lang='grc' dir='ltr'><strong>τὸν</strong></span> <span class='ocrx_word' id='word_1_392' title='bbox 2741 2676 2964 2746; x_wconf 80' lang='grc' dir='ltr'><strong>βασιλέα</strong></span> <span class='ocrx_word' id='word_1_393' title='bbox 3011 2675 3286 2744; x_wconf 85' lang='grc' dir='ltr'><strong>Ὀνώριον.</strong></span> <span class='ocrx_word' id='word_1_394' title='bbox 3339 2677 3454 2744; x_wconf 82' lang='grc' dir='ltr'><strong>Ἐφ’</strong></span> <span class='ocrx_word' id='word_1_395' title='bbox 3488 2669 3738 2741; x_wconf 79' lang='grc' dir='ltr'><strong>ᾧὲπετί-</strong></span> 
     </span>
    </p>
   </div>
   <div class='ocr_carea' id='block_1_56' title="bbox 2157 2767 3740 2839">
    <p class='ocr_par' dir='ltr' id='par_1_56' title="bbox 2157 2767 3740 2839">
     <span class='ocr_line' id='line_1_56' title="bbox 2157 2767 3740 2839; baseline 0.001 -19"><span class='ocrx_word' id='word_1_396' title='bbox 2157 2786 2328 2839; x_wconf 83' lang='grc' dir='ltr'><strong>μησεν</strong></span> <span class='ocrx_word' id='word_1_397' title='bbox 2358 2770 2620 2830; x_wconf 72' lang='grc' dir='ltr'><strong>’Ἄτταλος</strong></span> <span class='ocrx_word' id='word_1_398' title='bbox 2661 2769 2904 2838; x_wconf 81' lang='grc' dir='ltr'><strong>Ἰοόιανῷ</strong></span> <span class='ocrx_word' id='word_1_399' title='bbox 2933 2769 2978 2800; x_wconf 67' lang='grc'>⁸¹</span> <span class='ocrx_word' id='word_1_400' title='bbox 3001 2810 3016 2834; x_wconf 87' lang='grc'><strong>,</strong></span> <span class='ocrx_word' id='word_1_401' title='bbox 3051 2768 3127 2832; x_wconf 79' lang='grc' dir='ltr'><strong>ὡς</strong></span> <span class='ocrx_word' id='word_1_402' title='bbox 3159 2767 3377 2831; x_wconf 63' lang='grc' dir='ltr'><strong>οὐθενὸς</strong></span> <span class='ocrx_word' id='word_1_403' title='bbox 3406 2768 3562 2832; x_wconf 77' lang='grc' dir='ltr'><strong>ἔθους</strong></span> <span class='ocrx_word' id='word_1_404' title='bbox 3585 2768 3740 2830; x_wconf 80' lang='grc' dir='ltr'><strong>ὖντος</strong></span> 
     </span>
    </p>
   </div>
   <div class='ocr_carea' id='block_1_57' title="bbox 2155 2861 3741 2934">
    <p class='ocr_par' dir='ltr' id='par_1_57' title="bbox 2155 2861 3741 2934">
     <span class='ocr_line' id='line_1_57' title="bbox 2155 2861 3741 2934; baseline -0.002 -20"><span class='ocrx_word' id='word_1_405' title='bbox 2155 2861 2432 2916; x_wconf 84' lang='grc' dir='ltr'><strong>σινοῦσθαι</strong></span> <span class='ocrx_word' id='word_1_406' title='bbox 2477 2863 2702 2934; x_wconf 88' lang='grc' dir='ltr'><strong>βασιλέα</strong></span> <span class='ocrx_word' id='word_1_407' title='bbox 2751 2863 2935 2916; x_wconf 81' lang='grc' dir='ltr'><strong>ἑκοντὶ</strong></span> <span class='ocrx_word' id='word_1_408' title='bbox 2973 2861 3072 2932; x_wconf 81' lang='grc' dir='ltr'><strong>τὴν</strong></span> <span class='ocrx_word' id='word_1_409' title='bbox 3105 2862 3381 2931; x_wconf 88' lang='grc' dir='ltr'><strong>βασιλείαν</strong></span> <span class='ocrx_word' id='word_1_410' title='bbox 3410 2861 3741 2930; x_wconf 79' lang='grc' dir='ltr'><strong>ἀποτιθέμε-</strong></span> 
     </span>
    </p>
   </div>
   <div class='ocr_carea' id='block_1_58' title="bbox 465 2948 2048 3026">
    <p class='ocr_par' dir='ltr' id='par_1_58' title="bbox 465 2948 2048 3019">
     <span class='ocr_line' id='line_1_58' title="bbox 465 2948 2048 3019; baseline 0.003 -19"><span class='ocrx_word' id='word_1_411' title='bbox 465 2952 558 3019; x_wconf 83' lang='lat' dir='ltr'><strong>qui</strong></span> <span class='ocrx_word' id='word_1_412' title='bbox 591 2961 782 3018; x_wconf 67' lang='lat' dir='ltr'><strong>sponte</strong></span> <span class='ocrx_word' id='word_1_413' title='bbox 815 2957 922 3003; x_wconf 74' lang='lat' dir='ltr'><strong>sita</strong></span> <span class='ocrx_word' id='word_1_414' title='bbox 955 2950 1185 3019; x_wconf 88' lang='lat' dir='ltr'><strong>imperio</strong></span> <span class='ocrx_word' id='word_1_415' title='bbox 1225 2952 1521 3004; x_wconf 79' lang='lat' dir='ltr'><strong>abdicaret.</strong></span> <span class='ocrx_word' id='word_1_416' title='bbox 1564 2948 1763 3004; x_wconf 76' lang='lat' dir='ltr'><strong>Verum</strong></span> <span class='ocrx_word' id='word_1_417' title='bbox 1791 2949 2048 3005; x_wconf 79' lang='lat' dir='ltr'><strong>Jovianus</strong></span> 
     </span>
    </p>
   </div>
   <div class='ocr_carea' id='block_1_59' title="bbox 2153 2948 3741 3026">
    <p class='ocr_par' dir='ltr' id='par_1_59' title="bbox 2154 2951 3741 3026">
     <span class='ocr_line' id='line_1_59' title="bbox 2154 2951 3741 3026; baseline -0.003 -19"><span class='ocrx_word' id='word_1_418' title='bbox 2154 2972 2265 3009; x_wconf 83' lang='lat' dir='ltr'><strong>vov.</strong></span> <span class='ocrx_word' id='word_1_419' title='bbox 2315 2955 2476 3009; x_wconf 84' lang='grc' dir='ltr'><strong>Ἀλλά</strong></span> <span class='ocrx_word' id='word_1_420' title='bbox 2523 2956 2780 3018; x_wconf 83' lang='grc' dir='ltr'><strong>Ἰοϐιανδς</strong></span> <span class='ocrx_word' id='word_1_421' title='bbox 2823 2955 2922 3026; x_wconf 80' lang='grc' dir='ltr'><strong>μὲν</strong></span> <span class='ocrx_word' id='word_1_422' title='bbox 2948 2955 3214 3015; x_wconf 86' lang='grc' dir='ltr'><strong>πολλάκις</strong></span> <span class='ocrx_word' id='word_1_423' title='bbox 3267 2952 3618 3024; x_wconf 80' lang='grc' dir='ltr'><strong>πρεσϐεύσας</strong></span> <span class='ocrx_word' id='word_1_424' title='bbox 3646 2951 3741 3002; x_wconf 68' lang='grc' dir='ltr'><strong>καὶ</strong></span> 
     </span>
    </p>
   </div>
   <div class='ocr_carea' id='block_1_60' title="bbox 467 3017 2048 3119">
    <p class='ocr_par' dir='ltr' id='par_1_60' title="bbox 467 3039 2048 3109">
     <span class='ocr_line' id='line_1_60' title="bbox 467 3039 2048 3109; baseline -0.001 -17"><span class='ocrx_word' id='word_1_425' title='bbox 467 3039 615 3109; x_wconf 80' lang='lat' dir='ltr'><strong>58a</strong></span> <span class='ocrx_word' id='word_1_426' title='bbox 648 3055 1018 3108; x_wconf 67' lang='lat' dir='ltr'><strong>saepenumero</strong></span> <span class='ocrx_word' id='word_1_427' title='bbox 1070 3040 1336 3108; x_wconf 82' lang='lat' dir='ltr'><strong>legatione</strong></span> <span class='ocrx_word' id='word_1_428' title='bbox 1371 3041 1542 3105; x_wconf 90' lang='lat' dir='ltr'><strong>obita,</strong></span> <span class='ocrx_word' id='word_1_429' title='bbox 1565 3055 1738 3109; x_wconf 90' lang='lat' dir='ltr'><strong>neque</strong></span> <span class='ocrx_word' id='word_1_430' title='bbox 1759 3041 2048 3108; x_wconf 88' lang='lat' dir='ltr'><strong>quidquam</strong></span> 
     </span>
    </p>
   </div>
   <div class='ocr_carea' id='block_1_61' title="bbox 2153 3017 3742 3119">
    <p class='ocr_par' dir='ltr' id='par_1_61' title="bbox 2159 3017 3742 3119">
     <span class='ocr_line' id='line_1_61' title="bbox 2159 3017 3742 3119; baseline -0.004 -17"><span class='ocrx_word' id='word_1_431' title='bbox 2159 3048 2326 3118; x_wconf 80' lang='grc' dir='ltr'><strong>μηδὲν</strong></span> <span class='ocrx_word' id='word_1_432' title='bbox 2350 3047 2558 3112; x_wconf 81' lang='grc' dir='ltr'><strong>ἀνύσας</strong></span> <span class='ocrx_word' id='word_1_433' title='bbox 2588 3017 2887 3119; x_wconf 76' lang='grc' dir='ltr'><strong>καταμένει</strong></span> <span class='ocrx_word' id='word_1_434' title='bbox 2937 3047 3074 3118; x_wconf 76' lang='grc' dir='ltr'><strong>πρὸς</strong></span> <span class='ocrx_word' id='word_1_435' title='bbox 3107 3017 3368 3100; x_wconf 78' lang='grc' dir='ltr'><strong>Ἄτταλον</strong></span> <span class='ocrx_word' id='word_1_436' title='bbox 3395 3087 3408 3106; x_wconf 85' lang='grc'><strong>.</strong></span> <span class='ocrx_word' id='word_1_437' title='bbox 3453 3049 3742 3116; x_wconf 86' lang='grc' dir='ltr'><strong>πατρίκιος</strong></span> 
     </span>
    </p>
   </div>
   <div class='ocr_carea' id='block_1_62' title="bbox 468 3130 2051 3200">
    <p class='ocr_par' dir='ltr' id='par_1_62' title="bbox 468 3130 2051 3200">
     <span class='ocr_line' id='line_1_62' title="bbox 468 3130 2051 3200; baseline 0.001 -18"><span class='ocrx_word' id='word_1_438' title='bbox 468 3131 781 3199; x_wconf 81' lang='lat' dir='ltr'><strong>proﬁciens,</strong></span> <span class='ocrx_word' id='word_1_439' title='bbox 822 3131 1020 3183; x_wconf 85' lang='lat' dir='ltr'><strong>mansit</strong></span> <span class='ocrx_word' id='word_1_440' title='bbox 1058 3131 1276 3183; x_wconf 76' lang='lat' dir='ltr'><strong>laudent</strong></span> <span class='ocrx_word' id='word_1_441' title='bbox 1303 3133 1441 3200; x_wconf 88' lang='lat' dir='ltr'><strong>apud</strong></span> <span class='ocrx_word' id='word_1_442' title='bbox 1483 3131 1745 3193; x_wconf 82' lang='lat' dir='ltr'><strong>Attalum,</strong></span> <span class='ocrx_word' id='word_1_443' title='bbox 1792 3130 2051 3198; x_wconf 79' lang='lat' dir='ltr'><strong>illiusque</strong></span> 
     </span>
    </p>
   </div>
   <div class='ocr_carea' id='block_1_63' title="bbox 468 3223 2054 3292">
    <p class='ocr_par' dir='ltr' id='par_1_63' title="bbox 468 3223 2054 3292">
     <span class='ocr_line' id='line_1_63' title="bbox 468 3223 2054 3292; baseline 0.001 -18"><span class='ocrx_word' id='word_1_444' title='bbox 468 3225 732 3291; x_wconf 84' lang='lat' dir='ltr'><strong>patricius</strong></span> <span class='ocrx_word' id='word_1_445' title='bbox 764 3232 850 3276; x_wconf 89' lang='lat' dir='ltr'><strong>est</strong></span> <span class='ocrx_word' id='word_1_446' title='bbox 879 3223 1201 3292; x_wconf 84' lang='lat' dir='ltr'><strong>appellatus.</strong></span> <span class='ocrx_word' id='word_1_447' title='bbox 1240 3223 1511 3278; x_wconf 65' lang='lat' dir='ltr'><strong>Ravennae</strong></span> <span class='ocrx_word' id='word_1_448' title='bbox 1544 3225 1760 3278; x_wconf 59' lang='lat' dir='ltr'><strong>interim</strong></span> <span class='ocrx_word' id='word_1_449' title='bbox 1785 3223 2054 3279; x_wconf 82' lang='lat' dir='ltr'><strong>delabitur</strong></span> 
     </span>
    </p>
   </div>
   <div class='ocr_carea' id='block_1_64' title="bbox 468 3313 2052 3387">
    <p class='ocr_par' dir='ltr' id='par_1_64' title="bbox 468 3313 2052 3387">
     <span class='ocr_line' id='line_1_64' title="bbox 468 3313 2052 3387; baseline -0.001 -19"><span class='ocrx_word' id='word_1_450' title='bbox 468 3316 534 3368; x_wconf 87' lang='lat' dir='ltr'><strong>ad</strong></span> <span class='ocrx_word' id='word_1_451' title='bbox 591 3315 881 3370; x_wconf 86' lang='lat' dir='ltr'><strong>Eusebium</strong></span> <span class='ocrx_word' id='word_1_452' title='bbox 921 3315 1035 3385; x_wconf 88' lang='lat' dir='ltr'><strong>(l7)</strong></span> <span class='ocrx_word' id='word_1_453' title='bbox 1074 3317 1429 3384; x_wconf 67' lang='lat' dir='ltr'><strong>praepositum</strong></span> <span class='ocrx_word' id='word_1_454' title='bbox 1467 3316 1580 3387; x_wconf 57' lang='lat'><strong>‘18)</strong></span> <span class='ocrx_word' id='word_1_455' title='bbox 1629 3325 1911 3384; x_wconf 84' lang='lat' dir='ltr'><strong>potestas:</strong></span> <span class='ocrx_word' id='word_1_456' title='bbox 1958 3313 2052 3384; x_wconf 89' lang='lat' dir='ltr'><strong>qui</strong></span> 
     </span>
    </p>
   </div>
   <div class='ocr_carea' id='block_1_65' title="bbox 467 3408 2054 3490">
    <p class='ocr_par' dir='ltr' id='par_1_65' title="bbox 467 3408 2054 3490">
     <span class='ocr_line' id='line_1_65' title="bbox 467 3408 2054 3490; baseline -0.001 -26"><span class='ocrx_word' id='word_1_457' title='bbox 467 3419 590 3490; x_wconf 76' lang='lat' dir='ltr'><strong>post</strong></span> <span class='ocrx_word' id='word_1_458' title='bbox 623 3426 726 3463; x_wconf 92' lang='lat' dir='ltr'><strong>non</strong></span> <span class='ocrx_word' id='word_1_459' title='bbox 774 3411 865 3463; x_wconf 90' lang='lat' dir='ltr'><strong>diu</strong></span> <span class='ocrx_word' id='word_1_460' title='bbox 904 3410 1038 3482; x_wconf 87' lang='lat' dir='ltr'><strong>(l9),</strong></span> <span class='ocrx_word' id='word_1_461' title='bbox 1091 3411 1356 3464; x_wconf 88' lang='lat' dir='ltr'><strong>Allovichi</strong></span> <span class='ocrx_word' id='word_1_462' title='bbox 1406 3410 1684 3473; x_wconf 86' lang='lat' dir='ltr'><strong>violentia,</strong></span> <span class='ocrx_word' id='word_1_463' title='bbox 1715 3426 1778 3464; x_wconf 89' lang='lat' dir='ltr'><strong>ac</strong></span> <span class='ocrx_word' id='word_1_464' title='bbox 1833 3408 2054 3463; x_wconf 84' lang='lat' dir='ltr'><strong>decreto</strong></span> 
     </span>
    </p>
   </div>
   <div class='ocr_carea' id='block_1_66' title="bbox 471 3500 2052 3569">
    <p class='ocr_par' dir='ltr' id='par_1_66' title="bbox 471 3500 2052 3569">
     <span class='ocr_line' id='line_1_66' title="bbox 471 3500 2052 3569; baseline 0.001 -19"><span class='ocrx_word' id='word_1_465' title='bbox 471 3500 708 3567; x_wconf 85' lang='lat' dir='ltr'><strong>publico,</strong></span> <span class='ocrx_word' id='word_1_466' title='bbox 745 3500 796 3552; x_wconf 88' lang='lat' dir='ltr'><strong>in</strong></span> <span class='ocrx_word' id='word_1_467' title='bbox 837 3501 1012 3553; x_wconf 88' lang='lat' dir='ltr'><strong>oculis</strong></span> <span class='ocrx_word' id='word_1_468' title='bbox 1053 3501 1398 3569; x_wconf 86' lang='lat' dir='ltr'><strong>imperatoris</strong></span> <span class='ocrx_word' id='word_1_469' title='bbox 1445 3501 1678 3554; x_wconf 76' lang='lat' dir='ltr'><strong>fustibus</strong></span> <span class='ocrx_word' id='word_1_470' title='bbox 1707 3511 1788 3554; x_wconf 88' lang='lat' dir='ltr'><strong>est</strong></span> <span class='ocrx_word' id='word_1_471' title='bbox 1816 3501 2052 3554; x_wconf 90' lang='lat' dir='ltr'><strong>occisus.</strong></span> 
     </span>
    </p>
   </div>
   <div class='ocr_carea' id='block_1_67' title="bbox 472 3590 2056 3663">
    <p class='ocr_par' dir='ltr' id='par_1_67' title="bbox 472 3590 2056 3663">
     <span class='ocr_line' id='line_1_67' title="bbox 472 3590 2056 3663; baseline 0.002 -20"><span class='ocrx_word' id='word_1_472' title='bbox 472 3590 600 3644; x_wconf 64' lang='lat' dir='ltr'><strong>Post</strong></span> <span class='ocrx_word' id='word_1_473' title='bbox 630 3594 792 3645; x_wconf 90' lang='lat' dir='ltr'><strong>etiam</strong></span> <span class='ocrx_word' id='word_1_474' title='bbox 833 3594 957 3645; x_wconf 91' lang='lat' dir='ltr'><strong>dum</strong></span> <span class='ocrx_word' id='word_1_475' title='bbox 995 3593 1250 3648; x_wconf 83' lang='lat' dir='ltr'><strong>Alaricbo</strong></span> <span class='ocrx_word' id='word_1_476' title='bbox 1284 3592 1397 3663; x_wconf 70' lang='grc'><strong>(20)</strong></span> <span class='ocrx_word' id='word_1_477' title='bbox 1443 3608 1547 3646; x_wconf 88' lang='lat' dir='ltr'><strong>non</strong></span> <span class='ocrx_word' id='word_1_478' title='bbox 1581 3594 1880 3661; x_wconf 81' lang='lat' dir='ltr'><strong>acquiescit</strong></span> <span class='ocrx_word' id='word_1_479' title='bbox 1903 3595 2056 3646; x_wconf 86' lang='lat' dir='ltr'><strong>Atta-</strong></span> 
     </span>
    </p>
   </div>
   <div class='ocr_carea' id='block_1_68' title="bbox 471 3680 2055 3753">
    <p class='ocr_par' dir='ltr' id='par_1_68' title="bbox 471 3680 2055 3753">
     <span class='ocr_line' id='line_1_68' title="bbox 471 3680 2055 3753; baseline 0.002 -21"><span class='ocrx_word' id='word_1_480' title='bbox 471 3680 578 3742; x_wconf 86' lang='lat' dir='ltr'><strong>lus,</strong></span> <span class='ocrx_word' id='word_1_481' title='bbox 610 3692 664 3735; x_wconf 89' lang='lat' dir='ltr'><strong>et</strong></span> <span class='ocrx_word' id='word_1_482' title='bbox 691 3698 819 3735; x_wconf 84' lang='lat' dir='ltr'><strong>vero</strong></span> <span class='ocrx_word' id='word_1_483' title='bbox 853 3686 1087 3738; x_wconf 83' lang='lat' dir='ltr'><strong>maxime</strong></span> <span class='ocrx_word' id='word_1_484' title='bbox 1130 3684 1267 3738; x_wconf 71' lang='lat' dir='ltr'><strong>Iovii</strong></span> <span class='ocrx_word' id='word_1_485' title='bbox 1303 3700 1490 3751; x_wconf 83' lang='lat' dir='ltr'><strong>Opera,</strong></span> <span class='ocrx_word' id='word_1_486' title='bbox 1528 3685 1620 3753; x_wconf 89' lang='lat' dir='ltr'><strong>qui</strong></span> <span class='ocrx_word' id='word_1_487' title='bbox 1653 3683 1877 3737; x_wconf 90' lang='lat' dir='ltr'><strong>Honorii</strong></span> <span class='ocrx_word' id='word_1_488' title='bbox 1907 3684 2055 3749; x_wconf 74' lang='lat' dir='ltr'><strong>lega-</strong></span> 
     </span>
    </p>
   </div>
   <div class='ocr_carea' id='block_1_69' title="bbox 473 3774 2053 3844">
    <p class='ocr_par' dir='ltr' id='par_1_69' title="bbox 473 3774 2053 3844">
     <span class='ocr_line' id='line_1_69' title="bbox 473 3774 2053 3844; baseline 0.003 -20"><span class='ocrx_word' id='word_1_489' title='bbox 473 3781 557 3824; x_wconf 89' lang='lat' dir='ltr'><strong>tos</strong></span> <span class='ocrx_word' id='word_1_490' title='bbox 585 3774 915 3840; x_wconf 90' lang='lat' dir='ltr'><strong>prodiderat,</strong></span> <span class='ocrx_word' id='word_1_491' title='bbox 942 3775 1168 3842; x_wconf 88' lang='lat' dir='ltr'><strong>imperio</strong></span> <span class='ocrx_word' id='word_1_492' title='bbox 1198 3775 1450 3842; x_wconf 85' lang='lat' dir='ltr'><strong>dejicitur</strong></span> <span class='ocrx_word' id='word_1_493' title='bbox 1480 3787 1766 3844; x_wconf 85' lang='lat' dir='ltr'><strong>manetque</strong></span> <span class='ocrx_word' id='word_1_494' title='bbox 1790 3777 2053 3844; x_wconf 85' lang='lat' dir='ltr'><strong>privatam</strong></span> 
     </span>
    </p>
   </div>
   <div class='ocr_carea' id='block_1_70' title="bbox 478 3864 2076 3936">
    <p class='ocr_par' dir='ltr' id='par_1_70' title="bbox 478 3864 2076 3936">
     <span class='ocr_line' id='line_1_70' title="bbox 478 3864 2076 3936; baseline 0.001 -20"><span class='ocrx_word' id='word_1_495' title='bbox 478 3865 620 3932; x_wconf 85' lang='lat' dir='ltr'><strong>apud</strong></span> <span class='ocrx_word' id='word_1_496' title='bbox 662 3864 979 3919; x_wconf 85' lang='lat' dir='ltr'><strong>Alaricbum</strong></span> <span class='ocrx_word' id='word_1_497' title='bbox 1014 3867 1180 3920; x_wconf 88' lang='lat' dir='ltr'><strong>vitam</strong></span> <span class='ocrx_word' id='word_1_498' title='bbox 1231 3869 1455 3936; x_wconf 78' lang='lat' dir='ltr'><strong>degens.</strong></span> <span class='ocrx_word' id='word_1_499' title='bbox 1497 3865 1700 3919; x_wconf 85' lang='lat' dir='ltr'><strong>Deinde</strong></span> <span class='ocrx_word' id='word_1_500' title='bbox 1747 3882 1853 3920; x_wconf 88' lang='lat' dir='ltr'><strong>non</strong></span> <span class='ocrx_word' id='word_1_501' title='bbox 1889 3867 2076 3919; x_wconf 89' lang='lat' dir='ltr'><strong>multo.</strong></span> 
     </span>
    </p>
   </div>
   <div class='ocr_carea' id='block_1_71' title="bbox 475 3957 2056 4024">
    <p class='ocr_par' dir='ltr' id='par_1_71' title="bbox 475 3957 2056 4024">
     <span class='ocr_line' id='line_1_71' title="bbox 475 3957 2056 4024; baseline 0.004 -19"><span class='ocrx_word' id='word_1_502' title='bbox 475 3957 808 4024; x_wconf 84' lang='lat' dir='ltr'><strong>postiterum</strong></span> <span class='ocrx_word' id='word_1_503' title='bbox 848 3957 1157 4024; x_wconf 87' lang='lat' dir='ltr'><strong>imperavit,</strong></span> <span class='ocrx_word' id='word_1_504' title='bbox 1194 3973 1255 4011; x_wconf 88' lang='lat' dir='ltr'><strong>ac</strong></span> <span class='ocrx_word' id='word_1_505' title='bbox 1290 3972 1510 4011; x_wconf 88' lang='lat' dir='ltr'><strong>rursum</strong></span> <span class='ocrx_word' id='word_1_506' title='bbox 1543 3957 1796 4010; x_wconf 84' lang='lat' dir='ltr'><strong>abdicare</strong></span> <span class='ocrx_word' id='word_1_507' title='bbox 1835 3969 2056 4011; x_wconf 84' lang='lat' dir='ltr'><strong>coactus</strong></span> 
     </span>
    </p>
   </div>
   <div class='ocr_carea' id='block_1_72' title="bbox 471 4045 2058 4116">
    <p class='ocr_par' dir='ltr' id='par_1_72' title="bbox 471 4045 2058 4116">
     <span class='ocr_line' id='line_1_72' title="bbox 471 4045 2058 4116; baseline 0.003 -19"><span class='ocrx_word' id='word_1_508' title='bbox 471 4057 578 4100; x_wconf 86' lang='lat' dir='ltr'><strong>est.</strong></span> <span class='ocrx_word' id='word_1_509' title='bbox 613 4045 742 4100; x_wconf 78' lang='lat' dir='ltr'><strong>Post</strong></span> <span class='ocrx_word' id='word_1_510' title='bbox 769 4048 882 4101; x_wconf 69' lang='lat' dir='ltr'><strong>haec</strong></span> <span class='ocrx_word' id='word_1_511' title='bbox 907 4051 1121 4101; x_wconf 87' lang='lat' dir='ltr'><strong>tandem</strong></span> <span class='ocrx_word' id='word_1_512' title='bbox 1162 4049 1226 4100; x_wconf 91' lang='lat' dir='ltr'><strong>ad</strong></span> <span class='ocrx_word' id='word_1_513' title='bbox 1285 4048 1599 4100; x_wconf 78' lang='lat' dir='ltr'><strong>Ravennam</strong></span> <span class='ocrx_word' id='word_1_514' title='bbox 1652 4046 1948 4116; x_wconf 82' lang='lat' dir='ltr'><strong>prolectus,</strong></span> <span class='ocrx_word' id='word_1_515' title='bbox 2003 4058 2058 4101; x_wconf 89' lang='lat' dir='ltr'><strong>et</strong></span> 
     </span>
    </p>
   </div>
   <div class='ocr_carea' id='block_1_73' title="bbox 472 4138 2058 4208">
    <p class='ocr_par' dir='ltr' id='par_1_73' title="bbox 472 4138 2058 4208">
     <span class='ocr_line' id='line_1_73' title="bbox 472 4138 2058 4208; baseline 0.001 -18"><span class='ocrx_word' id='word_1_516' title='bbox 472 4139 704 4191; x_wconf 79' lang='lat' dir='ltr'><strong>smninis</strong></span> <span class='ocrx_word' id='word_1_517' title='bbox 744 4142 983 4193; x_wconf 71' lang='lat' dir='ltr'><strong>dexterae</strong></span> <span class='ocrx_word' id='word_1_518' title='bbox 1019 4156 1210 4193; x_wconf 87' lang='lat' dir='ltr'><strong>manus</strong></span> <span class='ocrx_word' id='word_1_519' title='bbox 1253 4138 1439 4207; x_wconf 67' lang='lat' dir='ltr'><strong>digitis</strong></span> <span class='ocrx_word' id='word_1_520' title='bbox 1480 4148 1767 4194; x_wconf 86' lang='lat' dir='ltr'><strong>truncatus</strong></span> <span class='ocrx_word' id='word_1_521' title='bbox 1820 4140 2058 4208; x_wconf 85' lang='lat' dir='ltr'><strong>proscri-</strong></span> 
     </span>
    </p>
   </div>
   <div class='ocr_carea' id='block_1_74' title="bbox 473 4226 2055 4298">
    <p class='ocr_par' dir='ltr' id='par_1_74' title="bbox 473 4226 2055 4298">
     <span class='ocr_line' id='line_1_74' title="bbox 473 4226 2055 4298; baseline 0.003 -18"><span class='ocrx_word' id='word_1_522' title='bbox 473 4226 642 4280; x_wconf 88' lang='lat' dir='ltr'><strong>bitur.</strong></span> <span class='ocrx_word' id='word_1_523' title='bbox 679 4228 990 4282; x_wconf 85' lang='lat' dir='ltr'><strong>Allovicbus</strong></span> <span class='ocrx_word' id='word_1_524' title='bbox 1041 4230 1169 4282; x_wconf 88' lang='lat' dir='ltr'><strong>item</strong></span> <span class='ocrx_word' id='word_1_525' title='bbox 1218 4241 1334 4298; x_wconf 87' lang='lat' dir='ltr'><strong>post</strong></span> <span class='ocrx_word' id='word_1_526' title='bbox 1374 4229 1554 4298; x_wconf 88' lang='lat' dir='ltr'><strong>paulo,</strong></span> <span class='ocrx_word' id='word_1_527' title='bbox 1589 4229 1734 4296; x_wconf 91' lang='lat' dir='ltr'><strong>quod</strong></span> <span class='ocrx_word' id='word_1_528' title='bbox 1764 4229 2055 4284; x_wconf 86' lang='lat' dir='ltr'><strong>Eusebium</strong></span> 
     </span>
    </p>
   </div>
   <div class='ocr_carea' id='block_1_75' title="bbox 2167 3136 3742 3208">
    <p class='ocr_par' dir='ltr' id='par_1_75' title="bbox 2167 3136 3742 3208">
     <span class='ocr_line' id='line_1_75' title="bbox 2167 3136 3742 3208; baseline -0.001 -19"><span class='ocrx_word' id='word_1_529' title='bbox 2167 3136 2425 3190; x_wconf 86' lang='grc' dir='ltr'><strong>Ἀττάλου</strong></span> <span class='ocrx_word' id='word_1_530' title='bbox 2462 3136 2792 3207; x_wconf 58' lang='grc' dir='ltr'><strong>ὀνομασθείς</strong></span> <span class='ocrx_word' id='word_1_531' title='bbox 2811 3178 2826 3203; x_wconf 91' lang='grc'><strong>,</strong></span> <span class='ocrx_word' id='word_1_532' title='bbox 2862 3138 3187 3208; x_wconf 85' lang='grc' dir='ltr'><strong>μετέρχεται</strong></span> <span class='ocrx_word' id='word_1_533' title='bbox 3213 3136 3269 3189; x_wconf 85' lang='grc' dir='ltr'><strong>δὲ</strong></span> <span class='ocrx_word' id='word_1_534' title='bbox 3299 3137 3441 3188; x_wconf 87' lang='grc' dir='ltr'><strong>κατά</strong></span> <span class='ocrx_word' id='word_1_535' title='bbox 3467 3138 3566 3205; x_wconf 82' lang='grc' dir='ltr'><strong>τὴν</strong></span> <span class='ocrx_word' id='word_1_536' title='bbox 3613 3136 3742 3188; x_wconf 81' lang='grc' dir='ltr'><strong>Ῥά-</strong></span> 
     </span>
    </p>
   </div>
   <div class='ocr_carea' id='block_1_76' title="bbox 2154 3227 3742 3299">
    <p class='ocr_par' dir='ltr' id='par_1_76' title="bbox 2154 3227 3742 3299">
     <span class='ocr_line' id='line_1_76' title="bbox 2154 3227 3742 3299; baseline 0.001 -19"><span class='ocrx_word' id='word_1_537' title='bbox 2154 3228 2346 3281; x_wconf 76' lang='grc' dir='ltr'><strong>ϐενναν</strong></span> <span class='ocrx_word' id='word_1_538' title='bbox 2379 3229 2475 3282; x_wconf 77' lang='grc' dir='ltr'><strong>ἐπὶ</strong></span> <span class='ocrx_word' id='word_1_539' title='bbox 2499 3230 2592 3282; x_wconf 82' lang='grc' dir='ltr'><strong>τὸν</strong></span> <span class='ocrx_word' id='word_1_540' title='bbox 2622 3231 2952 3299; x_wconf 85' lang='grc' dir='ltr'><strong>πρεπόσιτον</strong></span> <span class='ocrx_word' id='word_1_541' title='bbox 2989 3229 3254 3282; x_wconf 80' lang='grc' dir='ltr'><strong>Εὑσέὸιον</strong></span> <span class='ocrx_word' id='word_1_542' title='bbox 3283 3230 3315 3298; x_wconf 84' lang='grc' dir='ltr'><strong>ή</strong></span> <span class='ocrx_word' id='word_1_543' title='bbox 3342 3227 3653 3290; x_wconf 84' lang='grc' dir='ltr'><strong>δυναστεία,</strong></span> <span class='ocrx_word' id='word_1_544' title='bbox 3680 3228 3742 3290; x_wconf 81' lang='grc' dir='ltr'><strong>ὃς</strong></span> 
     </span>
    </p>
   </div>
   <div class='ocr_carea' id='block_1_77' title="bbox 2159 3319 3747 3390">
    <p class='ocr_par' dir='ltr' id='par_1_77' title="bbox 2159 3319 3747 3390">
     <span class='ocr_line' id='line_1_77' title="bbox 2159 3319 3747 3390; baseline 0.001 -21"><span class='ocrx_word' id='word_1_545' title='bbox 2159 3321 2300 3389; x_wconf 84' lang='grc' dir='ltr'><strong>μετὰ</strong></span> <span class='ocrx_word' id='word_1_546' title='bbox 2321 3319 2507 3372; x_wconf 77' lang='grc' dir='ltr'><strong>ἱκανὸν</strong></span> <span class='ocrx_word' id='word_1_547' title='bbox 2536 3321 2729 3390; x_wconf 88' lang='grc' dir='ltr'><strong>χρόνον</strong></span> <span class='ocrx_word' id='word_1_548' title='bbox 2765 3320 3077 3390; x_wconf 80' lang='grc' dir='ltr'><strong>Ἀλλοϐίχου</strong></span> <span class='ocrx_word' id='word_1_549' title='bbox 3116 3319 3160 3351; x_wconf 72' lang='grc'><strong>⁴²</strong></span> <span class='ocrx_word' id='word_1_550' title='bbox 3188 3319 3424 3389; x_wconf 75' lang='grc' dir='ltr'><strong>ἐπηρείᾳ</strong></span> <span class='ocrx_word' id='word_1_551' title='bbox 3458 3319 3554 3371; x_wconf 78' lang='grc' dir='ltr'><strong>καὶ</strong></span> <span class='ocrx_word' id='word_1_552' title='bbox 3607 3319 3747 3372; x_wconf 83' lang='grc' dir='ltr'><strong>ὐπο-</strong></span> 
     </span>
    </p>
   </div>
   <div class='ocr_carea' id='block_1_78' title="bbox 2157 3411 3748 3484">
    <p class='ocr_par' dir='ltr' id='par_1_78' title="bbox 2157 3411 3748 3484">
     <span class='ocr_line' id='line_1_78' title="bbox 2157 3411 3748 3484; baseline -0.001 -20"><span class='ocrx_word' id='word_1_553' title='bbox 2157 3414 2302 3484; x_wconf 80' lang='grc' dir='ltr'><strong>θήκῃ</strong></span> <span class='ocrx_word' id='word_1_554' title='bbox 2343 3412 2581 3484; x_wconf 79' lang='grc' dir='ltr'><strong>δημοσίᾳ</strong></span> <span class='ocrx_word' id='word_1_555' title='bbox 2618 3413 2713 3466; x_wconf 78' lang='grc' dir='ltr'><strong>καὶ</strong></span> <span class='ocrx_word' id='word_1_556' title='bbox 2746 3414 2832 3465; x_wconf 74' lang='grc' dir='ltr'><strong>ἐπ’</strong></span> <span class='ocrx_word' id='word_1_557' title='bbox 2882 3413 3039 3482; x_wconf 73' lang='grc' dir='ltr'><strong>ὄψεσι</strong></span> <span class='ocrx_word' id='word_1_558' title='bbox 3067 3414 3162 3466; x_wconf 77' lang='grc' dir='ltr'><strong>τοῦ</strong></span> <span class='ocrx_word' id='word_1_559' title='bbox 3210 3412 3476 3482; x_wconf 84' lang='grc' dir='ltr'><strong>βασιλέως</strong></span> <span class='ocrx_word' id='word_1_560' title='bbox 3527 3411 3748 3482; x_wconf 76' lang='grc' dir='ltr'><strong>ῥάϐδοις</strong></span> 
     </span>
    </p>
   </div>
   <div class='ocr_carea' id='block_1_79' title="bbox 2156 3503 3747 3576">
    <p class='ocr_par' dir='ltr' id='par_1_79' title="bbox 2156 3503 3747 3576">
     <span class='ocr_line' id='line_1_79' title="bbox 2156 3503 3747 3576; baseline 0 -22"><span class='ocrx_word' id='word_1_561' title='bbox 2156 3503 2481 3572; x_wconf 83' lang='grc' dir='ltr'><strong>ἀναιρεῖται.</strong></span> <span class='ocrx_word' id='word_1_562' title='bbox 2503 3505 2546 3556; x_wconf 84' lang='grc' dir='ltr'>Χ</span> <span class='ocrx_word' id='word_1_563' title='bbox 2557 3503 2708 3572; x_wconf 90' lang='grc' dir='ltr'><strong>ρόνος</strong></span> <span class='ocrx_word' id='word_1_564' title='bbox 2723 3503 2986 3576; x_wconf 78' lang='grc' dir='ltr'><strong>έῤῥευσεν</strong></span> <span class='ocrx_word' id='word_1_565' title='bbox 3004 3504 3207 3566; x_wconf 81' lang='grc' dir='ltr'><strong>ἱκανὸς.</strong></span> <span class='ocrx_word' id='word_1_566' title='bbox 3225 3505 3408 3574; x_wconf 78' lang='grc' dir='ltr'><strong>καὶμὴ</strong></span> <span class='ocrx_word' id='word_1_567' title='bbox 3423 3505 3747 3573; x_wconf 83' lang='grc' dir='ltr'><strong>πειθόμενος</strong></span> 
     </span>
    </p>
   </div>
   <div class='ocr_carea' id='block_1_80' title="bbox 2161 3593 3746 3667">
    <p class='ocr_par' dir='ltr' id='par_1_80' title="bbox 2161 3593 3746 3667">
     <span class='ocr_line' id='line_1_80' title="bbox 2161 3593 3746 3667; baseline 0.001 -21"><span class='ocrx_word' id='word_1_568' title='bbox 2161 3595 2426 3658; x_wconf 77' lang='grc' dir='ltr'><strong>’Ἄτταλος</strong></span> <span class='ocrx_word' id='word_1_569' title='bbox 2465 3595 2756 3666; x_wconf 83' lang='grc' dir='ltr'><strong>Ἀλαρίχῳ,</strong></span> <span class='ocrx_word' id='word_1_570' title='bbox 2805 3597 3012 3667; x_wconf 80' lang='grc' dir='ltr'><strong>σπουδῇ</strong></span> <span class='ocrx_word' id='word_1_571' title='bbox 3051 3597 3107 3648; x_wconf 83' lang='grc' dir='ltr'><strong>δὲ</strong></span> <span class='ocrx_word' id='word_1_572' title='bbox 3148 3596 3385 3666; x_wconf 85' lang='grc' dir='ltr'><strong>μάλιστα</strong></span> <span class='ocrx_word' id='word_1_573' title='bbox 3438 3593 3701 3648; x_wconf 77' lang='grc' dir='ltr'><strong>Ἰοὸιανοῦ</strong></span> <span class='ocrx_word' id='word_1_574' title='bbox 3731 3635 3746 3658; x_wconf 92' lang='grc'><strong>,</strong></span> 
     </span>
    </p>
   </div>
   <div class='ocr_carea' id='block_1_81' title="bbox 2157 3683 3749 3761">
    <p class='ocr_par' dir='ltr' id='par_1_81' title="bbox 2157 3683 3749 3761">
     <span class='ocr_line' id='line_1_81' title="bbox 2157 3683 3749 3761; baseline 0 -21"><span class='ocrx_word' id='word_1_575' title='bbox 2157 3687 2217 3749; x_wconf 75' lang='grc' dir='ltr'><strong>ὃς</strong></span> <span class='ocrx_word' id='word_1_576' title='bbox 2239 3683 2305 3758; x_wconf 79' lang='grc' dir='ltr'><strong>ἦν</strong></span> <span class='ocrx_word' id='word_1_577' title='bbox 2339 3689 2439 3756; x_wconf 87' lang='grc' dir='ltr'><strong>τὴν</strong></span> <span class='ocrx_word' id='word_1_578' title='bbox 2487 3689 2751 3758; x_wconf 85' lang='grc' dir='ltr'><strong>Ὀνωρίου</strong></span> <span class='ocrx_word' id='word_1_579' title='bbox 2790 3689 3086 3761; x_wconf 75' lang='grc' dir='ltr'><strong>πρεσϐείαν</strong></span> <span class='ocrx_word' id='word_1_580' title='bbox 3132 3687 3513 3760; x_wconf 86' lang='grc' dir='ltr'><strong>προδεδωκὼς,</strong></span> <span class='ocrx_word' id='word_1_581' title='bbox 3547 3689 3749 3741; x_wconf 88' lang='grc' dir='ltr'><strong>καθαι-</strong></span> 
     </span>
    </p>
   </div>
   <div class='ocr_carea' id='block_1_82' title="bbox 2161 3777 3750 3849">
    <p class='ocr_par' dir='ltr' id='par_1_82' title="bbox 2161 3777 3750 3849">
     <span class='ocr_line' id='line_1_82' title="bbox 2161 3777 3750 3849; baseline 0 -19"><span class='ocrx_word' id='word_1_582' title='bbox 2161 3780 2337 3846; x_wconf 84' lang='grc' dir='ltr'><strong>ρεῖται</strong></span> <span class='ocrx_word' id='word_1_583' title='bbox 2368 3779 2469 3848; x_wconf 83' lang='grc' dir='ltr'><strong>τῆς</strong></span> <span class='ocrx_word' id='word_1_584' title='bbox 2500 3778 2780 3849; x_wconf 85' lang='grc' dir='ltr'><strong>βασιλείας</strong></span> <span class='ocrx_word' id='word_1_585' title='bbox 2807 3822 2821 3846; x_wconf 89' lang='grc'><strong>,</strong></span> <span class='ocrx_word' id='word_1_586' title='bbox 2882 3781 2977 3832; x_wconf 75' lang='grc' dir='ltr'><strong>καὶ</strong></span> <span class='ocrx_word' id='word_1_587' title='bbox 3011 3780 3164 3849; x_wconf 88' lang='grc' dir='ltr'><strong>μένει</strong></span> <span class='ocrx_word' id='word_1_588' title='bbox 3197 3779 3288 3831; x_wconf 88' lang='grc' dir='ltr'><strong>τὸν</strong></span> <span class='ocrx_word' id='word_1_589' title='bbox 3345 3777 3564 3848; x_wconf 73' lang='grc' dir='ltr'><strong>ἰδιώτην</strong></span> <span class='ocrx_word' id='word_1_590' title='bbox 3595 3779 3750 3846; x_wconf 81' lang='grc' dir='ltr'><strong>παρὰ</strong></span> 
     </span>
    </p>
   </div>
   <div class='ocr_carea' id='block_1_83' title="bbox 2171 3869 3752 3944">
    <p class='ocr_par' dir='ltr' id='par_1_83' title="bbox 2171 3869 3752 3944">
     <span class='ocr_line' id='line_1_83' title="bbox 2171 3869 3752 3944; baseline 0 -22"><span class='ocrx_word' id='word_1_591' title='bbox 2171 3869 2446 3942; x_wconf 84' lang='grc' dir='ltr'><strong>Ἀλαρίχῳ</strong></span> <span class='ocrx_word' id='word_1_592' title='bbox 2495 3872 2610 3941; x_wconf 89' lang='grc' dir='ltr'><strong>βίον</strong></span> <span class='ocrx_word' id='word_1_593' title='bbox 2645 3872 3048 3944; x_wconf 83' lang='grc' dir='ltr'><strong>ἀνθῃρημένος.</strong></span> <span class='ocrx_word' id='word_1_594' title='bbox 3094 3872 3327 3924; x_wconf 86' lang='grc' dir='ltr'><strong>Ἔπειτα</strong></span> <span class='ocrx_word' id='word_1_595' title='bbox 3369 3873 3507 3938; x_wconf 85' lang='grc' dir='ltr'><strong>μετά</strong></span> <span class='ocrx_word' id='word_1_596' title='bbox 3556 3872 3752 3941; x_wconf 73' lang='grc' dir='ltr'><strong>χρόνον</strong></span> 
     </span>
    </p>
   </div>
   <div class='ocr_carea' id='block_1_84' title="bbox 2156 3959 3752 4034">
    <p class='ocr_par' dir='ltr' id='par_1_84' title="bbox 2156 3959 3752 4034">
     <span class='ocr_line' id='line_1_84' title="bbox 2156 3959 3752 4034; baseline 0.001 -20"><span class='ocrx_word' id='word_1_597' title='bbox 2156 3963 2279 4016; x_wconf 89' lang='grc' dir='ltr'><strong>τινὰ</strong></span> <span class='ocrx_word' id='word_1_598' title='bbox 2308 3963 2620 4032; x_wconf 89' lang='grc' dir='ltr'><strong>βασιλεύει,</strong></span> <span class='ocrx_word' id='word_1_599' title='bbox 2675 3959 2798 4018; x_wconf 73' lang='grc' dir='ltr'><strong>εἶτα</strong></span> <span class='ocrx_word' id='word_1_600' title='bbox 2843 3963 3213 4034; x_wconf 85' lang='grc' dir='ltr'><strong>καθαιρείται.</strong></span> <span class='ocrx_word' id='word_1_601' title='bbox 3255 3965 3362 4017; x_wconf 71' lang='grc' dir='ltr'><strong>Καὶ</strong></span> <span class='ocrx_word' id='word_1_602' title='bbox 3390 3963 3529 4033; x_wconf 88' lang='grc' dir='ltr'><strong>μετά</strong></span> <span class='ocrx_word' id='word_1_603' title='bbox 3573 3962 3752 4016; x_wconf 83' lang='grc' dir='ltr'><strong>ταῦτα</strong></span> 
     </span>
    </p>
   </div>
   <div class='ocr_carea' id='block_1_85' title="bbox 2159 4051 3752 4126">
    <p class='ocr_par' dir='ltr' id='par_1_85' title="bbox 2159 4051 3752 4126">
     <span class='ocr_line' id='line_1_85' title="bbox 2159 4051 3752 4126; baseline 0.001 -22"><span class='ocrx_word' id='word_1_604' title='bbox 2159 4051 2386 4122; x_wconf 73' lang='grc' dir='ltr'><strong>ὕστερον</strong></span> <span class='ocrx_word' id='word_1_605' title='bbox 2431 4055 2524 4106; x_wconf 77' lang='grc' dir='ltr'><strong>ἐπὶ</strong></span> <span class='ocrx_word' id='word_1_606' title='bbox 2581 4054 2878 4108; x_wconf 79' lang='grc' dir='ltr'><strong>Ῥάϐενναν</strong></span> <span class='ocrx_word' id='word_1_607' title='bbox 2916 4054 3315 4126; x_wconf 82' lang='grc' dir='ltr'><strong>παραγεγονὼς</strong></span> <span class='ocrx_word' id='word_1_608' title='bbox 3354 4055 3450 4107; x_wconf 83' lang='grc' dir='ltr'><strong>καὶ</strong></span> <span class='ocrx_word' id='word_1_609' title='bbox 3492 4055 3618 4117; x_wconf 77' lang='grc' dir='ltr'><strong>τοὺς</strong></span> <span class='ocrx_word' id='word_1_610' title='bbox 3649 4055 3752 4124; x_wconf 82' lang='grc' dir='ltr'><strong>τῆς</strong></span> 
     </span>
    </p>
   </div>
   <div class='ocr_carea' id='block_1_86' title="bbox 2157 4144 3753 4218">
    <p class='ocr_par' dir='ltr' id='par_1_86' title="bbox 2157 4144 3753 4218">
     <span class='ocr_line' id='line_1_86' title="bbox 2157 4144 3753 4218; baseline 0.001 -22"><span class='ocrx_word' id='word_1_611' title='bbox 2157 4144 2340 4210; x_wconf 77' lang='grc' dir='ltr'><strong>δεξιᾶς</strong></span> <span class='ocrx_word' id='word_1_612' title='bbox 2365 4148 2546 4216; x_wconf 85' lang='grc' dir='ltr'><strong>χειρὸς</strong></span> <span class='ocrx_word' id='word_1_613' title='bbox 2575 4147 2872 4210; x_wconf 82' lang='grc' dir='ltr'><strong>δακτύλους</strong></span> <span class='ocrx_word' id='word_1_614' title='bbox 2902 4146 3379 4218; x_wconf 75' lang='grc' dir='ltr'><strong>ἀκρωτηριασθεὶς</strong></span> <span class='ocrx_word' id='word_1_615' title='bbox 3411 4146 3602 4216; x_wconf 77' lang='grc' dir='ltr'><strong>ὲξορίᾳ</strong></span> <span class='ocrx_word' id='word_1_616' title='bbox 3641 4163 3753 4198; x_wconf 61' lang='grc' dir='ltr'><strong>*ιτα⁴</strong></span> 
     </span>
    </p>
   </div>
   <div class='ocr_carea' id='block_1_87' title="bbox 2164 4238 3753 4311">
    <p class='ocr_par' dir='ltr' id='par_1_87' title="bbox 2164 4238 3753 4311">
     <span class='ocr_line' id='line_1_87' title="bbox 2164 4238 3753 4311; baseline 0.003 -22"><span class='ocrx_word' id='word_1_617' title='bbox 2164 4239 2521 4308; x_wconf 85' lang='grc' dir='ltr'><strong>ραπέμπεται</strong></span> <span class='ocrx_word' id='word_1_618' title='bbox 2546 4239 2618 4294; x_wconf 74' lang='lat'><strong>&quot;.</strong></span> <span class='ocrx_word' id='word_1_619' title='bbox 2645 4241 2770 4292; x_wconf 87' lang='grc' dir='ltr'><strong>Ὅτι</strong></span> <span class='ocrx_word' id='word_1_620' title='bbox 2816 4240 3127 4311; x_wconf 79' lang='grc' dir='ltr'><strong>Ἀλλόϐιχος</strong></span> <span class='ocrx_word' id='word_1_621' title='bbox 3151 4240 3290 4309; x_wconf 87' lang='grc' dir='ltr'><strong>μετά</strong></span> <span class='ocrx_word' id='word_1_622' title='bbox 3317 4239 3512 4309; x_wconf 83' lang='grc' dir='ltr'><strong>βραχὺ,</strong></span> <span class='ocrx_word' id='word_1_623' title='bbox 3536 4239 3642 4307; x_wconf 85' lang='grc' dir='ltr'><strong>τὴν</strong></span> <span class='ocrx_word' id='word_1_624' title='bbox 3663 4238 3753 4306; x_wconf 76' lang='grc' dir='ltr'><strong>ἐφ’</strong></span> 
     </span>
    </p>
   </div>
   <div class='ocr_carea' id='block_1_88' title="bbox 475 4323 2048 4411">
    <p class='ocr_par' dir='ltr' id='par_1_88' title="bbox 475 4324 2048 4393">
     <span class='ocr_line' id='line_1_88' title="bbox 475 4324 2048 4393; baseline 0.004 -23"><span class='ocrx_word' id='word_1_625' title='bbox 475 4325 821 4390; x_wconf 68' lang='lat' dir='ltr'><strong>praepositum</strong></span> <span class='ocrx_word' id='word_1_626' title='bbox 868 4324 1201 4384; x_wconf 81' lang='lat' dir='ltr'><strong>sustulisset,</strong></span> <span class='ocrx_word' id='word_1_627' title='bbox 1241 4326 1585 4392; x_wconf 85' lang='lat' dir='ltr'><strong>imperatoris</strong></span> <span class='ocrx_word' id='word_1_628' title='bbox 1623 4324 1897 4377; x_wconf 88' lang='lat' dir='ltr'><strong>sententia</strong></span> <span class='ocrx_word' id='word_1_629' title='bbox 1941 4337 2048 4393; x_wconf 69' lang='lat' dir='ltr'><strong>pte-</strong></span> 
     </span>
    </p>
   </div>
   <div class='ocr_carea' id='block_1_89' title="bbox 2153 4323 3751 4411">
    <p class='ocr_par' dir='ltr' id='par_1_89' title="bbox 2159 4323 3751 4400">
     <span class='ocr_line' id='line_1_89' title="bbox 2159 4323 3751 4400; baseline 0.003 -20"><span class='ocrx_word' id='word_1_630' title='bbox 2159 4323 2203 4394; x_wconf 85' lang='grc' dir='ltr'>ᾧ</span> <span class='ocrx_word' id='word_1_631' title='bbox 2241 4328 2335 4382; x_wconf 84' lang='grc' dir='ltr'><strong>τὸν</strong></span> <span class='ocrx_word' id='word_1_632' title='bbox 2363 4331 2693 4399; x_wconf 89' lang='grc' dir='ltr'><strong>πρεπόσιτον</strong></span> <span class='ocrx_word' id='word_1_633' title='bbox 2757 4331 3018 4386; x_wconf 80' lang='grc' dir='ltr'><strong>Εὑσέδιον</strong></span> <span class='ocrx_word' id='word_1_634' title='bbox 3056 4332 3233 4385; x_wconf 87' lang='grc' dir='ltr'><strong>ἀνεῖλε</strong></span> <span class='ocrx_word' id='word_1_635' title='bbox 3294 4331 3451 4400; x_wconf 86' lang='grc' dir='ltr'><strong>δίκην</strong></span> <span class='ocrx_word' id='word_1_636' title='bbox 3506 4335 3695 4393; x_wconf 82' lang='grc' dir='ltr'><strong>τιννὺς</strong></span> <span class='ocrx_word' id='word_1_637' title='bbox 3735 4371 3751 4395; x_wconf 90' lang='grc'><strong>,</strong></span> 
     </span>
    </p>
   </div>
   <div class='ocr_carea' id='block_1_90' title="bbox 475 4415 2055 4487">
    <p class='ocr_par' dir='ltr' id='par_1_90' title="bbox 475 4415 2055 4487">
     <span class='ocr_line' id='line_1_90' title="bbox 475 4415 2055 4487; baseline 0.006 -23"><span class='ocrx_word' id='word_1_638' title='bbox 475 4429 572 4467; x_wconf 88' lang='lat' dir='ltr'><strong>nas</strong></span> <span class='ocrx_word' id='word_1_639' title='bbox 602 4417 768 4479; x_wconf 88' lang='lat' dir='ltr'><strong>dedit,</strong></span> <span class='ocrx_word' id='word_1_640' title='bbox 817 4427 977 4480; x_wconf 87' lang='lat' dir='ltr'><strong>atque</strong></span> <span class='ocrx_word' id='word_1_641' title='bbox 1013 4417 1064 4469; x_wconf 89' lang='lat' dir='ltr'><strong>in</strong></span> <span class='ocrx_word' id='word_1_642' title='bbox 1107 4415 1224 4484; x_wconf 88' lang='lat' dir='ltr'><strong>ejus</strong></span> <span class='ocrx_word' id='word_1_643' title='bbox 1273 4425 1568 4484; x_wconf 86' lang='lat' dir='ltr'><strong>conspectu</strong></span> <span class='ocrx_word' id='word_1_644' title='bbox 1613 4415 1882 4470; x_wconf 90' lang='lat' dir='ltr'><strong>occiditur</strong></span> <span class='ocrx_word' id='word_1_645' title='bbox 1921 4416 2055 4487; x_wconf 74' lang='lat'><strong>(21).</strong></span> 
     </span>
    </p>
   </div>
   <div class='ocr_carea' id='block_1_91' title="bbox 473 4505 2054 4580">
    <p class='ocr_par' dir='ltr' id='par_1_91' title="bbox 473 4505 2054 4580">
     <span class='ocr_line' id='line_1_91' title="bbox 473 4505 2054 4580; baseline 0.001 -19"><span class='ocrx_word' id='word_1_646' title='bbox 473 4505 866 4562; x_wconf 87' lang='lat' dir='ltr'><strong>Constantinus</strong></span> <span class='ocrx_word' id='word_1_647' title='bbox 929 4520 1224 4580; x_wconf 87' lang='lat' dir='ltr'><strong>tyrannus,</strong></span> <span class='ocrx_word' id='word_1_648' title='bbox 1277 4511 1491 4578; x_wconf 73' lang='lat' dir='ltr'><strong>cOgnita</strong></span> <span class='ocrx_word' id='word_1_649' title='bbox 1533 4508 1800 4563; x_wconf 88' lang='lat' dir='ltr'><strong>Allovichi</strong></span> <span class='ocrx_word' id='word_1_650' title='bbox 1855 4521 2054 4574; x_wconf 91' lang='lat' dir='ltr'><strong>morte,</strong></span> 
     </span>
    </p>
   </div>
   <div class='ocr_carea' id='block_1_92' title="bbox 2165 4422 3758 4495">
    <p class='ocr_par' dir='ltr' id='par_1_92' title="bbox 2165 4422 3758 4495">
     <span class='ocr_line' id='line_1_92' title="bbox 2165 4422 3758 4495; baseline -0.001 -21"><span class='ocrx_word' id='word_1_651' title='bbox 2165 4422 2360 4492; x_wconf 84' lang='grc' dir='ltr'><strong>γνώμῃ</strong></span> <span class='ocrx_word' id='word_1_652' title='bbox 2387 4423 2481 4476; x_wconf 83' lang='grc' dir='ltr'><strong>τοῦ</strong></span> <span class='ocrx_word' id='word_1_653' title='bbox 2519 4424 2785 4494; x_wconf 87' lang='grc' dir='ltr'><strong>βασιλέως</strong></span> <span class='ocrx_word' id='word_1_654' title='bbox 2820 4426 2962 4480; x_wconf 87' lang='grc' dir='ltr'><strong>κατά</strong></span> <span class='ocrx_word' id='word_1_655' title='bbox 2996 4427 3286 4495; x_wconf 78' lang='grc' dir='ltr'><strong>πρόσωπον</strong></span> <span class='ocrx_word' id='word_1_656' title='bbox 3315 4422 3480 4476; x_wconf 82' lang='grc' dir='ltr'><strong>αὑτοῦ</strong></span> <span class='ocrx_word' id='word_1_657' title='bbox 3506 4424 3758 4492; x_wconf 69' lang='grc' dir='ltr'><strong>ἀναιρεῖ.</strong></span> 
     </span>
    </p>
   </div>
   <div class='ocr_carea' id='block_1_93' title="bbox 2165 4512 3754 4586">
    <p class='ocr_par' dir='ltr' id='par_1_93' title="bbox 2165 4512 3754 4586">
     <span class='ocr_line' id='line_1_93' title="bbox 2165 4512 3754 4586; baseline -0.001 -22"><span class='ocrx_word' id='word_1_658' title='bbox 2165 4529 2277 4567; x_wconf 76' lang='grc' dir='ltr'><strong>ταιο</strong></span> <span class='ocrx_word' id='word_1_659' title='bbox 2316 4513 2878 4582; x_wconf 50' lang='grc' dir='ltr'><strong>καὶ,Κωνσταντῖνος</strong></span> <span class='ocrx_word' id='word_1_660' title='bbox 2925 4518 2954 4569; x_wconf 88' lang='grc' dir='ltr'>ὁ</span> <span class='ocrx_word' id='word_1_661' title='bbox 3002 4515 3268 4586; x_wconf 85' lang='grc' dir='ltr'><strong>τύραννος</strong></span> <span class='ocrx_word' id='word_1_662' title='bbox 3303 4513 3392 4566; x_wconf 82' lang='grc' dir='ltr'><strong>τὸν</strong></span> <span class='ocrx_word' id='word_1_663' title='bbox 3435 4512 3754 4582; x_wconf 80' lang='grc' dir='ltr'><strong>Ἀλλοϐίχου</strong></span> 
     </span>
    </p>
   </div>
   <div class='ocr_carea' id='block_1_94' title="bbox 1795 4667 2484 4730">
    <p class='ocr_par' dir='ltr' id='par_1_94' title="bbox 1795 4667 2484 4730">
     <span class='ocr_line' id='line_1_94' title="bbox 1795 4667 2484 4730; baseline 0.009 -6"><span class='ocrx_word' id='word_1_664' title='bbox 1795 4667 2035 4724; x_wconf 70' lang='lat' dir='ltr'><strong>VAHIAE</strong></span> <span class='ocrx_word' id='word_1_665' title='bbox 2069 4669 2484 4730; x_wconf 81' lang='lat' dir='ltr'><strong>LECTIONES.</strong></span> 
     </span>
    </p>
   </div>
   <div class='ocr_carea' id='block_1_95' title="bbox 542 4847 3755 4932">
    <p class='ocr_par' dir='ltr' id='par_1_95' title="bbox 542 4847 3755 4932">
     <span class='ocr_line' id='line_1_95' title="bbox 542 4847 3755 4932; baseline 0.004 -32"><span class='ocrx_word' id='word_1_666' title='bbox 542 4847 586 4878; x_wconf 86' lang='grc'><strong>³¹</strong></span> <span class='ocrx_word' id='word_1_667' title='bbox 613 4849 877 4932; x_wconf 32' lang='grc' dir='ltr'><strong>αύτοῢις..</strong></span> <span class='ocrx_word' id='word_1_668' title='bbox 933 4851 974 4881; x_wconf 79' lang='grc'><strong>³¹</strong></span> <span class='ocrx_word' id='word_1_669' title='bbox 1005 4851 1126 4906; x_wconf 91' lang='lat' dir='ltr'><strong>libri</strong></span> <span class='ocrx_word' id='word_1_670' title='bbox 1154 4853 1612 4932; x_wconf 57' lang='lat' dir='ltr'><strong>7§_po§a}.?.f3pevog.</strong></span> <span class='ocrx_word' id='word_1_671' title='bbox 1660 4855 1718 4932; x_wconf 51' lang='lat'><strong>1’</strong></span> <span class='ocrx_word' id='word_1_672' title='bbox 1743 4856 1945 4932; x_wconf 63' lang='grc' dir='ltr'><strong>τωνᾼς</strong></span> <span class='ocrx_word' id='word_1_673' title='bbox 1973 4861 2085 4922; x_wconf 83' lang='grc' dir='ltr'><strong>τοῖς</strong></span> <span class='ocrx_word' id='word_1_674' title='bbox 2115 4877 2183 4932; x_wconf 75' lang='grc' dir='ltr'><strong>ς.</strong></span> <span class='ocrx_word' id='word_1_675' title='bbox 2230 4861 2275 4892; x_wconf 61' lang='grc'><strong>⁸⁸</strong></span> <span class='ocrx_word' id='word_1_676' title='bbox 2297 4862 2444 4915; x_wconf 86' lang='grc' dir='ltr'><strong>Γαλα</strong></span> <span class='ocrx_word' id='word_1_677' title='bbox 2469 4863 2577 4916; x_wconf 84' lang='grc' dir='ltr'><strong>τῶν</strong></span> <span class='ocrx_word' id='word_1_678' title='bbox 2600 4863 2749 4932; x_wconf 81' lang='grc' dir='ltr'><strong>ὅροις</strong></span> <span class='ocrx_word' id='word_1_679' title='bbox 2778 4880 2837 4926; x_wconf 78' lang='grc' dir='ltr'><strong>ς.</strong></span> <span class='ocrx_word' id='word_1_680' title='bbox 2891 4863 2934 4894; x_wconf 78' lang='grc'><strong>³³</strong></span> <span class='ocrx_word' id='word_1_681' title='bbox 2956 4861 3261 4915; x_wconf 87' lang='grc' dir='ltr'><strong>άκύταλλον</strong></span> <span class='ocrx_word' id='word_1_682' title='bbox 3299 4863 3361 4922; x_wconf 75' lang='grc' dir='ltr'><strong>Α,</strong></span> <span class='ocrx_word' id='word_1_683' title='bbox 3382 4860 3662 4929; x_wconf 82' lang='grc' dir='ltr'><strong>ἀκύταρον</strong></span> <span class='ocrx_word' id='word_1_684' title='bbox 3692 4876 3755 4932; x_wconf 73' lang='grc' dir='ltr'><strong>.ς</strong></span> 
     </span>
    </p>
   </div>
   <div class='ocr_carea' id='block_1_96' title="bbox 791 4923 1070 4976">
    <p class='ocr_par' dir='ltr' id='par_1_96' title="bbox 791 4923 1070 4976">
     <span class='ocr_line' id='line_1_96' title="bbox 791 4923 1070 4976; baseline 0.018 -5"><span class='ocrx_word' id='word_1_685' title='bbox 791 4923 1070 4976; x_wconf 74' lang='lat' dir='ltr'><strong>bcltottus.</strong></span> 
     </span>
    </p>
   </div>
   <div class='ocr_carea' id='block_1_97' title="bbox 795 4990 1154 5062">
    <p class='ocr_par' dir='ltr' id='par_1_97' title="bbox 795 4990 1154 5062">
     <span class='ocr_line' id='line_1_97' title="bbox 795 4990 1154 5062; baseline 0.003 -19"><span class='ocrx_word' id='word_1_686' title='bbox 795 4994 835 5022; x_wconf 77' lang='lat'><strong>“</strong></span> <span class='ocrx_word' id='word_1_687' title='bbox 873 4990 1065 5062; x_wconf 76' lang='grc' dir='ltr'><strong>Ἰωϐίῳ</strong></span> <span class='ocrx_word' id='word_1_688' title='bbox 1091 5011 1154 5057; x_wconf 84' lang='grc' dir='ltr'><strong>ς,</strong></span> 
     </span>
    </p>
   </div>
   <div class='ocr_carea' id='block_1_98' title="bbox 472 4923 715 4972">
    <p class='ocr_par' dir='ltr' id='par_1_98' title="bbox 472 4923 715 4972">
     <span class='ocr_line' id='line_1_98' title="bbox 472 4923 715 4972; baseline 0.021 -5"><span class='ocrx_word' id='word_1_689' title='bbox 472 4923 715 4972; x_wconf 76' lang='lat' dir='ltr'><strong>correxit</strong></span> 
     </span>
    </p>
   </div>
   <div class='ocr_carea' id='block_1_99' title="bbox 473 5004 685 5059">
    <p class='ocr_par' dir='ltr' id='par_1_99' title="bbox 473 5004 685 5059">
     <span class='ocr_line' id='line_1_99' title="bbox 473 5004 685 5059; baseline 0.014 -18"><span class='ocrx_word' id='word_1_690' title='bbox 473 5004 602 5059; x_wconf 83' lang='grc' dir='ltr'><strong>ρους</strong></span> <span class='ocrx_word' id='word_1_691' title='bbox 623 5006 685 5054; x_wconf 85' lang='grc' dir='ltr'><strong>ς.</strong></span> 
     </span>
    </p>
   </div>
   <div class='ocr_carea' id='block_1_100' title="bbox 1165 4924 2542 4997">
    <p class='ocr_par' dir='ltr' id='par_1_100' title="bbox 1165 4924 2542 4997">
     <span class='ocr_line' id='line_1_100' title="bbox 1165 4924 2542 4997; baseline 0.033 -43"><span class='ocrx_word' id='word_1_692' title='bbox 1165 4924 1210 4954; x_wconf 74' lang='lat' dir='ltr'><strong>u</strong></span> <span class='ocrx_word' id='word_1_693' title='bbox 1235 4925 1486 4997; x_wconf 41' lang='lat' dir='ltr'><strong>Fama;</strong></span> <span class='ocrx_word' id='word_1_694' title='bbox 1513 4942 1572 4988; x_wconf 82' lang='grc' dir='ltr'><strong>ς.</strong></span> <span class='ocrx_word' id='word_1_695' title='bbox 1600 4995 1610 4997; x_wconf 93' lang='lat'>_</span> <span class='ocrx_word' id='word_1_696' title='bbox 1658 4926 1795 4997; x_wconf 55' lang='lat' dir='ltr'><strong>&quot;fre</strong></span> <span class='ocrx_word' id='word_1_697' title='bbox 1846 4928 1971 4983; x_wconf 85' lang='lat' dir='ltr'><strong>add.</strong></span> <span class='ocrx_word' id='word_1_698' title='bbox 2005 4931 2070 4980; x_wconf 77' lang='grc' dir='ltr'><strong>Α.</strong></span> <span class='ocrx_word' id='word_1_699' title='bbox 2147 4931 2191 4961; x_wconf 81' lang='grc'><strong>³⁸</strong></span> <span class='ocrx_word' id='word_1_700' title='bbox 2216 4932 2450 4997; x_wconf 80' lang='grc' dir='ltr'><strong>Γαλλίας</strong></span> <span class='ocrx_word' id='word_1_701' title='bbox 2481 4951 2542 4996; x_wconf 82' lang='grc' dir='ltr'><strong>ς·</strong></span> 
     </span>
    </p>
   </div>
   <div class='ocr_carea' id='block_1_101' title="bbox 1232 4992 2296 5069">
    <p class='ocr_par' dir='ltr' id='par_1_101' title="bbox 1232 4992 2296 5069">
     <span class='ocr_line' id='line_1_101' title="bbox 1232 4992 2296 5069; baseline 0.008 -21"><span class='ocrx_word' id='word_1_702' title='bbox 1232 4992 1278 5025; x_wconf 72' lang='grc'><strong>⁵³</strong></span> <span class='ocrx_word' id='word_1_703' title='bbox 1309 4995 1567 5064; x_wconf 79' lang='grc' dir='ltr'><strong>άλοὸίχου</strong></span> <span class='ocrx_word' id='word_1_704' title='bbox 1583 4995 1648 5049; x_wconf 79' lang='grc' dir='ltr'><strong>Α.</strong></span> <span class='ocrx_word' id='word_1_705' title='bbox 1714 4994 1761 5026; x_wconf 70' lang='grc'><strong><em>⁵⁸</em></strong></span> <span class='ocrx_word' id='word_1_706' title='bbox 1792 4998 2204 5069; x_wconf 84' lang='grc' dir='ltr'><strong>περιπέμπεται</strong></span> <span class='ocrx_word' id='word_1_707' title='bbox 2236 5020 2296 5067; x_wconf 86' lang='grc' dir='ltr'><strong>ς.</strong></span> 
     </span>
    </p>
   </div>
   <div class='ocr_carea' id='block_1_102' title="bbox 2628 4930 3758 5000">
    <p class='ocr_par' dir='ltr' id='par_1_102' title="bbox 2628 4930 3758 5000">
     <span class='ocr_line' id='line_1_102' title="bbox 2628 4930 3758 5000; baseline -0.004 -14"><span class='ocrx_word' id='word_1_708' title='bbox 2628 4930 2672 4965; x_wconf 69' lang='grc'>⁸⁹</span> <span class='ocrx_word' id='word_1_709' title='bbox 2707 4931 2986 4995; x_wconf 78' lang='grc' dir='ltr'><strong>Ἰωὸιανὸς</strong></span> <span class='ocrx_word' id='word_1_710' title='bbox 3039 4950 3076 4997; x_wconf 83' lang='grc' dir='ltr'><strong>ς</strong></span> <span class='ocrx_word' id='word_1_711' title='bbox 3108 4934 3188 4986; x_wconf 87' lang='lat' dir='ltr'><strong>sic</strong></span> <span class='ocrx_word' id='word_1_712' title='bbox 3239 4949 3292 4988; x_wconf 88' lang='lat' dir='ltr'><strong>et</strong></span> <span class='ocrx_word' id='word_1_713' title='bbox 3330 4933 3493 4985; x_wconf 79' lang='lat' dir='ltr'><strong>infra.</strong></span> <span class='ocrx_word' id='word_1_714' title='bbox 3583 4932 3630 4962; x_wconf 68' lang='grc'><strong>⁶⁰</strong></span> <span class='ocrx_word' id='word_1_715' title='bbox 3659 4930 3758 5000; x_wconf 85' lang='grc' dir='ltr'><strong>μὲ-</strong></span> 
     </span>
    </p>
   </div>
   <div class='ocr_carea' id='block_1_103' title="bbox 1988 5143 2226 5199">
    <p class='ocr_par' dir='ltr' id='par_1_103' title="bbox 1988 5143 2226 5199">
     <span class='ocr_line' id='line_1_103' title="bbox 1988 5143 2226 5199; baseline 0.013 -3"><span class='ocrx_word' id='word_1_716' title='bbox 1988 5143 2226 5199; x_wconf 62' lang='lat' dir='ltr'><strong>NOTAE.</strong></span> 
     </span>
    </p>
   </div>
   <div class='ocr_carea' id='block_1_104' title="bbox 470 5272 2053 5410">
    <p class='ocr_par' dir='ltr' id='par_1_104' title="bbox 470 5272 2053 5410">
     <span class='ocr_line' id='line_1_104' title="bbox 470 5272 2053 5410; baseline 0.006 -85"><span class='ocrx_word' id='word_1_717' title='bbox 470 5272 1027 5410; x_wconf 41' lang='lat' dir='ltr'><strong>caﬁlllillurboniam</strong></span> <span class='ocrx_word' id='word_1_718' title='bbox 1055 5276 1254 5348; x_wconf 80' lang='lat' dir='ltr'><strong>legitur</strong></span> <span class='ocrx_word' id='word_1_719' title='bbox 1282 5279 1421 5347; x_wconf 88' lang='lat' dir='ltr'><strong>apud</strong></span> <span class='ocrx_word' id='word_1_720' title='bbox 1445 5277 1812 5336; x_wconf 89' lang='lat' dir='ltr'><strong>Sozomenum</strong></span> <span class='ocrx_word' id='word_1_721' title='bbox 1846 5281 1942 5336; x_wconf 93' lang='lat' dir='ltr'><strong>lib.</strong></span> <span class='ocrx_word' id='word_1_722' title='bbox 1975 5298 2053 5345; x_wconf 79' lang='lat' dir='ltr'><strong>ix,</strong></span> 
     </span>
    </p>
   </div>
   <div class='ocr_carea' id='block_1_105' title="bbox 546 5414 2054 5536">
    <p class='ocr_par' dir='ltr' id='par_1_105' title="bbox 546 5414 2054 5536">
     <span class='ocr_line' id='line_1_105' title="bbox 546 5414 2054 5536; baseline 0.005 -70"><span class='ocrx_word' id='word_1_723' title='bbox 546 5414 1022 5536; x_wconf 44' lang='lat' dir='ltr'><strong>I(ll..’)&#39;l)il;‘lq‘ttitattttm</strong></span> <span class='ocrx_word' id='word_1_724' title='bbox 1056 5419 1321 5483; x_wconf 68' lang='lat' dir='ltr'><strong>emenda,‘</strong></span> <span class='ocrx_word' id='word_1_725' title='bbox 1343 5435 1405 5474; x_wconf 83' lang='lat' dir='ltr'><strong>ex</strong></span> <span class='ocrx_word' id='word_1_726' title='bbox 1439 5418 1660 5476; x_wconf 88' lang='lat' dir='ltr'><strong>Sozom.</strong></span> <span class='ocrx_word' id='word_1_727' title='bbox 1692 5436 1843 5490; x_wconf 87' lang='lat' dir='ltr'><strong>supr.</strong></span> <span class='ocrx_word' id='word_1_728' title='bbox 1877 5431 1932 5477; x_wconf 86' lang='lat' dir='ltr'><strong>et</strong></span> <span class='ocrx_word' id='word_1_729' title='bbox 1964 5421 2054 5475; x_wconf 88' lang='lat' dir='ltr'><strong>Si-</strong></span> 
     </span>
    </p>
   </div>
   <div class='ocr_carea' id='block_1_106' title="bbox 469 5497 2053 5633">
    <p class='ocr_par' dir='ltr' id='par_1_106' title="bbox 469 5497 2053 5633">
     <span class='ocr_line' id='line_1_106' title="bbox 469 5497 2053 5633; baseline 0.009 -31"><span class='ocrx_word' id='word_1_730' title='bbox 469 5497 1145 5633; x_wconf 33' lang='grc' dir='ltr'><strong>Βοὶῗϐιίῖοὶίιιιιιε111›.,ν</strong></span> <span class='ocrx_word' id='word_1_731' title='bbox 1181 5569 1320 5612; x_wconf 82' lang='lat' dir='ltr'><strong>extr.</strong></span> <span class='ocrx_word' id='word_1_732' title='bbox 1354 5557 1568 5613; x_wconf 82' lang='lat' dir='ltr'><strong>Joviutn</strong></span> <span class='ocrx_word' id='word_1_733' title='bbox 1618 5562 1761 5618; x_wconf 84' lang='lat' dir='ltr'><strong>hunc</strong></span> <span class='ocrx_word' id='word_1_734' title='bbox 1791 5574 2053 5633; x_wconf 89' lang='lat' dir='ltr'><strong>perpetuo</strong></span> 
     </span>
    </p>
   </div>
   <div class='ocr_carea' id='block_1_107' title="bbox 471 5624 1623 5685">
    <p class='ocr_par' dir='ltr' id='par_1_107' title="bbox 471 5624 1623 5685">
     <span class='ocr_line' id='line_1_107' title="bbox 471 5624 1623 5685; baseline 0.011 -13"><span class='ocrx_word' id='word_1_735' title='bbox 471 5633 651 5675; x_wconf 84' lang='lat' dir='ltr'><strong>v0cat.</strong></span> <span class='ocrx_word' id='word_1_736' title='bbox 678 5624 852 5679; x_wconf 73' lang='lat' dir='ltr'><strong>l’hotii</strong></span> <span class='ocrx_word' id='word_1_737' title='bbox 888 5629 1054 5680; x_wconf 80' lang='lat' dir='ltr'><strong>editio</strong></span> <span class='ocrx_word' id='word_1_738' title='bbox 1085 5628 1480 5682; x_wconf 83' lang='lat' dir='ltr'><strong>inconstantior</strong></span> <span class='ocrx_word' id='word_1_739' title='bbox 1517 5642 1623 5685; x_wconf 88' lang='lat' dir='ltr'><strong>est.</strong></span> 
     </span>
    </p>
   </div>
   <div class='ocr_carea' id='block_1_108' title="bbox 470 5691 2048 5832">
    <p class='ocr_par' dir='ltr' id='par_1_108' title="bbox 470 5691 2048 5832">
     <span class='ocr_line' id='line_1_108' title="bbox 470 5691 2048 5832; baseline 0.009 -90"><span class='ocrx_word' id='word_1_740' title='bbox 470 5691 839 5832; x_wconf 46' lang='lat' dir='ltr'><strong>80:17].)ilia’pri</strong></span> <span class='ocrx_word' id='word_1_741' title='bbox 879 5699 1134 5752; x_wconf 82' lang='lat' dir='ltr'><strong>cubiculi.</strong></span> <span class='ocrx_word' id='word_1_742' title='bbox 1172 5697 1302 5754; x_wconf 83' lang='lat' dir='ltr'><strong>Vide</strong></span> <span class='ocrx_word' id='word_1_743' title='bbox 1339 5697 1614 5756; x_wconf 84' lang='lat' dir='ltr'><strong>Zosimqu</strong></span> <span class='ocrx_word' id='word_1_744' title='bbox 1657 5703 1749 5756; x_wconf 88' lang='lat' dir='ltr'><strong>lib.</strong></span> <span class='ocrx_word' id='word_1_745' title='bbox 1786 5718 1839 5769; x_wconf 94' lang='lat' dir='ltr'><strong>v,</strong></span> <span class='ocrx_word' id='word_1_746' title='bbox 1867 5714 1922 5759; x_wconf 91' lang='lat' dir='ltr'><strong>et</strong></span> <span class='ocrx_word' id='word_1_747' title='bbox 1965 5703 2048 5758; x_wconf 86' lang='lat' dir='ltr'><strong>Si-</strong></span> 
     </span>
    </p>
   </div>
   <div class='ocr_carea' id='block_1_109' title="bbox 2238 5261 3757 5354">
    <p class='ocr_par' dir='ltr' id='par_1_109' title="bbox 2238 5261 3757 5354">
     <span class='ocr_line' id='line_1_109' title="bbox 2238 5261 3757 5354; baseline 0.001 -18"><span class='ocrx_word' id='word_1_748' title='bbox 2238 5281 2728 5352; x_wconf 68' lang='lat' dir='ltr'><strong>(18)Av-ra0&#39;tela.</strong></span> <span class='ocrx_word' id='word_1_749' title='bbox 2750 5261 2893 5338; x_wconf 48' lang='lat' dir='ltr'><strong>limit&quot;</strong></span> <span class='ocrx_word' id='word_1_750' title='bbox 2925 5283 3197 5354; x_wconf 79' lang='grc' dir='ltr'><strong>ἐπαρχίαν</strong></span> <span class='ocrx_word' id='word_1_751' title='bbox 3218 5283 3316 5352; x_wconf 78' lang='grc' dir='ltr'><strong>τῆς</strong></span> <span class='ocrx_word' id='word_1_752' title='bbox 3346 5282 3516 5352; x_wconf 70' lang='grc' dir='ltr'><strong>αὐλῆς</strong></span> <span class='ocrx_word' id='word_1_753' title='bbox 3545 5282 3635 5336; x_wconf 81' lang='lat' dir='ltr'><strong>Itic</strong></span> <span class='ocrx_word' id='word_1_754' title='bbox 3665 5298 3757 5337; x_wconf 84' lang='lat' dir='ltr'><strong>ac-</strong></span> 
     </span>
    </p>
   </div>
   <div class='ocr_carea' id='block_1_110' title="bbox 2119 5353 3752 5424">
    <p class='ocr_par' dir='ltr' id='par_1_110' title="bbox 2119 5353 3752 5424">
     <span class='ocr_line' id='line_1_110' title="bbox 2119 5353 3752 5424; baseline 0.002 -19"><span class='ocrx_word' id='word_1_755' title='bbox 2119 5393 2122 5397; x_wconf 75' lang='lat'><strong>.</strong></span> <span class='ocrx_word' id='word_1_756' title='bbox 2167 5353 2333 5420; x_wconf 82' lang='lat' dir='ltr'><strong>cipio.</strong></span> <span class='ocrx_word' id='word_1_757' title='bbox 2370 5354 2522 5408; x_wconf 88' lang='lat' dir='ltr'><strong>Hanc</strong></span> <span class='ocrx_word' id='word_1_758' title='bbox 2547 5358 2690 5408; x_wconf 77' lang='lat' dir='ltr'><strong>enim</strong></span> <span class='ocrx_word' id='word_1_759' title='bbox 2723 5358 2972 5408; x_wconf 68' lang='lat' dir='ltr'><strong>secunda:</strong></span> <span class='ocrx_word' id='word_1_760' title='bbox 3007 5353 3132 5420; x_wconf 82' lang='lat' dir='ltr'><strong>post</strong></span> <span class='ocrx_word' id='word_1_761' title='bbox 3160 5355 3458 5424; x_wconf 79' lang='lat' dir='ltr'><strong>principem</strong></span> <span class='ocrx_word' id='word_1_762' title='bbox 3502 5366 3752 5423; x_wconf 81' lang='lat' dir='ltr'><strong>potesta-</strong></span> 
     </span>
    </p>
   </div>
   <div class='ocr_carea' id='block_1_111' title="bbox 2169 5424 3074 5485">
    <p class='ocr_par' dir='ltr' id='par_1_111' title="bbox 2169 5424 3074 5485">
     <span class='ocr_line' id='line_1_111' title="bbox 2169 5424 3074 5485; baseline 0.006 -10"><span class='ocrx_word' id='word_1_763' title='bbox 2169 5425 2235 5475; x_wconf 87' lang='lat' dir='ltr'><strong>tis</strong></span> <span class='ocrx_word' id='word_1_764' title='bbox 2271 5424 2459 5485; x_wconf 71' lang='lat' dir='ltr'><strong>fuisse,</strong></span> <span class='ocrx_word' id='word_1_765' title='bbox 2493 5426 2589 5477; x_wconf 91' lang='lat' dir='ltr'><strong>viri</strong></span> <span class='ocrx_word' id='word_1_766' title='bbox 2619 5426 2761 5478; x_wconf 90' lang='lat' dir='ltr'><strong>docti</strong></span> <span class='ocrx_word' id='word_1_767' title='bbox 2794 5435 3074 5480; x_wconf 85' lang='lat' dir='ltr'><strong>notarunt.</strong></span> 
     </span>
    </p>
   </div>
   <div class='ocr_carea' id='block_1_112' title="bbox 2237 5492 3755 5565">
    <p class='ocr_par' dir='ltr' id='par_1_112' title="bbox 2237 5492 3755 5565">
     <span class='ocr_line' id='line_1_112' title="bbox 2237 5492 3755 5565; baseline 0 -21"><span class='ocrx_word' id='word_1_768' title='bbox 2237 5494 2349 5562; x_wconf 80' lang='lat'><strong>(19,|</strong></span> <span class='ocrx_word' id='word_1_769' title='bbox 2385 5495 2720 5548; x_wconf 82' lang='lat' dir='ltr'><strong>Ellobicbum</strong></span> <span class='ocrx_word' id='word_1_770' title='bbox 2757 5505 2916 5548; x_wconf 88' lang='lat' dir='ltr'><strong>vocat</strong></span> <span class='ocrx_word' id='word_1_771' title='bbox 2949 5495 3146 5565; x_wconf 60' lang='lat' dir='ltr'><strong>Signo.</strong></span> <span class='ocrx_word' id='word_1_772' title='bbox 3181 5494 3276 5547; x_wconf 88' lang='lat' dir='ltr'><strong>lib.</strong></span> <span class='ocrx_word' id='word_1_773' title='bbox 3306 5509 3385 5555; x_wconf 73' lang='lat' dir='ltr'><strong>XI,</strong></span> <span class='ocrx_word' id='word_1_774' title='bbox 3430 5493 3554 5546; x_wconf 76' lang='lat' dir='ltr'><strong>hist.</strong></span> <span class='ocrx_word' id='word_1_775' title='bbox 3595 5492 3755 5545; x_wconf 77' lang='lat' dir='ltr'><strong>Orci-</strong></span> 
     </span>
    </p>
   </div>
   <div class='ocr_carea' id='block_1_113' title="bbox 2165 5563 3680 5624">
    <p class='ocr_par' dir='ltr' id='par_1_113' title="bbox 2165 5563 3680 5624">
     <span class='ocr_line' id='line_1_113' title="bbox 2165 5563 3680 5624; baseline 0.001 -9"><span class='ocrx_word' id='word_1_776' title='bbox 2165 5564 2308 5616; x_wconf 77' lang='lat' dir='ltr'><strong>deut.</strong></span> <span class='ocrx_word' id='word_1_777' title='bbox 2341 5566 2526 5624; x_wconf 70' lang='grc' dir='ltr'><strong>ἕωμεν.</strong></span> <span class='ocrx_word' id='word_1_778' title='bbox 2570 5565 2902 5618; x_wconf 86' lang='lat' dir='ltr'><strong>Ebodicbum</strong></span> <span class='ocrx_word' id='word_1_779' title='bbox 2934 5563 3151 5618; x_wconf 71' lang='lat' dir='ltr'><strong>Sniom.</strong></span> <span class='ocrx_word' id='word_1_780' title='bbox 3191 5567 3282 5618; x_wconf 90' lang='lat' dir='ltr'><strong>lib.</strong></span> <span class='ocrx_word' id='word_1_781' title='bbox 3321 5581 3394 5621; x_wconf 68' lang='grc' dir='ltr'><strong>ιχ.</strong></span> <span class='ocrx_word' id='word_1_782' title='bbox 3432 5579 3558 5622; x_wconf 80' lang='lat' dir='ltr'><strong>can.</strong></span> <span class='ocrx_word' id='word_1_783' title='bbox 3593 5565 3680 5617; x_wconf 83' lang='grc'><strong>15.</strong></span> 
     </span>
    </p>
   </div>
   <div class='ocr_carea' id='block_1_114' title="bbox 2165 5632 3756 5756">
    <p class='ocr_par' dir='ltr' id='par_1_114' title="bbox 2165 5632 3756 5756">
     <span class='ocr_line' id='line_1_114' title="bbox 2165 5632 3756 5756; baseline 0.002 -72"><span class='ocrx_word' id='word_1_784' title='bbox 2165 5634 2352 5756; x_wconf 50' lang='lat'><strong>“(2:3)</strong></span> <span class='ocrx_word' id='word_1_785' title='bbox 2395 5633 2468 5687; x_wconf 84' lang='lat' dir='ltr'><strong>De</strong></span> <span class='ocrx_word' id='word_1_786' title='bbox 2498 5632 2756 5687; x_wconf 79' lang='lat' dir='ltr'><strong>Africana</strong></span> <span class='ocrx_word' id='word_1_787' title='bbox 2804 5637 3153 5702; x_wconf 77' lang='lat' dir='ltr'><strong>expeditione</strong></span> <span class='ocrx_word' id='word_1_788' title='bbox 3192 5635 3452 5703; x_wconf 77' lang='lat' dir='ltr'><strong>legendus</strong></span> <span class='ocrx_word' id='word_1_789' title='bbox 3498 5632 3756 5688; x_wconf 77' lang='lat' dir='ltr'><strong>Zosimus</strong></span> 
     </span>
     <span class='ocr_line' id='line_1_115' title="bbox 2188 5722 2343 5754; baseline 0 0"><span class='ocrx_word' id='word_1_790' title='bbox 2188 5722 2257 5754; x_wconf 84' lang='grc'><strong>11.</strong></span> <span class='ocrx_word' id='word_1_791' title='bbox 2307 5724 2343 5754; x_wconf 73' lang='grc' dir='ltr'><strong>Ι.</strong></span> 
     </span>
    </p>
   </div>
   <div class='ocr_carea' id='block_1_115' title="bbox 2188 5703 2343 5754">
    <p class='ocr_par' dir='ltr' id='par_1_115' title="bbox 2188 5703 2343 5754">
     <span class='ocr_line' id='line_1_116' title="bbox 2188 5703 2343 5754; baseline 0 0"><span class='ocrx_word' id='word_1_792' title='bbox 2188 5705 2257 5754; x_wconf 78' lang='lat' dir='ltr'><strong>ill.</strong></span> <span class='ocrx_word' id='word_1_793' title='bbox 2289 5703 2343 5754; x_wconf 75' lang='grc' dir='ltr'><strong>(ἲ.</strong></span> 
     </span>
    </p>
   </div>
   <div class='ocr_carea' id='block_1_116' title="bbox 2233 5773 3471 5844">
    <p class='ocr_par' dir='ltr' id='par_1_116' title="bbox 2233 5773 3471 5844">
     <span class='ocr_line' id='line_1_117' title="bbox 2233 5773 3471 5844; baseline 0.004 -20"><span class='ocrx_word' id='word_1_794' title='bbox 2233 5774 2348 5843; x_wconf 60' lang='grc' dir='ltr'><strong>(εις)</strong></span> <span class='ocrx_word' id='word_1_795' title='bbox 2379 5773 2552 5828; x_wconf 75' lang='lat' dir='ltr'><strong>Aliter</strong></span> <span class='ocrx_word' id='word_1_796' title='bbox 2583 5774 2697 5828; x_wconf 70' lang='lat' dir='ltr'><strong>lucc</strong></span> <span class='ocrx_word' id='word_1_797' title='bbox 2736 5773 2955 5829; x_wconf 86' lang='lat' dir='ltr'><strong>Sozom.</strong></span> <span class='ocrx_word' id='word_1_798' title='bbox 2993 5776 3082 5831; x_wconf 89' lang='lat' dir='ltr'><strong>lib.</strong></span> <span class='ocrx_word' id='word_1_799' title='bbox 3117 5792 3193 5836; x_wconf 64' lang='grc' dir='ltr'><strong>ιτ.</strong></span> <span class='ocrx_word' id='word_1_800' title='bbox 3226 5792 3343 5844; x_wconf 79' lang='lat' dir='ltr'><strong>cap.</strong></span> <span class='ocrx_word' id='word_1_801' title='bbox 3380 5773 3471 5829; x_wconf 78' lang='grc'><strong>15.</strong></span> 
     </span>
    </p>
   </div>
  </div>
