3942 6234
241 305 340 370 261

1318 304 1840 367 BlBLIOTHECA.
1871 329 1942 342 ·-
1979 303 2142 365 COD.
2183 305 2411 366 LXXX.

3385 347 3394 358 -
3405 308 3514 372 262

244 419 474 472 θάνατον
503 413 720 485 μαθὼν,
771 413 1127 483 ἐπειγόμενος
1174 413 1310 484 πρδς
1349 413 1646 466 Ῥάϐενναν
1688 411 1825 464 ὥστε

1940 409 2214 465 Ravenaui
2245 413 2530 478 accedens,
2558 423 2748 469 utcum
2775 414 3012 470 llonorio
3027 413 3203 471 foedus
3225 417 3512 495 iniret(22)

242 507 575 562 σπείσασθαι
612 505 878 576 Ὀνωρίῳ,
910 505 1168 574 φοϐηθεὶς
1184 505 1377 556 -ὑποστ
1387 504 1558 574 ρέιρει.

311 601 438 654 Ὀτι
465 599 528 652 τὸ
567 599 790 669 Ῥήγιον
823 596 1156 667 μητρόπολίς
1188 598 1304 649 ἐστι
1332 597 1430 666 τῆς
1463 594 1725 666 Βρεττίας
1756 593 1826 659 δι,

241 690 301 756 ὲξ
333 685 396 746 οὗ
427 707 595 762 φησιν
623 691 652 742 6
689 690 961 761 ἱστορικὸς
1001 689 1284 758 Ἀλάριχον
1315 689 1407 740 ἐπὶ
1437 689 1686 742 Σικελίαν
1709 689 1830 759 βουο

238 783 470 856 λόμενον
485 783 858 854 περαιωθῆναι
876 783 1253 852 ἐπισχεθῆναι·
1280 783 1502 852 ἄγαλμα
1522 784 1652 854 γὰρ,
1672 784 1826 853 φησὶ,

238 874 634 945 τετελεσμένον
677 876 966 945 ἱστάμενον
1004 873 1249 926 ἐκώλυσε
1279 874 1325 906 ⁸⁸
1349 876 1449 946 τὴν
1503 878 1824 946 περαίωσιν.

239 967 544 1019 Τετέλεστο
570 967 645 1029 δὲ,
678 967 752 1029 ὡς
777 967 1086 1037 μυθολογεῖ,
1117 967 1268 1037 παρὰ
1289 967 1398 1019 τῶν
1421 969 1663 1038 ἀρχαίων
1691 971 1829 1023 ἀπο-

236 1058 504 1127 τρόπαιόν
552 1076 611 1110 τε
641 1059 733 1111 τοῦ
781 1059 890 1112 ἀπὸ
928 1061 1025 1128 τῆς
1067 1059 1268 1130 Αἴτνης
1325 1061 1496 1130 πυρὸς
1548 1062 1643 1114 καὶ
1691 1062 1828 1131 πρὸς

237 1151 482 1204 κώλυσιν
527 1155 766 1222 παρόδου
813 1153 902 1206 διὰ
945 1152 1224 1222 θαλάσσης
1257 1153 1573 1224 βαρϐάρων·
1622 1154 1681 1207 ἐν
1717 1156 1828 1226 γάρ

237 1242 314 1312 τῷ
349 1246 433 1297 ἑνὶ
485 1245 608 1296 ποδὶ
647 1246 759 1314 πῦρ
815 1244 1116 1316 ἀκοίμητον
1168 1247 1459 1316 ἐτύγχανε,
1495 1247 1592 1300 καὶ
1641 1248 1700 1298 ὲν
1752 1245 1830 1316 τῷ

241 1337 418 1406 ἑτέρῳ
453 1335 599 1407 ὕδωρ
643 1337 993 1408 ἀδιάφθορον.
1049 1333 1123 1391 Οὗ
1149 1339 1548 1402 καταλυθέντος
1600 1338 1828 1410 ὕστερον

239 1429 300 1481 ἐκ
323 1445 386 1480 τε
413 1429 512 1482 τοῦ
543 1429 796 1482 Αἰτναίου
830 1430 1001 1499 πυρὸς
1037 1431 1132 1484 καὶ
1156 1433 1220 1483 ὲκ
1243 1431 1351 1484 τῶν
1376 1431 1668 1503 βαρϐάρων
1703 1432 1831 1502 βλά-

236 1520 339 1583 ϐας
369 1523 403 1590 ἡ
453 1522 677 1575 Σικελία
721 1522 960 1587 ἐδέξατο.
1004 1524 1358 1595 Κατέστρεψε
1407 1525 1463 1576 δὲ
1503 1524 1564 1577 τὸ
1605 1524 1829 1594 ἄγαλμα

248 1613 626 1684 Ἀσκληπιδςό
646 1615 754 1668 τῶν
785 1616 842 1667 ὲν
869 1615 1093 1688 Σικελίᾳ
1119 1617 1415 1687 κτημάτων
1442 1618 1827 1671 Κωνσταντίου

238 1705 329 1758 καὶ
357 1707 657 1769 Πλακιδίας
689 1708 962 1780 διοικητὴς
995 1711 1293 1774 καταστάς.

1935 510 2079 553 metu
2107 501 2391 569 perculsus
2425 507 2669 558 revertit.

2005 593 2271 663 Rhegium
2308 598 2646 667 metropolim
2673 614 2793 654 esse
2817 600 2929 670 (Ξό)
2957 600 3312 667 Bruttiorum,
3357 618 3388 658 e
3408 619 3514 673 qua

1936 688 2097 743 refert
2126 689 2419 743 historicus
2447 691 2791 760 Alarichum,'
2814 696 2939 748 dum
2992 697 3044 750 in
3079 694 3323 751 Siciliam
3359 699 3515 766 traji—

1931 795 2054 834 cere
2081 792 2257 848 parat,
2275 791 2543 836 retentum
2570 786 2757 839 fuisse.
2784 786 2973 840 Statua
2997 789 3160 854 enim,
3195 791 3389 858 inquit,
3429 789 3514 842 in-

1931 878 2221 935 augurata,
2256 869 2328 922 ibi
2377 879 2529 925 stans
2569 873 2851 941 trajectum
2884 880 3122 935 vetabat.
3153 878 3353 933 Fuerat
3384 895 3514 934 vero

1931 956 2069 1020 hac,
2109 967 2167 1010 ut
2202 957 2497 1023 fabulatur,
2543 962 2611 1014 ab
2646 965 2884 1032 antiquis
2915 965 3256 1034 inaugurata,
3295 981 3414 1020 cum
3451 975 3514 1018 ut

1930 1048 2109 1104 Etnze
2143 1051 2342 1105 montis
2392 1054 2542 1118 ignes
2599 1064 2889 1120 averteret,
2929 1069 3038 1111 tum
3083 1067 3138 1111 ut
3171 1059 3335 1112 maris
3360 1068 3512 1111 tran-

1931 1143 2035 1197 situ
2079 1144 2346 1200 Barbaros
2370 1147 2721 1214 ,prohiberet.
2751 1147 2938 1203 Altero
2971 1149 3116 1204 enim
3161 1153 3294 1219 pede
3322 1167 3515 1222 perpe-

1933 1244 2081 1289 tuum
2129 1237 2333 1306 ignem,
2383 1239 2556 1293 altero
2591 1256 2720 1294 vero
2766 1257 3056 1311 perennem
3099 1260 3291 1314 aquam
3335 1255 3516 1314 gesta-

1931 1327 2042 1381 bat.
2076 1327 2151 1382 Ea
2186 1330 2350 1398 igitur
2389 1340 2566 1384 statua
2592 1331 2898 1397 confracta,
2932 1337 3149 1389 tandem
3205 1353 3266 1389 ex
3301 1337 3514 1390 Ᾱῐιιιωο

1934 1421 2052 1490 igne
2089 1421 2226 1490 (Ἡ),
2267 1432 2321 1476 et
2362 1439 2390 1476 a
2435 1423 2689 1479 Barbaris
2722 1426 3109 1481 detrimentum
3141 1428 3380 1482 Siciliam
3423 1444 3515 1483 ce-

1932 1513 2097 1579 pisse.
2134 1513 2390 1568 Eversam
2433 1531 2559 1570 vero
2583 1527 2818 1570 statuam
2857 1520 2924 1572 ab
2949 1518 3290 1588 Aiscnlapio,
3330 1522 3422 1589 qni
3457 1523 3509 1574 in

1934 1603 2120 1661 Sicilia
2145 1596 2551 1677 possessionum
2583 1609 2888 1666 Constantii
2924 1624 2978 1667 et
3014 1613 3264 1668 Placidia:
3291 1626 3513 1670 curator

1931 1709 2070 1754 erat.

308 1800 436 1852 Ὀτι
471 1801 882 1855 Κωνσταντίνου
919 1803 964 1835 ⁸⁸
993 1803 1088 1856 τοῦ
1117 1804 1384 1875 τυράννου
1416 1805 1510 1858 καὶ
1534 1802 1825 1858 Κώνσταν·

1998 1789 2357 1847 Constantino
2384 1794 2651 1864 ityranno,
2678 1802 2733 1848 et
2769 1793 3067 1850 Constante
3120 1795 3228 1851 filio
3257 1796 3368 1866 (qui
3405 1799 3515 1867 pri-

236 1908 326 1953 τος
366 1893 463 1944 τοῦ
513 1895 724 1956 παιδὸς,
761 1895 822 1958 ὃς
849 1896 1113 1966 πρότερον
1147 1898 1248 1966 μὲν
1293 1899 1512 1969 Καῖσαρ
1545 1897 1737 1952 ἔπειτα
1769 1899 1828 1951 δὲ

235 1989 330 2038 καὶ
360 1985 622 2054 βασιλεὺς
649 1984 777 2059 [184
802 1988 894 2061 R.]
928 1991 1390 2061 ἐκεχειροτόνητο,
1416 1991 1625 2045 τούτων
1656 1994 1826 2062 ἡττη-

237 2075 440 2129 θέντων
476 2078 572 2130 καὶ
609 2080 960 2148 πεφευγότων
1005 2081 1286 2150 Γερόντιος
1311 2085 1338 2136 6
1386 2083 1690 2153 σρατηγὸς,
1726 2083 1826 2152 τὴν

237 2168 375 2238 πρὸς
401 2169 533 2232 τοὺς
572 2169 883 2240 βαρϐάρους
932 2172 1234 2241 άσμενίσας
1265 2174 1490 2244 εἰρήνην
1517 2215 1532 2238 ,
1570 2173 1826 2242 Μάξιμον

235 2260 324 2311 τὸν
362 2259 566 2313 ἑαυτοῦ
613 2262 808 2328 παῖδα,
857 2265 936 2326 είς
981 2263 1079 2333 τὴν
1112 2265 1221 2316 τῶν
1275 2265 1614 2334 δομεστίκων
1667 2268 1826 2332 τάξιν

235 2351 518 2416 τελοῦντα,
558 2351 785 2420 βασιλέα
812 2355 1155 2426 ἀναγορεύει·
1185 2351 1304 2410 εἶτα
1327 2358 1620 2422 ἐπιδιώξας
1673 2358 1828 2412 Κών-

235 2458 445 2495 σταντα
474 2445 862 2514 κατεπράξατο
886 2447 1278 2519 ἀναιρεθῆναι,
1321 2452 1415 2503 καὶ
1463 2451 1606 2504 κατὰ
1659 2452 1825 2516 πόδας

235 2535 426 2588 εἵπετο
457 2535 673 2590 διώκων
712 2542 808 2591 καὶ
849 2540 940 2592 τὸν
991 2541 1205 2612 πατέρα
1253 2543 1683 2598 Κωνσταντῖνον.
1736 2545 1824 2598 Ἐν

235 2619 279 2692 ᾧ
321 2625 380 2678 δὲ
419 2625 598 2680 ταῦτα
650 2628 902 2696 ἐγίνετο,
958 2631 1337 2696 Κωνστάντιος
1399 2634 1494 2687 καὶ
1553 2633 1825 2704 Ούλφιλᾶς

231 2717 668 2771 ἀποστέλλονται
710 2721 862 2790 παρὰ
907 2721 1169 2791 Ὀνωρίου
1196 2724 1339 2777 κατὰ
1386 2726 1822 2792 Κωνσταντίνου,

235 2810 329 2862 καὶ
355 2811 763 2875 καταλαϐόντες
785 2814 886 2884 τὴν
919 2814 1235 2886 Ἀρήλατον,
1263 2816 1394 2870 ἔνθα
1415 2818 1516 2882 τὰς
1542 2818 1826 2888 διατριϐάς

235 2900 478 2954 ἐποιεῖτο
508 2903 916 2968 Κωνσταντῖνος
940 2907 1035 2960 σῦν
1076 2908 1347 2979 Ἰουλιανῴ
1377 2909 1454 2980 τῷ
1493 2910 1664 2975 παιδὶ,
1697 2911 1826 2966 ταύ-

234 3007 336 3060 την
363 2993 748 3064 πολιορκοῦσι·
791 2998 884 3051 καὶ
927 2999 1338 3064 Κωνσταντίνος
1379 3002 1712 3072 καταφυγὼν
1745 3006 1826 3067 είς

1933 1899 2081 1936 mum
2117 1885 2332 1952 quidem
2364 1885 2566 1953 Caesar,
2595 1895 2716 1955 post
2759 1887 2923 1940 etiam
2961 1886 3258 1955 imperator
3295 1900 3513 1943 creatus

1929 1975 2108 2030 fuerat
2141 1979 2322 2042 victis,
2362 1976 2600 2049 fugaque
2648 1979 2892 2048 dilapsis,
2919 1980 3215 2035 Gerontius
3249 1982 3370 2036 belli
3400 1983 3513 2036 dux

1929 2084 2051 2121 Cllill
2093 2068 2350 2124 Barbarie
2375 2087 2507 2138 pace
2529 2071 2719 2142 [libens
2753 2072 2886 2126 inita
2927 2072 3095 2127 filium
3145 2088 3302 2128 suum
3343 2073 3514 2127 Maxi-

1931 2176 2077 2214 mum
2116 2164 2206 2231 qui
2242 2163 2383 2217 inter
2415 2164 2744 2220 domesticos
2783 2165 2898 2236 (25)
2943 2167 3354 2234 numerabatur,
3399 2167 3515 2223 Ca2-

1931 2269 2110 2309 sarem
2164 2259 2462 2312 renuntiat.
2512 2255 2869 2312 Constantem
2926 2258 3123 2314 deinde
3155 2259 3450 2326 insecutus,
3481 2275 3514 2315 e

1930 2348 2106 2402 medio
2146 2349 2394 2417 sustulit,
2457 2361 2512 2404 et
2566 2352 2796 2422 vestigia
2849 2365 3204 2420 consectans,
3246 2354 3515 2408 Constan-

1930 2440 2102 2494 tinum
2158 2457 2370 2510 quoque
2411 2453 2619 2512 patrem
2678 2445 3122 2514 persequebatur.
3186 2445 3325 2499 lium
3395 2447 3512 2500 haec

1929 2541 2211 2600 geruntur,
2263 2532 2652 2588 Constantinus
2710 2534 2823 2606 (26)
2871 2546 2925 2589 et
2982 2535 3228 2604 Ulpliilas
3277 2539 3346 2589 ab
3398 2533 3512 2588 Ho-

1928 2625 2084 2680 norio
2128 2626 2387 2682 adversus
2429 2627 2842 2682 Constantinum
2880 2628 3063 2694 missi;
3113 2644 3343 2699 cumque
3377 2629 3516 2683 Are-

1928 2716 2086 2770 litem
2116 2719 2491 2786 pervenissent
2529 2718 2670 2789 εει
2707 2719 2799 2774 ubi
2846 2719 3240 2774 Constantinus
3264 2735 3385 2776 cum
3417 2721 3514 2776 Jo-

1929 2807 2073 2861 liano
2106 2808 2215 2862 filio
2261 2809 2490 2877 agebat,
2526 2810 2666 2866 lianc
2711 2811 2978 2866 obsident.
3015 2811 3406 2868 Constantinus
3441 2813 3511 2868 ad

1929 2900 2184 2969 templum
2203 2903 2537 2971 confugiens,
2553 2904 2806 2959 sacerdos
2829 2905 3131 2969 ordinatur,
3152 2904 3510 2974 jurejurando

1927 2995 1993 3046 de
2022 2993 2297 3066 salutevilli
2335 2995 2497 3060 dato;
2529 2997 2607 3050 sic
2628 2996 2782 3052 urbis
2815 3008 2983 3066 porta:
3011 2996 3384 3052 obsidentibus
3411 2997 3515 3052 mi-

236 3087 530 3156 εὐκτήριον
576 3087 949 3160 πρεσϐύτερος
991 3092 1116 3144 τότε
1162 3095 1596 3163 χειροτονεῖται,
1646 3095 1825 3166 ὅρκων

1932 3086 2114 3140 litibus
2139 3097 2338 3157 apertae
2364 3097 2512 3153 sunt,
2556 3089 2864 3156 missusque
2908 3098 2991 3143 est
3031 3105 3156 3143 cum
3205 3087 3421 3143 Juliano
3450 3088 3514 3143 fl-

237 3178 384 3244 αὑτῷ
423 3181 570 3252 ὑπὲρ
599 3182 874 3252 σωτηρίας
915 3183 1198 3237 δοθέντων·
1231 3187 1325 3238 καὶ
1355 3189 1469 3250 τοῖς
1496 3187 1824 3256 πολιορκοῦ-

239 3283 320 3319 σιν
345 3271 404 3321 αἱ
437 3268 609 3323 πύλαι
639 3272 738 3340 τῆς
771 3271 979 3336 πόλεως
1021 3274 1510 3331 ἀναπετάννυνται.
1544 3279 1651 3332 Καὶ
1683 3279 1824 3348 πέμ-

237 3377 398 3414 πεται
429 3363 530 3414 σὺν
555 3363 632 3432 τῷ
662 3363 762 3433 υἱῷ
793 3366 1200 3430 Κωνσταντῖνος
1224 3368 1360 3439 πρὸς
1401 3368 1678 3441 Ὀνώριον·
1717 3371 1744 3422 6
1768 3370 1824 3423 δὲ

240 3451 601 3521 μνησικακῶν
641 3454 824 3517 αὐτοῖς
872 3454 1012 3525 ὑπὲρ
1062 3458 1172 3510 τῶν
1230 3458 1468 3528 ἀνεψιῶν
1498 3459 1686 3523 αὐτοῦ,
1731 3459 1826 3524 οὒς

242 3543 513 3612 ἐτύγχανε
567 3546 979 3612 Κωνσταντίνος
1040 3549 1246 3603 ἀνελὼν
1275 3589 1290 3611 ,
1362 3552 1468 3623 πρὸ
1529 3554 1825 3624 τριάκοντα

235 3633 337 3704 τῆς
401 3636 699 3709 Ῥαϐέννης
749 3640 943 3710 μιλίων
1027 3643 1177 3714 παρὰ
1241 3645 1366 3709 τοὺς
1420 3645 1619 3716 ὅρκους
1656 3663 1826 3714 προσ-

238 3728 422 3780 τάττει
469 3730 696 3794 τούτους
739 3734 1121 3804 άναιρεθῆναι.
1164 3737 1446 3806 Γερόντιος
1480 3738 1538 3791 δὲ
1581 3755 1828 3808 παραγε-

241 3822 485 3889 νομένων
512 3824 756 3894 Οὐλφιλᾶ
777 3824 904 3899 [107
925 3826 1019 3900 IL]
1037 3829 1131 3882 καὶ
1160 3831 1576 3884 Κωνσταντίνου
1608 3830 1823 3900 φεύγει,

240 3917 331 3967 καὶ
366 3918 777 3989 καταληφθεὶς,
829 3921 912 3975 ὅτι
955 3923 1245 3994 ἐγκρατῶς
1282 3920 1421 3996 ἦρχε
1473 3926 1568 3978 τοῦ
1621 3926 1825 3979 οίκείου

241 4009 500 4077 στρατοὺ,
532 4009 624 4062 ὑπ’
644 4011 823 4065 αὐτῶν
857 4014 1084 4068 ἐκείνων
1110 4015 1546 4070 ἐπιϐουλεύεται·
1576 4016 1688 4088 πῦρ
1715 4017 1825 4089 γὰρ

239 4101 378 4152 κατὰ
421 4101 528 4170 τῆς
580 4103 762 4168 οἰκίας
798 4104 964 4158 αὐτοῦ
1007 4107 1240 4176 ἀνῆψαν.
1285 4106 1343 4161 Ὀ
1395 4108 1451 4162 δὲ
1509 4109 1648 4178 πρὸς
1700 4109 1825 4174 τοὺς

240 4190 656 4257 ἐπαναστάντας
685 4197 970 4266 κρατερῶς
1005 4199 1262 4268 ἐμάχετο,
1296 4198 1393 4254 ἕνα
1416 4201 1824 4271 συναγωνιστὴν

240 4282 374 4351 ἔχων
415 4284 644 4338 Ἀλανὸν
693 4287 752 4339 τὸ
780 4288 958 4354 γένος,
993 4290 1074 4350 εἰς
1118 4287 1342 4352 δούλους
1389 4289 1555 4341 αὑτοῦ
1611 4289 1656 4320 ⁸⁷
1701 4291 1825 4356 ὰρι⁹

242 4373 566 4446 θμούμενον.
599 4376 762 4441 Τέλος
791 4381 881 4432 τόν
930 4397 988 4432 τε
1040 4380 1262 4434 Ἀλανὸν
1293 4382 1386 4434 καὶ
1423 4381 1520 4452 τὴν
1563 4383 1822 4450 γυναῖκα,

1930 3183 2000 3233 lio
2041 3179 2436 3236 Constantinus
2481 3185 2549 3235 ad
2592 3181 2914 3236 llonorium.
2969 3182 3061 3237 llle
3110 3197 3238 3237 vero
3291 3182 3512 3238 minime

1930 3272 2061 3342 ipsis
2101 3271 2410 3342 ignoscetis,
2465 3275 2534 3329 ob
2588 3275 2903 3329 interfectos
2957 3289 2985 3326 a
3028 3274 3385 3329 Constantino
3416 3288 3514 3328 co-

1928 3376 2118 3434 gnatos
2169 3381 2298 3422 suos
2326 3365 2463 3438 ('27),
2509 3367 2576 3420 ad
2629 3367 2846 3436 triginta
2874 3366 2985 3436 (‘28)
3026 3382 3054 3419 a
3098 3366 3351 3420 Ravenna
3385 3365 3512 3420 mil~

1931 3457 2108 3521 liaria,
2140 3469 2325 3512 contra
2373 3457 2730 3528 jurisjnrandi
2767 3459 2924 3512 fidem
2969 3459 3197 3512 interfici
3225 3456 3509 3523 eosjubet.

1929 3549 2223 3606 Gerontius
2267 3551 2414 3615 dein,
2480 3552 2863 3606 accedentibus
2895 3551 3114 3620 Ulpliila
3157 3561 3214 3606 et
3248 3549 3516 3606 Constan-

1932 3643 2066 3708 tino,
2115 3641 2294 3712 fugam
2333 3643 2607 3712 capessit:
2642 3646 3119 3714 deprelnensnsqoe
3161 3643 3303 3714 quod
3336 3643 3512 3712 impo-

1932 3736 2133 3790 tentius
2175 3736 2438 3792 exercitui
2467 3735 2793 3804 praefuisset,
2823 3752 3043 3792 suorum
3074 3736 3287 3792 insidiis
3313 3738 3512 3807 petitus

1929 3839 2033 3882 est.
2096 3825 2278 3898 Ignem
2330 3829 2513 3898 itaque
2553 3827 2721 3896 ipsius
2769 3827 2976 3882 aedibus
3031 3827 3334 3897 injecerunt
3395 3843 3412 3880 :
3457 3835 3516 3882 at

1932 3919 2022 3975 ille
2053 3919 2265 3975 fortiter
2286 3921 2339 3974 in
2375 3921 2718 3975 adversarios
2736 3929 2957 3998 pugnat,
2985 3935 3091 3974 uno
3120 3919 3408 3987 adjuvante
3428 3918 3516 3972 fa-

1930 4015 2100 4079 nntlo,
2129 4015 2219 4084 qui
2251 4011 2462 4070 Alanus
2490 4020 2630 4068 erat.
2670 4012 2751 4067 Re
2775 4022 2953 4067 tamen
2982 4013 3198 4066 tandem
3225 4012 3513 4081 desperata
3573 4013 3580 4020 '

1928 4108 2159 4161 Alanum
2197 4107 2369 4170 illum,
2405 4120 2667 4175 suamque
2716 4119 2940 4158 uxorem
2969 4103 3118 4175 (29),
3155 4113 3210 4158 ιιι
3255 4103 3356 4172 ipsi
3388 4118 3517 4174 pos-

1931 4199 2186 4262 tularant,
2229 4197 2515 4262 interimit,
2567 4211 2632 4250 ac
2675 4196 2908 4263 denique
2947 4196 3112 4248 etiam
3150 4194 3252 4248 sibi
3282 4205 3512 4249 mortem

1929 4293 2237 4348 consciscit.
2287 4291 2554 4348 Maximus
2602 4291 2718 4361 ejus
2763 4289 2948 4359 filius,
3001 4305 3061 4346 re
3107 4289 3402 4358 intellecta,
3445 4290 3514 4343 ad

1931 4383 2226 4438 fmderatos
2255 4383 2500 4452 confugit
2525 4382 2818 4438 Barbaros.

241 4469 391 4522 τοῦτο
424 4469 954 4539 προθυμουμένους,
998 4471 1231 4540 ἀναιρεῖ,
1285 4470 1728 4540 ἐπικατασφάζει
1765 4474 1821 4527 δὲ
1857 4477 1950 4528 καὶ
1977 4476 2190 4530 ἑαυτόν.
2222 4475 2477 4546 Μάξιμος
2521 4474 2578 4528 δὲ
2640 4475 2670 4526 6
2734 4477 2866 4538 παῖς
2911 4472 3091 4527 ταῦτα
3153 4470 3343 4542 μαθὼν
3379 4469 3517 4542 πρὸς

243 4559 358 4622 τοὺς
397 4561 776 4623 ὑποσπόνδους
801 4561 992 4630 φεύγει
1019 4561 1350 4634 βαρϐάρους.

308 4654 428 4708 Ὀτι
475 4655 693 4717 Ἰοϐἷνος
719 4655 762 4685 ⁸⁸
783 4657 839 4706 ἐν
866 4655 1186 4724 Μουνδιακῷ
1209 4655 1252 4687 ⁴⁹
1269 4656 1366 4725 τῆς
1396 4656 1589 4724 ἐτέρας
1614 4657 1825 4725 Γερμα-

2003 4657 2253 4713 Jovinius
2284 4657 2424 4725 apud
2452 4655 2791 4709 Mnndacinm
2821 4654 2933 4725 (30)
2963 4651 3270 4708 Germaniae
3289 4649 3516 4707 alterius

241 4745 353 4809 νίας
387 4747 531 4800 κατὰ
580 4744 818 4814 σπουδὴν
861 4745 908 4776 ⁵⁸
957 4745 1114 4817 Γώαρ
1153 4745 1247 4799 τοῦ
1291 4746 1514 4800 Ἀλανοῦ
1561 4748 1654 4798 καὶ
1695 4747 1826 4799 Γυν-

240 4839 466 4907 τιαρίου,
500 4839 558 4902 ὃς
599 4837 874 4910 φύλαρχος
899 4837 1237 4910 ἐχρημάτιζε
1283 4839 1393 4893 τῶν
1429 4840 1821 4909 Βουργουντιό·

1933 4751 2148 4814 urbem,
2182 4751 2366 4804 studio
2415 4747 2612 4803 Goaris
2650 4747 2832 4810 Alani,
2870 4757 2924 4799 et
2975 4745 3222 4802 Guntiari
3267 4743 3517 4813 Burgun-

1931 4844 2142 4895 diorum
2195 4840 2438 4912 prafecti
2471 4850 2742 4910 tyrannus
2774 4845 2994 4894 creatus
3031 4848 3140 4894 est.
3167 4836 3267 4894 Cui
3303 4845 3364 4893 ut
3390 4851 3514 4894 sese

1506 4978 1741 5035 VARIAE
1795 4978 2200 5034 LECTIONES.

313 5076 365 5108 “
387 5077 692 5149 Βρετανίας
738 5095 798 5142 ς’.

249 5149 328 5212 sic
354 5161 408 5204 et
433 5148 590 5204 infra
665 5151 712 5181 δ’
738 5148 1136 5220 Μογουντιακῷ
1166 5149 1533 5204 ιιωεριιθιιυε.

873 5077 918 5110 ’⁵⁸
949 5076 1155 5131 ἐκώλυε
1189 5095 1248 5142 ς.
1321 5077 1369 5109 ⁸⁸
1401 5077 1816 5130 Κωνσταντίνου
1850 5091 1932 5142 pr.
1965 5078 2031 5130 Α.
2085 5076 2467 5131 Κωνσταντίου
2511 5089 2655 5131 corr.
2716 5073 2762 5106 δ”
2789 5070 2939 5143 αὐτῷ
2963 5089 3024 5137 ς.

873 5148 1136 5216 ῡυντιακῷ
1166 5149 1533 5204 Πωεριιθιίιιδ.
1632 5147 1680 5178 ⁵⁰
1717 5145 1952 5216 σπονδὴν
1975 5151 2038 5200 Α.

1717 5162 1919 5200 σπονοη
1926 5165 1952 5196 ν
1975 5162 2014 5198 Α
2023 5185 2038 5200 ο

3103 5071 3150 5103 ⁸⁸
3189 5069 3429 5134 Ἰωϐἴνος
3453 5085 3516 5135 ς,

1753 5238 1987 5296 ΝΟΤίΕ.

312 5334 424 5404 (22)
455 5335 617 5390 Anno
641 5334 848 5390 Christi
887 5337 1012 5392 Ml.
1044 5335 1171 5391 Car.
1208 5335 1402 5405 Sigon.

303 5408 419 5477 (23)
450 5405 693 5477 Quinino
723 5405 985 5476 Βρεττίας
1025 5409 1306 5477 legendum
1344 5408 1451 5462 hic.

303 5476 417 5547 (ἓξ)
453 5475 527 5547 ξι
561 5492 699 5547 vana
733 5475 944 5530 scilicet
972 5475 1218 5547 gentium
1249 5475 1665 5547 superstitione.

309 5543 416 5615 (9.5)
457 5543 530 5597 De
563 5543 882 5600 Domesticis
913 5543 1178 5600 videndus
1205 5543 1522 5613 Curopalat.
1547 5544 1729 5600 libello
1761 5545 1826 5599 tle

237 5612 912 5686 ofﬁcial.Constantinop.
952 5616 1167 5670 Brisson
1195 5617 1247 5669 in
1277 5612 1474 5679 lex’ico,
1507 5626 1562 5669 et
1591 5617 1713 5670 alii.

305 5685 413 5754 (26)
459 5685 607 5740 ltletn
655 5689 749 5756 qui
797 5685 1092 5741 Placitliatn
1142 5697 1326 5756 postea
1379 5688 1669 5756 coniugum
1727 5699 1821 5738 ac-

243 5767 399 5824 C(‘pll.

2011 5337 2127 5413 (21)
2165 5339 2529 5394 Vereniannm
2560 5354 2629 5413 ac
2657 5337 2948 5406 Didymum
2988 5335 3259 5413 intelligit,
3297 5331 3520 5413 (19.ᾳυί·

1936 5402 2037 5490 bus
2069 5402 2318 5466 stimns
2362 5421 2524 5480 atque
2554 5402 2932 5472 Sozomenos,
2984 5415 3034 5461 et
3078 5420 3145 5460 ex
3191 5404 3276 5457 his
3322 5402 3510 5476 Sigon-

1934 5480 2122 5620 hbeiii
2147 5551 2226 5605 Ad
2253 5550 2512 5605 Mincium
2543 5549 2765 5620 flninen,
2798 5545 2987 5616 Sigon.

2005 5619 2120 5689 (‘29)
2157 5620 2520 5675 Nonnioltinm
2551 5621 2677 5673 Car.
2708 5619 2898 5689 Sigon.
2935 5624 3108 5689 vocat.

2005 5683 2118 5764 (⁸50)
2154 5692 2550 5761 Moguntincum
2582 5683 2814 5744 debebat
2860 5686 3102 5743 scribere
3129 5683 3440 5755 Olympiod.
