3942 6234
443 306 558 371 263

1611 308 1878 371 PHOTII
1914 307 2423 372 PATRIARCHA!
2460 309 2573 373 CP.

3617 312 3724 376 264

447 424 767 496 adjungeret
809 423 1099 497 Adaulpho
1129 435 1321 481 auctor
1371 422 1476 481 fuit
1527 427 1758 484 Attalus.
1812 428 1879 484 Et
1921 442 2043 485 vero

2154 444 2261 481 νων
2277 427 2612 498 ⁸¹,τὺραννος
2630 425 2999 499 ἀνηγορεύθη.
3022 426 3163 500 Πρὸς
3184 427 3244 482 δν
3254 427 3301 460 ⁸¹
3318 429 3725 498 παραγενέσθαι

450 514 543 570 hic
580 528 704 570 cum
734 517 907 586 c0piis
931 518 999 572 ad
1031 518 1179 572 illum
1205 533 1263 573 se
1287 516 1519 574 confert.
1556 517 1808 575 Jovinius
1852 531 2032 576 tamen

2137 520 2403 584 ’Δτταλος
2433 517 2760 588 Ἀδαοῦλφον
2806 522 3096 589 παραινεῖ·
3130 519 3227 572 καὶ
3259 519 3621 590 παραγίνεται
3652 520 3722 587 ⁸⁸,

447 606 723 677 Adaulphi
768 608 1003 663 adventu
1049 608 1313 677 oﬂ‘eusus,
1352 610 1606 676 obscure,
1656 622 1712 667 et
1746 612 1907 668 veluti
1939 629 2037 684 per

2152 611 2253 684 ἱμα
2272 611 2369 665 τοῦ
2393 610 2650 681 πλήθους.
2672 610 2785 665 Καὶ
2800 610 3021 673 Ἱοϐἰνος
3036 610 3359 665 άνιᾶταιὲπὶ
3382 615 3448 682 τῇ
3477 609 3729 665 Ἀδαούλο

448 699 732 769 aenigmata
757 699 996 755 Attalum
1031 710 1288 766 accusat;
1333 702 1476 772 quod
1506 704 1800 758 adventum
1830 706 2037 760 suasis-

450 800 555 845 set.
588 791 758 845 Sarus
782 792 898 864 (51)
932 793 1061 846 item
1117 794 1186 848 ad
1241 791 1515 849 Jovininm
1579 807 1840 852 venturus
1882 808 2031 863 erat;

449 883 544 936 sed
573 882 888 952 Adaulphus
913 886 1132 955 cognita
1166 902 1246 952 re,
1280 887 1543 943 collectus
1577 889 1764 944 decem
1798 889 2039 945 millibus

448 974 703 1041 militum,
734 979 977 1031 occurrit
1024 976 1181 1043 Saro,
1211 978 1355 1034 viros
1383 980 1683 1036 octodecim
1727 992 1821 1037 aut
1850 981 2038 1052 viginti

448 1068 589 1135 apud
650 1082 711 1121 se
756 1066 978 1122 habenti
1026 1085 1188 1140 quem
1230 1082 1380 1141 gesta
1441 1072 1680 1137 hernica,
1720 1085 1774 1127 et
1818 1084 2041 1142 stupore

446 1157 611 1229 digna
653 1158 902 1214 edentem
946 1161 1061 1231 (3‘2)
1085 1202 1101 1223 ,
1136 1164 1309 1217 scutis
1361 1165 1654 1231 adhibitis,
1687 1167 1868 1220 vivum
1895 1181 2042 1235 πει-ο

450 1265 644 1319 capere
703 1264 1041 1323 p0tuerunt,
1091 1258 1417 1327 tandemque
1460 1260 1738 1313 occidunt.
1789 1246 2055 1315 Descive?

363 1365 371 1375 -
448 1353 537 1397 rat
561 1353 743 1399 autem
777 1347 845 1400 ab
878 1346 1125 1402 Honorio
1158 1347 1349 1414 Sarus,
1372 1350 1555 1403 audito
1584 1349 1906 1406 Belleridem
1938 1353 2039 1407 do-

448 1436 737 1491 mesticum
797 1453 953 1493 suum
1002 1440 1386 1511 interfectum;
1440 1442 1640 1497 nullam
1675 1455 1855 1499 tamen
1878 1443 2041 1500 credis

451 1528 720 1584 rationem
756 1530 979 1586 duxisse
1009 1533 1417 1602 imperatorem,
1443 1550 1543 1591 nec
1568 1535 1623 1590 in
1654 1551 2040 1607 percussorem

451 1618 779 1688 inquirendo
810 1620 1139 1677 vindicasse.

527 1710 711 1765 Refert
763 1712 891 1766 item
935 1712 1001 1767 de
1033 1713 1268 1778 Donato,
1302 1724 1356 1769 et
1386 1714 1619 1780 Hunnis,
1645 1715 1823 1785 deque
1850 1730 2040 1786 regum

2136 720 2239 774 φου
2273 703 2576 775 παρουσίᾳ,
2605 703 2701 758 καὶ⁵
2736 703 3010 776 μέμφεται
3043 702 3112 758 δι’
3136 705 3475 774 αἰνιγμάτων
3515 703 3594 774 τῷ
3619 718 3726 757 πα-

2140 796 2450 869 ραινέσαντι
2494 795 2734 868 Ἀττάλῳ
2749 794 2847 868 τὴν
2864 795 3067 865 ἄφιξιν.
3088 796 3199 850 Καὶ
3248 796 3421 867 Σάρος
3436 797 3505 863 ¹δέ
3531 796 3728 867 ἔμελλε

2139 889 2279 960 πρὸς
2315 888 2534 942 Ἰοϐἰνον
2578 888 3003 961 παραγενέσθαι·
3044 888 3162 942 ἀλλ’
3199 888 3529 958 Ἀδαοῦλςρος
3567 889 3729 943 τοῦτο

2142 980 2333 1053 μαθὼν
2362 980 2820 1052 προϋπαντιάζει,
2846 979 3091 1050 χιλιάδας
3115 979 3249 1034 δέκα
3277 981 3729 1050 συνεπαγόμενος

2142 1067 2484 1144 στρατιώτην
2514 1069 2583 1133 ⁸⁸,
2618 1069 2797 1141 ἔχοντι
2828 1070 3028 1141 ἄνδρας
3052 1084 3119 1123 πε
3129 1071 3181 1140 pl
3200 1070 3363 1124 αὑτὸν
3386 1069 3638 1142 [Ἀσάρῳ
3653 1070 3729 1143 ⁸⁸]

2139 1164 2518 1219 ὀκτωκαίδεκα
2569 1162 2603 1235 ἦ
2645 1164 2741 1217 καὶ
2790 1166 3017 1219 εἴκοσιν.
3055 1164 3154 1217 Ὃν
3204 1163 3342 1235 ἔργα
3374 1165 3592 1235 ήρωῖκὰ
3634 1167 3729 1217 καὶ

2143 1256 2426 1328 θαυμάσαι
2457 1255 2588 1319 άξια
2626 1253 3037 1324 ἐπιδειξάμενον
3072 1255 3227 1324 μόλις
3271 1256 3491 1319 σόκκοις
3518 1256 3563 1287 ⁸⁸
3595 1253 3726 1317 ﬁt?

2141 1364 2379 1420 γρησαν,
2402 1347 2500 1401 καὶ
2528 1346 2753 1418 ὕστερον
2775 1345 3082 1416 ἀναιροῦσι.
3113 1346 3288 1418 Σάρος
3321 1346 3365 1400 δ’
3388 1343 3454 1418 ἦν
3484 1345 3729 1409 ἀποστὰς

2156 1435 2546 1510 ’ονωρίου,ὄτι
2573 1436 2913 1509 Βελλερίδου,
2959 1434 3019 1501 ὃς
3064 1431 3132 1508 ἦν
3178 1435 3329 1509 αὐτῷ
3370 1437 3720 1507 δομέστικος,

2145 1528 2527 1600 ἀναιρεθέντος
2565 1528 2743 1593 οὐδεὶς
2781 1528 2939 1597 λόγος
2979 1527 3058 1600 τῷ
3111 1528 3322 1598 βασιλεῖ
3376 1529 3476 1600 τῆς
3511 1527 3733 1599 ἀναιρέ-

2148 1637 2286 1683 σεως
2315 1621 2436 1675 οὑδὲ
2450 1620 2546 1674 τοῦ
2573 1621 2737 1688 φόνου
2758 1621 2972 1690 γίνεται
2995 1622 3040 1655 ⁸⁷
3063 1619 3374 1691 εἷσπραξις.

2220 1712 2343 1765 Ὀτι
2390 1710 2749 1781 διαλαμϐάνει
2793 1712 2923 1782 περὶ
2979 1712 3214 1765 Δονάτου
3272 1713 3364 1763 καὶ
3425 1711 3557 1783 περὶ
3621 1709 3732 1762 τῶν

451 1800 572 1875 (δὸ)
606 1818 794 1859 eorum
831 1805 1122 1876 sagittandi
1149 1804 1386 1878 lperitla.
1428 1805 1678 1875 Seipsum
1723 1808 1791 1863 ad
1833 1808 1954 1863 illos
1992 1818 2043 1863 et

2152 1801 2390 1866 Οὖννων,
2427 1805 2522 1856 καὶ
2550 1804 2680 1873 περὶ
2712 1802 2822 1855 τῶν
2859 1802 3047 1872 ρηγῶν
3084 1802 3265 1854 αὑτῶν
3294 1800 3393 1870 τῆς
3426 1801 3734 1869 εὐφυεστάο

453 1894 743 1961 Donatum,
772 1908 1044 1952 oratorem
1094 1899 1326 1957 missum
1350 1900 1583 1970 scriptor
1611 1900 1722 1967 ait;
1754 1900 2045 1970 multisque

451 1988 623 2041 maris
668 1987 1000 2053 erronibus,
1057 1990 1425 2060 periculisque
1486 1990 1773 2059 iactatum,
1837 1993 2046 2062 tragice

452 2089 661 2135 narrat.
694 2080 958 2135 Donatum
985 2096 1199 2153 quoque
1221 2081 1575 2152 jurejurando
1609 2086 2043 2139 circumventum

452 2183 642 2228 contra
701 2172 783 2229 fas
822 2174 1127 2246 jugulatum
1176 2190 1299 2232 esse
1339 2195 1353 2231 :
1385 2186 1441 2232 et
1469 2174 1837 2231 Charatonem
1896 2176 2043 2232 inter

454 2277 610 2333 reges
629 2265 891 2333 primum,
915 2266 985 2319 ob
1008 2265 1209 2321 czedem
1243 2268 1325 2321 ira
1354 2266 1664 2329 incensum,
1692 2266 2044 2333 imperatoris

452 2355 612 2410 donis
639 2368 854 2410 rursum
880 2357 1178 2424 mitigatum
1204 2396 1221 2421 ,
1256 2358 1635 2426 placatumque
1665 2355 1857 2413 fuisse.
1899 2355 2045 2428 59a

460 2447 530 2503 Et
556 2449 671 2504 haec
699 2449 917 2520 quidem
954 2450 1130 2521 prima
1158 2451 1340 2521 operis
1366 2450 1568 2507 decade
1588 2451 1955 2507 continentur.

526 2630 768 2687 Alteram
797 2640 930 2686 vero
978 2631 1108 2685 hinc
1153 2631 1493 2699 auspicatur.
1541 2626 1774 2687 Iovinus
1815 2630 2043 2687 fratrem

455 2738 611 2778 suum
643 2721 1025 2777 Sebastianum
1048 2764 1067 2790 ,
1103 2722 1273 2776 invito
1300 2720 1622 2790 Adaulpbo,
1655 2723 2045 2793 imperatorem

454 2829 670 2878 creans,
703 2816 757 2869 in
789 2814 909 2882 ejus
953 2816 1138 2869 odium
1183 2814 1438 2870 incurrit.
1487 2813 1807 2885 Adaulphus
1863 2815 2047 2885 itaque

454 2919 555 2976 per
604 2905 969 2961 internuntios
1011 2906 1190 2974 capita
1221 2918 1283 2961 se
1312 2914 1672 2976 tyrannorum
1726 2905 2046 2970 missurum,

456 3013 758 3070 pacemque
779 2998 1043 3054 initurum
1081 2998 1321 3055 Honorio
1350 2997 1683 3070 .poilicetur.
1721 2997 1784 3053 Hi
1826 2999 2045 3054 domum

457 3103 520 3148 ut
541 3093 838 3152 redierunt.
860 3103 914 3148 et
948 3091 1327 3163 jusjurandum
1367 3092 1665 3162 praestitum
1694 3102 1801 3158 est,
1840 3090 2044 3148 Sebas-

2145 1910 2247 1965 της
2296 1891 2512 1958 τοξείας
2542 1931 2558 1957 ,
2604 1894 2698 1946 καὶ
2737 1893 2815 1956 ὡς
2864 1892 2999 1964 πρὸς
3042 1892 3244 1955 αὐτοὺς
3295 1892 3392 1944 καὶ
3439 1892 3671 1945 Δονάτον
3700 1890 3735 1944 ὑ

2147 1986 2421 2056 ἱστορικὸς
2452 1984 2813 2056 ἐπρέσϐευσε·
2843 1986 2938 2038 καὶ
2978 1984 3197 2054 «mea
3239 1982 3518 2053 θαλάσσης
3562 1984 3733 2036 αὑτοῦ

2147 2076 2361 2147 πλάνην
2381 2077 2716 2147 ἐκτραγῳδεῖ
2743 2076 2837 2129 καὶ
2864 2076 2954 2129 τὸν
2980 2076 3244 2131 κίνδυνον.
3271 2077 3381 2130 Kal
3406 2078 3557 2138 ὅπως
3583 2076 3736 2146 ὅρκῳ

2147 2168 2378 2232 Δονάτος
2432 2168 2739 2239 ἀπατηθεὶς
2789 2168 3075 2239 έκθέσμως
3143 2168 3560 2238 άποσφάζεται,
3637 2165 3736 2219 καὶ

2146 2259 2298 2323 ὅπως
2321 2260 2592 2328 Χαράτων
2619 2263 2648 2315 ὁ
2676 2260 2785 2314 τῶν
2808 2261 2994 2332 ρηγῶν
3017 2259 3237 2332 πρῶτος
3262 2259 3355 2313 ἐπὶ
3373 2260 3450 2329 τῷ
3478 2260 3628 2330 φόνῳ
3652 2259 3735 2321 εἰς

2148 2348 2324 2419 θυμὸν
2351 2349 2679 2413 ἀνάπτεται,
2707 2351 2856 2413 ὅπως
2890 2367 2952 2403 τε
2982 2350 3145 2404 πάλιν
3186 2347 3487 2421 βασιλικοῖς
3537 2346 3736 2418 δώροις

2146 2438 2545 2512 διαπραΰνεται
2581 2442 2677 2496 καὶ
2701 2442 2984 2514 ἡσυχάζει’
3018 2442 3078 2496 ὲν
3112 2437 3197 2505 οἷς
3221 2441 3376 2514 καὶὴ
3411 2438 3608 2512 πρώτη
3637 2439 3739 2509 τῆς

2150 2531 2395 2602 ἱστορίας
2421 2533 2735 2603 δεκάλογος.

2222 2625 2486 2696 ’Δρχεται
2517 2626 2575 2679 δὲ
2601 2629 2635 2693 η
2667 2625 2898 2700 δευτέρα
2939 2620 3065 2693 ὧδε,
3107 2626 3193 2681 ὅτι
3234 2626 3456 2691 ’Ῑοϐἴνος
3491 2625 3541 2659 ⁸⁸
3583 2627 3740 2698 παρὰ

2148 2715 2378 2789 γνώμην
2419 2719 2749 2789 Ἀδαοὺλιρου
2774 2721 2867 2773 τὸν
2889 2720 3022 2774 ῐδιον
3054 2719 3283 2789 ἀδελφὸν
3305 2721 3669 2773 Σεϐαστιανὸν
3687 2720 3738 2752 ⁸⁹

2151 2807 2380 2879 βασιλέα
2400 2812 2791 2882 χειροτονήσας
2808 2813 2891 2876 είς
2914 2811 3116 2883 ἔχθραν
3140 2811 3453 2883 ’Δδαοὺλφῳ
3469 2811 3736 2879 κατέστη.

2148 2899 2264 2953 Καὶ
2309 2900 2520 2971 πέμπει
2578 2902 2907 2972 ’Δδαοῦλφος
2965 2904 3105 2973 πρὸς
3163 2902 3426 2973 Ὀνώριον
3473 2899 3604 2975 [185
3641 2899 3740 2972 R.]

2150 2991 2434 3062 πρέσϐεις,
2464 2992 2835 3064 ὑποσχόμενος
2856 2995 2955 3056 τάς
2971 3011 3030 3047 τε
3053 2994 3159 3048 τῶν
3182 2995 3463 3065 τυράννων
3489 2993 3741 3062 κεφαλάς

2149 3083 2251 3138 καὶ
2298 3086 2525 3157 εἰρήνην
2574 3087 2751 3154 άγειν.
2787 3080 2888 3141 Ὧν
2936 3087 3396 3158 ὑποστρεψάντων
3433 3086 3526 3142 καὶ
3558 3087 3741 3158 ὅρκων

452 3187 594 3241 tiani
625 3200 747 3239 mox
803 3197 965 3257 caput
997 3186 1308 3255 imperatori
1340 3186 1594 3239 mittitur.
1616 3183 1844 3240 Joviuus
1879 3185 2043 3240 etiam

2156 3152 2596 3251 μεσιτευσάντων
2622 3152 2988 3235 Σεϐαστιανοῦ
3018 3152 3126 3252 μὲν,
3159 3152 3438 3252 πέμπεται
3461 3181 3541 3251 τῷ
3580 3152 3743 3252 βασι-

459 3280 577 3349 ipse
593 3279 663 3335 ab
682 3278 967 3347 Adaulpho
1002 3278 1258 3332 obsessus
1290 3292 1351 3331 se
1373 3278 1600 3341 dedidit,
1643 3278 1952 3345 missusque
1982 3276 2052 3331 ad

461 3372 844 3440 imperatorem
886 3379 972 3423 est
1007 3386 1022 3423 :
1088 3376 1247 3439 Quem
1298 3366 1583 3423 Dardanus
1627 3370 1917 3437 prtefectus
1955 3384 2050 3423 sua

461 3478 626 3517 manu
657 3461 989 3531 percutiens,
1036 3461 1323 3528 interimit,
1365 3461 1650 3530 utriusque
1699 3471 1862 3529 caput
1894 3472 2051 3515 extra

458 3554 844 3624 Carthaginem
863 3554 979 3625 (54)
999 3554 1136 3623 palis
1159 3553 1381 3607 infixum
1402 3571 1417 3607 :
1435 3554 1524 3607 ubi
1543 3564 1592 3607 et
1615 3553 1960 3608 Constantini
1991 3567 2055 3609 ac

460 3646 660 3702 Julianl
690 3656 849 3701 antea
889 3656 1190 3706 resectum:
1222 3644 1503 3702 Maximini
1555 3646 1686 3702 item
1715 3658 1769 3701 et
1797 3645 2050 3718 Engenii,

463 3740 556 3807 qui
594 3740 696 3793 sub
730 3737 1037 3795 Theodosio
1080 3752 1279 3806 magno
1316 3740 1657 3810 tyrannidem
1708 3737 2051 3806 affectantes,

461 3829 712 3885 eumdem
772 3840 900 3885 sunt
924 3833 1162 3897 teritum
1207 3832 1411 3885 sortiti.
1461 3830 1799 3887 Postulatum
1852 3844 1938 3890 est
1988 3836 2055 3890 ab

464 3922 771 3992 Adaulpho,
798 3924 981 3979 studio
1022 3923 1259 3980 maxime
1285 3922 1592 3980 Constantii
1642 3927 1759 3997 ejus
1783 3928 1871 3996 qui
1904 3927 2053 3982 illam

467 4024 653 4081 postea
691 4030 914 4069 uxorem
947 4017 1123 4079 duxit,
1156 4012 1453 4073 Placidiam
1502 4033 1663 4088 quam
1688 4019 1830 4089 apud
1854 4035 1913 4074 se
1942 4018 2054 4074 Ro-

467 4120 570 4160 mre
599 4118 812 4175 captam
845 4108 1096 4176 habebat,
1143 4110 1388 4166 Honorio
1438 4112 1596 4165 fratri
1657 4123 1717 4164 ut
1778 4110 2055 4166 redderet.

468 4196 574 4253 Sed
603 4199 748 4267 quod
781 4201 1066 4272 Adanlpbo
1089 4204 1381 4271 promissa,
1408 4202 1708 4272 przrsertim
1735 4203 1802 4258 de
1819 4201 2056 4258 curanda

467 4306 702 4356 annona,
733 4293 972 4361 perfecta
1018 4309 1124 4349 nou
1164 4295 1422 4360 inissent,
1465 4310 1644 4366 neque
1667 4297 1839 4365 ipsam
1877 4295 2060 4351 reddi-

468 4383 568 4451 dit,
597 4395 652 4439 et
676 4401 863 4456 pacem
900 4382 1043 4442 bello
1072 4397 1509 4446 commutaturns
1546 4388 1849 4445 videbatur.

2153 3272 2238 3327 λεί
2268 3274 2299 3343 ἡ
2333 3273 2566 3345 κεφαλὴ,
2601 3274 2819 3338 Ἰοϐῑνος
2841 3274 2898 3328 δὲ
2928 3276 3033 3329 ὑπὸ
3067 3276 3394 3346 Ἀδαούλφου
3419 3274 3745 3346 πολιορκού-

2156 3380 2319 3433 μενος
2349 3344 2541 3419 έαυτὺν
2584 3366 2855 3422 ἐκδίδωσι.
2892 3368 3004 3421 Καὶ
3048 3344 3327 3438 πέμπεται
3365 3344 3634 3431 κάκεῖνος.
3660 3364 3742 3437 τῷ

2154 3456 2388 3528 βασιλεῖ,
2411 3456 2472 3512 δν
2498 3458 2839 3532 αὑθεντήσας
2869 3461 3140 3532 Δάρδανος
3164 3464 3192 3512 ὁ
3224 3460 3467 3532 ἔπαρχος
3498 3462 3743 3530 ἀναιρεῖ·

2156 3551 2251 3603 καὶ
2279 3550 2630 3606 ἀποτίθενται
2681 3554 2851 3622 άμφω
2907 3556 2965 3608 αἱ
3019 3554 3259 3624 κεφαλαὶ
3308 3552 3671 3626 Καρθαγένης
3698 3555 3744 3586 ⁶⁶

2154 3642 2389 3709 ἔξωθεν,
2414 3643 2545 3697 ἔνθα
2578 3646 2672 3698 καὶ
2700 3647 2735 3717 ἡ
2777 3647 3190 3700 Κωνσταντίνου
3226 3645 3323 3699 καὶ
3363 3648 3396 3717 ή
3446 3645 3746 3699 Ἰουλιανοῦ

2154 3736 2558 3809 ἀπετμήθησαν
2589 3736 2877 3808 πρότερον,
2900 3738 2934 3808 ἦ
2970 3754 3028 3791 τε
3048 3736 3357 3809 Μαξιμίνου
3390 3738 3484 3790 καὶ
3510 3738 3544 3805 ἡ
3571 3737 3750 3804 Εὐγε-

2155 3829 2294 3891 νίου,
2336 3828 2385 3881 οἳ
2405 3829 2497 3882 ἐπὶ
2522 3828 2806 3883 Θεοδοσίου
2836 3830 2930 3883 τοῦ
2953 3830 3212 3900 Μεγάλου
3240 3829 3525 3901 τυραννίδι
3552 3828 3749 3882 ἐπιθέ-

2161 3938 2313 3992 μενοι
2350 3922 2430 3984 είς
2463 3921 2626 3975 τοῦτο
2645 3921 2835 3984 τέλους
2873 3923 3277 3994 κατέστρεψαν.
3332 3920 3664 3989 ’Δδαοῦλςρος
3691 3921 3749 3974 δὲ

2158 4013 2456 4067 Πλακιδίαν
2502 4015 2765 4087 ἀπῃτεῖτο
2806 4013 2950 4068 κατὰ
3005 4014 3244 4085 σπουδὴν
3300 4014 3536 4084 μάλιστα
3587 4012 3752 4066 κων.

2160 4106 2584 4169 σταντίνου,ὃς⁶¹
2612 4104 2842 4179 ὕστερον
2868 4108 3009 4179 αὐτῇ
3038 4107 3135 4162 καὶ⁵
3158 4109 3241 4172 είς
3261 4108 3473 4178 γάμους
3500 4106 3748 4173 ἔζευξεν·

2156 4197 2298 4249 ἀλλὰ
2317 4197 2427 4250 τῶν
2459 4198 2596 4267 πρὸς
2637 4198 2966 4267 Ἀδαοῦλφον
2988 4193 3343 4271 ὑποσχέσεων
3378 4198 3454 4271 μὴ
3485 4215 3751 4270 περαινο-

2163 4288 2341 4359 μένων
2367 4290 2434 4351 “,
2472 4289 2565 4343 ml
2600 4289 2835 4361 μάλιστα
2879 4292 2982 4363 τῆς
3026 4294 3416 4363 σιτοπομπίας,
3448 4292 3573 4345 οὔτε
3610 4292 3752 4345 ταὺ-

2159 4397 2260 4452 την
2288 4381 2538 4437 ἀπεδίδου
2573 4384 2668 4436 καὶ
2691 4386 2772 4448 εἰς
2803 4384 2987 4456 μάχην
3020 4384 3253 4456 ἐμελέτα
3292 4385 3339 4417 ⁸⁸
3369 4385 3438 4438 τὰ
3458 4383 3559 4455 τῆς
3594 4385 3753 4455 είρή-

2087 4490 2131 4545 υ
2160 4489 2258 4544 νης
2280 4472 2613 4528 διαλύεσθαι.

536 4560 854 4629 Adaulphus
888 4577 1039 4632 ergo,
1072 4579 1193 4617 cum
1228 4563 1463 4620 Placidia
1524 4574 1882 4634 repeteretur,
1944 4563 2043 4619 frui

2246 4565 2370 4619 Ὀτι
2407 4565 2736 4637 ’Δδαοῦλφος
2760 4567 3172 4637 ἀπαιτούμενος
3194 4568 3493 4622 Πλακιδίαν
3518 4569 3738 4625 άνταπ-

469 4662 716 4707 mentum
778 4654 1021 4711 vicissim
1073 4657 1192 4726 ipse
1251 4659 1581 4727 promissum
1646 4656 1832 4727 petiit.
1885 4655 2043 4725 Cujus

2161 4657 2283 4729 ῄτει
2330 4657 2423 4712 τὸν
2484 4658 2777 4732 ὁρισθέντα
2817 4659 2955 4732 [Ηθὸ
3023 4659 3130 4733 IL]
3179 4664 3345 4718 σῖτον.
3405 4663 3653 4729 Ἀπόρων
3709 4663 3756 4716 δ’

468 4745 809 4813 conferendi,
862 4749 964 4804 etsi
1019 4751 1111 4819 qui
1173 4751 1541 4820 promiserant
1598 4749 1812 4818 copiam
1849 4750 2043 4804 nullam

2160 4747 2335 4802 ὖντων
2360 4747 2471 4802 τῶν
2492 4748 2880 4819 ὑποσχομένων
2906 4749 2984 4813 είς
3007 4749 3067 4801 τὸ
3094 4748 3302 4811 δοῦναι,
3330 4750 3482 4802 οὐδὲν
3508 4748 3564 4801 δὲ
3590 4742 3758 4820 ἧττον

472 4837 772 4907 haberent,
846 4842 1018 4896 nihilo
1081 4852 1262 4899 tamen
1334 4843 1514 4900 secius
1568 4844 1955 4910 consentiunt,
2013 4859 2040 4898 s

2163 4842 2595 4912 ὁμολογούντων,
2626 4846 2677 4897 εί
2706 4840 2924 4899 λάϐοιεν
2945 4843 3265 4908 Πλακιδίαν,
3296 4845 3625 4914 παρασχεῖν,
3661 4842 3759 4896 καὶ

472 4927 768 4985 Placidiatn
815 4935 1159 5003 reciperent,
1196 4946 1571 5006 accepturum.
1625 4936 1707 4990 Ad
1751 4952 1873 5005 quae
1900 4936 2043 4990 simil

2162 4937 2191 4989 ὁ
2220 4935 2498 5007 βάρϐαρος
2547 4936 2617 4989 τὰ
2645 4936 2809 5006 ὅμοια
2840 4934 3188 5007 ὑπεκρίνετο,
3222 4936 3317 4988 καὶ
3355 4934 3493 5005 πρὸς
3524 4935 3759 4987 Μασσα-

473 5019 589 5075 fere
614 5030 669 5075 et
701 5021 818 5091 ipse
838 5022 1113 5081 Barbarus
1143 5027 1498 5082 simulatione
1529 5028 1813 5082 utebatur.
1876 5025 2043 5080 Massi

2170 5027 2315 5091 λίαν,
2343 5027 2497 5082 πόλιν
2533 5027 2678 5081 οὑτω
2722 5026 3087 5100 καλουμένην,
3127 5027 3579 5101 παραγενόμενος
3617 5025 3760 5091 δόλῳ

472 5107 599 5166 liam
642 5113 872 5180 interea,
897 5115 978 5170 sic
1000 5116 1199 5172 dictam
1232 5119 1419 5172 urbem
1466 5117 1762 5186 profectus,
1797 5116 1918 5172 dolo
1944 5130 2043 5173 ean

2169 5118 2378 5187 ταύτην
2426 5117 2614 5174 λαϐεῖν
2653 5117 2900 5189 ῆλπιζεν.
2943 5118 3113 5173 Ἔνθα
3142 5118 3372 5188 πληγεὶς
3415 5116 3759 5186 Βονηφατίου

1754 5252 1994 5311 ἾΑΒΙΑΞ
2034 5256 2334 5314 LECTION
2341 5256 2445 5315 ES.

550 5374 1060 5464 "‘Bou-eyuv‘rtdvmv
1093 5393 1156 5442 ς.
1194 5374 1377 5464 ηθξθν]
1402 5374 1496 5464 cii;
1521 5389 1598 5464 rc.
1628 5374 1679 5464 ιλ
1706 5390 1852 5464 zupr.
1872 5375 2212 5464 enim-pm;
2247 5378 2295 5411 ⁵⁸
2318 5376 2395 5464 τῷ
2430 5376 2723 5464 πλήθειᾼς.
2790 5378 2836 5411 ³⁵
2860 5378 3256 5464 στρατιώτης.
3300 5380 3375 5464 β’
3403 5378 3627 5464 ᾊΞάρῳ
3647 5396 3760 5435 om.

516 5462 577 5522 _r._
601 5449 688 5522 Q._
711 5444 1013 5522 “ciant;
1049 5464 1111 5512 ς.
1192 5447 1255 5522 ³⁷.
1277 5444 1488 5522 ἐγένετο
1510 5445 1680 5522 g.__'_"
1724 5444 1887 5522 ίᾴϐιος
1916 5445 1988 5522 A._
2038 5448 2083 5481 "
2105 5444 2432 5522 _os6_a_grivcv
2462 5444 2537 5502 Δί
2617 5449 2663 5481 ⁶⁰
2689 5444 3036 5522 καρταγὲνης
3073 5468 3113 5516 ς-
3140 5444 3406 5506 wSchuttus
3441 5444 3758 5522 Ῥαϐέννης.

509 5518 525 5549 ι
552 5514 636 5589 ὃς]
665 5517 724 5571 δν
751 5520 816 5573 A.
872 5520 917 5551 “
952 5515 1368 5587 περαιουμένων
1397 5516 1466 5570 Α.
1526 5556 1529 5559 -
1574 5515 1619 5548 ⁸³
1645 5516 2008 5587 ὲμελετᾶτοΑ
2040 5536 2053 5572 :
2093 5517 2345 5571 ἀπεδίδου
2386 5536 2447 5584 ς.

1995 5610 2235 5668 NOTAE}.

2245 5707 2359 5776 (35)
2399 5706 2615 5776 Ῥηγῶν
2649 5706 2843 5763 Latina
2877 5723 3009 5763 voce
3042 5710 3199 5766 dixit.

2130 5834 2137 5841 ,
2250 5779 2364 5850 (δι)
2398 5778 2715 5834 liaocunnm
2747 5782 2993 5835 arbitror
3026 5783 3331 5852 legendum.

1231 5376 1277 5408 ⁸²
1294 5372 1377 5446 ὃν]
1402 5372 1496 5437 οὓς
1521 5389 1598 5428 rc.
1628 5374 1670 5446 Α
1706 5392 1722 5429 ι

550 5703 666 5845 fit)
693 5704 776 5758 Al.
811 5704 1034 5759 ,λίσαι-ιω.
1057 5705 1159 5760 inf.
1187 5709 1327 5776 apud
1352 5705 1629 5761 Zosimum
1660 5705 1784 5760 cod.
1810 5705 1928 5763 98..

580 5775 671 5845 ω)
700 5774 809 5831 Pro
836 5776 1060 5839 σάκκοις
1095 5778 1212 5845 lego
1242 5779 1431 5841 uiuat;
1458 5777 1543 5833 vel
1576 5775 1824 5831 σάκεσιν.

580 5775 671 5845 f5!)
700 5774 809 5831 Pro
836 5776 1060 5839 σάκκοις
1095 5774 1431 5848 ιεευήσάκοις
1458 5777 1543 5833 vel
1576 5775 1824 5831 σάκεσιν.
