3942 6234
463 322 573 385 267

1631 318 1896 380 ΡΗΟἸῙῙ
1925 320 2066 380 ΡΑΤ
2077 320 2434 381 ΒΙΛΒΟΗΕ
2471 323 2580 383 GP.

3640 320 3750 386 268

466 443 676 504 partem
703 432 842 505 (ιέ),
879 433 1219 490 multitudine
1252 433 1365 501 jam
1399 437 1558 486 aucta
1593 433 1852 500 civitate;
1883 433 2060 488 aildit—

2169 452 2330 505 μενον
2377 435 2544 506 μέρος
2571 435 2653 507 τῷ
2703 435 2860 507 δήμῳ
2896 437 2976 498 εἰς
3006 433 3210 504 πλῆθος
3253 433 3356 505 ἤδη
3399 433 3500 504 τῆς
3538 433 3752 498 πόλεως

469 542 573 597 que
598 541 704 582 uno
745 527 830 580 die
874 541 1156 581 numerum
1194 525 1382 580 initum
1408 538 1530 578 esse
1571 525 1770 580 civium
1799 535 2063 596 quatuor-

469 617 642 672 decim
677 616 927 670 millium.

541 709 882 779 Adaulphus,
936 720 1063 763 nato
1108 708 1208 762 sibi
1249 723 1279 761 e
1311 707 1554 764 Placidia
1591 708 1723 775 lilio,
1764 709 1850 764 cui
1883 707 2063 766 Theo-

472 802 625 854 dosio
657 817 852 856 nomen
883 803 1054 864 dedit,
1080 802 1380 857 Romanam
1405 803 1640 874 amplius
1667 803 2060 880 rempublicam

471 908 659 948 amare
722 893 1033 948 videbatur.
1065 893 1261 949 Verum
1280 895 1624 961 Constantio,
1657 897 1879 967 ejusque
1908 911 2060 952 assc-

487 983 588 1038 clis
645 984 1098 1056 repugnantibus,
1136 987 1255 1056 ejus
1282 997 1337 1042 et
1365 989 1550 1042 uxoris
1581 987 2062 1063 Placidite,[pacis

477 1074 764 1147 ineundae]
787 1089 1014 1133 conatus
1068 1079 1269 1133 frustra
1304 1079 1540 1134 fuerunt.
1575 1077 1915 1136 Exstinctum
1965 1098 2062 1135 au-

470 1177 580 1221 tem
610 1177 794 1236 postea
824 1167 1084 1224 infantem
1142 1169 1499 1224 vehementer
1553 1180 1788 1240 uterque
1847 1187 2056 1240 parens

471 1257 608 1311 luxit
659 1259 807 1330 60a
837 1269 1203 1330 argenteaque
1227 1275 1389 1330 capsa
1413 1261 1712 1326 conditum,
1751 1261 1902 1331 juxta
1935 1261 2062 1315 Barc

473 1349 725 1404 ciuonem
757 1351 809 1404 in
845 1350 1046 1419 templo
1075 1350 1306 1420 quodam
1343 1351 1694 1419 sepelierunt.
1731 1351 2062 1406 lnterlicitur

474 1442 670 1496 deinde
704 1453 759 1498 et
792 1443 1114 1512 Adaulpbus
1148 1442 1260 1511 ipse
1299 1441 1449 1513 (dum
1481 1456 1650 1511 equos
1681 1446 1811 1497 suos
1857 1442 1910 1496 in
1943 1453 2060 1495 sta-

475 1535 603 1589 bulo
631 1575 646 1602 ,
679 1536 745 1590 de
773 1550 950 1600 more,
1012 1533 1437 1606 contemplatur)
1468 1551 1498 1589 a
1551 1534 1756 1590 Gottho
1821 1535 2056 1606 quodam

479 1627 598 1695 ejus
635 1629 955 1695 domestico,
996 1629 1184 1684 Dobbii
1221 1629 1459 1694 nomine,
1497 1643 1620 1684 cum
1669 1629 1809 1683 hanc
1857 1630 2059 1683 veteris

477 1721 588 1776 odii
653 1721 966 1777 vindicandi
1024 1720 1370 1776 occasionem
1410 1721 1498 1777 ille
1550 1730 1860 1790 captasset;
1891 1719 2056 1789 hujus

2164 527 2542 600 ὲπιδιδούσης·
2599 528 2806 600 ἔγραψε
2837 527 2946 600 γὰρ
2973 528 3016 558 ⁷⁸
3057 527 3152 580 καὶ
3195 529 3253 580 ἐν
3295 527 3396 598 μιᾷ
3440 527 3632 598 ἡμέρᾳ
3662 543 3755 580 τε·

2167 620 2358 690 τέχθαι
2377 621 2423 652 "
2455 620 2689 692 ἀριθμὸν
2719 620 2973 691 χιλιάδων
2999 619 3435 688 δεκατεσσάρων.

2239 711 2366 784 μου
2397 711 2492 784 Η.]
2524 712 2642 766 Ὀτι
2688 710 3012 779 ’Λδαοῦλφος
3048 711 3334 780 τεχθέντος
3373 709 3523 780 αὐτῷ
3553 709 3618 762 ἐκ
3649 711 3755 779 τῆς

2164 804 2458 868 Πλακιδίας
2503 803 2712 869 παιδὸς,
2751 795 2797 870 ᾧ
2836 802 3130 856 ἐπ’ἐθετοτθ
3182 801 3377 869 κλῆσιν
3444 800 3750 866 Θεοδόσιον,

2163 897 2327 950 πλέον
2357 894 2638 964 ἠσπάζετο
2668 894 2768 966 τὴν
2797 895 2936 965 πρὸς
2991 880 3298 963 Ῥωμαίους
3342 892 3553 961 φιλίαν·
3589 894 3752 945 Κων-

2166 986 2414 1040 σταντίον
2435 985 2492 1039 δὲ
2520 987 2614 1038 καὶ
2641 985 2753 1039 τῶν
2779 986 2910 1057 περὶ
2941 985 3318 1037 Κωνστάντιον
3353 974 3754 1056 ἀντιπραττόῖμ

2161 1097 2270 1134 των
2291 1079 2484 1150 ἔμενεν
2500 1079 2782 1148 ἄπρακτος
2805 1081 2837 1149 ἡ
2858 1078 3048 1132 τούτου
3070 1079 3165 1131 καὶ
3180 1079 3226 1109 ’⁸
3259 1077 3550 1138 Πλακιδίας
3575 1079 3750 1149 ὁρμή.

2163 1173 2598 1243 Τελευτήσαντος
2613 1171 2673 1225 δὲ
2690 1170 2786 1224 τοῦ
2814 1171 3000 1235 παιδὸς
3023 1171 3216 1231 πένθος
3235 1171 3376 1241 μέγα
3394 1170 3641 1224 ποιοῦσιν
3660 1173 3750 1224 ἐπ’

2161 1265 2333 1335 αὐτῷ,
2367 1264 2462 1318 καὶ
2491 1265 2789 1320 θάπτουσιν
2815 1265 2874 1317 έν
2901 1263 3133 1335 λάρνακι
3168 1263 3496 1325 καταθέντες
3526 1263 3754 1334 ἀργυρᾷ

2162 1358 2268 1429 πρὸ
2303 1358 2402 1427 τῆς
2431 1356 2816 1429 Βαρκέλλωνος
2858 1355 2914 1408 εν
2941 1373 3049 1408 τινι
3096 1357 3390 1427 εὐκτηρίῳ.
3421 1351 3554 1408 Εἶτα
3597 1359 3753 1408 ἀναι-

2163 1455 2337 1524 ρεῖται
2368 1451 2462 1505 καὶ
2512 1449 2838 1520 Ἀδαούλφος
2857 1491 2872 1516 ,
2903 1450 2981 1510 εἰς
3015 1451 3344 1520 ὲπιτήρησιν
3390 1449 3502 1502 τῶν
3527 1450 3751 1503 οἰκείων

2160 1543 2365 1608 ἵππων,
2409 1542 2484 1606 ὡς
2520 1542 2724 1596 είθιστο
2773 1540 2945 1608 αὐτῷ,
2993 1539 3285 1612 διατρίϐων
3318 1542 3377 1594 ἐν
3405 1539 3484 1612 τῷ
3519 1542 3746 1596 ἱππῶνι.

2171 1637 2413 1706 ’Λναιρεῖ
2453 1635 2510 1688 δὲ
2557 1633 2718 1688 αὐτὸν
2752 1628 2830 1699 εἷς
2849 1635 2916 1667 ⁷⁸⁸
2947 1634 3055 1687 τῶν
3103 1633 3321 1687 οἰκείων
3356 1633 3571 1686 Γότθων
3617 1634 3751 1686 A05-

2160 1725 2338 1790 ϐιος⁷⁶
2383 1724 2646 1796 τοῦνομα,
2700 1724 2902 1796 ἔχθραν
2937 1725 3177 1779 παλαιὰν
3218 1725 3747 1796 καιροφυλακήσας’

474 1812 618 1866 enim
657 1812 807 1883 prior
841 1813 1118 1874 dominus.
1154 1810 1426 1888 Gotthicze
1476 1812 1648 1882 partis
1705 1827 1825 1876 rex,
1881 1811 2058 1866 fuerat

2169 1819 2327 1871 πάλαι
2355 1818 2460 1889 γὰρ
2587 1819 2616 1871 ὁ
2637 1818 2679 1848 ⁷⁷
2711 1791 2904 1870 τούτου
2933 1816 3222 1887 δεσπότης,
3254 1791 3450 1887 μοίρας
3484 1816 3524 1868 Γ
3525 1791 3750 1886 οτθικῆς

475 1903 545 1960 ab
589 1905 872 1975 Adaulpho
903 1920 934 1958 e
994 1903 1176 1960 medio
1221 1903 1485 1959 sublatus.
1521 1903 1734 1960 Exinde
1791 1903 2055 1959 Dobbium

475 2006 755 2066 receptum
807 1997 1122 2066 Adaulphus
1155 1997 1209 2051 itt
1242 2011 1396 2052 suam
1432 1995 1698 2052 familiam
1765 1997 2053 2052 asciverat:

474 2089 565 2157 qui
597 2089 649 2142 iu
682 2089 940 2144 ultionem
978 2089 1182 2158 prioris
1217 2089 1464 2154 domini,
1501 2088 1732 2143 alterum
1781 2088 1944 2153 hunc,
1979 2088 2061 2142 in-

470 2182 613 2249 jecta
696 2197 859 2236 manu
924 2182 1196 2249 violenta,
1260 2181 1502 2236 sustulit.
1560 2179 1796 2236 Moriens
1861 2180 2061 2235 Adaul-

471 2276 616 2344 phus
655 2273 807 2329 fratri
871 2289 970 2330 suo
1017 2274 1289 2343 injunxit,
1359 2273 1604 2330 Placidia
1662 2284 1722 2330 ut
1754 2273 2056 2348 [Honorio]

474 2368 831 2435 redderetur;
863 2377 1048 2436 utque,
1091 2367 1138 2422 si
1176 2382 1284 2438 quo
1311 2369 1470 2422 modo
1515 2378 1758 2438 possent,
1793 2367 2058 2423 Romanae

476 2457 579 2510 sibi
637 2458 817 2525 gentis
897 2459 1248 2514 concordiam
1289 2456 1516 2532 {Gotthi
1560 2460 1578 2532 j
1614 2462 2048 2530 societatemque

474 2550 864 2606 conciliarent.
911 2553 979 2606 At
1007 2552 1097 2620 qui
1130 2554 1400 2608 successit
1444 2553 1565 2609 Sari
1613 2556 1782 2609 frater
1829 2553 2062 2625 Singiri-

477 2644 610 2698 rhus
639 2643 867 2714 (studio
915 2645 1094 2713 potius
1120 2660 1184 2700 ac
1211 2646 1288 2711 vi,
1335 2661 1498 2716 quam
1548 2647 1922 2713 successione,
1958 2655 2058 2700 aut

473 2731 593 2799 lege
651 2735 1193 2806 creatus)Adaulphi
1265 2751 1295 2791 e
1329 2737 1514 2806 priore
1573 2737 1806 2808 conjuge
1859 2738 2060 2793 liberos

477 2825 528 2876 vi
575 2839 606 2878 e
665 2825 784 2878 sinu
867 2823 1103 2896 Sigesari
1163 2828 1405 2898 episcopi
1468 2830 1748 2900 abreptos,
1805 2831 2058 2897 occidit;

441 2916 639 2983 atque
697 2917 870 2984 ipsam
952 2914 1251 2972 Placidiam
1339 2921 1606 2988 reginam,
1683 2922 1733 2975 itt
1791 2919 2060 2991 Atlaulphi

477 3007 684 3062 scilicet
737 3008 1143 3073 contumeliam,
1204 3011 1428 3078 pedibus
1481 3023 1610 3067 ante
1669 3028 1869 3083 equum
1949 3030 2056 3070 una

2163 1910 2294 1981 ρὴξ,
2331 1909 2436 1962 ὐπὸ
2502 1909 2834 1978 ’Λδαούλφου
2880 1911 3259 1981 ἀνῃρημένος,
3310 1907 3371 1973 ἐξ
3419 1902 3480 1962 οὐ
3515 1908 3610 1961 καὶ
3655 1907 3748 1960 τὸν

2161 2000 2382 2054 Δούϐιον
2426 1999 2612 2054 λαϐὼν
2680 1999 3004 2069 Ἀδαοῦλφος
3059 1999 3403 2071 ᾠκειώσατο⁸
3466 2001 3496 2053 ὁ
3547 1998 3608 2051 δὲ
3668 1997 3749 2070 τῷ

2161 2095 2363 2166 πρώτῳ
2405 2095 2642 2168 δεσπότῃ
2668 2093 2892 2165 ἀμύνων
2918 2094 3010 2148 τὸν
3046 2093 3300 2165 δεύτερον
3334 2092 3660 2165 διεχρήσατο
3675 2093 3746 2146 ⁷⁸.

2161 2188 2440 2241 Τελευτῶν
2469 2189 2526 2242 δὲ
2569 2188 2890 2257 ’Δδαοῦλφος
2920 2185 3255 2258 προσέταττε
3287 2186 3366 2256 τῷ
3392 2186 3508 2257 ἰδίῳ
3534 2184 3749 2256 ἀδελφῷ

2161 2275 2454 2330 ἀποδοῦναι
2495 2279 2593 2349 τὴν
2632 2276 2948 2342 Πλακιδίαν,
3008 2277 3134 2341 καὶ,
3172 2277 3226 2330 εί
3247 2294 3299 2330 τι
3330 2276 3603 2340 δύναιντο,
3651 2275 3750 2346 τὴν

2176 2367 2464 2438 Ῥωμαίων
2509 2369 2693 2438 φιλίαν
2735 2371 2948 2434 ἑαυτοῖς
2978 2368 3456 2440 περιποιήσασθαι.
3492 2369 3751 2439 Διάδοχος

2160 2459 2218 2511 δὲ
2260 2461 2288 2512 6
2318 2458 2412 2512 τοῦ
2458 2460 2634 2529 Σάρου
2670 2459 2899 2530 ἀδελφὸς
2933 2461 3277 2531 Σιγγέριχος,
3309 2459 3515 2531 σπουδῇ
3547 2460 3752 2531 μᾶλλον

2163 2553 2256 2604 καὶ
2281 2551 2574 2623 δυναστείᾳ
2609 2553 2642 2622 ἢ
2673 2551 2968 2624 ἀκολουθίᾳ
2995 2551 3089 2606 καὶ
3127 2553 3299 2623 νόμῳ,
3328 2551 3569 2621 γίνεται·
3600 2552 3658 2615 ὃς
3683 2553 3753 2608 τά

2161 2660 2219 2696 τε
2251 2643 2475 2709 παιδία,
2511 2643 2546 2697 δι
2580 2647 2644 2696 ὲκ
2683 2643 2782 2714 τῆς
2830 2645 3102 2716 προτέρας
3151 2644 3411 2712 γυναικὸς
3451 2645 3751 2714 ἐτύγχανεν

2175 2736 2485 2807 Ἀδαούλφῳ
2507 2739 2903 2808 γεγεννημένα,
2931 2738 3131 2802 ἀνεῖλε,
3161 2737 3253 2809 βίᾳ
3278 2737 3388 2791 τῶν
3410 2737 3505 2791 τοῦ
3528 2738 3754 2792 ἐπισκό-

2163 2845 2264 2879 που
2294 2828 2600 2898 Σιγησάρου
2629 2829 2843 2882 κόλπων
2867 2829 3219 2894 ἀποσπάσας,
3251 2830 3347 2882 καὶ
3374 2830 3472 2898 τὴν
3506 2828 3753 2900 βασιλίδα

2163 2919 2459 2972 Πλακιδίαν
2503 2920 2582 2982 είς
2634 2919 2791 2992 ὐϐριν
2849 2920 3180 2990 Ἀδαούλφου
3217 2923 3281 2975 ἐκ
3314 2921 3474 2985 ποδὸς
3505 2923 3754 2994 προηγή-

2165 3012 2360 3067 σασθαι
2389 3011 2483 3066 τοῦ
2527 3013 2695 3066 ἵππου
2744 3011 2863 3084 ἅμα
2910 3014 3116 3068 λοιπῶν
3166 3015 3211 3047 τ’
3248 3014 3619 3086 αἰχμαλώτων
3660 3017 3753 3068 έπ-

479 3114 600 3154 cum
647 3099 866 3154 creteris
910 3101 1142 3170 captivis
1195 3102 1475 3159 ambulare
1509 3105 1710 3174 coegit,
1741 3107 1904 3176 idque
1945 3119 2060 3162 tcto

2169 3103 2326 3170 έταξε
2344 3122 2358 3136 ο
2388 3105 2484 3157 καὶ
2510 3104 2572 3157 τὸ
2602 3105 2880 3176 διάστημα
2908 3101 2975 3176 ἦν
2992 3106 3038 3138 ⁸ο
3067 3107 3167 3177 τῆς
3192 3110 3529 3179 προπομπῆς
3562 3109 3631 3161 ἐκ
3661 3107 3756 3178 τῆς

479 3189 572 3243 illo
596 3189 769 3258 Spatio
821 3190 964 3258 quod
1005 3200 1087 3244 est
1141 3191 1210 3246 ab
1262 3193 1397 3248 urbe
1444 3195 1510 3248 ad
1558 3195 1934 3250 duodecimum
1973 3214 2059 3252 us-

478 3294 584 3346 que
629 3279 899 3348 lapidem.
967 3279 1184 3350 Septem
1231 3281 1320 3338 ille
1367 3284 1481 3340 dies
1519 3301 1642 3341 cum
1705 3287 2057 3357 imperasset,

480 3370 836 3438 interemptus
861 3377 963 3435 est,
996 3380 1050 3425 et
1099 3369 1428 3428 Gotthorutn
1477 3375 1584 3430 dux
1619 3373 2062 3449 Valias(M)con-

480 3460 753 3514 stituitur.

550 3549 737 3605 Refert
769 3551 857 3605 hic
919 3554 1154 3622 scriptor
1210 3556 1429 3613 audisse
1476 3573 1536 3615 se
1565 3573 1598 3614 e
1632 3559 1846 3615 Valerio
1875 3562 2066 3616 claris.

481 3647 618 3700 simo
665 3645 804 3709 viro,
837 3646 906 3701 de
930 3649 1205 3716 argenteis
1268 3653 1467 3706 statuis
1511 3655 1578 3706 ad
1641 3655 1913 3710 Barbaros
1975 3673 2064 3711 ar-

483 3738 686 3791 cendos
735 3737 1080 3806 inauguratis
1103 3741 1257 3812 (45).
1303 3742 1436 3797 Nam
1467 3742 1799 3810 Constantii,
1865 3749 2063 3816 inquit,

485 3830 828 3898 imperatoris
885 3835 1244 3901 temporibus,
1283 3835 1540 3905 praefecto
1591 3838 1644 3892 in
1677 3838 1910 3894 Thracia
1959 3841 2065 3895 Va-

485 3921 638 3986 lerio,
684 3921 942 3978 iudiciqu
989 3925 1190 3980 factum
1231 3929 1466 3983 thesauri
1497 3934 1844 4002 reperiundi.
1905 3935 2066 3991 Vale-

488 4013 600 4067 rius
629 4027 761 4070 vero
810 4015 878 4070 ad
908 4018 1084 4072 locum
1143 4021 1433 4090 accedens,
1485 4039 1698 4079 sacrum
1750 4026 1898 4082 illum
1943 4045 2068 4086 esse

488 4103 748 4174 religione
777 4122 844 4162 ex
874 4108 1068 4165 incolis
1091 4114 1364 4182 cognovit,
1397 4123 1454 4169 et
1478 4117 1701 4186 antiquo
1725 4119 1832 4172 ritu
1859 4130 2068 4177 statuas

486 4196 686 4252 ibidetu
732 4211 1108 4260 consecratas.
1166 4205 1368 4261 Retulit
1417 4207 1532 4262 haec
1560 4210 1626 4263 ad
1657 4209 2065 4281 imperatorem,

486 4290 920 4363 rescriptumquc
951 4297 1181 4366 accepit,
1231 4313 1339 4367 quo
1377 4298 1672 4369 jubebatur
1709 4303 1942 4358 indicata
1979 4305 2066 4358 illa

483 4379 622 4436 bona
680 4381 888 4440 tollere.
941 4385 1108 4454 lgitur
1153 4389 1352 4446 t-ﬂ'osso
1403 4392 1543 4459 loco,
1613 4403 1722 4449 tres
1764 4396 1950 4450 solida:
2000 4411 2068 4452 ex

2167 3199 2376 3261 πόλεως
2406 3199 2567 3269 μέχρι
2595 3199 2903 3254 δωδεκάτου
2937 3199 3188 3270 σημείου.
3231 3199 3407 3253 Ἐπτά
3443 3201 3504 3254 δὲ
3533 3201 3756 3272 ἡμέρας

2168 3289 2341 3360 ἄρξας
2382 3293 2712 3361 ἀναιρεῖται,
2745 3291 2976 3362 ἡγεμὼν
3017 3292 3075 3344 δὲ
3115 3292 3224 3345 τῶν
3257 3293 3470 3346 Γότθων
3517 3293 3756 3358 Οὐαλίας

2167 3379 2513 3434 καθίσταται.

2238 3557 2363 3610 Ὅτι
2393 3559 2421 3610 ὀ
2455 3559 2725 3629 ἱστορικός
2767 3575 2900 3630 φησι
2933 3558 3088 3630 παρά
3116 3557 3441 3628 Οὐαλερίου,
3467 3558 3618 3621 τινὸς
3653 3557 3761 3610 τῶν

2167 3649 2455 3722 ἐπισήμων
2491 3650 2724 3705 ἀκοῦσαι
2772 3652 2903 3723 περὶ
2945 3651 3281 3722 ἀνδριάντων
3314 3649 3578 3722 ἀργυρῶν
3610 3667 3763 3704 τετε-

2166 3743 2446 3814 λεσμένων
2460 3743 2502 3775 ⁸¹
2527 3744 2608 3807 είς
2637 3744 2929 3817 βαρϐάρων
2954 3743 3324 3798 ἀποκώλυσ;ν.
3373 3744 3461 3798 Ἐν
3496 3744 3610 3815 γάρ
3643 3747 3763 3806 ταῖς

2167 3837 2427 3907 ἡμέραις,
2470 3839 2625 3906 φησὶ,
2675 3836 3060 3890 Κωνσταντίου
3104 3835 3199 3890 τοῦ
3259 3835 3529 3907 βασιλέως
3583 3838 3645 3888 ὲν
3693 3838 3760 3906 τῇ

2168 3930 2357 4002 Θρᾴκῃ
2389 3930 2690 4001 Οὐαλερίου
2728 3931 2986 4002 ἄρχοντος
3044 3931 3277 4002 μήνυσις
3304 3931 3529 4000 γέγονεν
3557 3929 3637 3994 ὡς
3664 3931 3760 4000 θη-

2171 4023 2373 4093 σαυρὸς
2397 4023 2674 4093 εὑρεθείη.
2703 4023 3000 4094 Οὐαλέριος
3022 4023 3079 4076 δὲ
3101 4027 3258 4095 παρά
3283 4023 3374 4076 τὸν
3398 4022 3564 4075 τόπον
3589 4039 3764 4093 παρα·

2170 4119 2464 4188 γενόμενος
2514 4116 2778 4187 μανθάνει
2825 4115 3037 4188 παρά⁶⁸
3085 4115 3194 4168 τῶν
3247 4115 3560 4186 ἐπιχωρίων
3618 4114 3765 4184 ίερδν

2170 4206 2310 4262 εἶναι
2334 4209 2427 4263 τὸν
2452 4209 2616 4263 τόπον
2641 4210 2707 4274 ⁸³,
2743 4210 2838 4262 καὶ
2867 4208 2928 4274 ἐξ
2963 4207 3198 4280 ἀρχαίας
3227 4206 3455 4274 τελετῆς
3500 4205 3760 4277 ἀνδριάν-

2170 4319 2266 4365 τας
2298 4303 2356 4355 ὲν
2403 4301 2551 4372 αὐτῷ
2595 4301 2959 4373 ἀφιερῶσθαι.
2996 4299 3129 4356 Εἶτα
3167 4299 3433 4371 ἀναφέρει
3477 4299 3656 4352 ταῦτα
3683 4299 3765 4372 τῷ

2175 4391 2405 4462 βασιλεῖ,
2438 4394 2531 4447 καὶ
2553 4391 2768 4463 δέχεται
2796 4393 3035 4462 γράμμα
3055 4391 3355 4462 ὲπιτρέπον
3376 4388 3527 4460 αὐτῷ
3558 4390 3768 4444 ἀναλα-

490 4484 716 4545 argento
747 4477 1025 4534 fabricata:
1047 4494 1274 4552 repertae
1301 4495 1429 4540 sunt
1452 4497 1662 4552 statua',
1681 4488 1860 4557 specie
1875 4489 2060 4544 barba-

2178 4483 2294 4536 δεῖν
2321 4483 2393 4537 τὰ
2420 4485 2751 4555 μηνυθέντα.
2800 4484 3218 4555 ’Δνορυχθέντος
3244 4483 3422 4536 τοίνυν
3462 4481 3562 4546 τοῦ¹
3591 4483 3765 4536 τόπου

487 4567 597 4621 rica
631 4567 771 4631 sitm,
801 4579 855 4624 et
875 4582 1105 4642 utroque
1129 4576 1351 4632 brachio
1394 4589 1607 4645 ansato,
1632 4588 1780 4635 veste
1806 4591 2060 4650 praeterea

2172 4575 2522 4644 εὑρίσκονται
2568 4578 2719 4647 τρεῖς
2759 4575 3077 4646 ἀνδριάντες
3123 4574 3192 4627 δι’
3239 4573 3364 4627 ὅλου
3415 4573 3476 4638 ἐξ
3515 4573 3767 4644 ἀργύρου

486 4655 764 4725 variegata
821 4658 1109 4717 barbarico
1148 4665 1255 4718 ritu
1297 4665 1520 4734 indutae,
1555 4677 1611 4722 et
1638 4682 1850 4723 comam
1886 4671 2060 4739 capite

2173 4669 2558 4738 πεποιημένοι,
2603 4669 2664 4721 ὲν
2695 4667 2742 4700 ⁸⁸
2774 4669 3014 4741 σχήματι
3061 4665 3451 4738 βαρϐαρικῷ⁸⁸
3500 4667 3769 4719 κατακεί-

485 4753 758 4812 gestantes
801 4755 965 4819 atque
995 4752 1046 4806 iu
1082 4757 1533 4823 septentrionem,
1563 4773 1682 4827 qua:
1709 4758 2060 4816 barbarorum

2177 4777 2327 4828 μενοι
2357 4761 2453 4814 καὶ
2482 4759 2949 4831 ὲξηγκωνισμένοι
2974 4761 3094 4815 κατ’
3144 4759 3352 4829 ἀμφοῖν
3385 4759 3507 4810 ταῖν
3553 4759 3766 4827 χεροῖν,

486 4837 635 4906 regio
655 4848 759 4906 est,
794 4842 1053 4898 obversae.
1083 4847 1214 4912 Quae
1238 4847 1400 4904 simul
1429 4859 1590 4919 atque
1615 4859 1808 4906 statuat
1834 4853 2060 4909 sublatae

2176 4855 2303 4928 [189
2336 4853 2442 4927 8.]
2492 4853 2831 4924 ἐνδεδυμένοι
2882 4853 2940 4906 δὲ
2992 4850 3268 4924 βάρϐαρον
3329 4848 3771 4920 πεποικιλμένην

1805 4985 2038 5044 νΑιιιΑς
2071 4990 2369 5048 LECTION
2378 4989 2482 5045 ES.

593 5101 640 5134 ⁷³
669 5099 872 5185 γὰρωρ
917 5121 930 5156 :
986 5103 1044 5156 δὲ
1099 5121 1182 5185 ς..
1259 5105 1308 5185 ξ’
1337 5105 1601 5185 τετάχθαι
1631 5126 1694 5185 ςᾼ.
1735 5180 1751 5185 Α
1809 5111 1855 5142 ⁷⁸
1914 5112 2153 5185 ἐπέθηκε
2205 5133 2268 5180 ς·

486 5170 605 5254 ξιιος
637 5170 960 5254 -ὲιΔόϐϐιον
982 5241 1000 5254 ἱ
1020 5191 1104 5254 ς..
1129 5243 1140 5254 _
1163 5174 1182 5205 ⁷
1216 5177 1282 5254 ’,ὁ
1329 5191 1439 5231 om.
1475 5170 1562 5233 Ἄ.
1599 5170 1688 5254 ’δέ
1715 5170 2090 5254 ,διεχειρίσατο
2145 5203 2206 5251 ς.

487 5244 533 5275 ⁸¹
576 5241 1000 5318 τετελεσμένων]
1057 5243 1164 5318 viil.
1216 5244 1434 5304 Kuster.
1469 5253 1534 5303 ad
1596 5249 1752 5305 Suid.
1808 5241 1858 5306 i‘.
1901 5241 2152 5318 Μάλεας.

485 5329 597 5368 om.
625 5315 692 5368 A.
747 5314 792 5346 ⁸³
817 5312 1150 5384 βαρϐαρικοῦ
1191 5332 1252 5380 ς’.

2343 5115 2390 5146 ⁷⁸
2419 5113 2643 5184 καὶτῆς
2692 5113 2809 5184 Πλ.
2850 5129 2912 5184 ς.
3014 5112 3082 5144 ’⁵⁸
3109 5113 3186 5176 εἰς
3227 5127 3355 5184 omz
3399 5113 3513 5184 με,
3547 5112 3771 5184 71AM-

2312 5186 2359 5217 ”
2383 5176 2997 5254 λοιποῖςἀἰχμαλὼτοις
3036 5200 3105 5248 ς.
3222 5181 3268 5214 ⁸⁸
3326 5176 3420 5307 lxv]
3469 5181 3529 5235 δὲ
3574 5179 3647 5254 ἦν
3703 5200 3770 5248 ς.

2341 5255 2493 5307 παρὰ
2520 5255 2565 5307 Α
2600 5273 2614 5307 :
2646 5256 2774 5307 περὶ
2797 5271 2861 5307 ς.
2941 5253 2990 5286 ⁸³
3011 5255 3106 5306 τὸν
3132 5252 3296 5306 τόπον
3323 5269 3352 5306 ε
3379 5269 3551 5307 ναις.
3629 5253 3678 5285 ⁸⁸
3712 5257 3770 5306 ἐν

2262 5257 2309 5288 ⁸³
2341 5255 2493 5326 παρά
2520 5255 2565 5309 Α
2600 5273 2614 5309 :
2646 5252 2774 5326 περὶ
2797 5271 2861 5320 ς.
2941 5253 2990 5286 ⁸³
3011 5255 3106 5306 τὸν
3132 5252 3296 5306 τόπον
3323 5252 3467 5307 εἰναι
3488 5269 3551 5319 ς.
3601 5252 3678 5285 Ίδ
3712 5257 3772 5306 ἐν

1976 5413 2209 5471 ΝΟΤᾸΕ.

561 5565 676 5638 (42)
707 5566 946 5641 Subautli
983 5565 1486 5641 frturtemihpnbtici,
1547 5569 1692 5638 quod
1728 5569 1930 5641 vlritim
1965 5587 2070 5641 pu-

491 5636 633 5714 blice
668 5644 869 5714 popqu
897 5637 1054 5714 Itoni.
1087 5636 1546 5706 distribuebatur,
1566 5636 1636 5693 tle
1667 5653 1774 5709 quo
1807 5636 1981 5695 multa
2015 5643 2067 5696 in
2251 5642 2364 5714 (Η)
2399 5636 2605 5714 §igonf
2622 5654 2677 5698 et
2706 5644 2796 5700 alii
2831 5643 3008 5699 Vallia
3037 5636 3342 5702 ediderunt.

489 5707 673 5788 itnpp.‘
702 5708 1005 5788 rescriptis.
1143 5774 1158 5788 ‘
1245 5776 1270 5788 ~
1349 5777 1385 5788 _
1685 5707 1698 5709 “
1907 5781 1923 5788 μ
1999 5782 2032 5788 __
2250 5707 2791 5788 (‘5)Co'inmendare
2835 5727 3067 5772 conatur
3115 5719 3277 5774 homo
3309 5717 3564 5774 ethnicus
3608 5734 3769 5773 suam

561 5774 679 5847 (£5)
704 5774 891 5832 Graccé
925 5787 1008 5832 est
1061 5774 1170 5848 πρὸ
1212 5776 1311 5850 τῆς
1345 5777 1769 5852 Βαρκέλλωνος,
1812 5792 1871 5842 ιιι
1907 5781 2068 5841 hodie
2177 5774 2648 5856 superstitionem.

2179 5572 2379 5644 dicitur
2406 5589 2429 5644 Ξ
2455 5573 2754 5644 antiquitus
2781 5590 2913 5644 vero
2933 5574 3186 5640 Barcino,
3223 5575 3397 5630 Plinio
3419 5585 3476 5630 et
3511 5573 3769 5635 Paulino.
