3942 6234
178 333 286 400 269
1285 330 1816 392 BIBLIOTHECA.
1856 353 1925 365 -
1963 320 2131 390 COD.
2173 325 2405 388 LXXX.
3355 321 3466 386 270

185 453 423 525 ἐσθῆτα,
452 449 554 505 καὶ
579 447 868 521 κομῶντες
893 449 994 514 τὰς
1026 447 1298 520 κεφαλὰς,
1324 447 1572 510 νεύοντες
1601 447 1694 498 ἐπὶ
1725 446 1786 497 τδ

1913 454 2021 497 ιιιιιι
2068 455 2272 518 paucos
2307 449 2430 511 post
2462 439 2600 505 dies,
2659 437 2986 492 Gotthornm
3049 435 3284 506 primum
3341 450 3478 504 gens

188 547 435 622 ἀρκτῷον
470 545 661 616 μέρος,
707 543 962 597 τουτέστι
999 544 1143 597 κατὰ
1169 543 1263 596 τοῦ
1311 540 1648 613 βαρϐαρικοῦ
1674 537 1784 611 χὼ-

1913 535 2199 589 iniversam
2228 533 2462 586 incurrit
2483 529 2799 593 Thraciam;
2828 527 3136 597 futuraeque
3178 537 3300 596 post
3330 527 3476 598 θοι

191 619 308 714 pou.
369 631 472 692 Ὧν
510 637 852 706 ἀνδριάντων
900 623 1318 705 ἀναληφθὲν-των
1373 634 1632 705 πάραυτα
1691 632 1786 685 καὶΙ

1913 629 2062 683 paulo
2102 636 2262 682 erant
2286 624 2608 680 Hunnorum
2638 638 2702 678 ac
2730 622 3102 677 Sarmatarum
3142 619 3480 674 incursiones

193 711 312 799 μετ’
355 728 546 795 ὀλίγας
571 727 784 798 ἡμέρας
807 725 1022 797 πρῶτον
1048 724 1150 795 μὲν
1173 724 1233 776 τὸ
1253 723 1300 755 ⁸⁸
1327 723 1539 778 Γότθων
1565 723 1715 787 ἔθνος
1738 721 1786 754 ⁸⁷

1913 739 1944 777 n
2004 721 2302 794 Illyricum,
2352 727 2408 772 et
2458 719 2629 788 ipsam
2656 715 2950 771 Thraciam
2993 730 3016 770 :
3054 713 3131 770 uti
3185 711 3477 769 Thraciam

189 825 379 875 πᾶσαν
406 820 684 891 ἐπιτρέχει
707 817 808 890 τὴν
832 818 1074 888 Θρᾴκην,
1103 815 1297 884 ἔμελλε
1317 815 1376 870 δὲ
1410 815 1605 886 μικρὸν
1629 811 1786 868 ’ὑστε-

1913 817 2049 871 inter
2078 825 2136 871 et
2164 814 2440 886 Illyricum
2472 813 2576 867 sita
2607 820 2736 865 sunt
2770 811 2884 864 haec
2906 808 3334 864 consecrationis
3360 803 3478 860 loca

193 931 288 984 ρον
317 914 413 966 καὶ
441 914 501 965 τὸ
523 914 631 966 τῶν
665 910 884 964 Obvva
911 908 1006 961 καὶ
1031 908 1090 962 τὸ
1123 905 1233 960 τῶν
1266 908 1574 978 Σαρματῶν
1609 925 1782 961 κατα-

1913 918 1948 965 :t
2005 911 2166 962 trium
2235 917 2543 964 statuarum
2609 919 2894 970 numerus,
2964 905 3226 960 adversus
3288 917 3480 958 omnes

190 1004 524 1075 δραμεῖσθαι
552 1003 615 1057 τό
643 1021 702 1057 τε
743 1001 1035 1072 Ἰλλυρικὸν
1071 994 1169 1053 καὶ
1202 997 1374 1070 αὐτὴν
1403 999 1500 1072 τὴν
1529 997 1774 1072 Θρᾴκην·

1913 1011 2073 1067 {entes
2106 999 2369 1054 barbaras
2422 1001 2773 1064 inauguratus
2817 998 3121 1055 videbatur.

192 1104 254 1156 ἐν
291 1101 448 1168 μέσῳ
491 1100 600 1170 γὰρ
628 1099 801 1168 αὐτῆς
847 1115 908 1151 τε
959 1096 1183 1169 Θρᾴκης
1207 1097 1301 1151 καὶ
1339 1095 1432 1150 τοῦ
1487 1095 1784 1168 Ἰλλυρικοῦ
1824 1098 2114 1151 κατέκειτο
2141 1097 2211 1150 τά
2247 1095 2349 1166 τῆς
2373 1093 2627 1164 τελετῆς,
2655 1094 2748 1146 καὶ
2773 1090 2938 1163 ἐῴκει
2989 1091 3100 1145 τῶν
3161 1090 3331 1163 τριῶν
3389 1092 3481 1145 ἀν·

191 1193 468 1265 δριάντων
501 1196 529 1245 ὁ
574 1190 812 1262 ἀριθμὸς
867 1190 1010 1244 κατά
1050 1191 1252 1254 παντὸς
1298 1190 1490 1254 ἔθνους
1505 1191 1552 1222 ³⁸
1585 1190 1902 1246 τετελέσθαι
1927 1190 1971 1224 ⁸³
2004 1191 2307 1264 βαρϐάρου.

269 1287 403 1360 [HO
444 1287 553 1358 IL]
589 1289 710 1340 Ὅτι
754 1288 784 1340 ὁ
820 1286 1091 1358 ἱστορικὸς
1142 1291 1272 1358 περὶ
1297 1287 1394 1340 τοῦ
1432 1288 1637 1341 οἰκείου
1669 1288 1791 1342 δια-

193 1379 499 1448 λαμϐάνων
550 1377 778 1431 διάπλου
829 1377 1000 1431 πολλὰ
1050 1375 1246 1430 παθεῖν
1309 1377 1408 1430 καὶ
1457 1377 1792 1448 δυστυχῆσαί

1967 1287 2046 1343 De
2079 1304 2176 1343 sua
2206 1287 2447 1357 scriptor
2481 1284 2572 1340 hic
2603 1283 2952 1355 navigatione
2995 1282 3165 1338 refert
3215 1281 3385 1336 multa
3424 1295 3485 1336 se

1898 1381 2126 1436 adversa
2152 1380 2468 1450 pertulisse.
2509 1377 2754 1432 Athenas
2803 1392 3020 1447 quoque
3059 1376 3334 1446 appulisse
3362 1383 3482 1429 trao

197 1489 364 1544 φησι.
395 1473 560 1539 Λέγει
587 1471 646 1523 δέ
675 1470 772 1524 καὶ
801 1472 882 1534 είς
907 1470 1006 1534 τάς
1048 1470 1282 1540 Ἀθήνας
1309 1472 1570 1542 κατᾶραι,
1602 1474 1698 1526 καὶ
1725 1474 1791 1543 τῇ

1913 1475 2000 1537 lit,
2031 1487 2240 1542 suoque
2267 1472 2447 1526 studio
2484 1479 2542 1526 et
2570 1484 2700 1525 cura
2726 1471 2791 1522 ad
2820 1469 3174 1537 sophisticam
3201 1469 3363 1522 etiam
3397 1481 3483 1522 sec

197 1563 374 1616 αὑτοῦ
411 1563 618 1633 σπουδῇ
664 1564 760 1616 καὶ
791 1561 1084 1633 ἐπιμελείᾳ
1123 1564 1204 1626 εἰς
1237 1563 1285 1595 ⁹⁰
1337 1563 1426 1616 τὸν
1482 1563 1794 1631 σοφιστικὸν

198 1657 400 1724 θρόνον
424 1655 726 1726 ἀναχθῆναι
760 1655 1012 1709 Λεόντιον
1051 1655 1204 1710 οὔπω
1235 1656 1508 1710 ἐθέλοντα.
1538 1655 1700 1724 Λέγει
1739 1657 1796 1710 δὲ

195 1749 302 1802 καὶ
343 1748 592 1820 περὶτοῦ
625 1748 922 1818 τρίϐωνος,
956 1749 1032 1814 ὼς
1060 1751 1162 1803 οὐκ
1183 1750 1310 1820 ἐξῆν
1339 1749 1481 1804 κατά
1504 1750 1604 1814 τὰς
1637 1750 1795 1820 Ἀθή-

1899 1567 2022 1621 dem
2055 1575 2304 1621 evectum
2330 1563 2645 1630 Leontium,
2675 1562 2892 1617 tametsi
2930 1561 2980 1615 id
3015 1561 3104 1616 ille
3136 1575 3481 1629 nequaquam

1898 1659 2084 1714 vellet.
2145 1658 2252 1714 Sed
2286 1667 2342 1712 et
2393 1656 2461 1712 de
2503 1657 2666 1726 pallio
2703 1655 2999 1726 sophistico
3049 1653 3162 1725 (46)
3208 1653 3486 1708 memoriae

1902 1751 2168 1823 prodidit,
2210 1751 2411 1806 nemini
2459 1750 2784 1820 (praesertim
2827 1764 2957 1803 vero
3003 1759 3193 1802 extero
3231 1743 3486 1813 homini),

195 1857 303 1903 νας
348 1839 751 1911 περιϐαλέσθαι
780 1839 943 1893 αὐτόν
976 1857 1121 1906 τινα,
1156 1843 1250 1894 καὶ
1280 1841 1518 1911 μάλιστα
1550 1839 1718 1905 ξένον,
1750 1830 1796 1908 ᾧ

1913 1846 2130 1902 Athenis
2173 1845 2223 1898 id
2255 1854 2472 1913 gestare
2516 1843 2770 1904 licuisse;
2819 1842 2920 1895 nisi
2959 1841 3328 1909 suphistarum
3370 1836 3488 1894 sul-

198 1932 282 2003 μὴ
301 1933 346 1964 ⁹¹
379 1932 492 1984 τῶν
522 1930 794 2005 σοφιστῶν
835 1933 868 2004 ἡ
915 1929 1110 2002 γνώμη
1137 1933 1408 2002 ἐπέτρεπε
1441 1934 1535 1986 και)¹
1563 1934 1621 1986 αἱ
1653 1934 1796 1988 κατά

194 2025 329 2086 τοὺς
353 2024 708 2092 σοφιστικοὺς
723 2023 922 2092 νόμους
943 2012 1159 2078 τελεταὶ
1177 2024 1460 2079 ἐϐεϐαίουν
1477 2025 1538 2076 τὸ
1553 2024 1792 2095 ἀξίωμα.

191 2109 310 2168 Ἦν
342 2115 404 2167 δὲ
443 2116 492 2146 θ’
522 2115 593 2168 τὰ
625 2114 929 2182 τελούμενα
957 2114 1212 2168 τοιαῦταο
1257 2115 1484 2186 Πρῶτον
1519 2116 1618 2186 μὲν
1663 2133 1795 2169 κατ·

192 2208 404 2278 ⁴ἡγοντο
421 2207 518 2260 ἐπὶ
535 2207 595 2260 τὸ
613 2207 877 2277 δημόσιον
896 2206 1182 2277 βαλανεῖον
1200 2211 1315 2262 ὅσοι
1340 2209 1614 2280 νεήλυδες,
1645 2209 1711 2264 ἄν
1735 2224 1797 2262 τε

197 2298 396 2368 μικροὶ
427 2299 496 2351 ἄν
526 2314 586 2350 τε
625 2298 873 2367 μεγάλοι.
936 2298 1026 2364 Ἐξ
1057 2291 1132 2352 ὧν
1167 2298 1265 2352 καὶ
1295 2301 1342 2352 οἱ
1389 2299 1526 2368 πρὸς
1559 2299 1651 2354 τὸν
1677 2299 1797 2371 τρί-

194 2392 352 2444 ϐωνα
386 2389 723 2461 ἐπιτήδειοι,
758 2390 973 2460 ἡλικίας
1011 2391 1112 2461 ἤδη
1147 2390 1340 2464 καιροῦ
1383 2391 1671 2459 γεγονότες
1705 2389 1800 2455 οὓς

194 2486 281 2546 εἰς
313 2483 491 2554 μέσον
535 2482 761 2536 ἔϐαλλον
789 2484 838 2535 oi
876 2483 1212 2552 κατάγοντες
1262 2483 1630 2553 σχολαστικοί.
1665 2478 1800 2537 Εἶτα

191 2574 310 2627 τῶν
345 2574 452 2645 μὲν
488 2574 800 2646 ἔμπροσθεν
841 2575 1144 2646 τρεχόντων
1181 2576 1276 2628 καὶ
1313 2575 1657 2638 κωλυόντων,
1689 2575 1800 2628 τῶν

190 2668 258 2720 δὲ
315 2667 614 2722 ὠθούντων
657 2669 754 2722 καὶ⁸
797 2669 1125 2739 ἐπεχόντων,
1167 2669 1387 2723 πάντων
1439 2670 1497 2722 δὲ
1532 2669 1643 2722 τῶν
1692 2687 1800 2723 κω-

192 2758 444 2812 λυόντων
504 2760 681 2816 ταῦτα
737 2763 986 2832 βοώντων
1027 2783 1045 2816 ι
1080 2765 1220 2828 Στᾶ,
1256 2767 1396 2830 στᾶ,
1445 2766 1506 2819 οὺ
1538 2765 1720 2832 λούει,
1775 2784 1794 2817 ι

194 2855 588 2921 κατακρατεῖν
632 2853 796 2924 δῆθεν
872 2857 969 2910 τοῦ
1019 2857 1231 2926 ἀγῶνος
1286 2859 1504 2912 ἐδόκουν
1557 2859 1609 2911 οἱ
1672 2859 1800 2911 ἀντ-

193 2941 482 3006 ωθοῦντες
530 2945 612 3007 εἰς
641 2945 808 3015 τιμὴν
842 2946 936 2999 τοῦ
968 2948 1347 3016 καταγομένου
1404 2945 1796 3018 σχολαστικοῦ,

1901 1938 2076 2007 fragio
2117 1935 2235 2005 ejus
2281 1935 2520 2007 gestatio
2551 1934 2628 1988 illi
2671 1947 2958 1995 concessa,
3007 1931 3352 2000 dignitasque
3381 1929 3485 1983 ista

1901 2033 2273 2100 sophistarum
2316 2030 2495 2100 legum
2532 2027 2732 2082 ritibus
2754 2036 2904 2081 esset
2931 2025 3291 2082 conﬁrmata.
3327 2023 3487 2077 Ritus

1900 2136 2106 2186 autem,
2135 2123 2228 2195 qui
2268 2124 2696 2193 peragebantur,
2755 2120 2888 2175 tales
2917 2127 3097 2174 erant.
3142 2117 3384 2172 Primum
3419 2119 3489 2171 ad

1903 2218 2175 2287 publicum
2217 2215 2468 2270 balneum
2500 2214 2912 2269 deducebantur
2956 2211 3048 2282 qui
3081 2211 3268 2266 novitii
3321 2211 3488 2265 adve-

1901 2308 2131 2369 nissent,
2157 2308 2276 2360 sive
2301 2306 2480 2375 parvi.
2513 2305 2624 2359 sive
2643 2303 2996 2372 grandiores:
3035 2311 3202 2371 atque
3228 2303 3370 2368 inter
3387 2300 3488 2354 hos

1900 2401 2065 2456 etiam
2087 2402 2122 2454 ii
2161 2401 2255 2470 qui
2287 2414 2384 2468 per
2419 2407 2635 2453 aetatem
2664 2399 2730 2450 ad
2761 2395 2986 2463 pallium
3019 2394 3348 2450 sumendum
3374 2393 3484 2464 apti

1902 2503 2079 2560 crant,
2123 2507 2259 2563 quos
2291 2492 2344 2545 in
2375 2491 2612 2544 medium
2645 2487 3043 2558 protrudebant
3071 2486 3420 2552 scholastici,
3454 2501 3486 2540 a

1905 2588 2100 2656 quibus
2145 2584 2574 2646 deducebantur,
2613 2581 2810 2636 deinde
2851 2581 2976 2634 aliis
3024 2579 3489 2649 praecurrentibus

1903 2690 2066 2747 atque
2101 2675 2548 2748 prohibentibus;
2579 2673 2701 2729 aliis
2732 2671 3275 2743 protrurlcntibus,et
3297 2679 3488 2726 contra

1910 2769 2298 2824 tendentibus:
2331 2775 2599 2839 quotquot
2646 2778 2828 2821 autem
2875 2765 3238 2836 prohibebant
3287 2764 3492 2820 vocife-
3592 2816 3607 2844 δ

1917 2862 2210 2917 rantibus:
2251 2880 2270 2914 ι
2309 2861 2426 2925 Sta,
2453 2870 2558 2924 sta,
2619 2876 2722 2913 non
2764 2858 2905 2922 lava,
2951 2879 2970 2910 ι
3007 2857 3362 2912 nihilominus
3405 2868 3490 2909 ta-

1907 2956 2108 3018 menin
2140 2955 2437 3010 certamine
2462 2954 2496 3008 ii
2531 2951 3152 3016 videh:mtnr.obtincre,
3181 2949 3351 3020 quiin
3389 2950 3487 3002 ho-

195 3035 355 3099 ὅστις
433 3037 578 3105 μετά
648 3037 849 3108 πολλὴν
896 3037 1069 3110 ὥραν,
1139 3039 1385 3103 στάσεως
1440 3039 1645 3110 πολλῆς
1705 3039 1797 3092 ἐπὶ

1913 3064 2094 3104 norem
2146 3046 2486 3108 scholastici,
2536 3059 2700 3115 quem
2751 3042 3117 3105 deducebant,
3159 3042 3490 3097 obsistentes

193 3127 319 3187 τοῖς
373 3126 736 3198 προαχθεῖσιν
801 3115 1013 3200 ἐθίμοις
1084 3133 1293 3203 ῥήμασι
1354 3132 1798 3203 προγενομένης,

194 3218 497 3288 εἰσάγεται
526 3223 607 3284 είς
633 3222 726 3273 τὸν
752 3220 954 3292 θερμὸν
991 3220 1138 3277 οἶκον
1173 3226 1266 3277 καὶ
1297 3223 1625 3278 ἀπολούεται
1643 3241 1655 3256 ο
1680 3219 1800 3277 εἶτα

195 3311 579 3380 ἐνδυσάμενος
613 3313 824 3385 ἐδέχετο
870 3317 970 3385 τὴν
1013 3317 1109 3370 τοῦ
1155 3317 1423 3388 τρίϐωνος
1466 3317 1714 3382 ἐξουσίαν
1732 3317 1798 3384 ⁸³,

196 3404 296 3456 καὶ
324 3404 562 3458 αὐτόθεν
581 3406 721 3475 μετὰ
749 3405 844 3460 τοῦ
881 3407 1142 3474 τρίϐωνος
1167 3411 1232 3462 ἐκ
1261 3409 1355 3463 τοῦ
1399 3407 1682 3478 βαλανείου
1711 3410 1804 3462 ὲν·-

198 3495 351 3568 τίμῳ
383 3497 486 3550 καὶ
521 3497 791 3570 περιδόξῳ
830 3499 1304 3572 δορυερορούμενος
1348 3503 1539 3572 πομπῇ
1595 3501 1800 3572 ἀπῄει,

195 3588 453 3651 δαπάνας
495 3591 756 3658 ἐπιγνοὺς
787 3595 1026 3664 φανερὰς
1074 3596 1156 3657 είς
1187 3595 1314 3658 τοὺς
1356 3593 1468 3647 τῶν
1509 3593 1802 3666 διατριϐῶν

197 3683 527 3753 προστάτας
551 3684 680 3748 τοὺς
705 3684 1031 3757 λεγομένους
1073 3687 1423 3758 ’Λκρωμίτας

272 3859 406 3913 Ὅτι
436 3859 493 3912 oi.
526 3859 825 3916 Οὐάνδαλοι
851 3863 978 3928 τοὺς
993 3864 1227 3930 Γότθους
1259 3868 1556 3934 Τρούλους
1572 3866 1802 3921 καλοῦσι

196 3947 288 4004 διὰ
314 3951 380 4003 τὺ
411 3950 564 4021 λιμῷ
596 3953 953 4024 πιεζομένους
981 3957 1181 4022 αὐτοὺς
1205 3957 1437 4030 τροῦλαν
1470 3960 1620 4012 σίτου
1649 3959 1802 4030 παρά

198 4043 309 4097 τῶν
345 4045 682 4099 Οὖανδάλων
720 4048 1015 4118 ἀγοράζειν
1063 4050 1183 4114 ἑνὸς
1239 4052 1496 4122 χρυσίνου
1521 4052 1602 4084 ⁸⁵·
1657 4053 1692 4123 ἡ
1744 4052 1802 4106 δὲ

198 4137 410 4209 τροῦλα
437 4138 564 4192 οὐδὲ
595 4140 780 4210 τρίτον
811 4141 1002 4206 ξέστου
1039 4145 1231 4215 χωρεῖ.

271 4229 400 4284 Ὀτι
458 4230 612 4285 κατά
653 4231 752 4296 τὰς
814 4232 1092 4295 Ἱσπανίας
1140 4236 1248 4289 τῶν
1279 4237 1598 4292 Ούανδῶιων
1625 4255 1800 4292 κατα-

196 4320 547 4392 δραμόντων,
579 4323 806 4377 καὶτῶν
848 4324 1136 4396 Ῥωμαίων
1160 4329 1240 4392 εἰς
1264 4327 1363 4391 τὰς
1387 4329 1801 4401 τετειχισμένας

1911 3141 2284 3195 retrudebant.
2311 3137 2554 3192 Tandem
2584 3145 2704 3206 post
2737 3137 2950 3204 longam
2979 3151 3211 3200 moram,
3232 3134 3487 3189 multam-

1907 3247 2012 3302 que
2037 3231 2108 3285 uh
2147 3231 2292 3284 illata
2324 3245 2390 3284 ex
2425 3246 2576 3284 more
2621 3229 2762 3282 ultro
2797 3229 3042 3298 citroque
3072 3227 3234 3282 verba
3266 3237 3492 3283 conten-

1909 3325 2132 3386 tionem.
2180 3325 2223 3378 is
2253 3325 2343 3391 qui
2369 3323 2680 3384 deducitur,
2704 3321 2757 3374 in
2778 3322 3010 3375 calidam
3048 3321 3243 3376 cellam
3275 3320 3490 3375 induci-

1909 3426 2018 3482 tur,
2049 3417 2231 3485 ibique
2259 3415 2520 3469 abluitur.
2555 3415 2623 3466 At
2665 3424 2952 3482 postquam
2997 3429 3056 3467 se
3099 3412 3294 3475 induit,
3337 3411 3488 3481 pallii

1909 3511 2225 3578 dignitatem
2274 3507 2493 3576 accipit,
2527 3516 2696 3574 atque
2722 3505 2919 3559 exinde
2949 3520 3071 3557 cum
3115 3505 3278 3574 pallio
3310 3519 3342 3558 e
3379 3503 3494 3558 hal~

1910 3617 2034 3667 neo,
2061 3599 2266 3656 celebri
2321 3609 2377 3654 et
2408 3600 2708 3654 honoritica
2738 3597 2974 3666 stipatus
3006 3610 3222 3666 pompa,
3251 3595 3492 3663 digredi-

1910 3708 2020 3761 tur,
2077 3695 2314 3752 decretis
2356 3694 2647 3748 luculentis
2699 3692 3010 3762 sumptibus
3065 3691 3118 3744 in
3175 3689 3486 3745 scholarum

1911 3787 2210 3850 antistites,
2239 3787 2333 3856 qui
2367 3785 2623 3840 dicuntur
2643 3785 2936 3838 Acromiia:
2971 3781 3106 3854 (47).

1982 3879 2206 3937 Vandali
2235 3878 2466 3934 Gotthos
2493 3877 2764 3947 appellant
2789 3874 3001 3940 Trulos,
3036 3884 3318 3944 propterea
3347 3872 3490 3943 quod

1909 3973 1963 4028 hi
1990 3972 2168 4028 enecti
2217 3971 2514 4042 aliquando
2565 3970 2734 4034 fame,
2780 3969 2947 4024 tritici
2983 3968 3178 4022 trulam
3209 3982 3240 4022 a
3270 3966 3488 4021 Vanda—

1908 4065 1974 4120 lis
2001 4081 2167 4120 aureo
2202 4079 2310 4118 uno
2343 4065 2694 4118 redimerent.
2729 4060 2896 4116 Trula
2932 4075 3064 4116 vero
3096 4062 3336 4119 nondum
3374 4070 3484 4116 ter-

1909 4158 2040 4212 tiam
2081 4159 2298 4212 sextarii
2341 4165 2549 4225 partem
2577 4156 2744 4224 capit.

1977 4248 2113 4302 Dum
2142 4248 2367 4304 Vandali
2386 4247 2678 4318 Hispanias
2698 4255 3020 4312 vastassent,
3046 4246 3136 4315 qui
3168 4244 3221 4300 in
3244 4253 3489 4299 muratas

1907 4355 1968 4394 se
1998 4341 2164 4394 urbes
2188 4337 2420 4394 Romani
2454 4349 2796 4409 receperant,
2819 4354 2884 4393 eo
2915 4337 3111 4391 inediae.
3133 4338 3313 4391 adacti
3338 4344 3486 4398 sunt,

197 4414 390 4475 πόλεις
423 4415 886 4484 καταφυγόντων,
935 4418 1191 4482 τοσοῦτος
1244 4419 1422 4473 αὐτῶν
1469 4420 1625 4491 λιμὸς
1662 4439 1796 4475 κατ-

1913 4438 1966 4486 ut
2007 4431 2241 4486 invicem
2281 4447 2340 4487 se
2371 4431 2800 4486 laniandoedere
2823 4440 3172 4500 cogerentur.
3199 4428 3274 4484 lbi
3297 4428 3490 4484 mulier

197 4502 516 4574 εκράτησεν
566 4502 645 4568 ὡς
685 4506 766 4568 εἰς
808 4506 1217 4579 ἀλληλοφαγίαν
1255 4510 1638 4582 ἐκϐιασθῆναι.
1688 4514 1799 4567 Καὶ

196 4595 341 4664 γυνὴ
366 4595 620 4666 τέσσαρα
653 4596 821 4650 τέκνα
851 4598 1051 4668 ἔχουσα
1096 4601 1276 4656 πάντα
1325 4602 1623 4671 κατέφαγε,
1661 4606 1799 4674 πρό-

198 4700 370 4752 φασιν
420 4684 511 4754 ἐφ’
550 4687 790 4742 ἑκάστου
842 4691 1142 4762 ποιουμένη
1198 4693 1298 4763 τὴν
1345 4695 1454 4748 τῶν
1488 4697 1797 4752 ὑπολοίπων

193 4776 412 4848 τροφὴν
450 4778 552 4831 καὶ
604 4779 903 4850 σωτηρίαν,
929 4782 1034 4846 ἕως
1082 4783 1148 4838 ἂν
1185 4786 1362 4839 πάντα
1405 4789 1800 4858 καταφαγοῦσα

194 4866 371 4932 λίθοις
404 4870 512 4924 ὑπὸ
538 4870 633 4924 τοῦ
663 4871 837 4944 δήμου
872 4873 1136 4946 ἀνῃρέθη.

271 4959 400 5014 Ὀτι
424 4961 762 5026 Εὑπλούτιος
790 4966 820 5017 ό
852 4967 1246 5038 μαγιστριανὸς
1289 4968 1424 5040 πρὸς
1455 4971 1704 5038 Οὐάλιον,
1732 4974 1794 5038 ὃς

195 5049 316 5108 τῶν
373 5053 595 5107 Γότθων
656 5055 995 5127 ἐχρημάτιζε
1048 5059 1347 5132 φύλαρχος,
1401 5061 1794 5119 ἀποστέλλεται

1907 4541 2036 4589 una,
2080 4535 2318 4595 quatuor
2351 4525 2644 4579 liberormn
2695 4532 2892 4588 mater,
2935 4536 3128 4576 omnes
3162 4522 3486 4588 devoravit;

1906 4617 1972 4669 ad
2008 4615 2248 4686 singulos
2274 4627 2600 4686 praetexens,
2634 4615 2874 4684 reliquos
2900 4629 2961 4670 se
2992 4613 3157 4679 alere,
3186 4629 3254 4669 ac
3278 4614 3492 4670 salvare

1903 4707 2061 4771 velle,
2107 4709 2281 4761 donec
2315 4707 2569 4761 omnibus
2615 4704 2923 4776 absumptis
2951 4705 3230 4776 lapidibus
3255 4718 3288 4760 a
3330 4705 3488 4775 plebe

1903 4800 2098 4855 Obruta
2129 4809 2233 4854 est.

1972 4981 2122 5053 δια
2146 4979 2431 5050 Euplutius
2459 4978 2845 5049 magistrianus
2887 4980 2954 5035 ad
2982 4979 3195 5037 Valium
3220 4980 3334 5052 (48)
3356 4979 3490 5036 Got-

1906 5069 2124 5123 thorum
2162 5066 2476 5137 praelectum
2525 5069 2786 5134 mittitur,
2825 5071 2916 5141 qui
2958 5072 3109 5142 pacis
3134 5072 3340 5128 fmdera
3383 5071 3488 5126 ini-

1515 5232 1752 5290 VARle
1793 5232 2209 5291 LECTIONES-

273 5341 328 5374 ι·
355 5340 436 5415 τι]
459 5341 524 5421 τὸ
546 5341 768 5421 τῶνε..
831 5343 1122 5421 {Fame
1158 5364 1172 5400 τ
1206 5351 1374 5421 μέρος
1411 5369 1472 5416 ς·

1545 5352 1591 5384 ⁸⁸
1620 5353 1806 5433 έθκφυς
1828 5357 2032 5433 0n1._A.
2060 5355 2436 5433 -ξῖτελεῖσθαι
2471 5375 2536 5433 ς·ἶ
2559 5429 2603 5433 __
2623 5360 2670 5392 ’°
2690 5357 2790 5433 είς]
2827 5360 2922 5414 καὶ
2952 5362 3034 5424 είς
3055 5366 3148 5433 ς’.
3229 5359 3274 5393 ⁹¹
3302 5361 3335 5432 ὴ
3366 5370 3488 5419 ante

193 5412 319 5467 τῶν
348 5408 498 5482 ponit
521 5431 586 5479 ς.
665 5414 712 5445 ⁹²
737 5408 809 5485 ἦν
837 5414 920 5487 δέ]
943 5417 1016 5472 cf.
1042 5408 1439 5490 Wyttenbach:
1461 5421 1673 5496 Eunap.
1699 5427 1755 5480 2.
1785 5408 2031 5497 ὖξΞ8θίῂ
2058 5429 2105 5461 ³⁸
2137 5408 2457 5492 ἐξουσίανᾸ
2478 5408 2673 5497 ἷάξίαν
2690 5408 2790 5496 ξῖ¹
2828 5408 3220 5503 ῖῖῇιρὀῖτιᾶν’ς.

1728 5566 1964 5625 ΝΟΤᾸΞ.

273 5639 566 5727 (ἐξῆ-γῆς
592 5643 922 5727 Β;.ῦι·θεοι·.
959 5645 1221 5727 Naziana1
1245 5663 1388 5708 orat.
1419 5653 1492 5708 ‘20
1512 5695 1527 5719 ,
1562 5671 1680 5724 quae
1706 5669 1791 5714 est

194 5708 387 5796 deB;
406 5711 605 5796 Basilio
632 5708 1152 5796 yagn5,_post_iuit.
1183 5721 1390 5796 Etinap.
1421 5708 1786 5796 quoqueﬂini;

197 5783 286 5837 tio
348 5778 695 5854 Probaeresii,
725 5778 800 5841 'et
838 5778 926 5844 16.
995 5787 1200 5872 Gorop.
1255 5778 1788 5856 ΒοὸειηῖιιιΓΙῖὺῘ-ιν

1904 5660 2180 5808 Ονξῗῖἷοοὶ
2209 5734 2457 5808 μείζονες
2485 5733 2778 5808 Hesychia,
2812 5742 2865 5791 et
2892 5734 3051 5807 quasi
3080 5735 3413 5808 superiores.

1977 5801 2090 5874 (48)
2123 5801 2254 5875 Sup.
2305 5803 2508 5860 Valiam
2540 5801 2771 5861 vocavit.
