3942 6234
261 236 367 304 273

1396 249 1922 315 BIBLIOTHECA.
1962 279 2032 290 -
2055 254 2223 317 COD.
2263 255 2494 318 LXXX.

3441 258 3554 326 ηε

338 354 465 408 Ὅτι
517 353 782 420 ὕπατοςό
833 356 1084 428 βασιλεὺς
1166 358 1422 432 Ὀνὼριος
1482 364 1764 435 προελθὼν
1792 364 1855 420 τὸ

2032 368 2306 425 Honorius
2343 369 2623 439 Augustus
2676 368 3051 438 undecimum,
3094 379 3151 426 et
3191 369 3548 433 Constantius

266 451 582 515 ἑνδέκατον,
634 453 730 505 καὶ
776 454 874 507 σὺν
901 452 1051 524 αὐτῷ
1090 456 1473 519 Κωνστάντιος
1503 457 1566 508 τὸ
1592 457 1851 526 δεύτερον

264 544 359 597 τὸν
416 542 717 609 Πλακιδίας
754 545 930 615 γάμον
956 546 1321 602 ἐπιτελοῦσιν
1349 548 1434 617 ἐφ’
1463 543 1509 618 ᾧ
1537 551 1709 605 πολλά
1756 552 1855 622 μὲν

266 635 411 707 αὑτὴ
474 636 814 691 άνανεύουσα
863 640 1244 695 Κωνστάντιον
1299 645 1679 715 παρεσκεύασε
1713 647 1857 703 κατὰ

268 731 378 781 τῶν
421 730 596 801 αὐτῆς
632 732 957 803 ὀργίζεσθαι
985 734 1355 806 θεραπόντων.
1386 740 1550 803 Τέλος
1576 742 1633 794 ὲν
1660 745 1725 814 τῇ
1756 743 1858 811 τῆς

271 819 545 884 ὑπατείας
591 823 775 894 ἡμέρᾳ
822 823 931 878 ἀπὸ
984 826 1166 897 χειρὸς
1189 827 1395 898 ταύτην
1428 832 1456 883 6
1482 830 1736 901 βασιλεὺς
1765 833 1859 887 καὶ

270 911 506 981 ἁδελφὸς
544 914 801 986 ὐνώριος
858 917 1097 974 ἄκουσαν
1148 920 1329 975 λαὸὼν
1351 923 1649 996 ἐγχειρίζει
1680 943 1861 997 παρα-

270 1004 451 1068 διδοκ
480 1007 874 1079 Κωνσταντίῳ,
925 1013 1018 1065 καὶ
1053 1013 1380 1068 ἐπιτελεῖται
1422 1018 1502 1080 είς
1523 1017 1585 1070 τὸ
1612 1017 1862 1090 λαμπρὸ-

273 1112 442 1151 τατον
467 1099 497 1151 6
528 1099 725 1168 γάμος.
760 1098 893 1159 Εἶτα
948 1106 1043 1157 καὶ
1092 1108 1223 1169 παῖς
1270 1107 1452 1169 αὐτοῖς
1484 1108 1754 1173 τίκτεται,
1783 1111 1852 1183 ἢν

272 1189 639 1258 ὀνομάζουσιν
678 1192 964 1264 Ὀνωρίαν,
1019 1198 1113 1251 καὶ
1158 1198 1346 1268 ἕτερος
1385 1199 1569 1265 πάλιν,
1597 1195 1643 1269 ᾦ
1669 1201 1864 1272 κλῆσιν

272 1282 463 1337 ἔθεντο
511 1285 962 1352 Οὐαλεντινιανός
989 1290 1041 1321 ⁸·
1088 1290 1149 1354 ὃς
1204 1292 1409 1357 ζῶντος
1451 1293 1553 1364 μὲν
1606 1294 1863 1367 Ὀνωρίου

279 1375 689 1447 Νοὸελὶσσιμος
734 1380 944 1448 γίνεται
1014 1382 1351 1455 βιασαμένης
1406 1387 1507 1456 τῆς
1568 1386 1866 1453 nimam;

273 1465 368 1518 τὸν
383 1468 406 1497 ⁸
429 1466 684 1536 ἀδελφὸν,
717 1469 855 1539 μετὰ
874 1471 933 1524 δὲ
955 1471 1046 1525 τὸν
1077 1472 1307 1528 θάνατον
1334 1474 1429 1529 τοῦ
1449 1476 1736 1546 βασιλέως,
1771 1479 1867 1532 καὶ

275 1555 358 1610 ἔτι
397 1560 541 1627 μετὰ
565 1560 666 1631 τὴν
695 1562 995 1618 κατάλυσιν
1016 1564 1109 1619 τοῦ
1130 1568 1567 1638 τυραννήσαντος
1594 1569 1863 1636 Ἰωάννου,

276 1650 374 1701 καὶ
418 1649 641 1722 Ῥώμης
700 1653 954 1722 βασιλεὺς
995 1657 1461 1712 άποδείκνυταιίθ.
1509 1659 1568 1714 '0
1598 1660 1657 1715 δὲ
1702 1664 1862 1714 Κων-

1958 459 2155 516 iterum
2191 459 2446 515 consules
2473 459 2667 525 creati,
2691 458 2950 518 Placidia
2981 462 3201 530 nuptias
3215 465 3538 521 conciliant.

1960 550 2066 605 Sed
2101 552 2198 607 Itas
2237 550 2352 621 ipsa
2394 551 2609 619 nuptias
2644 566 2769 606 cum
2793 552 3146 607 vehementer
3173 553 3540 617 detrectaret,

1959 636 2141 694 effecit
2183 648 2243 693 ut
2274 640 2446 709 ipsius
2482 639 2701 693 famulis
2749 640 3127 709 indignaretur
3161 639 3539 697 Constantius.

1961 730 2203 788 Tandem
2264 733 2621 787 nihilominus
2677 733 2796 803 ipso
2851 748 2959 803 quo
3023 736 3367 791 consulatum
3430 710 3552 792 iniit

1961 824 2083 891 die,
2139 839 2300 881 manu
2356 825 2528 894 ipsam
2587 837 2863 895 arreptam
2919 826 3193 885 Honorius
3245 829 3546 899 imperator

1963 913 2135 969 frater
2182 914 2299 984 ejus
2344 915 2572 970 invitam
2609 917 2941 975 Constantio
2994 922 3045 974 in
3076 936 3295 975 manum
3352 922 3541 987 tradit,

1963 1006 2278 1077 nuptiaeque
2318 1006 2600 1077 splendide
2646 1008 3012 1063 celebrantur.
3059 1008 3196 1065 llinc
3230 1019 3360 1067 nata
3411 1012 3546 1077 lilia,

1965 1114 2127 1170 quam
2168 1098 2462 1155 Honoriam
2501 1100 2872 1157 nominarunt.
2916 1099 3088 1157 Filius
3124 1104 3275 1170 item,
3323 1106 3408 1159 cui
3449 1105 3545 1160 Va-

1964 1193 2267 1250 lentiniano
2316 1208 2515 1250 nomen
2554 1194 2765 1259 datum,
2791 1196 2886 1265 qui
2920 1198 3220 1266 superstite
3247 1198 3548 1253 etiamnum

1968 1284 2231 1350 Honorio,
2279 1270 2661 1341 Nobilissimus
2707 1287 2907 1353 dictus,
2959 1288 3279 1358 impellente
3324 1289 3559 1345 fratrem

1967 1376 2228 1433 Placidia.
2276 1376 2422 1444 Quin
2487 1386 2544 1433 et
2580 1389 2796 1435 mortuo
2859 1376 3139 1446 Honorio,
3213 1381 3552 1451 disiectaque

1965 1466 2193 1525 Joannis
2249 1466 2568 1537 tyrannide,
2642 1467 3012 1525 Romanorum
3059 1470 3203 1526 idem
3267 1474 3557 1543 Augustus

1969 1566 2185 1613 creatus
2220 1566 2327 1613 est.
2366 1558 2721 1614 Constantius
2757 1574 2887 1615 vero
2921 1559 3149 1615 Ilouorii
3182 1562 3238 1615 in
3263 1562 3549 1631 Augustali

1970 1648 2204 1718 imperio
2244 1648 2451 1715 collega
2478 1648 2559 1713 tit,
2588 1650 2657 1704 ab
2687 1650 2778 1704 illo
2825 1651 3045 1719 quidem
3094 1652 3233 1720 ipso,
3284 1654 3379 1707 sed
3416 1669 3567 1722 pene

277 1745 533 1808 στάντιος
593 1747 983 1817 συμϐασιλεύει
1047 1750 1125 1820 τῷ
1192 1751 1435 1823 Ὁνωρίῳ
1465 1792 1481 1817 ,
1544 1753 1711 1809 αὑτοῦ
1766 1756 1862 1824 μὲν

1972 1752 2329 1813 repugnante,
2360 1744 2715 1799 constitutus.
2769 1741 3008 1799 Placidia
3056 1758 3274 1814 quoque
3306 1744 3554 1815 Augusta

273 1836 741 1905 χειροτονοῦντος,
776 1840 913 1895 ἀλλὰ
944 1842 1130 1911 σχεδόν
1159 1859 1213 1897 τι
1240 1843 1278 1875 ιι
1307 1843 1556 1908 ἄκοντος.
1613 1845 1741 1917 [195
1772 1844 1869 1917 R.]

272 1927 686 1996 Χειροτονετται
713 1932 770 1985 δὲ
804 1934 896 1985 καὶ
922 1935 951 2003 ἡ
980 1934 1245 1989 Πλακιδία
1300 1936 1615 2005 Δύγούστα,
1668 1937 1762 1989 τοῦ
1807 1954 1866 1990 τε

277 2018 414 2073 ἰδίου
452 2021 687 2090 ἀδελφοῦ
714 2025 810 2077 καὶ
843 2024 935 2077 τοῦ
968 2026 1100 2081 ἰδίου
1124 2028 1318 2100 ἀνδρὸς
1343 2031 1865 2100 χειροτονησάντων.

273 2111 413 2166 Εἶτα
446 2117 731 2185 πέμπεται
783 2118 921 2189 πρὸς
968 2118 1097 2191 [112
1122 2121 1213 2192 Η.Ι
1271 2123 1585 2188 Θεοδόσιον,
1616 2122 1675 2186 ὃς
1708 2124 1866 2178 ἁδελ-

275 2206 474 2274 φιδοῦς
530 2208 611 2264 ῶν
653 2210 914 2282 ὐνωρίου
968 2214 1077 2267 τῶν
1132 2216 1268 2286 πρὸς
1309 2216 1384 2269 ἕω
1449 2220 1634 2287 μερῶν
1682 2218 1868 2274 ἐϐασί-

272 2296 433 2353 λευεν
452 2302 521 2366 “,
546 2304 581 2371 ἡ
602 2304 907 2375 άνάρῤησις
932 2308 1251 2377 μηνυομένη
1277 2308 1377 2377 τῆς
1396 2309 1488 2365 τοῦ
1512 2311 1554 2341 ¹³
1573 2311 1866 2365 Κωνσταν-

271 2390 394 2444 {Eoo
426 2391 737 2469 βασιλείας.
792 2397 886 2450 καὶ
932 2398 1081 2468 μένει
1116 2401 1515 2471 ἀπαράδεκτος.
1543 2402 1865 2471 Ἐφίσταται

272 2488 433 2551 νόσος
470 2489 859 2560 Κωνσταντίῳ,
890 2492 984 2544 καὶ
1031 2492 1332 2561 μετέμελεν
1354 2493 1501 2563 αύτῷ
1528 2495 1562 2564 ἡ
1592 2494 1862 2563 βασιλεία,

270 2580 356 2632 ὅτι
411 2580 601 2634 οὐκέτι
630 2577 699 2653 ἦν
756 2581 905 2652 αύτῷ
971 2584 1056 2637 ἐπ’
1099 2583 1283 2648 ἁδείας
1330 2586 1520 2656 ὥσπερ
1584 2585 1855 2655 πρότερον

275 2665 483 2738 ἐξιέναι
504 2691 565 2726 τε
590 2674 684 2728 καὶ
733 2676 950 2729 ἀπιέναι
979 2678 1087 2746 ὅπη
1145 2678 1240 2731 καὶ
1282 2678 1432 2740 ὅπως
1474 2677 1737 2746 βούλοιτο,
1771 2678 1866 2733 καὶ

273 2767 360 2820 ὅτι
429 2769 537 2822 οὐκ
592 2769 720 2840 ἐξῆν
760 2770 996 2840 χρῆσθαι
1023 2770 1069 2804 ⁸⁸
1122 2770 1459 2841 βασιλεύοντι
1487 2767 1568 2836 οἷς
1596 2773 1716 2836 ἔθος
1749 2768 1862 2841 εἶχε

275 2859 521 2929 χρῆσθαι
582 2861 873 2929 παιγνίοις.
907 2863 1072 2926 Τέλος
1102 2865 1245 2918 ἑπτά
1281 2864 1609 2934 βασιλεύσας
1669 2866 1863 2935 μῆνας,

277 2950 472 3021 ὥσπερ
500 2952 651 3020 αύτῷ
671 2953 766 3007 καὶ
782 2955 809 3007 6
830 2953 1037 3025 ὄνειρος
1051 2950 1223 3019 εἶπεν,
1247 2975 1267 3008 ι
1286 2956 1385 3022 Ἓξ
1414 2957 1517 3028 ἤδη
1538 2957 1716 3029 πεπλή
1726 2974 1865 3027 ρων-

274 3058 367 3095 ut.
398 3044 499 3096 καὶ
527 3044 793 3114 ἄρχονται
822 3044 983 3109 ἑπτὰ,
1016 3064 1035 3096 ι
1072 3045 1398 3119 πλευριτικῇ
1427 3048 1569 3117 νόσῳ
1607 3048 1863 3118 τελευτᾷν

1971 1849 2003 1891 a
2030 1832 2202 1891 fratre
2230 1845 2286 1891 et
2322 1837 2522 1892 marito
2558 1837 2704 1892 dicta
2735 1846 2839 1892 est.
2874 1836 3007 1893 Dein
3064 1838 3131 1894 ad
3161 1837 3567 1904 Theodesium,.

1969 1927 2064 1996 qui
2118 1926 2291 1985 fratre
2323 1926 2550 1984 Honorii
2607 1930 2827 1999 genitus
2889 1928 3131 1985 Orientis
3157 1930 3404 1997 partibus
3440 1933 3553 1983 An-

1969 2030 2160 2091 gustus
2197 2021 2523 2090 imperabat,
2581 2020 2648 2074 de
2678 2018 2982 2075 Constantii
3030 2020 3381 2089 imperatoris
3433 2022 3562 2077 ele-

1969 2111 2152 2167 ctione
2204 2110 2425 2166 nuntius
2475 2110 2742 2175 mittitur,
2778 2109 3112 2179 minimeque
3158 2120 3411 2180 receptus
3445 2122 3555 2168 est.

1968 2203 2108 2259 Hinc
2129 2204 2378 2260 morbum
2414 2202 2770 2259 Constantius
2799 2202 3099 2266 contraxit,
3117 2203 3353 2273 suscepti
3381 2204 3555 2273 poeni-

1968 2305 2089 2353 tens
2111 2294 2346 2365 imperii,
2382 2294 2525 2365 quod
2552 2294 2790 2362 nonjam
2822 2292 2908 2365 (ut
2930 2293 3114 2363 antea)
3142 2294 3554 2348 eundiredeun-

1969 2389 2159 2458 dique,
2202 2404 2311 2459 quo
2343 2397 2400 2444 et
2442 2387 2664 2460 quando
2699 2386 2887 2449 vellet,
2920 2386 3152 2441 libertas
3179 2395 3348 2453 esset,
3379 2402 3571 2455 neque-

1968 2479 2213 2548 ludicris,
2246 2491 2305 2536 ut
2337 2480 2509 2537 moris
2544 2480 2665 2551 eius
2712 2488 2857 2544 erat,
2887 2493 3110 2549 operam
3148 2478 3281 2533 dare
3309 2478 3424 2549 jam
3456 2480 3557 2532 im-

1970 2574 2210 2643 peratori
2286 2572 2726 2642 permitteretur.
2792 2568 2965 2640 Igitur
3025 2572 3261 2639 septimo
3339 2570 3557 2640 imperii

1973 2679 2156 2719 mense
2191 2662 2670 2734 (quemadmodum
2715 2670 2771 2717 et
2806 2660 3137 2716 insomnium
3168 2660 3249 2716 sic
3283 2660 3559 2715 indicave-

1972 2767 2056 2814 rat
2084 2778 2098 2814 :
2130 2777 2148 2811 t
2174 2758 2374 2814 Sextus
2392 2759 2566 2826 abiit“,
2586 2760 2849 2830 septimus
2880 2760 3167 2814 inchoatur
3196 2777 3243 2825 ι,
3273 2758 3558 2828 pleuritide

1967 2852 2273 2908 exstinctus
2312 2865 2398 2908 est
2433 2870 2448 2907 :
2486 2853 2775 2908 exstincta
2808 2851 2974 2907 simul
2998 2867 3123 2907 cum
3162 2852 3280 2921 ipso
3310 2853 3365 2906 in
3396 2852 3559 2907 Occi-

1967 2943 2186 2999 dentem
2226 2945 2331 3010 ira,
2365 2956 2528 3014 atque
2561 2946 2928 3015 expeditione,
2969 2960 3131 3015 quam
3163 2947 3308 3015 quod
3346 2946 3414 3000 ad
3448 2946 3556 2999 im-

1969 3037 2104 3106 perii
2144 3037 2462 3091 societatem
2499 3038 2776 3091 admissus
2809 3052 2916 3092 non
2957 3046 3128 3102 esset,
3172 3038 3357 3094 animo
3384 3038 3573 3111 agita-

279 3135 793 3207 συντελευτησάσης
814 3136 964 3208 αύτῷ
980 3138 1074 3191 καὶ
1100 3138 1201 3209 τῆς
1235 3141 1377 3193 κατὰ
1406 3140 1509 3210 τὴν
1532 3142 1576 3174 η
1601 3139 1862 3210 ἀνατολὴν

1972 3130 2079 3184 bat.
2113 3126 2267 3182 Valia
2304 3130 2561 3197 prafecto
2601 3126 2979 3202 [Gottliorum]
3018 3140 3195 3186 morte
3245 3132 3567 3202 absumpto,

278 3227 457 3298 ὀργῆς
529 3230 624 3282 καὶ
680 3229 878 3299 ὁρμῆς,
912 3230 979 3300 ῆν
1002 3228 1212 3290 ὤδινεν,
1244 3232 1328 3284 ὄτι
1353 3231 1453 3302 τὴν
1503 3232 1862 3301 ἀναγόρευσιν

1973 3229 2262 3295 imperium
2297 3226 2674 3282 Teuderichus
2706 3228 2965 3297 suscepit.

280 3319 448 3373 αὑτοῦ
476 3319 574 3390 τῆς
599 3320 934 3391 βασιλείαςίσ
952 3323 1014 3375 οὐ
1047 3324 1413 3394 προσήκαντο.
1436 3323 1863 3377 ὐτιούαλίουίτ
1896 3318 1991 3376 τοῦ
2039 3318 2319 3392 φυλάρχου
2361 3319 2788 3391 τελευτήσαντος
2832 3320 3155 3394 Θευδέριχος
3202 3322 3305 3396 τὴν
3382 3324 3560 3395 ἀρχὴν

280 3414 612 3483 διαδέχεται.

352 3512 483 3564 Ὀτι
544 3513 689 3566 κατὰ
744 3514 1018 3569 θάλασσαν
1045 3515 1217 3570 πολλὰ
1248 3516 1440 3571 παθὼν
1462 3520 1491 3571 6
1512 3517 1865 3588 συγγραφεὺς

287 3602 441 3673 μόλις
499 3603 845 3669 διασώζεται.
905 3607 994 3659 Ἐν
1035 3599 1079 3674 ᾧ
1135 3607 1229 3661 καὶ⁹
1279 3607 1408 3678 περὶ
1454 3608 1683 3677 ἀστέρος
1723 3606 1868 3669 τινος

283 3697 655 3768 τερατολογεῖ,
703 3698 1085 3770 ἐπιδρίσαντος
1117 3699 1194 3771 τῷ
1219 3701 1372 3767 ἱστίῳ
1395 3699 1490 3753 τοῦ
1525 3699 1710 3753 πλοίου
1738 3700 1868 3770 μὲλ-

284 3789 395 3841 λειν
451 3790 650 3851 αὐτοὺς
682 3789 996 3859 βυθίζεσθαι
1022 3807 1037 3821 ·
1068 3791 1326 3861 οὐρανίαν
1345 3791 1400 3844 δὲ
1421 3791 1483 3844 τὸ
1520 3791 1685 3859 φανὲν
1717 3790 1871 3861 παρὰ

282 3878 391 3931 τῶν
426 3880 641 3933 ναυτῶν
662 3879 705 3912 ¹⁸
740 3881 1040 3935 καλεῖσθαι.
1102 3884 1267 3952 Λέγει
1310 3884 1367 3937 δὲ
1400 3886 1529 3955 περὶ
1578 3883 1865 3954 ψιττακοῢ,

281 3965 323 4039 ᾧ
354 3972 531 4025 εἴκοσι
584 3972 762 4027 ἐτεσιν
823 3976 1127 4046 συνδιῆγεν,
1164 3976 1239 4041 ὡς
1277 3978 1468 4048 σχεδόν
1488 3995 1543 4030 τι
1565 3978 1719 4032 οὐδὲν
1753 3977 1863 4031 τῶν

282 4062 559 4134 ἀνθρώπῳ
612 4066 1000 4135 πραττομένων
1045 4067 1323 4138 ἀμίμητον
1352 4068 1759 4139 κατελίμπανεν
1778 4069 1821 4103 ¹⁹
1846 4084 1861 4099 ·

279 4154 513 4225 ὠρχεῖτο
566 4157 689 4209 τε²⁰
720 4158 829 4228 γὰρ
878 4160 972 4212 καὶ
995 4155 1093 4231 ᾖδε
1148 4163 1245 4214 καὶ
1282 4160 1469 4214 ὲκάλει
1504 4162 1563 4227 ἐξ
1594 4161 1863 4232 ὀνόματος

282 4250 377 4302 καὶ
399 4245 579 4303 τᾶλλα
612 4249 901 4321 ἔπραττεν.

348 4431 476 4486 Ὀτι
519 4433 551 4485 6
597 4432 869 4502 ἱστορικός
921 4449 1054 4503 φησι
1100 4432 1382 4503 διάγοντος
1431 4432 1596 4488 αὐτοῦ
1617 4435 1661 4466 ’ί
1719 4434 1863 4490 κατὰ

278 4524 376 4588 τὰς
393 4526 441 4556 ”
480 4524 671 4597 Θήϐας
726 4526 822 4579 καὶ
868 4526 969 4597 τὴν
1017 4527 1227 4597 Συήνην
1245 4528 1292 4560 ’³
1317 4526 1562 4599 ἱστορίας
1591 4526 1779 4592 ἓνεκα,
1806 4528 1867 4583 ὲν

280 4616 546 4687 ἐπιθυμίᾳ
604 4616 861 4684 γενέσθαι
912 4617 1040 4680 τοὺς
1098 4617 1412 4690 φυλάρχους
1445 4619 1539 4673 καὶ
1575 4620 1865 4689 προφήτας

277 4706 388 4760 τῶν
411 4709 561 4762 κατά
572 4708 675 4779 τὴν
692 4709 903 4779 Τάλμιν
930 4708 1241 4781 βαρϐάρων,
1260 4711 1383 4781 ἦτοι
1405 4710 1514 4765 τῶν
1534 4710 1633 4764 Βλε
1644 4710 1863 4781 μμύων,

277 4799 372 4870 τῆς
398 4801 659 4871 ἐντυχίας
716 4801 882 4857 αὑτοῦ
900 4819 917 4836 ο
947 4802 1115 4856 ἐκίνει
1152 4804 1263 4875 γὰρ
1290 4804 1490 4869 αὐτοὺς
1519 4805 1615 4858 ἐπὶ
1642 4802 1803 4857 τοῦτο
1827 4805 1859 4876 ὴ

2041 3512 2288 3582 Scriptor
2314 3513 2460 3566 varia
2491 3512 2764 3567 maritimo
2798 3512 2990 3568 itinere
3018 3526 3211 3583 passus
3251 3515 3345 3569 vix
3377 3515 3560 3571 salws

1968 3606 2162 3661 evasit.
2220 3604 2364 3675 324
2404 3601 2506 3659 Ubi
2556 3611 2613 3658 et
2654 3604 2959 3673 prodigiosa
3005 3605 3251 3674 quedam
3284 3605 3353 3662 de
3409 3607 3556 3661 side-

1972 3712 2034 3753 re
2056 3696 2169 3769 (54)
2203 3704 2611 3761 commemorat,
2660 3696 2719 3749 in
2763 3697 2936 3765 ipsum
2965 3698 3165 3767 navigii
3210 3696 3411 3752 malum
3443 3715 3572 3751 tua-

1972 3806 2079 3862 gno
2105 3804 2226 3845 cum
2255 3788 2492 3858 pondere
2522 3787 2829 3857 ingruente,
2862 3799 2919 3841 ut
2949 3785 3064 3855 jam
3098 3790 3375 3860 mergendi
3405 3789 3557 3845 vidc-

1973 3891 2181 3937 rentur.
2243 3879 2504 3936 Uraniam
2565 3893 2695 3933 vero
2748 3889 3027 3935 meteeron
3097 3880 3235 3935 illud
3294 3896 3324 3936 a
3374 3884 3569 3940 nautis

1974 3973 2315 4043 appellatum.
2376 3971 2562 4026 Refert
2618 3972 2692 4045 de
2754 3972 3027 4040 psittaco,
3097 3988 3329 4043 quocum
3382 3988 3557 4030 annos

1974 4066 2089 4134 ipse
2136 4065 2323 4135 viginti
2372 4064 2593 4129 vixerit,
2659 4073 2719 4119 ut
2774 4065 2975 4119 nullam
3025 4064 3142 4120 fere
3194 4067 3553 4121 humanarum

1975 4160 2266 4223 actionum,
2308 4173 2469 4227 quam
2519 4172 2623 4211 non
2672 4156 3001 4225 imitaretur,
3055 4159 3322 4214 omiserit.
3374 4157 3557 4215 Salta-

1899 4251 1944 4307 D
1973 4250 2063 4303 bat
2111 4248 2278 4313 enim,
2343 4256 2401 4303 et
2458 4250 2705 4313 canebat,
2744 4257 2802 4302 et
2838 4262 2939 4302 suo
3004 4263 3281 4319 quemque
3330 4252 3550 4305 nomine

1974 4342 2353 4411 compellabat,
2390 4342 2606 4411 aliaque
2660 4342 2715 4396 id
2761 4356 2934 4411 genus
2981 4342 3345 4411 exprimebat.

2048 4432 2233 4487 Refert
2301 4434 2429 4488 item
2478 4433 2799 4500 historicus,
2848 4449 2974 4488 cum
3010 4416 3180 4503 'apud
3236 4434 3455 4488 Thebas
3504 4444 3557 4487 et

1975 4524 2212 4582 Soenem
2256 4526 2372 4598 (55)
2411 4526 2815 4582 lustrandorum
2852 4527 3119 4593 locorum,
3166 4528 3556 4597 cognoscendi—

1973 4633 2081 4687 que
2120 4620 2299 4673 studio
2331 4627 2667 4679 venaretur,
2688 4617 2830 4672 fama
2875 4619 3145 4673 excitatos
3175 4615 3463 4686 prafeetos
3492 4632 3555 4668 ac

1975 4720 2128 4766 vates
2168 4726 2355 4765 eorum
2406 4710 2790 4775 Barbarorum,
2816 4709 2909 4780 qui
2942 4708 3009 4763 ad
3044 4707 3257 4762 Talmin
3289 4707 3552 4769 incolunt,

1974 4817 2111 4874 quos
2142 4801 2459 4873 Blemmyas
2496 4809 2713 4866 vocant,
2757 4801 2925 4872 ipsius
2956 4811 3176 4871 optasse
3198 4813 3551 4870 congressum

1558 4958 1793 5019 VARIA']
1840 4958 2249 5019 LECTIONES.

376 5121 399 5153 ⁸
454 5120 568 5175 imo
618 5117 1066 5173 Ούαλεντινιανόν
1128 5136 1142 5171 :

282 5191 420 5245 ’τὸν
470 5199 595 5260 post
640 5191 699 5244 δὲ
763 5190 887 5243 add.
952 5191 998 5243 A
1060 5204 1420 5258 :quanquam

283 5261 401 5319 bi9
438 5278 454 5315 :
508 5262 618 5331 πρὸ
666 5260 929 5331 τελευτῆς

286 5331 491 5413 ’δ’ἐξῆν
548 5328 697 5413 αὐτῷ
749 5328 1016 5413 χρῆσθαι,
1044 5346 1103 5393 ς.
1216 5330 1258 5363 ⁵⁸
1287 5329 1386 5413 τῂν
1433 5345 1558 5413 om.

282 5402 459 5456 αὐτῶν
492 5419 555 5468 ς.

1204 5133 1368 5188 supra
1423 5127 1570 5174 certe
1636 5117 1714 5188 (p.
1776 5118 1844 5173 59
1918 5117 1947 5171 lt
2005 5117 2114 5179 57)
2163 5109 2209 5187 ᾧ
2252 5114 2481 5171 ἐπέθετο
2546 5115 2738 5186 κλῆσιν
2800 5114 3103 5171 Θεοδόσιον.
3157 5115 3229 5171 cf.
3291 5114 3563 5171 64617..

1204 5204 1420 5242 muuam
1484 5188 1623 5242 μετά
1674 5188 1902 5242 θάνατον
1952 5198 2038 5242 est
2090 5204 2145 5242 ι).
2207 5188 2242 5242 4
2288 5188 2317 5240 b
2379 5186 2450 5242 38
2508 5195 2563 5242 et
2592 5186 2655 5242 51
2687 5184 2819 5240 α20
2879 5186 3070 5242 ειιετὰ
3108 5184 3366 5242 τελευτὴν
3400 5199 3453 5242 D.
3482 5184 3563 5239 55-

1483 5201 1623 5261 μετα
1640 5259 1649 5261 _
1674 5201 1902 5242 θάνατον
1952 5201 2012 5244 es

987 5276 1039 5329 p.
1068 5259 1136 5313 55
1170 5263 1197 5313 b
1226 5260 1313 5318 17.
1393 5258 1436 5292 ¹⁸
1466 5258 1847 5314 ἀναδείκνυται
1882 5274 1920 5323 ς·
1946 5297 1960 5313 .

1756 5332 1797 5362 ιο
1818 5330 1917 5362 υἱ.-

639 5347 697 5400 ιῳ
749 5346 986 5400 χρῆσθαι
1044 5346 1103 5393 ς.
1216 5346 1258 5363 ··
1287 5346 1386 5400 την
1433 5346 1544 5384 om.
1590 5346 1656 5384 Α.
1756 5346 1797 5362 ’τ’
1818 5346 1917 5391 της
1986 5346 2265 5398 paenitetat;
2312 5346 2477 5381 αυτου
2505 5346 2567 5393 ς’.
2647 5346 2687 5362 ··
2739 5346 2923 5399 υυαΑη
2950 5346 3012 5391 ς.
3092 5346 3129 5359 -·

639 5402 685 5434 ¹⁹
703 5400 1125 5472 καταλιμπάνας
1165 5417 1233 5465 ς.
1303 5402 1426 5455 ¹⁰τε
1458 5400 1585 5457 add.
1605 5399 1671 5453 Δ.
1747 5401 1792 5433 ³⁸
1821 5400 1987 5453 αὑτοῦ
2014 5417 2125 5455 om.
2156 5400 2221 5453 Α.
2299 5400 2344 5432 ⁹¹
2372 5399 2474 5463 τὰς
2490 5399 2617 5455 add.
2650 5400 2713 5455 A.
2790 5397 2835 5430 “
2862 5396 3052 5468 Σοῒνην
3067 5411 3129 5459 ς.

2090 5204 2145 5257 p.
2181 5184 2256 5258 '47
2286 5188 2317 5258 ι
2379 5186 2450 5244 38
2508 5195 2563 5242 et
2592 5184 2655 5242 3i
2687 5184 2819 5258 (1‘20
2879 5205 2893 5241 :
2931 5186 3070 5258 μετὰ
3106 5184 3453 5258 τελευτὴ-λι).

2038 5254 2171 5311 n‘ﬂ
2195 5257 2321 5313 add,
2352 5258 2423 5311 Α.
2498 5259 2543 5291 ¹²
2577 5254 3022 5321 ἐϐασίλευσενς.
3098 5255 3143 5288 ⁸³
3182 5254 3277 5309 τοῦ
3323 5254 3452 5309 add.
3481 5254 3559 5312 Α..

1986 5328 2265 5398 βασιλείας
2312 5328 2477 5381 αὑτοῦ
2505 5345 2567 5393 ς’.
2647 5328 2690 5362 ⁸⁷
2739 5328 3012 5399 Οὐάλης.
3091 5324 3136 5359 ⁸⁸
3196 5322 3409 5381 ναυτῶν
3447 5324 3501 5379 Α
3528 5343 3557 5380 :.

1792 5554 2027 5611 NOTAE.

358 5721 469 5791 (54)
496 5719 723 5791 Hispani
754 5730 929 5775 nautae
959 5719 1093 5778 Sam
1130 5718 1315 5775 Telum
1348 5718 1621 5792 appellare
1649 5714 1842 5773 solent.

2027 5712 2137 5784 (55)
2168 5712 2295 5770 For.
2329 5712 2571 5784 Syrum.
