3942 6234
415 229 524 296 275

1570 233 1834 293 ΡΗΟΤΙΙ
1873 231 2378 292 ΡΑΤΒΙΑΒΕΙῙΕ
2415 229 2523 291 CP.

3570 223 3642 284 27
3645 227 3683 285 6

394 356 585 413 atque
616 343 966 413 colloquium.
1019 343 1382 411 Abripueruut
1433 343 1615 412 itaque
1661 358 1768 408 me,
1798 343 1894 408 ait,
1929 353 1986 397 ut

2122 343 2264 415 ιήμη.
2317 343 2429 396 Καὶ
2485 337 2676 394 ἔλαϐόν
2723 353 2813 409 με,
2869 336 3024 408 φησὶ,
3079 333 3242 408 μέχρι
3275 332 3324 365 ³⁸
3362 331 3532 403 αὐτῆς
3577 331 3692 399 τῆς

421 435 544 488 vllas
565 448 782 504 quoque
811 434 1058 500 regiones
1096 447 1162 501 pe
1175 432 1512 495 rlustrarem,
1542 433 1598 486 in
1627 432 1797 501 ipsam
1826 446 1998 498 usque

421 525 659 590 Talmin,
694 540 724 578 a
761 526 894 580 meis
947 522 1344 578 contribulibus
1377 524 1616 592 quinque
1661 523 1871 577 dierum
1912 523 1998 576 in-

421 617 651 672 tervallo
685 617 996 679 distantem,
1051 614 1118 668 ad
1151 613 1338 668 urbem
1375 629 1494 683 qua:
1541 614 1740 668 dicitur
1798 614 1996 667 Prima.

424 708 548 761 l'mc
572 709 700 762 olim
738 709 910 778 prima
946 706 1241 760 Thebaidis
1274 707 1421 768 urbs,
1469 705 1714 775 proxime
1745 721 1773 758 a
1800 703 2002 758 Barba-

423 799 538 850 rico
587 800 702 852 solo
761 797 972 861 aberat,
1012 811 1246 864 eamque
1289 798 1357 849 ob
1402 811 1622 849 causam
1659 811 1687 849 a
1741 793 2001 850 Romanis

423 887 616 942 Latino
642 888 906 942 vol-abulo
949 888 1125 942 Prima
1159 888 1455 951 nominata,
1496 903 1603 955 quo
1646 887 1812 941 etiam
1859 901 2002 941 nunc

425 982 644 1035 nomine
691 983 1000 1048 vocitatur,
1077 982 1328 1052 quamvis
1383 982 1540 1049 longo
1586 981 1700 1050 jam
1761 991 2004 1047 tempore

428 1069 648 1125 Barbari
708 1087 824 1125 eam
862 1073 966 1127 sibi
1007 1072 1361 1133 vindicarint,
1417 1088 1538 1124 cum
1599 1072 1723 1126 aliis
1773 1082 2005 1140 quatuor

423 1160 634 1228 appidis
705 1161 1034 1216 Phtenicone
1094 1202 1109 1227 ,
1158 1160 1403 1227 Chiride,
1453 1161 1694 1230 Thapide
1765 1171 1820 1215 et
1880 1160 2006 1214 Tal-

426 1253 588 1307 mide.
622 1253 678 1307 ln
717 1256 820 1309 hac
869 1255 1090 1325 regione
1139 1255 1418 1324 smaragdi
1478 1271 1538 1310 se
1589 1254 1802 1309 fudiuas
1852 1270 2004 1324 repe-

430 1343 566 1398 risse
633 1346 869 1400 scribit:
934 1348 1075 1400 unde
1156 1346 1536 1417 ZEgyptiorum
1605 1350 1822 1417 regibus
1877 1347 2005 1401 olim

428 1436 701 1507 smaragdi
756 1437 843 1490 illa
904 1449 1050 1492 tanta
1112 1440 1267 1507 copia
1319 1439 1719 1508 suppeditabat.
1774 1440 1840 1492 Et
1891 1439 2006 1494 haec

427 1527 645 1595 quidem
679 1527 1042 1583 Barbarorum
1103 1542 1258 1584 vates
1321 1530 1590 1599 inspicere
1644 1531 1996 1585 invitabant:

432 1633 616 1673 verum
652 1620 702 1672 id
741 1621 857 1674 sine
899 1621 1034 1675 bona
1071 1622 1214 1691 regis
1250 1622 1406 1675 venia
1441 1636 1547 1676 nOu
1577 1622 1790 1676 licebat.

503 1709 578 1763 De
621 1709 851 1766 Libanio
883 1715 1116 1780 quodam
1163 1714 1476 1765 admiranda
1509 1712 1696 1776 refert,
1745 1713 2006 1767 Asianum
2038 1727 2082 1786 Β

431 1815 628 1868 genere
671 1803 813 1857 hunc
863 1801 1110 1857 Honorio
1133 1814 1188 1856 et
1221 1804 1541 1858 Constantio
1575 1803 2000 1872 imperatoribus

433 1891 744 1948 Ravennam
803 1894 1057 1959 venisse,
1130 1910 1509 1964 sumtuumque
1582 1895 1885 1951 veneﬁcum
1941 1911 2006 1952 ac

435 1998 648 2053 magum
699 1983 888 2041 fuisse.
924 1986 1065 2040 Dicit
1091 1987 1234 2040 enim
1281 1987 1584 2056 professum
1640 2003 1783 2051 esse,
1833 1989 2007 2042 admi-

434 2076 597 2130 randa
628 2091 786 2146 posse
816 2092 874 2131 se
899 2079 1104 2148 absque
1143 2079 1371 2133 armatis
1408 2077 1716 2133 hominibus
1741 2078 2006 2134 adversus

433 2165 699 2221 Barbaros
751 2177 992 2236 patrare.
1035 2169 1108 2222 At
1159 2185 1282 2223 cum
1330 2169 1524 2224 deinde
1573 2172 2002 2238 experimentum

433 2257 688 2326 promissi
721 2258 979 2322 dedisset,
1007 2269 1063 2314 et
1095 2259 1237 2314 fama
1277 2261 1491 2330 longius
1517 2276 1742 2316 manans
1769 2262 1836 2315 ad
1860 2262 2007 2330 ipsas

433 2363 606 2417 usque
637 2349 888 2403 Placidia:
923 2365 1083 2406 aures
1113 2367 1386 2407 rumorem
1424 2352 1725 2418 detulisset,
1758 2366 2005 2408 necatum

433 2439 583 2494 illum
609 2453 752 2500 esse,
786 2443 1154 2496 comminante
1197 2439 1439 2496 Placidia
1485 2441 1698 2512 conjugi
1741 2441 2009 2498 Constan-

435 2532 511 2585 tio
541 2531 853 2598 divortium,
891 2535 994 2588 nisi
1025 2550 1056 2589 e
1086 2536 1225 2591 vivis
1271 2535 1553 2591 tolleretur
1583 2535 1846 2592 Libauius
1875 2553 2011 2607 pra:-

435 2624 683 2695 stigiator
712 2637 876 2695 atque
902 2627 1154 2685 inﬁdelis.

505 2716 856 2774 Constantius
882 2735 1082 2788 genere
1125 2719 1336 2792 Illyrius
1370 2721 1493 2787 fuit,
1541 2737 1572 2777 e
1607 2720 1829 2777 Panaso
1875 2722 2011 2776 urbe

436 2805 640 2871 Cadite,
669 2825 761 2879 qut
803 2811 986 2865 multis
1014 2812 1176 2866 obitis
1203 2810 1318 2880 jam
1349 2813 1476 2868 inde
1519 2828 1548 2866 a
1576 2811 1865 2867 Theodosii
1897 2811 2012 2865 Ma-

437 2899 528 2966 gni
557 2901 896 2967 temporibus
924 2900 1132 2954 militia:
1165 2902 1482 2957 muneribus
1506 2906 1572 2958 ad
1596 2918 1866 2958 summum
1894 2913 2012 2956 tan-

437 2990 688 3056 dem,uti
737 2990 994 3055 diximus,
1027 2992 1239 3059 imperii
1290 2993 1498 3062 apicem
1539 3004 1760 3047 evectus
1793 3003 1899 3046 est.
1963 2991 2011 3046 Is

2101 435 2387 504 Τάλμεως,
2439 431 2582 484 ὥστε
2638 429 2929 490 κάκείνους
2981 427 3111 487 τοὺς
3135 423 3347 494 χώρους
3372 422 3685 492 ἱστορῆσαι,

2099 526 2374 597 διέχοντας
2390 527 2436 558 ³⁵
2497 522 2605 578 ἀπὸ
2647 521 2754 576 τῶν
2799 519 2976 572 Φιλῶν
3017 519 3062 550 ’⁸
3119 517 3398 586 διάστημα
3455 514 3685 586 ἡμερῶν

2101 622 2286 682 πέντε,
2326 619 2486 689 μέχρι
2511 617 2719 679 πόλεως
2745 615 2844 682 τῆς
2869 609 3170 680 λεγομένης
3217 611 3424 680 Πρῖμα,
3474 608 3596 677 ἣτις
3621 607 3690 659 τὸ

2104 712 2331 766 παλαιὸν
2397 709 2588 782 πρώτη
2628 709 2781 771 πόλις
2843 708 2943 776 τῆς
2997 703 3266 774 Θηϐαΐδος
3295 702 3402 754 ἀπὸ
3430 700 3526 753 τοῦ
3553 699 3690 769 βαρ-

2103 804 2332 875 ϐαρικοῦ
2381 804 2647 872 ἐτύγχανε
2668 803 2710 833 ²⁷
2738 817 2749 828 ·
2779 799 2858 852 διδ
2889 797 3038 868 παρὰ
3065 796 3174 849 τῶν
3217 794 3506 864 Ῥωμαίων
3546 792 3689 844 Ῥω-

2107 893 2245 964 μαίᾳ
2293 896 2443 962 φωνῇ
2515 893 2698 962 Πρίμα
2731 891 2849 959 ἦτοι
2883 888 3075 959 πρώτη
3102 885 3417 954 ὠνομάσθη,
3451 885 3546 935 καὶ
3587 881 3689 934 νῦν

2102 984 2247 1038 οὕτω
2295 985 2541 1039 καλεῖται
2604 981 2782 1035 καίτοι
2838 982 2902 1032 ὲκ
2939 978 3136 1032 πολλοῦ
3190 977 3536 1029 οἰκειωθείσα
3570 975 3691 1035 τοῖς

2107 1077 2402 1148 βαρϐάροις
2431 1074 2548 1145 μεθ’
2568 1073 2769 1144 ἐτέρων
2787 1071 3071 1140 τεσσάρων
3086 1069 3316 1126 πόλεων,
3337 1064 3690 1127 Φοινικῶνος,

2102 1169 2360 1240 Χίριδος,
2404 1166 2662 1230 Θάπιδος,
2717 1163 3006 1234 Τάλμιδος.
3072 1159 3236 1232 Παρὰ
3272 1159 3496 1220 τούτους
3555 1156 3693 1217 τοὺς

2105 1262 2317 1334 χώρους
2357 1261 2492 1330 φησὶ
2525 1259 2620 1312 καὶ
2647 1257 2964 1329 σμαράγδου
3005 1253 3243 1325 μέταλλα
3280 1249 3422 1304 εἶναι
3470 1249 3693 1320 μαθεῖν,

2105 1353 2165 1420 ἐξ
2197 1347 2272 1406 ὧν
2297 1355 2410 1415 τοῖς
2433 1351 2748 1418 Αἰγυπτίων
2784 1347 3094 1418 βασιλεῦσιν
3115 1348 3149 1417 ἡ
3169 1344 3483 1415 σμάραγδος
3505 1341 3698 1395 ἐπλεό-

2106 1443 2258 1509 ναζε.
2292 1444 2400 1496 Καὶ
2426 1442 2619 1505 ταῦτα,
2653 1441 2837 1510 φησὶν,
2870 1441 2918 1492 οἰ
2951 1438 3228 1508 προφῆται
3255 1437 3361 1489 τῶν
3396 1434 3697 1506 βαρϐάρων

2106 1537 2451 1609 προῦτρεπόν
2481 1552 2547 1606 με
2571 1533 2875 1587 θεάσασθαι
2905 1548 2918 1560 ·
2957 1531 3073 1585 ἀλλ’
3113 1532 3212 1584 οὐκ
3241 1525 3310 1600 ἦν
3334 1528 3492 1582 τοῦτο
3529 1528 3696 1581 δυνα-

2106 1630 2200 1684 τὸν
2223 1629 2476 1698 γενέσθαι
2505 1629 2676 1698 χωρὶς
2711 1625 3008 1697 βασιλικῆς
3031 1621 3400 1694 προστάξεως.

2181 1724 2305 1777 ’Ότι
2358 1721 2614 1776 Λιϐάνιόν
2651 1737 2790 1772 τινα
2813 1717 3187 1788 τερατολογεῖ,
3218 1713 3469 1767 Ἀσιανδν
3505 1713 3568 1765 τὸ
3596 1712 3698 1779 γέ-

2112 1834 2223 1881 νος,
2253 1816 2394 1868 κατὰ
2429 1815 2528 1885 τὴν
2573 1813 2848 1885 βασιλείαν
2889 1811 3148 1881 Ὁνωρίου
3176 1808 3270 1862 καὶ
3307 1805 3700 1860 Κωνσταντίου

2113 1911 2203 1963 ἐπὶ
2217 1908 2509 1962 Ῥάϐενναν
2534 1904 2962 1979 παραγενέσθαι.
3000 1904 3206 1972 ’Ἄκρον
3237 1902 3292 1954 δὲ
3325 1899 3513 1952 τοῦτον
3551 1893 3701 1952 εἶναι

2111 2001 2445 2056 τελεστικόν.
2469 2001 2580 2054 Καὶ
2639 1998 2898 2053 δύνασθαι
2931 1996 2985 2049 δέ
3023 2013 3155 2064 φησι
3182 1993 3277 2047 καὶ
3301 1989 3690 2062 ὑπισχνεῖσθαι

2113 2095 2276 2148 αὐτὸν
2305 2095 2474 2165 χωρὶς
2516 2091 2753 2146 ὁπλιτῶν
2785 2089 2883 2145 καὶ
2912 2087 3058 2143 κατὰ
3081 2086 3384 2158 Βαρϐάρων
3428 2085 3703 2153 ἐνεργεῖν.

2112 2183 2246 2240 Εἶτα
2285 2188 2480 2254 πεῖραν
2509 2185 2652 2247 δοὺς,
2723 2182 2910 2252 φησιν,
2974 2175 3128 2242 οὗτος
3175 2181 3274 2248 τῆς
3322 2176 3699 2245 ὑποσχέσεως,

2114 2276 2208 2329 καὶ
2237 2275 2335 2343 τῆς
2385 2275 2574 2345 φήμης
2597 2271 2910 2342 δραμούσης
2957 2268 3096 2322 ὥστε
3122 2267 3215 2320 καὶ
3269 2264 3564 2318 Πλακιδίαν
3596 2261 3706 2328 τὴν

2117 2365 2364 2438 βασιλίδα
2423 2364 2655 2436 μαθεῖν.
2709 2364 3013 2434 ἀναιρεῖται
3060 2362 3088 2413 ό
3134 2357 3437 2426 τελεστὴς·
3476 2352 3704 2422 ἠπείλει

2113 2460 2224 2530 γὰρ
2243 2501 2258 2524 ,
2317 2459 2502 2528 φησὶν,
2525 2459 2559 2527 ἡ
2603 2455 2864 2509 Πλακιδία
2895 2452 3264 2520 Κωνσταντίῳ
3293 2445 3575 2520 χωρισμὸν
3599 2442 3708 2496 τοῦ

2115 2549 2297 2620 γάμου
2329 2590 2344 2612 ,
2397 2549 2447 2600 εἰ
2501 2548 2615 2611 τοῖς
2664 2544 2800 2608 ζῶσι
2877 2542 3132 2606 Λιϐάνιος
3180 2540 3226 2572 ³⁸
3290 2537 3696 2608 περιλείποιτο,

2115 2638 2254 2709 ἀνὴρ
2270 2638 2403 2706 γόης
2437 2636 2531 2689 καὶ
2563 2634 2811 2696 ἄπιστος.

2194 2730 2320 2783 Ὅτι
2373 2725 2752 2788 Κωνστάντιος
2803 2721 3066 2793 Ἰλλυριὸς
3124 2715 3193 2791 ἦν
3240 2717 3302 2772 τὸ
3350 2717 3530 2786 γένος,
3593 2713 3712 2797 ἀπὸ

2119 2822 2392 2878 Παναῖσου
2419 2821 2462 2852 ²⁹
2491 2817 2700 2880 πόλεως
2716 2817 2812 2885 τῆς
2841 2815 2969 2886 [HS
2999 2811 3097 2884 H.]~
3117 2810 3346 2874 Καδίας,
3378 2808 3475 2862 καὶ
3498 2805 3710 2869 πολλάς

2120 2915 2407 2986 στρατείας
2458 2913 2564 2966 ἀπὸ
2595 2909 2703 2965 τῶν
2761 2905 3044 2960 Θεοδοσίου
3094 2903 3302 2974 χρόνων
3327 2901 3422 2954 τοῦ
3457 2898 3713 2971 μεγάλου

2118 3008 2339 3061 διελθὼν
2397 3004 2622 3073 ὕστερον
2667 3003 2762 3055 καὶ
2811 2999 2911 3070 τὴν
2941 2999 2990 3030 ³⁸
3033 2995 3302 3066 βασίλειον
3358 2993 3570 3062 ἀρχὴν,
3629 2991 3710 3052 ὡς

436 3096 560 3136 cum
592 3091 787 3137 Caetera
821 3082 921 3136 l'uit
957 3082 1114 3138 laude
1149 3083 1367 3153 dignus,
1397 3093 1509 3138 tum
1537 3085 1680 3155 quod
1716 3084 1834 3138 auri
1863 3083 2010 3138 nulla

2122 3096 2247 3170 [196
2269 3093 2362 3166 IL]
2394 3093 2626 3166 ἐρρήθη,
2658 3090 2848 3143 ὑπέδυ.
2880 3083 2988 3140 Ἦν
3004 3085 3062 3138 δὲ
3082 3081 3252 3140 τᾶλλα
3275 3082 3372 3152 μὲν
3394 3080 3708 3170 ἐπαινετὸς,

445 3179 741 3249 cupiditate
794 3180 1066 3251 ﬂagraret,
1097 3181 1241 3252 620
1279 3191 1567 3251 antequam
1595 3182 1811 3251 quidem
1844 3180 2018 3236 Placi-

434 3271 540 3326 dite
580 3272 1019 3342 coniungeretur.
1056 3273 1188 3328 Nam
1222 3289 1284 3329 ea
1326 3290 1495 3329 uxore
1535 3275 1719 3339 ducta,
1754 3277 2016 3344 pecunia-

440 3378 561 3418 rum
601 3365 790 3419 avidus
820 3365 1010 3422 evasit.
1047 3363 1170 3434 lpso
1212 3380 1342 3434 ergo
1376 3375 1614 3430 mortuo,
1657 3381 1780 3419 cum
1830 3379 2017 3434 postu-

437 3456 566 3512 latis
619 3456 870 3511 homines
923 3455 1240 3511 Ravennam
1300 3459 1543 3526 undique
1614 3458 2013 3523 conﬂuxerunt,

437 3564 575 3618 quos
604 3549 762 3604 bonis
802 3549 892 3604 ille
919 3563 1016 3618 per
1046 3550 1298 3619 injuriam
1345 3552 1610 3606 exuisset.
1659 3548 1857 3606 Verum
1904 3551 2016 3606 Ho-

441 3641 606 3707 norii,
667 3642 864 3712 inquit,
921 3644 1141 3709 leuitas,
1191 3654 1247 3699 et
1293 3643 1548 3699 Placidia;
1586 3659 1709 3698 cum
1749 3658 1818 3698 eo
1869 3653 2018 3699 arcta

440 3736 606 3791 nimis
648 3736 1010 3799 familiaritas,
1057 3736 1274 3794 frustra
1316 3748 1374 3790 ut
1407 3747 1590 3792 essent
1617 3737 1700 3792 ba:
1731 3737 2022 3806 quaerimo—

441 3828 569 3892 πίω.
596 3829 882 3898 multisque
910 3830 1046 3882 adeo
1074 3827 1216 3896 juris
1255 3829 1334 3883 vis
1365 3845 1429 3883 ac
1485 3830 1724 3897 potentia
1745 3868 1762 3893 ,
1816 3829 2018 3884 effecit.

518 3917 738 3972 llonorii
770 3933 897 3988 erga
940 3933 1182 3974 sororem
1220 3918 1378 3972 insita
1429 3917 1644 3972 all‘ectio
1703 3928 1849 3971 tanta
1901 3918 2020 3980 l'uit,

441 4027 508 4069 ex
538 4027 647 4081 quo
679 4011 1034 4066 Constantius
1080 4011 1197 4080 ejus
1247 4013 1482 4065 maritus
1528 4011 1638 4065 vita
1673 4011 1929 4075 decessit,
1964 4021 2022 4064 ut

443 4105 654 4172 perdite
681 4105 848 4158 nimis
877 4104 1130 4167 amando,
1163 4111 1218 4158 et
1246 4104 1461 4157 assidue
1496 4118 1559 4156 os
1607 4104 1726 4170 ejus
1773 4102 2022 4156 osculan-

444 4198 537 4258 do,
571 4196 742 4265 turpis
782 4198 924 4264 apud
969 4195 1166 4250 multos
1199 4197 1609 4251 consuetudinis
1659 4194 2022 4264 suSpicionem

2121 3169 2216 3244 καὶ
2239 3188 2539 3258 χρημάτων
2570 3183 2626 3237 δὲ
2658 3180 2924 3253 κρείττων
2955 3178 3084 3247 πρὶν
3111 3175 3144 3246 ἢ
3177 3171 3516 3240 συναφθῆναι
3555 3169 3710 3222 Πλα-

2120 3282 2269 3352 κιδίᾳ
2293 3296 2306 3308 ·
2372 3270 2496 3332 ἐπεὶ
2521 3274 2579 3329 δὲ
2611 3272 2758 3343 αὐτῇ
2790 3273 2831 3303 ³³
2867 3267 3212 3333 συνέζευκτο,
3245 3267 3321 3327 είς
3357 3263 3709 3333 φιλοχρημα-

2119 3373 2240 3428 τίαν
2270 3369 2547 3436 ὲξώκειλε.
2591 3365 2747 3421 Μετὰ
2781 3362 2967 3434 μέντοι
2991 3361 3082 3414 τὸν
3113 3356 3280 3412 αὑτοῦ
3309 3355 3537 3409 θάνατον
3575 3353 3708 3424 δεήο

2123 3483 2237 3528 σεις
2260 3463 2381 3516 κατ’
2407 3458 2574 3514 αὐτοῦ
2597 3457 2705 3510 τῶν
2731 3457 2813 3519 εἰς
2851 3454 3112 3524 χρήματα
3132 3450 3175 3480 ³⁸
3209 3447 3579 3518 ἀδικηθέντων
3607 3445 3710 3496 ἐπὶ

2133 3555 2430 3611 Ῥάϐενναν
2455 3548 2794 3618 πανταχόθεν
2822 3545 3144 3615 συνέρρεον⁹
3177 3539 3293 3593 ἀλλ’
3395 3536 3489 3590 τοῦ
3529 3536 3706 3590 Ὀνω-

2125 3649 2266 3722 ρίου,
2327 3647 2480 3716 φησὶ,
2539 3640 2813 3709 κουφότης
2855 3637 2949 3690 καὶ
2990 3636 3024 3706 ή
3063 3633 3161 3703 τῆς
3208 3629 3506 3722 Πλακιδίας
3567 3627 3714 3722 πρὸς

2124 3718 2289 3794 αὐτὸν
2342 3735 2616 3802 οἰκειότης
2667 3729 2982 3799 ἀπράκτους
3011 3724 3190 3778 αὐτῶν
3214 3721 3312 3786 τὰς
3335 3722 3580 3792 αἰτήσεις
3613 3718 3716 3776 καὶ

2123 3830 2221 3902 τὴν
2255 3829 2410 3900 ἰσχὺν
2440 3826 2534 3880 τοῦ
2563 3823 2774 3878 δικαίου
2807 3819 3108 3887 ἀπέφηνεν.

2198 3920 2326 3973 Ὅτι
2354 3915 2589 3985 τοσαύτη
2611 3913 2850 3976 διάθεσις
2867 3909 3107 3982 Ὁνωρίῳ
3125 3908 3170 3940 ³³
3204 3905 3342 3977 πρὸς
3369 3903 3467 3975 τὴν
3495 3903 3718 3957 οἰκείαν-

2124 4010 2388 4081 άδελφὴν,
2450 4009 2509 4074 ἐξ
2566 4002 2737 4078 οὗπερ
2782 4006 2811 4057 ὁ
2862 4003 3066 4072 ταύτης
3127 4000 3265 4071 ἀνὴρ
3329 3997 3713 4058 Κωνστάντιος

2127 4103 2361 4168 άπεϐίω,
2419 4098 2872 4172 παρεμπεφύκει,
2919 4096 2995 4159 ὡς
3057 4093 3156 4166 τὴν
3195 4094 3432 4163 ἄμετρον
3485 4090 3720 4158 ἀγάπην.

2127 4195 2308 4250 αὐτῶν
2331 4195 2375 4227 ³³⁵
2409 4195 2498 4248 καὶ
2522 4193 2591 4246 τά
2631 4191 2829 4261 συνεχῆ
2889 4189 3032 4243 κατὰ
3100 4188 3276 4258 στόμα
3316 4185 3600 4255 φιλήματα
3631 4185 3712 4245 εἰς

445 4306 555 4345 non
585 4290 854 4359 ell'ugerit.
879 4288 985 4344 Sed
1017 4289 1103 4344 hic
1149 4304 1303 4342 amor
1346 4289 1399 4342 in
1442 4298 1649 4342 tantum
1682 4288 1830 4343 brevi
1865 4286 2013 4340 vertil

2133 4287 2402 4358 ὑπόληψιν
2445 4285 2678 4356 αἰσχρὰν
2705 4283 2902 4344 αὐτοὺς
2920 4281 2967 4313 ³⁵
3019 4283 3132 4342 τοῖς
3163 4277 3377 4339 πολλοῖς
3426 4274 3714 4345 ἐμϐαλεῖν.

447 4383 653 4446 odium,
685 4373 1112 4436 allaborantihus
1151 4378 1397 4450 Spadusa
1425 4379 1561 4448 (56),
1594 4387 1757 4447 atque
1791 4377 2022 4446 Elpidia,

449 4475 702 4533 Placidia:
732 4477 966 4539 nutrice,
1010 4473 1209 4543 quibus
1253 4473 1339 4526 illa
1378 4471 1652 4526 tribuebat
1691 4469 2024 4541 plurimum;

448 4572 730 4642 adjurante
763 4570 891 4624 item
939 4569 1085 4638 ipsas
1130 4566 1367 4622 Leonteo
1413 4565 1554 4620 illius
1585 4572 1840 4619 curatore
1891 4563 2026 4632 (57),

2147 4381 2310 4433 Ἀλλὰ
2373 4377 2613 4446 τοσαύτη
2667 4374 2833 4427 πάλιν
2891 4371 3076 4432 αὐτοῖς
3143 4365 3477 4436 ὲναπετέχθη
3541 4363 3716 4433 ἔχθρα.

2062 4433 2104 4485 D
2134 4472 2336 4543 σπουδῇ
2363 4433 2678 4538 Σπαδούσης
2693 4466 2737 4497 ³⁸
2759 4465 2851 4517 καὶ
2868 4461 3143 4524 Ἐλπιδίας
3170 4433 3544 4531 (τροφὸς-δ’ἦν
3570 4455 3720 4526 αὕτη

2135 4563 2476 4632 Πλακιδίας),
2507 4555 2594 4624 αἷς
2622 4560 2716 4613 καὶ
2739 4557 2809 4610 τὰ
2830 4555 3001 4608 πολλὰ
3027 4555 3306 4625 προσεῖχε,
3328 4569 3389 4604 συ
3399 4549 3715 4620 μπράττον-

450 4641 523 4718 ιιι
562 4674 619 4718 et
665 4663 960 4718 seditiones
1009 4661 1284 4715 Ravennae
1337 4659 1646 4725 frequenter
1705 4655 2013 4710 exsisterein

2136 4673 2226 4719 τος
2272 4656 2464 4717 αὑταῖς
2510 4653 2606 4706 καὶ
2652 4651 2930 4714 Λεοντέως
2979 4646 3073 4701 τοῦ
3117 4644 3320 4714 ταύτης
3359 4641 3714 4711 κουράτορος,

451 4754 788 4822 (adhaerebat
821 4754 966 4808 enim
1021 4752 1121 4822 ipsi
1181 4752 1358 4805 adhuc
1406 4747 1769 4802 Barbarorum
1828 4746 2025 4810 turba,

456 4859 576 4897 cum
609 4861 676 4899 ex
723 4844 1014 4913 Adaulphi,
1075 4853 1186 4896 tum
1220 4857 1286 4897 ex
1340 4837 1647 4896 Constantii
1684 4834 2026 4905 imperatoris

451 4933 738 5006 coniugiis)
793 4944 848 4988 et
891 4935 1117 4989 vulnera
1169 4933 1330 4988 etiam
1368 4933 1621 5000 utrinque
1673 4927 2025 4984 inferrentur.

454 5026 642 5092 Donec,
666 5026 882 5086 tandem
913 5027 982 5081 ob
1027 5040 1122 5083 eas.
1164 5026 1308 5096 ipsas
1363 5023 1700 5090 inimicitias,
1752 5030 1807 5076 et
1858 5022 2027 5092 priori

2141 4747 2283 4801 ὥστε
2315 4747 2534 4810 στάσεις
2563 4746 2662 4817 μὲν
2695 4743 2956 4806 πολλάκις
2983 4744 3040 4794 ἐν
3068 4742 3134 4810 τῇ
3169 4737 3431 4809 Ῥαϐέννῃ
3453 4734 3718 4803 συστῆναι

2137 4839 2357 4910 (περιῆν
2386 4838 2495 4910 γὰρ
2541 4837 2768 4908 κάκείνῃ
2801 4835 3006 4902 πλῆθος
3033 4830 3323 4902 βαρϐάρων
3354 4831 3418 4881 ὲκ
3453 4826 3550 4896 τῆς
3577 4823 3720 4894 πρὸς

2150 4929 2480 4997 Ἀδαοῢλφον
2538 4925 2839 4996 συναφείας
2883 4925 2978 4978 καὶ
3002 4924 3065 4976 ἐκ
3110 4922 3208 4991 τῆς
3257 4919 3393 4990 πρὸς
3421 4916 3719 4969 Κωνστάν-

2137 5039 2258 5075 τιον
2294 5020 2580 5091 συζυγίας)
2603 5019 2698 5073 καὶ
2725 5017 2942 5089 πληγὰς
2969 5016 3028 5069 δὲ
3050 5011 3335 5086 προελθεῖν
3362 5008 3421 5076 ἐξ
3450 5005 3717 5075 ἑκατέρου

1750 5187 1988 5244 ΫΑΒΙᾸΞ
2026 5185 2429 5245 LECTIONES.

529 5288 576 5320 ⁸⁸
604 5287 796 5356 μέχρις
821 5303 883 5350 ς.
919 5285 967 5317 ’⁵
987 5284 1256 5354 διέχοντος
1291 5302 1350 5349 ς.
1389 5285 1636 5338 Labbeus
1664 5285 1912 5355 διέχοντα
1940 5287 2020 5339 vel
2049 5285 2355 5355 διεχούσης.

535 5356 800 5410 οιλίποιτο
829 5361 942 5410 τοῖς
970 5355 1139 5410 ζῶσιν
1166 5372 1230 5410 ς-
1331 5357 1376 5399 ’³
1407 5355 1516 5407 ἀπὸ
1545 5356 1750 5408 Ναῖσου
1779 5355 2051 5410 Labbcus.
2126 5358 2171 5390 ³⁰
2200 5357 2294 5410 καὶ
2320 5372 2346 5408 ε

459 5355 800 5427 αἐριλίποιτο
829 5361 942 5420 τοῖς
970 5355 1139 5420 ζῶσιν
1166 5372 1230 5419 ς,

2432 5282 2663 5350 ²⁸φίλων
2695 5297 2756 5344 ς.
2832 5279 2876 5309 ’⁷
2902 5275 3220 5342 διετύγχανε
3248 5289 3314 5350 ς.
3387 5269 3434 5302 ³⁸
3462 5265 3717 5350 ᾼιϐάνιος

2126 5338 2400 5418 ﬁxam;
2427 5338 2526 5422 τὴν
2557 5369 2618 5416 ς.
2676 5338 2738 5422 νίί
2771 5351 2908 5417 αὐτῇ
2944 5338 3170 5422 βόαξ-Ἄ.
3247 5343 3290 5422 ³1⁸
3315 5338 3614 5422 χρημάτων
3649 5351 3716 5400 ς.

459 5410 507 5460 53
533 5410 806 5500 ⁶Ὄνιιυρίου
923 5410 938 5420 ’
979 5410 1038 5460 ’³⁸
1067 5410 1249 5480 αὐτῖῦν
1311 5412 1533 5504 ἀγάπήν
1567 5443 1628 5500 ς.
1705 5427 1750 5459 ³⁵
1773 5426 1995 5492 αὐτοὺςι
2039 5410 2236 5489 Ἵσιύτῶν
2264 5428 2330 5480 Α.
2380 5410 2451 5456 ’³⁸
2475 5410 2795 5492 Σπᾶδούσης
2870 5410 2965 5471 ³ῖαί
2993 5419 3039 5470 Α
3066 5435 3079 5470 ⁵
3109 5410 3513 5480 σπουδαζούσης
3540 5424 3606 5474 ς’

1935 5539 2166 5598 NOTAE.

529 5633 645 5706 (ξῆίῑ)
673 5631 816 5706 Lego
837 5633 1175 5706 Σπαδούσης,
1204 5635 1328 5688 dum
1363 5635 1490 5706 quid
1520 5637 1720 5690 certius
1741 5635 2028 5704 reperiam.

536 5689 651 5776 ζεῖ)
691 5689 891 5765 Palatii
923 5689 1173 5773 forsitan,
1199 5708 1292 5778 qui
1317 5689 1660 5778 Cu'ropatatcs
1685 5689 1898 5784 quoque
1929 5703 2250 5776 appellatus.
2287 5697 2422 5755 Vide
2444 5707 2497 5752 et
2521 5695 2762 5752 Brisson.
2796 5689 3045 5746 Lexicon.
