  <div class='ocr_page' id='page_1' title='image "/cluster/home/n/w/nwhite01/storage/ocr_20150623/103 pt.3/mdp.39015061933738/146.png"; bbox 0 0 3942 6234; ppageno 0'>
   <div class='ocr_carea' id='block_1_1' title="bbox 206 244 3517 311">
    <p class='ocr_par' dir='ltr' id='par_1_1' title="bbox 206 244 3517 311">
     <span class='ocr_line' id='line_1_1' title="bbox 206 244 3517 311; baseline -0.001 -1"><span class='ocrx_word' id='word_1_1' title='bbox 206 244 314 311; x_wconf 69' lang='grc' dir='ltr'><strong>ΞΠ</strong></span> <span class='ocrx_word' id='word_1_2' title='bbox 1228 248 1757 311; x_wconf 82' lang='lat' dir='ltr'><strong>BIBLIOTHECA.</strong></span> <span class='ocrx_word' id='word_1_3' title='bbox 1783 276 1850 287; x_wconf 79' lang='lat'><strong><em>-—</em></strong></span> <span class='ocrx_word' id='word_1_4' title='bbox 1878 249 2042 311; x_wconf 89' lang='lat' dir='ltr'><strong>COD.</strong></span> <span class='ocrx_word' id='word_1_5' title='bbox 2067 248 2297 309; x_wconf 80' lang='lat' dir='ltr'><strong>LXXX.</strong></span> <span class='ocrx_word' id='word_1_6' title='bbox 3397 244 3517 308; x_wconf 70' lang='grc' dir='ltr'><strong>2ῗῦ</strong></span> 
     </span>
    </p>
   </div>
   <div class='ocr_carea' id='block_1_2' title="bbox 213 354 1770 431">
    <p class='ocr_par' dir='ltr' id='par_1_2' title="bbox 213 355 1770 431">
     <span class='ocr_line' id='line_1_2' title="bbox 213 355 1770 431; baseline -0.001 -19"><span class='ocrx_word' id='word_1_7' title='bbox 213 360 435 431; x_wconf 72' lang='grc' dir='ltr'>μέρους.</span> <span class='ocrx_word' id='word_1_8' title='bbox 484 357 656 423; x_wconf 78' lang='grc' dir='ltr'>Τέλος</span> <span class='ocrx_word' id='word_1_9' title='bbox 705 358 772 412; x_wconf 70' lang='grc' dir='ltr'>ὲκ</span> <span class='ocrx_word' id='word_1_10' title='bbox 799 355 906 428; x_wconf 79' lang='grc' dir='ltr'>τῆς</span> <span class='ocrx_word' id='word_1_11' title='bbox 942 356 1281 429; x_wconf 72' lang='grc' dir='ltr'><strong>ἀναφθείσης</strong></span> <span class='ocrx_word' id='word_1_12' title='bbox 1335 358 1551 429; x_wconf 76' lang='grc' dir='ltr'><strong>ἐκείνης</strong></span> <span class='ocrx_word' id='word_1_13' title='bbox 1605 357 1770 428; x_wconf 57' lang='grc' dir='ltr'>ἔχθρα</span> 
     </span>
    </p>
   </div>
   <div class='ocr_carea' id='block_1_3' title="bbox 1947 354 3504 431">
    <p class='ocr_par' dir='ltr' id='par_1_3' title="bbox 1949 354 3504 427">
     <span class='ocr_line' id='line_1_3' title="bbox 1949 354 3504 427; baseline 0 -16"><span class='ocrx_word' id='word_1_14' title='bbox 1949 358 2087 412; x_wconf 90' lang='lat' dir='ltr'><strong>mori</strong></span> <span class='ocrx_word' id='word_1_15' title='bbox 2129 374 2226 427; x_wconf 89' lang='lat' dir='ltr'><strong>par</strong></span> <span class='ocrx_word' id='word_1_16' title='bbox 2255 372 2397 412; x_wconf 92' lang='lat' dir='ltr'><strong>nunc</strong></span> <span class='ocrx_word' id='word_1_17' title='bbox 2420 355 2636 419; x_wconf 90' lang='lat' dir='ltr'><strong>odium,</strong></span> <span class='ocrx_word' id='word_1_18' title='bbox 2672 354 3200 426; x_wconf 73' lang='lat' dir='ltr'><strong>Constantinopolim</strong></span> <span class='ocrx_word' id='word_1_19' title='bbox 3238 355 3504 424; x_wconf 78' lang='lat' dir='ltr'><strong>Placidia,</strong></span> 
     </span>
    </p>
   </div>
   <div class='ocr_carea' id='block_1_4' title="bbox 210 445 1767 522">
    <p class='ocr_par' dir='ltr' id='par_1_4' title="bbox 210 448 1767 522">
     <span class='ocr_line' id='line_1_4' title="bbox 210 448 1767 522; baseline 0.001 -19"><span class='ocrx_word' id='word_1_20' title='bbox 210 453 305 504; x_wconf 72' lang='grc' dir='ltr'>καὶ</span> <span class='ocrx_word' id='word_1_21' title='bbox 334 448 432 503; x_wconf 85' lang='grc' dir='ltr'><strong>τοῦ</strong></span> <span class='ocrx_word' id='word_1_22' title='bbox 468 449 809 522; x_wconf 79' lang='grc' dir='ltr'>ἀντιῤῥὸπου</span> <span class='ocrx_word' id='word_1_23' title='bbox 843 450 943 519; x_wconf 85' lang='grc' dir='ltr'>τῆς</span> <span class='ocrx_word' id='word_1_24' title='bbox 974 451 1106 520; x_wconf 73' lang='grc' dir='ltr'>πρὶν</span> <span class='ocrx_word' id='word_1_25' title='bbox 1142 449 1326 519; x_wconf 81' lang='grc' dir='ltr'><strong>φιλίας</strong></span> <span class='ocrx_word' id='word_1_26' title='bbox 1358 450 1550 522; x_wconf 82' lang='grc' dir='ltr'><strong>μίσους</strong></span> <span class='ocrx_word' id='word_1_27' title='bbox 1578 452 1657 515; x_wconf 82' lang='grc' dir='ltr'><strong>είς</strong></span> <span class='ocrx_word' id='word_1_28' title='bbox 1707 451 1767 504; x_wconf 77' lang='grc' dir='ltr'>Βι</span> 
     </span>
    </p>
   </div>
   <div class='ocr_carea' id='block_1_5' title="bbox 1949 445 3506 522">
    <p class='ocr_par' dir='ltr' id='par_1_5' title="bbox 1949 445 3506 519">
     <span class='ocr_line' id='line_1_5' title="bbox 1949 445 3506 519; baseline -0.002 -18"><span class='ocrx_word' id='word_1_29' title='bbox 1949 458 2077 502; x_wconf 78' lang='lat' dir='ltr'><strong>-atre</strong></span> <span class='ocrx_word' id='word_1_30' title='bbox 2099 448 2446 519; x_wconf 60' lang='lat' dir='ltr'><strong>pravalente,</strong></span> <span class='ocrx_word' id='word_1_31' title='bbox 2478 462 2601 502; x_wconf 92' lang='lat' dir='ltr'><strong>cum</strong></span> <span class='ocrx_word' id='word_1_32' title='bbox 2636 447 2830 502; x_wconf 90' lang='lat' dir='ltr'><strong>liberis</strong></span> <span class='ocrx_word' id='word_1_33' title='bbox 2874 446 3171 517; x_wconf 87' lang='lat' dir='ltr'><strong>ablegatur.</strong></span> <span class='ocrx_word' id='word_1_34' title='bbox 3213 445 3377 502; x_wconf 84' lang='lat' dir='ltr'><strong>Solus</strong></span> <span class='ocrx_word' id='word_1_35' title='bbox 3401 448 3506 498; x_wconf 82' lang='lat' dir='ltr'><strong>Bo-</strong></span> 
     </span>
    </p>
   </div>
   <div class='ocr_carea' id='block_1_6' title="bbox 213 537 1770 613">
    <p class='ocr_par' dir='ltr' id='par_1_6' title="bbox 213 540 1770 613">
     <span class='ocr_line' id='line_1_6' title="bbox 213 540 1770 613; baseline 0 -19"><span class='ocrx_word' id='word_1_36' title='bbox 213 542 433 605; x_wconf 79' lang='grc' dir='ltr'>ζάντιον</span> <span class='ocrx_word' id='word_1_37' title='bbox 459 541 749 607; x_wconf 83' lang='grc' dir='ltr'>Πλακιδία,</span> <span class='ocrx_word' id='word_1_38' title='bbox 778 540 872 594; x_wconf 88' lang='grc' dir='ltr'><strong>τοῦ</strong></span> <span class='ocrx_word' id='word_1_39' title='bbox 897 542 1131 610; x_wconf 73' lang='grc' dir='ltr'>ἀδελφοῦ</span> <span class='ocrx_word' id='word_1_40' title='bbox 1185 540 1676 613; x_wconf 80' lang='grc' dir='ltr'>ὑπερισχύσαντος,</span> <span class='ocrx_word' id='word_1_41' title='bbox 1708 543 1770 594; x_wconf 76' lang='grc' dir='ltr'>σὺ</span> 
     </span>
    </p>
   </div>
   <div class='ocr_carea' id='block_1_7' title="bbox 1951 537 3508 613">
    <p class='ocr_par' dir='ltr' id='par_1_7' title="bbox 1954 537 3508 604">
     <span class='ocr_line' id='line_1_7' title="bbox 1954 537 3508 604; baseline -0.002 -9"><span class='ocrx_word' id='word_1_42' title='bbox 1954 541 2145 597; x_wconf 82' lang='lat' dir='ltr'><strong>ifacius</strong></span> <span class='ocrx_word' id='word_1_43' title='bbox 2185 540 2343 595; x_wconf 82' lang='lat' dir='ltr'><strong>ﬁdem</strong></span> <span class='ocrx_word' id='word_1_44' title='bbox 2393 540 2468 594; x_wconf 92' lang='lat' dir='ltr'><strong>illi</strong></span> <span class='ocrx_word' id='word_1_45' title='bbox 2527 554 2775 604; x_wconf 89' lang='lat' dir='ltr'><strong>servans,</strong></span> <span class='ocrx_word' id='word_1_46' title='bbox 2836 554 2958 594; x_wconf 90' lang='lat' dir='ltr'><strong>cum</strong></span> <span class='ocrx_word' id='word_1_47' title='bbox 3023 553 3091 594; x_wconf 77' lang='lat' dir='ltr'><strong>ex</strong></span> <span class='ocrx_word' id='word_1_48' title='bbox 3147 537 3355 599; x_wconf 80' lang='lat' dir='ltr'><strong>Africa.</strong></span> <span class='ocrx_word' id='word_1_49' title='bbox 3417 538 3508 593; x_wconf 84' lang='lat' dir='ltr'><strong>cui</strong></span> 
     </span>
    </p>
   </div>
   <div class='ocr_carea' id='block_1_8' title="bbox 211 630 1768 705">
    <p class='ocr_par' dir='ltr' id='par_1_8' title="bbox 211 630 1768 704">
     <span class='ocr_line' id='line_1_8' title="bbox 211 630 1768 704; baseline 0.001 -20"><span class='ocrx_word' id='word_1_50' title='bbox 211 633 327 694; x_wconf 79' lang='grc' dir='ltr'>τοὶς</span> <span class='ocrx_word' id='word_1_51' title='bbox 366 630 597 695; x_wconf 81' lang='grc' dir='ltr'>οἰκείοις</span> <span class='ocrx_word' id='word_1_52' title='bbox 642 633 834 686; x_wconf 74' lang='grc' dir='ltr'>παισὶν</span> <span class='ocrx_word' id='word_1_53' title='bbox 900 632 1230 703; x_wconf 78' lang='grc' dir='ltr'>ὲξορίζεται.</span> <span class='ocrx_word' id='word_1_54' title='bbox 1288 635 1401 687; x_wconf 78' lang='grc' dir='ltr'><strong>Καὶ</strong></span> <span class='ocrx_word' id='word_1_55' title='bbox 1465 633 1628 704; x_wconf 83' lang='grc' dir='ltr'><strong>μόνος</strong></span> <span class='ocrx_word' id='word_1_56' title='bbox 1666 634 1768 686; x_wconf 86' lang='grc' dir='ltr'><strong>αύτ</strong></span> 
     </span>
    </p>
   </div>
   <div class='ocr_carea' id='block_1_9' title="bbox 1945 630 3502 705">
    <p class='ocr_par' dir='ltr' id='par_1_9' title="bbox 1945 631 3502 704">
     <span class='ocr_line' id='line_1_9' title="bbox 1945 631 3502 704; baseline -0.002 -16"><span class='ocrx_word' id='word_1_57' title='bbox 1945 644 2164 700; x_wconf 66' lang='grc' dir='ltr'><strong>ιΓὶΒΘΙἬῐ,</strong></span> <span class='ocrx_word' id='word_1_58' title='bbox 2218 634 2527 704; x_wconf 81' lang='lat' dir='ltr'><strong>pecuniam,</strong></span> <span class='ocrx_word' id='word_1_59' title='bbox 2575 642 2633 686; x_wconf 94' lang='lat' dir='ltr'><strong>ut</strong></span> <span class='ocrx_word' id='word_1_60' title='bbox 2675 642 2908 701; x_wconf 87' lang='lat' dir='ltr'><strong>poterat,</strong></span> <span class='ocrx_word' id='word_1_61' title='bbox 2953 631 3227 696; x_wconf 76' lang='lat' dir='ltr'><strong>submisit,</strong></span> <span class='ocrx_word' id='word_1_62' title='bbox 3271 643 3381 685; x_wconf 89' lang='lat' dir='ltr'><strong>tum</strong></span> <span class='ocrx_word' id='word_1_63' title='bbox 3437 634 3502 685; x_wconf 87' lang='lat' dir='ltr'><strong>ad</strong></span> 
     </span>
    </p>
   </div>
   <div class='ocr_carea' id='block_1_10' title="bbox 214 724 1771 798">
    <p class='ocr_par' dir='ltr' id='par_1_10' title="bbox 214 724 1771 798">
     <span class='ocr_line' id='line_1_10' title="bbox 214 724 1771 798; baseline 0.002 -22"><span class='ocrx_word' id='word_1_64' title='bbox 214 724 555 793; x_wconf 80' lang='grc' dir='ltr'>Βονηφάτιος</span> <span class='ocrx_word' id='word_1_65' title='bbox 581 726 649 779; x_wconf 71' lang='grc' dir='ltr'><strong>τὰ</strong></span> <span class='ocrx_word' id='word_1_66' title='bbox 690 726 857 780; x_wconf 86' lang='grc' dir='ltr'>πιστά</span> <span class='ocrx_word' id='word_1_67' title='bbox 902 725 1188 794; x_wconf 75' lang='grc' dir='ltr'><strong>φυλάττων</strong></span> <span class='ocrx_word' id='word_1_68' title='bbox 1227 726 1337 779; x_wconf 67' lang='grc' dir='ltr'>ἀπὸ</span> <span class='ocrx_word' id='word_1_69' title='bbox 1379 726 1479 797; x_wconf 83' lang='grc' dir='ltr'>τῆς</span> <span class='ocrx_word' id='word_1_70' title='bbox 1514 726 1771 798; x_wconf 74' lang='grc' dir='ltr'>Ἀφρικῆς</span> 
     </span>
    </p>
   </div>
   <div class='ocr_carea' id='block_1_11' title="bbox 1957 724 3514 798">
    <p class='ocr_par' dir='ltr' id='par_1_11' title="bbox 1957 724 3514 795">
     <span class='ocr_line' id='line_1_11' title="bbox 1957 724 3514 795; baseline -0.001 -16"><span class='ocrx_word' id='word_1_71' title='bbox 1957 727 2021 779; x_wconf 90' lang='lat' dir='ltr'><strong>lia</strong></span> <span class='ocrx_word' id='word_1_72' title='bbox 2051 728 2098 780; x_wconf 90' lang='lat' dir='ltr'><strong>ei</strong></span> <span class='ocrx_word' id='word_1_73' title='bbox 2139 726 2397 795; x_wconf 88' lang='lat' dir='ltr'><strong>obsequia</strong></span> <span class='ocrx_word' id='word_1_74' title='bbox 2431 738 2629 795; x_wconf 67' lang='lat' dir='ltr'><strong>prmsto</strong></span> <span class='ocrx_word' id='word_1_75' title='bbox 2658 725 2776 778; x_wconf 79' lang='lat' dir='ltr'><strong>fuit.</strong></span> <span class='ocrx_word' id='word_1_76' title='bbox 2819 724 2920 791; x_wconf 87' lang='lat' dir='ltr'><strong>Qui</strong></span> <span class='ocrx_word' id='word_1_77' title='bbox 2967 732 3085 793; x_wconf 81' lang='lat' dir='ltr'><strong>post</strong></span> <span class='ocrx_word' id='word_1_78' title='bbox 3140 724 3325 789; x_wconf 86' lang='lat' dir='ltr'><strong>etiam,</strong></span> <span class='ocrx_word' id='word_1_79' title='bbox 3358 735 3417 779; x_wconf 92' lang='lat' dir='ltr'><strong>ut</strong></span> <span class='ocrx_word' id='word_1_80' title='bbox 3441 724 3514 778; x_wconf 89' lang='lat' dir='ltr'><strong>ad</strong></span> 
     </span>
    </p>
   </div>
   <div class='ocr_carea' id='block_1_12' title="bbox 219 814 1776 899">
    <p class='ocr_par' dir='ltr' id='par_1_12' title="bbox 219 814 1776 899">
     <span class='ocr_line' id='line_1_12' title="bbox 219 814 1776 899; baseline -0.015 -10"><span class='ocrx_word' id='word_1_81' title='bbox 219 814 292 890; x_wconf 71' lang='grc' dir='ltr'><strong>ἦς</strong></span> <span class='ocrx_word' id='word_1_82' title='bbox 318 815 483 899; x_wconf 68' lang='grc' dir='ltr'><strong>ἦρχε.</strong></span> <span class='ocrx_word' id='word_1_83' title='bbox 539 820 628 871; x_wconf 77' lang='grc' dir='ltr'>καὶ</span> <span class='ocrx_word' id='word_1_84' title='bbox 662 820 924 889; x_wconf 84' lang='grc' dir='ltr'>χρήματα</span> <span class='ocrx_word' id='word_1_85' title='bbox 944 819 1019 882; x_wconf 81' lang='grc' dir='ltr'>ὡς</span> <span class='ocrx_word' id='word_1_86' title='bbox 1043 817 1267 872; x_wconf 80' lang='grc' dir='ltr'>ἐδύνατο</span> <span class='ocrx_word' id='word_1_87' title='bbox 1300 818 1516 889; x_wconf 72' lang='grc' dir='ltr'>ἔπεμπε</span> <span class='ocrx_word' id='word_1_88' title='bbox 1552 819 1647 874; x_wconf 71' lang='grc' dir='ltr'>καὶ</span> <span class='ocrx_word' id='word_1_89' title='bbox 1676 819 1776 872; x_wconf 55' lang='lat' dir='ltr'><strong>me</strong></span> 
     </span>
    </p>
   </div>
   <div class='ocr_carea' id='block_1_13' title="bbox 1839 814 3396 899">
    <p class='ocr_par' dir='ltr' id='par_1_13' title="bbox 1923 814 3396 885">
     <span class='ocr_line' id='line_1_13' title="bbox 1923 814 3396 885; baseline -0.002 -15"><span class='ocrx_word' id='word_1_90' title='bbox 1923 817 2213 884; x_wconf 86' lang='lat' dir='ltr'><strong>imperium</strong></span> <span class='ocrx_word' id='word_1_91' title='bbox 2249 819 2363 871; x_wconf 69' lang='lat' dir='ltr'><strong>bazc</strong></span> <span class='ocrx_word' id='word_1_92' title='bbox 2400 817 2622 881; x_wconf 83' lang='lat' dir='ltr'><strong>rediret,</strong></span> <span class='ocrx_word' id='word_1_93' title='bbox 2653 816 2783 870; x_wconf 83' lang='lat' dir='ltr'><strong>nihil</strong></span> <span class='ocrx_word' id='word_1_94' title='bbox 2818 830 2922 870; x_wconf 92' lang='lat' dir='ltr'><strong>non</strong></span> <span class='ocrx_word' id='word_1_95' title='bbox 2959 814 3108 881; x_wconf 83' lang='lat' dir='ltr'><strong>fecit,</strong></span> <span class='ocrx_word' id='word_1_96' title='bbox 3144 815 3396 885; x_wconf 85' lang='lat' dir='ltr'><strong>tulitque.</strong></span> 
     </span>
    </p>
   </div>
   <div class='ocr_carea' id='block_1_14' title="bbox 216 908 3515 986">
    <p class='ocr_par' dir='ltr' id='par_1_14' title="bbox 216 908 3515 986">
     <span class='ocr_line' id='line_1_14' title="bbox 216 908 3515 986; baseline -0.002 -19"><span class='ocrx_word' id='word_1_97' title='bbox 216 917 322 983; x_wconf 78' lang='grc' dir='ltr'>τὴν</span> <span class='ocrx_word' id='word_1_98' title='bbox 350 914 523 984; x_wconf 81' lang='grc' dir='ltr'>ἀλλην</span> <span class='ocrx_word' id='word_1_99' title='bbox 564 916 726 979; x_wconf 74' lang='grc' dir='ltr'>αὐτὸς</span> <span class='ocrx_word' id='word_1_100' title='bbox 762 915 989 969; x_wconf 81' lang='grc' dir='ltr'><strong>ἔσπευδε</strong></span> <span class='ocrx_word' id='word_1_101' title='bbox 1039 914 1357 985; x_wconf 74' lang='grc' dir='ltr'>θεραπείαν,</span> <span class='ocrx_word' id='word_1_102' title='bbox 1419 914 1645 986; x_wconf 77' lang='grc' dir='ltr'>ὕστερον</span> <span class='ocrx_word' id='word_1_103' title='bbox 1698 914 1757 967; x_wconf 77' lang='grc' dir='ltr'>δὲ</span> <span class='ocrx_word' id='word_1_104' title='bbox 1799 911 1896 966; x_wconf 62' lang='grc' dir='ltr'><strong>καὶ¹</strong></span> <span class='ocrx_word' id='word_1_105' title='bbox 1927 914 2007 977; x_wconf 81' lang='grc' dir='ltr'><strong>είς</strong></span> <span class='ocrx_word' id='word_1_106' title='bbox 2072 913 2172 984; x_wconf 85' lang='grc' dir='ltr'>τὴν</span> <span class='ocrx_word' id='word_1_107' title='bbox 2221 912 2319 983; x_wconf 81' lang='grc' dir='ltr'>τῆς</span> <span class='ocrx_word' id='word_1_108' title='bbox 2383 911 2662 983; x_wconf 76' lang='grc' dir='ltr'><strong>βασιλείας</strong></span> <span class='ocrx_word' id='word_1_109' title='bbox 2715 909 2981 981; x_wconf 73' lang='grc' dir='ltr'><strong>ἀνάληψιν</strong></span> <span class='ocrx_word' id='word_1_110' title='bbox 3026 910 3243 964; x_wconf 75' lang='grc' dir='ltr'>ἅπαντα</span> <span class='ocrx_word' id='word_1_111' title='bbox 3290 908 3515 962; x_wconf 73' lang='grc' dir='ltr'>συνεϐά-</span> 
     </span>
    </p>
   </div>
   <div class='ocr_carea' id='block_1_15' title="bbox 219 1014 366 1067">
    <p class='ocr_par' dir='ltr' id='par_1_15' title="bbox 219 1014 366 1067">
     <span class='ocr_line' id='line_1_15' title="bbox 219 1014 366 1067; baseline 0.007 -1"><span class='ocrx_word' id='word_1_112' title='bbox 219 1014 366 1067; x_wconf 84' lang='grc' dir='ltr'>λετο.</span> 
     </span>
    </p>
   </div>
   <div class='ocr_carea' id='block_1_16' title="bbox 296 1096 1853 1179">
    <p class='ocr_par' dir='ltr' id='par_1_16' title="bbox 296 1104 1809 1179">
     <span class='ocr_line' id='line_1_16' title="bbox 296 1104 1809 1179; baseline 0.001 -21"><span class='ocrx_word' id='word_1_113' title='bbox 296 1109 424 1162; x_wconf 83' lang='grc' dir='ltr'><strong>Ὀτι</strong></span> <span class='ocrx_word' id='word_1_114' title='bbox 474 1108 732 1179; x_wconf 80' lang='grc' dir='ltr'>Ὀνώριος</span> <span class='ocrx_word' id='word_1_115' title='bbox 778 1105 1013 1177; x_wconf 84' lang='grc' dir='ltr'>ὐδερικῷ</span> <span class='ocrx_word' id='word_1_116' title='bbox 1069 1106 1340 1177; x_wconf 83' lang='grc' dir='ltr'><strong>νοσήματι</strong></span> <span class='ocrx_word' id='word_1_117' title='bbox 1379 1106 1542 1170; x_wconf 80' lang='grc' dir='ltr'>ἁλοὺς</span> <span class='ocrx_word' id='word_1_118' title='bbox 1598 1105 1705 1176; x_wconf 72' lang='grc' dir='ltr'><strong>πρὸ</strong></span> <span class='ocrx_word' id='word_1_119' title='bbox 1750 1104 1809 1171; x_wconf 80' lang='grc' dir='ltr'><strong>ἓξ</strong></span> 
     </span>
    </p>
   </div>
   <div class='ocr_carea' id='block_1_17' title="bbox 1951 1096 3508 1179">
    <p class='ocr_par' dir='ltr' id='par_1_17' title="bbox 1991 1096 3508 1168">
     <span class='ocr_line' id='line_1_17' title="bbox 1991 1096 3508 1168; baseline -0.003 -13"><span class='ocrx_word' id='word_1_120' title='bbox 1991 1099 2261 1155; x_wconf 85' lang='lat' dir='ltr'><strong>Honorius</strong></span> <span class='ocrx_word' id='word_1_121' title='bbox 2287 1112 2440 1168; x_wconf 65' lang='lat' dir='ltr'><strong>aquae</strong></span> <span class='ocrx_word' id='word_1_122' title='bbox 2477 1096 2761 1151; x_wconf 90' lang='lat' dir='ltr'><strong>intercutis</strong></span> <span class='ocrx_word' id='word_1_123' title='bbox 2807 1097 2995 1151; x_wconf 88' lang='lat' dir='ltr'><strong>morbo</strong></span> <span class='ocrx_word' id='word_1_124' title='bbox 3025 1106 3332 1165; x_wconf 82' lang='lat' dir='ltr'><strong>correptus,</strong></span> <span class='ocrx_word' id='word_1_125' title='bbox 3383 1107 3508 1150; x_wconf 87' lang='lat' dir='ltr'><strong>ante</strong></span> 
     </span>
    </p>
   </div>
   <div class='ocr_carea' id='block_1_18' title="bbox 223 1186 1780 1269">
    <p class='ocr_par' dir='ltr' id='par_1_18' title="bbox 223 1197 1775 1269">
     <span class='ocr_line' id='line_1_18' title="bbox 223 1197 1775 1269; baseline -0.003 -16"><span class='ocrx_word' id='word_1_126' title='bbox 223 1200 513 1254; x_wconf 77' lang='grc' dir='ltr'>καλανδῶν</span> <span class='ocrx_word' id='word_1_127' title='bbox 572 1198 963 1269; x_wconf 78' lang='grc' dir='ltr'>Σεπτεμϐρίων</span> <span class='ocrx_word' id='word_1_128' title='bbox 1008 1197 1272 1269; x_wconf 77' lang='grc' dir='ltr'>τελευτᾷ’</span> <span class='ocrx_word' id='word_1_129' title='bbox 1333 1198 1432 1251; x_wconf 78' lang='grc' dir='ltr'>καὶ</span> <span class='ocrx_word' id='word_1_130' title='bbox 1487 1198 1775 1267; x_wconf 75' lang='grc' dir='ltr'><strong>πέμποντα</strong></span> 
     </span>
    </p>
   </div>
   <div class='ocr_carea' id='block_1_19' title="bbox 1952 1186 3509 1269">
    <p class='ocr_par' dir='ltr' id='par_1_19' title="bbox 1960 1186 3509 1258">
     <span class='ocr_line' id='line_1_19' title="bbox 1960 1186 3509 1258; baseline -0.001 -15"><span class='ocrx_word' id='word_1_131' title='bbox 1960 1191 2061 1245; x_wconf 90' lang='lat' dir='ltr'><strong>iem</strong></span> <span class='ocrx_word' id='word_1_132' title='bbox 2106 1204 2155 1242; x_wconf 77' lang='lat' dir='ltr'><strong>vr</strong></span> <span class='ocrx_word' id='word_1_133' title='bbox 2188 1186 2307 1242; x_wconf 86' lang='lat' dir='ltr'><strong>Kal.</strong></span> <span class='ocrx_word' id='word_1_134' title='bbox 2361 1187 2639 1257; x_wconf 78' lang='lat' dir='ltr'><strong>Septemb.</strong></span> <span class='ocrx_word' id='word_1_135' title='bbox 2672 1186 2781 1258; x_wconf 75' lang='lat'><strong>(58)</strong></span> <span class='ocrx_word' id='word_1_136' title='bbox 2812 1188 2976 1241; x_wconf 90' lang='lat' dir='ltr'><strong>vitam</strong></span> <span class='ocrx_word' id='word_1_137' title='bbox 3014 1188 3171 1252; x_wconf 79' lang='lat' dir='ltr'><strong>(iniit,</strong></span> <span class='ocrx_word' id='word_1_138' title='bbox 3217 1187 3509 1257; x_wconf 64' lang='lat' dir='ltr'><strong>missaeque</strong></span> 
     </span>
    </p>
   </div>
   <div class='ocr_carea' id='block_1_20' title="bbox 225 1279 1782 1362">
    <p class='ocr_par' dir='ltr' id='par_1_20' title="bbox 225 1289 1782 1362">
     <span class='ocr_line' id='line_1_20' title="bbox 225 1289 1782 1362; baseline -0.003 -17"><span class='ocrx_word' id='word_1_139' title='bbox 225 1294 539 1362; x_wconf 82' lang='grc' dir='ltr'>γράμματα</span> <span class='ocrx_word' id='word_1_140' title='bbox 566 1290 702 1362; x_wconf 80' lang='grc' dir='ltr'>πρὸς</span> <span class='ocrx_word' id='word_1_141' title='bbox 727 1290 770 1322; x_wconf 82' lang='grc'>³⁷</span> <span class='ocrx_word' id='word_1_142' title='bbox 802 1290 902 1359; x_wconf 78' lang='grc' dir='ltr'><strong>τὴν</strong></span> <span class='ocrx_word' id='word_1_143' title='bbox 948 1289 1212 1359; x_wconf 82' lang='grc' dir='ltr'>ἀνατολὴν</span> <span class='ocrx_word' id='word_1_144' title='bbox 1235 1292 1326 1342; x_wconf 71' lang='grc' dir='ltr'>τὸν</span> <span class='ocrx_word' id='word_1_145' title='bbox 1351 1289 1618 1360; x_wconf 79' lang='grc' dir='ltr'>βασιλέως</span> <span class='ocrx_word' id='word_1_146' title='bbox 1646 1289 1782 1343; x_wconf 78' lang='grc' dir='ltr'>θάνα</span> 
     </span>
    </p>
   </div>
   <div class='ocr_carea' id='block_1_21' title="bbox 1943 1279 3500 1362">
    <p class='ocr_par' dir='ltr' id='par_1_21' title="bbox 1951 1279 3500 1350">
     <span class='ocr_line' id='line_1_21' title="bbox 1951 1279 3500 1350; baseline -0.001 -15"><span class='ocrx_word' id='word_1_147' title='bbox 1951 1300 1980 1335; x_wconf 90' lang='lat' dir='ltr'><strong>n</strong></span> <span class='ocrx_word' id='word_1_148' title='bbox 2023 1281 2371 1336; x_wconf 82' lang='lat' dir='ltr'><strong>Occidentem</strong></span> <span class='ocrx_word' id='word_1_149' title='bbox 2397 1280 2610 1344; x_wconf 84' lang='lat' dir='ltr'><strong>litter:e,</strong></span> <span class='ocrx_word' id='word_1_150' title='bbox 2645 1279 2871 1350; x_wconf 81' lang='lat' dir='ltr'><strong>Augusti</strong></span> <span class='ocrx_word' id='word_1_151' title='bbox 2902 1288 3132 1334; x_wconf 90' lang='lat' dir='ltr'><strong>mortem</strong></span> <span class='ocrx_word' id='word_1_152' title='bbox 3164 1280 3500 1335; x_wconf 84' lang='lat' dir='ltr'><strong>nuntiantes.</strong></span> 
     </span>
    </p>
   </div>
   <div class='ocr_carea' id='block_1_22' title="bbox 224 1371 1781 1452">
    <p class='ocr_par' dir='ltr' id='par_1_22' title="bbox 224 1373 1781 1452">
     <span class='ocr_line' id='line_1_22' title="bbox 224 1373 1781 1452; baseline -0.001 -18"><span class='ocrx_word' id='word_1_153' title='bbox 224 1400 321 1435; x_wconf 89' lang='grc' dir='ltr'><strong>τον</strong></span> <span class='ocrx_word' id='word_1_154' title='bbox 364 1381 665 1452; x_wconf 79' lang='grc' dir='ltr'>μηνύοντα.</span> <span class='ocrx_word' id='word_1_155' title='bbox 701 1383 790 1435; x_wconf 87' lang='grc' dir='ltr'><strong>Ἐν</strong></span> <span class='ocrx_word' id='word_1_156' title='bbox 818 1373 863 1449; x_wconf 83' lang='grc' dir='ltr'>ᾧ</span> <span class='ocrx_word' id='word_1_157' title='bbox 887 1380 944 1433; x_wconf 82' lang='grc' dir='ltr'>δὲ</span> <span class='ocrx_word' id='word_1_158' title='bbox 976 1381 1152 1436; x_wconf 87' lang='grc' dir='ltr'>ταῦτα</span> <span class='ocrx_word' id='word_1_159' title='bbox 1184 1381 1516 1451; x_wconf 76' lang='grc' dir='ltr'><strong>ἐπέμποντο,</strong></span> <span class='ocrx_word' id='word_1_160' title='bbox 1558 1382 1781 1451; x_wconf 82' lang='grc' dir='ltr'>Ἰωάννη</span> 
     </span>
    </p>
   </div>
   <div class='ocr_carea' id='block_1_23' title="bbox 1960 1371 3517 1452">
    <p class='ocr_par' dir='ltr' id='par_1_23' title="bbox 1960 1371 3517 1442">
     <span class='ocr_line' id='line_1_23' title="bbox 1960 1371 3517 1442; baseline 0.001 -17"><span class='ocrx_word' id='word_1_161' title='bbox 1960 1377 2058 1441; x_wconf 62' lang='lat' dir='ltr'><strong>Quae</strong></span> <span class='ocrx_word' id='word_1_162' title='bbox 2084 1376 2209 1428; x_wconf 91' lang='lat' dir='ltr'><strong>dum</strong></span> <span class='ocrx_word' id='word_1_163' title='bbox 2246 1373 2388 1426; x_wconf 90' lang='lat' dir='ltr'><strong>ultro</strong></span> <span class='ocrx_word' id='word_1_164' title='bbox 2438 1374 2687 1442; x_wconf 89' lang='lat' dir='ltr'><strong>citroque</strong></span> <span class='ocrx_word' id='word_1_165' title='bbox 2744 1372 3056 1436; x_wconf 91' lang='lat' dir='ltr'><strong>mittuntur,</strong></span> <span class='ocrx_word' id='word_1_166' title='bbox 3109 1371 3351 1429; x_wconf 79' lang='lat' dir='ltr'><strong>Joannes</strong></span> <span class='ocrx_word' id='word_1_167' title='bbox 3398 1376 3517 1442; x_wconf 89' lang='lat' dir='ltr'><strong>qui-</strong></span> 
     </span>
    </p>
   </div>
   <div class='ocr_carea' id='block_1_24' title="bbox 226 1464 1783 1546">
    <p class='ocr_par' dir='ltr' id='par_1_24' title="bbox 226 1469 1783 1546">
     <span class='ocr_line' id='line_1_24' title="bbox 226 1469 1783 1546; baseline -0.001 -19"><span class='ocrx_word' id='word_1_168' title='bbox 226 1492 315 1538; x_wconf 85' lang='grc' dir='ltr'><strong>τις</strong></span> <span class='ocrx_word' id='word_1_169' title='bbox 343 1474 689 1544; x_wconf 74' lang='grc' dir='ltr'>αὖθεντήσας</span> <span class='ocrx_word' id='word_1_170' title='bbox 712 1477 986 1545; x_wconf 78' lang='grc' dir='ltr'>τυραννεῖ.</span> <span class='ocrx_word' id='word_1_171' title='bbox 1005 1469 1195 1545; x_wconf 80' lang='grc' dir='ltr'>Ἐφ’οῦ</span> <span class='ocrx_word' id='word_1_172' title='bbox 1218 1476 1313 1527; x_wconf 73' lang='grc' dir='ltr'><strong>καὶ</strong></span> <span class='ocrx_word' id='word_1_173' title='bbox 1334 1475 1433 1545; x_wconf 80' lang='grc' dir='ltr'>τῆς</span> <span class='ocrx_word' id='word_1_174' title='bbox 1461 1476 1783 1546; x_wconf 78' lang='grc' dir='ltr'>ἀναῤῥήσεω</span> 
     </span>
    </p>
   </div>
   <div class='ocr_carea' id='block_1_25' title="bbox 1958 1464 3515 1546">
    <p class='ocr_par' dir='ltr' id='par_1_25' title="bbox 1958 1464 3515 1538">
     <span class='ocr_line' id='line_1_25' title="bbox 1958 1464 3515 1538; baseline -0.001 -19"><span class='ocrx_word' id='word_1_175' title='bbox 1958 1471 2053 1520; x_wconf 72' lang='lat' dir='ltr'><strong>lam</strong></span> <span class='ocrx_word' id='word_1_176' title='bbox 2106 1465 2453 1538; x_wconf 84' lang='lat' dir='ltr'><strong>tyrannidem</strong></span> <span class='ocrx_word' id='word_1_177' title='bbox 2506 1465 2814 1535; x_wconf 82' lang='lat' dir='ltr'><strong>occupavit,</strong></span> <span class='ocrx_word' id='word_1_178' title='bbox 2864 1475 3025 1534; x_wconf 89' lang='lat' dir='ltr'><strong>atque</strong></span> <span class='ocrx_word' id='word_1_179' title='bbox 3056 1464 3173 1534; x_wconf 87' lang='lat' dir='ltr'><strong>ejus</strong></span> <span class='ocrx_word' id='word_1_180' title='bbox 3222 1464 3515 1535; x_wconf 85' lang='lat' dir='ltr'><strong>inaugura-</strong></span> 
     </span>
    </p>
   </div>
   <div class='ocr_carea' id='block_1_26' title="bbox 229 1555 1786 1663">
    <p class='ocr_par' dir='ltr' id='par_1_26' title="bbox 229 1566 1783 1639">
     <span class='ocr_line' id='line_1_26' title="bbox 229 1566 1783 1639; baseline -0.001 -20"><span class='ocrx_word' id='word_1_181' title='bbox 229 1566 533 1636; x_wconf 81' lang='grc' dir='ltr'>γινομένης</span> <span class='ocrx_word' id='word_1_182' title='bbox 559 1567 603 1598; x_wconf 80' lang='grc'><strong>³⁸</strong></span> <span class='ocrx_word' id='word_1_183' title='bbox 630 1566 837 1639; x_wconf 74' lang='grc' dir='ltr'>ἐρρήθη</span> <span class='ocrx_word' id='word_1_184' title='bbox 887 1566 1076 1639; x_wconf 82' lang='grc' dir='ltr'>ὥσπερ</span> <span class='ocrx_word' id='word_1_185' title='bbox 1125 1566 1232 1619; x_wconf 84' lang='grc' dir='ltr'><strong>ἀπό</strong></span> <span class='ocrx_word' id='word_1_186' title='bbox 1258 1583 1403 1630; x_wconf 85' lang='grc' dir='ltr'>τινος</span> <span class='ocrx_word' id='word_1_187' title='bbox 1450 1568 1783 1637; x_wconf 83' lang='grc' dir='ltr'>προρῤήσεω</span> 
     </span>
    </p>
   </div>
   <div class='ocr_carea' id='block_1_27' title="bbox 1960 1555 3517 1663">
    <p class='ocr_par' dir='ltr' id='par_1_27' title="bbox 1960 1555 3517 1628">
     <span class='ocr_line' id='line_1_27' title="bbox 1960 1555 3517 1628; baseline -0.002 -15"><span class='ocrx_word' id='word_1_188' title='bbox 1960 1562 2075 1614; x_wconf 82' lang='grc' dir='ltr'><strong>ἱοηο</strong></span> <span class='ocrx_word' id='word_1_189' title='bbox 2105 1559 2339 1628; x_wconf 91' lang='lat' dir='ltr'><strong>imperii,</strong></span> <span class='ocrx_word' id='word_1_190' title='bbox 2389 1568 2645 1626; x_wconf 87' lang='lat' dir='ltr'><strong>tanquam</strong></span> <span class='ocrx_word' id='word_1_191' title='bbox 2679 1558 2745 1612; x_wconf 91' lang='lat' dir='ltr'><strong>ab</strong></span> <span class='ocrx_word' id='word_1_192' title='bbox 2792 1557 2980 1626; x_wconf 89' lang='lat' dir='ltr'><strong>aliquo</strong></span> <span class='ocrx_word' id='word_1_193' title='bbox 3017 1555 3212 1612; x_wconf 58' lang='lat' dir='ltr'><strong>futura!</strong></span> <span class='ocrx_word' id='word_1_194' title='bbox 3264 1557 3340 1610; x_wconf 88' lang='lat' dir='ltr'><strong>rei</strong></span> <span class='ocrx_word' id='word_1_195' title='bbox 3388 1572 3517 1611; x_wconf 86' lang='lat' dir='ltr'><strong>ora-</strong></span> 
     </span>
    </p>
   </div>
   <div class='ocr_carea' id='block_1_28' title="bbox 231 1646 1788 1728">
    <p class='ocr_par' dir='ltr' id='par_1_28' title="bbox 231 1657 1780 1728">
     <span class='ocr_line' id='line_1_28' title="bbox 231 1657 1780 1728; baseline 0 -19"><span class='ocrx_word' id='word_1_196' title='bbox 231 1657 578 1728; x_wconf 55' lang='lat' dir='ltr'><strong>xpoaxeév’“</strong></span> <span class='ocrx_word' id='word_1_197' title='bbox 604 1657 846 1722; x_wconf 79' lang='grc' dir='ltr'>«Πίπτει,</span> <span class='ocrx_word' id='word_1_198' title='bbox 866 1659 927 1710; x_wconf 87' lang='grc' dir='ltr'><strong>ού</strong></span> <span class='ocrx_word' id='word_1_199' title='bbox 947 1660 1187 1727; x_wconf 72' lang='grc' dir='ltr'>στήκει.»</span> <span class='ocrx_word' id='word_1_200' title='bbox 1208 1659 1299 1710; x_wconf 75' lang='grc' dir='ltr'>καὶ</span> <span class='ocrx_word' id='word_1_201' title='bbox 1320 1657 1379 1711; x_wconf 77' lang='grc' dir='ltr'><strong>τὸ</strong></span> <span class='ocrx_word' id='word_1_202' title='bbox 1406 1658 1609 1727; x_wconf 80' lang='grc' dir='ltr'>πλῆθος</span> <span class='ocrx_word' id='word_1_203' title='bbox 1628 1658 1780 1711; x_wconf 81' lang='grc' dir='ltr'>ὥσπε</span> 
     </span>
    </p>
   </div>
   <div class='ocr_carea' id='block_1_29' title="bbox 1952 1646 3509 1728">
    <p class='ocr_par' dir='ltr' id='par_1_29' title="bbox 1952 1646 3509 1719">
     <span class='ocr_line' id='line_1_29' title="bbox 1952 1646 3509 1719; baseline 0.001 -18"><span class='ocrx_word' id='word_1_204' title='bbox 1952 1649 2049 1704; x_wconf 89' lang='lat' dir='ltr'><strong>:ulo</strong></span> <span class='ocrx_word' id='word_1_205' title='bbox 2078 1688 2095 1715; x_wconf 90' lang='lat'><strong>,</strong></span> <span class='ocrx_word' id='word_1_206' title='bbox 2124 1647 2327 1717; x_wconf 78' lang='lat' dir='ltr'><strong>iactum</strong></span> <span class='ocrx_word' id='word_1_207' title='bbox 2356 1658 2441 1703; x_wconf 90' lang='lat' dir='ltr'><strong>est</strong></span> <span class='ocrx_word' id='word_1_208' title='bbox 2468 1667 2481 1703; x_wconf 89' lang='lat'><strong>:</strong></span> <span class='ocrx_word' id='word_1_209' title='bbox 2522 1666 2542 1699; x_wconf 80' lang='grc' dir='ltr'><strong>ι</strong></span> <span class='ocrx_word' id='word_1_210' title='bbox 2579 1646 2756 1711; x_wconf 85' lang='lat' dir='ltr'><strong>Cadit,</strong></span> <span class='ocrx_word' id='word_1_211' title='bbox 2786 1662 2894 1702; x_wconf 90' lang='lat' dir='ltr'><strong>non</strong></span> <span class='ocrx_word' id='word_1_212' title='bbox 2928 1656 3070 1715; x_wconf 79' lang='lat' dir='ltr'><strong>stat;</strong></span> <span class='ocrx_word' id='word_1_213' title='bbox 3108 1665 3129 1699; x_wconf 69' lang='grc' dir='ltr'><strong>ι</strong></span> <span class='ocrx_word' id='word_1_214' title='bbox 3161 1648 3300 1717; x_wconf 91' lang='lat' dir='ltr'><strong>quod</strong></span> <span class='ocrx_word' id='word_1_215' title='bbox 3328 1647 3509 1719; x_wconf 76' lang='lat' dir='ltr'><strong>vulgus</strong></span> 
     </span>
    </p>
   </div>
   <div class='ocr_carea' id='block_1_30' title="bbox 230 1739 1787 1818">
    <p class='ocr_par' dir='ltr' id='par_1_30' title="bbox 230 1746 1785 1818">
     <span class='ocr_line' id='line_1_30' title="bbox 230 1746 1785 1818; baseline 0.001 -19"><span class='ocrx_word' id='word_1_216' title='bbox 230 1746 564 1808; x_wconf 78' lang='grc' dir='ltr'><strong>ἀναλύοντες</strong></span> <span class='ocrx_word' id='word_1_217' title='bbox 576 1746 621 1779; x_wconf 71' lang='grc'><strong>⁸⁸</strong></span> <span class='ocrx_word' id='word_1_218' title='bbox 636 1746 728 1800; x_wconf 73' lang='grc' dir='ltr'><strong>ἐπὶ</strong></span> <span class='ocrx_word' id='word_1_219' title='bbox 746 1748 806 1800; x_wconf 87' lang='grc' dir='ltr'>τὸ</span> <span class='ocrx_word' id='word_1_220' title='bbox 834 1746 1054 1818; x_wconf 50' lang='lat' dir='ltr'><strong>mea“</strong></span> <span class='ocrx_word' id='word_1_221' title='bbox 1078 1748 1446 1818; x_wconf 74' lang='grc' dir='ltr'>ἀναφωνοῦσιο</span> <span class='ocrx_word' id='word_1_222' title='bbox 1477 1748 1731 1818; x_wconf 79' lang='grc' dir='ltr'><strong>(Στήκει,</strong></span> <span class='ocrx_word' id='word_1_223' title='bbox 1757 1765 1785 1800; x_wconf 94' lang='grc' dir='ltr'>ο</span> 
     </span>
    </p>
   </div>
   <div class='ocr_carea' id='block_1_31' title="bbox 1963 1739 3520 1818">
    <p class='ocr_par' dir='ltr' id='par_1_31' title="bbox 1969 1739 3520 1796">
     <span class='ocr_line' id='line_1_31' title="bbox 1969 1739 3520 1796; baseline -0.001 -2"><span class='ocrx_word' id='word_1_224' title='bbox 1969 1743 2131 1796; x_wconf 88' lang='lat' dir='ltr'><strong>ictum</strong></span> <span class='ocrx_word' id='word_1_225' title='bbox 2187 1740 2462 1796; x_wconf 83' lang='lat' dir='ltr'><strong>iuvertcns</strong></span> <span class='ocrx_word' id='word_1_226' title='bbox 2520 1740 2900 1795; x_wconf 76' lang='lat' dir='ltr'><strong>exclamabat:</strong></span> <span class='ocrx_word' id='word_1_227' title='bbox 2963 1758 2981 1792; x_wconf 81' lang='grc' dir='ltr'><strong>ι</strong></span> <span class='ocrx_word' id='word_1_228' title='bbox 3047 1739 3208 1796; x_wconf 86' lang='lat' dir='ltr'><strong>Stat.</strong></span> <span class='ocrx_word' id='word_1_229' title='bbox 3266 1754 3371 1794; x_wconf 88' lang='lat' dir='ltr'><strong>non</strong></span> <span class='ocrx_word' id='word_1_230' title='bbox 3429 1756 3520 1792; x_wconf 76' lang='lat' dir='ltr'><strong>ca-</strong></span> 
     </span>
    </p>
   </div>
   <div class='ocr_carea' id='block_1_32' title="bbox 232 1835 1789 1892">
    <p class='ocr_par' dir='ltr' id='par_1_32' title="bbox 232 1838 488 1892">
     <span class='ocr_line' id='line_1_32' title="bbox 232 1838 488 1892; baseline 0.004 -1"><span class='ocrx_word' id='word_1_231' title='bbox 232 1838 488 1892; x_wconf 78' lang='grc' dir='ltr'>πίπτει.)</span> 
     </span>
    </p>
   </div>
   <div class='ocr_carea' id='block_1_33' title="bbox 527 1835 2084 1892">
    <p class='ocr_par' dir='ltr' id='par_1_33' title="bbox 1931 1835 2084 1889">
     <span class='ocr_line' id='line_1_33' title="bbox 1931 1835 2084 1889; baseline -0.02 0"><span class='ocrx_word' id='word_1_232' title='bbox 1931 1835 2031 1889; x_wconf 87' lang='lat' dir='ltr'><strong>dit.</strong></span> <span class='ocrx_word' id='word_1_233' title='bbox 2066 1853 2084 1886; x_wconf 76' lang='grc' dir='ltr'><strong>ι</strong></span> 
     </span>
    </p>
   </div>
   <div class='ocr_carea' id='block_1_34' title="bbox 310 1926 1867 2003">
    <p class='ocr_par' dir='ltr' id='par_1_34' title="bbox 310 1927 1833 2003">
     <span class='ocr_line' id='line_1_34' title="bbox 310 1927 1833 2003; baseline 0 -21"><span class='ocrx_word' id='word_1_234' title='bbox 310 1931 439 1983; x_wconf 83' lang='grc' dir='ltr'><strong>Ὀτι</strong></span> <span class='ocrx_word' id='word_1_235' title='bbox 470 1929 809 2000; x_wconf 79' lang='grc' dir='ltr'>Βονηφάτιος</span> <span class='ocrx_word' id='word_1_236' title='bbox 848 1932 992 2002; x_wconf 84' lang='grc' dir='ltr'>ἀνὴρ</span> <span class='ocrx_word' id='word_1_237' title='bbox 1014 1927 1083 2003; x_wconf 82' lang='grc' dir='ltr'><strong>ἦν</strong></span> <span class='ocrx_word' id='word_1_238' title='bbox 1103 1932 1362 2003; x_wconf 73' lang='grc' dir='ltr'>ἡρωϊκὸς,</span> <span class='ocrx_word' id='word_1_239' title='bbox 1408 1932 1501 1985; x_wconf 72' lang='grc' dir='ltr'><strong>καὶ</strong></span> <span class='ocrx_word' id='word_1_240' title='bbox 1538 1932 1679 1985; x_wconf 81' lang='grc' dir='ltr'>κατὰ</span> <span class='ocrx_word' id='word_1_241' title='bbox 1704 1930 1833 1985; x_wconf 88' lang='grc' dir='ltr'>πολ-</span> 
     </span>
    </p>
   </div>
   <div class='ocr_carea' id='block_1_35' title="bbox 1961 1926 3518 2003">
    <p class='ocr_par' dir='ltr' id='par_1_35' title="bbox 2002 1926 3518 1999">
     <span class='ocr_line' id='line_1_35' title="bbox 2002 1926 3518 1999; baseline 0 -20"><span class='ocrx_word' id='word_1_242' title='bbox 2002 1926 2311 1982; x_wconf 83' lang='lat' dir='ltr'><strong>Bonifacius</strong></span> <span class='ocrx_word' id='word_1_243' title='bbox 2344 1926 2457 1999; x_wconf 80' lang='lat'><strong>(59)</strong></span> <span class='ocrx_word' id='word_1_244' title='bbox 2496 1927 2580 1981; x_wconf 89' lang='lat' dir='ltr'><strong>vir</strong></span> <span class='ocrx_word' id='word_1_245' title='bbox 2614 1938 2734 1982; x_wconf 87' lang='lat' dir='ltr'><strong>erat</strong></span> <span class='ocrx_word' id='word_1_246' title='bbox 2772 1927 3050 1992; x_wconf 83' lang='lat' dir='ltr'><strong>heroicus,</strong></span> <span class='ocrx_word' id='word_1_247' title='bbox 3079 1927 3171 1997; x_wconf 92' lang='lat' dir='ltr'><strong>qui</strong></span> <span class='ocrx_word' id='word_1_248' title='bbox 3202 1941 3325 1982; x_wconf 92' lang='lat' dir='ltr'><strong>cum</strong></span> <span class='ocrx_word' id='word_1_249' title='bbox 3378 1928 3518 1979; x_wconf 85' lang='lat' dir='ltr'><strong>tnui-</strong></span> 
     </span>
    </p>
   </div>
   <div class='ocr_carea' id='block_1_36' title="bbox 231 2021 1788 2097">
    <p class='ocr_par' dir='ltr' id='par_1_36' title="bbox 231 2022 1788 2097">
     <span class='ocr_line' id='line_1_36' title="bbox 231 2022 1788 2097; baseline 0.001 -20"><span class='ocrx_word' id='word_1_250' title='bbox 231 2022 347 2077; x_wconf 77' lang='grc' dir='ltr'><strong>λῶν</strong></span> <span class='ocrx_word' id='word_1_251' title='bbox 401 2023 666 2088; x_wconf 80' lang='grc' dir='ltr'>πολλάκις</span> <span class='ocrx_word' id='word_1_252' title='bbox 714 2024 1007 2096; x_wconf 76' lang='grc' dir='ltr'>βαρϐάρων</span> <span class='ocrx_word' id='word_1_253' title='bbox 1071 2025 1428 2095; x_wconf 74' lang='grc' dir='ltr'>ἠρίστευσεν,</span> <span class='ocrx_word' id='word_1_254' title='bbox 1479 2025 1670 2079; x_wconf 80' lang='grc' dir='ltr'>ἄλλοτε</span> <span class='ocrx_word' id='word_1_255' title='bbox 1732 2026 1788 2097; x_wconf 84' lang='grc' dir='ltr'><strong>μὲ</strong></span> 
     </span>
    </p>
   </div>
   <div class='ocr_carea' id='block_1_37' title="bbox 1965 2021 3522 2097">
    <p class='ocr_par' dir='ltr' id='par_1_37' title="bbox 1965 2021 3522 2094">
     <span class='ocr_line' id='line_1_37' title="bbox 1965 2021 3522 2094; baseline -0.001 -18"><span class='ocrx_word' id='word_1_256' title='bbox 1965 2021 2007 2078; x_wconf 88' lang='lat' dir='ltr'><strong>is</strong></span> <span class='ocrx_word' id='word_1_257' title='bbox 2035 2037 2179 2091; x_wconf 63' lang='lat' dir='ltr'><strong>sape</strong></span> <span class='ocrx_word' id='word_1_258' title='bbox 2218 2022 2472 2092; x_wconf 81' lang='lat' dir='ltr'><strong>gentibus</strong></span> <span class='ocrx_word' id='word_1_259' title='bbox 2506 2024 2756 2079; x_wconf 89' lang='lat' dir='ltr'><strong>barbaris</strong></span> <span class='ocrx_word' id='word_1_260' title='bbox 2788 2033 3012 2080; x_wconf 89' lang='lat' dir='ltr'><strong>strenue</strong></span> <span class='ocrx_word' id='word_1_261' title='bbox 3057 2025 3338 2094; x_wconf 79' lang='lat' dir='ltr'><strong>pugnavit,</strong></span> <span class='ocrx_word' id='word_1_262' title='bbox 3382 2040 3522 2094; x_wconf 87' lang='lat' dir='ltr'><strong>pau-</strong></span> 
     </span>
    </p>
   </div>
   <div class='ocr_carea' id='block_1_38' title="bbox 234 2114 1791 2186">
    <p class='ocr_par' dir='ltr' id='par_1_38' title="bbox 234 2115 1791 2186">
     <span class='ocr_line' id='line_1_38' title="bbox 234 2115 1791 2186; baseline -0.002 -18"><span class='ocrx_word' id='word_1_263' title='bbox 234 2117 339 2168; x_wconf 73' lang='grc' dir='ltr'>σὺν</span> <span class='ocrx_word' id='word_1_264' title='bbox 387 2115 595 2180; x_wconf 86' lang='grc' dir='ltr'>ὀλίγοις</span> <span class='ocrx_word' id='word_1_265' title='bbox 618 2116 1002 2186; x_wconf 77' lang='grc' dir='ltr'><strong>ἐπερχόμενος,</strong></span> <span class='ocrx_word' id='word_1_266' title='bbox 1026 2116 1220 2171; x_wconf 80' lang='grc' dir='ltr'>ἄλλοτε</span> <span class='ocrx_word' id='word_1_267' title='bbox 1243 2115 1301 2169; x_wconf 85' lang='grc' dir='ltr'>δὲ</span> <span class='ocrx_word' id='word_1_268' title='bbox 1325 2116 1421 2170; x_wconf 76' lang='grc' dir='ltr'>καὶ</span> <span class='ocrx_word' id='word_1_269' title='bbox 1446 2119 1544 2169; x_wconf 76' lang='grc' dir='ltr'><strong>σὺν</strong></span> <span class='ocrx_word' id='word_1_270' title='bbox 1566 2116 1791 2169; x_wconf 62' lang='grc' dir='ltr'>πλείοσιι</span> 
     </span>
    </p>
   </div>
   <div class='ocr_carea' id='block_1_39' title="bbox 1965 2114 3522 2186">
    <p class='ocr_par' dir='ltr' id='par_1_39' title="bbox 1971 2114 3522 2185">
     <span class='ocr_line' id='line_1_39' title="bbox 1971 2114 3522 2185; baseline 0 -17"><span class='ocrx_word' id='word_1_271' title='bbox 1971 2114 2017 2170; x_wconf 90' lang='lat' dir='ltr'><strong>is</strong></span> <span class='ocrx_word' id='word_1_272' title='bbox 2044 2115 2315 2169; x_wconf 88' lang='lat' dir='ltr'><strong>interdum</strong></span> <span class='ocrx_word' id='word_1_273' title='bbox 2373 2115 2547 2185; x_wconf 88' lang='lat' dir='ltr'><strong>copiis</strong></span> <span class='ocrx_word' id='word_1_274' title='bbox 2605 2115 2890 2181; x_wconf 88' lang='lat' dir='ltr'><strong>adhibitis,</strong></span> <span class='ocrx_word' id='word_1_275' title='bbox 2931 2116 3202 2170; x_wconf 86' lang='lat' dir='ltr'><strong>interdum</strong></span> <span class='ocrx_word' id='word_1_276' title='bbox 3256 2115 3522 2185; x_wconf 86' lang='lat' dir='ltr'><strong>pluribus.</strong></span> 
     </span>
    </p>
   </div>
   <div class='ocr_carea' id='block_1_40' title="bbox 235 2206 1792 2279">
    <p class='ocr_par' dir='ltr' id='par_1_40' title="bbox 235 2207 1792 2279">
     <span class='ocr_line' id='line_1_40' title="bbox 235 2207 1792 2279; baseline -0.001 -18"><span class='ocrx_word' id='word_1_277' title='bbox 235 2208 414 2262; x_wconf 78' lang='grc' dir='ltr'>ἐνίοτε</span> <span class='ocrx_word' id='word_1_278' title='bbox 440 2208 502 2262; x_wconf 80' lang='grc' dir='ltr'>δὲ</span> <span class='ocrx_word' id='word_1_279' title='bbox 528 2211 624 2261; x_wconf 77' lang='grc' dir='ltr'><strong>καὶ</strong></span> <span class='ocrx_word' id='word_1_280' title='bbox 658 2208 980 2279; x_wconf 83' lang='grc' dir='ltr'>μονομαχῶν</span> <span class='ocrx_word' id='word_1_281' title='bbox 1002 2224 1013 2237; x_wconf 89' lang='grc'><strong>·</strong></span> <span class='ocrx_word' id='word_1_282' title='bbox 1040 2210 1136 2261; x_wconf 71' lang='grc' dir='ltr'>καὶ</span> <span class='ocrx_word' id='word_1_283' title='bbox 1179 2207 1366 2271; x_wconf 85' lang='grc' dir='ltr'>ἁπλῶς</span> <span class='ocrx_word' id='word_1_284' title='bbox 1415 2210 1614 2273; x_wconf 85' lang='grc' dir='ltr'><strong>εἰπεῖν,</strong></span> <span class='ocrx_word' id='word_1_285' title='bbox 1670 2224 1792 2261; x_wconf 56' lang='grc' dir='ltr'>πανε</span> 
     </span>
    </p>
   </div>
   <div class='ocr_carea' id='block_1_41' title="bbox 1979 2206 3536 2279">
    <p class='ocr_par' dir='ltr' id='par_1_41' title="bbox 1979 2206 3528 2277">
     <span class='ocr_line' id='line_1_41' title="bbox 1979 2206 3528 2277; baseline 0.001 -18"><span class='ocrx_word' id='word_1_286' title='bbox 1979 2220 2328 2276; x_wconf 90' lang='lat' dir='ltr'><strong>onnunqnam</strong></span> <span class='ocrx_word' id='word_1_287' title='bbox 2377 2220 2506 2259; x_wconf 91' lang='lat' dir='ltr'><strong>vero</strong></span> <span class='ocrx_word' id='word_1_288' title='bbox 2541 2215 2597 2262; x_wconf 88' lang='lat' dir='ltr'><strong>et</strong></span> <span class='ocrx_word' id='word_1_289' title='bbox 2627 2206 2891 2277; x_wconf 89' lang='lat' dir='ltr'><strong>singulari</strong></span> <span class='ocrx_word' id='word_1_290' title='bbox 2944 2207 3287 2262; x_wconf 89' lang='lat' dir='ltr'><strong>certamine:</strong></span> <span class='ocrx_word' id='word_1_291' title='bbox 3340 2216 3417 2270; x_wconf 76' lang='lat' dir='ltr'><strong>et,</strong></span> <span class='ocrx_word' id='word_1_292' title='bbox 3468 2214 3528 2260; x_wconf 86' lang='lat' dir='ltr'><strong>ut</strong></span> 
     </span>
    </p>
   </div>
   <div class='ocr_carea' id='block_1_42' title="bbox 230 2297 1787 2370">
    <p class='ocr_par' dir='ltr' id='par_1_42' title="bbox 230 2298 1787 2370">
     <span class='ocr_line' id='line_1_42' title="bbox 230 2298 1787 2370; baseline -0.003 -17"><span class='ocrx_word' id='word_1_293' title='bbox 230 2300 427 2370; x_wconf 80' lang='grc' dir='ltr'>τρόπῳ</span> <span class='ocrx_word' id='word_1_294' title='bbox 449 2299 665 2352; x_wconf 84' lang='grc' dir='ltr'>πολλῶν</span> <span class='ocrx_word' id='word_1_295' title='bbox 695 2299 989 2370; x_wconf 81' lang='grc' dir='ltr'>βαρϐάρων</span> <span class='ocrx_word' id='word_1_296' title='bbox 1022 2299 1117 2351; x_wconf 74' lang='grc' dir='ltr'>καὶ</span> <span class='ocrx_word' id='word_1_297' title='bbox 1148 2298 1421 2369; x_wconf 77' lang='grc' dir='ltr'>διαφόρων</span> <span class='ocrx_word' id='word_1_298' title='bbox 1448 2298 1620 2351; x_wconf 83' lang='grc' dir='ltr'><strong>ὲθνῶν</strong></span> <span class='ocrx_word' id='word_1_299' title='bbox 1662 2298 1787 2369; x_wconf 73' lang='grc' dir='ltr'><strong>ἀπήῖ</strong></span> 
     </span>
    </p>
   </div>
   <div class='ocr_carea' id='block_1_43' title="bbox 1970 2297 3527 2370">
    <p class='ocr_par' dir='ltr' id='par_1_43' title="bbox 1973 2297 3527 2368">
     <span class='ocr_line' id='line_1_43' title="bbox 1973 2297 3527 2368; baseline -0.001 -16"><span class='ocrx_word' id='word_1_300' title='bbox 1973 2298 2102 2353; x_wconf 90' lang='lat' dir='ltr'><strong>erbo</strong></span> <span class='ocrx_word' id='word_1_301' title='bbox 2148 2298 2360 2363; x_wconf 87' lang='lat' dir='ltr'><strong>dicam,</strong></span> <span class='ocrx_word' id='word_1_302' title='bbox 2396 2297 2660 2353; x_wconf 78' lang='lat' dir='ltr'><strong>barbaras</strong></span> <span class='ocrx_word' id='word_1_303' title='bbox 2712 2299 2947 2363; x_wconf 88' lang='lat' dir='ltr'><strong>multas,</strong></span> <span class='ocrx_word' id='word_1_304' title='bbox 3000 2299 3289 2367; x_wconf 90' lang='lat' dir='ltr'><strong>variasque</strong></span> <span class='ocrx_word' id='word_1_305' title='bbox 3336 2307 3527 2368; x_wconf 82' lang='lat' dir='ltr'><strong>gentes</strong></span> 
     </span>
    </p>
   </div>
   <div class='ocr_carea' id='block_1_44' title="bbox 234 2382 1791 2459">
    <p class='ocr_par' dir='ltr' id='par_1_44' title="bbox 234 2382 1791 2458">
     <span class='ocr_line' id='line_1_44' title="bbox 234 2382 1791 2458; baseline 0 -20"><span class='ocrx_word' id='word_1_306' title='bbox 234 2385 368 2449; x_wconf 81' lang='grc' dir='ltr'>λαξε</span> <span class='ocrx_word' id='word_1_307' title='bbox 401 2386 507 2456; x_wconf 79' lang='grc' dir='ltr'><strong>τὴν</strong></span> <span class='ocrx_word' id='word_1_308' title='bbox 536 2388 825 2456; x_wconf 72' lang='grc' dir='ltr'>Ἀιρρικήν.</span> <span class='ocrx_word' id='word_1_309' title='bbox 862 2382 972 2439; x_wconf 83' lang='grc' dir='ltr'><strong>Ἦν</strong></span> <span class='ocrx_word' id='word_1_310' title='bbox 995 2386 1053 2439; x_wconf 82' lang='grc' dir='ltr'>δὲ</span> <span class='ocrx_word' id='word_1_311' title='bbox 1080 2387 1175 2440; x_wconf 77' lang='grc' dir='ltr'><strong>καὶ</strong></span> <span class='ocrx_word' id='word_1_312' title='bbox 1207 2386 1559 2458; x_wconf 77' lang='grc' dir='ltr'>δικαιοσύνης</span> <span class='ocrx_word' id='word_1_313' title='bbox 1601 2387 1791 2458; x_wconf 69' lang='grc' dir='ltr'>ὲραστὶ</span> 
     </span>
    </p>
   </div>
   <div class='ocr_carea' id='block_1_45' title="bbox 1968 2382 3525 2459">
    <p class='ocr_par' dir='ltr' id='par_1_45' title="bbox 1968 2387 3525 2459">
     <span class='ocr_line' id='line_1_45' title="bbox 1968 2387 3525 2459; baseline -0.002 -16"><span class='ocrx_word' id='word_1_314' title='bbox 1968 2390 2121 2444; x_wconf 69' lang='lat' dir='ltr'><strong>tl‘rica</strong></span> <span class='ocrx_word' id='word_1_315' title='bbox 2152 2390 2380 2459; x_wconf 77' lang='lat' dir='ltr'><strong>expulit.</strong></span> <span class='ocrx_word' id='word_1_316' title='bbox 2415 2389 2562 2445; x_wconf 77' lang='lat' dir='ltr'><strong>idem</strong></span> <span class='ocrx_word' id='word_1_317' title='bbox 2609 2388 2834 2459; x_wconf 58' lang='lat' dir='ltr'><strong>iustitia</strong></span> <span class='ocrx_word' id='word_1_318' title='bbox 2875 2388 2961 2442; x_wconf 90' lang='lat' dir='ltr'><strong>vel</strong></span> <span class='ocrx_word' id='word_1_319' title='bbox 2991 2389 3272 2456; x_wconf 79' lang='lat' dir='ltr'><strong>inprimis</strong></span> <span class='ocrx_word' id='word_1_320' title='bbox 3316 2387 3525 2442; x_wconf 86' lang='lat' dir='ltr'><strong>studio-</strong></span> 
     </span>
    </p>
   </div>
   <div class='ocr_carea' id='block_1_46' title="bbox 234 2478 1791 2552">
    <p class='ocr_par' dir='ltr' id='par_1_46' title="bbox 234 2478 1791 2550">
     <span class='ocr_line' id='line_1_46' title="bbox 234 2478 1791 2550; baseline 0.001 -21"><span class='ocrx_word' id='word_1_321' title='bbox 234 2478 335 2529; x_wconf 77' lang='grc' dir='ltr'>καὶ</span> <span class='ocrx_word' id='word_1_322' title='bbox 396 2478 701 2547; x_wconf 85' lang='grc' dir='ltr'>χρημάτων</span> <span class='ocrx_word' id='word_1_323' title='bbox 743 2479 1033 2549; x_wconf 86' lang='grc' dir='ltr'>κρείττων.</span> <span class='ocrx_word' id='word_1_324' title='bbox 1069 2478 1356 2549; x_wconf 81' lang='grc' dir='ltr'>Ἐπράχθη</span> <span class='ocrx_word' id='word_1_325' title='bbox 1394 2479 1449 2533; x_wconf 84' lang='grc' dir='ltr'>δὲ</span> <span class='ocrx_word' id='word_1_326' title='bbox 1484 2479 1633 2550; x_wconf 81' lang='grc' dir='ltr'><strong>αύτῷ</strong></span> <span class='ocrx_word' id='word_1_327' title='bbox 1662 2478 1757 2533; x_wconf 89' lang='grc' dir='ltr'><strong>καί</strong></span> <span class='ocrx_word' id='word_1_328' title='bbox 1786 2498 1791 2512; x_wconf 73' lang='grc' dir='ltr'><strong>ι</strong></span> 
     </span>
    </p>
   </div>
   <div class='ocr_carea' id='block_1_47' title="bbox 1969 2478 3526 2552">
    <p class='ocr_par' dir='ltr' id='par_1_47' title="bbox 1971 2480 3526 2552">
     <span class='ocr_line' id='line_1_47' title="bbox 1971 2480 3526 2552; baseline -0.001 -17"><span class='ocrx_word' id='word_1_329' title='bbox 1971 2497 2052 2547; x_wconf 88' lang='lat' dir='ltr'><strong>us,</strong></span> <span class='ocrx_word' id='word_1_330' title='bbox 2085 2492 2139 2537; x_wconf 86' lang='lat' dir='ltr'><strong>et</strong></span> <span class='ocrx_word' id='word_1_331' title='bbox 2170 2484 2452 2537; x_wconf 82' lang='lat' dir='ltr'><strong>abstinens</strong></span> <span class='ocrx_word' id='word_1_332' title='bbox 2500 2498 2563 2536; x_wconf 89' lang='lat' dir='ltr'><strong>ac</strong></span> <span class='ocrx_word' id='word_1_333' title='bbox 2600 2482 2957 2552; x_wconf 84' lang='lat' dir='ltr'><strong>pecuniarum</strong></span> <span class='ocrx_word' id='word_1_334' title='bbox 3011 2490 3354 2551; x_wconf 85' lang='lat' dir='ltr'><strong>contemptor</strong></span> <span class='ocrx_word' id='word_1_335' title='bbox 3404 2480 3526 2543; x_wconf 79' lang='lat' dir='ltr'><strong>fuit,</strong></span> 
     </span>
    </p>
   </div>
   <div class='ocr_carea' id='block_1_48' title="bbox 236 2568 1793 2645">
    <p class='ocr_par' dir='ltr' id='par_1_48' title="bbox 236 2568 1793 2641">
     <span class='ocr_line' id='line_1_48' title="bbox 236 2568 1793 2641; baseline 0.003 -21"><span class='ocrx_word' id='word_1_336' title='bbox 236 2568 509 2623; x_wconf 83' lang='grc' dir='ltr'>τοιοῦτον·</span> <span class='ocrx_word' id='word_1_337' title='bbox 539 2570 706 2641; x_wconf 82' lang='grc' dir='ltr'><strong>’Δνήρ</strong></span> <span class='ocrx_word' id='word_1_338' title='bbox 729 2587 814 2633; x_wconf 89' lang='grc' dir='ltr'><strong>τις</strong></span> <span class='ocrx_word' id='word_1_339' title='bbox 833 2571 1113 2641; x_wconf 77' lang='grc' dir='ltr'>ἄγροικος,</span> <span class='ocrx_word' id='word_1_340' title='bbox 1145 2570 1284 2641; x_wconf 82' lang='grc' dir='ltr'>ἔχων</span> <span class='ocrx_word' id='word_1_341' title='bbox 1303 2570 1570 2624; x_wconf 78' lang='grc' dir='ltr'><strong>ἀνθοῦσαν</strong></span> <span class='ocrx_word' id='word_1_342' title='bbox 1606 2574 1793 2641; x_wconf 69' lang='grc' dir='ltr'>γυναῖκ</span> 
     </span>
    </p>
   </div>
   <div class='ocr_carea' id='block_1_49' title="bbox 1958 2568 3515 2645">
    <p class='ocr_par' dir='ltr' id='par_1_49' title="bbox 1958 2572 3515 2645">
     <span class='ocr_line' id='line_1_49' title="bbox 1958 2572 3515 2645; baseline 0 -18"><span class='ocrx_word' id='word_1_343' title='bbox 1958 2588 2109 2645; x_wconf 81' lang='lat' dir='ltr'><strong>tquo</strong></span> <span class='ocrx_word' id='word_1_344' title='bbox 2150 2575 2311 2628; x_wconf 82' lang='lat' dir='ltr'><strong>etiam</strong></span> <span class='ocrx_word' id='word_1_345' title='bbox 2362 2575 2669 2642; x_wconf 88' lang='lat' dir='ltr'><strong>bujusmodi</strong></span> <span class='ocrx_word' id='word_1_346' title='bbox 2722 2574 3012 2644; x_wconf 75' lang='lat' dir='ltr'><strong>aliquando</strong></span> <span class='ocrx_word' id='word_1_347' title='bbox 3064 2584 3335 2644; x_wconf 83' lang='lat' dir='ltr'><strong>patratum</strong></span> <span class='ocrx_word' id='word_1_348' title='bbox 3382 2572 3515 2627; x_wconf 85' lang='lat' dir='ltr'><strong>faci-</strong></span> 
     </span>
    </p>
   </div>
   <div class='ocr_carea' id='block_1_50' title="bbox 238 2661 1795 2735">
    <p class='ocr_par' dir='ltr' id='par_1_50' title="bbox 238 2661 1795 2735">
     <span class='ocr_line' id='line_1_50' title="bbox 238 2661 1795 2735; baseline 0.001 -22"><span class='ocrx_word' id='word_1_349' title='bbox 238 2663 345 2730; x_wconf 77' lang='grc' dir='ltr'>τὴν</span> <span class='ocrx_word' id='word_1_350' title='bbox 389 2662 548 2731; x_wconf 84' lang='grc' dir='ltr'>ὥραν</span> <span class='ocrx_word' id='word_1_351' title='bbox 583 2700 599 2725; x_wconf 87' lang='grc'><em>,</em></span> <span class='ocrx_word' id='word_1_352' title='bbox 662 2662 766 2715; x_wconf 81' lang='grc' dir='ltr'><strong>ὑπό</strong></span> <span class='ocrx_word' id='word_1_353' title='bbox 812 2679 957 2726; x_wconf 87' lang='grc' dir='ltr'>τινος</span> <span class='ocrx_word' id='word_1_354' title='bbox 1023 2661 1130 2715; x_wconf 86' lang='grc' dir='ltr'><strong>τῶν</strong></span> <span class='ocrx_word' id='word_1_355' title='bbox 1186 2663 1490 2733; x_wconf 86' lang='grc' dir='ltr'>συμμάχων</span> <span class='ocrx_word' id='word_1_356' title='bbox 1548 2663 1795 2735; x_wconf 72' lang='grc' dir='ltr'>βαρϐάρυ</span> 
     </span>
    </p>
   </div>
   <div class='ocr_carea' id='block_1_51' title="bbox 1970 2661 3527 2735">
    <p class='ocr_par' dir='ltr' id='par_1_51' title="bbox 1970 2661 3527 2735">
     <span class='ocr_line' id='line_1_51' title="bbox 1970 2661 3527 2735; baseline 0.003 -20"><span class='ocrx_word' id='word_1_357' title='bbox 1970 2678 2066 2717; x_wconf 73' lang='lat' dir='ltr'><strong>ius.</strong></span> <span class='ocrx_word' id='word_1_358' title='bbox 2120 2662 2273 2734; x_wconf 77' lang='lat' dir='ltr'><strong>63a</strong></span> <span class='ocrx_word' id='word_1_359' title='bbox 2299 2661 2555 2718; x_wconf 81' lang='lat' dir='ltr'><strong>Rusticus</strong></span> <span class='ocrx_word' id='word_1_360' title='bbox 2587 2664 2809 2735; x_wconf 87' lang='lat' dir='ltr'><strong>quidam</strong></span> <span class='ocrx_word' id='word_1_361' title='bbox 2844 2664 3122 2733; x_wconf 65' lang='lat' dir='ltr'><strong>prmstanti</strong></span> <span class='ocrx_word' id='word_1_362' title='bbox 3166 2663 3339 2718; x_wconf 80' lang='lat' dir='ltr'><strong>forma</strong></span> <span class='ocrx_word' id='word_1_363' title='bbox 3394 2679 3527 2719; x_wconf 80' lang='lat' dir='ltr'><strong>uxo—</strong></span> 
     </span>
    </p>
   </div>
   <div class='ocr_carea' id='block_1_52' title="bbox 244 2753 1801 2827">
    <p class='ocr_par' dir='ltr' id='par_1_52' title="bbox 244 2753 1801 2826">
     <span class='ocr_line' id='line_1_52' title="bbox 244 2753 1801 2826; baseline 0.001 -18"><span class='ocrx_word' id='word_1_364' title='bbox 244 2753 575 2825; x_wconf 80' lang='grc' dir='ltr'><strong>ἐμοιχεύετο</strong></span> <span class='ocrx_word' id='word_1_365' title='bbox 611 2754 677 2809; x_wconf 68' lang='grc' dir='ltr'><strong>δ’.</strong></span> <span class='ocrx_word' id='word_1_366' title='bbox 733 2758 918 2809; x_wconf 86' lang='grc' dir='ltr'>Δεῐται</span> <span class='ocrx_word' id='word_1_367' title='bbox 957 2756 1247 2825; x_wconf 82' lang='grc' dir='ltr'>τοιγαροῦν</span> <span class='ocrx_word' id='word_1_368' title='bbox 1295 2756 1638 2826; x_wconf 81' lang='grc' dir='ltr'>Βονηφατίου</span> <span class='ocrx_word' id='word_1_369' title='bbox 1671 2798 1686 2820; x_wconf 84' lang='grc'>,</span> <span class='ocrx_word' id='word_1_370' title='bbox 1745 2756 1801 2810; x_wconf 71' lang='grc' dir='ltr'><strong>τ’)</strong></span> 
     </span>
    </p>
   </div>
   <div class='ocr_carea' id='block_1_53' title="bbox 1964 2753 3521 2827">
    <p class='ocr_par' dir='ltr' id='par_1_53' title="bbox 1964 2755 3521 2827">
     <span class='ocr_line' id='line_1_53' title="bbox 1964 2755 3521 2827; baseline 0.002 -20"><span class='ocrx_word' id='word_1_371' title='bbox 1964 2770 2057 2807; x_wconf 77' lang='grc' dir='ltr'><strong>ἐιη</strong></span> <span class='ocrx_word' id='word_1_372' title='bbox 2090 2770 2243 2808; x_wconf 86' lang='lat' dir='ltr'><strong>suam</strong></span> <span class='ocrx_word' id='word_1_373' title='bbox 2275 2771 2395 2809; x_wconf 91' lang='lat' dir='ltr'><strong>cum</strong></span> <span class='ocrx_word' id='word_1_374' title='bbox 2456 2756 2695 2809; x_wconf 83' lang='lat' dir='ltr'><strong>Barbaro</strong></span> <span class='ocrx_word' id='word_1_375' title='bbox 2747 2758 2982 2827; x_wconf 90' lang='lat' dir='ltr'><strong>quodam</strong></span> <span class='ocrx_word' id='word_1_376' title='bbox 3038 2774 3068 2813; x_wconf 89' lang='lat' dir='ltr'><strong>e</strong></span> <span class='ocrx_word' id='word_1_377' title='bbox 3123 2755 3521 2812; x_wconf 63' lang='lat' dir='ltr'><strong>conimtlcratis</strong></span> 
     </span>
    </p>
   </div>
   <div class='ocr_carea' id='block_1_54' title="bbox 245 2844 1802 2919">
    <p class='ocr_par' dir='ltr' id='par_1_54' title="bbox 245 2844 1802 2919">
     <span class='ocr_line' id='line_1_54' title="bbox 245 2844 1802 2919; baseline 0.004 -23"><span class='ocrx_word' id='word_1_378' title='bbox 245 2844 407 2915; x_wconf 78' lang='grc' dir='ltr'>ὓϐριν</span> <span class='ocrx_word' id='word_1_379' title='bbox 453 2846 875 2916; x_wconf 70' lang='grc' dir='ltr'>ὀλοφυρόμενος.</span> <span class='ocrx_word' id='word_1_380' title='bbox 922 2848 980 2900; x_wconf 86' lang='lat'><strong>&#39;0</strong></span> <span class='ocrx_word' id='word_1_381' title='bbox 1035 2848 1092 2901; x_wconf 76' lang='grc' dir='ltr'>δὲ</span> <span class='ocrx_word' id='word_1_382' title='bbox 1138 2847 1472 2918; x_wconf 72' lang='grc' dir='ltr'>Βονηφάτιος</span> <span class='ocrx_word' id='word_1_383' title='bbox 1527 2850 1715 2919; x_wconf 84' lang='grc' dir='ltr'>μαθὼν</span> <span class='ocrx_word' id='word_1_384' title='bbox 1782 2866 1802 2902; x_wconf 78' lang='lat'><strong>1</strong></span> 
     </span>
    </p>
   </div>
   <div class='ocr_carea' id='block_1_55' title="bbox 1976 2844 3533 2919">
    <p class='ocr_par' dir='ltr' id='par_1_55' title="bbox 1976 2846 3533 2919">
     <span class='ocr_line' id='line_1_55' title="bbox 1976 2846 3533 2919; baseline 0.003 -20"><span class='ocrx_word' id='word_1_385' title='bbox 1976 2846 2124 2901; x_wconf 88' lang='lat' dir='ltr'><strong>nilite</strong></span> <span class='ocrx_word' id='word_1_386' title='bbox 2166 2861 2533 2902; x_wconf 81' lang='lat' dir='ltr'><strong>consuescere</strong></span> <span class='ocrx_word' id='word_1_387' title='bbox 2588 2850 2863 2918; x_wconf 79' lang='lat' dir='ltr'><strong>cognovit,</strong></span> <span class='ocrx_word' id='word_1_388' title='bbox 2898 2851 3105 2918; x_wconf 80' lang='lat' dir='ltr'><strong>rogavit</strong></span> <span class='ocrx_word' id='word_1_389' title='bbox 3155 2850 3338 2919; x_wconf 87' lang='lat' dir='ltr'><strong>itaque</strong></span> <span class='ocrx_word' id='word_1_390' title='bbox 3372 2850 3533 2904; x_wconf 87' lang='lat' dir='ltr'><strong>Boni-</strong></span> 
     </span>
    </p>
   </div>
   <div class='ocr_carea' id='block_1_56' title="bbox 246 2935 1803 3020">
    <p class='ocr_par' dir='ltr' id='par_1_56' title="bbox 246 2935 1803 3011">
     <span class='ocr_line' id='line_1_56' title="bbox 246 2935 1803 3011; baseline 0.002 -21"><span class='ocrx_word' id='word_1_391' title='bbox 246 2935 535 3008; x_wconf 73' lang='grc' dir='ltr'>διάστημα</span> <span class='ocrx_word' id='word_1_392' title='bbox 558 2938 653 2991; x_wconf 89' lang='grc' dir='ltr'><strong>τοῦ</strong></span> <span class='ocrx_word' id='word_1_393' title='bbox 679 2939 844 2991; x_wconf 80' lang='grc' dir='ltr'>τόπου</span> <span class='ocrx_word' id='word_1_394' title='bbox 878 2940 973 2993; x_wconf 69' lang='grc' dir='ltr'>καὶ</span> <span class='ocrx_word' id='word_1_395' title='bbox 992 2938 1053 2992; x_wconf 84' lang='grc' dir='ltr'>τὸ</span> <span class='ocrx_word' id='word_1_396' title='bbox 1070 2940 1241 3009; x_wconf 75' lang='grc' dir='ltr'>ὄνομα</span> <span class='ocrx_word' id='word_1_397' title='bbox 1271 2940 1367 2993; x_wconf 90' lang='grc' dir='ltr'><strong>τοῦ</strong></span> <span class='ocrx_word' id='word_1_398' title='bbox 1395 2941 1589 3011; x_wconf 81' lang='grc' dir='ltr'><strong>ἀγροῦ,</strong></span> <span class='ocrx_word' id='word_1_399' title='bbox 1621 2944 1678 2995; x_wconf 85' lang='grc' dir='ltr'>ὲν</span> <span class='ocrx_word' id='word_1_400' title='bbox 1707 2935 1751 3010; x_wconf 85' lang='grc' dir='ltr'><strong>ᾧ</strong></span> <span class='ocrx_word' id='word_1_401' title='bbox 1778 2959 1803 2993; x_wconf 89' lang='grc' dir='ltr'><strong>τ</strong></span> 
     </span>
    </p>
   </div>
   <div class='ocr_carea' id='block_1_57' title="bbox 1974 2935 3531 3020">
    <p class='ocr_par' dir='ltr' id='par_1_57' title="bbox 1974 2939 3531 3010">
     <span class='ocr_line' id='line_1_57' title="bbox 1974 2939 3531 3010; baseline 0.002 -18"><span class='ocrx_word' id='word_1_402' title='bbox 1974 2939 2178 3006; x_wconf 84' lang='lat' dir='ltr'><strong>acium,</strong></span> <span class='ocrx_word' id='word_1_403' title='bbox 2210 2941 2443 2994; x_wconf 86' lang='lat' dir='ltr'><strong>dedecus</strong></span> <span class='ocrx_word' id='word_1_404' title='bbox 2494 2940 2620 2994; x_wconf 87' lang='lat' dir='ltr'><strong>illud</strong></span> <span class='ocrx_word' id='word_1_405' title='bbox 2660 2941 2880 2996; x_wconf 71' lang='lat' dir='ltr'><strong>latniIia:</strong></span> <span class='ocrx_word' id='word_1_406' title='bbox 2922 2942 3235 3010; x_wconf 75' lang='lat' dir='ltr'><strong>deplorans,</strong></span> <span class='ocrx_word' id='word_1_407' title='bbox 3275 2955 3335 2996; x_wconf 89' lang='lat' dir='ltr'><strong>ut.</strong></span> <span class='ocrx_word' id='word_1_408' title='bbox 3375 2958 3531 3009; x_wconf 85' lang='lat' dir='ltr'><strong>opem</strong></span> 
     </span>
    </p>
   </div>
   <div class='ocr_carea' id='block_1_58' title="bbox 250 3030 1807 3106">
    <p class='ocr_par' dir='ltr' id='par_1_58' title="bbox 250 3030 1807 3105">
     <span class='ocr_line' id='line_1_58' title="bbox 250 3030 1807 3105; baseline 0.003 -23"><span class='ocrx_word' id='word_1_409' title='bbox 250 3031 354 3098; x_wconf 82' lang='grc' dir='ltr'>τῆς</span> <span class='ocrx_word' id='word_1_410' title='bbox 379 3030 631 3099; x_wconf 84' lang='grc' dir='ltr'>μοιχείας</span> <span class='ocrx_word' id='word_1_411' title='bbox 661 3032 982 3102; x_wconf 77' lang='grc' dir='ltr'>ἐπράττετο,</span> <span class='ocrx_word' id='word_1_412' title='bbox 1018 3032 1111 3085; x_wconf 84' lang='grc' dir='ltr'><strong>τὸν</strong></span> <span class='ocrx_word' id='word_1_413' title='bbox 1147 3032 1246 3103; x_wconf 84' lang='grc' dir='ltr'><strong>μὲν</strong></span> <span class='ocrx_word' id='word_1_414' title='bbox 1282 3032 1535 3103; x_wconf 81' lang='grc' dir='ltr'>ίκέτην⁵³</span> <span class='ocrx_word' id='word_1_415' title='bbox 1590 3033 1717 3105; x_wconf 62' lang='lat' dir='ltr'><strong>[Hd</strong></span> <span class='ocrx_word' id='word_1_416' title='bbox 1752 3033 1807 3088; x_wconf 33' lang='lat' dir='ltr'><strong>li.</strong></span> 
     </span>
    </p>
   </div>
   <div class='ocr_carea' id='block_1_59' title="bbox 1972 3030 3529 3106">
    <p class='ocr_par' dir='ltr' id='par_1_59' title="bbox 1972 3030 3529 3104">
     <span class='ocr_line' id='line_1_59' title="bbox 1972 3030 3529 3104; baseline 0.001 -19"><span class='ocrx_word' id='word_1_417' title='bbox 1972 3030 2144 3086; x_wconf 89' lang='lat' dir='ltr'><strong>&#39;erret.</strong></span> <span class='ocrx_word' id='word_1_418' title='bbox 2171 3030 2262 3087; x_wconf 92' lang='lat' dir='ltr'><strong>llle</strong></span> <span class='ocrx_word' id='word_1_419' title='bbox 2290 3072 2305 3096; x_wconf 96' lang='lat'><strong>,</strong></span> <span class='ocrx_word' id='word_1_420' title='bbox 2343 3034 2560 3102; x_wconf 90' lang='lat' dir='ltr'><strong>cognito</strong></span> <span class='ocrx_word' id='word_1_421' title='bbox 2591 3033 2692 3087; x_wconf 94' lang='lat' dir='ltr'><strong>loci</strong></span> <span class='ocrx_word' id='word_1_422' title='bbox 2725 3034 3031 3099; x_wconf 86' lang='lat' dir='ltr'><strong>intervallo,</strong></span> <span class='ocrx_word' id='word_1_423' title='bbox 3063 3044 3118 3089; x_wconf 88' lang='lat' dir='ltr'><strong>et</strong></span> <span class='ocrx_word' id='word_1_424' title='bbox 3148 3034 3262 3104; x_wconf 88' lang='lat' dir='ltr'><strong>agri</strong></span> <span class='ocrx_word' id='word_1_425' title='bbox 3290 3034 3529 3093; x_wconf 86' lang='lat' dir='ltr'><strong>nomine.</strong></span> 
     </span>
    </p>
   </div>
   <div class='ocr_carea' id='block_1_60' title="bbox 252 3123 1809 3197">
    <p class='ocr_par' dir='ltr' id='par_1_60' title="bbox 252 3123 1809 3197">
     <span class='ocr_line' id='line_1_60' title="bbox 252 3123 1809 3197; baseline 0.001 -22"><span class='ocrx_word' id='word_1_426' title='bbox 252 3123 391 3183; x_wconf 70' lang='grc' dir='ltr'>τέως</span> <span class='ocrx_word' id='word_1_427' title='bbox 452 3123 778 3193; x_wconf 76' lang='grc' dir='ltr'>ἀπέπεμπε,</span> <span class='ocrx_word' id='word_1_428' title='bbox 837 3124 1151 3194; x_wconf 85' lang='grc' dir='ltr'>προστάξας</span> <span class='ocrx_word' id='word_1_429' title='bbox 1200 3124 1363 3178; x_wconf 88' lang='grc' dir='ltr'>πάλιν</span> <span class='ocrx_word' id='word_1_430' title='bbox 1415 3128 1482 3197; x_wconf 81' lang='grc' dir='ltr'>τῇ</span> <span class='ocrx_word' id='word_1_431' title='bbox 1519 3124 1647 3195; x_wconf 76' lang='grc' dir='ltr'><strong>ἑξῆς</strong></span> <span class='ocrx_word' id='word_1_432' title='bbox 1701 3126 1809 3180; x_wconf 69' lang='grc' dir='ltr'>αὺτι</span> 
     </span>
    </p>
   </div>
   <div class='ocr_carea' id='block_1_61' title="bbox 1977 3123 3534 3197">
    <p class='ocr_par' dir='ltr' id='par_1_61' title="bbox 1977 3123 3534 3196">
     <span class='ocr_line' id='line_1_61' title="bbox 1977 3123 3534 3196; baseline 0.003 -21"><span class='ocrx_word' id='word_1_433' title='bbox 1977 3123 2048 3176; x_wconf 76' lang='lat' dir='ltr'><strong>ibi</strong></span> <span class='ocrx_word' id='word_1_434' title='bbox 2081 3124 2407 3179; x_wconf 88' lang='lat' dir='ltr'><strong>adulterium</strong></span> <span class='ocrx_word' id='word_1_435' title='bbox 2441 3135 2769 3196; x_wconf 86' lang='lat' dir='ltr'><strong>patraretur,</strong></span> <span class='ocrx_word' id='word_1_436' title='bbox 2818 3125 3088 3180; x_wconf 86' lang='lat' dir='ltr'><strong>hominem</strong></span> <span class='ocrx_word' id='word_1_437' title='bbox 3150 3137 3261 3180; x_wconf 90' lang='lat' dir='ltr'><strong>tum</strong></span> <span class='ocrx_word' id='word_1_438' title='bbox 3312 3126 3534 3194; x_wconf 83' lang='lat' dir='ltr'><strong>quidem</strong></span> 
     </span>
    </p>
   </div>
   <div class='ocr_carea' id='block_1_62' title="bbox 267 3214 1824 3287">
    <p class='ocr_par' dir='ltr' id='par_1_62' title="bbox 267 3214 1821 3285">
     <span class='ocr_line' id='line_1_62' title="bbox 267 3214 1821 3285; baseline 0.001 -19"><span class='ocrx_word' id='word_1_439' title='bbox 267 3214 618 3285; x_wconf 75' lang='grc' dir='ltr'><strong>προσελθεῖν,</strong></span> <span class='ocrx_word' id='word_1_440' title='bbox 662 3214 822 3284; x_wconf 64' lang='grc' dir='ltr'>ὀψίας</span> <span class='ocrx_word' id='word_1_441' title='bbox 870 3214 925 3267; x_wconf 85' lang='grc' dir='ltr'>δὲ</span> <span class='ocrx_word' id='word_1_442' title='bbox 965 3214 1144 3267; x_wconf 85' lang='grc' dir='ltr'>λαθὼν</span> <span class='ocrx_word' id='word_1_443' title='bbox 1179 3215 1446 3279; x_wconf 79' lang='grc' dir='ltr'>ἅπαντας,</span> <span class='ocrx_word' id='word_1_444' title='bbox 1483 3218 1578 3269; x_wconf 74' lang='grc' dir='ltr'>καὶ</span> <span class='ocrx_word' id='word_1_445' title='bbox 1622 3217 1716 3268; x_wconf 74' lang='grc' dir='ltr'><strong>ἐπὶ</strong></span> <span class='ocrx_word' id='word_1_446' title='bbox 1762 3216 1821 3269; x_wconf 82' lang='grc' dir='ltr'>τὸ</span> 
     </span>
    </p>
   </div>
   <div class='ocr_carea' id='block_1_63' title="bbox 1977 3214 3534 3287">
    <p class='ocr_par' dir='ltr' id='par_1_63' title="bbox 1977 3215 3534 3287">
     <span class='ocr_line' id='line_1_63' title="bbox 1977 3215 3534 3287; baseline 0.004 -21"><span class='ocrx_word' id='word_1_447' title='bbox 1977 3215 2185 3281; x_wconf 89' lang='lat' dir='ltr'><strong>limisit,</strong></span> <span class='ocrx_word' id='word_1_448' title='bbox 2222 3218 2273 3271; x_wconf 92' lang='lat' dir='ltr'><strong>in</strong></span> <span class='ocrx_word' id='word_1_449' title='bbox 2322 3225 2599 3287; x_wconf 88' lang='lat' dir='ltr'><strong>posterum</strong></span> <span class='ocrx_word' id='word_1_450' title='bbox 2648 3218 2791 3272; x_wconf 86' lang='lat' dir='ltr'><strong>diem</strong></span> <span class='ocrx_word' id='word_1_451' title='bbox 2842 3218 2909 3272; x_wconf 90' lang='lat' dir='ltr'><strong>ad</strong></span> <span class='ocrx_word' id='word_1_452' title='bbox 2960 3232 3021 3271; x_wconf 90' lang='lat' dir='ltr'><strong>se</strong></span> <span class='ocrx_word' id='word_1_453' title='bbox 3071 3217 3251 3273; x_wconf 88' lang='lat' dir='ltr'><strong>redire</strong></span> <span class='ocrx_word' id='word_1_454' title='bbox 3295 3216 3534 3286; x_wconf 89' lang='lat' dir='ltr'><strong>jussum.</strong></span> 
     </span>
    </p>
   </div>
   <div class='ocr_carea' id='block_1_64' title="bbox 262 3306 1819 3379">
    <p class='ocr_par' dir='ltr' id='par_1_64' title="bbox 262 3306 1819 3379">
     <span class='ocr_line' id='line_1_64' title="bbox 262 3306 1819 3379; baseline -0.001 -20"><span class='ocrx_word' id='word_1_455' title='bbox 262 3306 430 3377; x_wconf 78' lang='grc' dir='ltr'>ἀγρὸν</span> <span class='ocrx_word' id='word_1_456' title='bbox 492 3306 690 3371; x_wconf 69' lang='grc' dir='ltr'>ἐλάσας</span> <span class='ocrx_word' id='word_1_457' title='bbox 761 3307 1131 3376; x_wconf 81' lang='grc' dir='ltr'>ἑϐδομήκοντα</span> <span class='ocrx_word' id='word_1_458' title='bbox 1183 3308 1538 3379; x_wconf 85' lang='grc' dir='ltr'>διιστάμενον</span> <span class='ocrx_word' id='word_1_459' title='bbox 1593 3308 1819 3372; x_wconf 77' lang='grc' dir='ltr'>σταδίοις</span> 
     </span>
    </p>
   </div>
   <div class='ocr_carea' id='block_1_65' title="bbox 1967 3306 3524 3379">
    <p class='ocr_par' dir='ltr' id='par_1_65' title="bbox 1967 3306 3524 3378">
     <span class='ocr_line' id='line_1_65' title="bbox 1967 3306 3524 3378; baseline 0.001 -18"><span class='ocrx_word' id='word_1_460' title='bbox 1967 3306 2127 3361; x_wconf 74' lang='lat' dir='ltr'><strong>Noctu</strong></span> <span class='ocrx_word' id='word_1_461' title='bbox 2175 3317 2399 3370; x_wconf 85' lang='lat' dir='ltr'><strong>autem,</strong></span> <span class='ocrx_word' id='word_1_462' title='bbox 2451 3308 2637 3362; x_wconf 85' lang='lat' dir='ltr'><strong>insciis</strong></span> <span class='ocrx_word' id='word_1_463' title='bbox 2690 3309 2945 3362; x_wconf 85' lang='lat' dir='ltr'><strong>omnibus</strong></span> <span class='ocrx_word' id='word_1_464' title='bbox 3007 3308 3060 3361; x_wconf 91' lang='lat' dir='ltr'><strong>in</strong></span> <span class='ocrx_word' id='word_1_465' title='bbox 3116 3322 3308 3378; x_wconf 88' lang='lat' dir='ltr'><strong>agrum</strong></span> <span class='ocrx_word' id='word_1_466' title='bbox 3373 3307 3524 3361; x_wconf 92' lang='lat' dir='ltr'><strong>illum</strong></span> 
     </span>
    </p>
   </div>
   <div class='ocr_carea' id='block_1_66' title="bbox 259 3396 1816 3471">
    <p class='ocr_par' dir='ltr' id='par_1_66' title="bbox 259 3396 1816 3471">
     <span class='ocr_line' id='line_1_66' title="bbox 259 3396 1816 3471; baseline 0.001 -20"><span class='ocrx_word' id='word_1_467' title='bbox 259 3399 351 3452; x_wconf 70' lang='grc' dir='ltr'>καὶ</span> <span class='ocrx_word' id='word_1_468' title='bbox 379 3396 562 3469; x_wconf 80' lang='grc' dir='ltr'>εὑρὼν</span> <span class='ocrx_word' id='word_1_469' title='bbox 596 3398 689 3452; x_wconf 81' lang='grc' dir='ltr'><strong>τὸν</strong></span> <span class='ocrx_word' id='word_1_470' title='bbox 716 3397 990 3469; x_wconf 77' lang='grc' dir='ltr'>βάρϐαρον</span> <span class='ocrx_word' id='word_1_471' title='bbox 1035 3401 1102 3468; x_wconf 78' lang='grc' dir='ltr'>τῇ</span> <span class='ocrx_word' id='word_1_472' title='bbox 1147 3399 1512 3471; x_wconf 73' lang='grc' dir='ltr'><strong>μοιχευομένη</strong></span> <span class='ocrx_word' id='word_1_473' title='bbox 1550 3399 1816 3468; x_wconf 77' lang='grc' dir='ltr'>συγκαθεύ</span> 
     </span>
    </p>
   </div>
   <div class='ocr_carea' id='block_1_67' title="bbox 1979 3396 3536 3471">
    <p class='ocr_par' dir='ltr' id='par_1_67' title="bbox 1979 3398 3536 3469">
     <span class='ocr_line' id='line_1_67' title="bbox 1979 3398 3536 3469; baseline 0.001 -16"><span class='ocrx_word' id='word_1_474' title='bbox 1979 3399 2299 3469; x_wconf 85' lang='lat' dir='ltr'><strong>eptuaginta</strong></span> <span class='ocrx_word' id='word_1_475' title='bbox 2338 3400 2532 3454; x_wconf 91' lang='lat' dir='ltr'><strong>stadiis</strong></span> <span class='ocrx_word' id='word_1_476' title='bbox 2568 3400 2818 3453; x_wconf 89' lang='lat' dir='ltr'><strong>dissitqu</strong></span> <span class='ocrx_word' id='word_1_477' title='bbox 2869 3398 3166 3469; x_wconf 80' lang='lat' dir='ltr'><strong>profectus,</strong></span> <span class='ocrx_word' id='word_1_478' title='bbox 3212 3400 3536 3469; x_wconf 84' lang='lat' dir='ltr'><strong>deprehensi</strong></span> 
     </span>
    </p>
   </div>
   <div class='ocr_carea' id='block_1_68' title="bbox 258 3487 1815 3563">
    <p class='ocr_par' dir='ltr' id='par_1_68' title="bbox 258 3487 1815 3563">
     <span class='ocr_line' id='line_1_68' title="bbox 258 3487 1815 3563; baseline 0.003 -22"><span class='ocrx_word' id='word_1_479' title='bbox 258 3488 441 3550; x_wconf 81' lang='grc' dir='ltr'>δοντα,</span> <span class='ocrx_word' id='word_1_480' title='bbox 494 3489 687 3558; x_wconf 80' lang='grc' dir='ltr'>τέμνει</span> <span class='ocrx_word' id='word_1_481' title='bbox 736 3506 793 3542; x_wconf 89' lang='grc' dir='ltr'>τε</span> <span class='ocrx_word' id='word_1_482' title='bbox 841 3487 1005 3542; x_wconf 75' lang='grc' dir='ltr'>αὑτοῦ</span> <span class='ocrx_word' id='word_1_483' title='bbox 1040 3489 1135 3559; x_wconf 78' lang='grc' dir='ltr'><strong>τὴν</strong></span> <span class='ocrx_word' id='word_1_484' title='bbox 1178 3490 1422 3561; x_wconf 81' lang='grc' dir='ltr'>κεφαλὴν</span> <span class='ocrx_word' id='word_1_485' title='bbox 1451 3490 1543 3543; x_wconf 76' lang='grc' dir='ltr'>καὶ</span> <span class='ocrx_word' id='word_1_486' title='bbox 1582 3491 1650 3544; x_wconf 89' lang='grc' dir='ltr'><strong>δι’</strong></span> <span class='ocrx_word' id='word_1_487' title='bbox 1684 3493 1815 3563; x_wconf 79' lang='grc' dir='ltr'>αὐτῆ</span> 
     </span>
    </p>
   </div>
   <div class='ocr_carea' id='block_1_69' title="bbox 1982 3487 3539 3563">
    <p class='ocr_par' dir='ltr' id='par_1_69' title="bbox 1982 3491 3539 3561">
     <span class='ocr_line' id='line_1_69' title="bbox 1982 3491 3539 3561; baseline 0.002 -17"><span class='ocrx_word' id='word_1_488' title='bbox 1982 3508 2077 3545; x_wconf 74' lang='lat' dir='ltr'><strong>:um</strong></span> <span class='ocrx_word' id='word_1_489' title='bbox 2115 3493 2326 3547; x_wconf 72' lang='lat' dir='ltr'><strong>intecba</strong></span> <span class='ocrx_word' id='word_1_490' title='bbox 2383 3491 2608 3547; x_wconf 81' lang='lat' dir='ltr'><strong>Barbari</strong></span> <span class='ocrx_word' id='word_1_491' title='bbox 2662 3499 2825 3560; x_wconf 88' lang='lat' dir='ltr'><strong>caput</strong></span> <span class='ocrx_word' id='word_1_492' title='bbox 2869 3494 3193 3561; x_wconf 88' lang='lat' dir='ltr'><strong>amputavit,</strong></span> <span class='ocrx_word' id='word_1_493' title='bbox 3240 3492 3539 3561; x_wconf 85' lang='lat' dir='ltr'><strong>eademque</strong></span> 
     </span>
    </p>
   </div>
   <div class='ocr_carea' id='block_1_70' title="bbox 261 3580 1818 3655">
    <p class='ocr_par' dir='ltr' id='par_1_70' title="bbox 261 3580 1818 3655">
     <span class='ocr_line' id='line_1_70' title="bbox 261 3580 1818 3655; baseline 0.003 -22"><span class='ocrx_word' id='word_1_494' title='bbox 261 3582 603 3650; x_wconf 80' lang='grc' dir='ltr'><strong>ὑποστρέφει</strong></span> <span class='ocrx_word' id='word_1_495' title='bbox 650 3580 864 3644; x_wconf 88' lang='grc' dir='ltr'>νυκτός.</span> <span class='ocrx_word' id='word_1_496' title='bbox 907 3581 1264 3649; x_wconf 84' lang='grc' dir='ltr'>Προσελθόντι</span> <span class='ocrx_word' id='word_1_497' title='bbox 1298 3582 1357 3635; x_wconf 86' lang='grc' dir='ltr'>δὲ</span> <span class='ocrx_word' id='word_1_498' title='bbox 1397 3582 1541 3637; x_wconf 86' lang='grc' dir='ltr'><strong>κατά</strong></span> <span class='ocrx_word' id='word_1_499' title='bbox 1580 3583 1641 3637; x_wconf 83' lang='grc' dir='ltr'>τὸ</span> <span class='ocrx_word' id='word_1_500' title='bbox 1681 3584 1818 3655; x_wconf 66' lang='lat' dir='ltr'><strong>arde</strong></span> 
     </span>
    </p>
   </div>
   <div class='ocr_carea' id='block_1_71' title="bbox 1982 3580 3539 3655">
    <p class='ocr_par' dir='ltr' id='par_1_71' title="bbox 1982 3584 3539 3647">
     <span class='ocr_line' id='line_1_71' title="bbox 1982 3584 3539 3647; baseline 0.001 -10"><span class='ocrx_word' id='word_1_501' title='bbox 1982 3586 2176 3638; x_wconf 90' lang='lat' dir='ltr'><strong>lomum</strong></span> <span class='ocrx_word' id='word_1_502' title='bbox 2213 3595 2370 3641; x_wconf 90' lang='lat' dir='ltr'><strong>nocte</strong></span> <span class='ocrx_word' id='word_1_503' title='bbox 2416 3586 2664 3640; x_wconf 89' lang='lat' dir='ltr'><strong>revertit.</strong></span> <span class='ocrx_word' id='word_1_504' title='bbox 2723 3585 2991 3639; x_wconf 77' lang='lat' dir='ltr'><strong>Redeunti</strong></span> <span class='ocrx_word' id='word_1_505' title='bbox 3027 3584 3174 3647; x_wconf 86' lang='lat' dir='ltr'><strong>dein,</strong></span> <span class='ocrx_word' id='word_1_506' title='bbox 3227 3594 3285 3637; x_wconf 93' lang='lat' dir='ltr'><strong>ut</strong></span> <span class='ocrx_word' id='word_1_507' title='bbox 3316 3587 3539 3638; x_wconf 81' lang='lat' dir='ltr'><strong>manda-</strong></span> 
     </span>
    </p>
   </div>
   <div class='ocr_carea' id='block_1_72' title="bbox 255 3672 1812 3751">
    <p class='ocr_par' dir='ltr' id='par_1_72' title="bbox 255 3672 1812 3748">
     <span class='ocr_line' id='line_1_72' title="bbox 255 3672 1812 3748; baseline 0.003 -21"><span class='ocrx_word' id='word_1_508' title='bbox 255 3691 445 3743; x_wconf 85' lang='grc' dir='ltr'>ταγμα</span> <span class='ocrx_word' id='word_1_509' title='bbox 470 3676 551 3736; x_wconf 85' lang='grc' dir='ltr'>εἰς</span> <span class='ocrx_word' id='word_1_510' title='bbox 569 3672 669 3743; x_wconf 78' lang='grc' dir='ltr'><strong>τὴν</strong></span> <span class='ocrx_word' id='word_1_511' title='bbox 704 3672 893 3744; x_wconf 82' lang='grc' dir='ltr'>αὔριον</span> <span class='ocrx_word' id='word_1_512' title='bbox 923 3674 1003 3745; x_wconf 84' lang='grc' dir='ltr'>τῷ</span> <span class='ocrx_word' id='word_1_513' title='bbox 1036 3675 1192 3745; x_wconf 74' lang='grc' dir='ltr'>ἀνδρὶ</span> <span class='ocrx_word' id='word_1_514' title='bbox 1221 3675 1499 3729; x_wconf 74' lang='grc' dir='ltr'>ἐπιδίδωσι</span> <span class='ocrx_word' id='word_1_515' title='bbox 1525 3677 1617 3730; x_wconf 90' lang='grc' dir='ltr'><strong>τοῦ</strong></span> <span class='ocrx_word' id='word_1_516' title='bbox 1653 3677 1812 3748; x_wconf 72' lang='grc' dir='ltr'><strong>βαρὸέ</strong></span> 
     </span>
    </p>
   </div>
   <div class='ocr_carea' id='block_1_73' title="bbox 1983 3672 3540 3751">
    <p class='ocr_par' dir='ltr' id='par_1_73' title="bbox 1983 3674 3540 3751">
     <span class='ocr_line' id='line_1_73' title="bbox 1983 3674 3540 3751; baseline 0 -20"><span class='ocrx_word' id='word_1_517' title='bbox 1983 3694 2069 3733; x_wconf 92' lang='lat' dir='ltr'><strong>um</strong></span> <span class='ocrx_word' id='word_1_518' title='bbox 2117 3678 2314 3744; x_wconf 83' lang='lat' dir='ltr'><strong>fuerat,</strong></span> <span class='ocrx_word' id='word_1_519' title='bbox 2350 3678 2613 3751; x_wconf 88' lang='lat' dir='ltr'><strong>postridie</strong></span> <span class='ocrx_word' id='word_1_520' title='bbox 2657 3677 2877 3741; x_wconf 87' lang='lat' dir='ltr'><strong>marito,</strong></span> <span class='ocrx_word' id='word_1_521' title='bbox 2911 3674 3137 3729; x_wconf 84' lang='lat' dir='ltr'><strong>Barbari</strong></span> <span class='ocrx_word' id='word_1_522' title='bbox 3186 3686 3349 3745; x_wconf 90' lang='lat' dir='ltr'><strong>caput</strong></span> <span class='ocrx_word' id='word_1_523' title='bbox 3377 3677 3540 3731; x_wconf 91' lang='lat' dir='ltr'><strong>obtu-</strong></span> 
     </span>
    </p>
   </div>
   <div class='ocr_carea' id='block_1_74' title="bbox 258 3765 1815 3838">
    <p class='ocr_par' dir='ltr' id='par_1_74' title="bbox 258 3766 1815 3838">
     <span class='ocr_line' id='line_1_74' title="bbox 258 3766 1815 3838; baseline 0.001 -17"><span class='ocrx_word' id='word_1_524' title='bbox 258 3785 361 3838; x_wconf 84' lang='grc' dir='ltr'><strong>ρου</strong></span> <span class='ocrx_word' id='word_1_525' title='bbox 390 3766 494 3838; x_wconf 81' lang='grc' dir='ltr'>τὴν</span> <span class='ocrx_word' id='word_1_526' title='bbox 524 3766 793 3833; x_wconf 84' lang='grc' dir='ltr'>κεφαλὴν,</span> <span class='ocrx_word' id='word_1_527' title='bbox 819 3766 1316 3837; x_wconf 81' lang='grc' dir='ltr'>διαπυνθανόμενος</span> <span class='ocrx_word' id='word_1_528' title='bbox 1348 3770 1398 3819; x_wconf 81' lang='grc' dir='ltr'>εἰ</span> <span class='ocrx_word' id='word_1_529' title='bbox 1426 3768 1779 3837; x_wconf 85' lang='grc' dir='ltr'>ἐπιγινώσκοι</span> <span class='ocrx_word' id='word_1_530' title='bbox 1807 3769 1815 3797; x_wconf 88' lang='grc'><strong><em>¹</em></strong></span> 
     </span>
    </p>
   </div>
   <div class='ocr_carea' id='block_1_75' title="bbox 1981 3765 3538 3838">
    <p class='ocr_par' dir='ltr' id='par_1_75' title="bbox 1982 3765 3538 3838">
     <span class='ocr_line' id='line_1_75' title="bbox 1982 3765 3538 3838; baseline 0.001 -17"><span class='ocrx_word' id='word_1_531' title='bbox 1982 3769 2042 3830; x_wconf 84' lang='lat' dir='ltr'><strong>it,</strong></span> <span class='ocrx_word' id='word_1_532' title='bbox 2073 3779 2420 3838; x_wconf 87' lang='lat' dir='ltr'><strong>percontatus</strong></span> <span class='ocrx_word' id='word_1_533' title='bbox 2462 3783 2531 3823; x_wconf 90' lang='lat' dir='ltr'><strong>an</strong></span> <span class='ocrx_word' id='word_1_534' title='bbox 2580 3769 2843 3823; x_wconf 88' lang='lat' dir='ltr'><strong>novisset.</strong></span> <span class='ocrx_word' id='word_1_535' title='bbox 2894 3765 2984 3821; x_wconf 92' lang='lat' dir='ltr'><strong>llle</strong></span> <span class='ocrx_word' id='word_1_536' title='bbox 3029 3768 3345 3836; x_wconf 87' lang='lat' dir='ltr'><strong>spectaculo</strong></span> <span class='ocrx_word' id='word_1_537' title='bbox 3414 3782 3538 3837; x_wconf 87' lang='lat' dir='ltr'><strong>per-</strong></span> 
     </span>
    </p>
   </div>
   <div class='ocr_carea' id='block_1_76' title="bbox 256 3857 1813 3932">
    <p class='ocr_par' dir='ltr' id='par_1_76' title="bbox 256 3857 1813 3932">
     <span class='ocr_line' id='line_1_76' title="bbox 256 3857 1813 3932; baseline -0.001 -18"><span class='ocrx_word' id='word_1_538' title='bbox 256 3861 455 3931; x_wconf 73' lang='grc' dir='ltr'>αύτήν.</span> <span class='ocrx_word' id='word_1_539' title='bbox 501 3858 635 3932; x_wconf 77' lang='grc'><strong>[197</strong></span> <span class='ocrx_word' id='word_1_540' title='bbox 690 3857 783 3931; x_wconf 82' lang='lat' dir='ltr'><strong>R.]</strong></span> <span class='ocrx_word' id='word_1_541' title='bbox 823 3858 883 3912; x_wconf 85' lang='lat'><strong>&#39;0</strong></span> <span class='ocrx_word' id='word_1_542' title='bbox 926 3858 983 3912; x_wconf 84' lang='grc' dir='ltr'>δὲ</span> <span class='ocrx_word' id='word_1_543' title='bbox 1031 3862 1144 3923; x_wconf 85' lang='grc' dir='ltr'>τοῖς</span> <span class='ocrx_word' id='word_1_544' title='bbox 1200 3860 1468 3930; x_wconf 81' lang='grc' dir='ltr'>παροῦσιν</span> <span class='ocrx_word' id='word_1_545' title='bbox 1526 3859 1643 3931; x_wconf 71' lang='grc' dir='ltr'>ἅμα</span> <span class='ocrx_word' id='word_1_546' title='bbox 1686 3877 1813 3914; x_wconf 83' lang='grc' dir='ltr'>κατσ</span> 
     </span>
    </p>
   </div>
   <div class='ocr_carea' id='block_1_77' title="bbox 1980 3857 3537 3932">
    <p class='ocr_par' dir='ltr' id='par_1_77' title="bbox 1980 3861 3537 3932">
     <span class='ocr_line' id='line_1_77' title="bbox 1980 3861 3537 3932; baseline 0.001 -17"><span class='ocrx_word' id='word_1_547' title='bbox 1980 3878 2172 3931; x_wconf 86' lang='lat' dir='ltr'><strong>:ussus,</strong></span> <span class='ocrx_word' id='word_1_548' title='bbox 2202 3871 2257 3918; x_wconf 91' lang='lat' dir='ltr'><strong>et</strong></span> <span class='ocrx_word' id='word_1_549' title='bbox 2296 3864 2448 3932; x_wconf 88' lang='lat' dir='ltr'><strong>quasi</strong></span> <span class='ocrx_word' id='word_1_550' title='bbox 2493 3877 2653 3918; x_wconf 88' lang='lat' dir='ltr'><strong>sensu</strong></span> <span class='ocrx_word' id='word_1_551' title='bbox 2708 3870 2909 3926; x_wconf 87' lang='lat' dir='ltr'><strong>motus,</strong></span> <span class='ocrx_word' id='word_1_552' title='bbox 2970 3876 3095 3915; x_wconf 80' lang='lat' dir='ltr'><strong>mox</strong></span> <span class='ocrx_word' id='word_1_553' title='bbox 3162 3861 3251 3916; x_wconf 85' lang='lat' dir='ltr'><strong>ubi</strong></span> <span class='ocrx_word' id='word_1_554' title='bbox 3301 3864 3537 3932; x_wconf 86' lang='lat' dir='ltr'><strong>agnovit,</strong></span> 
     </span>
    </p>
   </div>
   <div class='ocr_carea' id='block_1_78' title="bbox 258 3950 1815 4026">
    <p class='ocr_par' dir='ltr' id='par_1_78' title="bbox 258 3950 1811 4021">
     <span class='ocr_line' id='line_1_78' title="bbox 258 3950 1811 4021; baseline -0.001 -14"><span class='ocrx_word' id='word_1_555' title='bbox 258 3951 501 4021; x_wconf 78' lang='grc' dir='ltr'>πλαγεὶς</span> <span class='ocrx_word' id='word_1_556' title='bbox 525 3952 624 4005; x_wconf 64' lang='grc' dir='ltr'><strong>καὶ⁸</strong></span> <span class='ocrx_word' id='word_1_557' title='bbox 643 3952 1026 4021; x_wconf 79' lang='grc' dir='ltr'><strong>ἀμηχανήσας,</strong></span> <span class='ocrx_word' id='word_1_558' title='bbox 1062 3950 1253 4005; x_wconf 74' lang='grc' dir='ltr'>ἔπειτα</span> <span class='ocrx_word' id='word_1_559' title='bbox 1288 3952 1543 4020; x_wconf 72' lang='grc' dir='ltr'>ἐπιγνοὺς</span> <span class='ocrx_word' id='word_1_560' title='bbox 1574 3953 1666 4006; x_wconf 68' lang='grc' dir='ltr'>καὶ</span> <span class='ocrx_word' id='word_1_561' title='bbox 1687 3952 1811 4005; x_wconf 80' lang='grc' dir='ltr'>πολ)</span> 
     </span>
    </p>
   </div>
   <div class='ocr_carea' id='block_1_79' title="bbox 1986 3950 3543 4026">
    <p class='ocr_par' dir='ltr' id='par_1_79' title="bbox 1986 3952 3543 4026">
     <span class='ocr_line' id='line_1_79' title="bbox 1986 3952 3543 4026; baseline 0.001 -18"><span class='ocrx_word' id='word_1_562' title='bbox 1986 3955 2147 4009; x_wconf 88' lang='lat' dir='ltr'><strong>nultis</strong></span> <span class='ocrx_word' id='word_1_563' title='bbox 2199 3956 2425 4026; x_wconf 72' lang='lat' dir='ltr'><strong>justiti-.c</strong></span> <span class='ocrx_word' id='word_1_564' title='bbox 2482 3970 2647 4011; x_wconf 85' lang='lat' dir='ltr'><strong>causa</strong></span> <span class='ocrx_word' id='word_1_565' title='bbox 2683 3953 2821 4009; x_wconf 86' lang='lat' dir='ltr'><strong>actis</strong></span> <span class='ocrx_word' id='word_1_566' title='bbox 2867 3952 3082 4025; x_wconf 85' lang='lat' dir='ltr'><strong>gratiis,</strong></span> <span class='ocrx_word' id='word_1_567' title='bbox 3132 3953 3355 4015; x_wconf 81' lang='lat' dir='ltr'><strong>domum</strong></span> <span class='ocrx_word' id='word_1_568' title='bbox 3389 3954 3543 4010; x_wconf 73' lang='lat' dir='ltr'><strong>lactus</strong></span> 
     </span>
    </p>
   </div>
   <div class='ocr_carea' id='block_1_80' title="bbox 260 4041 2143 4114">
    <p class='ocr_par' dir='ltr' id='par_1_80' title="bbox 260 4041 2143 4114">
     <span class='ocr_line' id='line_1_80' title="bbox 260 4041 2143 4114; baseline 0.003 -18"><span class='ocrx_word' id='word_1_569' title='bbox 260 4046 363 4113; x_wconf 76' lang='grc' dir='ltr'>τῆς</span> <span class='ocrx_word' id='word_1_570' title='bbox 383 4042 739 4111; x_wconf 80' lang='grc' dir='ltr'>δικαιοσύνης</span> <span class='ocrx_word' id='word_1_571' title='bbox 765 4042 1165 4112; x_wconf 81' lang='grc' dir='ltr'>εὐχαριστήσας</span> <span class='ocrx_word' id='word_1_572' title='bbox 1189 4041 1257 4104; x_wconf 74' lang='grc'><strong>⁸³.</strong></span> <span class='ocrx_word' id='word_1_573' title='bbox 1297 4042 1396 4095; x_wconf 79' lang='grc' dir='ltr'>σὺν</span> <span class='ocrx_word' id='word_1_574' title='bbox 1418 4044 1566 4114; x_wconf 81' lang='grc' dir='ltr'>χαρᾷ</span> <span class='ocrx_word' id='word_1_575' title='bbox 1596 4044 1785 4114; x_wconf 72' lang='grc' dir='ltr'>ἀπῄει.</span> <span class='ocrx_word' id='word_1_576' title='bbox 1962 4048 2143 4102; x_wconf 86' lang='lat' dir='ltr'><strong>rediit.</strong></span> 
     </span>
    </p>
   </div>
   <div class='ocr_carea' id='block_1_81' title="bbox 334 4129 1891 4213">
    <p class='ocr_par' dir='ltr' id='par_1_81' title="bbox 334 4129 1860 4202">
     <span class='ocr_line' id='line_1_81' title="bbox 334 4129 1860 4202; baseline -0.001 -17"><span class='ocrx_word' id='word_1_577' title='bbox 334 4134 465 4186; x_wconf 88' lang='grc' dir='ltr'>Ὅτι</span> <span class='ocrx_word' id='word_1_578' title='bbox 492 4132 726 4194; x_wconf 71' lang='grc' dir='ltr'>ἕκαστος</span> <span class='ocrx_word' id='word_1_579' title='bbox 757 4129 863 4182; x_wconf 84' lang='grc' dir='ltr'>τῶν</span> <span class='ocrx_word' id='word_1_580' title='bbox 888 4130 1140 4199; x_wconf 80' lang='grc' dir='ltr'>μεγάλων</span> <span class='ocrx_word' id='word_1_581' title='bbox 1174 4131 1339 4184; x_wconf 83' lang='grc' dir='ltr'>οῐκων</span> <span class='ocrx_word' id='word_1_582' title='bbox 1362 4132 1463 4201; x_wconf 82' lang='grc' dir='ltr'>τῆς</span> <span class='ocrx_word' id='word_1_583' title='bbox 1506 4130 1745 4202; x_wconf 80' lang='grc' dir='ltr'>Ῥώμης,</span> <span class='ocrx_word' id='word_1_584' title='bbox 1783 4130 1860 4194; x_wconf 83' lang='grc' dir='ltr'>ὥς</span> 
     </span>
    </p>
   </div>
   <div class='ocr_carea' id='block_1_82' title="bbox 1987 4129 3544 4213">
    <p class='ocr_par' dir='ltr' id='par_1_82' title="bbox 2035 4138 3544 4213">
     <span class='ocr_line' id='line_1_82' title="bbox 2035 4138 3544 4213; baseline 0.003 -21"><span class='ocrx_word' id='word_1_585' title='bbox 2035 4140 2076 4193; x_wconf 85' lang='lat' dir='ltr'><strong>E</strong></span> <span class='ocrx_word' id='word_1_586' title='bbox 2108 4140 2315 4209; x_wconf 86' lang='lat' dir='ltr'><strong>magnis</strong></span> <span class='ocrx_word' id='word_1_587' title='bbox 2335 4138 2593 4194; x_wconf 76' lang='lat' dir='ltr'><strong>Romanze</strong></span> <span class='ocrx_word' id='word_1_588' title='bbox 2640 4142 2793 4197; x_wconf 87' lang='lat' dir='ltr'><strong>urbis</strong></span> <span class='ocrx_word' id='word_1_589' title='bbox 2821 4141 3069 4197; x_wconf 91' lang='lat' dir='ltr'><strong>domibus</strong></span> <span class='ocrx_word' id='word_1_590' title='bbox 3099 4143 3187 4213; x_wconf 91' lang='lat' dir='ltr'><strong>(ut</strong></span> <span class='ocrx_word' id='word_1_591' title='bbox 3212 4142 3301 4197; x_wconf 92' lang='lat' dir='ltr'><strong>hic</strong></span> <span class='ocrx_word' id='word_1_592' title='bbox 3346 4141 3544 4212; x_wconf 74' lang='lat' dir='ltr'><strong>refert)</strong></span> 
     </span>
    </p>
   </div>
   <div class='ocr_carea' id='block_1_83' title="bbox 264 4220 1821 4304">
    <p class='ocr_par' dir='ltr' id='par_1_83' title="bbox 264 4220 1821 4296">
     <span class='ocr_line' id='line_1_83' title="bbox 264 4220 1821 4296; baseline -0.003 -17"><span class='ocrx_word' id='word_1_593' title='bbox 264 4244 458 4296; x_wconf 78' lang='grc' dir='ltr'>φησιν,</span> <span class='ocrx_word' id='word_1_594' title='bbox 512 4224 731 4279; x_wconf 75' lang='grc' dir='ltr'>ἅπαντα</span> <span class='ocrx_word' id='word_1_595' title='bbox 765 4220 909 4293; x_wconf 73' lang='grc' dir='ltr'>εἶχεν</span> <span class='ocrx_word' id='word_1_596' title='bbox 944 4223 1001 4274; x_wconf 82' lang='grc' dir='ltr'><strong>ὲν</strong></span> <span class='ocrx_word' id='word_1_597' title='bbox 1041 4222 1219 4293; x_wconf 80' lang='grc' dir='ltr'>ἐαυτῷ</span> <span class='ocrx_word' id='word_1_598' title='bbox 1254 4224 1426 4276; x_wconf 85' lang='grc' dir='ltr'>ὁπόσα</span> <span class='ocrx_word' id='word_1_599' title='bbox 1458 4221 1611 4285; x_wconf 79' lang='grc' dir='ltr'>πόλις</span> <span class='ocrx_word' id='word_1_600' title='bbox 1646 4223 1821 4293; x_wconf 89' lang='grc' dir='ltr'>σύμμε</span> 
     </span>
    </p>
   </div>
   <div class='ocr_carea' id='block_1_84' title="bbox 1985 4220 3542 4304">
    <p class='ocr_par' dir='ltr' id='par_1_84' title="bbox 1985 4232 3542 4304">
     <span class='ocr_line' id='line_1_84' title="bbox 1985 4232 3542 4304; baseline 0.001 -20"><span class='ocrx_word' id='word_1_601' title='bbox 1985 4233 2143 4285; x_wconf 88' lang='lat' dir='ltr'><strong>nnnia</strong></span> <span class='ocrx_word' id='word_1_602' title='bbox 2167 4232 2307 4285; x_wconf 91' lang='lat' dir='ltr'><strong>intra</strong></span> <span class='ocrx_word' id='word_1_603' title='bbox 2326 4246 2383 4286; x_wconf 91' lang='lat' dir='ltr'><strong>se</strong></span> <span class='ocrx_word' id='word_1_604' title='bbox 2413 4248 2752 4303; x_wconf 66' lang='lat' dir='ltr'><strong>unaquaeque</strong></span> <span class='ocrx_word' id='word_1_605' title='bbox 2807 4234 3029 4301; x_wconf 88' lang='lat' dir='ltr'><strong>habuit,</strong></span> <span class='ocrx_word' id='word_1_606' title='bbox 3058 4249 3392 4304; x_wconf 67' lang='lat' dir='ltr'><strong>quaecunque</strong></span> <span class='ocrx_word' id='word_1_607' title='bbox 3420 4248 3542 4287; x_wconf 87' lang='lat' dir='ltr'><strong>me-</strong></span> 
     </span>
    </p>
   </div>
   <div class='ocr_carea' id='block_1_85' title="bbox 266 4316 1823 4396">
    <p class='ocr_par' dir='ltr' id='par_1_85' title="bbox 266 4316 1823 4390">
     <span class='ocr_line' id='line_1_85' title="bbox 266 4316 1823 4390; baseline -0.002 -18"><span class='ocrx_word' id='word_1_608' title='bbox 266 4336 396 4389; x_wconf 87' lang='grc' dir='ltr'>τρος</span> <span class='ocrx_word' id='word_1_609' title='bbox 412 4318 654 4387; x_wconf 67' lang='grc' dir='ltr'>ἠδύνατο</span> <span class='ocrx_word' id='word_1_610' title='bbox 671 4318 835 4388; x_wconf 78' lang='grc' dir='ltr'>ἔχειν,</span> <span class='ocrx_word' id='word_1_611' title='bbox 870 4320 1204 4390; x_wconf 76' lang='grc' dir='ltr'><strong>ἱππόδρομον</strong></span> <span class='ocrx_word' id='word_1_612' title='bbox 1227 4317 1323 4371; x_wconf 79' lang='grc' dir='ltr'>καὶ</span> <span class='ocrx_word' id='word_1_613' title='bbox 1348 4318 1549 4388; x_wconf 84' lang='grc' dir='ltr'>φόρους</span> <span class='ocrx_word' id='word_1_614' title='bbox 1574 4316 1669 4369; x_wconf 76' lang='grc' dir='ltr'><strong>καὶ</strong></span> <span class='ocrx_word' id='word_1_615' title='bbox 1694 4318 1823 4369; x_wconf 77' lang='grc' dir='ltr'>ναοὺ</span> 
     </span>
    </p>
   </div>
   <div class='ocr_carea' id='block_1_86' title="bbox 1987 4316 3544 4396">
    <p class='ocr_par' dir='ltr' id='par_1_86' title="bbox 1987 4324 3544 4396">
     <span class='ocr_line' id='line_1_86' title="bbox 1987 4324 3544 4396; baseline 0.001 -20"><span class='ocrx_word' id='word_1_616' title='bbox 1987 4324 2165 4378; x_wconf 89' lang='lat' dir='ltr'><strong>liocris</strong></span> <span class='ocrx_word' id='word_1_617' title='bbox 2219 4324 2380 4377; x_wconf 87' lang='lat' dir='ltr'><strong>etiam</strong></span> <span class='ocrx_word' id='word_1_618' title='bbox 2436 4324 2566 4379; x_wconf 87' lang='lat' dir='ltr'><strong>urbs</strong></span> <span class='ocrx_word' id='word_1_619' title='bbox 2602 4324 2802 4379; x_wconf 88' lang='lat' dir='ltr'><strong>habere</strong></span> <span class='ocrx_word' id='word_1_620' title='bbox 2841 4326 3045 4394; x_wconf 84' lang='lat' dir='ltr'><strong>potuit;</strong></span> <span class='ocrx_word' id='word_1_621' title='bbox 3088 4325 3498 4396; x_wconf 81' lang='lat' dir='ltr'><strong>hippodromum</strong></span> <span class='ocrx_word' id='word_1_622' title='bbox 3526 4363 3544 4390; x_wconf 89' lang='lat'><strong>,</strong></span> 
     </span>
    </p>
   </div>
   <div class='ocr_carea' id='block_1_87' title="bbox 267 4408 1824 4486">
    <p class='ocr_par' dir='ltr' id='par_1_87' title="bbox 267 4408 1824 4483">
     <span class='ocr_line' id='line_1_87' title="bbox 267 4408 1824 4483; baseline -0.004 -17"><span class='ocrx_word' id='word_1_623' title='bbox 267 4413 364 4466; x_wconf 74' lang='grc' dir='ltr'>καὶ</span> <span class='ocrx_word' id='word_1_624' title='bbox 413 4409 603 4482; x_wconf 84' lang='grc' dir='ltr'>πηγὰς</span> <span class='ocrx_word' id='word_1_625' title='bbox 637 4414 733 4463; x_wconf 79' lang='grc' dir='ltr'>καὶ</span> <span class='ocrx_word' id='word_1_626' title='bbox 764 4412 965 4483; x_wconf 70' lang='grc' dir='ltr'>λουτρά</span> <span class='ocrx_word' id='word_1_627' title='bbox 1002 4411 1258 4481; x_wconf 78' lang='grc' dir='ltr'>διάφορα.</span> <span class='ocrx_word' id='word_1_628' title='bbox 1288 4408 1380 4462; x_wconf 81' lang='grc' dir='ltr'><strong>Διὸ</strong></span> <span class='ocrx_word' id='word_1_629' title='bbox 1408 4409 1504 4462; x_wconf 74' lang='grc' dir='ltr'>καὶ</span> <span class='ocrx_word' id='word_1_630' title='bbox 1550 4410 1579 4462; x_wconf 88' lang='grc' dir='ltr'>ὁ</span> <span class='ocrx_word' id='word_1_631' title='bbox 1612 4423 1824 4479; x_wconf 85' lang='grc' dir='ltr'>συγγρα</span> 
     </span>
    </p>
   </div>
   <div class='ocr_carea' id='block_1_88' title="bbox 1991 4408 3548 4486">
    <p class='ocr_par' dir='ltr' id='par_1_88' title="bbox 1991 4414 3548 4486">
     <span class='ocr_line' id='line_1_88' title="bbox 1991 4414 3548 4486; baseline 0.002 -17"><span class='ocrx_word' id='word_1_632' title='bbox 1991 4431 2116 4480; x_wconf 90' lang='lat' dir='ltr'><strong>ora,</strong></span> <span class='ocrx_word' id='word_1_633' title='bbox 2144 4414 2620 4482; x_wconf 83' lang='lat' dir='ltr'><strong>delubra,lontes,</strong></span> <span class='ocrx_word' id='word_1_634' title='bbox 2649 4418 2796 4471; x_wconf 86' lang='lat' dir='ltr'><strong>varia</strong></span> <span class='ocrx_word' id='word_1_635' title='bbox 2828 4416 3040 4472; x_wconf 84' lang='lat' dir='ltr'><strong>balnea.</strong></span> <span class='ocrx_word' id='word_1_636' title='bbox 3072 4415 3209 4472; x_wconf 84' lang='lat' dir='ltr'><strong>Hinc</strong></span> <span class='ocrx_word' id='word_1_637' title='bbox 3229 4426 3285 4471; x_wconf 88' lang='lat' dir='ltr'><strong>et</strong></span> <span class='ocrx_word' id='word_1_638' title='bbox 3312 4418 3548 4486; x_wconf 84' lang='lat' dir='ltr'><strong>scriptor</strong></span> 
     </span>
    </p>
   </div>
   <div class='ocr_carea' id='block_1_89' title="bbox 272 4503 1829 4575">
    <p class='ocr_par' dir='ltr' id='par_1_89' title="bbox 272 4503 849 4575">
     <span class='ocr_line' id='line_1_89' title="bbox 272 4503 849 4575; baseline 0.002 -18"><span class='ocrx_word' id='word_1_639' title='bbox 272 4507 405 4575; x_wconf 73' lang='grc' dir='ltr'>φεῦς</span> <span class='ocrx_word' id='word_1_640' title='bbox 436 4503 849 4572; x_wconf 81' lang='grc' dir='ltr'>ἀπεφθέγξατο.</span> 
     </span>
    </p>
   </div>
   <div class='ocr_carea' id='block_1_90' title="bbox 820 4503 2377 4575">
    <p class='ocr_par' dir='ltr' id='par_1_90' title="bbox 820 4505 2377 4559">
     <span class='ocr_line' id='line_1_90' title="bbox 820 4505 2377 4559; baseline 0.003 -4"><span class='ocrx_word' id='word_1_641' title='bbox 820 4523 849 4558; x_wconf 67' lang='grc' dir='ltr'>ι.</span> <span class='ocrx_word' id='word_1_642' title='bbox 1967 4505 2046 4559; x_wconf 90' lang='lat' dir='ltr'><strong>sic</strong></span> <span class='ocrx_word' id='word_1_643' title='bbox 2073 4506 2336 4559; x_wconf 81' lang='lat' dir='ltr'><strong>exclamat</strong></span> <span class='ocrx_word' id='word_1_644' title='bbox 2364 4522 2377 4559; x_wconf 92' lang='lat'><strong>:</strong></span> 
     </span>
    </p>
   </div>
   <div class='ocr_carea' id='block_1_91' title="bbox 273 4592 1830 4669">
    <p class='ocr_par' dir='ltr' id='par_1_91' title="bbox 273 4593 1830 4669">
     <span class='ocr_line' id='line_1_91' title="bbox 273 4593 1830 4669; baseline -0.004 -16"><span class='ocrx_word' id='word_1_645' title='bbox 273 4595 367 4666; x_wconf 68' lang='grc' dir='ltr'>Εἷς</span> <span class='ocrx_word' id='word_1_646' title='bbox 390 4600 578 4669; x_wconf 78' lang='grc' dir='ltr'>δόμος</span> <span class='ocrx_word' id='word_1_647' title='bbox 590 4597 748 4652; x_wconf 77' lang='grc' dir='ltr'>ἄστυ</span> <span class='ocrx_word' id='word_1_648' title='bbox 760 4599 951 4652; x_wconf 75' lang='grc' dir='ltr'>πόλει·</span> <span class='ocrx_word' id='word_1_649' title='bbox 976 4599 1154 4662; x_wconf 77' lang='grc' dir='ltr'>πόλις</span> <span class='ocrx_word' id='word_1_650' title='bbox 1166 4597 1353 4651; x_wconf 80' lang='grc' dir='ltr'>ἄστεα</span> <span class='ocrx_word' id='word_1_651' title='bbox 1362 4595 1547 4665; x_wconf 80' lang='grc' dir='ltr'>μυρία</span> <span class='ocrx_word' id='word_1_652' title='bbox 1564 4594 1760 4649; x_wconf 85' lang='grc' dir='ltr'>κεύθει</span> <span class='ocrx_word' id='word_1_653' title='bbox 1788 4593 1830 4625; x_wconf 76' lang='grc'><strong>⁸⁸</strong></span> 
     </span>
    </p>
   </div>
   <div class='ocr_carea' id='block_1_92' title="bbox 1987 4592 3544 4669">
    <p class='ocr_par' dir='ltr' id='par_1_92' title="bbox 1987 4592 3544 4663">
     <span class='ocr_line' id='line_1_92' title="bbox 1987 4592 3544 4663; baseline 0.003 -17"><span class='ocrx_word' id='word_1_654' title='bbox 1987 4592 2066 4647; x_wconf 72' lang='lat' dir='ltr'><strong>Est</strong></span> <span class='ocrx_word' id='word_1_655' title='bbox 2096 4594 2217 4647; x_wconf 79' lang='lat' dir='ltr'><strong>urbs</strong></span> <span class='ocrx_word' id='word_1_656' title='bbox 2238 4610 2344 4647; x_wconf 86' lang='lat' dir='ltr'><strong>una</strong></span> <span class='ocrx_word' id='word_1_657' title='bbox 2372 4595 2557 4648; x_wconf 73' lang='lat' dir='ltr'><strong>domus</strong></span> <span class='ocrx_word' id='word_1_658' title='bbox 2579 4611 2598 4649; x_wconf 91' lang='lat'><strong><em>:</em></strong></span> <span class='ocrx_word' id='word_1_659' title='bbox 2632 4595 2772 4648; x_wconf 85' lang='lat' dir='ltr'><strong>mille</strong></span> <span class='ocrx_word' id='word_1_660' title='bbox 2796 4596 2989 4663; x_wconf 77' lang='lat' dir='ltr'><strong>oppida</strong></span> <span class='ocrx_word' id='word_1_661' title='bbox 3006 4595 3233 4648; x_wconf 82' lang='lat' dir='ltr'><strong>continet</strong></span> <span class='ocrx_word' id='word_1_662' title='bbox 3254 4611 3358 4648; x_wconf 83' lang='lat' dir='ltr'><strong>una</strong></span> <span class='ocrx_word' id='word_1_663' title='bbox 3400 4595 3544 4650; x_wconf 71' lang='lat' dir='ltr'><strong>urbs.</strong></span> 
     </span>
    </p>
   </div>
   <div class='ocr_carea' id='block_1_93' title="bbox 274 4684 1831 4762">
    <p class='ocr_par' dir='ltr' id='par_1_93' title="bbox 274 4685 1831 4762">
     <span class='ocr_line' id='line_1_93' title="bbox 274 4685 1831 4762; baseline -0.003 -17"><span class='ocrx_word' id='word_1_664' title='bbox 274 4688 453 4745; x_wconf 84' lang='grc' dir='ltr'>Ἦσαν</span> <span class='ocrx_word' id='word_1_665' title='bbox 506 4690 567 4743; x_wconf 84' lang='grc' dir='ltr'>δὲ</span> <span class='ocrx_word' id='word_1_666' title='bbox 612 4691 708 4743; x_wconf 75' lang='grc' dir='ltr'><strong>καὶ</strong></span> <span class='ocrx_word' id='word_1_667' title='bbox 737 4691 939 4762; x_wconf 89' lang='grc' dir='ltr'>λουτρά</span> <span class='ocrx_word' id='word_1_668' title='bbox 980 4690 1213 4760; x_wconf 88' lang='grc' dir='ltr'>δημόσια</span> <span class='ocrx_word' id='word_1_669' title='bbox 1262 4686 1615 4759; x_wconf 67' lang='grc' dir='ltr'>παμμεγέθη.</span> <span class='ocrx_word' id='word_1_670' title='bbox 1682 4688 1747 4739; x_wconf 78' lang='lat' dir='ltr'><strong>Ai</strong></span> <span class='ocrx_word' id='word_1_671' title='bbox 1802 4685 1831 4741; x_wconf 87' lang='grc' dir='ltr'><strong>δ</strong></span> 
     </span>
    </p>
   </div>
   <div class='ocr_carea' id='block_1_94' title="bbox 1992 4684 3549 4762">
    <p class='ocr_par' dir='ltr' id='par_1_94' title="bbox 1992 4685 3549 4758">
     <span class='ocr_line' id='line_1_94' title="bbox 1992 4685 3549 4758; baseline 0 -18"><span class='ocrx_word' id='word_1_672' title='bbox 1992 4685 2071 4740; x_wconf 68' lang='lat' dir='ltr'><strong>Sed</strong></span> <span class='ocrx_word' id='word_1_673' title='bbox 2103 4695 2156 4739; x_wconf 90' lang='lat' dir='ltr'><strong>et</strong></span> <span class='ocrx_word' id='word_1_674' title='bbox 2180 4686 2394 4740; x_wconf 88' lang='lat' dir='ltr'><strong>lavacra</strong></span> <span class='ocrx_word' id='word_1_675' title='bbox 2426 4687 2636 4755; x_wconf 87' lang='lat' dir='ltr'><strong>publica</strong></span> <span class='ocrx_word' id='word_1_676' title='bbox 2675 4688 2877 4758; x_wconf 85' lang='lat' dir='ltr'><strong>ingenti</strong></span> <span class='ocrx_word' id='word_1_677' title='bbox 2908 4701 3127 4756; x_wconf 87' lang='lat' dir='ltr'><strong>prorsus</strong></span> <span class='ocrx_word' id='word_1_678' title='bbox 3152 4685 3303 4740; x_wconf 79' lang='lat' dir='ltr'><strong>{uere</strong></span> <span class='ocrx_word' id='word_1_679' title='bbox 3343 4688 3549 4755; x_wconf 83' lang='lat' dir='ltr'><strong>magni-</strong></span> 
     </span>
    </p>
   </div>
   <div class='ocr_carea' id='block_1_95' title="bbox 287 4778 1844 4851">
    <p class='ocr_par' dir='ltr' id='par_1_95' title="bbox 287 4778 1844 4851">
     <span class='ocr_line' id='line_1_95' title="bbox 287 4778 1844 4851; baseline -0.004 -14"><span class='ocrx_word' id='word_1_680' title='bbox 287 4783 643 4837; x_wconf 72' lang='grc' dir='ltr'>Ἀντωνιαναὶ</span> <span class='ocrx_word' id='word_1_681' title='bbox 676 4780 820 4835; x_wconf 80' lang='grc' dir='ltr'>οὕτω</span> <span class='ocrx_word' id='word_1_682' title='bbox 850 4783 1181 4851; x_wconf 78' lang='grc' dir='ltr'>καλούμεναι</span> <span class='ocrx_word' id='word_1_683' title='bbox 1222 4781 1301 4844; x_wconf 87' lang='grc' dir='ltr'><strong>είς</strong></span> <span class='ocrx_word' id='word_1_684' title='bbox 1353 4780 1543 4851; x_wconf 75' lang='grc' dir='ltr'>χρείαν</span> <span class='ocrx_word' id='word_1_685' title='bbox 1570 4778 1678 4833; x_wconf 81' lang='grc' dir='ltr'><strong>τῶν</strong></span> <span class='ocrx_word' id='word_1_686' title='bbox 1710 4780 1844 4832; x_wconf 84' lang='grc' dir='ltr'>λουο·</span> 
     </span>
    </p>
   </div>
   <div class='ocr_carea' id='block_1_96' title="bbox 1989 4778 3546 4851">
    <p class='ocr_par' dir='ltr' id='par_1_96' title="bbox 1991 4778 3546 4849">
     <span class='ocr_line' id='line_1_96' title="bbox 1991 4778 3546 4849; baseline 0.001 -19"><span class='ocrx_word' id='word_1_687' title='bbox 1991 4779 2180 4843; x_wconf 89' lang='lat' dir='ltr'><strong>udine,</strong></span> <span class='ocrx_word' id='word_1_688' title='bbox 2226 4780 2512 4849; x_wconf 89' lang='lat' dir='ltr'><strong>equibus,</strong></span> <span class='ocrx_word' id='word_1_689' title='bbox 2579 4794 2699 4849; x_wconf 68' lang='lat' dir='ltr'><strong>qua:</strong></span> <span class='ocrx_word' id='word_1_690' title='bbox 2755 4778 3134 4833; x_wconf 70' lang='lat' dir='ltr'><strong>Antoniniana:</strong></span> <span class='ocrx_word' id='word_1_691' title='bbox 3198 4779 3546 4833; x_wconf 87' lang='lat' dir='ltr'><strong>nominantur</strong></span> 
     </span>
    </p>
   </div>
   <div class='ocr_carea' id='block_1_97' title="bbox 284 4870 1841 4946">
    <p class='ocr_par' dir='ltr' id='par_1_97' title="bbox 284 4870 1841 4946">
     <span class='ocr_line' id='line_1_97' title="bbox 284 4870 1841 4946; baseline -0.003 -16"><span class='ocrx_word' id='word_1_692' title='bbox 284 4877 457 4943; x_wconf 76' lang='grc' dir='ltr'>μένων</span> <span class='ocrx_word' id='word_1_693' title='bbox 486 4874 761 4945; x_wconf 81' lang='grc' dir='ltr'>καθέδρας</span> <span class='ocrx_word' id='word_1_694' title='bbox 790 4870 935 4946; x_wconf 81' lang='grc' dir='ltr'><strong>εἶχον</strong></span> <span class='ocrx_word' id='word_1_695' title='bbox 952 4875 995 4906; x_wconf 75' lang='grc'><strong>⁸⁷</strong></span> <span class='ocrx_word' id='word_1_696' title='bbox 1029 4873 1443 4943; x_wconf 80' lang='grc' dir='ltr'>παρακειμένας</span> <span class='ocrx_word' id='word_1_697' title='bbox 1470 4873 1646 4943; x_wconf 87' lang='grc' dir='ltr'>χιλίας</span> <span class='ocrx_word' id='word_1_698' title='bbox 1671 4870 1841 4937; x_wconf 74' lang='grc' dir='ltr'>ἐξακοι</span> 
     </span>
    </p>
   </div>
   <div class='ocr_carea' id='block_1_98' title="bbox 1995 4870 3552 4946">
    <p class='ocr_par' dir='ltr' id='par_1_98' title="bbox 1995 4871 3552 4938">
     <span class='ocr_line' id='line_1_98' title="bbox 1995 4871 3552 4938; baseline 0.001 -13"><span class='ocrx_word' id='word_1_699' title='bbox 1995 4871 2229 4937; x_wconf 70' lang='grc' dir='ltr'><strong>ὴοηηαι,</strong></span> <span class='ocrx_word' id='word_1_700' title='bbox 2264 4873 2330 4925; x_wconf 84' lang='lat' dir='ltr'><strong>ad</strong></span> <span class='ocrx_word' id='word_1_701' title='bbox 2370 4871 2793 4926; x_wconf 86' lang='lat' dir='ltr'><strong>commodiorem</strong></span> <span class='ocrx_word' id='word_1_702' title='bbox 2834 4871 3131 4926; x_wconf 91' lang='lat' dir='ltr'><strong>lavantium</strong></span> <span class='ocrx_word' id='word_1_703' title='bbox 3169 4887 3323 4926; x_wconf 84' lang='lat' dir='ltr'><strong>usum</strong></span> <span class='ocrx_word' id='word_1_704' title='bbox 3348 4913 3363 4938; x_wconf 92' lang='lat'><strong>,</strong></span> <span class='ocrx_word' id='word_1_705' title='bbox 3405 4871 3552 4927; x_wconf 89' lang='lat' dir='ltr'><strong>mille</strong></span> 
     </span>
    </p>
   </div>
   <div class='ocr_carea' id='block_1_99' title="bbox 282 4962 1839 5039">
    <p class='ocr_par' dir='ltr' id='par_1_99' title="bbox 282 4962 1835 5039">
     <span class='ocr_line' id='line_1_99' title="bbox 282 4962 1835 5039; baseline -0.004 -19"><span class='ocrx_word' id='word_1_706' title='bbox 282 4968 421 5035; x_wconf 74' lang='grc' dir='ltr'>σίας,</span> <span class='ocrx_word' id='word_1_707' title='bbox 454 4970 521 5020; x_wconf 77' lang='grc' dir='ltr'>ἐκ</span> <span class='ocrx_word' id='word_1_708' title='bbox 552 4966 851 5039; x_wconf 85' lang='grc' dir='ltr'>μαρμάρου</span> <span class='ocrx_word' id='word_1_709' title='bbox 880 4965 1397 5036; x_wconf 81' lang='grc' dir='ltr'>κατεσκευασμένας</span> <span class='ocrx_word' id='word_1_710' title='bbox 1430 4962 1618 5029; x_wconf 81' lang='grc' dir='ltr'>ξεστοῦ</span> <span class='ocrx_word' id='word_1_711' title='bbox 1648 4980 1662 4995; x_wconf 88' lang='grc'><strong>·</strong></span> <span class='ocrx_word' id='word_1_712' title='bbox 1712 4963 1770 5015; x_wconf 80' lang='grc' dir='ltr'>αἱ</span> <span class='ocrx_word' id='word_1_713' title='bbox 1808 4962 1835 5015; x_wconf 89' lang='grc' dir='ltr'><strong>δ</strong></span> 
     </span>
    </p>
   </div>
   <div class='ocr_carea' id='block_1_100' title="bbox 1996 4962 3553 5039">
    <p class='ocr_par' dir='ltr' id='par_1_100' title="bbox 1996 4965 3553 5039">
     <span class='ocr_line' id='line_1_100' title="bbox 1996 4965 3553 5039; baseline 0.001 -21"><span class='ocrx_word' id='word_1_714' title='bbox 1996 4974 2233 5019; x_wconf 64' lang='grc' dir='ltr'>ίειοεηιε</span> <span class='ocrx_word' id='word_1_715' title='bbox 2272 4965 2577 5022; x_wconf 86' lang='lat' dir='ltr'><strong>habuerunt</strong></span> <span class='ocrx_word' id='word_1_716' title='bbox 2608 4968 2798 5024; x_wconf 83' lang='lat' dir='ltr'><strong>sedilia</strong></span> <span class='ocrx_word' id='word_1_717' title='bbox 2829 4984 2860 5025; x_wconf 89' lang='lat' dir='ltr'><strong>e</strong></span> <span class='ocrx_word' id='word_1_718' title='bbox 2888 4984 3162 5025; x_wconf 87' lang='lat' dir='ltr'><strong>marmore</strong></span> <span class='ocrx_word' id='word_1_719' title='bbox 3193 4968 3358 5039; x_wconf 89' lang='lat' dir='ltr'><strong>polito</strong></span> <span class='ocrx_word' id='word_1_720' title='bbox 3388 4966 3553 5020; x_wconf 82' lang='lat' dir='ltr'><strong>fabri-</strong></span> 
     </span>
    </p>
   </div>
   <div class='ocr_carea' id='block_1_101' title="bbox 1556 5096 2237 5155">
    <p class='ocr_par' dir='ltr' id='par_1_101' title="bbox 1556 5096 2237 5155">
     <span class='ocr_line' id='line_1_101' title="bbox 1556 5096 2237 5155; baseline 0 0"><span class='ocrx_word' id='word_1_721' title='bbox 1556 5096 1793 5155; x_wconf 64' lang='lat' dir='ltr'><strong>VARIE</strong></span> <span class='ocrx_word' id='word_1_722' title='bbox 1829 5096 2129 5154; x_wconf 85' lang='lat' dir='ltr'><strong>LECTION</strong></span> <span class='ocrx_word' id='word_1_723' title='bbox 2135 5098 2237 5155; x_wconf 86' lang='lat' dir='ltr'><strong>ES.</strong></span> 
     </span>
    </p>
   </div>
   <div class='ocr_carea' id='block_1_102' title="bbox 350 5218 3549 5309">
    <p class='ocr_par' dir='ltr' id='par_1_102' title="bbox 350 5218 3549 5309">
     <span class='ocr_line' id='line_1_102' title="bbox 350 5218 3549 5309; baseline 0 0"><span class='ocrx_word' id='word_1_724' title='bbox 350 5221 754 5309; x_wconf 61' lang='grc' dir='ltr'><strong>’ἴξπρδςλτεῖε</strong></span> <span class='ocrx_word' id='word_1_725' title='bbox 773 5240 833 5309; x_wconf 70' lang='grc' dir='ltr'><strong>ς·</strong></span> <span class='ocrx_word' id='word_1_726' title='bbox 910 5222 1383 5309; x_wconf 48' lang='lat' dir='ltr'><strong>&quot;ams-5m?»</strong></span> <span class='ocrx_word' id='word_1_727' title='bbox 1426 5222 1474 5309; x_wconf 69' lang='lat' dir='ltr'><strong>ft</strong></span> <span class='ocrx_word' id='word_1_728' title='bbox 1494 5218 2964 5309; x_wconf 41' lang='lat' dir='ltr'><strong>apud???ﬂeamus]fortassehia-aliam.</strong></span> <span class='ocrx_word' id='word_1_729' title='bbox 3028 5218 3549 5309; x_wconf 57' lang='grc' dir='ltr'><strong>δ’ἐπιτδὲηθξῑέέ</strong></span> 
     </span>
    </p>
   </div>
   <div class='ocr_carea' id='block_1_103' title="bbox 289 5289 3556 5396">
    <p class='ocr_par' dir='ltr' id='par_1_103' title="bbox 289 5289 3556 5396">
     <span class='ocr_line' id='line_1_103' title="bbox 289 5289 3556 5396; baseline -0.001 -52"><span class='ocrx_word' id='word_1_730' title='bbox 289 5289 514 5380; x_wconf 68' lang='grc' dir='ltr'>τὸρῆμα</span> <span class='ocrx_word' id='word_1_731' title='bbox 533 5310 595 5357; x_wconf 83' lang='grc' dir='ltr'>ς.</span> <span class='ocrx_word' id='word_1_732' title='bbox 705 5295 754 5330; x_wconf 74' lang='grc' dir='ltr'><strong>δ’</strong></span> <span class='ocrx_word' id='word_1_733' title='bbox 788 5289 1178 5396; x_wconf 29' lang='grc' dir='ltr'><strong>ξμοιχεέετοὲΑ</strong></span> <span class='ocrx_word' id='word_1_734' title='bbox 1212 5289 1392 5379; x_wconf 69' lang='grc' dir='ltr'>ι’ἐγνω</span> <span class='ocrx_word' id='word_1_735' title='bbox 1416 5290 1585 5361; x_wconf 80' lang='grc' dir='ltr'>αὐτὴν</span> <span class='ocrx_word' id='word_1_736' title='bbox 1618 5289 2021 5396; x_wconf 51' lang='grc' dir='ltr'>μοιζευομένην</span> <span class='ocrx_word' id='word_1_737' title='bbox 2053 5311 2115 5358; x_wconf 80' lang='grc' dir='ltr'>ς.</span> <span class='ocrx_word' id='word_1_738' title='bbox 2192 5293 2239 5325; x_wconf 69' lang='grc'><strong>⁸³</strong></span> <span class='ocrx_word' id='word_1_739' title='bbox 2271 5289 2491 5366; x_wconf 78' lang='grc' dir='ltr'>οἰκέτην</span> <span class='ocrx_word' id='word_1_740' title='bbox 2532 5289 2630 5359; x_wconf 71' lang='grc' dir='ltr'><strong>ς.’</strong></span> <span class='ocrx_word' id='word_1_741' title='bbox 2672 5297 2718 5328; x_wconf 66' lang='grc'>⁸⁸</span> <span class='ocrx_word' id='word_1_742' title='bbox 2746 5294 3105 5365; x_wconf 82' lang='grc' dir='ltr'>ἐπιγινώσκει</span> <span class='ocrx_word' id='word_1_743' title='bbox 3134 5310 3195 5358; x_wconf 83' lang='grc' dir='ltr'>ς.</span> <span class='ocrx_word' id='word_1_744' title='bbox 3275 5289 3349 5323; x_wconf 54' lang='grc'><strong>⁸³⁷</strong></span> <span class='ocrx_word' id='word_1_745' title='bbox 3384 5290 3556 5342; x_wconf 82' lang='grc' dir='ltr'>ἀπευ-</span> 
     </span>
    </p>
   </div>
   <div class='ocr_carea' id='block_1_104' title="bbox 294 5364 1908 5434">
    <p class='ocr_par' dir='ltr' id='par_1_104' title="bbox 294 5364 1908 5434">
     <span class='ocr_line' id='line_1_104' title="bbox 294 5364 1908 5434; baseline -0.001 -19"><span class='ocrx_word' id='word_1_746' title='bbox 294 5370 619 5434; x_wconf 85' lang='grc' dir='ltr'>χαριστήσας</span> <span class='ocrx_word' id='word_1_747' title='bbox 652 5380 713 5428; x_wconf 82' lang='grc' dir='ltr'>ς.</span> <span class='ocrx_word' id='word_1_748' title='bbox 793 5364 841 5396; x_wconf 72' lang='grc'><strong>⁸⁸</strong></span> <span class='ocrx_word' id='word_1_749' title='bbox 869 5364 1057 5418; x_wconf 85' lang='grc' dir='ltr'>κεύθει</span> <span class='ocrx_word' id='word_1_750' title='bbox 1091 5366 1139 5417; x_wconf 76' lang='grc' dir='ltr'><strong>Α</strong></span> <span class='ocrx_word' id='word_1_751' title='bbox 1198 5380 1213 5419; x_wconf 82' lang='grc' dir='ltr'><strong>ι</strong></span> <span class='ocrx_word' id='word_1_752' title='bbox 1259 5364 1444 5433; x_wconf 84' lang='grc' dir='ltr'>τεύχει</span> <span class='ocrx_word' id='word_1_753' title='bbox 1479 5378 1541 5426; x_wconf 83' lang='grc' dir='ltr'>ς.</span> <span class='ocrx_word' id='word_1_754' title='bbox 1618 5364 1661 5392; x_wconf 68' lang='grc'><strong>⁵⁷</strong></span> <span class='ocrx_word' id='word_1_755' title='bbox 1697 5364 1813 5431; x_wconf 76' lang='grc' dir='ltr'>εἶχε</span> <span class='ocrx_word' id='word_1_756' title='bbox 1847 5377 1908 5424; x_wconf 83' lang='grc' dir='ltr'>ς.</span> 
     </span>
    </p>
   </div>
   <div class='ocr_carea' id='block_1_105' title="bbox 1794 5473 2029 5532">
    <p class='ocr_par' dir='ltr' id='par_1_105' title="bbox 1794 5473 2029 5532">
     <span class='ocr_line' id='line_1_105' title="bbox 1794 5473 2029 5532; baseline 0.004 -2"><span class='ocrx_word' id='word_1_757' title='bbox 1794 5473 2029 5532; x_wconf 66' lang='lat' dir='ltr'><strong>NOTAE.</strong></span> 
     </span>
    </p>
   </div>
   <div class='ocr_carea' id='block_1_106' title="bbox 365 5568 3577 5646">
    <p class='ocr_par' dir='ltr' id='par_1_106' title="bbox 365 5568 3577 5646">
     <span class='ocr_line' id='line_1_106' title="bbox 365 5568 3577 5646; baseline -0.001 -18"><span class='ocrx_word' id='word_1_758' title='bbox 365 5574 475 5641; x_wconf 74' lang='lat'><strong>(58)</strong></span> <span class='ocrx_word' id='word_1_759' title='bbox 506 5574 826 5646; x_wconf 6' lang='lat' dir='ltr'><strong>Discrepat,</strong></span> <span class='ocrx_word' id='word_1_760' title='bbox 856 5575 944 5646; x_wconf 86' lang='lat' dir='ltr'><strong>bic</strong></span> <span class='ocrx_word' id='word_1_761' title='bbox 988 5572 1229 5646; x_wconf 78' lang='lat' dir='ltr'><strong>calculus</strong></span> <span class='ocrx_word' id='word_1_762' title='bbox 1254 5576 1325 5629; x_wconf 90' lang='lat' dir='ltr'><strong>ab</strong></span> <span class='ocrx_word' id='word_1_763' title='bbox 1371 5573 1511 5638; x_wconf 82' lang='lat' dir='ltr'><strong>aliis.</strong></span> <span class='ocrx_word' id='word_1_764' title='bbox 1563 5588 1687 5646; x_wconf 69' lang='lat' dir='ltr'><strong>nam</strong></span> <span class='ocrx_word' id='word_1_765' title='bbox 1724 5588 1853 5628; x_wconf 75' lang='lat' dir='ltr'><strong>xvut</strong></span> <span class='ocrx_word' id='word_1_766' title='bbox 1970 5645 1976 5646; x_wconf 14' lang='grc' dir='ltr'>ί</span> <span class='ocrx_word' id='word_1_767' title='bbox 2038 5574 2151 5644; x_wconf 81' lang='grc'><strong>(59)</strong></span> <span class='ocrx_word' id='word_1_768' title='bbox 2180 5572 2280 5631; x_wconf 84' lang='lat' dir='ltr'><strong>Hic</strong></span> <span class='ocrx_word' id='word_1_769' title='bbox 2314 5574 2377 5631; x_wconf 88' lang='grc' dir='ltr'><strong>Β.</strong></span> <span class='ocrx_word' id='word_1_770' title='bbox 2418 5576 2723 5646; x_wconf 84' lang='lat' dir='ltr'><strong>Augustino</strong></span> <span class='ocrx_word' id='word_1_771' title='bbox 2755 5571 3136 5643; x_wconf 75' lang='lat' dir='ltr'><strong>perfamiliaris</strong></span> <span class='ocrx_word' id='word_1_772' title='bbox 3167 5568 3300 5634; x_wconf 76' lang='lat' dir='ltr'><strong>fuit,</strong></span> <span class='ocrx_word' id='word_1_773' title='bbox 3351 5574 3411 5623; x_wconf 81' lang='lat' dir='ltr'><strong>ut</strong></span> <span class='ocrx_word' id='word_1_774' title='bbox 3436 5578 3577 5626; x_wconf 68' lang='lat' dir='ltr'><strong>ere-</strong></span> 
     </span>
    </p>
   </div>
   <div class='ocr_carea' id='block_1_107' title="bbox 302 5644 2948 5717">
    <p class='ocr_par' dir='ltr' id='par_1_107' title="bbox 302 5644 2948 5717">
     <span class='ocr_line' id='line_1_107' title="bbox 302 5644 2948 5717; baseline 0 -22"><span class='ocrx_word' id='word_1_775' title='bbox 302 5644 419 5717; x_wconf 59' lang='grc' dir='ltr'>εισι.</span> <span class='ocrx_word' id='word_1_776' title='bbox 454 5646 737 5717; x_wconf 66' lang='lat' dir='ltr'><strong>Septemb.</strong></span> <span class='ocrx_word' id='word_1_777' title='bbox 774 5644 983 5717; x_wconf 10' lang='lat' dir='ltr'><strong>robiisse</strong></span> <span class='ocrx_word' id='word_1_778' title='bbox 1009 5644 1309 5717; x_wconf 77' lang='lat' dir='ltr'><strong>Honorium</strong></span> <span class='ocrx_word' id='word_1_779' title='bbox 1337 5649 1553 5701; x_wconf 86' lang='lat' dir='ltr'><strong>tradunt</strong></span> <span class='ocrx_word' id='word_1_780' title='bbox 1580 5644 1854 5709; x_wconf 85' lang='lat' dir='ltr'><strong>Socrates,</strong></span> <span class='ocrx_word' id='word_1_781' title='bbox 1968 5645 2078 5701; x_wconf 60' lang='lat' dir='ltr'><strong>brae</strong></span> <span class='ocrx_word' id='word_1_782' title='bbox 2103 5648 2381 5717; x_wconf 87' lang='lat' dir='ltr'><strong>utriusque</strong></span> <span class='ocrx_word' id='word_1_783' title='bbox 2412 5644 2604 5703; x_wconf 69' lang='lat' dir='ltr'><strong>litterae</strong></span> <span class='ocrx_word' id='word_1_784' title='bbox 2638 5646 2948 5701; x_wconf 77' lang='lat' dir='ltr'><strong>ostendunt.</strong></span> 
     </span>
    </p>
   </div>
   <div class='ocr_carea' id='block_1_108' title="bbox 305 5711 1416 5787">
    <p class='ocr_par' dir='ltr' id='par_1_108' title="bbox 305 5711 1416 5787">
     <span class='ocr_line' id='line_1_108' title="bbox 305 5711 1416 5787; baseline -0.001 -17"><span class='ocrx_word' id='word_1_785' title='bbox 305 5711 550 5787; x_wconf 64' lang='lat' dir='ltr'><strong>Prosper,</strong></span> <span class='ocrx_word' id='word_1_786' title='bbox 581 5714 927 5771; x_wconf 77' lang='lat' dir='ltr'><strong>Marcellinus</strong></span> <span class='ocrx_word' id='word_1_787' title='bbox 951 5725 1007 5771; x_wconf 88' lang='lat' dir='ltr'><strong>et</strong></span> <span class='ocrx_word' id='word_1_788' title='bbox 1031 5716 1416 5771; x_wconf 78' lang='lat' dir='ltr'><strong>Cassiodorus.</strong></span> 
     </span>
    </p>
   </div>
  </div>
