3942 6234
445 281 556 348 283

1606 267 1871 329 PHOTII
1908 262 2416 328 PATRIARCHE
2450 265 2564 327 CP.

3617 263 3724 328 284

448 398 714 454 cedonum
731 388 938 463 judicio
958 428 974 454 ,
1010 400 1195 456 regum
1221 382 1438 440 nomine
1463 381 1748 450 imperium
1773 394 2030 450 procura-

2151 378 2214 440 εἰς
2243 379 2370 441 τοὺς
2397 377 2543 448 ἀμφὶ
2586 375 2912 450 Περδίκκαν,
2941 376 2991 430 οι
3019 377 3198 449 κρίσει
3239 375 3350 432 τῶν
3395 379 3720 439 Μακεδόνων

454 493 608 544 bant.
630 485 830 540 Narrat
851 479 1141 548 deinceps,
1173 485 1232 529 ut
1261 472 1551 529 Alexandri
1575 471 1647 525 sit
1672 470 1902 524 divisum
1931 469 2037 521 im-

453 583 683 650 perium.
706 575 848 632 Asia:
871 572 1086 644 quidem
1115 569 1218 623 hoc
1245 565 1425 621 modo.
1457 562 1746 618 Ptolemaeo
1775 560 1904 628 Lagi
1930 559 2041 613 lllio

453 675 620 727 totius
641 651 857 738 :Egypti
877 707 892 728 .
910 674 965 720 et
988 662 1167 732 Libyae
1189 703 1204 728 ,
1229 667 1284 714 et
1298 657 1476 712 omnis
1492 655 1629 709 ultra
1650 655 1791 708 hanc
1810 650 2043 720 regionis

455 763 694 832 [Egypto
709 756 1004 826 adiacentis
1021 792 1037 817 ,
1062 751 1344 821 imperium
1358 748 1569 803 datum.
1588 745 1902 801 Cleomenes
1914 758 2044 800 vero

457 849 524 902 ab
540 849 850 902 Alexandro
876 859 1001 914 rege
1023 842 1148 896 huic
1176 840 1439 906 Satrapize
1462 836 1764 906 impositus.
1784 836 2042 890 vicariam

454 939 746 994 Ptolemaeo
798 945 1054 1005 praestare
1118 946 1338 1001 operam
1363 929 1548 999 jussus
1591 937 1695 982 est.
1736 927 2042 981 Laomedon

455 1033 787 1104 Mityleuams
808 1029 1021 1099 Syriam
1042 1026 1238 1092 tenuit;
1268 1023 1536 1083 Philotas.
1561 1022 1826 1086 Ciliciam;
1848 1019 2041 1074 Pithon

455 1141 606 1188 vero,
641 1121 897 1186 Mediam;
923 1120 1213 1182 Eumenes,
1236 1116 1636 1185 Cappadociam
1673 1126 1727 1170 et
1746 1113 2046 1184 Paphlago-

455 1219 601 1272 niam
625 1258 640 1280 ,
666 1226 967 1286 gentesque
992 1214 1058 1265 ad
1088 1211 1355 1264 Euxinum
1388 1219 1611 1278 pontum
1644 1210 1776 1263 sitas
1802 1248 1818 1274 ,
1849 1208 1912 1260 ad
1951 1223 2043 1260 us-

456 1323 562 1377 que
610 1306 1029 1376 Trapezuutem.
1079 1303 1380 1371 Antigonus
1413 1299 1751 1370 Pamphyliis
1784 1308 1840 1353 et
1865 1297 2047 1354 Cilici-

455 1403 556 1457 bus
575 1401 689 1471 (72)
724 1399 1011 1466 praefectus
1053 1407 1172 1459 est,
1218 1409 1387 1464 usque
1417 1395 1482 1448 ad
1511 1394 1824 1465 Phrygiam.
1881 1395 2046 1448 Asan-

455 1494 556 1548 dro
607 1493 774 1548 Cares
811 1492 923 1560 (75)
968 1492 1307 1544 obvenerunt
1342 1504 1356 1552 ;
1411 1485 1539 1557 Lydi
1568 1501 1694 1542 vero
1728 1485 2045 1542 Menandro.

454 1586 729 1642 Leuuatus
751 1585 1066 1656 Phrygiam,
1108 1598 1230 1653 qua:
1255 1583 1318 1636 ad
1349 1580 1488 1653 65b
1517 1580 1917 1650 Hellespontum
1942 1586 2045 1646 est,

454 1680 710 1732 obtinuit.
733 1680 909 1747 Atque
941 1678 1013 1731 ita
1032 1677 1248 1745 quidem
1282 1677 1410 1728 Asia
1465 1673 1775 1728 distributa.
1835 1672 1894 1726 lu
1935 1672 2044 1726 Eu-

2141 469 2509 542 ἐπετρόπευον
2547 470 2730 531 αὐτοῖς
2766 471 2867 541 τὴν
2904 469 3102 542 ἀρχήν.
3134 468 3367 538 Διέξεισι
3397 473 3489 526 καὶ
3512 473 3717 546 ὄπωςή

2139 558 2237 612 τοῦ
2273 560 2625 632 Ἀλεξάνδρου
2653 560 2948 632 διενεμήθη
2988 561 3152 632 ἀρχή.
3191 560 3318 635 [H6
3361 561 3456 637 H.]
3501 566 3583 619 Τά
3625 568 3720 638 μὲν

2130 652 2236 707 ὀὖν
2263 653 2364 725 τῆς
2399 653 2584 717 Ἀσίας
2605 654 2768 708 οὕτω.
2815 653 3150 726 Πτολεμαῖος
3175 657 3204 709 ό
3235 656 3417 726 Λάγου
3444 659 3720 726 Αἰγύπτου

2144 745 2326 818 πάσης
2375 745 2467 798 καὶ
2497 745 2703 815 Λιϐύης
2762 745 2856 799 καὶ
2905 745 3003 816 τῆς
3042 747 3298 801 ἐπέκεινα
3358 749 3494 820 γῆς,
3547 753 3720 822 όπόση

2131 836 2404 907 -Δίγύπτῳ
2445 838 2727 904 συνάπτει,
2762 838 2953 910 ἄρχειν
2991 839 3196 911 ἐτάχθη
3223 860 3236 873 ·
3271 841 3302 894 ό
3322 841 3378 896 δὲ
3403 843 3480 914 τῷ
3513 844 3720 914 βασιλεῖ

2162 929 2495 1001 Ἀλεξάνδρῳ
2547 929 2644 984 ἐπὶ
2691 932 2758 1002 τῇ
2808 931 3116 1002 σατραπείᾳ
3162 932 3336 1006 ταύτῃ
3388 936 3721 1005 τεταγμένος

2147 1021 2461 1094 Κλεομένης
2490 1022 2734 1095 ὕπαρχος
2765 1025 3084 1096 Πτολεμαίῳ
3107 1025 3478 1100 ἀποκατέστη.
3504 1030 3720 1100 Λαομέ-

2133 1114 2248 1167 δων
2268 1114 2324 1168 δὲ
2345 1117 2374 1168 ό
2390 1115 2753 1182 Μιτυληναῖος
2781 1115 2967 1186 Σύρων
2995 1117 3252 1187 ἡγεῖσθαι
3277 1119 3588 1189 ἀπεφάνθη,
3625 1120 3722 1175 καὶ

2145 1202 2388 1266 Φιλώτας
2413 1203 2512 1273 μὲν
2538 1203 2814 1271 Κιλικίας,
2848 1205 3027 1259 Πίθων
3051 1209 3094 1239 ⁶⁹
3121 1207 3175 1260 δὲ
3206 1207 3441 1278 Μηδίας,
3473 1211 3724 1282 Εὐμένης

2143 1297 2201 1350 δὲ
2245 1296 2641 1360 Καππαδοκίας
2686 1315 2746 1351 τε
2793 1298 2886 1351 καὶ
2938 1299 3322 1369 Παφλαγονίας
3357 1303 3450 1357 καὶ
3484 1304 3594 1357 τῶν
3633 1304 3725 1357 ἐπὶ

2146 1389 2238 1442 τὸν
2263 1387 2516 1455 Εὔξεινον
2541 1389 2734 1443 πόντον
2769 1392 3066 1446 κατιόντων
3110 1395 3274 1464 μέχρι
3304 1396 3394 1448 καὶ
3425 1397 3480 1458 ἐς
3505 1397 3726 1467 Τραπε-¹

2149 1480 2345 1544 ζοῦντα
2367 1483 2436 1548 ⁷⁸,
2478 1481 2779 1552 Ἀντίγονος
2807 1484 2865 1537 δὲ
2889 1480 3200 1554 Παμφύλων
3237 1487 3333 1539 καὶ
3357 1487 3596 1541 Κιλίκων
3629 1488 3725 1558 μέ-

2149 1591 2241 1645 χρι
2273 1573 2537 1644 Φρυγίας,
2571 1576 2771 1647 Καρῶν
2801 1575 2859 1629 δὲ
2885 1577 3207 1647 Ἄσανδρος,
3239 1574 3480 1648 [20111.]
3508 1577 3724 1632 Μέναν-

2154 1665 2282 1736 δρος
2311 1665 2366 1718 δὲ
2391 1665 2598 1730 Λυδῶν,
2633 1666 2915 1729 Λεωνάτος
2935 1665 2992 1718 δὲ
3019 1667 3118 1736 τῆς
3147 1665 3234 1736 ἐφ’
3280 1667 3661 1739 Ἑλλησπόντῳ
3679 1669 3722 1700 τί

455 1787 625 1842 ropa,
693 1735 966 1834 Thracia,
1031 1735 1284 1837 quidem,
1349 1776 1402 1820 et
1453 1764 1834 1820 Cherronesus
1884 1764 2041 1834 Lysi—

2151 1759 2407 1831 Φρυγίας.
2438 1758 2550 1812 Καὶ
2581 1759 2691 1813 τῶν
2723 1760 2821 1830 μὲν
2852 1735 3118 1814 Ἀσιανῶν
3146 1735 3310 1827 οὕτω,
3339 1735 3447 1814 τῶν
3478 1761 3524 1814 δ’
3547 1735 3727 1830 Εὐρω-

459 1864 654 1918 macho
707 1862 862 1916 cessit
892 1859 1040 1930 (74).
1069 1859 1355 1926 Antipater
1404 1865 1582 1913 autem
1622 1858 1887 1912 universa}
1930 1857 2044 1912 Ma-

455 1952 730 2019 cedoniae,
762 1961 816 2005 et
851 1949 1105 2014 Graeciaa,
1146 1947 1343 2020 Illyriis
1373 1949 1538 2016 item,
1567 1960 1620 2003 et
1646 1948 1933 2012 Triballis,
1965 1957 2048 2001 at-

455 2061 562 2116 que
591 2045 839 2114 Agrianis
861 2084 878 2112 ,
901 2044 1271 2112 omnibusque
1300 2043 1436 2096 adeo
1471 2044 1537 2096 iis
1560 2081 1576 2105 ,
1608 2043 1802 2109 quibus
1832 2043 1886 2096 in
1916 2056 2046 2096 cau-

457 2135 697 2209 tinente[
717 2136 972 2206 Europam
999 2134 1015 2208 ]
1054 2137 1229 2192 fuerat
1251 2135 1320 2188 ab
1336 2135 1644 2190 Alexandro
1667 2136 1839 2190 adhuc
1855 2151 2046 2204 super-

455 2230 583 2283 stite
611 2244 733 2284 cum
764 2233 918 2300 plena
958 2239 1012 2284 et
1041 2244 1255 2283 summa
1279 2237 1544 2296 potestate
1576 2229 1873 2296 imperator
1899 2244 2041 2297 pra:-

454 2320 652 2374 fectus.
701 2318 984 2375 Curatoris
1042 2335 1204 2389 porro
1243 2318 1475 2373 cilicium
1502 2358 1519 2384 ,
1586 2334 1815 2389 quaeque
1849 2320 1917 2374 ad
1961 2335 2047 2374 re-

343 2443 360 2456 ι
407 2409 596 2494 “’giam
614 2415 946 2482 pertinerent
975 2413 1193 2468 tutelam
1214 2453 1229 2478 ,
1256 2410 1480 2468 Cratero
1517 2413 1868 2466 mandata.At
1902 2413 2044 2480 quod

456 2520 728 2562 summum
745 2517 828 2559 est
847 2505 987 2573 apud
1016 2503 1336 2560 Macedonas
1352 2503 1630 2574 dignitatis
1643 2504 1882 2568 culmen,
1909 2501 2043 2559 Per-

451 2600 636 2651 diccas
670 2595 1066 2665 Hephaestionis
1101 2597 1472 2650 chiliarchiam
1504 2595 1678 2650 tenuit
1705 2595 1870 2665 (75).

528 2688 777 2742 ludorum
800 2689 1042 2741 omnium
1075 2687 1312 2757 przel'ecti
1345 2687 1513 2743 Porus
1537 2698 1593 2742 et
1615 2686 1840 2743 Taxiles
1865 2689 2042 2744 fuere.

455 2779 534 2833 Ac
599 2779 736 2834 Poro
757 2780 994 2848 quidem,
1053 2797 1176 2849 qua:
1234 2781 1421 2834 Indum
1459 2781 1601 2835 inter
1649 2791 1702 2835 et
1754 2780 2042 2852 Hydaspen

457 2873 677 2925 ﬂumina
713 2871 932 2940 jaceut;
967 2872 1145 2926 Taxili
1191 2887 1318 2926 vero
1368 2873 1573 2942 reliqua
1608 2881 1735 2928 sunt
1763 2874 2041 2928 attributa.

460 2964 652 3018 Pithon
683 2963 794 3034 (76)
823 2964 960 3018 alter
984 2965 1175 3019 horum
1201 2964 1445 3020 finitimis
1473 2965 1779 3033 imperavit,
1805 2965 2045 3035 exceptis

2148 1850 2324 1904 παίων
2349 1849 2571 1921 Θρᾴκης
2604 1850 2702 1920 μὲν
2719 1850 2815 1903 καὶ
2835 1851 3182 1922 Χερρονήσου
3217 1851 3555 1922 Λυσίμαχος,
3601 1852 3722 1906 Ἀν-

2145 1945 2408 2015 τίπατρος
2442 1944 2498 1997 δέ
2553 1946 2648 1998 ἐπὶ
2695 1946 2830 1998 πᾶσι
2874 1944 3155 1998 Μακεδόσι
3200 1945 3296 1998 καὶ
3348 1945 3577 2017 Ἕλλησι
3631 1947 3725 2001 καὶ⁵

2159 2037 2441 2109 Ἰλλυριοῖς
2481 2039 2576 2091 καὶ
2605 2037 2926 2110 Τριϐαλλοῖς
2960 2037 3057 2091 καὶ
3085 2039 3339 2108 Ἀγριᾶσι
3366 2041 3461 2094 καὶ
3496 2040 3598 2094 ὃσα
3625 2041 3724 2110 τῆς

2146 2131 2378 2203 ἠπείρου
2417 2129 2621 2196 ἐξέτιτ¹
2664 2131 3011 2206 Ἀλεξάνδρου
3037 2135 3341 2206 στρατηγὸς
3369 2134 3727 2208 αὐτοκράτωρ

2147 2228 2428 2282 ἐτέτακτο.
2455 2227 2566 2296 Τὴν
2587 2226 2646 2279 δὲ
2677 2225 3006 2296 κηδεμονίαν
3035 2227 3132 2280 καὶ
3163 2229 3264 2295 ὅση
3299 2226 3602 2298 προστασία
3628 2227 3724 2298 τῆς

2148 2319 2447 2389 βασιλείας,
2483 2320 2763 2389 Κρατερὸς
2801 2317 3109 2388 ἐπετράπη,
3144 2318 3272 2389 διδὴ
3312 2318 3621 2389 πρώτιστον
3642 2337 3726 2373 τι·

2150 2411 2254 2480 μῆς
2276 2410 2427 2474 τέλος
2456 2411 2606 2480 παρὰ
2629 2409 2903 2463 Μακεδόσι
2924 2423 2939 2438 '
2964 2410 3270 2482 Περδίκκας
3303 2409 3360 2464 δὲ
3388 2411 3487 2482 τὴν
3529 2411 3726 2480 Ἡφαι-

2149 2502 2372 2576 στίωνος
2403 2502 2738 2573 χιλιαρχίαν.

2216 2679 2399 2738 Ἦσαν
2425 2684 2480 2738 δὲ
2497 2684 2756 2756 ἄρχοντες
2791 2684 2968 2739 Ἰνδῶν
2999 2683 3099 2756 μὲν
3120 2684 3386 2739 ἁπάντων
3407 2684 3602 2753 Πῶρος
3632 2684 3730 2738 καὶ

2147 2775 2382 2847 Ταξίλης
2413 2792 2425 2806 ·
2463 2777 2576 2829 ἀλλ’
2598 2779 2626 2830 ό
2658 2778 2757 2848 μὲν
2789 2777 2979 2848 Πῶρος
3011 2777 3060 2830 οἳ
3095 2779 3151 2830 ἐν
3184 2778 3334 2850 μέσῳ
3367 2777 3535 2831 Ἰνδοῦ
3561 2795 3730 2832 ποται-

2151 2869 2255 2940 μοῦ
2288 2871 2381 2923 καὶ
2417 2870 2690 2924 Ὑδάσπου
2722 2871 3002 2942 νέμονται,
3031 2871 3266 2944 Ταξίλης
3293 2871 3350 2925 δέ
3372 2873 3479 2926 τῶν
3500 2871 3728 2926 λοιπῶν.

2148 2962 2331 3018 Πίθων
2355 2965 2400 2996 ⁷³
2431 2963 2490 3017 δέ
2515 2981 2598 3026 τις
2649 2963 2758 3017 τῶν
2795 2964 3004 3028 τούτοις
3053 2965 3273 3036 ὁμόρων
3327 2966 3535 3036 ἠγεῖτο,
3588 2965 3734 3035 πλὴν

458 3055 822 3112 Paramisadis
851 3055 983 3127 (77).
1009 3056 1110 3123 Qui
1167 3073 1295 3113 vero
1328 3055 1474 3113 Indis
1525 3057 1849 3114 contermini
1895 3069 2040 3126 sunt,

2152 3057 2552 3128 Παραμισάδων
2575 3057 2640 3112 ⁷⁸.
2678 3057 2740 3110 Οί
2763 3057 2820 3110 δὲ
2849 3056 3215 3120 συνάπτοντες
3238 3057 3444 3121 Ἰνδοῖς,
3473 3057 3590 3111 ὅσοι
3627 3056 3734 3110 ὑπὸ

459 3147 562 3202 sub
587 3149 877 3203 Caucaseis
899 3148 1172 3204 montibus
1189 3147 1507 3215 incolentes,
1529 3148 1781 3220 Oxyarta:
1809 3150 2043 3217 Bactrio,

460 3240 717 3295 Roxanes
767 3241 926 3310 patri,
965 3243 1179 3311 regendi
1225 3242 1556 3310 obtigerunt.
1604 3239 1739 3296 Huic
1797 3241 2040 3298 Hoxanze

459 3331 605 3387 lilius
659 3339 818 3386 natus
865 3343 986 3401 post
1039 3333 1335 3386 Alexandri
1402 3333 1570 3401 patris
1623 3335 2046 3403 obitum,quem

459 3442 614 3497 atque
639 3428 884 3496 parentis
919 3427 1138 3481 nomine
1173 3426 1541 3483 Alexandrum
1591 3428 1918 3484 Macedones
1949 3443 2045 3498 ap-

460 3517 751 3586 pellarunt.
781 3517 1098 3573 Arachosiis
1127 3530 1180 3571 et
1207 3517 1488 3573 Gedrosiis
1513 3519 1785 3592 Sibyrtius
1812 3518 2045 3591 prad'uit.

463 3610 730 3664 Stasanor
780 3607 877 3681 [αι.
913 3607 1196 3680 Stanosor]
1246 3609 1510 3665 Soliensis
1559 3611 1699 3680 apud
1755 3611 1945 3665 Arcios
1995 3620 2048 3666 et

462 3699 706 3772 Draugos
743 3703 1006 3771 regnavit.
1069 3699 1350 3771 Philippus
1413 3702 1702 3772 Sogdianis
1739 3703 2045 3772 imperavit,

464 3806 522 3847 ut
553 3794 936 3864 lladapharues
968 3793 1278 3864 Hyrcaniis,
1321 3806 1376 3849 et
1401 3793 1789 3862 NeOptolemus
1820 3794 2049 3850 Carma-

465 3885 590 3940 niae.
669 3885 850 3942 Persae
925 3885 1203 3942 Peucestaa
1268 3897 1587 3956 paruerunt.
1650 3887 2045 3959 Sogdianorum

465 3979 667 4050 quippe
693 3995 916 4048 regnum
949 3978 1182 4049 Oropius
1209 3991 1478 4046 tenuerat,
1523 3997 1629 4036 non
1658 3997 1686 4036 a
1721 3990 1874 4051 patre
1925 3980 2050 4035 reli-

467 4083 639 4135 ctum,
675 4073 768 4126 sed
801 4075 868 4126 ah
912 4074 1222 4128 Alexandro
1282 4086 1587 4144 acceptum.
1619 4073 1718 4141 Qui
1760 4084 2046 4145 postquam

467 4163 669 4220 ineant
703 4164 1066 4220 calamitatem
1116 4164 1331 4233 incidit,
1387 4176 1447 4221 ut
1480 4166 1865 4236 perduellionis
1927 4181 2051 4220 reus

467 4271 635 4326 regno
659 4255 944 4313 exuendus
974 4265 1139 4322 esset,
1175 4259 1632 4314 communicatum
1659 4275 1780 4314 cum
1805 4260 1911 4315 alio
1935 4258 2049 4331 (78)

467 4348 661 4403 horqu
695 4346 1140 4422 [Sogdianorum]
1174 4352 1458 4422 imperium
1493 4352 1687 4407 tenuit.
1722 4352 2047 4424 Babylonio-

468 4462 588 4502 rum
619 4461 770 4510 vero,
799 4445 1027 4516 ejusque
1056 4449 1290 4517 regionis
1319 4464 1439 4518 quae
1471 4449 1649 4503 media
1679 4421 1884 4519 Tigrim
1932 4449 2042 4522 (79)
2079 4421 2122 4474 D

467 4539 612 4595 inter
639 4550 696 4595 et
727 4539 1058 4610 Euphratem
1087 4540 1278 4596 ﬂuvios
1311 4543 1414 4598 sita
1449 4551 1554 4610 est,
1587 4542 1660 4596 ita
1699 4543 2044 4598 distributqu

466 4632 779 4700 imperium,
820 4630 1010 4687 utillis
1047 4631 1268 4702 quidem
1315 4632 1595 4696 Seleucus,
1647 4631 2048 4701 Mesopotamia:

463 4739 599 4778 vero
617 4724 920 4781 Archelaus
953 4726 1264 4795 imperaret.
1299 4723 1398 4779 Hic
1432 4727 1614 4794 itaque
1643 4725 1910 4794 gentium,
1954 4740 2051 4780 ea-

467 4830 697 4886 rumque
723 4817 1102 4887 praafectorum
1127 4821 1425 4890 catalogus,
1454 4829 1739 4889 postquam
1767 4816 2051 4876 Perdiccas

2149 3148 2262 3205 τοῖς
2287 3145 2624 3210 Καυκασίοις
2653 3147 2873 3218 όρεσι⁷¹
2904 3147 3182 3217 νέμονται,
3215 3147 3487 3220 Ὀξυάρτῃ
3517 3146 3595 3218 τῷ
3628 3147 3740 3200 Βα-

2151 3238 2344 3310 κτρίῳ,
2391 3238 2450 3302 ὃς
2477 3234 2546 3310 ἦν
2595 3238 2869 3310 Ῥωξάνης
2899 3240 3103 3311 πατὴρ,
3138 3241 3218 3303 εἰς
3255 3241 3430 3311 ἀρχὴν
3452 3241 3732 3308 ἀπενεμῆ·’

2151 3330 2328 3402 θησαν
2348 3347 2363 3362 ο
2395 3326 2462 3402 ἧς
2500 3331 2696 3402 ἐτέχθη
2743 3333 2875 3395 παῖς
2901 3332 3038 3402 μετὰ
3061 3333 3156 3385 τὸν
3180 3331 3275 3386 τοῦ
3304 3332 3510 3402 πατρὸς
3539 3330 3736 3396 Ἀλεξι-

2151 3424 2348 3494 άνδρου
2389 3422 2642 3488 θάνατον,
2673 3415 2718 3491 ᾧ
2767 3424 2830 3478 τὸ
2874 3423 3206 3478 Μακεδόνων
3257 3423 3462 3493 πλῆθος
3499 3423 3595 3477 τοῦ
3626 3442 3736 3478 πα-

2150 3516 2278 3587 τρὸς
2311 3515 2410 3586 τὴν
2445 3515 2822 3587 προσηγορίαν
2849 3514 3205 3587 Ἀλέξανδρον
3239 3498 3735 3586 ἔθεντο.”Αραχω-

2153 3608 2286 3661 σίων
2316 3607 2373 3660 δὲ
2405 3609 2499 3662 καὶ
2531 3607 2855 3678 Γαδρωσίων
2893 3608 3101 3678 ἐπῆρχε
3129 3607 3431 3678 Σιϐύρτιος,
3470 3608 3566 3661 καὶ
3591 3608 3737 3661 Σταο

2154 3702 2336 3772 σάνωρ
2364 3703 2392 3754 ὁ
2423 3701 2604 3764 Σόλιος
2634 3701 2861 3771 Ἀρείων
2894 3702 2990 3754 καὶ
3027 3700 3290 3771 Δράγγων
3320 3701 3520 3770 ἡγεῖτο.
3543 3699 3737 3753 Φιλίπ-

2152 3810 2254 3846 που
2281 3794 2338 3846 δὲ
2367 3789 2438 3864 ἦν
2461 3792 2604 3864 ἀρχὴ
2635 3793 2912 3861 Σογδιανοὶ
2945 3793 3040 3847 καὶ
3077 3792 3476 3864 Ῥαδαφέρνους
3529 3793 3742 3863 ’Υρκα-

2153 3886 2264 3940 νίαι
2321 3887 2414 3940 καὶ
2453 3885 2838 3956 Νεοπτολέμου
2887 3883 3204 3956 Καρμανία.
3248 3885 3460 3956 Πέρσαι
3517 3885 3575 3938 δὲ
3633 3885 3743 3938 ὑπὸ

2155 3979 2443 4052 Πευκέστῃ
2490 3979 2818 4050 ἐτάχθησαν.
2863 3978 2974 4049 Τὴν
3011 3977 3069 4031 δὲ
3115 3962 3416 4048 Σογδιανῶν
3456 3975 3743 4048 βασιλείαν

2167 4069 2436 4144 Ὀρώπιος
2455 4065 2622 4141 εἶχεν,
2651 4071 2713 4125 οὐ
2754 4071 2983 4139 πάτριον
3004 4070 3145 4142 ἔχων
3169 4072 3365 4143 ἀρχὴν,
3391 4069 3529 4125 ἀλλὰ
3555 4069 3746 4134 δόντος

2154 4164 2321 4219 αὐτοῦ
2339 4163 2692 4234 Ἀλεξάνδρου
2719 4181 2734 4196 ο
2757 4166 2878 4218 ἐπεὶ
2898 4164 2955 4217 δὲ
2972 4164 3106 4235 τύχη
3133 4180 3216 4227 τις
3239 4161 3386 4232 αὑτῷ
3402 4161 3704 4214 συνέπεσεν
3725 4202 3746 4228 ,

2153 4256 2580 4321 ἐπαναστάσεως
2637 4258 2818 4312 αἰτίαν
2885 4257 3140 4327 φεύγοντι
3201 4255 3584 4327 παραλυθῆναι
3643 4256 3749 4325 τῆς

2157 4349 2355 4419 ἀρχῆς,
2391 4348 2514 4402 τότε
2542 4347 2737 4411 κοινῶς
2773 4348 2953 4402 αὐτῶν
2984 4348 3083 4419 τὴν
3115 4345 3291 4419 ἀρχὴν
3324 4343 3461 4417 εἶχε.
3491 4346 3752 4402 Βαϐυλωο

2149 4441 2281 4494 νίων
2321 4441 2379 4494 δὲ
2409 4440 2626 4510 καὶτῆς
2676 4439 2849 4511 μέσης
2897 4437 3009 4493 τῶν
3042 4439 3305 4511 ποταμῶν
3343 4438 3617 4509 τίγρητος
3649 4434 3751 4491 καὶ

2151 4535 2470 4606 Εὐφράτου,
2510 4534 2620 4588 τῶν
2648 4534 2746 4604 μὲν
2767 4533 3050 4598 Σέλευκος,
3083 4533 3182 4604 τῆς
3229 4533 3286 4586 δὲ
3311 4531 3752 4602 Μεσοποταμίας

2164 4628 2458 4698 Ἀρχέλαος
2525 4623 2685 4699 ἦρχε.
2740 4625 2974 4680 Τοσόσδε
3031 4626 3269 4697 ἀριθμὸς
3323 4623 3492 4677 ἐθνῶν
3522 4639 3583 4676 τε
3651 4625 3755 4676 καὶ

2153 4721 2362 4776 ἔθνεσιν
2419 4722 2698 4794 ἀρχόντων
2767 4715 2859 4792 ἦν,
2915 4721 3005 4773 ὅτε
3066 4719 3374 4789 Περδίκκας
3443 4718 3584 4787 μετὰ
3646 4717 3754 4786 τὴν

2168 4814 2521 4885 Ἀλεξάνδρου
2541 4813 2804 4883 τελευτὴν
2829 4812 2928 4877 τὰς
2955 4811 3128 4884 ἀρχὰς
3148 4810 3354 4882 ἔνειμε.
3377 4811 3490 4863 Καὶ
3508 4810 3580 4862 τὰ
3609 4808 3754 4863 ἄλλα

1726 4911 1964 4971 VARIAE
1991 4916 2286 4973 LECTION
2297 4914 2398 4969 ES.

533 5008 580 5042 ⁶⁹
605 5009 810 5083 πείθων
841 5026 923 5080 pr.
959 5011 1025 5076 A,
1075 5010 1262 5083 πόθων
1315 5025 1474 5083 corr.
1499 5011 1580 5083 h"
1608 5011 2010 5083 τραπεζοῦντος
2070 5015 2135 5070 A.
2213 5015 2257 5044 '“
2299 5010 2690 5083 Ἑλλησπόντου
2744 5020 2889 5083 corr.
2912 5005 2955 5057 A
2988 5021 3009 5083 ξ
3079 5003 3126 5035 ⁷³
3157 5002 3301 5083 ἐξέτι
3327 5002 3372 5056 Α
3403 5019 3418 5056 ε
3455 4999 3515 5068 ἓξ
3539 5000 3637 5074 ἒττι
3688 5017 3755 5068 ς.

463 5081 514 5115 9³
543 5081 733 5136 πύθων
755 5073 898 5136 corr.
925 5073 1019 5137 Α(
1069 5080 1117 5114 ⁷⁸
1133 5081 1563 5156 παραμεισαδῶν
1591 5073 1682 5138 Α’;
1719 5073 1904 5138 verum
1936 5073 2020 5141 est
2052 5073 2553 5156 Παροπαμισαῧῶν.
2630 5079 2677 5111 ³⁸
2698 5076 2769 5130 τὰ
2819 5073 3115 5129 Καυκάσια
3155 5074 3257 5144 ὅρη
3309 5090 3371 5138 ς’.

2023 5180 2256 5238 NOTAE.

553 5279 666 5348 (72)
700 5278 805 5334 Pro
841 5280 926 5335 his
951 5279 1114 5336 habet
1145 5277 1246 5334 inf.
1277 5277 1452 5348 Lyciis
1485 5279 1702 5333 Arrian.
1728 5282 1852 5335 cod.
1879 5279 1970 5334 9‘2.

543 5349 658 5420 (75)
683 5350 1049 5406 Cassandrum
1087 5349 1446 5420 apud_.!ustin.
1487 5361 1543 5404 et
1580 5352 1826 5405 Curtium
1854 5351 1998 5419 leges
2033 5367 2048 5404 :

481 5417 646 5474 ut'et'
672 5423 723 5474 in
757 5425 934 5490 priore
977 5423 1184 5489 imperii
1225 5417 1557 5475 Macedonici
1603 5420 1869 5476 divisione
1908 5417 2051 5489 apud

467 5493 761 5546 Arrianum
796 5492 892 5547 inf.
919 5496 1043 5548 cod.
1074 5491 1167 5546 92.

545 5561 657 5632 (74)
700 5561 901 5617 Horum
941 5562 1338 5616 triumviratqu
1365 5562 1618 5616 conferas
1647 5559 1775 5618 licet
1796 5576 1920 5617 cum
1953 5563 2056 5619 Ar-

475 5634 633 5687 riano
663 5633 788 5688 iulr.
813 5635 934 5689 cod.
973 5633 1061 5687 9‘2.

549 5702 662 5771 (75)
686 5701 862 5774 Jungo
895 5703 1011 5758 inec
1053 5719 1176 5757 cum
1206 5701 1478 5758 Perdicca:
1509 5700 1811 5774 dignitate,
1835 5712 2057 5774 secutus

475 5772 918 5851 Arrianum'inl'.
983 5787 1038 5829 ct
1095 5778 1167 5830 ita
1227 5774 1452 5844 exigunt
1512 5789 1598 5830 res
1664 5776 1732 5831 de
1794 5773 2055 5831 Perdicca

480 5855 723 5916 scriptae.

2228 5279 2342 5350 (76)
2365 5276 2483 5350 Non
2507 5275 2619 5339 ille,
2647 5274 2732 5350 cui
2758 5289 2911 5350 supr.
2941 5271 3172 5350 Mediam
3217 5270 3511 5350 obvenisse
3536 5269 3757 5350 retulit,

2150 5341 2245 5428 sed
2270 5341 2431 5428 quem
2450 5346 2720 5428 Agenoris
2752 5341 2919 5399 lilium
2957 5346 3086 5398 facit
3107 5341 3380 5404 Justinus,
3404 5351 3459 5394 et
3484 5343 3759 5396 Arrianus

2164 5417 2846 5561 ωέίιξῗῄύρἓὲἆρωπὶωάαε
2895 5486 3039 5555 leges
3087 5484 3227 5539 infra
3272 5482 3412 5554 apud
3453 5481 3761 5536 Arriauum

2161 5559 2784 5700 θοῗῆεῗῖὀυωνιιῑιίρρο
2819 5627 3100 5693 nimim“,
3150 5624 3236 5679 θυί
3275 5623 3386 5693 ⁵³³¹¹¹
3441 5638 3569 5679 ⁸¹¹⁰²
3650 5621 3769 5679 so.

2169 5699 2350 5774 gdiani
2387 5699 2631 5774 attributi
2667 5699 3002 5774 legebantur.

2243 5771 2357 5845 (79)
2391 5768 2543 5826 Unde
2572 5767 2950 5839 Mesopotamia
2977 5769 3116 5824 dicta
3133 5778 3237 5824 est.
