  <div class='ocr_page' id='page_1' title='image "/cluster/home/n/w/nwhite01/storage/ocr_20150623/103 pt.3/mdp.39015061933738/152.png"; bbox 0 0 3942 6234; ppageno 0'>
   <div class='ocr_carea' id='block_1_1' title="bbox 203 286 312 350">
    <p class='ocr_par' dir='ltr' id='par_1_1' title="bbox 203 286 312 350">
     <span class='ocr_line' id='line_1_1' title="bbox 203 286 312 350; baseline 0 0"><span class='ocrx_word' id='word_1_1' title='bbox 203 286 312 350; x_wconf 71' lang='lat'><strong>285</strong></span> 
     </span>
    </p>
   </div>
   <div class='ocr_carea' id='block_1_2' title="bbox 1038 291 2598 368">
    <p class='ocr_par' dir='ltr' id='par_1_2' title="bbox 1038 291 2598 368">
     <span class='ocr_line' id='line_1_2' title="bbox 1038 291 2598 368; baseline 0.004 -18"><span class='ocrx_word' id='word_1_2' title='bbox 1038 292 1650 354; x_wconf 76' lang='lat' dir='ltr'><strong>BlBl.lOTHECA.-—</strong></span> <span class='ocrx_word' id='word_1_3' title='bbox 1684 291 1904 354; x_wconf 88' lang='lat' dir='ltr'><strong>CODD.</strong></span> <span class='ocrx_word' id='word_1_4' title='bbox 1933 291 2262 368; x_wconf 83' lang='lat' dir='ltr'><strong>LXXXIII,</strong></span> <span class='ocrx_word' id='word_1_5' title='bbox 2293 293 2598 358; x_wconf 81' lang='lat' dir='ltr'><strong>LXXXIV.</strong></span> 
     </span>
    </p>
   </div>
   <div class='ocr_carea' id='block_1_3' title="bbox 3381 289 3490 355">
    <p class='ocr_par' dir='ltr' id='par_1_3' title="bbox 3381 289 3490 355">
     <span class='ocr_line' id='line_1_3' title="bbox 3381 289 3490 355; baseline 0 0"><span class='ocrx_word' id='word_1_6' title='bbox 3381 289 3490 355; x_wconf 77' lang='lat'><strong>286</strong></span> 
     </span>
    </p>
   </div>
   <div class='ocr_carea' id='block_1_4' title="bbox 206 398 1829 476">
    <p class='ocr_par' dir='ltr' id='par_1_4' title="bbox 206 398 1829 476">
     <span class='ocr_line' id='line_1_4' title="bbox 206 398 1829 476; baseline 0 -22"><span class='ocrx_word' id='word_1_7' title='bbox 206 398 464 464; x_wconf 74' lang='grc' dir='ltr'><strong>διέξεισιν</strong></span> <span class='ocrx_word' id='word_1_8' title='bbox 515 399 578 453; x_wconf 79' lang='grc' dir='ltr'>ὲν</span> <span class='ocrx_word' id='word_1_9' title='bbox 609 399 848 467; x_wconf 76' lang='grc' dir='ltr'>πολλοῖς,</span> <span class='ocrx_word' id='word_1_10' title='bbox 899 400 974 466; x_wconf 84' lang='grc' dir='ltr'><strong>ὡς</strong></span> <span class='ocrx_word' id='word_1_11' title='bbox 1023 404 1127 457; x_wconf 85' lang='grc' dir='ltr'><strong>κάν</strong></span> <span class='ocrx_word' id='word_1_12' title='bbox 1170 401 1402 468; x_wconf 83' lang='grc' dir='ltr'>τούτοις,</span> <span class='ocrx_word' id='word_1_13' title='bbox 1456 403 1729 476; x_wconf 76' lang='grc' dir='ltr'>’Δρῤιανῷ</span> <span class='ocrx_word' id='word_1_14' title='bbox 1755 404 1829 466; x_wconf 26' lang='grc' dir='ltr'><strong>⁷⁸η</strong></span> 
     </span>
    </p>
   </div>
   <div class='ocr_carea' id='block_1_5' title="bbox 1918 398 3490 476">
    <p class='ocr_par' dir='ltr' id='par_1_5' title="bbox 1918 398 3490 472">
     <span class='ocr_line' id='line_1_5' title="bbox 1918 398 3490 472; baseline -0.001 -16"><span class='ocrx_word' id='word_1_15' title='bbox 1918 402 1974 456; x_wconf 72' lang='grc' dir='ltr'><strong>ιι)</strong></span> <span class='ocrx_word' id='word_1_16' title='bbox 2001 402 2295 457; x_wconf 81' lang='lat' dir='ltr'><strong>Alexandri</strong></span> <span class='ocrx_word' id='word_1_17' title='bbox 2322 417 2550 458; x_wconf 80' lang='lat' dir='ltr'><strong>excessu</strong></span> <span class='ocrx_word' id='word_1_18' title='bbox 2578 401 2803 472; x_wconf 84' lang='lat' dir='ltr'><strong>imperia</strong></span> <span class='ocrx_word' id='word_1_19' title='bbox 2837 398 3141 455; x_wconf 85' lang='lat' dir='ltr'><strong>distribuit.</strong></span> <span class='ocrx_word' id='word_1_20' title='bbox 3173 399 3234 454; x_wconf 93' lang='lat' dir='ltr'><strong>In</strong></span> <span class='ocrx_word' id='word_1_21' title='bbox 3266 402 3490 454; x_wconf 68' lang='lat' dir='ltr'><strong>caeteris</strong></span> 
     </span>
    </p>
   </div>
   <div class='ocr_carea' id='block_1_6' title="bbox 207 489 1380 564">
    <p class='ocr_par' dir='ltr' id='par_1_6' title="bbox 207 489 1380 564">
     <span class='ocr_line' id='line_1_6' title="bbox 207 489 1380 564; baseline 0.003 -18"><span class='ocrx_word' id='word_1_22' title='bbox 207 490 355 546; x_wconf 84' lang='grc' dir='ltr'><strong>κατά</strong></span> <span class='ocrx_word' id='word_1_23' title='bbox 379 489 443 544; x_wconf 79' lang='grc' dir='ltr'>τὸ</span> <span class='ocrx_word' id='word_1_24' title='bbox 470 489 727 546; x_wconf 82' lang='grc' dir='ltr'>πλεῖστον</span> <span class='ocrx_word' id='word_1_25' title='bbox 758 492 1026 563; x_wconf 85' lang='grc' dir='ltr'>σύμφωνα</span> <span class='ocrx_word' id='word_1_26' title='bbox 1058 493 1288 564; x_wconf 81' lang='grc' dir='ltr'>γράφων</span> <span class='ocrx_word' id='word_1_27' title='bbox 1311 494 1380 549; x_wconf 82' lang='grc'><strong>⁷⁷.</strong></span> 
     </span>
    </p>
   </div>
   <div class='ocr_carea' id='block_1_7' title="bbox 963 675 1088 729">
    <p class='ocr_par' dir='ltr' id='par_1_7' title="bbox 963 675 1088 729">
     <span class='ocr_line' id='line_1_7' title="bbox 963 675 1088 729; baseline 0.008 -2"><span class='ocrx_word' id='word_1_28' title='bbox 963 675 1088 729; x_wconf 81' lang='lat' dir='ltr'><strong>III&quot;.</strong></span> 
     </span>
    </p>
   </div>
   <div class='ocr_carea' id='block_1_8' title="bbox 282 765 1775 836">
    <p class='ocr_par' dir='ltr' id='par_1_8' title="bbox 282 765 1775 836">
     <span class='ocr_line' id='line_1_8' title="bbox 282 765 1775 836; baseline -0.001 -15"><span class='ocrx_word' id='word_1_29' title='bbox 282 767 607 822; x_wconf 76' lang='grc' dir='ltr'>Διονυσίου</span> <span class='ocrx_word' id='word_1_30' title='bbox 620 765 1140 834; x_wconf 70' lang='grc' dir='ltr'>Ἁλικαρνασσέως</span> <span class='ocrx_word' id='word_1_31' title='bbox 1176 766 1486 836; x_wconf 77' lang='grc' dir='ltr'>Ἶστορικοί</span> <span class='ocrx_word' id='word_1_32' title='bbox 1509 767 1680 835; x_wconf 68' lang='grc' dir='ltr'>λόγοι</span> <span class='ocrx_word' id='word_1_33' title='bbox 1703 771 1775 819; x_wconf 81' lang='grc' dir='ltr'><strong>κ’.</strong></span> 
     </span>
    </p>
   </div>
   <div class='ocr_carea' id='block_1_9' title="bbox 294 855 1810 931">
    <p class='ocr_par' dir='ltr' id='par_1_9' title="bbox 294 855 1810 931">
     <span class='ocr_line' id='line_1_9' title="bbox 294 855 1810 931; baseline -0.002 -19"><span class='ocrx_word' id='word_1_34' title='bbox 294 858 642 931; x_wconf 82' lang='grc' dir='ltr'>’Δνεγνώσθη</span> <span class='ocrx_word' id='word_1_35' title='bbox 665 858 945 912; x_wconf 77' lang='grc' dir='ltr'><strong>Διονυσίου</strong></span> <span class='ocrx_word' id='word_1_36' title='bbox 973 857 1444 928; x_wconf 72' lang='grc' dir='ltr'><strong>Ἁλικαρνασσέως</strong></span> <span class='ocrx_word' id='word_1_37' title='bbox 1463 855 1507 888; x_wconf 78' lang='grc'>’⁸</span> <span class='ocrx_word' id='word_1_38' title='bbox 1533 857 1626 910; x_wconf 84' lang='grc' dir='ltr'><strong>τοῦ</strong></span> <span class='ocrx_word' id='word_1_39' title='bbox 1659 857 1810 909; x_wconf 81' lang='grc' dir='ltr'>Ἀλε-</span> 
     </span>
    </p>
   </div>
   <div class='ocr_carea' id='block_1_10' title="bbox 215 946 1812 1020">
    <p class='ocr_par' dir='ltr' id='par_1_10' title="bbox 215 946 1812 1020">
     <span class='ocr_line' id='line_1_10' title="bbox 215 946 1812 1020; baseline -0.002 -17"><span class='ocrx_word' id='word_1_40' title='bbox 215 946 446 1020; x_wconf 72' lang='grc' dir='ltr'>ξάνδρου</span> <span class='ocrx_word' id='word_1_41' title='bbox 468 951 680 1015; x_wconf 69' lang='grc' dir='ltr'>,βιϐλία</span> <span class='ocrx_word' id='word_1_42' title='bbox 703 948 1020 1018; x_wconf 77' lang='grc' dir='ltr'>ίστορικῶν</span> <span class='ocrx_word' id='word_1_43' title='bbox 1033 950 1232 1019; x_wconf 69' lang='grc' dir='ltr'>λόγων</span> <span class='ocrx_word' id='word_1_44' title='bbox 1276 950 1499 1003; x_wconf 76' lang='grc' dir='ltr'>εἴκοσιν.</span> <span class='ocrx_word' id='word_1_45' title='bbox 1550 949 1812 1020; x_wconf 84' lang='grc' dir='ltr'>Ἀρχεται</span> 
     </span>
    </p>
   </div>
   <div class='ocr_carea' id='block_1_11' title="bbox 214 1041 1809 1117">
    <p class='ocr_par' dir='ltr' id='par_1_11' title="bbox 214 1041 1809 1117">
     <span class='ocr_line' id='line_1_11' title="bbox 214 1041 1809 1117; baseline -0.001 -21"><span class='ocrx_word' id='word_1_46' title='bbox 214 1044 320 1097; x_wconf 72' lang='grc' dir='ltr'>ἀπὸ</span> <span class='ocrx_word' id='word_1_47' title='bbox 348 1045 455 1114; x_wconf 81' lang='grc' dir='ltr'>τῆς</span> <span class='ocrx_word' id='word_1_48' title='bbox 483 1045 696 1098; x_wconf 75' lang='grc' dir='ltr'><strong>Αἰνείου</strong></span> <span class='ocrx_word' id='word_1_49' title='bbox 728 1044 928 1116; x_wconf 71' lang='grc' dir='ltr'>μετάπ</span> <span class='ocrx_word' id='word_1_50' title='bbox 956 1044 1160 1117; x_wconf 86' lang='grc' dir='ltr'>Τροίας</span> <span class='ocrx_word' id='word_1_51' title='bbox 1195 1043 1398 1098; x_wconf 77' lang='grc' dir='ltr'>ἅλωσιν</span> <span class='ocrx_word' id='word_1_52' title='bbox 1424 1044 1516 1096; x_wconf 78' lang='grc' dir='ltr'><strong>ἐπὶ</strong></span> <span class='ocrx_word' id='word_1_53' title='bbox 1537 1041 1634 1113; x_wconf 81' lang='grc' dir='ltr'>τὴν</span> <span class='ocrx_word' id='word_1_54' title='bbox 1669 1041 1809 1094; x_wconf 86' lang='grc' dir='ltr'>Ἰτα-</span> 
     </span>
    </p>
   </div>
   <div class='ocr_carea' id='block_1_12' title="bbox 214 1135 1812 1209">
    <p class='ocr_par' dir='ltr' id='par_1_12' title="bbox 214 1135 1812 1209">
     <span class='ocr_line' id='line_1_12' title="bbox 214 1135 1812 1209; baseline 0.003 -21"><span class='ocrx_word' id='word_1_55' title='bbox 214 1135 337 1190; x_wconf 83' lang='grc' dir='ltr'>λίαν</span> <span class='ocrx_word' id='word_1_56' title='bbox 363 1135 630 1206; x_wconf 75' lang='grc' dir='ltr'>ἀφίξεως,</span> <span class='ocrx_word' id='word_1_57' title='bbox 657 1136 754 1191; x_wconf 82' lang='grc' dir='ltr'>καὶ</span> <span class='ocrx_word' id='word_1_58' title='bbox 790 1136 1042 1204; x_wconf 81' lang='grc' dir='ltr'><strong>διέξεισιν</strong></span> <span class='ocrx_word' id='word_1_59' title='bbox 1068 1138 1126 1190; x_wconf 71' lang='grc' dir='ltr'>ὲν</span> <span class='ocrx_word' id='word_1_60' title='bbox 1156 1137 1328 1209; x_wconf 79' lang='grc' dir='ltr'>πολλῇ</span> <span class='ocrx_word' id='word_1_61' title='bbox 1363 1136 1683 1208; x_wconf 79' lang='grc' dir='ltr'>λεπτολογίᾳ</span> <span class='ocrx_word' id='word_1_62' title='bbox 1710 1138 1812 1209; x_wconf 86' lang='grc' dir='ltr'><strong>τήν</strong></span> 
     </span>
    </p>
   </div>
   <div class='ocr_carea' id='block_1_13' title="bbox 211 1227 1810 1300">
    <p class='ocr_par' dir='ltr' id='par_1_13' title="bbox 211 1227 1810 1300">
     <span class='ocr_line' id='line_1_13' title="bbox 211 1227 1810 1300; baseline 0 -19"><span class='ocrx_word' id='word_1_63' title='bbox 211 1246 274 1282; x_wconf 89' lang='grc' dir='ltr'><strong>τε</strong></span> <span class='ocrx_word' id='word_1_64' title='bbox 297 1227 400 1297; x_wconf 81' lang='grc' dir='ltr'><strong>τῆς</strong></span> <span class='ocrx_word' id='word_1_65' title='bbox 481 1228 704 1300; x_wconf 79' lang='grc' dir='ltr'>Ῥώμης</span> <span class='ocrx_word' id='word_1_66' title='bbox 747 1230 948 1282; x_wconf 80' lang='grc' dir='ltr'>οῖκισιν</span> <span class='ocrx_word' id='word_1_67' title='bbox 990 1229 1040 1262; x_wconf 79' lang='grc'><strong>⁸⁸</strong></span> <span class='ocrx_word' id='word_1_68' title='bbox 1095 1229 1192 1282; x_wconf 76' lang='grc' dir='ltr'>καὶ</span> <span class='ocrx_word' id='word_1_69' title='bbox 1243 1229 1344 1297; x_wconf 79' lang='grc' dir='ltr'>τὴν</span> <span class='ocrx_word' id='word_1_70' title='bbox 1397 1229 1594 1298; x_wconf 82' lang='grc' dir='ltr'>Ῥέμου</span> <span class='ocrx_word' id='word_1_71' title='bbox 1626 1228 1670 1260; x_wconf 81' lang='grc'><strong>⁸¹</strong></span> <span class='ocrx_word' id='word_1_72' title='bbox 1714 1228 1810 1282; x_wconf 57' lang='grc' dir='ltr'><strong>καί⁵</strong></span> 
     </span>
    </p>
   </div>
   <div class='ocr_carea' id='block_1_14' title="bbox 224 1305 1811 1394">
    <p class='ocr_par' dir='ltr' id='par_1_14' title="bbox 224 1305 1811 1394">
     <span class='ocr_line' id='line_1_14' title="bbox 224 1305 1811 1394; baseline 0 -20"><span class='ocrx_word' id='word_1_73' title='bbox 224 1320 524 1391; x_wconf 81' lang='grc' dir='ltr'><strong>Ῥωμύλου</strong></span> <span class='ocrx_word' id='word_1_74' title='bbox 560 1305 817 1394; x_wconf 80' lang='grc' dir='ltr'>γέννησιν</span> <span class='ocrx_word' id='word_1_75' title='bbox 851 1323 944 1376; x_wconf 73' lang='grc' dir='ltr'>καὶ</span> <span class='ocrx_word' id='word_1_76' title='bbox 987 1321 1174 1386; x_wconf 84' lang='grc' dir='ltr'>ἁπλῶς</span> <span class='ocrx_word' id='word_1_77' title='bbox 1206 1320 1406 1391; x_wconf 66' lang='grc' dir='ltr'>ἑφεξῆς</span> <span class='ocrx_word' id='word_1_78' title='bbox 1441 1322 1681 1386; x_wconf 72' lang='grc' dir='ltr'>ἄπαντα,</span> <span class='ocrx_word' id='word_1_79' title='bbox 1716 1321 1811 1392; x_wconf 85' lang='grc' dir='ltr'>μέ-</span> 
     </span>
    </p>
   </div>
   <div class='ocr_carea' id='block_1_15' title="bbox 210 1411 1809 1484">
    <p class='ocr_par' dir='ltr' id='par_1_15' title="bbox 210 1411 1809 1484">
     <span class='ocr_line' id='line_1_15' title="bbox 210 1411 1809 1484; baseline 0.001 -19"><span class='ocrx_word' id='word_1_80' title='bbox 210 1428 336 1482; x_wconf 80' lang='grc' dir='ltr'>χρις</span> <span class='ocrx_word' id='word_1_81' title='bbox 358 1413 488 1465; x_wconf 80' lang='grc' dir='ltr'>ὅτου</span> <span class='ocrx_word' id='word_1_82' title='bbox 520 1411 813 1482; x_wconf 85' lang='grc' dir='ltr'>Ῥωμαίοις</span> <span class='ocrx_word' id='word_1_83' title='bbox 841 1415 868 1466; x_wconf 87' lang='grc' dir='ltr'>ὁ</span> <span class='ocrx_word' id='word_1_84' title='bbox 895 1413 1033 1484; x_wconf 82' lang='grc' dir='ltr'>πρὸς</span> <span class='ocrx_word' id='word_1_85' title='bbox 1069 1411 1285 1484; x_wconf 77' lang='grc' dir='ltr'>Πύρρον</span> <span class='ocrx_word' id='word_1_86' title='bbox 1317 1413 1411 1466; x_wconf 82' lang='grc' dir='ltr'>τὸν</span> <span class='ocrx_word' id='word_1_87' title='bbox 1448 1412 1809 1483; x_wconf 86' lang='grc' dir='ltr'><strong>Ἠπειρώτην</strong></span> 
     </span>
    </p>
   </div>
   <div class='ocr_carea' id='block_1_16' title="bbox 211 1501 1805 1575">
    <p class='ocr_par' dir='ltr' id='par_1_16' title="bbox 211 1501 1805 1575">
     <span class='ocr_line' id='line_1_16' title="bbox 211 1501 1805 1575; baseline 0.003 -21"><span class='ocrx_word' id='word_1_88' title='bbox 211 1501 460 1573; x_wconf 78' lang='grc' dir='ltr'>πόλεμος</span> <span class='ocrx_word' id='word_1_89' title='bbox 513 1503 767 1575; x_wconf 83' lang='grc' dir='ltr'><strong>συνέστη.</strong></span> <span class='ocrx_word' id='word_1_90' title='bbox 818 1505 1102 1574; x_wconf 81' lang='grc' dir='ltr'>Διέρχεται</span> <span class='ocrx_word' id='word_1_91' title='bbox 1147 1504 1206 1558; x_wconf 79' lang='grc' dir='ltr'>δὲ</span> <span class='ocrx_word' id='word_1_92' title='bbox 1250 1505 1346 1558; x_wconf 82' lang='grc' dir='ltr'>καὶ</span> <span class='ocrx_word' id='word_1_93' title='bbox 1380 1504 1544 1558; x_wconf 73' lang='grc' dir='ltr'>αὐτὸν</span> <span class='ocrx_word' id='word_1_94' title='bbox 1581 1506 1805 1570; x_wconf 80' lang='grc' dir='ltr'>ἐκεῖνον,</span> 
     </span>
    </p>
   </div>
   <div class='ocr_carea' id='block_1_17' title="bbox 209 1593 1809 1666">
    <p class='ocr_par' dir='ltr' id='par_1_17' title="bbox 209 1593 1809 1666">
     <span class='ocr_line' id='line_1_17' title="bbox 209 1593 1809 1666; baseline 0 -18"><span class='ocrx_word' id='word_1_95' title='bbox 209 1594 307 1648; x_wconf 78' lang='grc' dir='ltr'>καὶ</span> <span class='ocrx_word' id='word_1_96' title='bbox 339 1595 577 1666; x_wconf 77' lang='grc' dir='ltr'>τελευτᾷ</span> <span class='ocrx_word' id='word_1_97' title='bbox 633 1597 712 1658; x_wconf 78' lang='grc' dir='ltr'><strong>ὲς-</strong></span> <span class='ocrx_word' id='word_1_98' title='bbox 739 1595 838 1666; x_wconf 84' lang='grc' dir='ltr'>τὴν</span> <span class='ocrx_word' id='word_1_99' title='bbox 887 1593 932 1666; x_wconf 85' lang='grc' dir='ltr'>ρ’</span> <span class='ocrx_word' id='word_1_100' title='bbox 958 1597 1053 1649; x_wconf 75' lang='grc' dir='ltr'>καὶ</span> <span class='ocrx_word' id='word_1_101' title='bbox 1111 1596 1200 1664; x_wconf 86' lang='grc' dir='ltr'>κη’</span> <span class='ocrx_word' id='word_1_102' title='bbox 1243 1596 1603 1665; x_wconf 85' lang='grc' dir='ltr'><strong>Ὀλυμπιάδα,</strong></span> <span class='ocrx_word' id='word_1_103' title='bbox 1653 1595 1809 1659; x_wconf 82' lang='grc' dir='ltr'>έτους</span> 
     </span>
    </p>
   </div>
   <div class='ocr_carea' id='block_1_18' title="bbox 211 1683 1806 1760">
    <p class='ocr_par' dir='ltr' id='par_1_18' title="bbox 211 1683 1806 1760">
     <span class='ocr_line' id='line_1_18' title="bbox 211 1683 1806 1760; baseline 0.001 -21"><span class='ocrx_word' id='word_1_104' title='bbox 211 1684 345 1757; x_wconf 77' lang='grc'><strong>[117</strong></span> <span class='ocrx_word' id='word_1_105' title='bbox 392 1685 490 1758; x_wconf 82' lang='grc' dir='ltr'><strong>Η.]</strong></span> <span class='ocrx_word' id='word_1_106' title='bbox 551 1687 720 1754; x_wconf 81' lang='grc' dir='ltr'>αὐτῆς</span> <span class='ocrx_word' id='word_1_107' title='bbox 778 1689 1132 1758; x_wconf 80' lang='grc' dir='ltr'>ἐνεστηκότος</span> <span class='ocrx_word' id='word_1_108' title='bbox 1157 1689 1204 1720; x_wconf 81' lang='grc'>⁸¹</span> <span class='ocrx_word' id='word_1_109' title='bbox 1233 1689 1417 1759; x_wconf 84' lang='grc' dir='ltr'>τρίτου</span> <span class='ocrx_word' id='word_1_110' title='bbox 1439 1705 1452 1720; x_wconf 93' lang='grc'>·</span> <span class='ocrx_word' id='word_1_111' title='bbox 1485 1689 1580 1757; x_wconf 83' lang='grc' dir='ltr'>ἀφ’</span> <span class='ocrx_word' id='word_1_112' title='bbox 1610 1683 1679 1760; x_wconf 85' lang='grc' dir='ltr'>ἦς</span> <span class='ocrx_word' id='word_1_113' title='bbox 1710 1689 1806 1741; x_wconf 87' lang='grc' dir='ltr'><strong>καί</strong></span> 
     </span>
    </p>
   </div>
   <div class='ocr_carea' id='block_1_19' title="bbox 209 1759 1882 1852">
    <p class='ocr_par' dir='ltr' id='par_1_19' title="bbox 209 1759 1882 1852">
     <span class='ocr_line' id='line_1_19' title="bbox 209 1759 1882 1852; baseline 0.002 -22"><span class='ocrx_word' id='word_1_114' title='bbox 209 1795 382 1848; x_wconf 79' lang='grc' dir='ltr'>φησιν</span> <span class='ocrx_word' id='word_1_115' title='bbox 406 1779 768 1850; x_wconf 79' lang='grc' dir='ltr'>ἀπάρξασθαι</span> <span class='ocrx_word' id='word_1_116' title='bbox 807 1779 900 1833; x_wconf 74' lang='grc' dir='ltr'>τὸν</span> <span class='ocrx_word' id='word_1_117' title='bbox 924 1781 1377 1852; x_wconf 81' lang='grc' dir='ltr'>Μεγαλοπολίτην</span> <span class='ocrx_word' id='word_1_118' title='bbox 1407 1759 1669 1834; x_wconf 73' lang='grc' dir='ltr'>Πολύῦιον</span> <span class='ocrx_word' id='word_1_119' title='bbox 1702 1781 1806 1849; x_wconf 83' lang='grc' dir='ltr'>τῆς</span> <span class='ocrx_word' id='word_1_120' title='bbox 1840 1759 1882 1816; x_wconf 68' lang='grc' dir='ltr'><strong><em>Β</em></strong></span> 
     </span>
    </p>
   </div>
   <div class='ocr_carea' id='block_1_20' title="bbox 211 1866 1806 1942">
    <p class='ocr_par' dir='ltr' id='par_1_20' title="bbox 211 1866 1806 1942">
     <span class='ocr_line' id='line_1_20' title="bbox 211 1866 1806 1942; baseline 0.003 -20"><span class='ocrx_word' id='word_1_121' title='bbox 211 1871 487 1940; x_wconf 78' lang='grc' dir='ltr'>ἱστορίας.</span> <span class='ocrx_word' id='word_1_122' title='bbox 541 1872 799 1942; x_wconf 86' lang='grc' dir='ltr'>Ἤκμασε</span> <span class='ocrx_word' id='word_1_123' title='bbox 867 1872 924 1926; x_wconf 84' lang='grc' dir='ltr'>δὲ</span> <span class='ocrx_word' id='word_1_124' title='bbox 987 1866 1142 1937; x_wconf 72' lang='grc' dir='ltr'>οὗτος</span> <span class='ocrx_word' id='word_1_125' title='bbox 1193 1874 1288 1927; x_wconf 72' lang='grc' dir='ltr'><strong>ἐπὶ</strong></span> <span class='ocrx_word' id='word_1_126' title='bbox 1332 1874 1442 1927; x_wconf 85' lang='grc' dir='ltr'>τῶν</span> <span class='ocrx_word' id='word_1_127' title='bbox 1495 1873 1806 1942; x_wconf 81' lang='grc' dir='ltr'>Αὐγούστου</span> 
     </span>
    </p>
   </div>
   <div class='ocr_carea' id='block_1_21' title="bbox 209 1962 1807 2036">
    <p class='ocr_par' dir='ltr' id='par_1_21' title="bbox 209 1962 1807 2036">
     <span class='ocr_line' id='line_1_21' title="bbox 209 1962 1807 2036; baseline 0.003 -24"><span class='ocrx_word' id='word_1_128' title='bbox 209 1963 450 2032; x_wconf 82' lang='grc' dir='ltr'>χρόνων,</span> <span class='ocrx_word' id='word_1_129' title='bbox 497 1962 890 2028; x_wconf 80' lang='grc' dir='ltr'>καταπλεύσας</span> <span class='ocrx_word' id='word_1_130' title='bbox 916 1965 996 2028; x_wconf 81' lang='grc' dir='ltr'><strong>είς</strong></span> <span class='ocrx_word' id='word_1_131' title='bbox 1039 1963 1270 2018; x_wconf 85' lang='grc' dir='ltr'>Ἰταλίαν</span> <span class='ocrx_word' id='word_1_132' title='bbox 1302 1966 1417 2036; x_wconf 73' lang='grc' dir='ltr'>ἅμα</span> <span class='ocrx_word' id='word_1_133' title='bbox 1445 1965 1525 2036; x_wconf 83' lang='grc' dir='ltr'>τῷ</span> <span class='ocrx_word' id='word_1_134' title='bbox 1569 1965 1807 2018; x_wconf 86' lang='grc' dir='ltr'>καταλυ-</span> 
     </span>
    </p>
   </div>
   <div class='ocr_carea' id='block_1_22' title="bbox 209 2054 1809 2130">
    <p class='ocr_par' dir='ltr' id='par_1_22' title="bbox 209 2054 1809 2130">
     <span class='ocr_line' id='line_1_22' title="bbox 209 2054 1809 2130; baseline 0.003 -23"><span class='ocrx_word' id='word_1_135' title='bbox 209 2054 379 2125; x_wconf 75' lang='grc' dir='ltr'>θῆναι</span> <span class='ocrx_word' id='word_1_136' title='bbox 425 2057 523 2110; x_wconf 80' lang='grc' dir='ltr'>τὸν</span> <span class='ocrx_word' id='word_1_137' title='bbox 564 2055 829 2126; x_wconf 74' lang='grc' dir='ltr'>ἐμφύλιον</span> <span class='ocrx_word' id='word_1_138' title='bbox 873 2057 1129 2128; x_wconf 86' lang='grc' dir='ltr'>πόλεμον,</span> <span class='ocrx_word' id='word_1_139' title='bbox 1161 2058 1221 2122; x_wconf 78' lang='grc' dir='ltr'>ὃς</span> <span class='ocrx_word' id='word_1_140' title='bbox 1247 2058 1394 2128; x_wconf 81' lang='grc' dir='ltr'>αύτῷ</span> <span class='ocrx_word' id='word_1_141' title='bbox 1424 2075 1483 2111; x_wconf 90' lang='grc' dir='ltr'><strong>τε</strong></span> <span class='ocrx_word' id='word_1_142' title='bbox 1513 2057 1809 2130; x_wconf 80' lang='grc' dir='ltr'>Αὐγούστῳ</span> 
     </span>
    </p>
   </div>
   <div class='ocr_carea' id='block_1_23' title="bbox 209 2150 1806 2224">
    <p class='ocr_par' dir='ltr' id='par_1_23' title="bbox 209 2150 1806 2224">
     <span class='ocr_line' id='line_1_23' title="bbox 209 2150 1806 2224; baseline 0.001 -23"><span class='ocrx_word' id='word_1_143' title='bbox 209 2151 621 2221; x_wconf 72' lang='grc' dir='ltr'>καὶἊ-ιτωνίῳ</span> <span class='ocrx_word' id='word_1_144' title='bbox 649 2150 1005 2224; x_wconf 76' lang='grc' dir='ltr'>ἐπολεμήθη·</span> <span class='ocrx_word' id='word_1_145' title='bbox 1033 2151 1325 2224; x_wconf 72' lang='grc' dir='ltr'>διατρίψας</span> <span class='ocrx_word' id='word_1_146' title='bbox 1369 2151 1449 2214; x_wconf 80' lang='grc' dir='ltr'>δὲ,</span> <span class='ocrx_word' id='word_1_147' title='bbox 1493 2150 1569 2216; x_wconf 85' lang='grc' dir='ltr'>ὥς</span> <span class='ocrx_word' id='word_1_148' title='bbox 1619 2167 1806 2221; x_wconf 84' lang='grc' dir='ltr'>φησιν,</span> 
     </span>
    </p>
   </div>
   <div class='ocr_carea' id='block_1_24' title="bbox 207 2238 1810 2314">
    <p class='ocr_par' dir='ltr' id='par_1_24' title="bbox 207 2238 1810 2314">
     <span class='ocr_line' id='line_1_24' title="bbox 207 2238 1810 2314; baseline 0.003 -24"><span class='ocrx_word' id='word_1_149' title='bbox 207 2238 307 2308; x_wconf 74' lang='grc' dir='ltr'>ἐτη</span> <span class='ocrx_word' id='word_1_150' title='bbox 333 2238 435 2292; x_wconf 89' lang='grc' dir='ltr'><strong>δύο</strong></span> <span class='ocrx_word' id='word_1_151' title='bbox 469 2241 569 2293; x_wconf 68' lang='grc' dir='ltr'>καὶ</span> <span class='ocrx_word' id='word_1_152' title='bbox 601 2241 794 2307; x_wconf 81' lang='grc' dir='ltr'>είκοσι,</span> <span class='ocrx_word' id='word_1_153' title='bbox 825 2245 920 2297; x_wconf 76' lang='grc' dir='ltr'>καὶ</span> <span class='ocrx_word' id='word_1_154' title='bbox 959 2244 1060 2313; x_wconf 88' lang='grc' dir='ltr'><strong>τήν</strong></span> <span class='ocrx_word' id='word_1_155' title='bbox 1089 2259 1148 2295; x_wconf 87' lang='grc' dir='ltr'><strong>τε</strong></span> <span class='ocrx_word' id='word_1_156' title='bbox 1165 2243 1213 2274; x_wconf 80' lang='grc'>⁸³</span> <span class='ocrx_word' id='word_1_157' title='bbox 1251 2242 1569 2314; x_wconf 82' lang='grc' dir='ltr'>Ῥωμαϊκὴν</span> <span class='ocrx_word' id='word_1_158' title='bbox 1598 2241 1810 2313; x_wconf 79' lang='grc' dir='ltr'>ἐξακρι-</span> 
     </span>
    </p>
   </div>
   <div class='ocr_carea' id='block_1_25' title="bbox 208 2330 1811 2406">
    <p class='ocr_par' dir='ltr' id='par_1_25' title="bbox 208 2330 1811 2406">
     <span class='ocr_line' id='line_1_25' title="bbox 208 2330 1811 2406; baseline 0.003 -23"><span class='ocrx_word' id='word_1_159' title='bbox 208 2330 399 2395; x_wconf 77' lang='grc' dir='ltr'>ϐὠσας</span> <span class='ocrx_word' id='word_1_160' title='bbox 441 2332 751 2397; x_wconf 80' lang='grc' dir='ltr'>διάλεκτον,</span> <span class='ocrx_word' id='word_1_161' title='bbox 783 2338 877 2387; x_wconf 77' lang='grc' dir='ltr'>καὶ</span> <span class='ocrx_word' id='word_1_162' title='bbox 909 2335 977 2388; x_wconf 79' lang='grc' dir='ltr'>τὰ</span> <span class='ocrx_word' id='word_1_163' title='bbox 1028 2335 1159 2406; x_wconf 78' lang='grc' dir='ltr'>παρ’</span> <span class='ocrx_word' id='word_1_164' title='bbox 1187 2336 1372 2398; x_wconf 79' lang='grc' dir='ltr'>αὐτοῖς</span> <span class='ocrx_word' id='word_1_165' title='bbox 1403 2337 1608 2406; x_wconf 82' lang='grc' dir='ltr'>ἀρχαία</span> <span class='ocrx_word' id='word_1_166' title='bbox 1643 2337 1811 2405; x_wconf 77' lang='grc' dir='ltr'>ἐκμα-</span> 
     </span>
    </p>
   </div>
   <div class='ocr_carea' id='block_1_26' title="bbox 207 2424 1810 2500">
    <p class='ocr_par' dir='ltr' id='par_1_26' title="bbox 207 2424 1810 2500">
     <span class='ocr_line' id='line_1_26' title="bbox 207 2424 1810 2500; baseline 0.003 -22"><span class='ocrx_word' id='word_1_167' title='bbox 207 2424 342 2488; x_wconf 81' lang='grc' dir='ltr'>θὼν,</span> <span class='ocrx_word' id='word_1_168' title='bbox 376 2427 478 2479; x_wconf 68' lang='grc' dir='ltr'>καὶ</span> <span class='ocrx_word' id='word_1_169' title='bbox 523 2427 702 2480; x_wconf 79' lang='grc' dir='ltr'>πάντα</span> <span class='ocrx_word' id='word_1_170' title='bbox 730 2426 830 2480; x_wconf 85' lang='grc' dir='ltr'>ὅσα</span> <span class='ocrx_word' id='word_1_171' title='bbox 871 2428 1006 2496; x_wconf 86' lang='grc' dir='ltr'>πρὸς</span> <span class='ocrx_word' id='word_1_172' title='bbox 1061 2428 1158 2500; x_wconf 77' lang='grc' dir='ltr'>τὴν</span> <span class='ocrx_word' id='word_1_173' title='bbox 1207 2429 1450 2500; x_wconf 89' lang='grc' dir='ltr'>ίστορίαν</span> <span class='ocrx_word' id='word_1_174' title='bbox 1485 2429 1651 2482; x_wconf 87' lang='grc' dir='ltr'>τείνει</span> <span class='ocrx_word' id='word_1_175' title='bbox 1705 2446 1810 2483; x_wconf 68' lang='grc' dir='ltr'>παι</span> 
     </span>
    </p>
   </div>
   <div class='ocr_carea' id='block_1_27' title="bbox 210 2517 1807 2591">
    <p class='ocr_par' dir='ltr' id='par_1_27' title="bbox 210 2517 1807 2591">
     <span class='ocr_line' id='line_1_27' title="bbox 210 2517 1807 2591; baseline 0.003 -21"><span class='ocrx_word' id='word_1_176' title='bbox 210 2518 734 2588; x_wconf 79' lang='grc' dir='ltr'>ρασκευασὰμενος,</span> <span class='ocrx_word' id='word_1_177' title='bbox 785 2517 958 2582; x_wconf 76' lang='grc' dir='ltr'>οὕτως</span> <span class='ocrx_word' id='word_1_178' title='bbox 992 2521 1223 2590; x_wconf 83' lang='grc' dir='ltr'>ἄρχεται</span> <span class='ocrx_word' id='word_1_179' title='bbox 1263 2521 1362 2590; x_wconf 82' lang='grc' dir='ltr'>τῆς</span> <span class='ocrx_word' id='word_1_180' title='bbox 1397 2521 1807 2591; x_wconf 83' lang='grc' dir='ltr'>πραγματείας.</span> 
     </span>
    </p>
   </div>
   <div class='ocr_carea' id='block_1_28' title="bbox 213 2608 1812 2684">
    <p class='ocr_par' dir='ltr' id='par_1_28' title="bbox 213 2608 1812 2684">
     <span class='ocr_line' id='line_1_28' title="bbox 213 2608 1812 2684; baseline 0.003 -22"><span class='ocrx_word' id='word_1_181' title='bbox 213 2609 379 2662; x_wconf 84' lang='grc' dir='ltr'>Ἐστι</span> <span class='ocrx_word' id='word_1_182' title='bbox 423 2608 486 2662; x_wconf 78' lang='grc' dir='ltr'>δὲ</span> <span class='ocrx_word' id='word_1_183' title='bbox 517 2609 617 2680; x_wconf 75' lang='grc' dir='ltr'>τὴν</span> <span class='ocrx_word' id='word_1_184' title='bbox 642 2611 843 2678; x_wconf 74' lang='grc' dir='ltr'>φράσιν</span> <span class='ocrx_word' id='word_1_185' title='bbox 863 2611 971 2673; x_wconf 65' lang='grc' dir='ltr'>,καὶ</span> <span class='ocrx_word' id='word_1_186' title='bbox 1004 2611 1102 2682; x_wconf 81' lang='grc' dir='ltr'>τὴν</span> <span class='ocrx_word' id='word_1_187' title='bbox 1138 2612 1284 2677; x_wconf 79' lang='grc' dir='ltr'>λέξιν</span> <span class='ocrx_word' id='word_1_188' title='bbox 1317 2613 1692 2684; x_wconf 84' lang='grc' dir='ltr'>καινοπρεπὴς</span> <span class='ocrx_word' id='word_1_189' title='bbox 1715 2615 1812 2667; x_wconf 78' lang='grc' dir='ltr'>καὶ</span> 
     </span>
    </p>
   </div>
   <div class='ocr_carea' id='block_1_29' title="bbox 203 2701 1813 2779">
    <p class='ocr_par' dir='ltr' id='par_1_29' title="bbox 203 2701 1813 2779">
     <span class='ocr_line' id='line_1_29' title="bbox 203 2701 1813 2779; baseline 0.004 -25"><span class='ocrx_word' id='word_1_190' title='bbox 203 2702 266 2765; x_wconf 72' lang='grc' dir='ltr'>ἇς</span> <span class='ocrx_word' id='word_1_191' title='bbox 310 2703 380 2755; x_wconf 67' lang='grc' dir='ltr'><strong>τὺ</strong></span> <span class='ocrx_word' id='word_1_192' title='bbox 429 2701 870 2774; x_wconf 77' lang='grc' dir='ltr'>ἁνακεχωρηκδς</span> <span class='ocrx_word' id='word_1_193' title='bbox 922 2704 1029 2756; x_wconf 81' lang='grc' dir='ltr'>τῶν</span> <span class='ocrx_word' id='word_1_194' title='bbox 1082 2705 1294 2758; x_wconf 81' lang='grc' dir='ltr'>πολλῶν</span> <span class='ocrx_word' id='word_1_195' title='bbox 1371 2705 1501 2778; x_wconf 67' lang='grc'><strong>[204</strong></span> <span class='ocrx_word' id='word_1_196' title='bbox 1558 2707 1654 2779; x_wconf 83' lang='lat' dir='ltr'><strong>R.]</strong></span> <span class='ocrx_word' id='word_1_197' title='bbox 1720 2707 1813 2760; x_wconf 80' lang='grc' dir='ltr'>τὸν</span> 
     </span>
    </p>
   </div>
   <div class='ocr_carea' id='block_1_30' title="bbox 205 2792 1812 2870">
    <p class='ocr_par' dir='ltr' id='par_1_30' title="bbox 205 2792 1812 2870">
     <span class='ocr_line' id='line_1_30' title="bbox 205 2792 1812 2870; baseline 0.002 -24"><span class='ocrx_word' id='word_1_198' title='bbox 205 2792 372 2860; x_wconf 83' lang='grc' dir='ltr'>λόγον</span> <span class='ocrx_word' id='word_1_199' title='bbox 401 2793 796 2865; x_wconf 78' lang='grc' dir='ltr'>ὲκὸιαςόμενος</span> <span class='ocrx_word' id='word_1_200' title='bbox 826 2811 843 2828; x_wconf 78' lang='grc' dir='ltr'><strong>ο</strong></span> <span class='ocrx_word' id='word_1_201' title='bbox 880 2798 912 2868; x_wconf 91' lang='grc' dir='ltr'><strong>ή</strong></span> <span class='ocrx_word' id='word_1_202' title='bbox 944 2796 999 2849; x_wconf 87' lang='grc' dir='ltr'>δὲ</span> <span class='ocrx_word' id='word_1_203' title='bbox 1030 2797 1172 2850; x_wconf 86' lang='grc' dir='ltr'><strong>κατά</strong></span> <span class='ocrx_word' id='word_1_204' title='bbox 1203 2799 1368 2869; x_wconf 79' lang='grc' dir='ltr'>μέρος</span> <span class='ocrx_word' id='word_1_205' title='bbox 1396 2799 1652 2870; x_wconf 82' lang='grc' dir='ltr'>διήγησις</span> <span class='ocrx_word' id='word_1_206' title='bbox 1678 2814 1812 2867; x_wconf 86' lang='grc' dir='ltr'>μετ-</span> 
     </span>
    </p>
   </div>
   <div class='ocr_carea' id='block_1_31' title="bbox 204 2886 1813 2957">
    <p class='ocr_par' dir='ltr' id='par_1_31' title="bbox 204 2886 1813 2957">
     <span class='ocr_line' id='line_1_31' title="bbox 204 2886 1813 2957; baseline 0.003 -20"><span class='ocrx_word' id='word_1_207' title='bbox 204 2886 359 2956; x_wconf 71' lang='grc' dir='ltr'>ἐχειν</span> <span class='ocrx_word' id='word_1_208' title='bbox 404 2903 470 2939; x_wconf 90' lang='grc' dir='ltr'><strong>τε</strong></span> <span class='ocrx_word' id='word_1_209' title='bbox 508 2887 608 2956; x_wconf 84' lang='grc' dir='ltr'>τῆς</span> <span class='ocrx_word' id='word_1_210' title='bbox 651 2889 794 2940; x_wconf 71' lang='grc' dir='ltr'>κατὰ</span> <span class='ocrx_word' id='word_1_211' title='bbox 862 2888 1099 2941; x_wconf 75' lang='grc' dir='ltr'>διάνοιαν</span> <span class='ocrx_word' id='word_1_212' title='bbox 1163 2889 1424 2957; x_wconf 68' lang='grc' dir='ltr'>ἀφελείας</span> <span class='ocrx_word' id='word_1_213' title='bbox 1477 2892 1658 2952; x_wconf 86' lang='grc' dir='ltr'>ποιεί,</span> <span class='ocrx_word' id='word_1_214' title='bbox 1717 2891 1813 2944; x_wconf 78' lang='grc' dir='ltr'>καὶ</span> 
     </span>
    </p>
   </div>
   <div class='ocr_carea' id='block_1_32' title="bbox 204 2977 1791 3052">
    <p class='ocr_par' dir='ltr' id='par_1_32' title="bbox 204 2977 1791 3052">
     <span class='ocr_line' id='line_1_32' title="bbox 204 2977 1791 3052; baseline 0.002 -21"><span class='ocrx_word' id='word_1_215' title='bbox 204 2977 318 3031; x_wconf 76' lang='grc' dir='ltr'>οὐδ’</span> <span class='ocrx_word' id='word_1_216' title='bbox 359 2981 444 3041; x_wconf 86' lang='grc' dir='ltr'><strong>είς</strong></span> <span class='ocrx_word' id='word_1_217' title='bbox 483 2977 547 3031; x_wconf 82' lang='grc' dir='ltr'>τὸ</span> <span class='ocrx_word' id='word_1_218' title='bbox 585 2978 752 3050; x_wconf 82' lang='grc' dir='ltr'>ἀχαρι</span> <span class='ocrx_word' id='word_1_219' title='bbox 784 2980 879 3033; x_wconf 78' lang='grc' dir='ltr'>καὶ</span> <span class='ocrx_word' id='word_1_220' title='bbox 923 2980 1160 3051; x_wconf 74' lang='grc' dir='ltr'>σκληρὸν</span> <span class='ocrx_word' id='word_1_221' title='bbox 1203 2981 1488 3048; x_wconf 78' lang='grc' dir='ltr'>ἐπιτρέπει</span> <span class='ocrx_word' id='word_1_222' title='bbox 1537 2998 1791 3052; x_wconf 89' lang='grc' dir='ltr'>παρασυ-</span> 
     </span>
    </p>
   </div>
   <div class='ocr_carea' id='block_1_33' title="bbox 1913 488 3490 561">
    <p class='ocr_par' dir='ltr' id='par_1_33' title="bbox 1913 488 3490 561">
     <span class='ocr_line' id='line_1_33' title="bbox 1913 488 3490 561; baseline -0.001 -16"><span class='ocrx_word' id='word_1_223' title='bbox 1913 502 2094 545; x_wconf 91' lang='lat' dir='ltr'><strong>autem</strong></span> <span class='ocrx_word' id='word_1_224' title='bbox 2129 491 2402 561; x_wconf 83' lang='lat' dir='ltr'><strong>plerisque</strong></span> <span class='ocrx_word' id='word_1_225' title='bbox 2427 491 2848 555; x_wconf 77' lang='lat' dir='ltr'><strong>narrationibus,</strong></span> <span class='ocrx_word' id='word_1_226' title='bbox 2881 505 3034 558; x_wconf 66' lang='lat' dir='ltr'><strong>asque</strong></span> <span class='ocrx_word' id='word_1_227' title='bbox 3067 499 3126 543; x_wconf 87' lang='lat' dir='ltr'><strong>ut</strong></span> <span class='ocrx_word' id='word_1_228' title='bbox 3157 489 3210 543; x_wconf 94' lang='lat' dir='ltr'><strong>in</strong></span> <span class='ocrx_word' id='word_1_229' title='bbox 3234 488 3343 554; x_wconf 86' lang='lat' dir='ltr'><strong>his,</strong></span> <span class='ocrx_word' id='word_1_230' title='bbox 3365 504 3490 544; x_wconf 83' lang='lat' dir='ltr'><strong>cum</strong></span> 
     </span>
    </p>
   </div>
   <div class='ocr_carea' id='block_1_34' title="bbox 1909 583 3096 654">
    <p class='ocr_par' dir='ltr' id='par_1_34' title="bbox 1909 583 3096 654">
     <span class='ocr_line' id='line_1_34' title="bbox 1909 583 3096 654; baseline -0.004 -17"><span class='ocrx_word' id='word_1_231' title='bbox 1909 584 2145 638; x_wconf 80' lang='lat' dir='ltr'><strong>Arriano</strong></span> <span class='ocrx_word' id='word_1_232' title='bbox 2176 584 2466 654; x_wconf 89' lang='lat' dir='ltr'><strong>plurimum</strong></span> <span class='ocrx_word' id='word_1_233' title='bbox 2502 583 2776 651; x_wconf 79' lang='lat' dir='ltr'><strong>Dexippus</strong></span> <span class='ocrx_word' id='word_1_234' title='bbox 2809 583 3096 637; x_wconf 78' lang='lat' dir='ltr'><strong>consentit.</strong></span> 
     </span>
    </p>
   </div>
   <div class='ocr_carea' id='block_1_35' title="bbox 2546 673 2826 729">
    <p class='ocr_par' dir='ltr' id='par_1_35' title="bbox 2546 673 2826 729">
     <span class='ocr_line' id='line_1_35' title="bbox 2546 673 2826 729; baseline 0 0"><span class='ocrx_word' id='word_1_235' title='bbox 2546 673 2826 729; x_wconf 76' lang='lat' dir='ltr'><strong>LXXXIII.</strong></span> 
     </span>
    </p>
   </div>
   <div class='ocr_carea' id='block_1_36' title="bbox 2018 766 3382 840">
    <p class='ocr_par' dir='ltr' id='par_1_36' title="bbox 2018 766 3382 840">
     <span class='ocr_line' id='line_1_36' title="bbox 2018 766 3382 840; baseline -0.004 -17"><span class='ocrx_word' id='word_1_236' title='bbox 2018 767 2263 840; x_wconf 75' lang='lat' dir='ltr'><strong>Dionysii</strong></span> <span class='ocrx_word' id='word_1_237' title='bbox 2302 768 2707 821; x_wconf 74' lang='lat' dir='ltr'><strong>Halicarnassei</strong></span> <span class='ocrx_word' id='word_1_238' title='bbox 2737 767 3102 820; x_wconf 81' lang='lat' dir='ltr'><strong>Historiarum</strong></span> <span class='ocrx_word' id='word_1_239' title='bbox 3137 766 3261 819; x_wconf 82' lang='lat' dir='ltr'><strong>libri</strong></span> <span class='ocrx_word' id='word_1_240' title='bbox 3290 781 3382 819; x_wconf 77' lang='lat' dir='ltr'><strong>xx.</strong></span> 
     </span>
    </p>
   </div>
   <div class='ocr_carea' id='block_1_37' title="bbox 1982 854 3490 930">
    <p class='ocr_par' dir='ltr' id='par_1_37' title="bbox 1982 854 3490 930">
     <span class='ocr_line' id='line_1_37' title="bbox 1982 854 3490 930; baseline -0.001 -17"><span class='ocrx_word' id='word_1_241' title='bbox 1982 858 2240 930; x_wconf 79' lang='lat' dir='ltr'><strong>Legimus</strong></span> <span class='ocrx_word' id='word_1_242' title='bbox 2299 860 2542 929; x_wconf 76' lang='lat' dir='ltr'><strong>Dionysii</strong></span> <span class='ocrx_word' id='word_1_243' title='bbox 2588 858 2987 912; x_wconf 77' lang='lat' dir='ltr'><strong>Halicarnassei</strong></span> <span class='ocrx_word' id='word_1_244' title='bbox 3053 858 3342 912; x_wconf 68' lang='lat' dir='ltr'><strong>Alexandri</strong></span> <span class='ocrx_word' id='word_1_245' title='bbox 3398 854 3490 911; x_wconf 76' lang='lat' dir='ltr'><strong>lilii</strong></span> 
     </span>
    </p>
   </div>
   <div class='ocr_carea' id='block_1_38' title="bbox 1915 947 3489 1022">
    <p class='ocr_par' dir='ltr' id='par_1_38' title="bbox 1915 947 3489 1022">
     <span class='ocr_line' id='line_1_38' title="bbox 1915 947 3489 1022; baseline -0.003 -18"><span class='ocrx_word' id='word_1_246' title='bbox 1915 950 2282 1005; x_wconf 75' lang='lat' dir='ltr'><strong>Historiarum</strong></span> <span class='ocrx_word' id='word_1_247' title='bbox 2325 952 2489 1005; x_wconf 80' lang='lat' dir='ltr'><strong>libros</strong></span> <span class='ocrx_word' id='word_1_248' title='bbox 2522 951 2635 1022; x_wconf 89' lang='lat'><strong>(80)</strong></span> <span class='ocrx_word' id='word_1_249' title='bbox 2687 952 2900 1022; x_wconf 82' lang='lat' dir='ltr'><strong>viginti.</strong></span> <span class='ocrx_word' id='word_1_250' title='bbox 2938 950 3126 1018; x_wconf 80' lang='lat' dir='ltr'><strong>Incipit</strong></span> <span class='ocrx_word' id='word_1_251' title='bbox 3177 948 3244 1002; x_wconf 87' lang='lat' dir='ltr'><strong>ab</strong></span> <span class='ocrx_word' id='word_1_252' title='bbox 3284 947 3489 1011; x_wconf 67' lang='grc' dir='ltr'>Ᾰειιιοιῑ,</span> 
     </span>
    </p>
   </div>
   <div class='ocr_carea' id='block_1_39' title="bbox 1915 1037 3494 1111">
    <p class='ocr_par' dir='ltr' id='par_1_39' title="bbox 1915 1037 3494 1111">
     <span class='ocr_line' id='line_1_39' title="bbox 1915 1037 3494 1111; baseline -0.005 -15"><span class='ocrx_word' id='word_1_253' title='bbox 1915 1052 2072 1111; x_wconf 88' lang='lat' dir='ltr'><strong>capta</strong></span> <span class='ocrx_word' id='word_1_254' title='bbox 2098 1042 2212 1110; x_wconf 78' lang='lat' dir='ltr'><strong>iam</strong></span> <span class='ocrx_word' id='word_1_255' title='bbox 2245 1041 2429 1110; x_wconf 88' lang='lat' dir='ltr'><strong>&#39;l‘roja,</strong></span> <span class='ocrx_word' id='word_1_256' title='bbox 2464 1044 2515 1094; x_wconf 91' lang='lat' dir='ltr'><strong>in</strong></span> <span class='ocrx_word' id='word_1_257' title='bbox 2550 1041 2757 1095; x_wconf 89' lang='lat' dir='ltr'><strong>Italiam</strong></span> <span class='ocrx_word' id='word_1_258' title='bbox 2799 1044 3055 1107; x_wconf 76' lang='lat' dir='ltr'><strong>adventu,</strong></span> <span class='ocrx_word' id='word_1_259' title='bbox 3082 1041 3361 1109; x_wconf 78' lang='lat' dir='ltr'><strong>pergitque</strong></span> <span class='ocrx_word' id='word_1_260' title='bbox 3382 1037 3494 1090; x_wconf 89' lang='lat' dir='ltr'><strong>sin-</strong></span> 
     </span>
    </p>
   </div>
   <div class='ocr_carea' id='block_1_40' title="bbox 1913 1131 3492 1207">
    <p class='ocr_par' dir='ltr' id='par_1_40' title="bbox 1913 1131 3492 1207">
     <span class='ocr_line' id='line_1_40' title="bbox 1913 1131 3492 1207; baseline -0.004 -18"><span class='ocrx_word' id='word_1_261' title='bbox 1913 1135 2134 1207; x_wconf 83' lang='lat' dir='ltr'><strong>gulatim</strong></span> <span class='ocrx_word' id='word_1_262' title='bbox 2173 1151 2400 1190; x_wconf 89' lang='lat' dir='ltr'><strong>narrare</strong></span> <span class='ocrx_word' id='word_1_263' title='bbox 2428 1134 2538 1204; x_wconf 80' lang='grc'><strong>(81)</strong></span> <span class='ocrx_word' id='word_1_264' title='bbox 2575 1135 2799 1188; x_wconf 81' lang='lat' dir='ltr'><strong>Romam</strong></span> <span class='ocrx_word' id='word_1_265' title='bbox 2847 1135 3144 1198; x_wconf 79' lang='lat' dir='ltr'><strong>conditam,</strong></span> <span class='ocrx_word' id='word_1_266' title='bbox 3171 1131 3492 1198; x_wconf 79' lang='lat' dir='ltr'><strong>Romulique</strong></span> 
     </span>
    </p>
   </div>
   <div class='ocr_carea' id='block_1_41' title="bbox 1911 1225 3494 1292">
    <p class='ocr_par' dir='ltr' id='par_1_41' title="bbox 1911 1225 3494 1292">
     <span class='ocr_line' id='line_1_41' title="bbox 1911 1225 3494 1292; baseline -0.004 -11"><span class='ocrx_word' id='word_1_267' title='bbox 1911 1236 1966 1281; x_wconf 90' lang='lat' dir='ltr'><strong>et</strong></span> <span class='ocrx_word' id='word_1_268' title='bbox 1989 1225 2144 1280; x_wconf 80' lang='lat' dir='ltr'><strong>Remi</strong></span> <span class='ocrx_word' id='word_1_269' title='bbox 2174 1239 2376 1291; x_wconf 91' lang='lat' dir='ltr'><strong>ortum,</strong></span> <span class='ocrx_word' id='word_1_270' title='bbox 2414 1235 2468 1279; x_wconf 91' lang='lat' dir='ltr'><strong>ct</strong></span> <span class='ocrx_word' id='word_1_271' title='bbox 2505 1227 2696 1278; x_wconf 88' lang='lat' dir='ltr'><strong>ordine</strong></span> <span class='ocrx_word' id='word_1_272' title='bbox 2729 1226 2986 1292; x_wconf 79' lang='lat' dir='ltr'><strong>deinceps</strong></span> <span class='ocrx_word' id='word_1_273' title='bbox 3036 1225 3288 1278; x_wconf 82' lang='lat' dir='ltr'><strong>universa</strong></span> <span class='ocrx_word' id='word_1_274' title='bbox 3322 1235 3494 1289; x_wconf 84' lang='lat' dir='ltr'><strong>usque</strong></span> 
     </span>
    </p>
   </div>
   <div class='ocr_carea' id='block_1_42' title="bbox 1911 1313 3497 1388">
    <p class='ocr_par' dir='ltr' id='par_1_42' title="bbox 1911 1313 3497 1388">
     <span class='ocr_line' id='line_1_42' title="bbox 1911 1313 3497 1388; baseline -0.004 -15"><span class='ocrx_word' id='word_1_275' title='bbox 1911 1322 1975 1374; x_wconf 91' lang='lat' dir='ltr'><strong>ad</strong></span> <span class='ocrx_word' id='word_1_276' title='bbox 2001 1320 2367 1374; x_wconf 75' lang='lat' dir='ltr'><strong>Romanorum</strong></span> <span class='ocrx_word' id='word_1_277' title='bbox 2417 1333 2540 1372; x_wconf 90' lang='lat' dir='ltr'><strong>cum</strong></span> <span class='ocrx_word' id='word_1_278' title='bbox 2585 1317 2792 1388; x_wconf 80' lang='lat' dir='ltr'><strong>Pyrrho</strong></span> <span class='ocrx_word' id='word_1_279' title='bbox 2837 1317 3178 1386; x_wconf 87' lang='lat' dir='ltr'><strong>Epirotarum</strong></span> <span class='ocrx_word' id='word_1_280' title='bbox 3229 1329 3354 1384; x_wconf 84' lang='lat' dir='ltr'><strong>rege</strong></span> <span class='ocrx_word' id='word_1_281' title='bbox 3381 1313 3497 1367; x_wconf 86' lang='lat' dir='ltr'><strong>bel-</strong></span> 
     </span>
    </p>
   </div>
   <div class='ocr_carea' id='block_1_43' title="bbox 1911 1408 3488 1480">
    <p class='ocr_par' dir='ltr' id='par_1_43' title="bbox 1911 1408 3488 1480">
     <span class='ocr_line' id='line_1_43' title="bbox 1911 1408 3488 1480; baseline -0.004 -14"><span class='ocrx_word' id='word_1_282' title='bbox 1911 1413 2022 1466; x_wconf 91' lang='lat' dir='ltr'><strong>lum</strong></span> <span class='ocrx_word' id='word_1_283' title='bbox 2051 1412 2213 1480; x_wconf 89' lang='lat' dir='ltr'><strong>(quod</strong></span> <span class='ocrx_word' id='word_1_284' title='bbox 2255 1412 2430 1479; x_wconf 84' lang='lat' dir='ltr'><strong>ipsum</strong></span> <span class='ocrx_word' id='word_1_285' title='bbox 2469 1425 2686 1478; x_wconf 86' lang='lat' dir='ltr'><strong>quoque</strong></span> <span class='ocrx_word' id='word_1_286' title='bbox 2729 1410 3048 1480; x_wconf 88' lang='lat' dir='ltr'><strong>describit),</strong></span> <span class='ocrx_word' id='word_1_287' title='bbox 3076 1410 3380 1476; x_wconf 79' lang='lat' dir='ltr'><strong>tlesinitque</strong></span> <span class='ocrx_word' id='word_1_288' title='bbox 3432 1408 3488 1459; x_wconf 86' lang='lat' dir='ltr'><strong>in</strong></span> 
     </span>
    </p>
   </div>
   <div class='ocr_carea' id='block_1_44' title="bbox 1909 1501 3496 1575">
    <p class='ocr_par' dir='ltr' id='par_1_44' title="bbox 1909 1501 3496 1575">
     <span class='ocr_line' id='line_1_44' title="bbox 1909 1501 3496 1575; baseline -0.005 -17"><span class='ocrx_word' id='word_1_289' title='bbox 1909 1503 2233 1575; x_wconf 82' lang='lat' dir='ltr'><strong>Olympiadis</strong></span> <span class='ocrx_word' id='word_1_290' title='bbox 2279 1517 2482 1558; x_wconf 78' lang='lat' dir='ltr'><strong>cxxvut</strong></span> <span class='ocrx_word' id='word_1_291' title='bbox 2527 1501 2680 1572; x_wconf 76' lang='lat' dir='ltr'><strong>65b</strong></span> <span class='ocrx_word' id='word_1_292' title='bbox 2745 1516 2946 1555; x_wconf 75' lang='lat' dir='ltr'><strong>alituum</strong></span> <span class='ocrx_word' id='word_1_293' title='bbox 2998 1501 3221 1554; x_wconf 87' lang='lat' dir='ltr'><strong>tertium</strong></span> <span class='ocrx_word' id='word_1_294' title='bbox 3274 1514 3354 1553; x_wconf 90' lang='lat' dir='ltr'><strong>:a</strong></span> <span class='ocrx_word' id='word_1_295' title='bbox 3388 1513 3496 1564; x_wconf 89' lang='lat' dir='ltr'><strong>quo</strong></span> 
     </span>
    </p>
   </div>
   <div class='ocr_carea' id='block_1_45' title="bbox 1912 1592 3497 1666">
    <p class='ocr_par' dir='ltr' id='par_1_45' title="bbox 1912 1592 3497 1666">
     <span class='ocr_line' id='line_1_45' title="bbox 1912 1592 3497 1666; baseline -0.003 -17"><span class='ocrx_word' id='word_1_296' title='bbox 1912 1607 2156 1666; x_wconf 90' lang='lat' dir='ltr'><strong>tempore</strong></span> <span class='ocrx_word' id='word_1_297' title='bbox 2212 1595 2498 1649; x_wconf 85' lang='lat' dir='ltr'><strong>historiam</strong></span> <span class='ocrx_word' id='word_1_298' title='bbox 2536 1595 2824 1649; x_wconf 82' lang='lat' dir='ltr'><strong>inchoasse</strong></span> <span class='ocrx_word' id='word_1_299' title='bbox 2865 1593 3034 1648; x_wconf 77' lang='lat' dir='ltr'><strong>refert</strong></span> <span class='ocrx_word' id='word_1_300' title='bbox 3063 1592 3348 1662; x_wconf 85' lang='lat' dir='ltr'><strong>Polybium</strong></span> <span class='ocrx_word' id='word_1_301' title='bbox 3382 1593 3497 1644; x_wconf 87' lang='lat' dir='ltr'><strong>Me-</strong></span> 
     </span>
    </p>
   </div>
   <div class='ocr_carea' id='block_1_46' title="bbox 1909 1685 3494 1759">
    <p class='ocr_par' dir='ltr' id='par_1_46' title="bbox 1909 1685 3494 1759">
     <span class='ocr_line' id='line_1_46' title="bbox 1909 1685 3494 1759; baseline -0.005 -16"><span class='ocrx_word' id='word_1_302' title='bbox 1909 1688 2280 1759; x_wconf 84' lang='lat' dir='ltr'><strong>galopolitam.</strong></span> <span class='ocrx_word' id='word_1_303' title='bbox 2323 1687 2536 1743; x_wconf 88' lang='lat' dir='ltr'><strong>Claruit</strong></span> <span class='ocrx_word' id='word_1_304' title='bbox 2584 1687 2672 1740; x_wconf 90' lang='lat' dir='ltr'><strong>hic</strong></span> <span class='ocrx_word' id='word_1_305' title='bbox 2703 1687 2940 1755; x_wconf 88' lang='lat' dir='ltr'><strong>scriptor</strong></span> <span class='ocrx_word' id='word_1_306' title='bbox 2971 1685 3197 1756; x_wconf 78' lang='lat' dir='ltr'><strong>Augusti</strong></span> <span class='ocrx_word' id='word_1_307' title='bbox 3247 1685 3494 1753; x_wconf 83' lang='lat' dir='ltr'><strong>imperio;</strong></span> 
     </span>
    </p>
   </div>
   <div class='ocr_carea' id='block_1_47' title="bbox 1911 1777 3498 1848">
    <p class='ocr_par' dir='ltr' id='par_1_47' title="bbox 1911 1777 3498 1848">
     <span class='ocr_line' id='line_1_47' title="bbox 1911 1777 3498 1848; baseline -0.003 -13"><span class='ocrx_word' id='word_1_308' title='bbox 1911 1798 2032 1836; x_wconf 82' lang='lat' dir='ltr'><strong>naui</strong></span> <span class='ocrx_word' id='word_1_309' title='bbox 2067 1781 2222 1835; x_wconf 87' lang='lat' dir='ltr'><strong>linito</strong></span> <span class='ocrx_word' id='word_1_310' title='bbox 2247 1779 2360 1846; x_wconf 80' lang='lat' dir='ltr'><strong>iam</strong></span> <span class='ocrx_word' id='word_1_311' title='bbox 2395 1780 2653 1834; x_wconf 87' lang='lat' dir='ltr'><strong>intestino</strong></span> <span class='ocrx_word' id='word_1_312' title='bbox 2684 1777 2824 1832; x_wconf 90' lang='lat' dir='ltr'><strong>bello</strong></span> <span class='ocrx_word' id='word_1_313' title='bbox 2875 1778 3017 1848; x_wconf 91' lang='lat' dir='ltr'><strong>quod</strong></span> <span class='ocrx_word' id='word_1_314' title='bbox 3067 1779 3369 1845; x_wconf 81' lang='lat' dir='ltr'><strong>Augustum</strong></span> <span class='ocrx_word' id='word_1_315' title='bbox 3410 1777 3498 1830; x_wconf 92' lang='lat' dir='ltr'><strong>in-</strong></span> 
     </span>
    </p>
   </div>
   <div class='ocr_carea' id='block_1_48' title="bbox 1911 1869 3497 1940">
    <p class='ocr_par' dir='ltr' id='par_1_48' title="bbox 1911 1869 3497 1940">
     <span class='ocr_line' id='line_1_48' title="bbox 1911 1869 3497 1940; baseline 0 -13"><span class='ocrx_word' id='word_1_316' title='bbox 1911 1883 1994 1928; x_wconf 89' lang='lat' dir='ltr'><strong>ter</strong></span> <span class='ocrx_word' id='word_1_317' title='bbox 2020 1886 2076 1929; x_wconf 86' lang='lat' dir='ltr'><strong>et</strong></span> <span class='ocrx_word' id='word_1_318' title='bbox 2105 1873 2400 1928; x_wconf 82' lang='lat' dir='ltr'><strong>Antonium</strong></span> <span class='ocrx_word' id='word_1_319' title='bbox 2445 1881 2746 1936; x_wconf 80' lang='lat' dir='ltr'><strong>exarserat,</strong></span> <span class='ocrx_word' id='word_1_320' title='bbox 2784 1871 2838 1924; x_wconf 92' lang='lat' dir='ltr'><strong>in</strong></span> <span class='ocrx_word' id='word_1_321' title='bbox 2894 1869 3102 1924; x_wconf 85' lang='lat' dir='ltr'><strong>Italiam</strong></span> <span class='ocrx_word' id='word_1_322' title='bbox 3132 1871 3497 1940; x_wconf 80' lang='lat' dir='ltr'><strong>adnavigavit.</strong></span> 
     </span>
    </p>
   </div>
   <div class='ocr_carea' id='block_1_49' title="bbox 1910 1964 3496 2034">
    <p class='ocr_par' dir='ltr' id='par_1_49' title="bbox 1910 1964 3496 2034">
     <span class='ocr_line' id='line_1_49' title="bbox 1910 1964 3496 2034; baseline -0.003 -12"><span class='ocrx_word' id='word_1_323' title='bbox 1910 1965 2017 2022; x_wconf 88' lang='lat' dir='ltr'><strong>Ubi</strong></span> <span class='ocrx_word' id='word_1_324' title='bbox 2051 1983 2172 2022; x_wconf 90' lang='lat' dir='ltr'><strong>cum</strong></span> <span class='ocrx_word' id='word_1_325' title='bbox 2208 1982 2381 2021; x_wconf 86' lang='lat' dir='ltr'><strong>annos</strong></span> <span class='ocrx_word' id='word_1_326' title='bbox 2412 1967 2548 2020; x_wconf 89' lang='lat' dir='ltr'><strong>duos</strong></span> <span class='ocrx_word' id='word_1_327' title='bbox 2572 1974 2626 2020; x_wconf 93' lang='lat' dir='ltr'><strong>et</strong></span> <span class='ocrx_word' id='word_1_328' title='bbox 2655 1964 2866 2034; x_wconf 84' lang='lat' dir='ltr'><strong>viginti,</strong></span> <span class='ocrx_word' id='word_1_329' title='bbox 2897 1976 2953 2017; x_wconf 89' lang='lat' dir='ltr'><strong>ut</strong></span> <span class='ocrx_word' id='word_1_330' title='bbox 2985 1965 3100 2032; x_wconf 87' lang='lat' dir='ltr'><strong>ipse</strong></span> <span class='ocrx_word' id='word_1_331' title='bbox 3133 1966 3230 2028; x_wconf 90' lang='lat' dir='ltr'><strong>ait,</strong></span> <span class='ocrx_word' id='word_1_332' title='bbox 3252 1965 3496 2030; x_wconf 82' lang='lat' dir='ltr'><strong>vixisset,</strong></span> 
     </span>
    </p>
   </div>
   <div class='ocr_carea' id='block_1_50' title="bbox 1908 2055 3499 2129">
    <p class='ocr_par' dir='ltr' id='par_1_50' title="bbox 1908 2055 3499 2129">
     <span class='ocr_line' id='line_1_50' title="bbox 1908 2055 3499 2129; baseline -0.003 -15"><span class='ocrx_word' id='word_1_333' title='bbox 1908 2071 1964 2114; x_wconf 89' lang='lat' dir='ltr'><strong>et</strong></span> <span class='ocrx_word' id='word_1_334' title='bbox 1998 2059 2251 2114; x_wconf 87' lang='lat' dir='ltr'><strong>Latinam</strong></span> <span class='ocrx_word' id='word_1_335' title='bbox 2300 2059 2540 2129; x_wconf 87' lang='lat' dir='ltr'><strong>linguam</strong></span> <span class='ocrx_word' id='word_1_336' title='bbox 2575 2069 2832 2112; x_wconf 87' lang='lat' dir='ltr'><strong>accurate</strong></span> <span class='ocrx_word' id='word_1_337' title='bbox 2862 2059 3065 2127; x_wconf 56' lang='lat' dir='ltr'><strong>,‘(ltomo</strong></span> <span class='ocrx_word' id='word_1_338' title='bbox 3094 2056 3331 2128; x_wconf 39' lang='lat' dir='ltr'><strong>Graecus)</strong></span> <span class='ocrx_word' id='word_1_339' title='bbox 3356 2055 3499 2110; x_wconf 86' lang='lat' dir='ltr'><strong>didi-</strong></span> 
     </span>
    </p>
   </div>
   <div class='ocr_carea' id='block_1_51' title="bbox 1911 2149 3502 2225">
    <p class='ocr_par' dir='ltr' id='par_1_51' title="bbox 1911 2149 3502 2225">
     <span class='ocr_line' id='line_1_51' title="bbox 1911 2149 3502 2225; baseline -0.004 -17"><span class='ocrx_word' id='word_1_340' title='bbox 1911 2155 2073 2209; x_wconf 90' lang='lat' dir='ltr'><strong>cisset</strong></span> <span class='ocrx_word' id='word_1_341' title='bbox 2102 2153 2238 2225; x_wconf 66' lang='lat'><strong>(82),</strong></span> <span class='ocrx_word' id='word_1_342' title='bbox 2263 2168 2592 2222; x_wconf 83' lang='lat' dir='ltr'><strong>munemque</strong></span> <span class='ocrx_word' id='word_1_343' title='bbox 2609 2153 2747 2206; x_wconf 89' lang='lat' dir='ltr'><strong>adeo</strong></span> <span class='ocrx_word' id='word_1_344' title='bbox 2773 2153 3153 2222; x_wconf 74' lang='lat' dir='ltr'><strong>antiquitatem</strong></span> <span class='ocrx_word' id='word_1_345' title='bbox 3183 2165 3361 2204; x_wconf 91' lang='lat' dir='ltr'><strong>rerum</strong></span> <span class='ocrx_word' id='word_1_346' title='bbox 3390 2149 3502 2203; x_wconf 83' lang='lat' dir='ltr'><strong>Ro-</strong></span> 
     </span>
    </p>
   </div>
   <div class='ocr_carea' id='block_1_52' title="bbox 1911 2241 3499 2316">
    <p class='ocr_par' dir='ltr' id='par_1_52' title="bbox 1911 2241 3499 2316">
     <span class='ocr_line' id='line_1_52' title="bbox 1911 2241 3499 2316; baseline -0.006 -14"><span class='ocrx_word' id='word_1_347' title='bbox 1911 2263 2198 2302; x_wconf 87' lang='lat' dir='ltr'><strong>manarum</strong></span> <span class='ocrx_word' id='word_1_348' title='bbox 2267 2246 2629 2316; x_wconf 87' lang='lat' dir='ltr'><strong>vestigasset,</strong></span> <span class='ocrx_word' id='word_1_349' title='bbox 2691 2247 2895 2315; x_wconf 74' lang='lat' dir='ltr'><strong>paratis</strong></span> <span class='ocrx_word' id='word_1_350' title='bbox 2941 2247 3178 2315; x_wconf 88' lang='lat' dir='ltr'><strong>denique</strong></span> <span class='ocrx_word' id='word_1_351' title='bbox 3230 2241 3499 2297; x_wconf 74' lang='lat' dir='ltr'><strong>universis</strong></span> 
     </span>
    </p>
   </div>
   <div class='ocr_carea' id='block_1_53' title="bbox 1911 2339 3496 2405">
    <p class='ocr_par' dir='ltr' id='par_1_53' title="bbox 1911 2339 3496 2405">
     <span class='ocr_line' id='line_1_53' title="bbox 1911 2339 3496 2405; baseline -0.003 -11"><span class='ocrx_word' id='word_1_352' title='bbox 1911 2340 2220 2394; x_wconf 69' lang='lat' dir='ltr'><strong>scribendae</strong></span> <span class='ocrx_word' id='word_1_353' title='bbox 2304 2341 2551 2395; x_wconf 68' lang='lat' dir='ltr'><strong>historiae</strong></span> <span class='ocrx_word' id='word_1_354' title='bbox 2604 2341 2971 2405; x_wconf 86' lang='lat' dir='ltr'><strong>necessariis,</strong></span> <span class='ocrx_word' id='word_1_355' title='bbox 3029 2342 3096 2394; x_wconf 86' lang='lat' dir='ltr'><strong>ad</strong></span> <span class='ocrx_word' id='word_1_356' title='bbox 3159 2353 3273 2393; x_wconf 89' lang='lat' dir='ltr'><strong>rem</strong></span> <span class='ocrx_word' id='word_1_357' title='bbox 3324 2339 3496 2405; x_wconf 88' lang='lat' dir='ltr'><strong>ipsam</strong></span> 
     </span>
    </p>
   </div>
   <div class='ocr_carea' id='block_1_54' title="bbox 1911 2431 3498 2504">
    <p class='ocr_par' dir='ltr' id='par_1_54' title="bbox 1911 2431 3498 2504">
     <span class='ocr_line' id='line_1_54' title="bbox 1911 2431 3498 2504; baseline -0.005 -18"><span class='ocrx_word' id='word_1_358' title='bbox 1911 2447 2200 2501; x_wconf 70' lang='lat' dir='ltr'><strong>aggressus</strong></span> <span class='ocrx_word' id='word_1_359' title='bbox 2224 2441 2326 2487; x_wconf 91' lang='lat' dir='ltr'><strong>est.</strong></span> <span class='ocrx_word' id='word_1_360' title='bbox 2371 2432 2555 2504; x_wconf 84' lang='lat' dir='ltr'><strong>Stylus</strong></span> <span class='ocrx_word' id='word_1_361' title='bbox 2585 2433 2704 2502; x_wconf 87' lang='lat' dir='ltr'><strong>ejus</strong></span> <span class='ocrx_word' id='word_1_362' title='bbox 2731 2442 2892 2501; x_wconf 87' lang='lat' dir='ltr'><strong>atque</strong></span> <span class='ocrx_word' id='word_1_363' title='bbox 2915 2431 3098 2493; x_wconf 91' lang='lat' dir='ltr'><strong>dictio,</strong></span> <span class='ocrx_word' id='word_1_364' title='bbox 3126 2445 3244 2498; x_wconf 72' lang='lat' dir='ltr'><strong>quae</strong></span> <span class='ocrx_word' id='word_1_365' title='bbox 3269 2436 3498 2481; x_wconf 90' lang='lat' dir='ltr'><strong>novato-</strong></span> 
     </span>
    </p>
   </div>
   <div class='ocr_carea' id='block_1_55' title="bbox 1912 2522 3497 2593">
    <p class='ocr_par' dir='ltr' id='par_1_55' title="bbox 1912 2522 3497 2593">
     <span class='ocr_line' id='line_1_55' title="bbox 1912 2522 3497 2593; baseline -0.005 -16"><span class='ocrx_word' id='word_1_366' title='bbox 1912 2539 2026 2577; x_wconf 80' lang='lat' dir='ltr'><strong>rem</strong></span> <span class='ocrx_word' id='word_1_367' title='bbox 2063 2525 2271 2587; x_wconf 76' lang='lat' dir='ltr'><strong>deceat,</strong></span> <span class='ocrx_word' id='word_1_368' title='bbox 2300 2535 2353 2578; x_wconf 87' lang='lat' dir='ltr'><strong>ct</strong></span> <span class='ocrx_word' id='word_1_369' title='bbox 2392 2539 2523 2578; x_wconf 90' lang='lat' dir='ltr'><strong>vero</strong></span> <span class='ocrx_word' id='word_1_370' title='bbox 2558 2540 2652 2593; x_wconf 89' lang='lat' dir='ltr'><strong>per</strong></span> <span class='ocrx_word' id='word_1_371' title='bbox 2683 2525 2951 2579; x_wconf 92' lang='lat' dir='ltr'><strong>insuetam</strong></span> <span class='ocrx_word' id='word_1_372' title='bbox 2983 2522 3142 2590; x_wconf 79' lang='lat' dir='ltr'><strong>vulgo</strong></span> <span class='ocrx_word' id='word_1_373' title='bbox 3189 2523 3330 2574; x_wconf 88' lang='lat' dir='ltr'><strong>viam</strong></span> <span class='ocrx_word' id='word_1_374' title='bbox 3364 2533 3497 2571; x_wconf 86' lang='lat' dir='ltr'><strong>ora-</strong></span> 
     </span>
    </p>
   </div>
   <div class='ocr_carea' id='block_1_56' title="bbox 1913 2614 3504 2686">
    <p class='ocr_par' dir='ltr' id='par_1_56' title="bbox 1913 2614 3504 2686">
     <span class='ocr_line' id='line_1_56' title="bbox 1913 2614 3504 2686; baseline -0.005 -14"><span class='ocrx_word' id='word_1_375' title='bbox 1913 2618 2116 2672; x_wconf 88' lang='lat' dir='ltr'><strong>tionem</strong></span> <span class='ocrx_word' id='word_1_376' title='bbox 2147 2616 2394 2685; x_wconf 90' lang='lat' dir='ltr'><strong>impellit.</strong></span> <span class='ocrx_word' id='word_1_377' title='bbox 2440 2617 2511 2671; x_wconf 86' lang='lat' dir='ltr'><strong>At</strong></span> <span class='ocrx_word' id='word_1_378' title='bbox 2558 2633 2741 2670; x_wconf 90' lang='lat' dir='ltr'><strong>rerum</strong></span> <span class='ocrx_word' id='word_1_379' title='bbox 2783 2615 3116 2686; x_wconf 88' lang='lat' dir='ltr'><strong>singularqu</strong></span> <span class='ocrx_word' id='word_1_380' title='bbox 3167 2614 3368 2666; x_wconf 88' lang='lat' dir='ltr'><strong>tninuta</strong></span> <span class='ocrx_word' id='word_1_381' title='bbox 3402 2626 3504 2664; x_wconf 82' lang='lat' dir='ltr'><strong>ex-</strong></span> 
     </span>
    </p>
   </div>
   <div class='ocr_carea' id='block_1_57' title="bbox 1914 2706 3501 2778">
    <p class='ocr_par' dir='ltr' id='par_1_57' title="bbox 1914 2706 3501 2778">
     <span class='ocr_line' id='line_1_57' title="bbox 1914 2706 3501 2778; baseline -0.004 -16"><span class='ocrx_word' id='word_1_382' title='bbox 1914 2710 2134 2778; x_wconf 91' lang='lat' dir='ltr'><strong>plicatio</strong></span> <span class='ocrx_word' id='word_1_383' title='bbox 2177 2717 2231 2763; x_wconf 86' lang='lat' dir='ltr'><strong>et</strong></span> <span class='ocrx_word' id='word_1_384' title='bbox 2289 2725 2522 2770; x_wconf 85' lang='lat' dir='ltr'><strong>sensus.</strong></span> <span class='ocrx_word' id='word_1_385' title='bbox 2584 2709 2662 2764; x_wconf 88' lang='lat' dir='ltr'><strong>illi</strong></span> <span class='ocrx_word' id='word_1_386' title='bbox 2737 2709 3026 2778; x_wconf 86' lang='lat' dir='ltr'><strong>quamdam</strong></span> <span class='ocrx_word' id='word_1_387' title='bbox 3097 2706 3501 2776; x_wconf 77' lang='lat' dir='ltr'><strong>simplicitatem</strong></span> 
     </span>
    </p>
   </div>
   <div class='ocr_carea' id='block_1_58' title="bbox 1915 2801 3496 2870">
    <p class='ocr_par' dir='ltr' id='par_1_58' title="bbox 1915 2801 3496 2870">
     <span class='ocr_line' id='line_1_58' title="bbox 1915 2801 3496 2870; baseline -0.004 -16"><span class='ocrx_word' id='word_1_388' title='bbox 1915 2801 2094 2864; x_wconf 73' lang='lat' dir='ltr'><strong>alierl,</strong></span> <span class='ocrx_word' id='word_1_389' title='bbox 2127 2811 2184 2855; x_wconf 86' lang='lat' dir='ltr'><strong>et</strong></span> <span class='ocrx_word' id='word_1_390' title='bbox 2205 2818 2272 2857; x_wconf 91' lang='lat' dir='ltr'><strong>ue</strong></span> <span class='ocrx_word' id='word_1_391' title='bbox 2299 2803 2366 2856; x_wconf 89' lang='lat' dir='ltr'><strong>ad</strong></span> <span class='ocrx_word' id='word_1_392' title='bbox 2390 2803 2660 2866; x_wconf 78' lang='lat' dir='ltr'><strong>ingratum</strong></span> <span class='ocrx_word' id='word_1_393' title='bbox 2690 2815 2996 2855; x_wconf 87' lang='lat' dir='ltr'><strong>sermonem</strong></span> <span class='ocrx_word' id='word_1_394' title='bbox 3029 2809 3196 2870; x_wconf 89' lang='lat' dir='ltr'><strong>atque</strong></span> <span class='ocrx_word' id='word_1_395' title='bbox 3243 2814 3496 2867; x_wconf 88' lang='lat' dir='ltr'><strong>asperum</strong></span> 
     </span>
    </p>
   </div>
   <div class='ocr_carea' id='block_1_59' title="bbox 1917 2893 3502 2964">
    <p class='ocr_par' dir='ltr' id='par_1_59' title="bbox 1917 2893 3502 2964">
     <span class='ocr_line' id='line_1_59' title="bbox 1917 2893 3502 2964; baseline -0.004 -15"><span class='ocrx_word' id='word_1_396' title='bbox 1917 2895 2246 2963; x_wconf 88' lang='lat' dir='ltr'><strong>abripiatur,</strong></span> <span class='ocrx_word' id='word_1_397' title='bbox 2285 2905 2455 2949; x_wconf 80' lang='lat' dir='ltr'><strong>velut.</strong></span> <span class='ocrx_word' id='word_1_398' title='bbox 2500 2893 2936 2964; x_wconf 82' lang='lat' dir='ltr'><strong>Digressiouibus</strong></span> <span class='ocrx_word' id='word_1_399' title='bbox 2985 2893 3153 2946; x_wconf 89' lang='lat' dir='ltr'><strong>utitur</strong></span> <span class='ocrx_word' id='word_1_400' title='bbox 3199 2907 3302 2945; x_wconf 92' lang='lat' dir='ltr'><strong>non</strong></span> <span class='ocrx_word' id='word_1_401' title='bbox 3335 2902 3502 2944; x_wconf 89' lang='lat' dir='ltr'><strong>raro:</strong></span> 
     </span>
    </p>
   </div>
   <div class='ocr_carea' id='block_1_60' title="bbox 1917 2985 3503 3058">
    <p class='ocr_par' dir='ltr' id='par_1_60' title="bbox 1917 2985 3503 3058">
     <span class='ocr_line' id='line_1_60' title="bbox 1917 2985 3503 3058; baseline -0.004 -15"><span class='ocrx_word' id='word_1_402' title='bbox 1917 3003 2088 3058; x_wconf 88' lang='lat' dir='ltr'><strong>quare</strong></span> <span class='ocrx_word' id='word_1_403' title='bbox 2118 2989 2360 3044; x_wconf 73' lang='lat' dir='ltr'><strong>historia:</strong></span> <span class='ocrx_word' id='word_1_404' title='bbox 2390 2989 2666 3044; x_wconf 79' lang='lat' dir='ltr'><strong>fastidium</strong></span> <span class='ocrx_word' id='word_1_405' title='bbox 2717 2989 2882 3054; x_wconf 83' lang='lat' dir='ltr'><strong>levat,</strong></span> <span class='ocrx_word' id='word_1_406' title='bbox 2920 2987 3196 3054; x_wconf 77' lang='lat' dir='ltr'><strong>reﬁcitque</strong></span> <span class='ocrx_word' id='word_1_407' title='bbox 3247 2985 3503 3040; x_wconf 72' lang='lat' dir='ltr'><strong>lectorem</strong></span> 
     </span>
    </p>
   </div>
   <div class='ocr_carea' id='block_1_61' title="bbox 210 3071 1829 3168">
    <p class='ocr_par' dir='ltr' id='par_1_61' title="bbox 210 3071 1809 3146">
     <span class='ocr_line' id='line_1_61' title="bbox 210 3071 1809 3146; baseline 0.003 -23"><span class='ocrx_word' id='word_1_408' title='bbox 210 3071 398 3142; x_wconf 75' lang='grc' dir='ltr'>ρῆναι.</span> <span class='ocrx_word' id='word_1_409' title='bbox 440 3072 729 3145; x_wconf 82' lang='grc' dir='ltr'>Κέχρηται</span> <span class='ocrx_word' id='word_1_410' title='bbox 758 3073 814 3126; x_wconf 74' lang='grc' dir='ltr'>δὲ</span> <span class='ocrx_word' id='word_1_411' title='bbox 858 3075 951 3127; x_wconf 70' lang='grc' dir='ltr'>καὶ</span> <span class='ocrx_word' id='word_1_412' title='bbox 985 3073 1326 3144; x_wconf 78' lang='grc' dir='ltr'>παρεκϐάσει</span> <span class='ocrx_word' id='word_1_413' title='bbox 1360 3075 1461 3128; x_wconf 82' lang='grc' dir='ltr'>οὐκ</span> <span class='ocrx_word' id='word_1_414' title='bbox 1490 3074 1671 3146; x_wconf 85' lang='grc' dir='ltr'>ὀλίγῃ,</span> <span class='ocrx_word' id='word_1_415' title='bbox 1715 3074 1809 3128; x_wconf 82' lang='grc' dir='ltr'>τὸν</span> 
     </span>
    </p>
   </div>
   <div class='ocr_carea' id='block_1_62' title="bbox 1918 3071 3502 3168">
    <p class='ocr_par' dir='ltr' id='par_1_62' title="bbox 1918 3079 3502 3148">
     <span class='ocr_line' id='line_1_62' title="bbox 1918 3079 3502 3148; baseline -0.003 -13"><span class='ocrx_word' id='word_1_416' title='bbox 1918 3081 2208 3148; x_wconf 88' lang='lat' dir='ltr'><strong>interdum,</strong></span> <span class='ocrx_word' id='word_1_417' title='bbox 2240 3099 2303 3138; x_wconf 90' lang='lat' dir='ltr'><strong>ac</strong></span> <span class='ocrx_word' id='word_1_418' title='bbox 2336 3083 2553 3137; x_wconf 92' lang='lat' dir='ltr'><strong>retinet.</strong></span> <span class='ocrx_word' id='word_1_419' title='bbox 2602 3080 2675 3137; x_wconf 89' lang='lat' dir='ltr'><strong>Ut</strong></span> <span class='ocrx_word' id='word_1_420' title='bbox 2726 3093 2909 3136; x_wconf 89' lang='lat' dir='ltr'><strong>autem</strong></span> <span class='ocrx_word' id='word_1_421' title='bbox 2964 3081 3130 3134; x_wconf 91' lang='lat' dir='ltr'><strong>verbo</strong></span> <span class='ocrx_word' id='word_1_422' title='bbox 3182 3079 3502 3146; x_wconf 79' lang='lat' dir='ltr'><strong>expediam,</strong></span> 
     </span>
    </p>
   </div>
   <div class='ocr_carea' id='block_1_63' title="bbox 205 3164 1808 3239">
    <p class='ocr_par' dir='ltr' id='par_1_63' title="bbox 205 3164 1808 3239">
     <span class='ocr_line' id='line_1_63' title="bbox 205 3164 1808 3239; baseline 0.003 -22"><span class='ocrx_word' id='word_1_423' title='bbox 205 3165 500 3236; x_wconf 85' lang='grc' dir='ltr'>ἀκροατὴν</span> <span class='ocrx_word' id='word_1_424' title='bbox 531 3165 639 3218; x_wconf 79' lang='grc' dir='ltr'>ἀπὸ</span> <span class='ocrx_word' id='word_1_425' title='bbox 676 3164 773 3218; x_wconf 80' lang='grc' dir='ltr'><strong>τοῦ</strong></span> <span class='ocrx_word' id='word_1_426' title='bbox 807 3167 935 3238; x_wconf 74' lang='grc' dir='ltr'>περὶ</span> <span class='ocrx_word' id='word_1_427' title='bbox 972 3166 1072 3237; x_wconf 83' lang='grc' dir='ltr'>τὴν</span> <span class='ocrx_word' id='word_1_428' title='bbox 1108 3167 1350 3236; x_wconf 79' lang='grc' dir='ltr'>ἱστορίαν</span> <span class='ocrx_word' id='word_1_429' title='bbox 1386 3168 1549 3237; x_wconf 84' lang='grc' dir='ltr'>κόρου</span> <span class='ocrx_word' id='word_1_430' title='bbox 1579 3167 1808 3239; x_wconf 87' lang='grc' dir='ltr'>διαλαμ-</span> 
     </span>
    </p>
   </div>
   <div class='ocr_carea' id='block_1_64' title="bbox 207 3255 1808 3328">
    <p class='ocr_par' dir='ltr' id='par_1_64' title="bbox 207 3255 1808 3328">
     <span class='ocr_line' id='line_1_64' title="bbox 207 3255 1808 3328; baseline 0.004 -21"><span class='ocrx_word' id='word_1_431' title='bbox 207 3255 395 3308; x_wconf 71' lang='grc' dir='ltr'>ϐᾶνων</span> <span class='ocrx_word' id='word_1_432' title='bbox 424 3255 608 3327; x_wconf 78' lang='grc' dir='ltr'>ταύτῃ</span> <span class='ocrx_word' id='word_1_433' title='bbox 657 3258 753 3310; x_wconf 78' lang='grc' dir='ltr'>καὶ</span> <span class='ocrx_word' id='word_1_434' title='bbox 789 3257 1087 3311; x_wconf 84' lang='grc' dir='ltr'>ἀναπαύων</span> <span class='ocrx_word' id='word_1_435' title='bbox 1129 3259 1224 3311; x_wconf 83' lang='grc' dir='ltr'>καὶ</span> <span class='ocrx_word' id='word_1_436' title='bbox 1261 3259 1670 3328; x_wconf 83' lang='grc' dir='ltr'>ἀνακτώμενος.</span> <span class='ocrx_word' id='word_1_437' title='bbox 1716 3262 1808 3314; x_wconf 80' lang='lat' dir='ltr'><strong>Ei-</strong></span> 
     </span>
    </p>
   </div>
   <div class='ocr_carea' id='block_1_65' title="bbox 208 3346 1806 3424">
    <p class='ocr_par' dir='ltr' id='par_1_65' title="bbox 208 3346 1806 3424">
     <span class='ocr_line' id='line_1_65' title="bbox 208 3346 1806 3424; baseline 0.005 -26"><span class='ocrx_word' id='word_1_438' title='bbox 208 3349 335 3398; x_wconf 71' lang='grc' dir='ltr'>πεῖν</span> <span class='ocrx_word' id='word_1_439' title='bbox 360 3346 420 3400; x_wconf 74' lang='grc' dir='ltr'>δὲ</span> <span class='ocrx_word' id='word_1_440' title='bbox 445 3347 756 3416; x_wconf 79' lang='grc' dir='ltr'>συντόμως,</span> <span class='ocrx_word' id='word_1_441' title='bbox 783 3349 862 3400; x_wconf 78' lang='grc' dir='ltr'>ὅτι</span> <span class='ocrx_word' id='word_1_442' title='bbox 885 3351 976 3402; x_wconf 83' lang='grc' dir='ltr'>καὶ</span> <span class='ocrx_word' id='word_1_443' title='bbox 999 3349 1059 3402; x_wconf 83' lang='grc' dir='ltr'>τὸ</span> <span class='ocrx_word' id='word_1_444' title='bbox 1084 3349 1295 3419; x_wconf 71' lang='grc' dir='ltr'>κομψὸν</span> <span class='ocrx_word' id='word_1_445' title='bbox 1320 3351 1415 3404; x_wconf 85' lang='grc' dir='ltr'>τοῦ</span> <span class='ocrx_word' id='word_1_446' title='bbox 1447 3350 1630 3420; x_wconf 79' lang='grc' dir='ltr'>λόγου,</span> <span class='ocrx_word' id='word_1_447' title='bbox 1657 3354 1723 3424; x_wconf 78' lang='grc' dir='ltr'>τῇ</span> <span class='ocrx_word' id='word_1_448' title='bbox 1745 3369 1806 3406; x_wconf 85' lang='grc' dir='ltr'><strong>τε</strong></span> 
     </span>
    </p>
   </div>
   <div class='ocr_carea' id='block_1_66' title="bbox 1917 3169 3507 3242">
    <p class='ocr_par' dir='ltr' id='par_1_66' title="bbox 1917 3169 3507 3242">
     <span class='ocr_line' id='line_1_66' title="bbox 1917 3169 3507 3242; baseline -0.003 -15"><span class='ocrx_word' id='word_1_449' title='bbox 1917 3173 2184 3227; x_wconf 88' lang='lat' dir='ltr'><strong>orationis</strong></span> <span class='ocrx_word' id='word_1_450' title='bbox 2210 3173 2477 3242; x_wconf 77' lang='lat' dir='ltr'><strong>elegantia</strong></span> <span class='ocrx_word' id='word_1_451' title='bbox 2509 3188 2690 3226; x_wconf 84' lang='lat' dir='ltr'><strong>rerum</strong></span> <span class='ocrx_word' id='word_1_452' title='bbox 2730 3170 3143 3242; x_wconf 84' lang='lat' dir='ltr'><strong>particularium</strong></span> <span class='ocrx_word' id='word_1_453' title='bbox 3191 3169 3507 3223; x_wconf 82' lang='lat' dir='ltr'><strong>narratione</strong></span> 
     </span>
    </p>
   </div>
   <div class='ocr_carea' id='block_1_67' title="bbox 1915 3262 3505 3337">
    <p class='ocr_par' dir='ltr' id='par_1_67' title="bbox 1915 3262 3505 3337">
     <span class='ocr_line' id='line_1_67' title="bbox 1915 3262 3505 3337; baseline -0.004 -17"><span class='ocrx_word' id='word_1_454' title='bbox 1915 3275 1969 3320; x_wconf 93' lang='lat' dir='ltr'><strong>et</strong></span> <span class='ocrx_word' id='word_1_455' title='bbox 1999 3267 2338 3337; x_wconf 87' lang='lat' dir='ltr'><strong>digressioue</strong></span> <span class='ocrx_word' id='word_1_456' title='bbox 2373 3272 2700 3333; x_wconf 81' lang='lat' dir='ltr'><strong>temperata,</strong></span> <span class='ocrx_word' id='word_1_457' title='bbox 2749 3265 3045 3320; x_wconf 89' lang='lat' dir='ltr'><strong>dictionem</strong></span> <span class='ocrx_word' id='word_1_458' title='bbox 3075 3263 3129 3317; x_wconf 92' lang='lat' dir='ltr'><strong>in</strong></span> <span class='ocrx_word' id='word_1_459' title='bbox 3159 3262 3505 3332; x_wconf 82' lang='lat' dir='ltr'><strong>asperitatem</strong></span> 
     </span>
    </p>
   </div>
   <div class='ocr_carea' id='block_1_68' title="bbox 1916 3357 2380 3413">
    <p class='ocr_par' dir='ltr' id='par_1_68' title="bbox 1916 3357 2380 3413">
     <span class='ocr_line' id='line_1_68' title="bbox 1916 3357 2380 3413; baseline 0.006 -3"><span class='ocrx_word' id='word_1_460' title='bbox 1916 3357 2186 3411; x_wconf 79' lang='lat' dir='ltr'><strong>abituram</strong></span> <span class='ocrx_word' id='word_1_461' title='bbox 2226 3358 2380 3413; x_wconf 90' lang='lat' dir='ltr'><strong>lenit.</strong></span> 
     </span>
    </p>
   </div>
   <div class='ocr_carea' id='block_1_69' title="bbox 210 3443 3506 3527">
    <p class='ocr_par' dir='ltr' id='par_1_69' title="bbox 210 3443 3506 3527">
     <span class='ocr_line' id='line_1_69' title="bbox 210 3443 3506 3527; baseline 0 -30"><span class='ocrx_word' id='word_1_462' title='bbox 210 3444 356 3497; x_wconf 85' lang='grc' dir='ltr'><strong>κατά</strong></span> <span class='ocrx_word' id='word_1_463' title='bbox 405 3443 582 3515; x_wconf 82' lang='grc' dir='ltr'>μέρος</span> <span class='ocrx_word' id='word_1_464' title='bbox 611 3446 889 3517; x_wconf 64' lang='grc' dir='ltr'>ἀφηγήσει</span> <span class='ocrx_word' id='word_1_465' title='bbox 917 3447 1016 3500; x_wconf 77' lang='grc' dir='ltr'>καὶ</span> <span class='ocrx_word' id='word_1_466' title='bbox 1053 3450 1121 3519; x_wconf 76' lang='grc' dir='ltr'><strong>τῇ</strong></span> <span class='ocrx_word' id='word_1_467' title='bbox 1155 3447 1498 3517; x_wconf 79' lang='grc' dir='ltr'>παρεκϐάσει</span> <span class='ocrx_word' id='word_1_468' title='bbox 1535 3450 1881 3522; x_wconf 82' lang='grc' dir='ltr'>κεκραμένον</span> <span class='ocrx_word' id='word_1_469' title='bbox 1929 3455 2001 3520; x_wconf 70' lang='grc'><strong>⁸⁵,</strong></span> <span class='ocrx_word' id='word_1_470' title='bbox 2033 3453 2135 3526; x_wconf 79' lang='grc' dir='ltr'><strong>τήν</strong></span> <span class='ocrx_word' id='word_1_471' title='bbox 2191 3455 2286 3509; x_wconf 73' lang='grc' dir='ltr'><strong>ἐπὶ</strong></span> <span class='ocrx_word' id='word_1_472' title='bbox 2323 3455 2388 3508; x_wconf 84' lang='grc' dir='ltr'>τὸ</span> <span class='ocrx_word' id='word_1_473' title='bbox 2449 3453 2789 3527; x_wconf 88' lang='grc' dir='ltr'>τραχύτερον</span> <span class='ocrx_word' id='word_1_474' title='bbox 2870 3451 3143 3523; x_wconf 74' lang='grc' dir='ltr'>ῥέπουσαν</span> <span class='ocrx_word' id='word_1_475' title='bbox 3213 3445 3506 3520; x_wconf 75' lang='grc' dir='ltr'>θεραπεύει</span> 
     </span>
    </p>
   </div>
   <div class='ocr_carea' id='block_1_70' title="bbox 212 3538 536 3592">
    <p class='ocr_par' dir='ltr' id='par_1_70' title="bbox 212 3538 536 3592">
     <span class='ocr_line' id='line_1_70' title="bbox 212 3538 536 3592; baseline 0 0"><span class='ocrx_word' id='word_1_476' title='bbox 212 3538 536 3592; x_wconf 79' lang='grc' dir='ltr'>συνέπειαν.</span> 
     </span>
    </p>
   </div>
   <div class='ocr_carea' id='block_1_71' title="bbox 968 3627 1091 3684">
    <p class='ocr_par' dir='ltr' id='par_1_71' title="bbox 968 3627 1091 3684">
     <span class='ocr_line' id='line_1_71' title="bbox 968 3627 1091 3684; baseline 0.033 -4"><span class='ocrx_word' id='word_1_477' title='bbox 968 3627 1091 3684; x_wconf 83' lang='grc' dir='ltr'><strong>ῙῙΔ’.</strong></span> 
     </span>
    </p>
   </div>
   <div class='ocr_carea' id='block_1_72' title="bbox 282 3721 1743 3794">
    <p class='ocr_par' dir='ltr' id='par_1_72' title="bbox 282 3721 1743 3794">
     <span class='ocr_line' id='line_1_72' title="bbox 282 3721 1743 3794; baseline 0.001 -17"><span class='ocrx_word' id='word_1_478' title='bbox 282 3721 403 3777; x_wconf 82' lang='grc' dir='ltr'><strong>Τοῦ</strong></span> <span class='ocrx_word' id='word_1_479' title='bbox 435 3721 632 3775; x_wconf 81' lang='grc' dir='ltr'>αὑτοῦ</span> <span class='ocrx_word' id='word_1_480' title='bbox 654 3721 923 3790; x_wconf 76' lang='grc' dir='ltr'>Σύνοψις</span> <span class='ocrx_word' id='word_1_481' title='bbox 947 3721 1067 3774; x_wconf 80' lang='grc' dir='ltr'>τῶν</span> <span class='ocrx_word' id='word_1_482' title='bbox 1089 3723 1419 3790; x_wconf 74' lang='grc' dir='ltr'>είρημένων</span> <span class='ocrx_word' id='word_1_483' title='bbox 1442 3724 1499 3790; x_wconf 83' lang='grc' dir='ltr'>η’</span> <span class='ocrx_word' id='word_1_484' title='bbox 1522 3723 1743 3794; x_wconf 68' lang='grc' dir='ltr'>λόγων.</span> 
     </span>
    </p>
   </div>
   <div class='ocr_carea' id='block_1_73' title="bbox 291 3811 1811 3886">
    <p class='ocr_par' dir='ltr' id='par_1_73' title="bbox 291 3811 1811 3886">
     <span class='ocr_line' id='line_1_73' title="bbox 291 3811 1811 3886; baseline 0.002 -19"><span class='ocrx_word' id='word_1_485' title='bbox 291 3812 652 3881; x_wconf 78' lang='grc' dir='ltr'>Ἀνεγνώσθη</span> <span class='ocrx_word' id='word_1_486' title='bbox 669 3811 763 3866; x_wconf 78' lang='grc' dir='ltr'>τοῦ</span> <span class='ocrx_word' id='word_1_487' title='bbox 784 3812 948 3866; x_wconf 81' lang='grc' dir='ltr'>αὐτοῦ</span> <span class='ocrx_word' id='word_1_488' title='bbox 974 3815 1240 3883; x_wconf 74' lang='grc' dir='ltr'>Σύνοψις</span> <span class='ocrx_word' id='word_1_489' title='bbox 1264 3815 1385 3867; x_wconf 85' lang='grc' dir='ltr'>τῶν</span> <span class='ocrx_word' id='word_1_490' title='bbox 1416 3814 1525 3884; x_wconf 84' lang='grc' dir='ltr'>τῆς</span> <span class='ocrx_word' id='word_1_491' title='bbox 1545 3819 1811 3886; x_wconf 75' lang='grc' dir='ltr'>ἱστορίαι,</span> 
     </span>
    </p>
   </div>
   <div class='ocr_carea' id='block_1_74' title="bbox 210 3901 1818 3981">
    <p class='ocr_par' dir='ltr' id='par_1_74' title="bbox 210 3901 1818 3981">
     <span class='ocr_line' id='line_1_74' title="bbox 210 3901 1818 3981; baseline 0.001 -21"><span class='ocrx_word' id='word_1_492' title='bbox 210 3903 262 3960; x_wconf 72' lang='grc' dir='ltr'><em>ε’</em></span> <span class='ocrx_word' id='word_1_493' title='bbox 292 3906 528 3977; x_wconf 78' lang='grc' dir='ltr'>βιϐλίων</span> <span class='ocrx_word' id='word_1_494' title='bbox 565 3905 624 3956; x_wconf 80' lang='grc' dir='ltr'>ἐν</span> <span class='ocrx_word' id='word_1_495' title='bbox 659 3911 700 3957; x_wconf 87' lang='grc' dir='ltr'>ε’</span> <span class='ocrx_word' id='word_1_496' title='bbox 733 3905 959 3975; x_wconf 76' lang='grc' dir='ltr'>βιϐλίοις</span> <span class='ocrx_word' id='word_1_497' title='bbox 989 3922 1003 3935; x_wconf 88' lang='grc'><strong>·</strong></span> <span class='ocrx_word' id='word_1_498' title='bbox 1034 3907 1092 3959; x_wconf 82' lang='grc' dir='ltr'><strong>έν</strong></span> <span class='ocrx_word' id='word_1_499' title='bbox 1200 3906 1400 3976; x_wconf 82' lang='grc' dir='ltr'>μᾶλλον</span> <span class='ocrx_word' id='word_1_500' title='bbox 1427 3907 1576 3961; x_wconf 87' lang='grc' dir='ltr'>δοκεῖ</span> <span class='ocrx_word' id='word_1_501' title='bbox 1625 3907 1818 3962; x_wconf 81' lang='grc' dir='ltr'>ἑαυτοῦ</span> 
     </span>
    </p>
   </div>
   <div class='ocr_carea' id='block_1_75' title="bbox 211 3993 1814 4066">
    <p class='ocr_par' dir='ltr' id='par_1_75' title="bbox 211 3993 1814 4066">
     <span class='ocr_line' id='line_1_75' title="bbox 211 3993 1814 4066; baseline -0.001 -16"><span class='ocrx_word' id='word_1_502' title='bbox 211 3994 624 4066; x_wconf 65' lang='grc' dir='ltr'>κομψότερος⁸⁵</span> <span class='ocrx_word' id='word_1_503' title='bbox 655 3995 754 4064; x_wconf 86' lang='grc' dir='ltr'>μὲν</span> <span class='ocrx_word' id='word_1_504' title='bbox 774 4035 789 4058; x_wconf 94' lang='grc'><strong>,</strong></span> <span class='ocrx_word' id='word_1_505' title='bbox 820 3994 1180 4066; x_wconf 80' lang='grc' dir='ltr'>ἀφῃρημένος</span> <span class='ocrx_word' id='word_1_506' title='bbox 1211 3994 1268 4047; x_wconf 84' lang='grc' dir='ltr'>δὲ</span> <span class='ocrx_word' id='word_1_507' title='bbox 1293 3993 1354 4047; x_wconf 79' lang='grc' dir='ltr'>τὸ</span> <span class='ocrx_word' id='word_1_508' title='bbox 1386 3993 1576 4063; x_wconf 81' lang='grc' dir='ltr'>ήδῦνον</span> <span class='ocrx_word' id='word_1_509' title='bbox 1600 4035 1615 4058; x_wconf 91' lang='grc'><strong>,</strong></span> <span class='ocrx_word' id='word_1_510' title='bbox 1643 3996 1692 4048; x_wconf 88' lang='grc' dir='ltr'><strong>εί</strong></span> <span class='ocrx_word' id='word_1_511' title='bbox 1717 3995 1814 4048; x_wconf 81' lang='grc' dir='ltr'>καὶ</span> 
     </span>
    </p>
   </div>
   <div class='ocr_carea' id='block_1_76' title="bbox 211 4081 1810 4155">
    <p class='ocr_par' dir='ltr' id='par_1_76' title="bbox 211 4081 1810 4155">
     <span class='ocr_line' id='line_1_76' title="bbox 211 4081 1810 4155; baseline -0.008 -16"><span class='ocrx_word' id='word_1_512' title='bbox 211 4083 289 4152; x_wconf 78' lang='grc' dir='ltr'>τῷ</span> <span class='ocrx_word' id='word_1_513' title='bbox 311 4081 585 4155; x_wconf 79' lang='grc' dir='ltr'>χρησίμῳ</span> <span class='ocrx_word' id='word_1_514' title='bbox 628 4081 830 4152; x_wconf 82' lang='grc' dir='ltr'>μᾶλλον</span> <span class='ocrx_word' id='word_1_515' title='bbox 873 4081 1166 4152; x_wconf 86' lang='grc' dir='ltr'>διαπρέπει</span> <span class='ocrx_word' id='word_1_516' title='bbox 1185 4123 1200 4147; x_wconf 95' lang='grc'><strong>,</strong></span> <span class='ocrx_word' id='word_1_517' title='bbox 1245 4083 1340 4136; x_wconf 82' lang='grc' dir='ltr'>ἆτε</span> <span class='ocrx_word' id='word_1_518' title='bbox 1373 4084 1543 4154; x_wconf 75' lang='grc' dir='ltr'>χωρὶς</span> <span class='ocrx_word' id='word_1_519' title='bbox 1565 4083 1676 4137; x_wconf 84' lang='grc' dir='ltr'>τῶν</span> <span class='ocrx_word' id='word_1_520' title='bbox 1707 4085 1810 4138; x_wconf 81' lang='grc' dir='ltr'>ἀν-</span> 
     </span>
    </p>
   </div>
   <div class='ocr_carea' id='block_1_77' title="bbox 213 4172 1812 4246">
    <p class='ocr_par' dir='ltr' id='par_1_77' title="bbox 213 4172 1812 4246">
     <span class='ocr_line' id='line_1_77' title="bbox 213 4172 1812 4246; baseline 0.003 -19"><span class='ocrx_word' id='word_1_521' title='bbox 213 4175 469 4244; x_wconf 80' lang='grc' dir='ltr'>αγκαίων</span> <span class='ocrx_word' id='word_1_522' title='bbox 495 4174 662 4244; x_wconf 83' lang='grc' dir='ltr'>μηδὲν</span> <span class='ocrx_word' id='word_1_523' title='bbox 685 4173 764 4244; x_wconf 85' lang='grc' dir='ltr'>τῷ</span> <span class='ocrx_word' id='word_1_524' title='bbox 782 4173 927 4244; x_wconf 86' lang='grc' dir='ltr'>λόγῳ</span> <span class='ocrx_word' id='word_1_525' title='bbox 946 4176 1448 4246; x_wconf 84' lang='grc' dir='ltr'>καταμιγνύμενος.</span> <span class='ocrx_word' id='word_1_526' title='bbox 1484 4175 1624 4229; x_wconf 83' lang='grc' dir='ltr'>Ἀλλ’</span> <span class='ocrx_word' id='word_1_527' title='bbox 1651 4172 1812 4232; x_wconf 76' lang='grc' dir='ltr'>εἶπεν</span> 
     </span>
    </p>
   </div>
   <div class='ocr_carea' id='block_1_78' title="bbox 213 4265 1814 4339">
    <p class='ocr_par' dir='ltr' id='par_1_78' title="bbox 213 4265 1814 4339">
     <span class='ocr_line' id='line_1_78' title="bbox 213 4265 1814 4339; baseline 0.001 -19"><span class='ocrx_word' id='word_1_528' title='bbox 213 4265 279 4321; x_wconf 87' lang='grc' dir='ltr'><strong>ἀν</strong></span> <span class='ocrx_word' id='word_1_529' title='bbox 312 4283 398 4330; x_wconf 92' lang='grc' dir='ltr'><strong>τις</strong></span> <span class='ocrx_word' id='word_1_530' title='bbox 422 4306 440 4331; x_wconf 91' lang='grc'><strong>,</strong></span> <span class='ocrx_word' id='word_1_531' title='bbox 492 4265 571 4327; x_wconf 82' lang='grc' dir='ltr'>ὡς</span> <span class='ocrx_word' id='word_1_532' title='bbox 600 4265 668 4318; x_wconf 84' lang='grc' dir='ltr'>ἂν</span> <span class='ocrx_word' id='word_1_533' title='bbox 704 4266 812 4320; x_wconf 83' lang='grc' dir='ltr'>ἀπὸ</span> <span class='ocrx_word' id='word_1_534' title='bbox 861 4268 1143 4339; x_wconf 82' lang='grc' dir='ltr'>σκήπτρου</span> <span class='ocrx_word' id='word_1_535' title='bbox 1176 4267 1515 4337; x_wconf 82' lang='grc' dir='ltr'>θεμιστεύων</span> <span class='ocrx_word' id='word_1_536' title='bbox 1536 4307 1552 4329; x_wconf 88' lang='grc'><strong>,</strong></span> <span class='ocrx_word' id='word_1_537' title='bbox 1611 4268 1707 4321; x_wconf 71' lang='grc' dir='ltr'>καὶ</span> <span class='ocrx_word' id='word_1_538' title='bbox 1735 4268 1814 4339; x_wconf 83' lang='grc' dir='ltr'><strong>τῷ</strong></span> 
     </span>
    </p>
   </div>
   <div class='ocr_carea' id='block_1_79' title="bbox 214 4359 1814 4436">
    <p class='ocr_par' dir='ltr' id='par_1_79' title="bbox 214 4359 1814 4436">
     <span class='ocr_line' id='line_1_79' title="bbox 214 4359 1814 4436; baseline 0.002 -24"><span class='ocrx_word' id='word_1_539' title='bbox 214 4360 504 4431; x_wconf 78' lang='grc' dir='ltr'>ἀπερίττῳ</span> <span class='ocrx_word' id='word_1_540' title='bbox 528 4359 627 4412; x_wconf 78' lang='grc' dir='ltr'>καὶ</span> <span class='ocrx_word' id='word_1_541' title='bbox 663 4360 1094 4430; x_wconf 87' lang='grc' dir='ltr'>συντετμημένῳ</span> <span class='ocrx_word' id='word_1_542' title='bbox 1116 4402 1131 4426; x_wconf 90' lang='grc'><strong>,</strong></span> <span class='ocrx_word' id='word_1_543' title='bbox 1159 4361 1254 4414; x_wconf 71' lang='grc' dir='ltr'>καὶ</span> <span class='ocrx_word' id='word_1_544' title='bbox 1283 4361 1363 4414; x_wconf 72' lang='grc' dir='ltr'>ἔτι</span> <span class='ocrx_word' id='word_1_545' title='bbox 1394 4363 1462 4432; x_wconf 80' lang='grc' dir='ltr'><strong>τῇ</strong></span> <span class='ocrx_word' id='word_1_546' title='bbox 1481 4379 1539 4414; x_wconf 83' lang='grc' dir='ltr'><strong>τε</strong></span> <span class='ocrx_word' id='word_1_547' title='bbox 1569 4361 1814 4436; x_wconf 80' lang='grc' dir='ltr'>συνθήκῃ</span> 
     </span>
    </p>
   </div>
   <div class='ocr_carea' id='block_1_80' title="bbox 2565 3629 2853 3687">
    <p class='ocr_par' dir='ltr' id='par_1_80' title="bbox 2565 3629 2853 3687">
     <span class='ocr_line' id='line_1_80' title="bbox 2565 3629 2853 3687; baseline 0.01 -3"><span class='ocrx_word' id='word_1_548' title='bbox 2565 3629 2853 3687; x_wconf 79' lang='lat' dir='ltr'><strong>LXXXIV.</strong></span> 
     </span>
    </p>
   </div>
   <div class='ocr_carea' id='block_1_81' title="bbox 2102 3717 3328 3791">
    <p class='ocr_par' dir='ltr' id='par_1_81' title="bbox 2102 3717 3328 3791">
     <span class='ocr_line' id='line_1_81' title="bbox 2102 3717 3328 3791; baseline -0.001 -13"><span class='ocrx_word' id='word_1_549' title='bbox 2102 3720 2353 3791; x_wconf 74' lang='lat' dir='ltr'><strong>Ejusdem</strong></span> <span class='ocrx_word' id='word_1_550' title='bbox 2390 3717 2748 3774; x_wconf 77' lang='lat' dir='ltr'><strong>Historiarum</strong></span> <span class='ocrx_word' id='word_1_551' title='bbox 2782 3718 3078 3791; x_wconf 76' lang='lat' dir='ltr'><strong>Syuopseos</strong></span> <span class='ocrx_word' id='word_1_552' title='bbox 3121 3721 3245 3776; x_wconf 85' lang='lat' dir='ltr'><strong>libri</strong></span> <span class='ocrx_word' id='word_1_553' title='bbox 3276 3738 3328 3777; x_wconf 88' lang='lat' dir='ltr'><strong>v.</strong></span> 
     </span>
    </p>
   </div>
   <div class='ocr_carea' id='block_1_82' title="bbox 1989 3811 3507 3882">
    <p class='ocr_par' dir='ltr' id='par_1_82' title="bbox 1989 3811 3507 3882">
     <span class='ocr_line' id='line_1_82' title="bbox 1989 3811 3507 3882; baseline -0.001 -13"><span class='ocrx_word' id='word_1_554' title='bbox 1989 3813 2155 3870; x_wconf 84' lang='lat' dir='ltr'><strong>Lecta</strong></span> <span class='ocrx_word' id='word_1_555' title='bbox 2186 3824 2272 3868; x_wconf 82' lang='lat' dir='ltr'><strong>est</strong></span> <span class='ocrx_word' id='word_1_556' title='bbox 2303 3811 2550 3882; x_wconf 86' lang='lat' dir='ltr'><strong>ejusdem</strong></span> <span class='ocrx_word' id='word_1_557' title='bbox 2603 3814 2865 3867; x_wconf 87' lang='lat' dir='ltr'><strong>librorum</strong></span> <span class='ocrx_word' id='word_1_558' title='bbox 2914 3815 3102 3882; x_wconf 81' lang='lat' dir='ltr'><strong>viginti</strong></span> <span class='ocrx_word' id='word_1_559' title='bbox 3146 3814 3507 3868; x_wconf 83' lang='lat' dir='ltr'><strong>Historiarum</strong></span> 
     </span>
    </p>
   </div>
   <div class='ocr_carea' id='block_1_83' title="bbox 1921 3905 3504 3979">
    <p class='ocr_par' dir='ltr' id='par_1_83' title="bbox 1921 3905 3504 3979">
     <span class='ocr_line' id='line_1_83' title="bbox 1921 3905 3504 3979; baseline 0 -17"><span class='ocrx_word' id='word_1_560' title='bbox 1921 3907 2180 3978; x_wconf 73' lang='lat' dir='ltr'><strong>Synopsis</strong></span> <span class='ocrx_word' id='word_1_561' title='bbox 2216 3905 2355 3979; x_wconf 77' lang='lat'><strong>(83),</strong></span> <span class='ocrx_word' id='word_1_562' title='bbox 2377 3905 2619 3976; x_wconf 89' lang='lat' dir='ltr'><strong>quinque</strong></span> <span class='ocrx_word' id='word_1_563' title='bbox 2647 3907 2761 3974; x_wconf 89' lang='lat' dir='ltr'><strong>ipsa</strong></span> <span class='ocrx_word' id='word_1_564' title='bbox 2797 3907 2955 3960; x_wconf 77' lang='lat' dir='ltr'><strong>libris</strong></span> <span class='ocrx_word' id='word_1_565' title='bbox 2978 3908 3372 3976; x_wconf 88' lang='lat' dir='ltr'><strong>comprehensa</strong></span> <span class='ocrx_word' id='word_1_566' title='bbox 3403 3925 3418 3962; x_wconf 90' lang='lat'><strong>:</strong></span> <span class='ocrx_word' id='word_1_567' title='bbox 3453 3910 3504 3962; x_wconf 93' lang='lat' dir='ltr'><strong>iu</strong></span> 
     </span>
    </p>
   </div>
   <div class='ocr_carea' id='block_1_84' title="bbox 1918 3999 3510 4071">
    <p class='ocr_par' dir='ltr' id='par_1_84' title="bbox 1918 3999 3510 4071">
     <span class='ocr_line' id='line_1_84' title="bbox 1918 3999 3510 4071; baseline 0.001 -19"><span class='ocrx_word' id='word_1_568' title='bbox 1918 4016 2045 4070; x_wconf 89' lang='lat' dir='ltr'><strong>qua,</strong></span> <span class='ocrx_word' id='word_1_569' title='bbox 2082 4008 2142 4054; x_wconf 90' lang='lat' dir='ltr'><strong>ut</strong></span> <span class='ocrx_word' id='word_1_570' title='bbox 2180 4014 2239 4054; x_wconf 89' lang='lat' dir='ltr'><strong>se</strong></span> <span class='ocrx_word' id='word_1_571' title='bbox 2285 3999 2402 4068; x_wconf 91' lang='lat' dir='ltr'><strong>ipse</strong></span> <span class='ocrx_word' id='word_1_572' title='bbox 2435 3999 2654 4053; x_wconf 78' lang='lat' dir='ltr'><strong>vincere</strong></span> <span class='ocrx_word' id='word_1_573' title='bbox 2692 3999 2960 4068; x_wconf 76' lang='lat' dir='ltr'><strong>elegantia</strong></span> <span class='ocrx_word' id='word_1_574' title='bbox 2992 4003 3232 4066; x_wconf 86' lang='lat' dir='ltr'><strong>videtur,</strong></span> <span class='ocrx_word' id='word_1_575' title='bbox 3268 4003 3341 4055; x_wconf 90' lang='lat' dir='ltr'><strong>ita</strong></span> <span class='ocrx_word' id='word_1_576' title='bbox 3369 4017 3510 4071; x_wconf 91' lang='lat' dir='ltr'><strong>quo-</strong></span> 
     </span>
    </p>
   </div>
   <div class='ocr_carea' id='block_1_85' title="bbox 1921 4091 3512 4162">
    <p class='ocr_par' dir='ltr' id='par_1_85' title="bbox 1921 4091 3512 4162">
     <span class='ocr_line' id='line_1_85' title="bbox 1921 4091 3512 4162; baseline 0 -15"><span class='ocrx_word' id='word_1_577' title='bbox 1921 4109 2026 4162; x_wconf 92' lang='lat' dir='ltr'><strong>que</strong></span> <span class='ocrx_word' id='word_1_578' title='bbox 2056 4093 2204 4147; x_wconf 90' lang='lat' dir='ltr'><strong>omni</strong></span> <span class='ocrx_word' id='word_1_579' title='bbox 2240 4102 2463 4145; x_wconf 80' lang='lat' dir='ltr'><strong>exutum</strong></span> <span class='ocrx_word' id='word_1_580' title='bbox 2487 4091 2827 4161; x_wconf 75' lang='lat' dir='ltr'><strong>iucunditate</strong></span> <span class='ocrx_word' id='word_1_581' title='bbox 2856 4101 3029 4160; x_wconf 91' lang='lat' dir='ltr'><strong>putes.</strong></span> <span class='ocrx_word' id='word_1_582' title='bbox 3057 4092 3186 4158; x_wconf 80' lang='lat' dir='ltr'><strong>Quze</strong></span> <span class='ocrx_word' id='word_1_583' title='bbox 3221 4105 3397 4146; x_wconf 86' lang='lat' dir='ltr'><strong>tamen</strong></span> <span class='ocrx_word' id='word_1_584' title='bbox 3425 4109 3512 4147; x_wconf 80' lang='lat' dir='ltr'><strong>res</strong></span> 
     </span>
    </p>
   </div>
   <div class='ocr_carea' id='block_1_86' title="bbox 1920 4183 3510 4254">
    <p class='ocr_par' dir='ltr' id='par_1_86' title="bbox 1920 4183 3510 4254">
     <span class='ocr_line' id='line_1_86' title="bbox 1920 4183 3510 4254; baseline -0.001 -13"><span class='ocrx_word' id='word_1_585' title='bbox 1920 4189 1988 4241; x_wconf 88' lang='lat' dir='ltr'><strong>ad</strong></span> <span class='ocrx_word' id='word_1_586' title='bbox 2018 4185 2308 4240; x_wconf 87' lang='lat' dir='ltr'><strong>utilitatem</strong></span> <span class='ocrx_word' id='word_1_587' title='bbox 2352 4184 2523 4253; x_wconf 85' lang='lat' dir='ltr'><strong>magis</strong></span> <span class='ocrx_word' id='word_1_588' title='bbox 2550 4183 2708 4248; x_wconf 79' lang='lat' dir='ltr'><strong>facit,</strong></span> <span class='ocrx_word' id='word_1_589' title='bbox 2753 4185 2879 4238; x_wconf 91' lang='lat' dir='ltr'><strong>dum</strong></span> <span class='ocrx_word' id='word_1_590' title='bbox 2925 4185 3058 4238; x_wconf 90' lang='lat' dir='ltr'><strong>nihil</strong></span> <span class='ocrx_word' id='word_1_591' title='bbox 3095 4193 3293 4254; x_wconf 67' lang='lat' dir='ltr'><strong>praeter</strong></span> <span class='ocrx_word' id='word_1_592' title='bbox 3319 4201 3510 4240; x_wconf 87' lang='lat' dir='ltr'><strong>neces-</strong></span> 
     </span>
    </p>
   </div>
   <div class='ocr_carea' id='block_1_87' title="bbox 1920 4273 3505 4343">
    <p class='ocr_par' dir='ltr' id='par_1_87' title="bbox 1920 4273 3505 4343">
     <span class='ocr_line' id='line_1_87' title="bbox 1920 4273 3505 4343; baseline -0.002 -12"><span class='ocrx_word' id='word_1_593' title='bbox 1920 4275 2064 4331; x_wconf 86' lang='lat' dir='ltr'><strong>saria</strong></span> <span class='ocrx_word' id='word_1_594' title='bbox 2091 4273 2325 4330; x_wconf 87' lang='lat' dir='ltr'><strong>orationi</strong></span> <span class='ocrx_word' id='word_1_595' title='bbox 2355 4273 2651 4328; x_wconf 83' lang='lat' dir='ltr'><strong>interserit.</strong></span> <span class='ocrx_word' id='word_1_596' title='bbox 2690 4273 2847 4328; x_wconf 86' lang='lat' dir='ltr'><strong>Dicas</strong></span> <span class='ocrx_word' id='word_1_597' title='bbox 2878 4289 3001 4327; x_wconf 90' lang='lat' dir='ltr'><strong>eum</strong></span> <span class='ocrx_word' id='word_1_598' title='bbox 3039 4283 3295 4342; x_wconf 87' lang='lat' dir='ltr'><strong>tanquam</strong></span> <span class='ocrx_word' id='word_1_599' title='bbox 3321 4290 3505 4343; x_wconf 84' lang='lat' dir='ltr'><strong>regem</strong></span> 
     </span>
    </p>
   </div>
   <div class='ocr_carea' id='block_1_88' title="bbox 1922 4366 3506 4437">
    <p class='ocr_par' dir='ltr' id='par_1_88' title="bbox 1922 4366 3506 4437">
     <span class='ocr_line' id='line_1_88' title="bbox 1922 4366 3506 4437; baseline -0.001 -15"><span class='ocrx_word' id='word_1_600' title='bbox 1922 4384 2044 4423; x_wconf 92' lang='lat' dir='ltr'><strong>cum</strong></span> <span class='ocrx_word' id='word_1_601' title='bbox 2077 4367 2304 4437; x_wconf 91' lang='lat' dir='ltr'><strong>imperio</strong></span> <span class='ocrx_word' id='word_1_602' title='bbox 2351 4366 2440 4436; x_wconf 81' lang='lat' dir='ltr'><strong>jus</strong></span> <span class='ocrx_word' id='word_1_603' title='bbox 2471 4366 2671 4428; x_wconf 72' lang='lat' dir='ltr'><strong>dicere,</strong></span> <span class='ocrx_word' id='word_1_604' title='bbox 2724 4374 2780 4420; x_wconf 94' lang='lat' dir='ltr'><strong>et</strong></span> <span class='ocrx_word' id='word_1_605' title='bbox 2834 4376 3138 4435; x_wconf 87' lang='lat' dir='ltr'><strong>temperato</strong></span> <span class='ocrx_word' id='word_1_606' title='bbox 3173 4368 3506 4434; x_wconf 81' lang='lat' dir='ltr'><strong>concisaque</strong></span> 
     </span>
    </p>
   </div>
   <div class='ocr_carea' id='block_1_89' title="bbox 215 4451 1829 4528">
    <p class='ocr_par' dir='ltr' id='par_1_89' title="bbox 215 4451 1818 4526">
     <span class='ocr_line' id='line_1_89' title="bbox 215 4451 1818 4526; baseline 0.003 -23"><span class='ocrx_word' id='word_1_607' title='bbox 215 4452 402 4523; x_wconf 75' lang='grc' dir='ltr'>καὶτῇ</span> <span class='ocrx_word' id='word_1_608' title='bbox 437 4451 588 4516; x_wconf 81' lang='grc' dir='ltr'>λέξει</span> <span class='ocrx_word' id='word_1_609' title='bbox 614 4493 630 4518; x_wconf 90' lang='grc'><strong>,</strong></span> <span class='ocrx_word' id='word_1_610' title='bbox 667 4451 793 4521; x_wconf 68' lang='grc' dir='ltr'><strong>ἠχώ</strong></span> <span class='ocrx_word' id='word_1_611' title='bbox 831 4469 959 4506; x_wconf 91' lang='grc' dir='ltr'>τινα</span> <span class='ocrx_word' id='word_1_612' title='bbox 992 4453 1228 4524; x_wconf 87' lang='grc' dir='ltr'>πέμπων</span> <span class='ocrx_word' id='word_1_613' title='bbox 1253 4493 1270 4519; x_wconf 93' lang='grc'><strong>,</strong></span> <span class='ocrx_word' id='word_1_614' title='bbox 1318 4454 1657 4526; x_wconf 81' lang='grc' dir='ltr'>τραχύτερός</span> <span class='ocrx_word' id='word_1_615' title='bbox 1700 4453 1818 4520; x_wconf 88' lang='grc' dir='ltr'>πώς</span> 
     </span>
    </p>
   </div>
   <div class='ocr_carea' id='block_1_90' title="bbox 1918 4451 3508 4528">
    <p class='ocr_par' dir='ltr' id='par_1_90' title="bbox 1925 4457 3508 4528">
     <span class='ocr_line' id='line_1_90' title="bbox 1925 4457 3508 4528; baseline 0 -16"><span class='ocrx_word' id='word_1_616' title='bbox 1925 4459 2140 4513; x_wconf 87' lang='lat' dir='ltr'><strong>dicendi</strong></span> <span class='ocrx_word' id='word_1_617' title='bbox 2200 4473 2420 4528; x_wconf 80' lang='lat' dir='ltr'><strong>genere,</strong></span> <span class='ocrx_word' id='word_1_618' title='bbox 2481 4457 2552 4511; x_wconf 83' lang='lat' dir='ltr'><strong>ad</strong></span> <span class='ocrx_word' id='word_1_619' title='bbox 2602 4457 2719 4511; x_wconf 66' lang='lat' dir='ltr'><strong>haec</strong></span> <span class='ocrx_word' id='word_1_620' title='bbox 2783 4457 2947 4511; x_wconf 87' lang='lat' dir='ltr'><strong>etiam</strong></span> <span class='ocrx_word' id='word_1_621' title='bbox 2998 4459 3392 4527; x_wconf 86' lang='lat' dir='ltr'><strong>compositione</strong></span> <span class='ocrx_word' id='word_1_622' title='bbox 3443 4473 3508 4513; x_wconf 85' lang='lat' dir='ltr'><strong>ac</strong></span> 
     </span>
    </p>
   </div>
   <div class='ocr_carea' id='block_1_91' title="bbox 217 4545 1812 4618">
    <p class='ocr_par' dir='ltr' id='par_1_91' title="bbox 217 4545 1812 4618">
     <span class='ocr_line' id='line_1_91' title="bbox 217 4545 1812 4618; baseline 0.002 -21"><span class='ocrx_word' id='word_1_623' title='bbox 217 4545 334 4598; x_wconf 78' lang='grc' dir='ltr'>ἐστι</span> <span class='ocrx_word' id='word_1_624' title='bbox 367 4549 487 4609; x_wconf 77' lang='grc' dir='ltr'>τοῖς</span> <span class='ocrx_word' id='word_1_625' title='bbox 534 4546 840 4616; x_wconf 78' lang='grc' dir='ltr'>ἀκροαταῖς</span> <span class='ocrx_word' id='word_1_626' title='bbox 892 4548 1358 4618; x_wconf 83' lang='grc' dir='ltr'>προσφερόμενος.</span> <span class='ocrx_word' id='word_1_627' title='bbox 1394 4547 1543 4618; x_wconf 82' lang='grc' dir='ltr'>Πλὴν</span> <span class='ocrx_word' id='word_1_628' title='bbox 1589 4547 1812 4618; x_wconf 86' lang='grc' dir='ltr'>συνόψει</span> 
     </span>
    </p>
   </div>
   <div class='ocr_carea' id='block_1_92' title="bbox 219 4635 1812 4710">
    <p class='ocr_par' dir='ltr' id='par_1_92' title="bbox 219 4635 1812 4710">
     <span class='ocr_line' id='line_1_92' title="bbox 219 4635 1812 4710; baseline 0.002 -21"><span class='ocrx_word' id='word_1_629' title='bbox 219 4635 320 4703; x_wconf 74' lang='grc' dir='ltr'>μὲν</span> <span class='ocrx_word' id='word_1_630' title='bbox 356 4638 387 4690; x_wconf 83' lang='grc' dir='ltr'>ὁ</span> <span class='ocrx_word' id='word_1_631' title='bbox 416 4637 583 4706; x_wconf 84' lang='grc' dir='ltr'>λόγος</span> <span class='ocrx_word' id='word_1_632' title='bbox 611 4637 714 4691; x_wconf 84' lang='grc' dir='ltr'>οὐκ</span> <span class='ocrx_word' id='word_1_633' title='bbox 743 4637 1088 4709; x_wconf 79' lang='grc' dir='ltr'>ἀνάρμοστος</span> <span class='ocrx_word' id='word_1_634' title='bbox 1111 4680 1125 4704; x_wconf 94' lang='grc'><strong>,</strong></span> <span class='ocrx_word' id='word_1_635' title='bbox 1154 4639 1232 4710; x_wconf 86' lang='grc' dir='ltr'><strong>τῷ</strong></span> <span class='ocrx_word' id='word_1_636' title='bbox 1257 4639 1315 4693; x_wconf 82' lang='grc' dir='ltr'>δὲ</span> <span class='ocrx_word' id='word_1_637' title='bbox 1346 4640 1536 4710; x_wconf 86' lang='grc' dir='ltr'>τελείῳ</span> <span class='ocrx_word' id='word_1_638' title='bbox 1568 4641 1663 4694; x_wconf 79' lang='grc' dir='ltr'>καὶ</span> <span class='ocrx_word' id='word_1_639' title='bbox 1689 4639 1812 4693; x_wconf 86' lang='grc' dir='ltr'>ὁλο-</span> 
     </span>
    </p>
   </div>
   <div class='ocr_carea' id='block_1_93' title="bbox 219 4727 1816 4804">
    <p class='ocr_par' dir='ltr' id='par_1_93' title="bbox 219 4727 1816 4804">
     <span class='ocr_line' id='line_1_93' title="bbox 219 4727 1816 4804; baseline 0.004 -23"><span class='ocrx_word' id='word_1_640' title='bbox 219 4727 411 4802; x_wconf 81' lang='grc' dir='ltr'>κλήρῳ</span> <span class='ocrx_word' id='word_1_641' title='bbox 442 4731 544 4802; x_wconf 82' lang='grc' dir='ltr'>τῆς</span> <span class='ocrx_word' id='word_1_642' title='bbox 578 4731 822 4802; x_wconf 76' lang='grc' dir='ltr'>ἱστορίας</span> <span class='ocrx_word' id='word_1_643' title='bbox 861 4730 980 4786; x_wconf 76' lang='grc' dir='ltr'>οὔτι</span> <span class='ocrx_word' id='word_1_644' title='bbox 1011 4732 1340 4804; x_wconf 84' lang='grc' dir='ltr'>πρόσφορος.</span> <span class='ocrx_word' id='word_1_645' title='bbox 1362 4733 1530 4804; x_wconf 82' lang='grc' dir='ltr'>Δῆλον</span> <span class='ocrx_word' id='word_1_646' title='bbox 1555 4733 1600 4785; x_wconf 85' lang='grc' dir='ltr'>δ’</span> <span class='ocrx_word' id='word_1_647' title='bbox 1627 4733 1704 4797; x_wconf 85' lang='grc' dir='ltr'><strong>ὡς</strong></span> <span class='ocrx_word' id='word_1_648' title='bbox 1725 4728 1816 4788; x_wconf 80' lang='grc' dir='ltr'><strong>οὖ-</strong></span> 
     </span>
    </p>
   </div>
   <div class='ocr_carea' id='block_1_94' title="bbox 220 4826 1808 4898">
    <p class='ocr_par' dir='ltr' id='par_1_94' title="bbox 220 4826 1808 4898">
     <span class='ocr_line' id='line_1_94' title="bbox 220 4826 1808 4898; baseline 0.001 -20"><span class='ocrx_word' id='word_1_649' title='bbox 220 4837 308 4888; x_wconf 70' lang='grc' dir='ltr'><strong>ως</strong></span> <span class='ocrx_word' id='word_1_650' title='bbox 339 4827 371 4878; x_wconf 82' lang='grc' dir='ltr'><strong>ό</strong></span> <span class='ocrx_word' id='word_1_651' title='bbox 420 4829 784 4898; x_wconf 79' lang='grc' dir='ltr'>συγγραφεὺς</span> <span class='ocrx_word' id='word_1_652' title='bbox 809 4827 1011 4892; x_wconf 84' lang='grc' dir='ltr'>Δίωνός</span> <span class='ocrx_word' id='word_1_653' title='bbox 1037 4844 1098 4882; x_wconf 80' lang='grc' dir='ltr'><strong>τε</strong></span> <span class='ocrx_word' id='word_1_654' title='bbox 1125 4826 1222 4881; x_wconf 82' lang='grc' dir='ltr'>τοῦ</span> <span class='ocrx_word' id='word_1_655' title='bbox 1251 4828 1494 4882; x_wconf 79' lang='grc' dir='ltr'>Κοκκίου</span> <span class='ocrx_word' id='word_1_656' title='bbox 1529 4827 1630 4881; x_wconf 79' lang='grc' dir='ltr'>καὶ</span> <span class='ocrx_word' id='word_1_657' title='bbox 1671 4827 1808 4882; x_wconf 75' lang='grc' dir='ltr'><strong>Ἀπ-</strong></span> 
     </span>
    </p>
   </div>
   <div class='ocr_carea' id='block_1_95' title="bbox 1921 4547 3510 4618">
    <p class='ocr_par' dir='ltr' id='par_1_95' title="bbox 1921 4547 3510 4618">
     <span class='ocr_line' id='line_1_95' title="bbox 1921 4547 3510 4618; baseline -0.003 -14"><span class='ocrx_word' id='word_1_658' title='bbox 1921 4550 2161 4604; x_wconf 86' lang='lat' dir='ltr'><strong>dictione</strong></span> <span class='ocrx_word' id='word_1_659' title='bbox 2192 4550 2308 4618; x_wconf 87' lang='lat' dir='ltr'><strong>ipsa</strong></span> <span class='ocrx_word' id='word_1_660' title='bbox 2353 4548 2502 4602; x_wconf 83' lang='lat' dir='ltr'><strong>vocis</strong></span> <span class='ocrx_word' id='word_1_661' title='bbox 2547 4548 2839 4618; x_wconf 87' lang='lat' dir='ltr'><strong>quamdam</strong></span> <span class='ocrx_word' id='word_1_662' title='bbox 2891 4547 3178 4616; x_wconf 80' lang='lat' dir='ltr'><strong>imaginem</strong></span> <span class='ocrx_word' id='word_1_663' title='bbox 3230 4549 3414 4610; x_wconf 91' lang='lat' dir='ltr'><strong>edere,</strong></span> <span class='ocrx_word' id='word_1_664' title='bbox 3451 4556 3510 4600; x_wconf 92' lang='lat' dir='ltr'><strong>ut</strong></span> 
     </span>
    </p>
   </div>
   <div class='ocr_carea' id='block_1_96' title="bbox 1923 4638 3510 4712">
    <p class='ocr_par' dir='ltr' id='par_1_96' title="bbox 1923 4638 3510 4712">
     <span class='ocr_line' id='line_1_96' title="bbox 1923 4638 3510 4712; baseline -0.001 -16"><span class='ocrx_word' id='word_1_665' title='bbox 1923 4643 2113 4698; x_wconf 86' lang='lat' dir='ltr'><strong>durior</strong></span> <span class='ocrx_word' id='word_1_666' title='bbox 2150 4638 2554 4712; x_wconf 87' lang='lat' dir='ltr'><strong>quodammodo</strong></span> <span class='ocrx_word' id='word_1_667' title='bbox 2577 4655 2642 4694; x_wconf 81' lang='lat' dir='ltr'><strong>ex</strong></span> <span class='ocrx_word' id='word_1_668' title='bbox 2679 4654 2744 4694; x_wconf 91' lang='lat' dir='ltr'><strong>eo</strong></span> <span class='ocrx_word' id='word_1_669' title='bbox 2769 4641 2832 4691; x_wconf 93' lang='lat' dir='ltr'><strong>ad</strong></span> <span class='ocrx_word' id='word_1_670' title='bbox 2863 4639 3196 4692; x_wconf 88' lang='lat' dir='ltr'><strong>audientium</strong></span> <span class='ocrx_word' id='word_1_671' title='bbox 3229 4655 3390 4693; x_wconf 83' lang='lat' dir='ltr'><strong>aures</strong></span> <span class='ocrx_word' id='word_1_672' title='bbox 3413 4639 3510 4694; x_wconf 85' lang='lat' dir='ltr'><strong>de-</strong></span> 
     </span>
    </p>
   </div>
   <div class='ocr_carea' id='block_1_97' title="bbox 1924 4733 3506 4804">
    <p class='ocr_par' dir='ltr' id='par_1_97' title="bbox 1924 4733 3506 4804">
     <span class='ocr_line' id='line_1_97' title="bbox 1924 4733 3506 4804; baseline -0.006 -14"><span class='ocrx_word' id='word_1_673' title='bbox 1924 4734 2153 4799; x_wconf 76' lang='lat' dir='ltr'><strong>feratur,</strong></span> <span class='ocrx_word' id='word_1_674' title='bbox 2188 4735 2330 4804; x_wconf 93' lang='lat' dir='ltr'><strong>quod</strong></span> <span class='ocrx_word' id='word_1_675' title='bbox 2373 4747 2545 4802; x_wconf 84' lang='lat' dir='ltr'><strong>genus</strong></span> <span class='ocrx_word' id='word_1_676' title='bbox 2575 4733 2841 4786; x_wconf 91' lang='lat' dir='ltr'><strong>orationis</strong></span> <span class='ocrx_word' id='word_1_677' title='bbox 2875 4733 3199 4798; x_wconf 87' lang='lat' dir='ltr'><strong>compendio</strong></span> <span class='ocrx_word' id='word_1_678' title='bbox 3238 4733 3372 4786; x_wconf 90' lang='lat' dir='ltr'><strong>satis</strong></span> <span class='ocrx_word' id='word_1_679' title='bbox 3407 4748 3506 4798; x_wconf 77' lang='lat' dir='ltr'><strong>ap-</strong></span> 
     </span>
    </p>
   </div>
   <div class='ocr_carea' id='block_1_98' title="bbox 1927 4824 3508 4898">
    <p class='ocr_par' dir='ltr' id='par_1_98' title="bbox 1927 4824 3508 4898">
     <span class='ocr_line' id='line_1_98' title="bbox 1927 4824 3508 4898; baseline -0.003 -15"><span class='ocrx_word' id='word_1_680' title='bbox 1927 4837 2058 4892; x_wconf 89' lang='lat' dir='ltr'><strong>tum,</strong></span> <span class='ocrx_word' id='word_1_681' title='bbox 2097 4826 2352 4898; x_wconf 75' lang='lat' dir='ltr'><strong>perfectae</strong></span> <span class='ocrx_word' id='word_1_682' title='bbox 2382 4835 2548 4894; x_wconf 87' lang='lat' dir='ltr'><strong>atque</strong></span> <span class='ocrx_word' id='word_1_683' title='bbox 2573 4826 2798 4896; x_wconf 72' lang='lat' dir='ltr'><strong>integra:</strong></span> <span class='ocrx_word' id='word_1_684' title='bbox 2824 4824 3068 4880; x_wconf 63' lang='lat' dir='ltr'><strong>historiae</strong></span> <span class='ocrx_word' id='word_1_685' title='bbox 3107 4825 3330 4880; x_wconf 89' lang='lat' dir='ltr'><strong>minime</strong></span> <span class='ocrx_word' id='word_1_686' title='bbox 3371 4839 3508 4880; x_wconf 87' lang='lat' dir='ltr'><strong>con-</strong></span> 
     </span>
    </p>
   </div>
   <div class='ocr_carea' id='block_1_99' title="bbox 1505 4970 2191 5028">
    <p class='ocr_par' dir='ltr' id='par_1_99' title="bbox 1505 4970 2191 5028">
     <span class='ocr_line' id='line_1_99' title="bbox 1505 4970 2191 5028; baseline 0.007 -6"><span class='ocrx_word' id='word_1_687' title='bbox 1505 4971 1742 5028; x_wconf 67' lang='lat' dir='ltr'><strong>VARIAE</strong></span> <span class='ocrx_word' id='word_1_688' title='bbox 1780 4970 2191 5028; x_wconf 83' lang='lat' dir='ltr'><strong>LECTIONES.</strong></span> 
     </span>
    </p>
   </div>
   <div class='ocr_carea' id='block_1_100' title="bbox 293 5083 2912 5160">
    <p class='ocr_par' dir='ltr' id='par_1_100' title="bbox 293 5083 2912 5160">
     <span class='ocr_line' id='line_1_100' title="bbox 293 5083 2912 5160; baseline -0.001 -20"><span class='ocrx_word' id='word_1_689' title='bbox 293 5089 355 5160; x_wconf 82' lang='lat'><strong>&quot;_</strong></span> <span class='ocrx_word' id='word_1_690' title='bbox 384 5085 801 5160; x_wconf 33' lang='grc' dir='ltr'>Ἀρειανῷμςη</span> <span class='ocrx_word' id='word_1_691' title='bbox 859 5087 906 5160; x_wconf 55' lang='grc' dir='ltr'><strong>ξ’</strong></span> <span class='ocrx_word' id='word_1_692' title='bbox 931 5088 1372 5160; x_wconf 19' lang='grc' dir='ltr'>βοειγρᾴφωνλὶη</span> <span class='ocrx_word' id='word_1_693' title='bbox 1406 5088 1447 5160; x_wconf 85' lang='lat' dir='ltr'><strong>A_</strong></span> <span class='ocrx_word' id='word_1_694' title='bbox 1479 5102 1671 5160; x_wconf 84' lang='lat' dir='ltr'><strong>versus</strong></span> <span class='ocrx_word' id='word_1_695' title='bbox 1721 5086 1909 5160; x_wconf 74' lang='lat' dir='ltr'><strong>viginti</strong></span> <span class='ocrx_word' id='word_1_696' title='bbox 1939 5087 2047 5160; x_wconf 77' lang='lat' dir='ltr'><strong>duo</strong></span> <span class='ocrx_word' id='word_1_697' title='bbox 2080 5101 2254 5160; x_wconf 73' lang='lat' dir='ltr'><strong>vacui.</strong></span> <span class='ocrx_word' id='word_1_698' title='bbox 2329 5083 2815 5160; x_wconf 51' lang='lat' dir='ltr'><strong>&quot;oliuapvacéw;</strong></span> <span class='ocrx_word' id='word_1_699' title='bbox 2850 5100 2912 5160; x_wconf 74' lang='lat' dir='ltr'><strong>g_.</strong></span> 
     </span>
    </p>
   </div>
   <div class='ocr_carea' id='block_1_101' title="bbox 220 5156 2076 5229">
    <p class='ocr_par' dir='ltr' id='par_1_101' title="bbox 220 5156 2076 5229">
     <span class='ocr_line' id='line_1_101' title="bbox 220 5156 2076 5229; baseline -0.001 -17"><span class='ocrx_word' id='word_1_700' title='bbox 220 5157 425 5227; x_wconf 77' lang='grc' dir='ltr'>Τροίας</span> <span class='ocrx_word' id='word_1_701' title='bbox 450 5156 514 5221; x_wconf 77' lang='grc' dir='ltr'>ς.</span> <span class='ocrx_word' id='word_1_702' title='bbox 591 5156 641 5229; x_wconf 49' lang='grc' dir='ltr'><strong>ξο</strong></span> <span class='ocrx_word' id='word_1_703' title='bbox 680 5157 802 5229; x_wconf 79' lang='lat' dir='ltr'><strong>libri</strong></span> <span class='ocrx_word' id='word_1_704' title='bbox 832 5156 1066 5229; x_wconf 71' lang='grc' dir='ltr'>οἴκησιν.</span> <span class='ocrx_word' id='word_1_705' title='bbox 1107 5156 1185 5229; x_wconf 54' lang='lat'><strong>&#39;9‘</strong></span> <span class='ocrx_word' id='word_1_706' title='bbox 1228 5156 1450 5229; x_wconf 83' lang='grc' dir='ltr'>Ῥέμουί</span> <span class='ocrx_word' id='word_1_707' title='bbox 1477 5157 1660 5228; x_wconf 82' lang='grc' dir='ltr'>ῥώμου</span> <span class='ocrx_word' id='word_1_708' title='bbox 1707 5172 1853 5212; x_wconf 88' lang='lat' dir='ltr'><strong>corr.</strong></span> <span class='ocrx_word' id='word_1_709' title='bbox 1886 5159 1952 5211; x_wconf 89' lang='lat' dir='ltr'><strong>A.</strong></span> <span class='ocrx_word' id='word_1_710' title='bbox 2029 5157 2076 5188; x_wconf 76' lang='grc'><strong>⁸³</strong></span> 
     </span>
    </p>
   </div>
   <div class='ocr_carea' id='block_1_102' title="bbox 221 5226 1404 5300">
    <p class='ocr_par' dir='ltr' id='par_1_102' title="bbox 221 5226 1404 5300">
     <span class='ocr_line' id='line_1_102' title="bbox 221 5226 1404 5300; baseline 0.002 -18"><span class='ocrx_word' id='word_1_711' title='bbox 221 5226 546 5300; x_wconf 65' lang='grc' dir='ltr'>κρυμμὲνον</span> <span class='ocrx_word' id='word_1_712' title='bbox 575 5227 642 5281; x_wconf 82' lang='grc' dir='ltr'><strong>Α.</strong></span> <span class='ocrx_word' id='word_1_713' title='bbox 717 5226 766 5260; x_wconf 82' lang='grc'><strong>⁸⁸</strong></span> <span class='ocrx_word' id='word_1_714' title='bbox 815 5229 914 5298; x_wconf 79' lang='grc' dir='ltr'>μὲν</span> <span class='ocrx_word' id='word_1_715' title='bbox 945 5226 1318 5300; x_wconf 70' lang='grc' dir='ltr'>’κομψότερος</span> <span class='ocrx_word' id='word_1_716' title='bbox 1340 5245 1404 5292; x_wconf 76' lang='grc' dir='ltr'><strong>ς’.</strong></span> 
     </span>
    </p>
   </div>
   <div class='ocr_carea' id='block_1_103' title="bbox 3006 5077 3507 5152">
    <p class='ocr_par' dir='ltr' id='par_1_103' title="bbox 3006 5077 3507 5152">
     <span class='ocr_line' id='line_1_103' title="bbox 3006 5077 3507 5152; baseline -0.006 -18"><span class='ocrx_word' id='word_1_717' title='bbox 3006 5083 3052 5114; x_wconf 82' lang='grc'><strong>⁷⁹</strong></span> <span class='ocrx_word' id='word_1_718' title='bbox 3087 5081 3224 5152; x_wconf 25' lang='grc' dir='ltr'>με,τά</span> <span class='ocrx_word' id='word_1_719' title='bbox 3265 5079 3370 5152; x_wconf 32' lang='grc' dir='ltr'>τὴν.</span> <span class='ocrx_word' id='word_1_720' title='bbox 3399 5077 3507 5145; x_wconf 84' lang='grc' dir='ltr'>τῆς</span> 
     </span>
    </p>
   </div>
   <div class='ocr_carea' id='block_1_104' title="bbox 2133 5149 3505 5226">
    <p class='ocr_par' dir='ltr' id='par_1_104' title="bbox 2133 5149 3505 5226">
     <span class='ocr_line' id='line_1_104' title="bbox 2133 5149 3505 5226; baseline -0.004 -18"><span class='ocrx_word' id='word_1_721' title='bbox 2133 5157 2486 5226; x_wconf 75' lang='grc' dir='ltr'>ἐνεστηκότος</span> <span class='ocrx_word' id='word_1_722' title='bbox 2513 5149 2685 5226; x_wconf 71' lang='grc' dir='ltr'>αύτῆς</span> <span class='ocrx_word' id='word_1_723' title='bbox 2731 5173 2794 5220; x_wconf 84' lang='grc' dir='ltr'>ς.</span> <span class='ocrx_word' id='word_1_724' title='bbox 2887 5154 2934 5186; x_wconf 86' lang='grc'><strong>⁸³</strong></span> <span class='ocrx_word' id='word_1_725' title='bbox 2952 5169 3014 5206; x_wconf 83' lang='grc' dir='ltr'><strong>τε</strong></span> <span class='ocrx_word' id='word_1_726' title='bbox 3047 5149 3171 5207; x_wconf 82' lang='lat' dir='ltr'><strong>add.</strong></span> <span class='ocrx_word' id='word_1_727' title='bbox 3196 5155 3262 5205; x_wconf 85' lang='lat' dir='ltr'><strong>A.</strong></span> <span class='ocrx_word' id='word_1_728' title='bbox 3322 5149 3386 5197; x_wconf 17' lang='lat' dir='ltr'><strong>I“.</strong></span> <span class='ocrx_word' id='word_1_729' title='bbox 3413 5165 3505 5202; x_wconf 86' lang='grc' dir='ltr'>κε-</span> 
     </span>
    </p>
   </div>
   <div class='ocr_carea' id='block_1_105' title="bbox 1777 5318 2012 5376">
    <p class='ocr_par' dir='ltr' id='par_1_105' title="bbox 1777 5318 2012 5376">
     <span class='ocr_line' id='line_1_105' title="bbox 1777 5318 2012 5376; baseline -0.004 -1"><span class='ocrx_word' id='word_1_730' title='bbox 1777 5318 2012 5376; x_wconf 65' lang='lat' dir='ltr'><strong>NOTAE.</strong></span> 
     </span>
    </p>
   </div>
   <div class='ocr_carea' id='block_1_106' title="bbox 301 5417 1818 5486">
    <p class='ocr_par' dir='ltr' id='par_1_106' title="bbox 301 5417 1818 5486">
     <span class='ocr_line' id='line_1_106' title="bbox 301 5417 1818 5486; baseline -0.001 -12"><span class='ocrx_word' id='word_1_731' title='bbox 301 5417 418 5484; x_wconf 84' lang='lat'><strong>(80)</strong></span> <span class='ocrx_word' id='word_1_732' title='bbox 455 5417 720 5474; x_wconf 89' lang='lat' dir='ltr'><strong>Undecim</strong></span> <span class='ocrx_word' id='word_1_733' title='bbox 755 5417 920 5473; x_wconf 92' lang='lat' dir='ltr'><strong>hodie</strong></span> <span class='ocrx_word' id='word_1_734' title='bbox 941 5418 1203 5472; x_wconf 83' lang='lat' dir='ltr'><strong>duntaxat</strong></span> <span class='ocrx_word' id='word_1_735' title='bbox 1226 5418 1500 5485; x_wconf 87' lang='lat' dir='ltr'><strong>leguntur.</strong></span> <span class='ocrx_word' id='word_1_736' title='bbox 1533 5417 1668 5473; x_wconf 80' lang='lat' dir='ltr'><strong>Vide</strong></span> <span class='ocrx_word' id='word_1_737' title='bbox 1698 5434 1818 5486; x_wconf 65' lang='lat' dir='ltr'><strong>qua:</strong></span> 
     </span>
    </p>
   </div>
   <div class='ocr_carea' id='block_1_107' title="bbox 225 5489 1818 5559">
    <p class='ocr_par' dir='ltr' id='par_1_107' title="bbox 225 5489 1818 5559">
     <span class='ocr_line' id='line_1_107' title="bbox 225 5489 1818 5559; baseline 0 -17"><span class='ocrx_word' id='word_1_738' title='bbox 225 5489 294 5559; x_wconf 66' lang='lat' dir='ltr'><strong>de</strong></span> <span class='ocrx_word' id='word_1_739' title='bbox 333 5489 434 5542; x_wconf 85' lang='lat' dir='ltr'><strong>hoc.</strong></span> <span class='ocrx_word' id='word_1_740' title='bbox 486 5489 762 5558; x_wconf 84' lang='lat' dir='ltr'><strong>scriptore</strong></span> <span class='ocrx_word' id='word_1_741' title='bbox 808 5497 920 5542; x_wconf 92' lang='lat' dir='ltr'><strong>toto</strong></span> <span class='ocrx_word' id='word_1_742' title='bbox 961 5505 974 5542; x_wconf 87' lang='grc' dir='ltr'><strong>ι</strong></span> <span class='ocrx_word' id='word_1_743' title='bbox 1053 5489 1196 5559; x_wconf 75' lang='lat' dir='ltr'><strong>libro</strong></span> <span class='ocrx_word' id='word_1_744' title='bbox 1237 5504 1525 5554; x_wconf 90' lang='lat' dir='ltr'><strong>operarum</strong></span> <span class='ocrx_word' id='word_1_745' title='bbox 1582 5489 1818 5559; x_wconf 89' lang='lat' dir='ltr'><strong>prodidit</strong></span> 
     </span>
    </p>
   </div>
   <div class='ocr_carea' id='block_1_108' title="bbox 225 5556 1817 5629">
    <p class='ocr_par' dir='ltr' id='par_1_108' title="bbox 225 5556 1817 5629">
     <span class='ocr_line' id='line_1_108' title="bbox 225 5556 1817 5629; baseline 0.003 -19"><span class='ocrx_word' id='word_1_746' title='bbox 225 5557 371 5629; x_wconf 71' lang='lat' dir='ltr'><strong>ﬂeo.</strong></span> <span class='ocrx_word' id='word_1_747' title='bbox 403 5556 684 5628; x_wconf 48' lang='lat' dir='ltr'><strong>Steprin</strong></span> <span class='ocrx_word' id='word_1_748' title='bbox 717 5559 851 5629; x_wconf 77' lang='lat' dir='ltr'><strong>edit.</strong></span> <span class='ocrx_word' id='word_1_749' title='bbox 901 5559 1123 5629; x_wconf 85' lang='lat' dir='ltr'><strong>Dionys.</strong></span> <span class='ocrx_word' id='word_1_750' title='bbox 1173 5556 1546 5629; x_wconf 85' lang='lat' dir='ltr'><strong>Lugdunensi.</strong></span> <span class='ocrx_word' id='word_1_751' title='bbox 1582 5556 1726 5616; x_wconf 20' lang='lat' dir='ltr'><strong>IVide</strong></span> <span class='ocrx_word' id='word_1_752' title='bbox 1761 5571 1817 5615; x_wconf 89' lang='lat' dir='ltr'><strong>et</strong></span> 
     </span>
    </p>
   </div>
   <div class='ocr_carea' id='block_1_109' title="bbox 229 5627 1127 5685">
    <p class='ocr_par' dir='ltr' id='par_1_109' title="bbox 229 5627 1127 5685">
     <span class='ocr_line' id='line_1_109' title="bbox 229 5627 1127 5685; baseline -0.001 0"><span class='ocrx_word' id='word_1_753' title='bbox 229 5627 589 5685; x_wconf 79' lang='lat' dir='ltr'><strong>Francofurd.</strong></span> <span class='ocrx_word' id='word_1_754' title='bbox 616 5630 751 5685; x_wconf 89' lang='lat' dir='ltr'><strong>edit.</strong></span> <span class='ocrx_word' id='word_1_755' title='bbox 783 5627 1127 5684; x_wconf 67' lang='lat' dir='ltr'><strong>Gnaeo-Lat.</strong></span> 
     </span>
    </p>
   </div>
   <div class='ocr_carea' id='block_1_110' title="bbox 307 5698 1819 5767">
    <p class='ocr_par' dir='ltr' id='par_1_110' title="bbox 307 5698 1819 5767">
     <span class='ocr_line' id='line_1_110' title="bbox 307 5698 1819 5767; baseline -0.001 -9"><span class='ocrx_word' id='word_1_756' title='bbox 307 5699 418 5764; x_wconf 81' lang='lat'><strong>(8|)</strong></span> <span class='ocrx_word' id='word_1_757' title='bbox 445 5698 514 5756; x_wconf 89' lang='lat' dir='ltr'><strong>Ut</strong></span> <span class='ocrx_word' id='word_1_758' title='bbox 542 5709 597 5756; x_wconf 88' lang='lat' dir='ltr'><strong>et</strong></span> <span class='ocrx_word' id='word_1_759' title='bbox 614 5701 848 5767; x_wconf 83' lang='lat' dir='ltr'><strong>Appian.</strong></span> <span class='ocrx_word' id='word_1_760' title='bbox 873 5699 1134 5754; x_wconf 76' lang='lat' dir='ltr'><strong>Alexaud.</strong></span> <span class='ocrx_word' id='word_1_761' title='bbox 1161 5700 1282 5755; x_wconf 92' lang='lat' dir='ltr'><strong>cod.</strong></span> <span class='ocrx_word' id='word_1_762' title='bbox 1307 5701 1396 5766; x_wconf 85' lang='lat'><strong>57,</strong></span> <span class='ocrx_word' id='word_1_763' title='bbox 1417 5711 1474 5758; x_wconf 91' lang='lat' dir='ltr'><strong>et</strong></span> <span class='ocrx_word' id='word_1_764' title='bbox 1495 5702 1621 5758; x_wconf 83' lang='lat' dir='ltr'><strong>Sex.</strong></span> <span class='ocrx_word' id='word_1_765' title='bbox 1643 5703 1819 5756; x_wconf 86' lang='lat' dir='ltr'><strong>Aure-</strong></span> 
     </span>
    </p>
   </div>
   <div class='ocr_carea' id='block_1_111' title="bbox 231 5767 1813 5842">
    <p class='ocr_par' dir='ltr' id='par_1_111' title="bbox 231 5767 1813 5842">
     <span class='ocr_line' id='line_1_111' title="bbox 231 5767 1813 5842; baseline 0.003 -16"><span class='ocrx_word' id='word_1_766' title='bbox 231 5767 349 5826; x_wconf 80' lang='lat' dir='ltr'><strong>lius</strong></span> <span class='ocrx_word' id='word_1_767' title='bbox 374 5768 554 5828; x_wconf 82' lang='lat' dir='ltr'><strong>Victor</strong></span> <span class='ocrx_word' id='word_1_768' title='bbox 586 5771 647 5826; x_wconf 87' lang='lat' dir='ltr'><strong>in</strong></span> <span class='ocrx_word' id='word_1_769' title='bbox 669 5770 882 5842; x_wconf 78' lang='lat' dir='ltr'><strong>origine</strong></span> <span class='ocrx_word' id='word_1_770' title='bbox 903 5771 1077 5842; x_wconf 80' lang='lat' dir='ltr'><strong>gentis</strong></span> <span class='ocrx_word' id='word_1_771' title='bbox 1111 5771 1270 5828; x_wconf 77' lang='lat' dir='ltr'><strong>Rom.</strong></span> <span class='ocrx_word' id='word_1_772' title='bbox 1317 5771 1470 5830; x_wconf 88' lang='lat' dir='ltr'><strong>Dion.</strong></span> <span class='ocrx_word' id='word_1_773' title='bbox 1503 5772 1632 5826; x_wconf 83' lang='lat' dir='ltr'><strong>item</strong></span> <span class='ocrx_word' id='word_1_774' title='bbox 1679 5772 1813 5830; x_wconf 72' lang='lat' dir='ltr'><strong>Cas-</strong></span> 
     </span>
    </p>
   </div>
   <div class='ocr_carea' id='block_1_112' title="bbox 1919 5418 2508 5486">
    <p class='ocr_par' dir='ltr' id='par_1_112' title="bbox 1919 5418 2508 5486">
     <span class='ocr_line' id='line_1_112' title="bbox 1919 5418 2508 5486; baseline -0.002 -14"><span class='ocrx_word' id='word_1_775' title='bbox 1919 5419 2034 5473; x_wconf 87' lang='lat' dir='ltr'><strong>sius</strong></span> <span class='ocrx_word' id='word_1_776' title='bbox 2060 5433 2223 5486; x_wconf 85' lang='lat' dir='ltr'><strong>supra</strong></span> <span class='ocrx_word' id='word_1_777' title='bbox 2258 5419 2382 5474; x_wconf 91' lang='lat' dir='ltr'><strong>cod.</strong></span> <span class='ocrx_word' id='word_1_778' title='bbox 2420 5418 2508 5474; x_wconf 79' lang='lat' dir='ltr'><strong>7i.</strong></span> 
     </span>
    </p>
   </div>
   <div class='ocr_carea' id='block_1_113' title="bbox 1993 5484 3499 5556">
    <p class='ocr_par' dir='ltr' id='par_1_113' title="bbox 1993 5484 3499 5556">
     <span class='ocr_line' id='line_1_113' title="bbox 1993 5484 3499 5556; baseline 0.001 -15"><span class='ocrx_word' id='word_1_779' title='bbox 1993 5489 2110 5556; x_wconf 72' lang='grc'><strong>(82)</strong></span> <span class='ocrx_word' id='word_1_780' title='bbox 2132 5484 2274 5543; x_wconf 87' lang='lat' dir='ltr'><strong>Idem</strong></span> <span class='ocrx_word' id='word_1_781' title='bbox 2297 5491 2362 5544; x_wconf 89' lang='lat' dir='ltr'><strong>de</strong></span> <span class='ocrx_word' id='word_1_782' title='bbox 2385 5504 2442 5542; x_wconf 90' lang='lat' dir='ltr'><strong>se</strong></span> <span class='ocrx_word' id='word_1_783' title='bbox 2464 5489 2606 5543; x_wconf 81' lang='lat' dir='ltr'><strong>Plut.</strong></span> <span class='ocrx_word' id='word_1_784' title='bbox 2634 5497 2863 5541; x_wconf 90' lang='lat' dir='ltr'><strong>testatur</strong></span> <span class='ocrx_word' id='word_1_785' title='bbox 2882 5484 3036 5540; x_wconf 92' lang='lat' dir='ltr'><strong>initio</strong></span> <span class='ocrx_word' id='word_1_786' title='bbox 3056 5484 3499 5556; x_wconf 24' lang='lat' dir='ltr'><strong>VitaeADemosth.</strong></span> 
     </span>
    </p>
   </div>
   <div class='ocr_carea' id='block_1_114' title="bbox 1916 5553 3226 5621">
    <p class='ocr_par' dir='ltr' id='par_1_114' title="bbox 1916 5553 3226 5621">
     <span class='ocr_line' id='line_1_114' title="bbox 1916 5553 3226 5621; baseline -0.005 -6"><span class='ocrx_word' id='word_1_787' title='bbox 1916 5569 1969 5616; x_wconf 89' lang='lat' dir='ltr'><strong>et</strong></span> <span class='ocrx_word' id='word_1_788' title='bbox 2001 5553 2069 5613; x_wconf 77' lang='lat' dir='ltr'><strong>de</strong></span> <span class='ocrx_word' id='word_1_789' title='bbox 2093 5553 2344 5615; x_wconf 83' lang='lat' dir='ltr'><strong>Diodoro</strong></span> <span class='ocrx_word' id='word_1_790' title='bbox 2374 5559 2557 5613; x_wconf 76' lang='lat' dir='ltr'><strong>Sirqu</strong></span> <span class='ocrx_word' id='word_1_791' title='bbox 2589 5558 2814 5613; x_wconf 82' lang='lat' dir='ltr'><strong>Photius</strong></span> <span class='ocrx_word' id='word_1_792' title='bbox 2843 5571 2963 5621; x_wconf 88' lang='lat' dir='ltr'><strong>sup.</strong></span> <span class='ocrx_word' id='word_1_793' title='bbox 2999 5555 3119 5609; x_wconf 87' lang='lat' dir='ltr'><strong>cod.</strong></span> <span class='ocrx_word' id='word_1_794' title='bbox 3157 5553 3226 5610; x_wconf 86' lang='lat'><strong>70</strong></span> 
     </span>
    </p>
   </div>
   <div class='ocr_carea' id='block_1_115' title="bbox 1994 5626 3503 5702">
    <p class='ocr_par' dir='ltr' id='par_1_115' title="bbox 1994 5626 3503 5702">
     <span class='ocr_line' id='line_1_115' title="bbox 1994 5626 3503 5702; baseline -0.001 -17"><span class='ocrx_word' id='word_1_795' title='bbox 1994 5631 2111 5702; x_wconf 9' lang='lat'><strong>(85),</strong></span> <span class='ocrx_word' id='word_1_796' title='bbox 2137 5630 2213 5684; x_wconf 89' lang='lat' dir='ltr'><strong>De</strong></span> <span class='ocrx_word' id='word_1_797' title='bbox 2275 5629 2592 5702; x_wconf 85' lang='lat' dir='ltr'><strong>quallenr.</strong></span> <span class='ocrx_word' id='word_1_798' title='bbox 2649 5628 2842 5698; x_wconf 86' lang='lat' dir='ltr'><strong>Steph.</strong></span> <span class='ocrx_word' id='word_1_799' title='bbox 2902 5639 3024 5696; x_wconf 86' lang='lat' dir='ltr'><strong>cap.</strong></span> <span class='ocrx_word' id='word_1_800' title='bbox 3068 5626 3245 5684; x_wconf 82' lang='lat' dir='ltr'><strong>5et7</strong></span> <span class='ocrx_word' id='word_1_801' title='bbox 3319 5643 3503 5698; x_wconf 63' lang='lat' dir='ltr'><strong>opere</strong></span> 
     </span>
    </p>
   </div>
   <div class='ocr_carea' id='block_1_116' title="bbox 1914 5701 2576 5773">
    <p class='ocr_par' dir='ltr' id='par_1_116' title="bbox 1914 5701 2576 5773">
     <span class='ocr_line' id='line_1_116' title="bbox 1914 5701 2576 5773; baseline -0.006 -13"><span class='ocrx_word' id='word_1_802' title='bbox 1914 5717 2070 5760; x_wconf 71' lang='lat' dir='ltr'><strong>suaet</strong></span> <span class='ocrx_word' id='word_1_803' title='bbox 2101 5701 2160 5759; x_wconf 78' lang='lat' dir='ltr'><strong>in</strong></span> <span class='ocrx_word' id='word_1_804' title='bbox 2185 5703 2327 5758; x_wconf 91' lang='lat' dir='ltr'><strong>hunc</strong></span> <span class='ocrx_word' id='word_1_805' title='bbox 2351 5701 2576 5773; x_wconf 77' lang='lat' dir='ltr'><strong>Dionys.</strong></span> 
     </span>
    </p>
   </div>
  </div>
