3942 6234
430 304 535 372 291

1587 300 1855 364 ΡΗΟΤΙΙ
1891 297 2408 365 PATRIARCH/E
2447 298 2558 362 (ΞΡ.

3613 288 3721 356 292

436 431 638 495 gestas,
658 417 816 475 libris
845 418 959 491 (96)
978 418 1171 475 tribus.
1200 415 1388 472 Refert
1419 424 1608 471 auctor
1637 415 1858 472 Hosium
1889 415 2020 470 Cor-

2127 413 2307 484 τύπῳ,
2335 413 2410 468 Τὰ
2425 411 2578 466 κατὰ
2595 409 2708 480 τὴν
2733 409 2802 463 ἐν
2821 409 3036 476 Nomia
3057 407 3326 462 σύνοδον
3346 407 3716 477 πραχθέντα·

458 516 612 570 dubae
639 515 811 584 episc.
844 525 899 568 et
928 513 1175 566 Bitonem
1211 510 1324 579 (97)
1353 519 1516 578 atque
1543 507 1883 563 Vincentium
1917 505 2026 560 Ro-

446 621 646 662 manos
677 607 1010 670 sacerdotes,
1041 603 1285 658 Silvestri
1313 601 1542 656 Romani
1579 600 1850 669 pontificis
1879 599 2026 668 lega-

440 711 544 766 tos,
581 699 840 763 adfuisse,
892 699 1063 766 ipsum
1105 709 1321 766 quoque
1370 695 1706 750 Eustathium
1733 691 2028 746 Antioche-

443 809 569 845 num
629 790 1019 860 patriarcham,
1081 797 1137 841 et
1194 789 1564 843 Alexandrum
1647 784 2020 856 presbyterum

444 886 816 955 MetrOphauis
877 880 1468 952 Constantinopolitani
1511 881 1780 948 legatum;
1849 890 2023 945 neque

437 980 584 1038 enim
629 979 738 1043 hic,
789 987 950 1031 aelate
982 976 1265 1032 confectus
1311 974 1689 1043 (centesimum
1723 971 2024 1026 excedebat

447 1071 694 1139 annum),
721 1069 912 1122 adesse
933 1078 1169 1137 poterat.
1191 1065 1439 1121 Adfuisse
1460 1065 1888 1119 etAIexandrum
1908 1062 2020 1134 (98)

443 1161 788 1216 Alexandriae
845 1163 1170 1225 antistitem,
1225 1177 1329 1214 una
1389 1175 1511 1214 cum
1551 1158 1870 1221 Athanasio,
1928 1157 2020 1226 qui

436 1271 558 1328 post
617 1257 780 1311 etiam
815 1257 865 1311 ei
927 1257 979 1310 in
1029 1257 1344 1325 episcopatu
1399 1253 1702 1307 successit:
1731 1261 1786 1306 et
1827 1263 2023 1322 praeter

435 1366 530 1405 eos
574 1350 736 1422 69b
779 1349 1075 1404 Macarium
1131 1346 1631 1416 Hierosolymorum
1703 1345 2013 1416 prtesulem.

435 1457 557 1494 cum
592 1457 783 1512 magna
845 1451 1107 1509 praeterea
1153 1439 1530 1508 episcopormn
1565 1452 1630 1491 ac
1670 1438 2018 1490 sacerdotum

437 1533 802 1586 multitudine.
860 1530 1118 1585 lndictam
1171 1541 1352 1583 autem
1406 1531 1671 1599 synodum
1732 1535 2018 1589 memorat,

433 1641 581 1680 anno
645 1627 859 1680 decimo
912 1635 1068 1680 sexto
1095 1623 1210 1694 (99)
1242 1623 1452 1690 imperii
1480 1622 1858 1684 Constantini;
1916 1621 2020 1673 du-

434 1731 695 1787 rasseque
754 1719 999 1771 aetiones
1044 1716 1161 1783 ejus
1208 1717 1273 1768 ad
1308 1730 1480 1784 usque
1507 1714 1749 1782 ejusdem
1784 1713 2014 1781 primum

435 1816 488 1862 et
531 1809 845 1861 vicesimum
901 1821 1100 1860 animm
1138 1821 1262 1860 cum
1313 1805 1592 1868 semestri,
1648 1814 1705 1858 ut
1759 1805 2013 1859 nimirqu

433 1914 526 1955 sex
554 1900 630 1970 (l)
655 1902 797 1970 ipsos
827 1915 999 1954 annos
1023 1897 1043 1970 [
1070 1897 1258 1954 Patres
1285 1896 1699 1971 leonsederint.

502 2077 867 2132 Exturhatum
922 2075 996 2130 ibi
1054 2074 1222 2130 refert
1271 2075 1482 2139 Arium,
1537 2082 1594 2129 et
1648 2073 2016 2128 anathematis

432 2169 657 2222 fultuine
681 2168 956 2222 confixum
977 2207 994 2230 ,
1039 2169 1134 2221 sed
1165 2167 1289 2221 inde
1328 2167 1520 2220 iterum
1544 2174 1799 2220 conatum
1845 2167 2017 2234 impe-

433 2273 577 2315 trare
606 2261 990 2316 admissionem
1011 2301 1028 2328 ,
1065 2258 1401 2314 tentautibus
1429 2259 1479 2312 id
1505 2273 1876 2327 sapenumero
1899 2258 2014 2313 Eu-

431 2353 584 2408 sebio
613 2353 1010 2409 Nicomediensi
1063 2359 1312 2422 praesule,
1351 2364 1405 2406 et
1439 2351 1665 2406 Eutocio
1699 2351 1775 2423 (Ξ)
1806 2353 2014 2408 Ariano

431 2447 750 2519 presbytero
796 2447 1068 2512 ordinato,
1120 2461 1280 2514 quem
1327 2445 1710 2515 posteriorem,
1773 2447 2014 2500 animam

433 2553 601 2608 agetis
629 2539 948 2594 Constantia
983 2541 1334 2608 imperatoris
1351 2556 1527 2608 soror,
1550 2541 1705 2597 fratri
1730 2558 2014 2597 counnen-

432 2633 609 2687 darat.
657 2631 855 2686 Verum
895 2632 997 2688 etsi
1039 2633 1228 2686 Arium
1281 2634 1368 2687 isti
1416 2634 1468 2687 in
1501 2633 1802 2689 Ecclesiam
1859 2636 2017 2688 redu-

431 2738 560 2776 cere
591 2723 772 2776 conati
811 2723 1037 2785 fuerint,
1081 2739 1186 2776 nnu
1218 2724 1532 2792 permisisse
1560 2735 1740 2777 tamen
1774 2724 2014 2777 divinam

433 2813 713 2881 ultionem,
737 2816 948 2868 hostem
981 2816 1124 2868 hunc
1147 2815 1403 2871 Ecclesia:
1422 2833 1534 2871 sua:
1553 2819 1752 2886 templo
1772 2819 2015 2870 sanctio-

435 2909 590 2976 rique
623 2906 785 2978 adyto
845 2907 1104 2960 insultare
1161 2908 1289 2960 dum
1323 2908 1427 2960 lata
1471 2911 1521 2962 in
1567 2923 1688 2962 eum
1719 2909 2014 2970 sententia,

436 2999 489 3054 in
536 3000 752 3054 latrinis
794 2999 965 3053 voluit
1015 3006 1182 3054 vitam
1234 3003 1536 3055 terminare
1580 3000 1770 3055 eodem
1809 3001 1898 3055 illo
1932 3001 2019 3053 die

2129 504 2286 575 τόμοι
2324 504 2382 556 δὲ
2412 502 2472 556 τὸ
2501 499 2706 572 βιϐλίον
2728 503 2748 533 ³
2785 502 2956 571 τρεῖς.
2990 501 3154 568 Λέγει
3186 498 3242 552 δὲ
3273 498 3364 551 τὸν
3390 501 3490 568 μὲν
3525 498 3718 552 ’Ὀσιον

2127 596 2222 650 τὸν
2256 595 2352 650 τοῦ
2387 593 2739 666 Κουδρούϐης
2773 592 2900 666 [208
2922 591 3014 665 R.]
3038 593 3132 646 καὶ
3163 591 3370 646 Βίτωνα
3392 592 3488 644 καὶ
3526 592 3719 644 Βικέν·

2126 707 2279 756 τιον,
2319 687 2668 758 Ῥωμαῖκοὺς
2693 689 2907 760 ίερέας,
2951 688 3014 740 ἐκ
3060 685 3352 758 προσώπου
3388 684 3718 756 Σιλϐέστρου

2130 781 2226 836 τοῦ
2277 780 2498 852 Ῥώμης
2527 783 2780 852 παρεῖναι
2806 819 2820 841 ,
2855 778 3152 833 Εὑστάθιον
3179 779 3234 832 δέ
3252 779 3344 832 τὸν
3374 777 3718 848 Ἀντιοχείας

2127 873 2290 928 αὐτὸν
2329 876 2536 927 ἐκεῖνον
2568 912 2584 936 ,
2631 872 2978 942 Ἀλέξανδρον
2997 911 3014 937 ,
3049 871 3107 934 ὃς
3135 872 3257 924 τότε
3279 879 3302 911 ι
3333 871 3716 942 πρεσϐυτέρου

2124 967 2343 1036 ἀξίωμα
2369 963 2546 1038 εἶχεν,
2579 968 2660 1031 εἰς
2695 967 2988 1038 πρόσωπον
3018 965 3148 1018 τοῦ¹⁵
3180 962 3714 1019 Κωνσταντινουπόο

2123 1063 2261 1126 λεως
2289 1062 2689 1133 Μητροφάνους
2719 1063 2978 1132 παρεῖναι
3009 1076 3022 1090 ·
3053 1061 3260 1123 ἐκεῖνος
3304 1059 3414 1128 γὰρ
3438 1056 3716 1110 ἐκωλύετο

2127 1155 2420 1226 βαθυτάτῳ
2457 1156 2634 1224 γήρᾳ,
2664 1154 2787 1206 ἐπεὶ
2813 1153 2964 1222 αὐτῷ
3000 1153 3028 1205 ὁ
3054 1152 3244 1222 χρόνος
3285 1150 3380 1204 τοῦ
3413 1150 3531 1220 βίου
3565 1148 3714 1218 ὑπὲρ

2127 1246 2197 1299 τὰ
2225 1245 2424 1298 ἑκατὸν
2458 1244 2796 1310 ἐξετείνετο⁰
2825 1243 2941 1313 ἔτη.
2990 1235 3366 1312 Συμπαρεῖναι
3397 1240 3491 1293 καὶ
3531 1237 3716 1303 Ἀλέξ-

2123 1339 2316 1410 ανδρον
2348 1339 2440 1391 τὸν
2484 1337 2885 1408 Ἀλεξανδρείας
2915 1335 3033 1407 ἅμα
3074 1334 3384 1404 Ἀθανασίῳ
3407 1372 3423 1396 ,
3453 1333 3512 1396 ὃς
3545 1331 3715 1384 ὔστε-

2128 1447 2219 1502 ρον
2244 1431 2337 1484 καὶ
2359 1430 2600 1500 διάδοχος
2626 1429 2719 1482 τοῦ
2745 1429 2936 1500 θρόνου
2960 1427 3354 1497 κατέστη.Ἔτι
3373 1425 3429 1479 δὲ
3449 1427 3713 1494 παρεῖναι

2123 1523 2219 1577 κα)⁵
2267 1523 2360 1577 τὸν
2416 1521 2806 1594 Ἰεροσολύμων
2861 1520 3146 1590 Μακάριον
3183 1520 3278 1573 καὶ
3329 1519 3456 1573 ἄλλο
3505 1518 3712 1587 πλῆθος

2121 1616 2426 1688 ἀρχιερέων
2471 1618 2566 1668 καὶ
2595 1616 2806 1686 ίερέων.
2853 1613 3304 1684 Συγκροτηθῆναι
3341 1612 3397 1665 δέ
3439 1628 3575 1681 φησι
3609 1611 3710 1677 τὴν

2125 1709 2344 1762 σύνοδον
2380 1707 2782 1776 έξκαιδεκάτῳτ
2821 1705 2931 1758 ἔτει
2959 1707 3058 1774 τῆς
3089 1702 3508 1758 Κωνσταντίνου
3539 1701 3704 1771 βασι-

2119 1801 2306 1864 λείας,
2349 1799 2732 1870 παραταθῆναι
2781 1798 2838 1852 ss
2883 1796 3088 1866 ταύτης
3121 1796 3222 1858 τὰς
3267 1795 3500 1865 πράξεις
3543 1794 3711 1864 μέχρι

2118 1892 2373 1964 δευτέρου
2397 1891 2526 1945 καὶ⁸
2571 1891 2820 1945 εἰκοστοῦ
2851 1890 3081 1961 ἡμίσεος
3101 1931 3116 1956 ,
3151 1888 3247 1952 ἒξ*
3272 1887 3517 1959 δηλονότι
3560 1886 3711 1940 ἔτεσι

2117 1986 2324 2058 ταύτης
2363 2003 2669 2057 συγκροτου
2677 1986 2864 2056 μένης.

2187 2080 2328 2150 Φησὶ
2347 2079 2403 2133 δὲ
2432 2078 2826 2150 καθαιρεθῆναι
2875 2077 2975 2149 μὲν
3008 2077 3228 2149 Ἀρειον
3256 2075 3352 2130 καὶ
3398 2074 3710 2144 ὰναθέματι

2119 2171 2604 2243 καθυποϐληθῆναι
2621 2211 2637 2236 ,
2661 2167 2783 2224 εἶτα
2807 2171 2972 2224 πάλιν
2995 2169 3291 2242 πειρᾶσθαι
3311 2167 3503 2222 time“
3528 2183 3709 2238 παρα-

2117 2264 2374 2334 δεχθῆναι
2425 2279 2439 2294 ·
2499 2264 2596 2318 καί⁸
2649 2262 2806 2316 τοῦτο
2848 2262 3113 2327 πολλάκις
3165 2259 3590 2332 ἐπιτηδευθῆναι
3640 2258 3709 2311 δι’

2119 2356 2384 2410 Εὑσεϐίου
2401 2395 2418 2420 ,
2447 2355 2505 2420 ὃς
2532 2352 2671 2428 ἦρχε
2702 2355 3074 2426 Νικομηδείας
3092 2395 3107 2419 ,
3135 2357 3228 2408 καὶ
3248 2355 3313 2407 δι’
3339 2353 3605 2408 Εύτοκίου
3651 2351 3710 2406 δὲ

2118 2449 2215 2503 τοῦ
2263 2449 2577 2522 Ἀρειανοῦ.
2634 2449 3009 2520 πρεσϐυτέρου
3057 2448 3275 2519 ἔχοντος
3330 2447 3709 2519 χειροθεσίαν,

2119 2544 2180 2598 ὃν
2212 2545 2244 2614 ἡ
2279 2534 2372 2596 τοῦ
2416 2544 2679 2614 βασιλέως
2710 2542 2914 2614 ἀδελφὴ
2979 2543 3413 2608 Κωνσταντῖνα,
3467 2539 3569 2612 τὴν
3620 2541 3710 2595 τέ-

2119 2635 2323 2690 λειονίί
2354 2637 2572 2707 ἡμέραν
2618 2637 2970 2708 ὑπερχομένη
3007 2634 3104 2688 τοῦ
3153 2635 3270 2705 βίου
3289 2676 3306 2699 ,
3331 2635 3606 2706 παρέθετο
3634 2634 3714 2706 τῷ

2119 2728 2352 2798 ἀδελφῷ.
2395 2727 2535 2781 Ἀλλ’
2563 2722 2710 2782 οὗτοι
2760 2727 2858 2798 μὲν
2913 2727 3174 2780 ἔσπευδον
3227 2727 3320 2780 τὸν
3350 2729 3568 2796 Ἀρειον
3617 2729 3715 2778 ἐπ-

2121 2822 2350 2888 αγαγεῖν
2379 2821 2420 2851 ¹¹
2472 2823 2535 2890 τῇ
2581 2820 2884 2891 Ἐκκλησία
2913 2833 2930 2850 ⁸
2967 2822 3002 2891 ἡ
3035 2821 3092 2874 δὲ
3123 2819 3242 2872 θεία
3274 2819 3398 2890 δίκη
3431 2819 3534 2873 οὐκ
3561 2820 3715 2873 εἴασε

2121 2912 2212 2964 τὸν
2241 2912 2435 2982 ἐχθρὸν
2459 2912 2501 2943 ⁸⁸
2538 2913 2987 2984 κατορχὴσασθαι
3021 2914 3192 2983 αὐτῆς
3225 2911 3317 2966 τοῦ
3349 2913 3453 2965 νεὼ
3476 2917 3574 2965 καὶ
3607 2913 3705 2981 τῆς

2123 3005 2179 3056 ὲν
2203 3003 2352 3074 αὐτῷ
2385 3005 2657 3067 παστάδος
2679 3046 2694 3069 ,
2721 3005 2836 3057 ἀλλ’
2852 3007 2911 3060 ὲν
2933 3006 3215 3076 ἀφεδρῶσι
3239 3005 3332 3058 τὸν
3357 3005 3472 3074 βίον
3494 3005 3714 3058 ἐδίκασε

434 3107 546 3163 quo
574 3093 687 3161 ipse
705 3091 932 3162 ejusque
960 3094 1179 3146 sectarii
1214 3102 1268 3147 et
1297 3091 1518 3146 asseclte
1546 3101 1851 3146 statuerant
1877 3092 2020 3146 illius

2126 3096 2539 3166 καταστρέψαι,
2565 3095 2688 3148 καθ’
2715 3097 2781 3168 ἢν
2807 3095 2972 3158 αὐτὸς
2993 3095 3088 3149 καὶ
3114 3097 3162 3149 οἱ
3189 3096 3523 3150 σπουδασταὶ
3548 3093 3712 3148 αὐτοῦ

439 3185 616 3240 reditu
657 3187 748 3239 Dei
771 3185 1092 3249 Ecclesiam,
1119 3196 1173 3240 et
1201 3202 1356 3240 sacra
1399 3185 1708 3257 profanare.
1743 3187 2022 3240 Accidisse

434 3289 615 3333 autem
649 3277 834 3350 hunc[
867 3279 1016 3349 impii
1045 3278 1064 3350 1
1091 3293 1122 3334 e
1153 3281 1262 3332 vita
1300 3294 1586 3334 excessum
1636 3279 1752 3333 loco
1783 3279 2018 3347 publico,

435 3373 578 3442 quod
620 3389 649 3426 a
705 3373 823 3426 foro
859 3374 1106 3443 proxime
1151 3373 1360 3427 latrinae
1398 3373 1500 3427 illa:
1547 3375 1822 3426 abessent.
1879 3372 2022 3426 Con-

437 3465 736 3519 stantinum
770 3465 1018 3536 Magnum
1068 3468 1310 3538 gavisum
1339 3467 1553 3530 scribit,
1597 3467 1740 3536 quod
1789 3465 2026 3534 integer-

441 3557 610 3613 rimus
663 3559 826 3627 iudex
863 3559 1003 3614 Deus
1043 3560 1476 3615 controversiam
1507 3574 1724 3614 omnem
1756 3559 2027 3613 sententia

440 3652 547 3708 lata
579 3654 914 3719 diremisset,
946 3654 1269 3722 misisseque
1299 3667 1423 3707 mox
1449 3652 1514 3705 ad
1542 3653 1724 3706 varios
1746 3651 2025 3722 epistolas,

441 3748 639 3813 quibus
664 3747 864 3814 justam
899 3747 964 3800 de
990 3747 1122 3799 Ario
1151 3746 1472 3810 vindictam,
1526 3745 1673 3798 velut
1725 3744 1884 3812 cippo
1938 3742 2027 3796 iu-

441 3840 701 3906 scriptam
741 3841 995 3892 omnibus
1037 3839 1429 3908 promulgaret.
1476 3836 1552 3890 Ita
1597 3835 1756 3904 huius
1793 3837 2028 3907 scripto-

443 3931 518 3985 ris
551 3930 788 3984 narratio
811 3932 1082 3985 consentit
1103 3945 1224 3984 cum
1257 3931 1554 3983 Athanasio
1573 3928 1762 3998 Magno
1781 3930 1884 3996 ('5),
1904 3943 2026 3982 cum

440 4021 787 4076 Theodoreto
847 4022 948 4092 (4),
1000 4021 1230 4092 aliisque
1274 4023 1525 4091 plurimis
1576 4022 1678 4094 (5).
1746 4019 2027 4076 Nonnullis

439 4116 581 4167 enim
610 4115 830 4168 tradere
865 4117 1037 4167 visum
1054 4113 1160 4185 (6),
1190 4131 1292 4169 nou
1315 4113 1664 4169 Constantini
1685 4113 1861 4185 Magni
1887 4123 2026 4169 tem-

437 4208 682 4279 poribus,
709 4210 806 4263 sed
837 4209 1160 4263 Constantio
1190 4209 1299 4263 lilio
1340 4211 1667 4278 imperante,
1698 4218 1835 4262 -tam
1881 4207 2026 4262 [ωηο

437 4301 626 4354 Arium
684 4303 831 4354 exitu
871 4301 1149 4355 hominem
1205 4300 1444 4355 exuisse.
1511 4299 1580 4353 Et
1637 4299 1752 4353 haac
1807 4298 2024 4368 quidem

2125 3189 2335 3258 ὥρισαν
2369 3189 2583 3260 ἡμέραν
2605 3189 2695 3242 διὰ
2727 3189 2826 3257 τῆς
2857 3188 3065 3242 είσόδου
3099 3189 3263 3241 αὐτοῦ
3289 3190 3388 3260 τὴν
3417 3187 3715 3258 ἐκκλησίαν

2129 3283 2438 3360 βεϐηλῶσαι
2461 3282 2554 3335 τοῦ
2585 3280 2722 3334 Θεοῦ
2749 3281 2842 3334 κα)⁸
2869 3283 2938 3334 τὰ
2977 3281 3128 3348 ἆγια.
3161 3281 3272 3334 Καὶ
3297 3282 3330 3351 ἡ
3355 3280 3716 3351 καταστροφὴ

2125 3373 2184 3428 δὲ
2226 3365 2551 3444 δημόαιοςίδ
2584 3373 2795 3440 γίνεται
2822 3388 2837 3403 ο
2872 3371 3100 3442 πλησίον
3152 3372 3262 3444 γὰρ
3307 3373 3357 3425 οί
3403 3371 3718 3442 ἀφεδρῶνες
3819 3389 3832 3397 ·

2128 3465 2496 3536 ἐχρημάτιζον
2519 3465 2612 3518 τοῦ
2640 3465 2829 3537 φόρου.
2859 3465 2978 3533 Ἐφ’
3003 3459 3047 3533 ᾧ
3067 3465 3303 3535 ἡσθῆναί
3325 3482 3384 3518 τε
3416 3465 3508 3518 τὸν
3538 3466 3716 3534 μέγαν

2127 3557 2547 3610 Κωνσταντῖνον
2575 3558 2809 3626 γράφει,
2854 3557 2931 3620 ὠς
2957 3557 3053 3610 τοῦ
3083 3559 3384 3612 ἀδεκάστου
3413 3558 3603 3629 κριτοῦ
3634 3553 3720 3621 οἷς

2127 3650 2312 3722 ἔκρινε
2361 3650 2622 3715 λύσαντος
2667 3651 3078 3722 ἀμφισϐήτησιν
3125 3653 3340 3716 πᾶσαν,
3389 3652 3601 3722 γράψαι
3654 3667 3716 3704 τε

2126 3742 2288 3796 αὑτὸν
2321 3741 2536 3806 πολλοῖς
2569 3743 2859 3806 ἐπιστολὰς
2887 3786 2900 3808 ,
2933 3744 3030 3814 τὴν
3063 3743 3270 3797 ἔνδικον
3300 3743 3510 3814 Ἀρείου
3542 3761 3718 3798 καταο

2128 3836 2371 3908 στροφὴν
2404 3835 2791 3904 στηλιτεύοντα
2809 3836 2876 3891 ⁸⁸.
2896 3837 3006 3890 Καὶ
3029 3837 3058 3889 ὁ
3083 3838 3181 3908 μὲν
3205 3837 3350 3890 οὕτω
3376 3838 3545 3908 φησὶ,
3576 3854 3717 3906 συμ-

2126 3927 2324 3997 φωνῶν
2351 3929 2408 3981 ἐν
2440 3915 2618 3998 τούτῳ
2647 3927 2854 3982 Ἀθανα
2866 3929 2964 3999 σίῳ
2991 3945 3050 3981 τε
3080 3929 3158 3999 τῷ
3208 3929 3431 4000 μεγάλῳ
3459 3927 3554 3982 καὶ
3579 3928 3715 3980 Θεο-

2123 4018 2354 4090 δωρήτῳ
2379 4022 2474 4073 καὶ
2497 4021 2678 4084 ἄλλοις
2710 4021 2973 4074 πλείοσιν·
3007 4021 3172 4084 ἐνίοις
3193 4021 3251 4074 δέ
3276 4023 3510 4094 γράφειν
3529 4019 3713 4086 ἔδοξεν

2123 4111 2244 4181 οὐχὶ
2261 4111 2402 4165 κατὰ
2417 4113 2547 4175 τοὺς
2562 4113 2982 4166 Κωνσταντίνου
3001 4113 3045 4144 ’⁸
3068 4114 3162 4166 τοῦ
3185 4114 3439 4182 Μεγάλου
3456 4113 3712 4185 χρόνους,

2124 4205 2262 4260 ἀλλὰ
2317 4205 2412 4259 τοῦ
2454 4206 2644 4270 παιδὸς
2694 4207 3078 4261 Κωνσταντίου
3113 4205 3492 4278 βασιλεύοντος
3538 4207 3713 4270 οὕτως

2127 4295 2370 4369 αἰσχρῶς
2392 4296 2484 4352 τὸν
2516 4298 2582 4350 Ἀ
2593 4315 2738 4368 ρειον
2768 4297 2828 4363 ἐξ
2849 4297 3154 4370 ἀνθρώπων
3175 4298 3566 4371 ἀφανισθῆναι.

1742 4388 1975 4444 νΑιιιιΕ
2023 4388 2428 4445 LECTIONES.

507 4489 530 4522 ³
559 4487 652 4542 τοῦ
686 4487 898 4559 βιϐλίου
944 4504 1012 4559 ς.
1089 4486 1112 4520 ⁵
1141 4487 1264 4541 τότε
1291 4485 1336 4540 Δ
1369 4505 1382 4542 :
1408 4485 1502 4559 τοῦ
1529 4505 1589 4552 ς.
1666 4489 1688 4521 ⁸
1714 4487 1808 4541 τοῦ
1834 4486 1880 4542 Α
1921 4505 1936 4542 :
1979 4486 2142 4542 αὑτοῦ
2172 4485 2267 4540 τοῦ
2301 4505 2362 4552 ς’.
2438 4487 2459 4518 ⁸
2485 4486 2755 4552 ἐξέτεινεν
2776 4505 2838 4552 ς.
2922 4489 2942 4520 ⁷
2970 4488 3348 4559 ἑκκαιδεκάτῳ
3400 4505 3462 4559 ς.

1373 4560 1416 4590 ⁸⁸
1462 4557 1605 4612 ὥστε
1664 4560 1879 4614 atld.A.
1958 4560 2002 4591 “
2055 4559 2269 4611 τελείαν
2341 4575 2396 4622 ς.

1937 4630 1981 4662 ⁸⁸
2005 4628 2386 4684 Κωνσταντίου
2411 4627 2507 4682 τοῦ
2534 4630 2726 4695 παιδὸς
2758 4647 2817 4694 ς.

433 4562 557 4614 add.
592 4563 656 4614 Α.
689 4558 694 4559 ί
733 4561 753 4592 ο
785 4559 868 4632 εξ]
904 4558 964 4624 εξ
995 4561 1169 4632 ἥμισυ
1198 4559 1264 4612 Α.

433 4632 583 4686 είασε
617 4649 678 4696 ς.
768 4631 814 4663 ³⁵
837 4628 1116 4702 δημοσίους
1135 4647 1196 4695 ς.
1275 4631 1318 4664 ³⁵
1342 4628 1766 4701 στηλιτευούσας
1793 4647 1856 4695 ς’.

3561 4488 3585 4520 ⁸
3613 4487 3710 4541 καὶ

2500 4559 2542 4588 ’⁸
2586 4560 2896 4631 ἀπαγαγεῖν
2963 4576 3025 4624 ς.
3125 4558 3170 4590 ¹³
3229 4557 3326 4614 τὸν
3365 4557 3560 4631 ἐχθρὸν
3610 4559 3714 4612 οὐκ

2028 4721 2212 4776 ΟΤΑΕ.

2028 4721 2069 4775 0
2196 4759 2212 4776 .

506 4817 617 4889 (96)
641 4817 860 4889 florum
916 4815 1051 4889 duos
1103 4817 1260 4889 nobis
1288 4817 1477 4889 Graece
1532 4825 1590 4872 et
1625 4813 1817 4889 Latine
1868 4721 2023 4869 dedi:
2243 4814 2635 4889 dimissamque
2671 4817 2935 4888 synodum
2985 4814 3116 4886 ipsis
3167 4811 3510 4869 Constantini
3566 4812 3708 4884 Aug.

437 4885 604 4941 Rob.
638 4885 938 4941 Palforeus.
988 4885 1156 4939 Tertii
1201 4888 1344 4942 enim
1387 4888 1504 4942 loco
1557 4899 1668 4941 tres
1721 4886 2012 4940 admodum

439 4957 782 5024 Cniistautini
816 4957 946 5024 imp.
976 4957 1232 5024 epistolas
1285 4958 1552 5014 exhibuit.
1583 4956 1781 5012 Noster
1829 4968 2013 5011 autem

437 5029 705 5097 Alpheus.
739 5023 982 5098 Pisanus
1020 5041 1086 5079 ex
1149 5028 1250 5080 hoc
1314 5028 1576 5098 opuscqu
1618 5037 1672 5081 et
1714 5026 2013 5097 exemplari

438 5096 676 5168 quodam
721 5096 976 5157 Arabico.
1053 5096 1478 5165 sanctorumque
1523 5097 1735 5167 aliqum
1787 5096 2012 5152 Patrum

440 5167 826 5240 iimmunenti_s,
876 5177 1128 5240 qua_tuor_
1158 5181 1287 5222 suos
1330 5171 1401 5240 de
1448 5169 1550 5223 hac
1588 5171 1796 5240 synodo
1848 5169 2015 5223 libros

439 5240 734 5296 contexuit.
757 5234 954 5291 Franc.
971 5235 1271 5293 Turrianus
1302 5239 1551 5292 Canones
1575 5234 1764 5292 edidit.

512 5310 625 5381 (97)
659 5308 872 5381 Βιτῶνα
907 5308 1047 5381 hunc
1075 5310 1230 5381 gideo
1262 5325 1291 5362 a
1313 5307 1518 5381 Gt'zecis
1545 5308 1824 5377 appellari,
1854 5323 2016 5379 quem

442 5381 496 5436 in
523 5375 740 5434 Latinis
761 5379 1039 5432 codicibus
1076 5375 1335 5432 Victorem
1365 5375 1607 5449 legimus.

515 5452 626 5522 (98)
661 5452 804 5502 Idem
841 5450 929 5502 ille
961 5450 1052 5522 qui
1110 5453 1162 5504 in
1204 5447 1474 5522 demortui
1501 5447 1894 5522 “Metmphanis
1935 5448 2020 5522 lo-

442 5537 564 5574 cum
585 5520 926 5590 subrogatus.
959 5521 1166 5587 primus
1185 5533 1266 5574 est
1295 5520 1467 5574 factus
1489 5520 2014 5588 Constantinopolit.

444 5591 739 5662 patriarch.
765 5592 1165 5662 itttpjetatisque
1187 5592 1484 5662 antistitem
1509 5590 1744 5662 (Arium)
1775 5591 2022 5644 oratione

445 5657 543 5716 ina
571 5661 808 5728 sustulit,
843 5657 962 5716 ‘BB.
999 5657 1260 5718 Athanas.
1308 5674 1363 5716 et
1393 5661 1556 5731 Grex.
1617 5657 1874 5714 Naz'iauz.
1922 5677 2020 5713 au-

441 5732 706 5789 Ctorihus.
1875 5763 1902 5801 .

514 5801 628 5876 (99)
660 5801 894 5858 Balforei
923 5818 1063 5872 aque
1087 5819 1150 5858 ac
1174 5803 1355 5859 Pisani
1387 5802 1519 5859 edit.
1545 5817 1638 5860 sex
1663 5799 1891 5857 menses
1921 5799 2018 5854 ad-

2125 4883 2536 4940 Viceuualibus.

2204 4957 2284 5026 (l)
2323 4957 2425 5010 Alii
2452 4967 2562 5026 tres
2605 4971 2727 5011 cum
2761 4954 3015 5010 semestri
3063 4969 3238 5026 annos
3275 4956 3555 5026 Iduutaxat
3606 4970 3711 5008 nu-

2123 5022 2359 5080 merant.
2395 5027 2454 5081 D.
2489 5025 2687 5084 Baron.
2715 5027 2865 5082 card.
2915 5036 3046 5080 tom.
3078 5025 3140 5079 ΙΙΙ
3171 5024 3366 5078 Annal.
3403 5022 3712 5080 ecclesiasl.

2124 5111 2232 5150 uno
2263 5112 2406 5150 anno
2423 5112 2546 5152 esse
2577 5099 2881 5152 absolutam
2900 5097 3179 5150 Nicaenam
3202 5097 3496 5162 pertendit.

2195 5166 2274 5236 (2)
2302 5165 2377 5220 De
2395 5167 2551 5235 cujus
2586 5167 2869 5222 fraudibus
2889 5168 3043 5237 plura
3063 5166 3421 5236 Metaphrast.
3452 5163 3532 5218 De
3551 5163 3711 5234 gestis

2126 5235 2366 5291 Nicasius
2391 5239 2601 5307 synodi,
2633 5237 2672 5291 Ι.
2706 5255 2779 5303 tv,
2809 5235 2977 5293 sum.

2195 5309 2273 5378 (5)
2317 5302 2463 5376 Disp.
2491 5307 2533 5367 l.
2575 5302 2842 5364 adversus
2868 5308 3102 5363 Arianos
3128 5307 3230 5363 sub
3253 5308 3343 5360 lin.
3368 5302 3609 5376 etEpist.
3642 5304 3712 5359 ad

2127 5375 2484 5445 Serapionem
2513 5388 2648 5434 tota.

2201 5443 2279 5516 (4)
2316 5447 2438 5504 Lib.
2477 5463 2529 5502 Iv
2579 5448 2811 5516 Epitom.
2859 5461 3048 5504 contra
3079 5448 3262 5503 lueret.
3310 5452 3366 5501 et
3391 5444 3490 5502 lib.
3519 5459 3536 5499 t
3569 5443 3711 5500 Hist.

2130 5517 2335 5571 Eccles.
2369 5535 2489 5587 cap.
2513 5521 2579 5574 l3
2599 5530 2651 5573 et
2678 5521 2766 5574 M.

2129 5587 2366 5712 infit)?
2409 5584 2612 5714 gistisbus
2635 5591 2900 5662 Epiphan.
2935 5599 2993 5647 et
3041 5599 3234 5645 auctor
3267 5585 3402 5642 Vita:
3423 5584 3712 5644 Athanasii

2212 5698 2225 5712 ο
2273 5677 2284 5691 ⁸
2325 5678 2378 5712 1.
2525 5703 2538 5714 .

2127 5673 2225 5712 IIII.
2256 5673 2378 5712 COII.
2409 5673 2538 5716 Ὶῧδ.

2193 5730 2270 5855 I(Ili)
2285 5729 2682 5856 ῧεὲῖιέξῗηειω
2732 5731 2884 5788 Orat.
2917 5731 2992 5788 De
3041 5731 3199 5804 gestis
3231 5728 3466 5788 Nimim:
3498 5727 3711 5800 synodi,

2127 5809 2258 5855 tom.
2286 5809 2344 5855 Vl
2371 5809 2538 5857 b'urii.
