3942 6234
256 269 367 336 293

1227 274 1758 338 BlBLIOTHECA.
1787 301 1856 312 --
1875 275 2043 338 COD.
2085 277 2405 339 LXXXIX.

3452 284 3558 350 294

334 383 446 438 Καὶ
489 380 670 438 ταῦτα
721 382 824 454 μὲν
867 383 984 437 τόδε
1030 382 1090 438 τὸ
1143 384 1346 455 βιϐλίον
1375 404 1387 417 ·
1419 388 1480 440 οὐ
1510 389 1623 462 γὰρ
1659 389 1856 460 ἐπεγέ-

1969 389 2102 445 liber
2136 389 2224 446 ille
2253 390 2590 447 continebat.
2664 390 2723 446 lu
2758 392 2862 447 alio
2893 401 3072 450 tamen
3123 395 3417 464 exemplari
3450 399 3556 470 (7).

258 491 478 545 γραπτο
530 475 682 544 αὐτῷ
725 476 759 546 ἡ
800 475 994 546 κλῆσις
1047 476 1143 529 τοῦ
1195 479 1533 548 γράψαντος.
1564 481 1658 534 Ἐν
1717 483 1867 555 ἄλλῳ

259 567 448 638 μέντοι
476 568 657 638 ἔχοντι
684 566 754 621 τὰ
779 568 922 624 αὑτά
951 584 967 600 °
999 567 1258 622 Γελασίου
1278 570 1373 623 τοῦ
1402 572 1702 626 ἐπισκόπου
1730 575 1868 628 Και-

257 661 494 728 σαρείας
542 661 645 729 τῆς
685 661 1054 733 Παλαιστίνης
1087 655 1246 734 εὗρον
1279 661 1341 714 τὸ
1390 661 1596 728 βιϐλίον
1631 665 1866 735 ἐπιγρα-

258 750 527 821 φόμενον.
583 750 650 803 Ἥ
679 749 738 803 δὲ
770 751 973 820 φράσις
999 752 1080 814 είς
1128 750 1190 803 τὸ
1215 749 1476 804 ταπεινὸν
1510 752 1605 806 καὶ
1642 752 1862 824 χυδαῖον

255 841 348 894 τοῦ
380 842 550 910 λόγου
582 841 706 895 λίαν
737 842 1207 915 κατενηνεγμένη.

324 935 427 997 Τίς
455 951 591 986 ποτε
621 934 678 987 δέ
717 936 864 988 ἐστιν
887 938 915 990 ὁ
968 935 1223 1001 Γελάσιος
1247 931 1439 1004 οὗτος,
1465 937 1566 990 οὐκ
1601 937 1710 1006 ἔχω
1757 953 1853 989 σα-

257 1027 373 1097 φῶς
425 1027 716 1098 ἐκμαθεῖν.
767 1029 946 1100 Μέχρι
995 1031 1105 1101 γὰρ
1143 1029 1239 1084 νῦν
1288 1031 1496 1102 τριῶν,
1525 1030 1600 1092 ὡς
1646 1030 1688 1061 ³⁷
1708 1029 1856 1083 ἐστιν

257 1120 482 1174 εἰκάσαι
504 1163 520 1185 ,
539 1120 814 1174 Γελασίων
841 1121 937 1175 καὶ
967 1122 1012 1156 ¹⁸
1043 1122 1362 1176 ἐπισκόπων
1385 1121 1721 1193 Καισαρείας
1758 1123 1860 1192 τῆς

255 1213 401 1267 κατὰ
444 1213 816 1284 Παλαιστίνην
870 1216 912 1249 ³⁸
969 1215 1194 1286 βιϐλίοις
1237 1215 1594 1287 ἐνετύχομεν,
1643 1215 1678 1288 ἢ
1721 1216 1860 1269 πάν-

255 1324 366 1370 τως
411 1324 478 1377 γε
530 1308 646 1364 δύο.
692 1309 840 1364 Αίδὲ
893 1309 1067 1381 βίϐλοι
1124 1304 1214 1373 αἷς
1249 1310 1618 1381 ἐνετύχομεν,
1685 1313 1718 1382 ὴ
1762 1313 1862 1382 μέν

257 1401 379 1454 ἐστι
405 1418 422 1432 -
451 1403 620 1455 Κατὰ
655 1401 981 1472 Ἀνομοίων
1021 1402 1462 1474 συντεταγμένη,
1506 1404 1562 1457 al
1616 1403 1672 1456 δέ
1713 1403 1856 1458 ἄλλαι

1977 1395 2370 1472 [ltaareticos]
2419 1401 2759 1470 conscriptus
2823 1413 2909 1458 est
2960 1421 2975 1458 :

258 1492 355 1546 δύο
393 1493 867 1563 ἐκκλησιαστικὰς
932 1495 1310 1565 ἀναγράφουσι
1346 1495 1576 1566 πράξεις
1599 1536 1614 1560 ,
1649 1490 1726 1550 ὧν
1765 1499 1865 1566 μία

256 1579 324 1657 ἦς
355 1584 455 1638 νῦν
483 1585 562 1648 ὡς
619 1587 678 1639 ἐν
712 1585 996 1657 κεφαλαίῳ
1057 1586 1510 1658 ἐπεμνήσθημεν.
1541 1588 1760 1658 Ἐχει¹⁰
1808 1588 1866 1642 δὲ

260 1676 540 1748 (12011.)
591 1676 736 1749 αὕτη
758 1720 772 1742 ,
817 1679 876 1730 ἐν
925 1673 1006 1742 οἷς
1056 1679 1230 1749 αὐτὴν
1262 1680 1751 1749 ἐπιγεγραμμένην
1774 1680 1864 1733 εὖ·

263 1788 456 1842 ρομεν,
480 1771 798 1841 ἐπιγραφὴν
819 1769 970 1824 ὥσπε
980 1788 1010 1843 ρ
1033 1769 1269 1843 εἴρηται,
1292 1771 1600 1826 Γελασίου
1615 1771 1864 1824 ἐπισκό-

259 1882 381 1922 που
403 1868 774 1934 Καισαρείας
800 1865 911 1934 τῆς
935 1865 1086 1920 κατὰ
1117 1865 1539 1935 Παλαιστίνην
1575 1867 1865 1936 Ἱστορίας

274 1959 826 2028 Ἐκκλησιαστικῆς
853 1960 1023 2028 λόγοι
1053 1966 1122 2029 γ’.

1971 496 2080 552 quo
2137 483 2324 536 eadem
2359 497 2586 552 prorsus
2635 484 3090 552 continebantur,
3148 488 3287 542 hunc
3341 488 3555 543 titulum

1969 570 2109 625 libro
2185 571 2510 640 inscriptum
2565 575 2794 641 reperi:
2853 574 3050 630 Gelasii
3127 576 3391 633 Caesareae
3457 578 3559 632 Pa-

1969 661 2193 716 lmsﬁnte
2267 662 2533 732 episcopi.
2613 661 2731 734 ipsa
2822 683 2983 735 porro
3027 669 3196 722 dictio
3293 671 3359 723 ad
3451 670 3556 724 htt-

1972 755 2152 808 milem
2219 755 2487 826 vilemque
2520 756 2716 829 stylum
2746 759 2866 830 plus
2898 777 3054 830 aaquo
3095 778 3321 833 vergere
3376 764 3557 818 anim-

1969 846 2294 900 advertitur.

2039 934 2236 993 Verum
2295 939 2420 1010 quis
2472 941 2560 996 hic
2593 940 2844 999 Gelasius
2903 946 2997 1010 sit,
3055 956 3208 1002 certo
3264 963 3372 1003 non
3405 940 3554 1018 ponii

1963 1045 2314 1100 cognoscere.
2385 1031 2572 1088 Trium
2656 1036 2804 1090 enim
2886 1038 3153 1094 hactenus
3208 1039 3553 1096 Gelasiorum

1968 1122 2153 1192 (quos
2208 1124 2524 1182 discernere
2584 1129 2857 1200 nequeas)
2935 1131 3198 1188 Caesareae
3258 1133 3558 1190 Palaestina:

1965 1216 2370 1287 episcOporum,
2415 1218 2498 1274 vel
2549 1229 2698 1275 certe
2729 1221 2808 1290 (8)
2840 1223 3069 1278 duorum
3104 1225 3272 1281 libros
3304 1227 3556 1297 legimus.

1967 1301 2220 1371 Quonim
2255 1307 2473 1376 quidem
2505 1307 2766 1364 librorum
2806 1327 2946 1367 unus
2986 1316 3248 1370 Adversus
3279 1317 3560 1373 Anomteos

3034 1406 3226 1476 reliqui
3277 1408 3408 1473 duo,
3469 1424 3558 1464 res

1975 1491 2259 1546 continent
2310 1493 2739 1556 ecclesiasticas,
2795 1494 3132 1567 alteriusque
3190 1499 3380 1553 horum
3440 1499 3555 1568 jam

1975 1586 2136 1638 tuudo
2161 1595 2244 1639 est
2275 1600 2304 1639 a
2335 1584 2490 1658 nobis
2519 1587 2697 1641 obiter
2728 1589 2870 1643 facta
2914 1593 3118 1646 mentio
3152 1610 3166 1649 :
3205 1593 3352 1664 67a
3405 1595 3559 1664 cujus

1973 1693 2106 1733 sane
2134 1677 2324 1732 titulus
2373 1678 2486 1748 (ubi
2544 1680 2761 1748 quidem
2798 1681 2948 1734 illum
3002 1683 3296 1754 ascriptum
3341 1686 3556 1738 inveni-

1975 1772 2118 1842 mus)
2168 1772 2213 1825 is
2262 1778 2366 1836 est,
2417 1787 2577 1841 quem
2614 1781 2773 1826 antea
2829 1775 3066 1830 diximus
3102 1794 3114 1829 :
3149 1775 3347 1830 Gelasii
3375 1776 3554 1832 Cresa-

1973 1879 2077 1918 rea:
2111 1861 2420 1918 Palaestina:
2459 1863 2688 1933 episcopi
2717 1862 3111 1921 Ecclesiastica:
3149 1865 3406 1924 Historia:
3429 1869 3557 1923 libri

1973 1967 2100 2011 11⁸83.

317 2053 443 2127 [209
463 2053 557 2126 8.]
573 2053 686 2109 Καὶ
699 2054 1006 2123 ἁπάρχεται
1025 2053 1079 2104 δὲ
1096 2050 1261 2107 οὕτω·
1283 2054 1359 2108 Τὰ
1376 2054 1527 2109 κατὰ
1547 2054 1664 2120 τὴν
1682 2053 1856 2123 ἁγίαν

2032 2051 2226 2117 Operis
2275 2063 2455 2107 autem
2515 2054 2686 2122 ipsius
2721 2055 3046 2127 principium
3105 2055 3374 2126 ejusmodi
3425 2068 3550 2112 est:

258 2148 358 2202 καί
369 2149 657 2217 μεγάλην
673 2149 769 2201 καί
792 2147 1218 2218 οὶκουμενικὴν
1230 2147 1350 2203 τῶν
1359 2149 1710 2204 ἐπισκόπων
1719 2164 1861 2203 συν-

261 2241 699 2309 αθροισθεῖσαν
715 2240 984 2294 σύνοδον
1005 2241 1073 2294 ἐκ
1103 2241 1340 2305 πασῶν,
1370 2242 1449 2308 ὡς
1471 2241 1619 2309 ἔπος
1646 2241 1860 2306 εἰπεῖν,

259 2336 379 2391 τῶν
395 2335 507 2390 τοῦ
538 2335 822 2404 Ῥωμαίου
839 2337 1072 2404 κόσμου
1087 2333 1393 2404 ἐπαρχιῶν
1409 2334 1506 2388 καὶ
1531 2333 1852 2402 Περσίδος,

269 2429 362 2483 καὶ
392 2429 549 2497 ἐξῆς.
577 2430 688 2482 Καὶ
716 2427 947 2500 τελευτᾷ
976 2428 1032 2482 δὲ
1056 2429 1134 2492 εἰς
1178 2427 1276 2498 τὴν
1304 2426 1399 2480 τοῦ
1433 2427 1670 2498 μεγάλου
1704 2426 1861 2479 Κωνο

265 2519 552 2575 σταντῑνου
587 2519 847 2591 τελευτὴν
870 2559 886 2582 ,
922 2521 980 2572 ἐν
1068 2519 1162 2572 καὶ
1194 2518 1255 2571 τὸ
1299 2518 1398 2588 τῆς
1433 2517 1680 2587 ἀφέσεως
1729 2515 1850 2568 ἐδέ-

261 2614 390 2680 ξατο
425 2614 574 2668 θεῖον
602 2613 829 2683 λουτρὸν
852 2655 868 2679 ,
917 2612 1017 2676 τὰς
1048 2615 1106 2664 ἐν
1137 2612 1238 2683 βίῳ
1285 2610 1508 2682 κηλῖδας
1534 2653 1549 2678 ,
1581 2605 1670 2665 οἷα
1713 2608 1859 2674 είκὸς

256 2706 554 2778 ἄνθρωπον
597 2704 731 2759 ὄντα
757 2703 963 2767 ταύτας
1009 2701 1398 2770 ἐφέλκεσθαι²¹
1425 2741 1440 2767 ,
1478 2699 1859 2770 ἀπολουσάμε-

254 2817 366 2862 νος.
427 2798 630 2868 Τυχεῖν
688 2797 746 2850 δέ
809 2813 942 2866 φησι
989 2794 1084 2848 τοῦ
1139 2794 1515 2866 βαπτίσματος
1573 2791 1857 2865 ὀρθοδόξου

259 2889 808 2958 μυσταγωγήσαντος
841 2885 936 2940 καὶ
968 2885 1286 2946 τελέσαντος
1305 2925 1319 2950 ,
1344 2881 1458 2937 ἀλλ’
1489 2883 1586 2953 οὐχ
1619 2881 1696 2946 ὥς
1714 2899 1856 2935 τισιν

256 2981 404 3046 ἔδοξε
431 3024 448 3047 ,
499 2981 613 3034 τῶν
647 2981 942 3052 αίρετικῶν
971 2995 1115 3042 τινος
1166 2978 1656 3050 χειραπτήσαντος.
1703 2975 1766 3028 Ἦ
1799 2975 1856 3029 δέ

255 3094 317 3145 γε
349 3076 599 3146 ἀναϐολὴ
631 3073 780 3144 αύτῷ
810 3074 905 3127 τοῦ
935 3071 1316 3144 βαπτίσματος
1351 3068 1704 3140 παρετείνετο
1724 3109 1739 3133 ,
1772 3069 1855 3121 ὅτι

255 3170 321 3223 δι’
355 3169 660 3238 ἐπιθυμίας
712 3167 975 3239 πλείστης
1000 3160 1070 3237 ἦν
1104 3161 1252 3234 αύτῷ
1302 3165 1415 3224 τοῖς
1456 3159 1853 3232 Ἰορδάνου,βα-

255 3263 588 3318 πτίσασθαι.
620 3261 761 3332 Φησὶ
788 3261 844 3314 δέ
876 3260 1040 3313 αὑτὸν
1087 3260 1114 3311 ὁ
1165 3253 1517 3326 συγγραφεὺς
1557 3248 1712 3318 οὗτος
1762 3252 1854 3306 ἐπὶ

258 3355 614 3418 Βασιλίσκου,
635 3352 694 3417 ὃς
715 3350 962 3406 ἐκϐαλὼν
990 3350 1218 3420 Ζήνωνα
1246 3345 1613 3417 ἐτυράννησεν
1631 3385 1646 3409 ,
1670 3342 1852 3412 ἀκμά-

1969 2141 2102 2207 Qua:
2132 2147 2186 2200 in
2220 2158 2429 2208 sancta,
2466 2163 2659 2217 magna
2691 2187 2708 2213 ,
2741 2160 2788 2203 et
2857 2149 3140 2203 universali
3192 2150 3554 2219 episcoporum

1964 2239 2187 2305 synodo,
2214 2254 2279 2291 ea:
2301 2238 2564 2301 omnibus,
2592 2249 2647 2292 ut
2675 2239 2752 2292 sic
2786 2240 2984 2303 dicam,
3015 2237 3234 2294 Romani
3263 2240 3402 2294 orbis
3430 2256 3555 2310 pro-

1964 2329 2176 2396 oinciis,
2202 2330 2421 2399 ipsaque
2451 2331 2582 2383 adeo
2615 2329 2838 2385 Perside
2871 2344 3216 2402 congregata,
3242 2345 3295 2388 et
3323 2335 3551 2403 reliqua.

1966 2419 2284 2491 Desinitque
2341 2423 2391 2475 in
2444 2420 2792 2476 Constantini
2826 2421 3001 2491 Magni
3052 2423 3284 2487 obitum,
3333 2425 3554 2494 quando

1963 2513 2148 2568 divino
2210 2514 2552 2569 remissionis
2621 2512 3021 2588 [peccatorum]
3071 2516 3290 2571 lavacro
3364 2532 3552 2573 susce-

1963 2613 2058 2674 pto
2087 2603 2190 2677 (9),
2219 2607 2346 2661 vitae
2394 2606 2551 2674 hujus
2579 2607 2840 2672 maculas,
2876 2623 3013 2678 quas
3043 2610 3318 2664 communi
3351 2620 3554 2664 morta-

1965 2695 2094 2750 lium
2129 2708 2277 2752 sorte
2317 2699 2661 2755 contraxisse
2692 2711 3034 2770 oportuerat,
3073 2717 3176 2754 una
3224 2701 3378 2758 eluit.
3419 2702 3555 2772 Bap-

1965 2793 2191 2847 Stimate
2218 2808 2346 2848 vero
2381 2794 2607 2848 tinctum
2626 2795 2797 2850 refert
2826 2794 2895 2849 ab
2920 2796 3226 2851 orthodoxo
3244 2800 3550 2861 sacerdote,

1963 2900 2230 2954 sacroque
2251 2886 2379 2951 ritu,
2403 2902 2532 2952 non,
2559 2897 2616 2940 ut
2637 2887 2856 2956 quidam
2885 2889 3258 2957 prodiderunt.
3282 2891 3349 2944 ab
3380 2891 3554 2946 haere—

1963 2975 2194 3028 ticorum
2228 2975 2429 3045 aliquo.
2453 2975 2783 3045 Longiorem
2815 2989 2996 3032 autem
3058 2978 3197 3034 hanc
3240 2980 3552 3048 baptismati

1960 3066 2251 3121 obvenisse
2299 3082 2530 3133 moram,
2591 3070 2734 3136 quod
2822 3067 2954 3137 ipsis
2997 3067 3252 3123 Jordanis
3311 3072 3552 3126 ﬂuminis

1959 3159 2116 3226 aquis
2155 3158 2285 3228 tingi
2324 3159 2679 3213 vehementer
2713 3168 2982 3228 optasset.
3015 3159 3258 3214 Allirmat
3285 3162 3371 3216 hic
3412 3162 3553 3216 scri-

1960 3260 2079 3318 ptor
2104 3249 2204 3304 sub
2222 3249 2624 3319 Basilisco,qui,
2651 3250 2867 3305 Zenone
2887 3251 3064 3320 pulso,
3089 3253 3550 3324 tyrannidem(l0)

1960 3344 2272 3409 occupavit,
2306 3343 2509 3398 vixisse
2532 3358 2610 3406 se,
2645 3357 2709 3398 ac
2750 3343 2946 3413 legisse
2980 3345 3194 3399 concilii
3225 3357 3342 3399 acta
3377 3348 3429 3400 in
3461 3364 3553 3400 an-

257 3450 374 3513 ζειν
397 3489 412 3514 ,
459 3449 561 3502 καὶ
591 3445 961 3515 ἀνεγνωκέναι
991 3442 1089 3506 τὰς
1131 3441 1230 3512 τῆς
1275 3439 1491 3492 συνόδου
1535 3437 1761 3510 πράξεις
1793 3437 1851 3488 ἐν

1969 3433 2128 3503 Liquis
2187 3435 2523 3489 membranis
2550 3436 2860 3504 conscripta
2895 3435 3030 3506 (ll),
3058 3437 3182 3489 dum
3241 3440 3417 3492 adhuc
3458 3455 3552 3508 pa-

257 3542 526 3604 παλαιαῖς
562 3537 909 3608 μεμϐράναις
931 3535 1014 3588 ἔτι
1051 3533 1194 3588 κατὰ
1237 3530 1336 3604 τὴν
1385 3528 1648 3601 πατρῴαν
1672 3527 1850 3582 οἰκίαν

252 3633 610 3705 διατρίϐοντα
636 3648 651 3663 ο
682 3623 760 3684 ὧν
784 3628 883 3700 τὴν
917 3627 1146 3698 μνήμην
1175 3623 1369 3695 ἔχοντα
1387 3662 1402 3686 ,
1432 3622 1527 3676 καὶ
1556 3620 1616 3685 ἐξ
1648 3621 1850 3690 ἑτέρων

256 3726 611 3797 γραμμάτων
628 3725 727 3778 ὃσα
742 3722 990 3793 χρήσιμα
1012 3715 1475 3788 συναγείροντα⁸¹,
1493 3713 1594 3785 τὴν
1612 3712 1851 3780 ίστορίαν

258 3814 544 3880 συντάξαι.
579 3810 927 3883 Μνημονεύει
961 3809 1004 3862 δ’
1031 3801 1186 3870 οὗτος
1221 3808 1316 3861 καὶ⁸
1347 3804 1530 3877 ῥητῶν
1558 3821 1721 3856 τινων
1751 3803 1849 3854 Γε-

255 3907 443 3960 λασίου
469 3903 653 3967 τινὸς,
686 3902 944 3956 Γελάσιον
976 3898 1138 3953 αὑτὸν
1166 3898 1258 3951 καὶ
1296 3896 1576 3966 Ῥουφῖνον
1600 3895 1718 3964 ἃμα
1747 3910 1849 3946 κα-

256 3999 442 4052 λῶν¹³.
462 3997 636 4065 Λέγει
666 3995 721 4050 δὲ
749 3993 915 4048 αὑτοῦ
946 3994 1041 4046 καὶ
1067 3990 1306 4062 πατρίδα
1328 3990 1427 4060 τὴν
1452 3987 1691 4053 Κύζικον
1709 4028 1723 4049 ,
1754 3987 1848 4039 καὶ

257 4091 474 4161 πατέρα
504 4089 619 4143 τῶν
647 4089 768 4142 κατ’
794 4087 965 4156 αὐτὴν
1014 4083 1402 4155 πρεσϐυτέρων
1441 4082 1538 4134 ἕνα
1565 4080 1708 4134 τινά.
1740 4080 1848 4133 Καὶ

257 4175 474 4250 οὗτος,³1⁵
505 4179 610 4247 μέν
634 4179 663 4231 ὀ
683 4175 837 4230 τοῦδε
871 4173 968 4229 τοῦ
1019 4171 1225 4244 βιϐλίου
1278 4169 1493 4242 πατὴρ,
1543 4169 1637 4222 καὶ
1675 4166 1848 4221 ταῦτα

259 4290 394 4342 αντη
423 4274 459 4342 ἡ
505 4269 710 4340 βιϐλος.
974 4338 1098 4394 ΠΘΩ

260 4434 570 4488 Γελασίου
627 4434 974 4488 ἐπισκόπου
1031 4431 1392 4497 Καισαρείας
1441 4423 1856 4497 Παλαιστίνης

324 4506 649 4572 Προοίμιον
689 4509 776 4570 εἰς
829 4506 903 4558 τὰ
945 4502 1098 4572 μετὰ
1126 4493 1242 4562 τὴν
1288 4493 1846 4572 ’ίςσικλησιαστικὴν

334 4570 642 4644 Ἱστορίαν
665 4570 964 4630 Εὐσεόίοὺ
988 4573 1093 4626 τοῦ
1121 4570 1460 4640 Παμφίλου.

336 4660 404 4715 Ἢ
440 4663 499 4715 δὲ
527 4663 694 4734 λοιπὴ
724 4661 908 4734 βίϐλος
931 4660 1246 4734 ἐπιγραφὴν
1282 4659 1380 4730 μὲν
1405 4658 1520 4728 ἔχει
1545 4654 1802 4724 τοιαύτην
1826 4669 1840 4684 ο

1961 3525 2131 3577 ternis
2166 3525 2219 3577 itt
2243 3525 2449 3579 :edibus
2482 3536 2817 3580 versaretur.
2855 3525 2933 3580 Ex
2988 3527 3186 3582 horum
3239 3529 3553 3599 itaquemc-

1960 3617 2155 3682 moria,
2184 3625 2239 3671 et
2259 3633 2324 3672 ex
2365 3618 2488 3672 aliis
2530 3628 2795 3688 pragterea
2834 3620 3076 3690 scriptis,
3138 3622 3288 3676 utilia
3322 3641 3550 3694 qua:th

1959 3704 2285 3776 colligendo,
2323 3706 2610 3761 historiam
2655 3711 3046 3777 composuisse.
3101 3709 3345 3765 Meminit
3395 3713 3547 3767 insu-

1959 3809 2075 3862 per,
2099 3795 2389 3866 laudatque
2415 3798 2557 3851 dicta
2584 3805 2828 3868 quaedam
2848 3798 3053 3856 Gelasii
3073 3799 3353 3870 cujusdam
3381 3821 3545 3872 quem

1957 3885 2074 3957 ipse
2096 3887 2368 3943 Gelasium
2407 3891 2545 3960 (ίὲ),
2577 3891 2844 3945 Bullinum
2882 3907 3098 3962 quoque
3149 3897 3545 3965 nominat(13).

1959 3978 2124 4036 Suam
2169 3996 2333 4050 porro
2366 3983 2600 4060 patriam
2633 3997 2756 4038 esse
2797 3983 2874 4038 ait
2903 3986 3160 4056 Cyzicum
3191 4009 3203 4045 ;
3232 4000 3547 4059 patremque

1956 4088 2123 4127 unum
2155 4074 2220 4130 de
2255 4074 2367 4146 (M)
2397 4076 2732 4146 presbyteris
2756 4076 2952 4130 ibidem
2977 4079 3274 4134 exstitisse.
3311 4080 3400 4136 Sic
3425 4083 3545 4137 lihri

1957 4165 2124 4236 hujus
2146 4165 2663 4238 loquiturscriptor,
2697 4181 2858 4238 atque
2908 4169 3022 4226 haec
3065 4170 3204 4227 liber
3238 4173 3354 4242 ipse
3393 4189 3547 4229 com-

1957 4269 2247 4314 memorat.

2508 4330 2774 4388 LXXXIX
2829 4335 2965 4407 (l5).

1958 4417 2158 4496 Gelasii
2211 4420 2472 4476 (ἔωσαν-ιω
2510 4421 2810 4496 Palaestina:
2838 4431 3068 4496 episcop.
3119 4426 3435 4480 Prooemium
3487 4431 3543 4481 in

2029 4493 2450 4546 additamentum
2471 4495 2541 4546 ad
2613 4493 2922 4552 Ecclesiast.
2967 4497 3257 4551 Historiam
3329 4497 3543 4552 Eusebii

1877 4525 1923 4581 υ
2020 4525 2312 4632 5:335:53

2021 4651 2142 4707 Jam
2176 4653 2313 4708 alter
2346 4653 2554 4726 [rerum
2580 4656 3093 4725 ecclesiasticarum,
3142 4658 3212 4714 de
3238 4674 3346 4730 quo
3378 4675 3541 4730 supra

605 4809 610 4813 -
1571 4773 1803 4830 VARIAE
1844 4769 2256 4828 LECTIONES.

328 4871 371 4904 ιτ
399 4871 500 4944 ὡς]
531 4871 668 4944 πρὸς
698 4869 896 4944 ALO“
926 4887 988 4936 ς,
1034 4869 1109 4944 is
1129 4868 1224 4924 καὶ
1255 4869 1375 4944 add.
1409 4868 1457 4922 Α
1494 4885 1508 4923 :
1558 4867 1630 4944 ,ξ’
1660 4869 1801 4921 κατὰ
1841 4865 2208 4944 ῐίαλαιστίμνην
2229 4869 2334 4944 Au:
2361 4868 2432 4944 Δἐν
2458 4866 2788 4944 βαλαιστίνῃ
2811 4869 3120 4944 γενομένων
3153 4889 3215 4939 ς’.
3293 4873 3341 4905 ’⁸
3375 4874 3542 4930 νοτιιο

261 4941 369 5011 ἔχει
401 4935 686 4999 numerum
719 4935 857 4994 infra
921 4944 996 5008 (ν.
1028 4939 1120 5007 ΞἹ)
1178 4942 1464 5001 omissum,
1510 4935 1622 5003 πΘ¹,
1679 4940 1904 5006 apponit
1947 4953 2054 5005 mg.
2089 4938 2156 4991 A.

266 5028 429 5071 ραντα
471 5053 488 5068 .
600 5012 648 5044 ’³
689 5010 809 5071 ἅμα
839 5010 1020 5065 καλῶν
1046 5011 1088 5062 Α
1124 5009 1449 5064 εᾶνακαλῶν
1473 5027 1535 5071 ς.
1613 5007 1664 5040 ’⁸
1696 5006 1842 5060 οὕτω
1865 5024 1927 5071 ς.

266 5009 429 5082 (idm:
471 5053 488 5068 .
600 5012 648 5044 ”
689 5010 809 5072 ἅμα
839 5010 1020 5065 καλῶν
1046 5011 1088 5062 Α
1124 5009 1449 5064 εᾶνακαλῶν
1473 5027 1535 5074 ς.

2271 4937 2316 4970 ³⁸
2357 4939 2722 5010 ἐφελκόμενον
2761 4937 2982 5005 ’ταύτας
3053 4961 3118 5010 ς.
3164 4937 3240 4978 ³⁸
3288 4946 3542 5014 συναγεί-

1801 5072 2037 5136 ΝΟΤᾹΞ.

326 5151 401 5220 (7)
440 5152 612 5234 Illum-
629 5151 773 5207 forte
790 5151 1034 5208 codiceni
1065 5159 1237 5221 putat,
1269 5167 1428 5222 quem
1459 5165 1620 5220 supra
1677 5147 1798 5204 loco
1825 5165 1843 5203 t

270 5233 533 5274 recensuit.

272 5359 283 5362 _
330 5290 406 5362 (8)
434 5289 710 5347 lllustriss.
735 5299 883 5347 certe
903 5289 1104 5347 Baron.
1129 5301 1171 5347 t.
1197 5290 1291 5356 Vl,
1313 5291 1382 5346 ad
1404 5307 1532 5346 ann.
1559 5289 1685 5362 Chr.
1711 5288 1840 5352 496,

2057 5144 2141 5202 l0)
2159 5146 2305 5200 Ann.
2338 5144 2540 5202 Christi
2567 5145 2695 5201 466.

2052 5215 2141 5287 ll)
2168 5215 2298 5290 Quae
2328 5217 2576 5290 inissent
2635 5217 2910 5290 Dalmatii,
2942 5218 3331 5290 Cyzicenorum
3369 5237 3542 5288 quon-

1950 5285 2076 5358 daia
2095 5285 2418 5358 archiepisq
2450 5289 2609 5358 cujus
2635 5299 2689 5344 et
2711 5289 2969 5344 Socrates
2987 5285 3308 5344 iuemiuisse
3329 5285 3542 5346 \‘ttlelttt‘

271 5357 406 5432 i_ni:t.,
438 5363 686 5432 eumdem
731 5363 1067 5432 demonstrat
1098 5363 1374 5419 Gelasium
1421 5361 1584 5432 hujus
1610 5359 1754 5432 Hist.
1787 5369 1843 5414 et
1949 5357 2185 5432 ηαλμ,-
2207 5371 2326 5432 cap.
2350 5357 2439 5414 28.

269 5428 449 5484 Libelli
473 5431 734 5485 Adversus
750 5431 1047 5496 Anomwos,
1068 5436 1182 5488 sive
1211 5428 1514 5496 Eutychen}
1535 5431 1612 5486 De
1631 5431 1840 5484 duabus

270 5502 468 5555 naturis
488 5505 541 5556 in
564 5502 804 5565 Christo,
826 5515 1100 5558 auctorem
1122 5519 1264 5559 esse.
1290 5499 1421 5558 Vide
1438 5501 1537 5559 inf.
1565 5500 1686 5556 cod.
1711 5499 1834 5553 102.

337 5571 411 5640 (9)
443 5571 654 5626 Eusebii
685 5586 949 5636 errorem,
979 5589 1007 5624 a
1035 5574 1217 5628 multis
1245 5575 1450 5642 pridem
1479 5571 1708 5642 Graecis
1735 5567 1838 5642 La-

269 5639 494 5719 tinisque
528 5643 888 5720 scriptoribus
918 5639 1514 5720 refutatutn,'scqttitur
1551 5643 1637 5697 hic
1669 5639 1831 5720 Gela-

270 5711 378 5764 sius
407 5729 422 5766 :
449 5723 501 5767 et
530 5715 645 5768 hac
674 5715 900 5769 forsitan
927 5728 1092 5768 causa
1119 5715 1306 5769 omissi
1339 5711 1390 5769 in
1431 5730 1532 5769 ms.
1569 5711 1714 5767 tertii
1742 5711 1842 5764 ltu-

265 5779 353 5848 ius
379 5780 506 5841 llist.
525 5783 822 5842 libri.Vidc
845 5782 971 5838 Bar.
990 5785 1141 5841 card.
1173 5794 1212 5841 t.
1231 5783 1392 5854 lll,ad
1443 5801 1532 5841 an.
1561 5783 1662 5840 ca.
1706 5778 1837 5835 3M.

2019 5427 2286 5503 (l2)_l.i_b_.
2351 5444 2390 5490 ι,
2423 5444 2544 5500 cap.
2583 5429 2638 5488 7.
2700 5430 2823 5486 init.
2876 5429 3012 5498 Ὅγε
3043 5426 3160 5503 μὴν
3223 5431 3536 5502 Ῥουφινος,

1946 5497 2120 5568 ἦγουν
2146 5497 2423 5568 Γελάσιος.

2015 5568 2127 5637 (l5)
2148 5567 2307 5622 Initio
2338 5569 2694 5626 Praefatiouis.

2018 5639 2132 5714 (ll)
2163 5639 2304 5692 Ante
2332 5641 2701 5714 sacerdotimn
2717 5651 2905 5714 tamen
2931 5641 2984 5695 in
3006 5641 3258 5714 coniugio
3281 5653 3532 5700 nostrum

1951 5708 2228 5780 Gelasium
2253 5725 2374 5764 esse
2394 5713 2633 5780 genitum
2672 5712 2767 5766 tibi
2793 5724 3000 5768 centum
3028 5708 3118 5768 sit.

2015 5778 2334 5852 (t5).Quem
2367 5778 2468 5850 ego
2503 5797 2812 5848 numerum,
2849 5785 3079 5854 primum
3117 5784 3396 5854 omissum,
3435 5783 3533 5846 deo
