  <div class='ocr_page' id='page_1' title='image "/cluster/home/n/w/nwhite01/storage/ocr_20150623/103 pt.3/mdp.39015061933738/158.png"; bbox 0 0 3942 6234; ppageno 0'>
   <div class='ocr_carea' id='block_1_1' title="bbox 195 306 294 371">
    <p class='ocr_par' dir='ltr' id='par_1_1' title="bbox 195 306 294 371">
     <span class='ocr_line' id='line_1_1' title="bbox 195 306 294 371; baseline 0 0"><span class='ocrx_word' id='word_1_1' title='bbox 195 306 294 371; x_wconf 77' lang='grc' dir='ltr'><strong>29Ἰ</strong></span> 
     </span>
    </p>
   </div>
   <div class='ocr_carea' id='block_1_2' title="bbox 1298 311 2327 376">
    <p class='ocr_par' dir='ltr' id='par_1_2' title="bbox 1298 311 2327 376">
     <span class='ocr_line' id='line_1_2' title="bbox 1298 311 2327 376; baseline 0.001 -5"><span class='ocrx_word' id='word_1_2' title='bbox 1298 311 1826 374; x_wconf 86' lang='lat' dir='ltr'><strong>BIBLIOTHECA.</strong></span> <span class='ocrx_word' id='word_1_3' title='bbox 1869 339 1939 350; x_wconf 88' lang='lat'><strong>—-</strong></span> <span class='ocrx_word' id='word_1_4' title='bbox 1977 313 2143 376; x_wconf 91' lang='lat' dir='ltr'><strong>COD.</strong></span> <span class='ocrx_word' id='word_1_5' title='bbox 2179 315 2327 375; x_wconf 85' lang='lat' dir='ltr'><strong>XCI.</strong></span> 
     </span>
    </p>
   </div>
   <div class='ocr_carea' id='block_1_3' title="bbox 3360 311 3468 372">
    <p class='ocr_par' dir='ltr' id='par_1_3' title="bbox 3360 311 3468 372">
     <span class='ocr_line' id='line_1_3' title="bbox 3360 311 3468 372; baseline 0 0"><span class='ocrx_word' id='word_1_6' title='bbox 3360 311 3468 372; x_wconf 75' lang='lat'><strong>‘298</strong></span> 
     </span>
    </p>
   </div>
   <div class='ocr_carea' id='block_1_4' title="bbox 195 419 1791 495">
    <p class='ocr_par' dir='ltr' id='par_1_4' title="bbox 195 419 1781 493">
     <span class='ocr_line' id='line_1_4' title="bbox 195 419 1781 493; baseline 0.003 -22"><span class='ocrx_word' id='word_1_7' title='bbox 195 421 374 481; x_wconf 80' lang='grc' dir='ltr'><strong>ναίους</strong></span> <span class='ocrx_word' id='word_1_8' title='bbox 402 419 644 484; x_wconf 71' lang='grc' dir='ltr'>σπονδάς</span> <span class='ocrx_word' id='word_1_9' title='bbox 671 422 769 476; x_wconf 78' lang='grc' dir='ltr'>καὶ</span> <span class='ocrx_word' id='word_1_10' title='bbox 797 421 923 486; x_wconf 85' lang='grc' dir='ltr'>τοὺς</span> <span class='ocrx_word' id='word_1_11' title='bbox 943 421 1133 486; x_wconf 77' lang='grc' dir='ltr'>ἄλλους</span> <span class='ocrx_word' id='word_1_12' title='bbox 1162 421 1434 493; x_wconf 83' lang='grc' dir='ltr'>Ἕλληνας</span> <span class='ocrx_word' id='word_1_13' title='bbox 1452 462 1467 487; x_wconf 92' lang='grc'><strong>,</strong></span> <span class='ocrx_word' id='word_1_14' title='bbox 1495 422 1624 475; x_wconf 82' lang='grc' dir='ltr'>ἄνευ</span> <span class='ocrx_word' id='word_1_15' title='bbox 1653 421 1781 493; x_wconf 83' lang='grc' dir='ltr'>μέν·</span> 
     </span>
    </p>
   </div>
   <div class='ocr_carea' id='block_1_5' title="bbox 1897 419 3468 495">
    <p class='ocr_par' dir='ltr' id='par_1_5' title="bbox 1897 420 3468 495">
     <span class='ocr_line' id='line_1_5' title="bbox 1897 420 3468 495; baseline -0.001 -17"><span class='ocrx_word' id='word_1_16' title='bbox 1897 423 2037 478; x_wconf 80' lang='lat' dir='ltr'><strong>sibus</strong></span> <span class='ocrx_word' id='word_1_17' title='bbox 2081 423 2407 495; x_wconf 66' lang='lat' dir='ltr'><strong>caaterisque</strong></span> <span class='ocrx_word' id='word_1_18' title='bbox 2444 421 2670 489; x_wconf 67' lang='lat' dir='ltr'><strong>Graecis,</strong></span> <span class='ocrx_word' id='word_1_19' title='bbox 2718 420 3153 478; x_wconf 61' lang='lat' dir='ltr'><strong>Lacedaemoniis</strong></span> <span class='ocrx_word' id='word_1_20' title='bbox 3203 423 3468 491; x_wconf 77' lang='lat' dir='ltr'><strong>exceptis,</strong></span> 
     </span>
    </p>
   </div>
   <div class='ocr_carea' id='block_1_6' title="bbox 194 510 1780 586">
    <p class='ocr_par' dir='ltr' id='par_1_6' title="bbox 194 510 1780 586">
     <span class='ocr_line' id='line_1_6' title="bbox 194 510 1780 586; baseline 0.003 -24"><span class='ocrx_word' id='word_1_21' title='bbox 194 519 272 563; x_wconf 78' lang='grc' dir='ltr'><strong>τσι</strong></span> <span class='ocrx_word' id='word_1_22' title='bbox 300 510 756 582; x_wconf 83' lang='grc' dir='ltr'>Δακεδαιμονίων</span> <span class='ocrx_word' id='word_1_23' title='bbox 774 553 791 580; x_wconf 94' lang='grc'><strong>,</strong></span> <span class='ocrx_word' id='word_1_24' title='bbox 824 515 920 569; x_wconf 77' lang='grc' dir='ltr'>καὶ</span> <span class='ocrx_word' id='word_1_25' title='bbox 940 514 1038 586; x_wconf 80' lang='grc' dir='ltr'>τὴν</span> <span class='ocrx_word' id='word_1_26' title='bbox 1070 514 1163 568; x_wconf 69' lang='grc' dir='ltr'>ἐπὶ</span> <span class='ocrx_word' id='word_1_27' title='bbox 1189 516 1290 586; x_wconf 83' lang='grc' dir='ltr'><strong>τὴν</strong></span> <span class='ocrx_word' id='word_1_28' title='bbox 1326 514 1512 567; x_wconf 88' lang='grc' dir='ltr'>Ἀσίαν</span> <span class='ocrx_word' id='word_1_29' title='bbox 1537 514 1780 585; x_wconf 88' lang='grc' dir='ltr'>περαίω-</span> 
     </span>
    </p>
   </div>
   <div class='ocr_carea' id='block_1_7' title="bbox 197 602 1780 679">
    <p class='ocr_par' dir='ltr' id='par_1_7' title="bbox 197 602 1780 679">
     <span class='ocr_line' id='line_1_7' title="bbox 197 602 1780 679; baseline -0.005 -13"><span class='ocrx_word' id='word_1_30' title='bbox 197 616 279 655; x_wconf 83' lang='grc' dir='ltr'><strong>σιν</strong></span> <span class='ocrx_word' id='word_1_31' title='bbox 295 641 310 665; x_wconf 73' lang='grc' dir='ltr'><strong>ς</strong></span> <span class='ocrx_word' id='word_1_32' title='bbox 331 602 487 667; x_wconf 77' lang='grc' dir='ltr'>ὅπως</span> <span class='ocrx_word' id='word_1_33' title='bbox 520 621 582 656; x_wconf 83' lang='grc' dir='ltr'><strong>τε</strong></span> <span class='ocrx_word' id='word_1_34' title='bbox 611 605 818 676; x_wconf 83' lang='grc' dir='ltr'><strong>μάχαις</strong></span> <span class='ocrx_word' id='word_1_35' title='bbox 855 607 1004 678; x_wconf 79' lang='grc' dir='ltr'>τρισὶ</span> <span class='ocrx_word' id='word_1_36' title='bbox 1022 607 1068 638; x_wconf 81' lang='grc'><strong>³³</strong></span> <span class='ocrx_word' id='word_1_37' title='bbox 1093 606 1506 679; x_wconf 78' lang='grc' dir='ltr'><strong>κατεστρέψατο</strong></span> <span class='ocrx_word' id='word_1_38' title='bbox 1528 607 1780 678; x_wconf 81' lang='grc' dir='ltr'><strong>Πέρσας,</strong></span> 
     </span>
    </p>
   </div>
   <div class='ocr_carea' id='block_1_8' title="bbox 196 693 1783 770">
    <p class='ocr_par' dir='ltr' id='par_1_8' title="bbox 196 693 1783 770">
     <span class='ocr_line' id='line_1_8' title="bbox 196 693 1783 770; baseline 0.003 -25"><span class='ocrx_word' id='word_1_39' title='bbox 196 693 250 746; x_wconf 79' lang='grc' dir='ltr'><strong>ἐν</strong></span> <span class='ocrx_word' id='word_1_40' title='bbox 272 693 529 764; x_wconf 81' lang='grc' dir='ltr'>Γρανικῷ</span> <span class='ocrx_word' id='word_1_41' title='bbox 575 695 678 766; x_wconf 72' lang='grc' dir='ltr'>μὲν</span> <span class='ocrx_word' id='word_1_42' title='bbox 723 697 850 762; x_wconf 81' lang='grc' dir='ltr'>τοὺς</span> <span class='ocrx_word' id='word_1_43' title='bbox 890 699 1179 769; x_wconf 81' lang='grc' dir='ltr'><strong>σατράπας</strong></span> <span class='ocrx_word' id='word_1_44' title='bbox 1219 698 1484 770; x_wconf 81' lang='grc' dir='ltr'><strong>Δαρείου,</strong></span> <span class='ocrx_word' id='word_1_45' title='bbox 1522 697 1783 768; x_wconf 78' lang='grc' dir='ltr'>στρατιὰν</span> 
     </span>
    </p>
   </div>
   <div class='ocr_carea' id='block_1_9' title="bbox 197 785 1784 861">
    <p class='ocr_par' dir='ltr' id='par_1_9' title="bbox 197 785 1784 861">
     <span class='ocr_line' id='line_1_9' title="bbox 197 785 1784 861; baseline 0.002 -21"><span class='ocrx_word' id='word_1_46' title='bbox 197 785 427 854; x_wconf 74' lang='grc' dir='ltr'>ἄγοντας</span> <span class='ocrx_word' id='word_1_47' title='bbox 475 787 801 860; x_wconf 79' lang='grc' dir='ltr'>δισμυρίους</span> <span class='ocrx_word' id='word_1_48' title='bbox 854 789 954 860; x_wconf 81' lang='grc' dir='ltr'><strong>μὲν</strong></span> <span class='ocrx_word' id='word_1_49' title='bbox 989 792 1212 856; x_wconf 75' lang='grc' dir='ltr'>ἱππεῖς,</span> <span class='ocrx_word' id='word_1_50' title='bbox 1246 789 1450 854; x_wconf 82' lang='grc' dir='ltr'>πεζοὺς</span> <span class='ocrx_word' id='word_1_51' title='bbox 1481 789 1540 844; x_wconf 84' lang='grc' dir='ltr'>δὲ</span> <span class='ocrx_word' id='word_1_52' title='bbox 1569 789 1722 861; x_wconf 81' lang='grc' dir='ltr'>παρὰ</span> <span class='ocrx_word' id='word_1_53' title='bbox 1738 789 1784 822; x_wconf 85' lang='grc'>³³</span> 
     </span>
    </p>
   </div>
   <div class='ocr_carea' id='block_1_10' title="bbox 200 878 1783 955">
    <p class='ocr_par' dir='ltr' id='par_1_10' title="bbox 200 878 1783 955">
     <span class='ocr_line' id='line_1_10' title="bbox 200 878 1783 955; baseline 0.004 -25"><span class='ocrx_word' id='word_1_54' title='bbox 200 879 394 950; x_wconf 80' lang='grc' dir='ltr'>μικρὸν</span> <span class='ocrx_word' id='word_1_55' title='bbox 427 878 613 946; x_wconf 77' lang='grc' dir='ltr'>ἴσους,</span> <span class='ocrx_word' id='word_1_56' title='bbox 661 881 889 947; x_wconf 83' lang='grc' dir='ltr'>τούτους</span> <span class='ocrx_word' id='word_1_57' title='bbox 919 882 1244 954; x_wconf 79' lang='grc' dir='ltr'><strong>σύμπαντας</strong></span> <span class='ocrx_word' id='word_1_58' title='bbox 1292 883 1783 955; x_wconf 83' lang='grc' dir='ltr'>καταπολεμήσας,</span> 
     </span>
    </p>
   </div>
   <div class='ocr_carea' id='block_1_11' title="bbox 198 969 1786 1046">
    <p class='ocr_par' dir='ltr' id='par_1_11' title="bbox 198 969 1786 1046">
     <span class='ocr_line' id='line_1_11' title="bbox 198 969 1786 1046; baseline 0.004 -24"><span class='ocrx_word' id='word_1_59' title='bbox 198 969 252 1023; x_wconf 84' lang='grc' dir='ltr'><strong>ἐν</strong></span> <span class='ocrx_word' id='word_1_60' title='bbox 299 969 464 1042; x_wconf 85' lang='grc' dir='ltr'><strong>Ἰσσῷ</strong></span> <span class='ocrx_word' id='word_1_61' title='bbox 510 972 569 1026; x_wconf 87' lang='grc' dir='ltr'>δὲ</span> <span class='ocrx_word' id='word_1_62' title='bbox 601 972 765 1027; x_wconf 81' lang='grc' dir='ltr'>αὐτόν</span> <span class='ocrx_word' id='word_1_63' title='bbox 816 991 877 1028; x_wconf 91' lang='grc' dir='ltr'><strong>τε</strong></span> <span class='ocrx_word' id='word_1_64' title='bbox 907 977 1134 1046; x_wconf 81' lang='grc' dir='ltr'>Δαρεῖον</span> <span class='ocrx_word' id='word_1_65' title='bbox 1166 975 1260 1028; x_wconf 75' lang='grc' dir='ltr'><strong>καὶ</strong></span> <span class='ocrx_word' id='word_1_66' title='bbox 1291 975 1418 1038; x_wconf 85' lang='grc' dir='ltr'>τοὺς</span> <span class='ocrx_word' id='word_1_67' title='bbox 1455 976 1595 1044; x_wconf 81' lang='grc' dir='ltr'>ἀμφ’</span> <span class='ocrx_word' id='word_1_68' title='bbox 1623 975 1786 1030; x_wconf 85' lang='grc' dir='ltr'>αὑτὸν</span> 
     </span>
    </p>
   </div>
   <div class='ocr_carea' id='block_1_12' title="bbox 200 1063 1788 1138">
    <p class='ocr_par' dir='ltr' id='par_1_12' title="bbox 200 1063 1788 1138">
     <span class='ocr_line' id='line_1_12' title="bbox 200 1063 1788 1138; baseline 0.003 -21"><span class='ocrx_word' id='word_1_69' title='bbox 200 1063 338 1117; x_wconf 78' lang='grc' dir='ltr'>κατὰ</span> <span class='ocrx_word' id='word_1_70' title='bbox 355 1064 566 1137; x_wconf 86' lang='grc' dir='ltr'>κράτος</span> <span class='ocrx_word' id='word_1_71' title='bbox 586 1065 933 1137; x_wconf 70' lang='grc' dir='ltr'>τρεψάμενος</span> <span class='ocrx_word' id='word_1_72' title='bbox 955 1107 970 1130; x_wconf 87' lang='grc'><strong>,</strong></span> <span class='ocrx_word' id='word_1_73' title='bbox 988 1067 1082 1122; x_wconf 76' lang='grc' dir='ltr'><strong>καὶ</strong></span> <span class='ocrx_word' id='word_1_74' title='bbox 1108 1065 1390 1120; x_wconf 85' lang='grc' dir='ltr'>συλλαϐὼν</span> <span class='ocrx_word' id='word_1_75' title='bbox 1406 1065 1788 1138; x_wconf 77' lang='grc' dir='ltr'><strong>αἰχμαλώτους</strong></span> 
     </span>
    </p>
   </div>
   <div class='ocr_carea' id='block_1_13' title="bbox 201 1157 1786 1231">
    <p class='ocr_par' dir='ltr' id='par_1_13' title="bbox 201 1157 1786 1231">
     <span class='ocr_line' id='line_1_13' title="bbox 201 1157 1786 1231; baseline 0.003 -21"><span class='ocrx_word' id='word_1_76' title='bbox 201 1157 394 1222; x_wconf 83' lang='grc' dir='ltr'>παῖδάς</span> <span class='ocrx_word' id='word_1_77' title='bbox 425 1175 486 1213; x_wconf 85' lang='grc' dir='ltr'><strong>τε</strong></span> <span class='ocrx_word' id='word_1_78' title='bbox 529 1160 626 1213; x_wconf 78' lang='grc' dir='ltr'>καὶ</span> <span class='ocrx_word' id='word_1_79' title='bbox 655 1160 828 1230; x_wconf 81' lang='grc' dir='ltr'>αὐτὴν</span> <span class='ocrx_word' id='word_1_80' title='bbox 849 1161 1086 1229; x_wconf 81' lang='grc' dir='ltr'>γυναῖκα</span> <span class='ocrx_word' id='word_1_81' title='bbox 1108 1203 1123 1227; x_wconf 94' lang='grc'><strong>,</strong></span> <span class='ocrx_word' id='word_1_82' title='bbox 1156 1160 1214 1214; x_wconf 90' lang='grc' dir='ltr'><strong>ἐν</strong></span> <span class='ocrx_word' id='word_1_83' title='bbox 1246 1160 1536 1231; x_wconf 83' lang='grc' dir='ltr'>Ἀρϐήλοις</span> <span class='ocrx_word' id='word_1_84' title='bbox 1581 1160 1639 1212; x_wconf 84' lang='grc' dir='ltr'>δὲ</span> <span class='ocrx_word' id='word_1_85' title='bbox 1667 1161 1786 1231; x_wconf 77' lang='grc' dir='ltr'>ἦτοι</span> 
     </span>
    </p>
   </div>
   <div class='ocr_carea' id='block_1_14' title="bbox 200 1249 1787 1322">
    <p class='ocr_par' dir='ltr' id='par_1_14' title="bbox 200 1249 1787 1322">
     <span class='ocr_line' id='line_1_14' title="bbox 200 1249 1787 1322; baseline 0.002 -20"><span class='ocrx_word' id='word_1_86' title='bbox 200 1250 249 1302; x_wconf 85' lang='grc' dir='ltr'><strong>ἐν</strong></span> <span class='ocrx_word' id='word_1_87' title='bbox 283 1249 676 1322; x_wconf 79' lang='grc' dir='ltr'><strong>Γαυγαμήλοις</strong></span> <span class='ocrx_word' id='word_1_88' title='bbox 697 1253 777 1314; x_wconf 85' lang='grc' dir='ltr'><strong>είς</strong></span> <span class='ocrx_word' id='word_1_89' title='bbox 798 1251 952 1316; x_wconf 84' lang='grc' dir='ltr'>τέλος</span> <span class='ocrx_word' id='word_1_90' title='bbox 979 1251 1143 1304; x_wconf 82' lang='grc' dir='ltr'>αὑτὸν</span> <span class='ocrx_word' id='word_1_91' title='bbox 1169 1253 1494 1322; x_wconf 74' lang='grc' dir='ltr'><strong>ἐκνικήσας.</strong></span> <span class='ocrx_word' id='word_1_92' title='bbox 1517 1253 1706 1316; x_wconf 86' lang='grc' dir='ltr'><strong>Ὅπως</strong></span> <span class='ocrx_word' id='word_1_93' title='bbox 1726 1268 1787 1305; x_wconf 89' lang='grc' dir='ltr'><strong>τε</strong></span> 
     </span>
    </p>
   </div>
   <div class='ocr_carea' id='block_1_15' title="bbox 202 1340 1790 1415">
    <p class='ocr_par' dir='ltr' id='par_1_15' title="bbox 202 1340 1790 1415">
     <span class='ocr_line' id='line_1_15' title="bbox 202 1340 1790 1415; baseline 0.004 -22"><span class='ocrx_word' id='word_1_94' title='bbox 202 1340 418 1408; x_wconf 72' lang='grc' dir='ltr'>φεύγων</span> <span class='ocrx_word' id='word_1_95' title='bbox 449 1344 671 1412; x_wconf 83' lang='grc' dir='ltr'>Δαρεῖος</span> <span class='ocrx_word' id='word_1_96' title='bbox 703 1341 811 1396; x_wconf 80' lang='grc' dir='ltr'><strong>ὑπὸ</strong></span> <span class='ocrx_word' id='word_1_97' title='bbox 840 1341 950 1400; x_wconf 81' lang='grc' dir='ltr'><strong>τῶν</strong></span> <span class='ocrx_word' id='word_1_98' title='bbox 981 1343 1201 1397; x_wconf 76' lang='grc' dir='ltr'>οἰκείων</span> <span class='ocrx_word' id='word_1_99' title='bbox 1244 1342 1486 1414; x_wconf 79' lang='grc' dir='ltr'><strong>ἀνῃρέθη</strong></span> <span class='ocrx_word' id='word_1_100' title='bbox 1508 1383 1524 1408; x_wconf 93' lang='grc'><strong>,</strong></span> <span class='ocrx_word' id='word_1_101' title='bbox 1553 1343 1790 1415; x_wconf 73' lang='grc' dir='ltr'><strong>ἀνερρή-</strong></span> 
     </span>
    </p>
   </div>
   <div class='ocr_carea' id='block_1_16' title="bbox 202 1432 1788 1506">
    <p class='ocr_par' dir='ltr' id='par_1_16' title="bbox 202 1432 1788 1506">
     <span class='ocr_line' id='line_1_16' title="bbox 202 1432 1788 1506; baseline 0.002 -20"><span class='ocrx_word' id='word_1_102' title='bbox 202 1433 260 1503; x_wconf 86' lang='grc' dir='ltr'><strong>θη</strong></span> <span class='ocrx_word' id='word_1_103' title='bbox 289 1433 351 1488; x_wconf 86' lang='grc' dir='ltr'>δὲ</span> <span class='ocrx_word' id='word_1_104' title='bbox 399 1432 520 1487; x_wconf 82' lang='grc' dir='ltr'><strong>ἀντ’</strong></span> <span class='ocrx_word' id='word_1_105' title='bbox 564 1434 731 1488; x_wconf 83' lang='grc' dir='ltr'>αὑτοῦ</span> <span class='ocrx_word' id='word_1_106' title='bbox 769 1434 875 1487; x_wconf 83' lang='grc' dir='ltr'><strong>ὑπὸ</strong></span> <span class='ocrx_word' id='word_1_107' title='bbox 920 1435 1030 1489; x_wconf 81' lang='grc' dir='ltr'>τῶν</span> <span class='ocrx_word' id='word_1_108' title='bbox 1070 1435 1200 1506; x_wconf 82' lang='grc' dir='ltr'>περὶ</span> <span class='ocrx_word' id='word_1_109' title='bbox 1243 1435 1406 1489; x_wconf 75' lang='grc' dir='ltr'>αὐτὸν</span> <span class='ocrx_word' id='word_1_110' title='bbox 1435 1436 1515 1499; x_wconf 79' lang='grc' dir='ltr'><strong>είς</strong></span> <span class='ocrx_word' id='word_1_111' title='bbox 1564 1435 1788 1506; x_wconf 81' lang='grc' dir='ltr'><strong>βασιλέα</strong></span> 
     </span>
    </p>
   </div>
   <div class='ocr_carea' id='block_1_17' title="bbox 186 1519 1782 1596">
    <p class='ocr_par' dir='ltr' id='par_1_17' title="bbox 186 1519 1782 1596">
     <span class='ocr_line' id='line_1_17' title="bbox 186 1519 1782 1596; baseline 0.001 -20"><span class='ocrx_word' id='word_1_112' title='bbox 186 1519 410 1595; x_wconf 69' lang='grc' dir='ltr'>’Βῆσσος</span> <span class='ocrx_word' id='word_1_113' title='bbox 439 1539 454 1553; x_wconf 90' lang='grc'><strong>·</strong></span> <span class='ocrx_word' id='word_1_114' title='bbox 483 1525 634 1589; x_wconf 79' lang='grc' dir='ltr'>ὅπως</span> <span class='ocrx_word' id='word_1_115' title='bbox 653 1542 712 1577; x_wconf 87' lang='grc' dir='ltr'><strong>τε</strong></span> <span class='ocrx_word' id='word_1_116' title='bbox 739 1524 966 1596; x_wconf 78' lang='grc' dir='ltr'>ὕστερον</span> <span class='ocrx_word' id='word_1_117' title='bbox 988 1525 1198 1596; x_wconf 81' lang='grc' dir='ltr'>Βῆσσον</span> <span class='ocrx_word' id='word_1_118' title='bbox 1225 1525 1574 1596; x_wconf 78' lang='grc' dir='ltr'>Ἀλέξανδρος</span> <span class='ocrx_word' id='word_1_119' title='bbox 1597 1526 1782 1579; x_wconf 86' lang='grc' dir='ltr'>λαϐὼν</span> 
     </span>
    </p>
   </div>
   <div class='ocr_carea' id='block_1_18' title="bbox 202 1617 1787 1692">
    <p class='ocr_par' dir='ltr' id='par_1_18' title="bbox 202 1617 1787 1692">
     <span class='ocr_line' id='line_1_18' title="bbox 202 1617 1787 1692; baseline 0.004 -23"><span class='ocrx_word' id='word_1_120' title='bbox 202 1617 292 1686; x_wconf 80' lang='grc' dir='ltr'><strong>τῆς</strong></span> <span class='ocrx_word' id='word_1_121' title='bbox 333 1619 417 1680; x_wconf 82' lang='grc' dir='ltr'><strong>είς</strong></span> <span class='ocrx_word' id='word_1_122' title='bbox 457 1620 690 1690; x_wconf 87' lang='grc' dir='ltr'>Δαρεῖον</span> <span class='ocrx_word' id='word_1_123' title='bbox 726 1619 934 1690; x_wconf 80' lang='grc' dir='ltr'>τόλμης</span> <span class='ocrx_word' id='word_1_124' title='bbox 966 1619 1282 1692; x_wconf 78' lang='grc' dir='ltr'>ἐλωϐήσατό</span> <span class='ocrx_word' id='word_1_125' title='bbox 1313 1637 1374 1674; x_wconf 87' lang='grc' dir='ltr'><strong>τε</strong></span> <span class='ocrx_word' id='word_1_126' title='bbox 1414 1621 1509 1674; x_wconf 81' lang='grc' dir='ltr'>καὶ</span> <span class='ocrx_word' id='word_1_127' title='bbox 1554 1621 1787 1675; x_wconf 86' lang='grc' dir='ltr'><strong>ἀνεῖλεν.</strong></span> 
     </span>
    </p>
   </div>
   <div class='ocr_carea' id='block_1_19' title="bbox 208 1709 1782 1785">
    <p class='ocr_par' dir='ltr' id='par_1_19' title="bbox 208 1709 1782 1785">
     <span class='ocr_line' id='line_1_19' title="bbox 208 1709 1782 1785; baseline 0.003 -23"><span class='ocrx_word' id='word_1_128' title='bbox 208 1709 320 1762; x_wconf 85' lang='grc' dir='ltr'><strong>Ἔτι</strong></span> <span class='ocrx_word' id='word_1_129' title='bbox 351 1727 415 1762; x_wconf 89' lang='grc' dir='ltr'>τε</span> <span class='ocrx_word' id='word_1_130' title='bbox 439 1712 586 1773; x_wconf 79' lang='grc' dir='ltr'>ὅπως</span> <span class='ocrx_word' id='word_1_131' title='bbox 605 1712 664 1766; x_wconf 85' lang='grc' dir='ltr'><strong>ἐν</strong></span> <span class='ocrx_word' id='word_1_132' title='bbox 689 1711 891 1780; x_wconf 86' lang='grc' dir='ltr'>μάχαις</span> <span class='ocrx_word' id='word_1_133' title='bbox 907 1711 1258 1783; x_wconf 81' lang='grc' dir='ltr'>Ἀλέξανδρος</span> <span class='ocrx_word' id='word_1_134' title='bbox 1281 1713 1514 1777; x_wconf 77' lang='grc' dir='ltr'>ἑπτάκις</span> <span class='ocrx_word' id='word_1_135' title='bbox 1542 1713 1782 1785; x_wconf 80' lang='grc' dir='ltr'><strong>ἐτρώθη·</strong></span> 
     </span>
    </p>
   </div>
   <div class='ocr_carea' id='block_1_20' title="bbox 204 1797 1783 1877">
    <p class='ocr_par' dir='ltr' id='par_1_20' title="bbox 204 1797 1783 1877">
     <span class='ocr_line' id='line_1_20' title="bbox 204 1797 1783 1877; baseline 0.001 -21"><span class='ocrx_word' id='word_1_136' title='bbox 204 1804 286 1856; x_wconf 73' lang='grc' dir='ltr'><strong>καὶ</strong></span> <span class='ocrx_word' id='word_1_137' title='bbox 315 1803 471 1866; x_wconf 77' lang='grc' dir='ltr'>ὅπως</span> <span class='ocrx_word' id='word_1_138' title='bbox 510 1797 623 1856; x_wconf 78' lang='grc' dir='ltr'>εἷλε</span> <span class='ocrx_word' id='word_1_139' title='bbox 655 1804 724 1858; x_wconf 77' lang='grc' dir='ltr'><strong>τὰ</strong></span> <span class='ocrx_word' id='word_1_140' title='bbox 754 1805 812 1858; x_wconf 89' lang='grc' dir='ltr'>ἐν</span> <span class='ocrx_word' id='word_1_141' title='bbox 849 1805 1136 1873; x_wconf 85' lang='grc' dir='ltr'>Παγάσαις</span> <span class='ocrx_word' id='word_1_142' title='bbox 1156 1805 1202 1838; x_wconf 65' lang='grc'>³⁸</span> <span class='ocrx_word' id='word_1_143' title='bbox 1231 1805 1482 1876; x_wconf 82' lang='grc' dir='ltr'>βασίλεια</span> <span class='ocrx_word' id='word_1_144' title='bbox 1504 1807 1783 1877; x_wconf 76' lang='grc' dir='ltr'>χρήματαο</span> 
     </span>
    </p>
   </div>
   <div class='ocr_carea' id='block_1_21' title="bbox 207 1894 1791 1970">
    <p class='ocr_par' dir='ltr' id='par_1_21' title="bbox 207 1894 1791 1970">
     <span class='ocr_line' id='line_1_21' title="bbox 207 1894 1791 1970; baseline 0.004 -23"><span class='ocrx_word' id='word_1_145' title='bbox 207 1894 292 1947; x_wconf 80' lang='grc' dir='ltr'><strong>καὶ</strong></span> <span class='ocrx_word' id='word_1_146' title='bbox 322 1895 407 1948; x_wconf 83' lang='grc' dir='ltr'>ὅτι</span> <span class='ocrx_word' id='word_1_147' title='bbox 444 1895 699 1959; x_wconf 80' lang='grc' dir='ltr'>πεισθεὶς</span> <span class='ocrx_word' id='word_1_148' title='bbox 741 1896 818 1960; x_wconf 87' lang='grc' dir='ltr'>ὡς</span> <span class='ocrx_word' id='word_1_149' title='bbox 853 1896 1098 1962; x_wconf 82' lang='grc' dir='ltr'>Φιλώτας</span> <span class='ocrx_word' id='word_1_150' title='bbox 1127 1899 1212 1970; x_wconf 77' lang='grc' dir='ltr'><strong>εἴη</strong></span> <span class='ocrx_word' id='word_1_151' title='bbox 1245 1898 1440 1970; x_wconf 82' lang='grc' dir='ltr'>βουλὴν</span> <span class='ocrx_word' id='word_1_152' title='bbox 1473 1901 1594 1952; x_wconf 87' lang='grc' dir='ltr'>κατ’</span> <span class='ocrx_word' id='word_1_153' title='bbox 1623 1899 1791 1953; x_wconf 82' lang='grc' dir='ltr'>αὐτοῦ</span> 
     </span>
    </p>
   </div>
   <div class='ocr_carea' id='block_1_22' title="bbox 210 1985 1789 2062">
    <p class='ocr_par' dir='ltr' id='par_1_22' title="bbox 210 1985 1789 2062">
     <span class='ocr_line' id='line_1_22' title="bbox 210 1985 1789 2062; baseline 0.004 -25"><span class='ocrx_word' id='word_1_154' title='bbox 210 1985 467 2053; x_wconf 76' lang='grc' dir='ltr'><strong>μελετῶν,</strong></span> <span class='ocrx_word' id='word_1_155' title='bbox 480 1987 689 2040; x_wconf 83' lang='grc' dir='ltr'>ἀνεῖλεν</span> <span class='ocrx_word' id='word_1_156' title='bbox 707 1988 868 2043; x_wconf 78' lang='grc' dir='ltr'>αὐτόν</span> <span class='ocrx_word' id='word_1_157' title='bbox 884 2007 942 2042; x_wconf 91' lang='grc' dir='ltr'>τε</span> <span class='ocrx_word' id='word_1_158' title='bbox 956 1991 1156 2044; x_wconf 76' lang='grc' dir='ltr'>καὶτὸν</span> <span class='ocrx_word' id='word_1_159' title='bbox 1179 1991 1391 2062; x_wconf 82' lang='grc' dir='ltr'><strong>πατέρα</strong></span> <span class='ocrx_word' id='word_1_160' title='bbox 1408 1992 1789 2061; x_wconf 88' lang='grc' dir='ltr'>Παρμενίωνα.</span> 
     </span>
    </p>
   </div>
   <div class='ocr_carea' id='block_1_23' title="bbox 207 2076 1787 2154">
    <p class='ocr_par' dir='ltr' id='par_1_23' title="bbox 207 2076 1787 2154">
     <span class='ocr_line' id='line_1_23' title="bbox 207 2076 1787 2154; baseline 0.004 -24"><span class='ocrx_word' id='word_1_161' title='bbox 207 2076 452 2144; x_wconf 78' lang='grc' dir='ltr'>Ἐγένετο</span> <span class='ocrx_word' id='word_1_162' title='bbox 490 2077 550 2131; x_wconf 85' lang='grc' dir='ltr'>δὲ</span> <span class='ocrx_word' id='word_1_163' title='bbox 591 2078 688 2132; x_wconf 76' lang='grc' dir='ltr'>καὶ</span> <span class='ocrx_word' id='word_1_164' title='bbox 719 2079 831 2133; x_wconf 88' lang='grc' dir='ltr'>τῶν</span> <span class='ocrx_word' id='word_1_165' title='bbox 869 2081 1174 2150; x_wconf 77' lang='grc' dir='ltr'>Σογδιανῶν</span> <span class='ocrx_word' id='word_1_166' title='bbox 1221 2080 1512 2152; x_wconf 85' lang='grc' dir='ltr'>βασιλείων</span> <span class='ocrx_word' id='word_1_167' title='bbox 1553 2082 1744 2154; x_wconf 88' lang='grc' dir='ltr'>κύριος</span> <span class='ocrx_word' id='word_1_168' title='bbox 1771 2123 1787 2146; x_wconf 96' lang='grc'><strong>,</strong></span> 
     </span>
    </p>
   </div>
   <div class='ocr_carea' id='block_1_24' title="bbox 209 2171 1782 2247">
    <p class='ocr_par' dir='ltr' id='par_1_24' title="bbox 209 2171 1782 2247">
     <span class='ocr_line' id='line_1_24' title="bbox 209 2171 1782 2247; baseline 0.005 -25"><span class='ocrx_word' id='word_1_169' title='bbox 209 2172 292 2224; x_wconf 70' lang='grc' dir='ltr'>καὶ</span> <span class='ocrx_word' id='word_1_170' title='bbox 336 2171 555 2234; x_wconf 85' lang='grc' dir='ltr'>Σκύθας</span> <span class='ocrx_word' id='word_1_171' title='bbox 601 2171 658 2225; x_wconf 84' lang='grc' dir='ltr'>δὲ</span> <span class='ocrx_word' id='word_1_172' title='bbox 709 2173 838 2237; x_wconf 76' lang='grc' dir='ltr'>τοὺς</span> <span class='ocrx_word' id='word_1_173' title='bbox 882 2173 941 2228; x_wconf 91' lang='grc' dir='ltr'><strong>ἐν</strong></span> <span class='ocrx_word' id='word_1_174' title='bbox 974 2175 1040 2246; x_wconf 80' lang='grc' dir='ltr'>τῇ</span> <span class='ocrx_word' id='word_1_175' title='bbox 1076 2173 1235 2246; x_wconf 79' lang='grc' dir='ltr'>Ἀσίᾳ</span> <span class='ocrx_word' id='word_1_176' title='bbox 1270 2175 1421 2247; x_wconf 82' lang='grc' dir='ltr'>μάχῃ</span> <span class='ocrx_word' id='word_1_177' title='bbox 1452 2176 1782 2246; x_wconf 84' lang='grc' dir='ltr'>ἐκράτησεν.</span> 
     </span>
    </p>
   </div>
   <div class='ocr_carea' id='block_1_25' title="bbox 212 2261 1794 2338">
    <p class='ocr_par' dir='ltr' id='par_1_25' title="bbox 212 2261 1794 2338">
     <span class='ocr_line' id='line_1_25' title="bbox 212 2261 1794 2338; baseline 0.007 -26"><span class='ocrx_word' id='word_1_178' title='bbox 212 2261 398 2324; x_wconf 89' lang='grc' dir='ltr'>Ὅπως</span> <span class='ocrx_word' id='word_1_179' title='bbox 435 2279 495 2314; x_wconf 89' lang='grc' dir='ltr'><strong>τε</strong></span> <span class='ocrx_word' id='word_1_180' title='bbox 537 2263 598 2315; x_wconf 86' lang='grc' dir='ltr'><strong>τὸ</strong></span> <span class='ocrx_word' id='word_1_181' title='bbox 630 2263 726 2316; x_wconf 79' lang='grc' dir='ltr'>τοῦ</span> <span class='ocrx_word' id='word_1_182' title='bbox 761 2264 994 2319; x_wconf 83' lang='grc' dir='ltr'>Κλείτου</span> <span class='ocrx_word' id='word_1_183' title='bbox 1029 2265 1264 2336; x_wconf 79' lang='grc' dir='ltr'>πάθημα</span> <span class='ocrx_word' id='word_1_184' title='bbox 1301 2266 1378 2336; x_wconf 83' lang='grc' dir='ltr'>τῷ</span> <span class='ocrx_word' id='word_1_185' title='bbox 1397 2267 1441 2298; x_wconf 83' lang='grc'><strong>³⁵</strong></span> <span class='ocrx_word' id='word_1_186' title='bbox 1473 2267 1623 2338; x_wconf 83' lang='grc' dir='ltr'>ποτῷ</span> <span class='ocrx_word' id='word_1_187' title='bbox 1653 2285 1794 2338; x_wconf 66' lang='grc' dir='ltr'>παρα</span> 
     </span>
    </p>
   </div>
   <div class='ocr_carea' id='block_1_26' title="bbox 211 2352 1794 2427">
    <p class='ocr_par' dir='ltr' id='par_1_26' title="bbox 211 2352 1794 2427">
     <span class='ocr_line' id='line_1_26' title="bbox 211 2352 1794 2427; baseline 0.004 -21"><span class='ocrx_word' id='word_1_188' title='bbox 211 2353 522 2425; x_wconf 83' lang='grc' dir='ltr'>ενεχθέντος</span> <span class='ocrx_word' id='word_1_189' title='bbox 555 2353 910 2427; x_wconf 76' lang='grc' dir='ltr'><strong>Ἀλεξάνδρου</strong></span> <span class='ocrx_word' id='word_1_190' title='bbox 943 2356 1165 2426; x_wconf 90' lang='grc' dir='ltr'>συνέϐη,</span> <span class='ocrx_word' id='word_1_191' title='bbox 1190 2358 1285 2410; x_wconf 81' lang='grc' dir='ltr'>καὶ</span> <span class='ocrx_word' id='word_1_192' title='bbox 1312 2352 1426 2412; x_wconf 74' lang='grc' dir='ltr'>οἷον</span> <span class='ocrx_word' id='word_1_193' title='bbox 1449 2357 1644 2422; x_wconf 82' lang='grc' dir='ltr'>πένθος</span> <span class='ocrx_word' id='word_1_194' title='bbox 1666 2359 1794 2412; x_wconf 76' lang='grc' dir='ltr'>άναο</span> 
     </span>
    </p>
   </div>
   <div class='ocr_carea' id='block_1_27' title="bbox 213 2445 1794 2520">
    <p class='ocr_par' dir='ltr' id='par_1_27' title="bbox 213 2445 1794 2520">
     <span class='ocr_line' id='line_1_27' title="bbox 213 2445 1794 2520; baseline 0.003 -22"><span class='ocrx_word' id='word_1_195' title='bbox 213 2447 376 2516; x_wconf 58' lang='grc' dir='ltr'><strong>νὴᾁας</strong></span> <span class='ocrx_word' id='word_1_196' title='bbox 406 2445 750 2511; x_wconf 79' lang='grc' dir='ltr'>ἐπεδείξατο.</span> <span class='ocrx_word' id='word_1_197' title='bbox 805 2448 928 2502; x_wconf 87' lang='grc' dir='ltr'>Ἐτι</span> <span class='ocrx_word' id='word_1_198' title='bbox 960 2447 1020 2501; x_wconf 85' lang='grc' dir='ltr'><strong>δέ</strong></span> <span class='ocrx_word' id='word_1_199' title='bbox 1065 2449 1165 2503; x_wconf 56' lang='grc' dir='ltr'><strong>καὶ⁸</strong></span> <span class='ocrx_word' id='word_1_200' title='bbox 1212 2450 1246 2520; x_wconf 80' lang='grc' dir='ltr'><strong>ἡ</strong></span> <span class='ocrx_word' id='word_1_201' title='bbox 1275 2450 1366 2502; x_wconf 86' lang='grc' dir='ltr'><strong>.ἐκ</strong></span> <span class='ocrx_word' id='word_1_202' title='bbox 1413 2449 1623 2502; x_wconf 86' lang='grc' dir='ltr'>παίδων</span> <span class='ocrx_word' id='word_1_203' title='bbox 1673 2450 1794 2502; x_wconf 85' lang='grc' dir='ltr'>κατ’</span> 
     </span>
    </p>
   </div>
   <div class='ocr_carea' id='block_1_28' title="bbox 225 2527 1785 2611">
    <p class='ocr_par' dir='ltr' id='par_1_28' title="bbox 225 2527 1785 2611">
     <span class='ocr_line' id='line_1_28' title="bbox 225 2527 1785 2611; baseline 0.003 -21"><span class='ocrx_word' id='word_1_204' title='bbox 225 2538 566 2610; x_wconf 76' lang='grc' dir='ltr'>Ἀλεξάνδρου</span> <span class='ocrx_word' id='word_1_205' title='bbox 625 2539 917 2610; x_wconf 85' lang='grc' dir='ltr'>ἐπιϐουλὴ,</span> <span class='ocrx_word' id='word_1_206' title='bbox 971 2541 1067 2594; x_wconf 71' lang='grc' dir='ltr'><strong>καὶ</strong></span> <span class='ocrx_word' id='word_1_207' title='bbox 1115 2543 1149 2611; x_wconf 82' lang='grc' dir='ltr'>ἡ</span> <span class='ocrx_word' id='word_1_208' title='bbox 1189 2541 1282 2594; x_wconf 75' lang='grc' dir='ltr'><strong>ἐπὶ</strong></span> <span class='ocrx_word' id='word_1_209' title='bbox 1324 2539 1500 2611; x_wconf 86' lang='grc' dir='ltr'>τούτῳ</span> <span class='ocrx_word' id='word_1_210' title='bbox 1539 2527 1785 2603; x_wconf 83' lang='grc' dir='ltr'>κόλασις.</span> 
     </span>
    </p>
   </div>
   <div class='ocr_carea' id='block_1_29' title="bbox 217 2627 1795 2702">
    <p class='ocr_par' dir='ltr' id='par_1_29' title="bbox 217 2627 1795 2702">
     <span class='ocr_line' id='line_1_29' title="bbox 217 2627 1795 2702; baseline 0.001 -23"><span class='ocrx_word' id='word_1_211' title='bbox 217 2627 393 2691; x_wconf 82' lang='grc' dir='ltr'>Ὅπως</span> <span class='ocrx_word' id='word_1_212' title='bbox 426 2645 488 2680; x_wconf 92' lang='grc' dir='ltr'>τε</span> <span class='ocrx_word' id='word_1_213' title='bbox 515 2629 551 2698; x_wconf 77' lang='grc' dir='ltr'>ἡ</span> <span class='ocrx_word' id='word_1_214' title='bbox 580 2629 639 2682; x_wconf 88' lang='grc' dir='ltr'><strong>ἐν</strong></span> <span class='ocrx_word' id='word_1_215' title='bbox 671 2630 739 2700; x_wconf 78' lang='grc' dir='ltr'>τῇ</span> <span class='ocrx_word' id='word_1_216' title='bbox 769 2629 1032 2702; x_wconf 77' lang='grc' dir='ltr'>Σογδιανῇ</span> <span class='ocrx_word' id='word_1_217' title='bbox 1077 2628 1253 2700; x_wconf 87' lang='grc' dir='ltr'>πέτρα</span> <span class='ocrx_word' id='word_1_218' title='bbox 1292 2628 1434 2682; x_wconf 71' lang='grc' dir='ltr'>ἑάλω</span> <span class='ocrx_word' id='word_1_219' title='bbox 1461 2627 1558 2681; x_wconf 80' lang='grc' dir='ltr'>καὶ</span> <span class='ocrx_word' id='word_1_220' title='bbox 1592 2629 1626 2698; x_wconf 80' lang='grc' dir='ltr'>ἠ</span> <span class='ocrx_word' id='word_1_221' title='bbox 1656 2627 1795 2696; x_wconf 84' lang='grc' dir='ltr'>γυνὴ</span> 
     </span>
    </p>
   </div>
   <div class='ocr_carea' id='block_1_30' title="bbox 219 2717 1794 2792">
    <p class='ocr_par' dir='ltr' id='par_1_30' title="bbox 219 2717 1794 2792">
     <span class='ocr_line' id='line_1_30' title="bbox 219 2717 1794 2792; baseline 0.002 -22"><span class='ocrx_word' id='word_1_222' title='bbox 219 2717 536 2789; x_wconf 79' lang='grc' dir='ltr'>Ὀξυάρτου,</span> <span class='ocrx_word' id='word_1_223' title='bbox 570 2719 632 2783; x_wconf 86' lang='grc' dir='ltr'>ὃς</span> <span class='ocrx_word' id='word_1_224' title='bbox 659 2720 866 2792; x_wconf 88' lang='grc' dir='ltr'>ταύτης</span> <span class='ocrx_word' id='word_1_225' title='bbox 904 2722 1004 2791; x_wconf 81' lang='grc' dir='ltr'><strong>τῆς</strong></span> <span class='ocrx_word' id='word_1_226' title='bbox 1033 2719 1216 2792; x_wconf 79' lang='grc' dir='ltr'>χώρας</span> <span class='ocrx_word' id='word_1_227' title='bbox 1266 2719 1583 2774; x_wconf 83' lang='grc' dir='ltr'>ἐϐασίλευεν</span> <span class='ocrx_word' id='word_1_228' title='bbox 1605 2735 1619 2749; x_wconf 86' lang='lat'><strong><em>°</em></strong></span> <span class='ocrx_word' id='word_1_229' title='bbox 1654 2719 1794 2773; x_wconf 78' lang='grc' dir='ltr'>ἀλλὰ</span> 
     </span>
    </p>
   </div>
   <div class='ocr_carea' id='block_1_31' title="bbox 218 2809 1798 2882">
    <p class='ocr_par' dir='ltr' id='par_1_31' title="bbox 218 2809 1798 2882">
     <span class='ocr_line' id='line_1_31' title="bbox 218 2809 1798 2882; baseline 0.001 -20"><span class='ocrx_word' id='word_1_230' title='bbox 218 2809 301 2862; x_wconf 80' lang='grc' dir='ltr'>καὶ</span> <span class='ocrx_word' id='word_1_231' title='bbox 330 2813 365 2882; x_wconf 77' lang='grc' dir='ltr'><strong>ἡ</strong></span> <span class='ocrx_word' id='word_1_232' title='bbox 413 2810 664 2881; x_wconf 80' lang='grc' dir='ltr'><strong>Θυγάτηρ</strong></span> <span class='ocrx_word' id='word_1_233' title='bbox 703 2809 984 2882; x_wconf 78' lang='grc' dir='ltr'>Ῥωξάνη,</span> <span class='ocrx_word' id='word_1_234' title='bbox 1031 2811 1101 2882; x_wconf 82' lang='grc' dir='ltr'><strong>ἢν</strong></span> <span class='ocrx_word' id='word_1_235' title='bbox 1152 2811 1381 2882; x_wconf 74' lang='grc' dir='ltr'>ὕστερον</span> <span class='ocrx_word' id='word_1_236' title='bbox 1438 2809 1798 2880; x_wconf 76' lang='grc' dir='ltr'>Ἀλέξανδρος</span> 
     </span>
    </p>
   </div>
   <div class='ocr_carea' id='block_1_32' title="bbox 219 2902 1796 2976">
    <p class='ocr_par' dir='ltr' id='par_1_32' title="bbox 219 2902 1796 2976">
     <span class='ocr_line' id='line_1_32' title="bbox 219 2902 1796 2976; baseline 0 -20"><span class='ocrx_word' id='word_1_237' title='bbox 219 2905 382 2973; x_wconf 81' lang='grc' dir='ltr'>γάμου</span> <span class='ocrx_word' id='word_1_238' title='bbox 408 2905 566 2975; x_wconf 82' lang='grc' dir='ltr'>νόμῳ</span> <span class='ocrx_word' id='word_1_239' title='bbox 599 2907 837 2973; x_wconf 87' lang='grc' dir='ltr'>γυναῖκα</span> <span class='ocrx_word' id='word_1_240' title='bbox 874 2903 1136 2974; x_wconf 80' lang='grc' dir='ltr'>ἠγάγετο.</span> <span class='ocrx_word' id='word_1_241' title='bbox 1181 2905 1293 2956; x_wconf 74' lang='grc' dir='ltr'><strong>Καὶ</strong></span> <span class='ocrx_word' id='word_1_242' title='bbox 1341 2903 1418 2968; x_wconf 90' lang='grc' dir='ltr'><strong>ώς</strong></span> <span class='ocrx_word' id='word_1_243' title='bbox 1445 2902 1796 2976; x_wconf 80' lang='grc' dir='ltr'>Ἀλέξανδρος</span> 
     </span>
    </p>
   </div>
   <div class='ocr_carea' id='block_1_33' title="bbox 219 2994 1793 3068">
    <p class='ocr_par' dir='ltr' id='par_1_33' title="bbox 219 2994 1793 3068">
     <span class='ocr_line' id='line_1_33' title="bbox 219 2994 1793 3068; baseline 0.003 -24"><span class='ocrx_word' id='word_1_244' title='bbox 219 2994 274 3047; x_wconf 83' lang='grc' dir='ltr'><strong>ἐκ</strong></span> <span class='ocrx_word' id='word_1_245' title='bbox 317 2996 578 3068; x_wconf 79' lang='grc' dir='ltr'>Βάκτρων</span> <span class='ocrx_word' id='word_1_246' title='bbox 626 2995 722 3049; x_wconf 74' lang='grc' dir='ltr'>ἐπὶ</span> <span class='ocrx_word' id='word_1_247' title='bbox 748 2995 948 3060; x_wconf 84' lang='grc' dir='ltr'>Ἰνδοὺς</span> <span class='ocrx_word' id='word_1_248' title='bbox 994 2996 1198 3059; x_wconf 79' lang='grc' dir='ltr'>ἐλάσας</span> <span class='ocrx_word' id='word_1_249' title='bbox 1247 2999 1452 3066; x_wconf 81' lang='grc' dir='ltr'>μάχαις</span> <span class='ocrx_word' id='word_1_250' title='bbox 1487 2995 1793 3067; x_wconf 88' lang='grc' dir='ltr'>ἐκράτησε,</span> 
     </span>
    </p>
   </div>
   <div class='ocr_carea' id='block_1_34' title="bbox 222 3082 1796 3160">
    <p class='ocr_par' dir='ltr' id='par_1_34' title="bbox 222 3082 1796 3160">
     <span class='ocr_line' id='line_1_34' title="bbox 222 3082 1796 3160; baseline 0.001 -22"><span class='ocrx_word' id='word_1_251' title='bbox 222 3089 305 3140; x_wconf 80' lang='grc' dir='ltr'>καὶ</span> <span class='ocrx_word' id='word_1_252' title='bbox 330 3087 516 3151; x_wconf 83' lang='grc' dir='ltr'>πόλεις</span> <span class='ocrx_word' id='word_1_253' title='bbox 553 3087 734 3143; x_wconf 77' lang='grc' dir='ltr'>αὐτῶν</span> <span class='ocrx_word' id='word_1_254' title='bbox 761 3089 1052 3160; x_wconf 79' lang='grc' dir='ltr'>πολιορκίᾳ</span> <span class='ocrx_word' id='word_1_255' title='bbox 1078 3087 1279 3150; x_wconf 82' lang='grc' dir='ltr'>πολλὰς</span> <span class='ocrx_word' id='word_1_256' title='bbox 1306 3082 1452 3142; x_wconf 73' lang='grc' dir='ltr'>εἷλεν</span> <span class='ocrx_word' id='word_1_257' title='bbox 1473 3104 1488 3120; x_wconf 79' lang='grc' dir='ltr'><strong>ο</strong></span> <span class='ocrx_word' id='word_1_258' title='bbox 1511 3089 1570 3141; x_wconf 92' lang='grc' dir='ltr'><strong>ἐν</strong></span> <span class='ocrx_word' id='word_1_259' title='bbox 1596 3083 1675 3149; x_wconf 77' lang='grc' dir='ltr'>οἷς</span> <span class='ocrx_word' id='word_1_260' title='bbox 1703 3087 1796 3140; x_wconf 79' lang='grc' dir='ltr'>καὶ</span> 
     </span>
    </p>
   </div>
   <div class='ocr_carea' id='block_1_35' title="bbox 221 3177 1792 3251">
    <p class='ocr_par' dir='ltr' id='par_1_35' title="bbox 221 3177 1792 3251">
     <span class='ocr_line' id='line_1_35' title="bbox 221 3177 1792 3251; baseline 0.001 -21"><span class='ocrx_word' id='word_1_261' title='bbox 221 3179 307 3248; x_wconf 75' lang='grc' dir='ltr'><strong>τὴν</strong></span> <span class='ocrx_word' id='word_1_262' title='bbox 336 3179 685 3250; x_wconf 78' lang='grc' dir='ltr'>καλουμένην</span> <span class='ocrx_word' id='word_1_263' title='bbox 714 3180 941 3250; x_wconf 71' lang='grc' dir='ltr'>’Ἄορνον</span> <span class='ocrx_word' id='word_1_264' title='bbox 961 3178 1318 3251; x_wconf 48' lang='grc' dir='ltr'>παραλαϐὼν,</span> <span class='ocrx_word' id='word_1_265' title='bbox 1343 3180 1425 3243; x_wconf 88' lang='grc' dir='ltr'><strong>είς</strong></span> <span class='ocrx_word' id='word_1_266' title='bbox 1465 3179 1563 3248; x_wconf 86' lang='grc' dir='ltr'><strong>τὴν</strong></span> <span class='ocrx_word' id='word_1_267' title='bbox 1590 3177 1792 3232; x_wconf 75' lang='grc' dir='ltr'>’Δσκά-</span> 
     </span>
    </p>
   </div>
   <div class='ocr_carea' id='block_1_36' title="bbox 223 3266 1796 3340">
    <p class='ocr_par' dir='ltr' id='par_1_36' title="bbox 223 3266 1796 3340">
     <span class='ocr_line' id='line_1_36' title="bbox 223 3266 1796 3340; baseline 0 -21"><span class='ocrx_word' id='word_1_268' title='bbox 223 3284 316 3319; x_wconf 82' lang='grc' dir='ltr'>νων</span> <span class='ocrx_word' id='word_1_269' title='bbox 331 3268 375 3299; x_wconf 76' lang='grc'>³⁸</span> <span class='ocrx_word' id='word_1_270' title='bbox 393 3269 580 3340; x_wconf 83' lang='grc' dir='ltr'>χώραν</span> <span class='ocrx_word' id='word_1_271' title='bbox 608 3269 636 3320; x_wconf 89' lang='grc' dir='ltr'><strong>ἐ</strong></span> <span class='ocrx_word' id='word_1_272' title='bbox 644 3268 908 3340; x_wconf 82' lang='grc' dir='ltr'>μϐἁλλει.-</span> <span class='ocrx_word' id='word_1_273' title='bbox 926 3267 1194 3338; x_wconf 78' lang='grc' dir='ltr'>Ἐζεύχθη</span> <span class='ocrx_word' id='word_1_274' title='bbox 1217 3268 1276 3321; x_wconf 91' lang='grc' dir='ltr'><strong>δέ</strong></span> <span class='ocrx_word' id='word_1_275' title='bbox 1299 3267 1450 3339; x_wconf 77' lang='grc' dir='ltr'>αὐτῷ</span> <span class='ocrx_word' id='word_1_276' title='bbox 1471 3269 1566 3321; x_wconf 73' lang='grc' dir='ltr'>καὶ</span> <span class='ocrx_word' id='word_1_277' title='bbox 1586 3267 1615 3320; x_wconf 86' lang='grc' dir='ltr'><strong>ὁ</strong></span> <span class='ocrx_word' id='word_1_278' title='bbox 1635 3266 1796 3330; x_wconf 73' lang='grc' dir='ltr'>Ἰνδὸς</span> 
     </span>
    </p>
   </div>
   <div class='ocr_carea' id='block_1_37' title="bbox 225 3358 1797 3431">
    <p class='ocr_par' dir='ltr' id='par_1_37' title="bbox 225 3358 1797 3431">
     <span class='ocr_line' id='line_1_37' title="bbox 225 3358 1797 3431; baseline 0 -20"><span class='ocrx_word' id='word_1_279' title='bbox 225 3361 454 3431; x_wconf 78' lang='grc' dir='ltr'>ποταμὸς</span> <span class='ocrx_word' id='word_1_280' title='bbox 497 3360 745 3424; x_wconf 82' lang='grc' dir='ltr'>πλοίοις,</span> <span class='ocrx_word' id='word_1_281' title='bbox 778 3360 873 3414; x_wconf 79' lang='grc' dir='ltr'>καὶ</span> <span class='ocrx_word' id='word_1_282' title='bbox 918 3359 1113 3424; x_wconf 83' lang='grc' dir='ltr'>διαϐὰς</span> <span class='ocrx_word' id='word_1_283' title='bbox 1157 3359 1348 3430; x_wconf 76' lang='grc' dir='ltr'>Πῶρόν</span> <span class='ocrx_word' id='word_1_284' title='bbox 1379 3377 1440 3412; x_wconf 93' lang='grc' dir='ltr'>τε</span> <span class='ocrx_word' id='word_1_285' title='bbox 1484 3359 1577 3412; x_wconf 84' lang='grc' dir='ltr'><strong>τὸν</strong></span> <span class='ocrx_word' id='word_1_286' title='bbox 1617 3358 1797 3412; x_wconf 83' lang='grc' dir='ltr'>Ἰνδῶν</span> 
     </span>
    </p>
   </div>
   <div class='ocr_carea' id='block_1_38' title="bbox 227 3447 1796 3526">
    <p class='ocr_par' dir='ltr' id='par_1_38' title="bbox 227 3447 1796 3526">
     <span class='ocr_line' id='line_1_38' title="bbox 227 3447 1796 3526; baseline 0.002 -23"><span class='ocrx_word' id='word_1_287' title='bbox 227 3451 439 3520; x_wconf 78' lang='grc' dir='ltr'>βασιλέα</span> <span class='ocrx_word' id='word_1_288' title='bbox 473 3452 694 3523; x_wconf 87' lang='grc' dir='ltr'>ἐνίκησε</span> <span class='ocrx_word' id='word_1_289' title='bbox 731 3453 831 3524; x_wconf 81' lang='grc' dir='ltr'><strong>μιᾷ</strong></span> <span class='ocrx_word' id='word_1_290' title='bbox 868 3453 1020 3526; x_wconf 78' lang='grc' dir='ltr'>μάχῃ</span> <span class='ocrx_word' id='word_1_291' title='bbox 1050 3453 1147 3507; x_wconf 78' lang='grc' dir='ltr'>καὶ</span> <span class='ocrx_word' id='word_1_292' title='bbox 1195 3447 1308 3506; x_wconf 79' lang='grc' dir='ltr'>εἷλε</span> <span class='ocrx_word' id='word_1_293' title='bbox 1353 3452 1631 3524; x_wconf 78' lang='grc' dir='ltr'>ζωγρίαν,</span> <span class='ocrx_word' id='word_1_294' title='bbox 1674 3447 1796 3506; x_wconf 80' lang='grc' dir='ltr'>εἶτα</span> 
     </span>
    </p>
   </div>
   <div class='ocr_carea' id='block_1_39' title="bbox 226 3544 1797 3618">
    <p class='ocr_par' dir='ltr' id='par_1_39' title="bbox 226 3544 1797 3618">
     <span class='ocr_line' id='line_1_39' title="bbox 226 3544 1797 3618; baseline 0.001 -22"><span class='ocrx_word' id='word_1_295' title='bbox 226 3545 313 3597; x_wconf 76' lang='grc' dir='ltr'>καὶ</span> <span class='ocrx_word' id='word_1_296' title='bbox 359 3545 898 3618; x_wconf 82' lang='grc' dir='ltr'>φιλοφρονησάμενος</span> <span class='ocrx_word' id='word_1_297' title='bbox 946 3546 1211 3600; x_wconf 84' lang='grc' dir='ltr'>πλειόνων</span> <span class='ocrx_word' id='word_1_298' title='bbox 1241 3546 1432 3618; x_wconf 79' lang='grc' dir='ltr'>ἄρχειν</span> <span class='ocrx_word' id='word_1_299' title='bbox 1481 3547 1514 3618; x_wconf 75' lang='grc' dir='ltr'><strong>ἢ</strong></span> <span class='ocrx_word' id='word_1_300' title='bbox 1561 3544 1797 3618; x_wconf 84' lang='grc' dir='ltr'>πρόσθεν</span> 
     </span>
    </p>
   </div>
   <div class='ocr_carea' id='block_1_40' title="bbox 227 3634 1798 3711">
    <p class='ocr_par' dir='ltr' id='par_1_40' title="bbox 227 3634 1798 3711">
     <span class='ocr_line' id='line_1_40' title="bbox 227 3634 1798 3711; baseline 0.004 -27"><span class='ocrx_word' id='word_1_301' title='bbox 227 3634 407 3691; x_wconf 76' lang='grc' dir='ltr'>ἔδωκε.</span> <span class='ocrx_word' id='word_1_302' title='bbox 438 3637 603 3706; x_wconf 80' lang='grc' dir='ltr'>Λέγει</span> <span class='ocrx_word' id='word_1_303' title='bbox 636 3637 696 3690; x_wconf 87' lang='grc' dir='ltr'><strong>δέ</strong></span> <span class='ocrx_word' id='word_1_304' title='bbox 735 3639 820 3691; x_wconf 83' lang='grc' dir='ltr'>ὅτι</span> <span class='ocrx_word' id='word_1_305' title='bbox 844 3639 894 3690; x_wconf 79' lang='grc' dir='ltr'>οἱ</span> <span class='ocrx_word' id='word_1_306' title='bbox 921 3638 1076 3692; x_wconf 75' lang='grc' dir='ltr'>Ἰνδοὶ</span> <span class='ocrx_word' id='word_1_307' title='bbox 1108 3640 1382 3711; x_wconf 73' lang='grc' dir='ltr'>ποταμοὶ,</span> <span class='ocrx_word' id='word_1_308' title='bbox 1417 3639 1671 3709; x_wconf 80' lang='grc' dir='ltr'>καθάπερ</span> <span class='ocrx_word' id='word_1_309' title='bbox 1702 3642 1798 3692; x_wconf 81' lang='grc' dir='ltr'>καὶ</span> 
     </span>
    </p>
   </div>
   <div class='ocr_carea' id='block_1_41' title="bbox 225 3727 1797 3803">
    <p class='ocr_par' dir='ltr' id='par_1_41' title="bbox 225 3727 1797 3803">
     <span class='ocr_line' id='line_1_41' title="bbox 225 3727 1797 3803; baseline 0.004 -24"><span class='ocrx_word' id='word_1_310' title='bbox 225 3727 253 3778; x_wconf 80' lang='grc' dir='ltr'><strong><em>ὁ</em></strong></span> <span class='ocrx_word' id='word_1_311' title='bbox 274 3727 489 3792; x_wconf 83' lang='grc' dir='ltr'>Νεῖλος,</span> <span class='ocrx_word' id='word_1_312' title='bbox 525 3729 721 3800; x_wconf 82' lang='grc' dir='ltr'>θέρους</span> <span class='ocrx_word' id='word_1_313' title='bbox 754 3731 854 3801; x_wconf 83' lang='grc' dir='ltr'><strong>μὲν</strong></span> <span class='ocrx_word' id='word_1_314' title='bbox 881 3730 1138 3796; x_wconf 75' lang='grc' dir='ltr'>αὔξονται</span> <span class='ocrx_word' id='word_1_315' title='bbox 1157 3772 1174 3799; x_wconf 89' lang='grc'><strong>,</strong></span> <span class='ocrx_word' id='word_1_316' title='bbox 1202 3731 1468 3803; x_wconf 86' lang='grc' dir='ltr'>χειμῶνος</span> <span class='ocrx_word' id='word_1_317' title='bbox 1491 3731 1550 3796; x_wconf 86' lang='grc' dir='ltr'><strong>δέ</strong></span> <span class='ocrx_word' id='word_1_318' title='bbox 1581 3731 1797 3803; x_wconf 80' lang='grc' dir='ltr'>μειοῦν-</span> 
     </span>
    </p>
   </div>
   <div class='ocr_carea' id='block_1_42' title="bbox 229 3819 1795 3893">
    <p class='ocr_par' dir='ltr' id='par_1_42' title="bbox 229 3819 1795 3893">
     <span class='ocr_line' id='line_1_42' title="bbox 229 3819 1795 3893; baseline 0.004 -24"><span class='ocrx_word' id='word_1_319' title='bbox 229 3833 333 3871; x_wconf 86' lang='grc' dir='ltr'>ται.</span> <span class='ocrx_word' id='word_1_320' title='bbox 358 3819 723 3891; x_wconf 81' lang='grc' dir='ltr'>Διαλαμϐάνει</span> <span class='ocrx_word' id='word_1_321' title='bbox 768 3822 826 3875; x_wconf 85' lang='grc' dir='ltr'><strong>δέ</strong></span> <span class='ocrx_word' id='word_1_322' title='bbox 872 3824 968 3876; x_wconf 59' lang='grc' dir='ltr'><strong>καὶ⁴</strong></span> <span class='ocrx_word' id='word_1_323' title='bbox 1001 3825 1150 3888; x_wconf 85' lang='grc' dir='ltr'>ὅπως</span> <span class='ocrx_word' id='word_1_324' title='bbox 1199 3823 1359 3878; x_wconf 80' lang='grc' dir='ltr'>ἄλλον</span> <span class='ocrx_word' id='word_1_325' title='bbox 1396 3823 1518 3877; x_wconf 79' lang='grc' dir='ltr'>τινὰ</span> <span class='ocrx_word' id='word_1_326' title='bbox 1575 3822 1795 3893; x_wconf 84' lang='grc' dir='ltr'>Πῶρον,</span> 
     </span>
    </p>
   </div>
   <div class='ocr_carea' id='block_1_43' title="bbox 228 3909 1799 3984">
    <p class='ocr_par' dir='ltr' id='par_1_43' title="bbox 228 3909 1799 3984">
     <span class='ocr_line' id='line_1_43' title="bbox 228 3909 1799 3984; baseline 0.006 -24"><span class='ocrx_word' id='word_1_327' title='bbox 228 3909 316 3960; x_wconf 78' lang='grc' dir='ltr'>καὶ</span> <span class='ocrx_word' id='word_1_328' title='bbox 362 3910 518 3964; x_wconf 76' lang='grc' dir='ltr'>αὑτὸν</span> <span class='ocrx_word' id='word_1_329' title='bbox 558 3911 743 3967; x_wconf 83' lang='grc' dir='ltr'>Ἰνδῶν</span> <span class='ocrx_word' id='word_1_330' title='bbox 795 3913 1183 3984; x_wconf 83' lang='grc' dir='ltr'>βασιλεύοντα,</span> <span class='ocrx_word' id='word_1_331' title='bbox 1228 3913 1288 3968; x_wconf 83' lang='grc' dir='ltr'><strong>ὃν</strong></span> <span class='ocrx_word' id='word_1_332' title='bbox 1338 3917 1434 3970; x_wconf 74' lang='grc' dir='ltr'>καὶ</span> <span class='ocrx_word' id='word_1_333' title='bbox 1485 3919 1562 3980; x_wconf 86' lang='grc' dir='ltr'><strong>είς</strong></span> <span class='ocrx_word' id='word_1_334' title='bbox 1600 3917 1799 3970; x_wconf 87' lang='grc' dir='ltr'>κακίαν</span> 
     </span>
    </p>
   </div>
   <div class='ocr_carea' id='block_1_44' title="bbox 227 4000 1799 4081">
    <p class='ocr_par' dir='ltr' id='par_1_44' title="bbox 227 4000 1799 4081">
     <span class='ocr_line' id='line_1_44' title="bbox 227 4000 1799 4081; baseline 0.006 -29"><span class='ocrx_word' id='word_1_335' title='bbox 227 4000 412 4055; x_wconf 80' lang='grc' dir='ltr'>ἐλάσαι</span> <span class='ocrx_word' id='word_1_336' title='bbox 429 4003 594 4071; x_wconf 87' lang='grc' dir='ltr'>λέγει,</span> <span class='ocrx_word' id='word_1_337' title='bbox 622 4005 814 4060; x_wconf 84' lang='grc' dir='ltr'>τοῦτον</span> <span class='ocrx_word' id='word_1_338' title='bbox 836 4005 1052 4061; x_wconf 90' lang='grc' dir='ltr'>διώκων</span> <span class='ocrx_word' id='word_1_339' title='bbox 1075 4007 1424 4081; x_wconf 83' lang='grc' dir='ltr'>Ἀλέξανδρος</span> <span class='ocrx_word' id='word_1_340' title='bbox 1441 4009 1532 4063; x_wconf 75' lang='grc' dir='ltr'><strong>τὸν</strong></span> <span class='ocrx_word' id='word_1_341' title='bbox 1555 4008 1799 4079; x_wconf 75' lang='grc' dir='ltr'>Ὑδραώο</span> 
     </span>
    </p>
   </div>
   <div class='ocr_carea' id='block_1_45' title="bbox 227 4093 1799 4172">
    <p class='ocr_par' dir='ltr' id='par_1_45' title="bbox 227 4093 1799 4172">
     <span class='ocr_line' id='line_1_45' title="bbox 227 4093 1799 4172; baseline 0.006 -28"><span class='ocrx_word' id='word_1_342' title='bbox 227 4108 322 4163; x_wconf 86' lang='grc' dir='ltr'>την</span> <span class='ocrx_word' id='word_1_343' title='bbox 337 4093 378 4125; x_wconf 85' lang='grc'><strong>³⁷</strong></span> <span class='ocrx_word' id='word_1_344' title='bbox 422 4096 664 4167; x_wconf 81' lang='grc' dir='ltr'>ποταμὸν</span> <span class='ocrx_word' id='word_1_345' title='bbox 696 4097 1014 4170; x_wconf 84' lang='grc' dir='ltr'>ἐπεραιώθη</span> <span class='ocrx_word' id='word_1_346' title='bbox 1035 4138 1051 4164; x_wconf 96' lang='grc'><strong>,</strong></span> <span class='ocrx_word' id='word_1_347' title='bbox 1095 4100 1190 4152; x_wconf 78' lang='grc' dir='ltr'>καὶ</span> <span class='ocrx_word' id='word_1_348' title='bbox 1219 4101 1347 4164; x_wconf 80' lang='grc' dir='ltr'>τοὺς</span> <span class='ocrx_word' id='word_1_349' title='bbox 1379 4100 1552 4172; x_wconf 82' lang='grc' dir='ltr'>ταύτῃ</span> <span class='ocrx_word' id='word_1_350' title='bbox 1583 4100 1799 4154; x_wconf 80' lang='grc' dir='ltr'>οἰκοῦν-</span> 
     </span>
    </p>
   </div>
   <div class='ocr_carea' id='block_1_46' title="bbox 231 4185 1799 4264">
    <p class='ocr_par' dir='ltr' id='par_1_46' title="bbox 231 4185 1799 4264">
     <span class='ocr_line' id='line_1_46' title="bbox 231 4185 1799 4264; baseline 0.007 -28"><span class='ocrx_word' id='word_1_351' title='bbox 231 4199 320 4247; x_wconf 86' lang='grc' dir='ltr'><strong>τας</strong></span> <span class='ocrx_word' id='word_1_352' title='bbox 353 4185 542 4252; x_wconf 79' lang='grc' dir='ltr'>’1νδοὺς</span> <span class='ocrx_word' id='word_1_353' title='bbox 567 4188 900 4258; x_wconf 81' lang='grc' dir='ltr'>ἐχειρώσατο</span> <span class='ocrx_word' id='word_1_354' title='bbox 923 4228 941 4254; x_wconf 89' lang='grc'><strong>,</strong></span> <span class='ocrx_word' id='word_1_355' title='bbox 977 4192 1074 4244; x_wconf 74' lang='grc' dir='ltr'>καὶ</span> <span class='ocrx_word' id='word_1_356' title='bbox 1110 4189 1239 4262; x_wconf 74' lang='grc'><strong>[122</strong></span> <span class='ocrx_word' id='word_1_357' title='bbox 1263 4190 1362 4264; x_wconf 83' lang='grc' dir='ltr'><strong>Η.]</strong></span> <span class='ocrx_word' id='word_1_358' title='bbox 1397 4193 1581 4257; x_wconf 81' lang='grc' dir='ltr'>πόλεις</span> <span class='ocrx_word' id='word_1_359' title='bbox 1615 4193 1799 4248; x_wconf 83' lang='grc' dir='ltr'>αὐτῶν</span> 
     </span>
    </p>
   </div>
   <div class='ocr_carea' id='block_1_47' title="bbox 231 4277 1802 4356">
    <p class='ocr_par' dir='ltr' id='par_1_47' title="bbox 231 4277 1802 4356">
     <span class='ocr_line' id='line_1_47' title="bbox 231 4277 1802 4356; baseline 0.005 -26"><span class='ocrx_word' id='word_1_360' title='bbox 231 4277 462 4345; x_wconf 81' lang='grc' dir='ltr'>μεγάλας</span> <span class='ocrx_word' id='word_1_361' title='bbox 489 4282 584 4334; x_wconf 77' lang='grc' dir='ltr'>καὶ</span> <span class='ocrx_word' id='word_1_362' title='bbox 608 4281 1075 4352; x_wconf 89' lang='grc' dir='ltr'>πολυανθρώπους</span> <span class='ocrx_word' id='word_1_363' title='bbox 1101 4284 1539 4356; x_wconf 82' lang='grc' dir='ltr'>ἐκπολιορκήσας</span> <span class='ocrx_word' id='word_1_364' title='bbox 1579 4285 1672 4338; x_wconf 76' lang='grc' dir='ltr'>ἐπὶ</span> <span class='ocrx_word' id='word_1_365' title='bbox 1711 4286 1802 4339; x_wconf 69' lang='grc' dir='ltr'>τὸν</span> 
     </span>
    </p>
   </div>
   <div class='ocr_carea' id='block_1_48' title="bbox 230 4368 1802 4445">
    <p class='ocr_par' dir='ltr' id='par_1_48' title="bbox 230 4368 1802 4445">
     <span class='ocr_line' id='line_1_48' title="bbox 230 4368 1802 4445; baseline 0.006 -25"><span class='ocrx_word' id='word_1_366' title='bbox 230 4368 459 4437; x_wconf 76' lang='grc' dir='ltr'>Ὕφασιν</span> <span class='ocrx_word' id='word_1_367' title='bbox 492 4373 734 4443; x_wconf 81' lang='grc' dir='ltr'>ποταμὸν</span> <span class='ocrx_word' id='word_1_368' title='bbox 785 4373 1006 4445; x_wconf 84' lang='grc' dir='ltr'>ἐχώρει.</span> <span class='ocrx_word' id='word_1_369' title='bbox 1063 4375 1220 4430; x_wconf 77' lang='grc' dir='ltr'>Ἐπεὶ</span> <span class='ocrx_word' id='word_1_370' title='bbox 1249 4376 1307 4431; x_wconf 90' lang='grc' dir='ltr'><strong>δέ</strong></span> <span class='ocrx_word' id='word_1_371' title='bbox 1362 4377 1658 4432; x_wconf 84' lang='grc' dir='ltr'>διαϐαίνειν</span> <span class='ocrx_word' id='word_1_372' title='bbox 1706 4377 1802 4432; x_wconf 87' lang='grc' dir='ltr'><strong>καὶ</strong></span> 
     </span>
    </p>
   </div>
   <div class='ocr_carea' id='block_1_49' title="bbox 1885 511 3472 583">
    <p class='ocr_par' dir='ltr' id='par_1_49' title="bbox 1885 511 3472 583">
     <span class='ocr_line' id='line_1_49' title="bbox 1885 511 3472 583; baseline -0.001 -15"><span class='ocrx_word' id='word_1_373' title='bbox 1885 513 2060 572; x_wconf 59' lang='lat' dir='ltr'><strong>foedus</strong></span> <span class='ocrx_word' id='word_1_374' title='bbox 2091 517 2337 582; x_wconf 87' lang='lat' dir='ltr'><strong>inivisse,</strong></span> <span class='ocrx_word' id='word_1_375' title='bbox 2366 531 2431 572; x_wconf 90' lang='lat' dir='ltr'><strong>ac</strong></span> <span class='ocrx_word' id='word_1_376' title='bbox 2453 516 2652 571; x_wconf 97' lang='lat' dir='ltr'><strong>dehinc</strong></span> <span class='ocrx_word' id='word_1_377' title='bbox 2688 516 2742 571; x_wconf 90' lang='lat' dir='ltr'><strong>in</strong></span> <span class='ocrx_word' id='word_1_378' title='bbox 2768 514 2957 569; x_wconf 84' lang='lat' dir='ltr'><strong>Asiam</strong></span> <span class='ocrx_word' id='word_1_379' title='bbox 2989 511 3294 583; x_wconf 74' lang='lat' dir='ltr'><strong>traiecisse,</strong></span> <span class='ocrx_word' id='word_1_380' title='bbox 3327 525 3472 582; x_wconf 79' lang='lat' dir='ltr'><strong>prte-</strong></span> 
     </span>
    </p>
   </div>
   <div class='ocr_carea' id='block_1_50' title="bbox 1886 604 3480 680">
    <p class='ocr_par' dir='ltr' id='par_1_50' title="bbox 1886 604 3480 680">
     <span class='ocr_line' id='line_1_50' title="bbox 1886 604 3480 680; baseline -0.003 -17"><span class='ocrx_word' id='word_1_381' title='bbox 1886 609 2082 680; x_wconf 90' lang='lat' dir='ltr'><strong>liisque</strong></span> <span class='ocrx_word' id='word_1_382' title='bbox 2109 609 2309 666; x_wconf 85' lang='lat' dir='ltr'><strong>Persas</strong></span> <span class='ocrx_word' id='word_1_383' title='bbox 2330 609 2582 679; x_wconf 84' lang='lat' dir='ltr'><strong>fregisse,</strong></span> <span class='ocrx_word' id='word_1_384' title='bbox 2615 617 2670 663; x_wconf 90' lang='lat' dir='ltr'><strong>et</strong></span> <span class='ocrx_word' id='word_1_385' title='bbox 2698 608 2764 663; x_wconf 91' lang='lat' dir='ltr'><strong>ad</strong></span> <span class='ocrx_word' id='word_1_386' title='bbox 2791 605 3088 662; x_wconf 86' lang='lat' dir='ltr'><strong>Granicum</strong></span> <span class='ocrx_word' id='word_1_387' title='bbox 3119 605 3338 675; x_wconf 88' lang='lat' dir='ltr'><strong>quidem</strong></span> <span class='ocrx_word' id='word_1_388' title='bbox 3375 604 3480 659; x_wconf 46' lang='lat' dir='ltr'><strong>Das</strong></span> 
     </span>
    </p>
   </div>
   <div class='ocr_carea' id='block_1_51' title="bbox 1886 691 3472 771">
    <p class='ocr_par' dir='ltr' id='par_1_51' title="bbox 1886 691 3472 771">
     <span class='ocr_line' id='line_1_51' title="bbox 1886 691 3472 771; baseline -0.004 -18"><span class='ocrx_word' id='word_1_389' title='bbox 1886 701 1951 754; x_wconf 88' lang='lat' dir='ltr'><strong>rii</strong></span> <span class='ocrx_word' id='word_1_390' title='bbox 1979 711 2249 771; x_wconf 85' lang='lat' dir='ltr'><strong>satrapas,</strong></span> <span class='ocrx_word' id='word_1_391' title='bbox 2273 700 2460 770; x_wconf 90' lang='lat' dir='ltr'><strong>copias</strong></span> <span class='ocrx_word' id='word_1_392' title='bbox 2489 699 2752 754; x_wconf 89' lang='lat' dir='ltr'><strong>ducentes</strong></span> <span class='ocrx_word' id='word_1_393' title='bbox 2784 697 3028 768; x_wconf 89' lang='lat' dir='ltr'><strong>equitum</strong></span> <span class='ocrx_word' id='word_1_394' title='bbox 3058 694 3251 764; x_wconf 83' lang='lat' dir='ltr'><strong>viginti</strong></span> <span class='ocrx_word' id='word_1_395' title='bbox 3278 691 3472 755; x_wconf 87' lang='lat' dir='ltr'><strong>millia,</strong></span> 
     </span>
    </p>
   </div>
   <div class='ocr_carea' id='block_1_52' title="bbox 1886 784 3473 862">
    <p class='ocr_par' dir='ltr' id='par_1_52' title="bbox 1886 784 3473 862">
     <span class='ocr_line' id='line_1_52' title="bbox 1886 784 3473 862; baseline -0.005 -16"><span class='ocrx_word' id='word_1_396' title='bbox 1886 792 2098 861; x_wconf 76' lang='lat' dir='ltr'><strong>pedites</strong></span> <span class='ocrx_word' id='word_1_397' title='bbox 2133 808 2272 862; x_wconf 89' lang='lat' dir='ltr'><strong>pene</strong></span> <span class='ocrx_word' id='word_1_398' title='bbox 2295 792 2540 858; x_wconf 83' lang='lat' dir='ltr'><strong>totidem,</strong></span> <span class='ocrx_word' id='word_1_399' title='bbox 2579 805 2774 847; x_wconf 89' lang='lat' dir='ltr'><strong>omnes</strong></span> <span class='ocrx_word' id='word_1_400' title='bbox 2809 786 3238 846; x_wconf 85' lang='lat' dir='ltr'><strong>debellasse:ad</strong></span> <span class='ocrx_word' id='word_1_401' title='bbox 3291 784 3473 844; x_wconf 88' lang='lat' dir='ltr'><strong>Issum</strong></span> 
     </span>
    </p>
   </div>
   <div class='ocr_carea' id='block_1_53' title="bbox 1887 877 3477 952">
    <p class='ocr_par' dir='ltr' id='par_1_53' title="bbox 1887 877 3477 952">
     <span class='ocr_line' id='line_1_53' title="bbox 1887 877 3477 952; baseline -0.003 -16"><span class='ocrx_word' id='word_1_402' title='bbox 1887 898 2017 939; x_wconf 88' lang='lat' dir='ltr'><strong>vero</strong></span> <span class='ocrx_word' id='word_1_403' title='bbox 2037 883 2258 938; x_wconf 88' lang='lat' dir='ltr'><strong>Darium</strong></span> <span class='ocrx_word' id='word_1_404' title='bbox 2290 900 2412 938; x_wconf 87' lang='lat' dir='ltr'><strong>cum</strong></span> <span class='ocrx_word' id='word_1_405' title='bbox 2440 884 2683 941; x_wconf 85' lang='lat' dir='ltr'><strong>exercitu</strong></span> <span class='ocrx_word' id='word_1_406' title='bbox 2715 883 2919 938; x_wconf 80' lang='lat' dir='ltr'><strong>fudisse</strong></span> <span class='ocrx_word' id='word_1_407' title='bbox 2943 881 3294 952; x_wconf 85' lang='lat' dir='ltr'><strong>fugasseque,</strong></span> <span class='ocrx_word' id='word_1_408' title='bbox 3321 887 3378 935; x_wconf 90' lang='lat' dir='ltr'><strong>et</strong></span> <span class='ocrx_word' id='word_1_409' title='bbox 3414 877 3477 932; x_wconf 89' lang='lat' dir='ltr'><strong>li-</strong></span> 
     </span>
    </p>
   </div>
   <div class='ocr_carea' id='block_1_54' title="bbox 1887 970 3474 1046">
    <p class='ocr_par' dir='ltr' id='par_1_54' title="bbox 1887 970 3474 1046">
     <span class='ocr_line' id='line_1_54' title="bbox 1887 970 3474 1046; baseline -0.003 -16"><span class='ocrx_word' id='word_1_410' title='bbox 1887 975 2070 1041; x_wconf 86' lang='lat' dir='ltr'><strong>beros,</strong></span> <span class='ocrx_word' id='word_1_411' title='bbox 2103 984 2266 1046; x_wconf 89' lang='lat' dir='ltr'><strong>atque</strong></span> <span class='ocrx_word' id='word_1_412' title='bbox 2293 976 2427 1031; x_wconf 89' lang='lat' dir='ltr'><strong>adeo</strong></span> <span class='ocrx_word' id='word_1_413' title='bbox 2458 990 2683 1031; x_wconf 80' lang='lat' dir='ltr'><strong>uxorem</strong></span> <span class='ocrx_word' id='word_1_414' title='bbox 2718 974 2950 1045; x_wconf 81' lang='lat' dir='ltr'><strong>cepisse.</strong></span> <span class='ocrx_word' id='word_1_415' title='bbox 2984 972 3042 1028; x_wconf 94' lang='lat' dir='ltr'><strong>ln</strong></span> <span class='ocrx_word' id='word_1_416' title='bbox 3075 971 3316 1038; x_wconf 80' lang='lat' dir='ltr'><strong>Arhelis,</strong></span> <span class='ocrx_word' id='word_1_417' title='bbox 3358 970 3474 1026; x_wconf 83' lang='lat' dir='ltr'><strong>sive</strong></span> 
     </span>
    </p>
   </div>
   <div class='ocr_carea' id='block_1_55' title="bbox 1888 1064 3470 1138">
    <p class='ocr_par' dir='ltr' id='par_1_55' title="bbox 1888 1064 3470 1138">
     <span class='ocr_line' id='line_1_55' title="bbox 1888 1064 3470 1138; baseline -0.003 -18"><span class='ocrx_word' id='word_1_418' title='bbox 1888 1067 1942 1120; x_wconf 92' lang='lat' dir='ltr'><strong>in</strong></span> <span class='ocrx_word' id='word_1_419' title='bbox 1975 1065 2324 1138; x_wconf 87' lang='lat' dir='ltr'><strong>Gaugamelis</strong></span> <span class='ocrx_word' id='word_1_420' title='bbox 2363 1066 2580 1122; x_wconf 85' lang='lat' dir='ltr'><strong>tandem</strong></span> <span class='ocrx_word' id='word_1_421' title='bbox 2605 1075 2660 1122; x_wconf 88' lang='lat' dir='ltr'><strong>et</strong></span> <span class='ocrx_word' id='word_1_422' title='bbox 2681 1066 2857 1135; x_wconf 81' lang='lat' dir='ltr'><strong>ipsum</strong></span> <span class='ocrx_word' id='word_1_423' title='bbox 2908 1064 3131 1119; x_wconf 89' lang='lat' dir='ltr'><strong>Darium</strong></span> <span class='ocrx_word' id='word_1_424' title='bbox 3156 1075 3470 1131; x_wconf 86' lang='lat' dir='ltr'><strong>superasse,</strong></span> 
     </span>
    </p>
   </div>
   <div class='ocr_carea' id='block_1_56' title="bbox 1889 1155 3476 1228">
    <p class='ocr_par' dir='ltr' id='par_1_56' title="bbox 1889 1155 3476 1228">
     <span class='ocr_line' id='line_1_56' title="bbox 1889 1155 3476 1228; baseline -0.002 -17"><span class='ocrx_word' id='word_1_425' title='bbox 1889 1159 2112 1213; x_wconf 85' lang='lat' dir='ltr'><strong>ethunc</strong></span> <span class='ocrx_word' id='word_1_426' title='bbox 2139 1158 2442 1228; x_wconf 89' lang='lat' dir='ltr'><strong>fugientem</strong></span> <span class='ocrx_word' id='word_1_427' title='bbox 2467 1174 2495 1213; x_wconf 89' lang='lat' dir='ltr'><strong>a</strong></span> <span class='ocrx_word' id='word_1_428' title='bbox 2535 1159 2650 1215; x_wconf 88' lang='lat' dir='ltr'><strong>suis</strong></span> <span class='ocrx_word' id='word_1_429' title='bbox 2698 1158 2944 1214; x_wconf 90' lang='lat' dir='ltr'><strong>occisum</strong></span> <span class='ocrx_word' id='word_1_430' title='bbox 2993 1171 3138 1213; x_wconf 89' lang='lat' dir='ltr'><strong>esse.</strong></span> <span class='ocrx_word' id='word_1_431' title='bbox 3178 1155 3476 1212; x_wconf 82' lang='lat' dir='ltr'><strong>Suﬂ‘ectunt</strong></span> 
     </span>
    </p>
   </div>
   <div class='ocr_carea' id='block_1_57' title="bbox 1890 1247 3473 1318">
    <p class='ocr_par' dir='ltr' id='par_1_57' title="bbox 1890 1247 3473 1318">
     <span class='ocr_line' id='line_1_57' title="bbox 1890 1247 3473 1318; baseline -0.001 -16"><span class='ocrx_word' id='word_1_432' title='bbox 1890 1248 2088 1304; x_wconf 90' lang='lat' dir='ltr'><strong>deinde</strong></span> <span class='ocrx_word' id='word_1_433' title='bbox 2141 1248 2211 1304; x_wconf 90' lang='lat' dir='ltr'><strong>ab</strong></span> <span class='ocrx_word' id='word_1_434' title='bbox 2258 1248 2453 1304; x_wconf 89' lang='lat' dir='ltr'><strong>iisdem</strong></span> <span class='ocrx_word' id='word_1_435' title='bbox 2486 1250 2540 1304; x_wconf 92' lang='lat' dir='ltr'><strong>in</strong></span> <span class='ocrx_word' id='word_1_436' title='bbox 2575 1247 2722 1304; x_wconf 90' lang='lat' dir='ltr'><strong>Darii</strong></span> <span class='ocrx_word' id='word_1_437' title='bbox 2769 1247 2947 1304; x_wconf 90' lang='lat' dir='ltr'><strong>locum</strong></span> <span class='ocrx_word' id='word_1_438' title='bbox 3001 1263 3186 1318; x_wconf 90' lang='lat' dir='ltr'><strong>regem</strong></span> <span class='ocrx_word' id='word_1_439' title='bbox 3225 1247 3473 1311; x_wconf 85' lang='lat' dir='ltr'><strong>Bessum,</strong></span> 
     </span>
    </p>
   </div>
   <div class='ocr_carea' id='block_1_58' title="bbox 1890 1337 3478 1411">
    <p class='ocr_par' dir='ltr' id='par_1_58' title="bbox 1890 1337 3478 1411">
     <span class='ocr_line' id='line_1_58' title="bbox 1890 1337 3478 1411; baseline -0.003 -16"><span class='ocrx_word' id='word_1_440' title='bbox 1890 1356 2047 1411; x_wconf 66' lang='lat' dir='ltr'><strong>aeque</strong></span> <span class='ocrx_word' id='word_1_441' title='bbox 2063 1339 2407 1410; x_wconf 81' lang='lat' dir='ltr'><strong>postmodum</strong></span> <span class='ocrx_word' id='word_1_442' title='bbox 2435 1341 2505 1396; x_wconf 92' lang='lat' dir='ltr'><strong>ab</strong></span> <span class='ocrx_word' id='word_1_443' title='bbox 2532 1339 2845 1396; x_wconf 86' lang='lat' dir='ltr'><strong>Alexandro</strong></span> <span class='ocrx_word' id='word_1_444' title='bbox 2869 1347 3120 1409; x_wconf 90' lang='lat' dir='ltr'><strong>captum,</strong></span> <span class='ocrx_word' id='word_1_445' title='bbox 3144 1347 3200 1393; x_wconf 91' lang='lat' dir='ltr'><strong>et</strong></span> <span class='ocrx_word' id='word_1_446' title='bbox 3216 1338 3287 1394; x_wconf 91' lang='lat' dir='ltr'><strong>ob</strong></span> <span class='ocrx_word' id='word_1_447' title='bbox 3307 1337 3478 1392; x_wconf 84' lang='lat' dir='ltr'><strong>auda-</strong></span> 
     </span>
    </p>
   </div>
   <div class='ocr_carea' id='block_1_59' title="bbox 1891 1430 3478 1501">
    <p class='ocr_par' dir='ltr' id='par_1_59' title="bbox 1891 1430 3478 1501">
     <span class='ocr_line' id='line_1_59' title="bbox 1891 1430 3478 1501; baseline -0.002 -14"><span class='ocrx_word' id='word_1_448' title='bbox 1891 1447 2008 1487; x_wconf 90' lang='lat' dir='ltr'><strong>cem</strong></span> <span class='ocrx_word' id='word_1_449' title='bbox 2035 1432 2090 1486; x_wconf 92' lang='lat' dir='ltr'><strong>in</strong></span> <span class='ocrx_word' id='word_1_450' title='bbox 2123 1433 2345 1487; x_wconf 89' lang='lat' dir='ltr'><strong>Darium</strong></span> <span class='ocrx_word' id='word_1_451' title='bbox 2374 1431 2632 1500; x_wconf 76' lang='lat' dir='ltr'><strong>iniuriam</strong></span> <span class='ocrx_word' id='word_1_452' title='bbox 2667 1431 2907 1492; x_wconf 86' lang='lat' dir='ltr'><strong>ludibrio</strong></span> <span class='ocrx_word' id='word_1_453' title='bbox 2938 1430 3216 1499; x_wconf 71' lang='lat' dir='ltr'><strong>affectum,</strong></span> <span class='ocrx_word' id='word_1_454' title='bbox 3260 1432 3478 1501; x_wconf 86' lang='lat' dir='ltr'><strong>vitaque</strong></span> 
     </span>
    </p>
   </div>
   <div class='ocr_carea' id='block_1_60' title="bbox 1890 1523 3478 1593">
    <p class='ocr_par' dir='ltr' id='par_1_60' title="bbox 1890 1523 3478 1593">
     <span class='ocr_line' id='line_1_60' title="bbox 1890 1523 3478 1593; baseline 0.001 -16"><span class='ocrx_word' id='word_1_455' title='bbox 1890 1524 2186 1593; x_wconf 88' lang='lat' dir='ltr'><strong>privatum.</strong></span> <span class='ocrx_word' id='word_1_456' title='bbox 2249 1525 2452 1579; x_wconf 80' lang='lat' dir='ltr'><strong>Adhaec</strong></span> <span class='ocrx_word' id='word_1_457' title='bbox 2514 1523 2716 1593; x_wconf 85' lang='lat' dir='ltr'><strong>septies</strong></span> <span class='ocrx_word' id='word_1_458' title='bbox 2763 1523 3134 1578; x_wconf 83' lang='lat' dir='ltr'><strong>Alexandrum</strong></span> <span class='ocrx_word' id='word_1_459' title='bbox 3189 1523 3333 1578; x_wconf 89' lang='lat' dir='ltr'><strong>inter</strong></span> <span class='ocrx_word' id='word_1_460' title='bbox 3379 1537 3478 1592; x_wconf 85' lang='lat' dir='ltr'><strong>pu-</strong></span> 
     </span>
    </p>
   </div>
   <div class='ocr_carea' id='block_1_61' title="bbox 1893 1611 3478 1685">
    <p class='ocr_par' dir='ltr' id='par_1_61' title="bbox 1893 1611 3478 1685">
     <span class='ocr_line' id='line_1_61' title="bbox 1893 1611 3478 1685; baseline -0.001 -16"><span class='ocrx_word' id='word_1_461' title='bbox 1893 1615 2167 1685; x_wconf 85' lang='lat' dir='ltr'><strong>gnandum</strong></span> <span class='ocrx_word' id='word_1_462' title='bbox 2217 1614 2387 1670; x_wconf 87' lang='lat' dir='ltr'><strong>fuisse</strong></span> <span class='ocrx_word' id='word_1_463' title='bbox 2427 1613 2807 1679; x_wconf 85' lang='lat' dir='ltr'><strong>vulneratum,</strong></span> <span class='ocrx_word' id='word_1_464' title='bbox 2840 1615 3129 1684; x_wconf 85' lang='lat' dir='ltr'><strong>regiasque</strong></span> <span class='ocrx_word' id='word_1_465' title='bbox 3168 1612 3222 1668; x_wconf 92' lang='lat' dir='ltr'><strong>in</strong></span> <span class='ocrx_word' id='word_1_466' title='bbox 3250 1611 3478 1681; x_wconf 82' lang='lat' dir='ltr'><strong>Pagasis</strong></span> 
     </span>
    </p>
   </div>
   <div class='ocr_carea' id='block_1_62' title="bbox 1894 1703 3481 1777">
    <p class='ocr_par' dir='ltr' id='par_1_62' title="bbox 1894 1703 3481 1777">
     <span class='ocr_line' id='line_1_62' title="bbox 1894 1703 3481 1777; baseline 0 -19"><span class='ocrx_word' id='word_1_467' title='bbox 1894 1720 2025 1774; x_wconf 91' lang='lat' dir='ltr'><strong>opes</strong></span> <span class='ocrx_word' id='word_1_468' title='bbox 2048 1704 2334 1761; x_wconf 90' lang='lat' dir='ltr'><strong>sustulisse</strong></span> <span class='ocrx_word' id='word_1_469' title='bbox 2354 1704 2491 1777; x_wconf 75' lang='grc'>(21).</span> <span class='ocrx_word' id='word_1_470' title='bbox 2518 1704 2654 1760; x_wconf 86' lang='lat' dir='ltr'><strong>Cum</strong></span> <span class='ocrx_word' id='word_1_471' title='bbox 2711 1704 2843 1759; x_wconf 88' lang='lat' dir='ltr'><strong>item</strong></span> <span class='ocrx_word' id='word_1_472' title='bbox 2885 1719 3208 1774; x_wconf 88' lang='lat' dir='ltr'><strong>persuasum</strong></span> <span class='ocrx_word' id='word_1_473' title='bbox 3238 1703 3290 1760; x_wconf 91' lang='lat' dir='ltr'><strong>ei</strong></span> <span class='ocrx_word' id='word_1_474' title='bbox 3331 1713 3481 1759; x_wconf 81' lang='lat' dir='ltr'><strong>esset</strong></span> 
     </span>
    </p>
   </div>
   <div class='ocr_carea' id='block_1_63' title="bbox 1892 1795 3480 1866">
    <p class='ocr_par' dir='ltr' id='par_1_63' title="bbox 1892 1795 3480 1866">
     <span class='ocr_line' id='line_1_63' title="bbox 1892 1795 3480 1866; baseline 0.001 -16"><span class='ocrx_word' id='word_1_475' title='bbox 1892 1797 2162 1851; x_wconf 83' lang='lat' dir='ltr'><strong>Philotam</strong></span> <span class='ocrx_word' id='word_1_476' title='bbox 2193 1797 2420 1852; x_wconf 87' lang='lat' dir='ltr'><strong>insidias</strong></span> <span class='ocrx_word' id='word_1_477' title='bbox 2445 1797 2648 1865; x_wconf 90' lang='lat' dir='ltr'><strong>moliri,</strong></span> <span class='ocrx_word' id='word_1_478' title='bbox 2682 1813 2806 1852; x_wconf 89' lang='lat' dir='ltr'><strong>cum</strong></span> <span class='ocrx_word' id='word_1_479' title='bbox 2839 1806 3064 1866; x_wconf 85' lang='lat' dir='ltr'><strong>parente</strong></span> <span class='ocrx_word' id='word_1_480' title='bbox 3114 1795 3480 1852; x_wconf 87' lang='lat' dir='ltr'><strong>Parmenione</strong></span> 
     </span>
    </p>
   </div>
   <div class='ocr_carea' id='block_1_64' title="bbox 1897 1885 3478 1959">
    <p class='ocr_par' dir='ltr' id='par_1_64' title="bbox 1897 1885 3478 1959">
     <span class='ocr_line' id='line_1_64' title="bbox 1897 1885 3478 1959; baseline 0.001 -20"><span class='ocrx_word' id='word_1_481' title='bbox 1897 1885 2334 1942; x_wconf 87' lang='lat' dir='ltr'><strong>interficiendum</strong></span> <span class='ocrx_word' id='word_1_482' title='bbox 2385 1886 2562 1956; x_wconf 86' lang='lat' dir='ltr'><strong>ipsum</strong></span> <span class='ocrx_word' id='word_1_483' title='bbox 2611 1902 2863 1950; x_wconf 85' lang='lat' dir='ltr'><strong>curasse,</strong></span> <span class='ocrx_word' id='word_1_484' title='bbox 2897 1887 3295 1959; x_wconf 80' lang='lat' dir='ltr'><strong>Sogdianorum</strong></span> <span class='ocrx_word' id='word_1_485' title='bbox 3340 1900 3478 1956; x_wconf 86' lang='lat' dir='ltr'><strong>quo-</strong></span> 
     </span>
    </p>
   </div>
   <div class='ocr_carea' id='block_1_65' title="bbox 1894 1979 3480 2052">
    <p class='ocr_par' dir='ltr' id='par_1_65' title="bbox 1894 1979 3480 2052">
     <span class='ocr_line' id='line_1_65' title="bbox 1894 1979 3480 2052; baseline 0.004 -23"><span class='ocrx_word' id='word_1_486' title='bbox 1894 1994 2000 2049; x_wconf 86' lang='lat' dir='ltr'><strong>que</strong></span> <span class='ocrx_word' id='word_1_487' title='bbox 2032 1994 2322 2050; x_wconf 80' lang='lat' dir='ltr'><strong>regnorum</strong></span> <span class='ocrx_word' id='word_1_488' title='bbox 2360 1981 2593 2049; x_wconf 86' lang='lat' dir='ltr'><strong>potitum</strong></span> <span class='ocrx_word' id='word_1_489' title='bbox 2620 1995 2766 2043; x_wconf 90' lang='lat' dir='ltr'><strong>esse,</strong></span> <span class='ocrx_word' id='word_1_490' title='bbox 2793 1981 2940 2052; x_wconf 76' lang='lat' dir='ltr'><strong>68a</strong></span> <span class='ocrx_word' id='word_1_491' title='bbox 2965 1990 3021 2036; x_wconf 92' lang='lat' dir='ltr'><strong>et</strong></span> <span class='ocrx_word' id='word_1_492' title='bbox 3055 1980 3199 2037; x_wconf 70' lang='lat' dir='ltr'><strong>Asia:</strong></span> <span class='ocrx_word' id='word_1_493' title='bbox 3243 1979 3480 2051; x_wconf 81' lang='lat' dir='ltr'><strong>Scythas</strong></span> 
     </span>
    </p>
   </div>
   <div class='ocr_carea' id='block_1_66' title="bbox 1895 2071 3478 2143">
    <p class='ocr_par' dir='ltr' id='par_1_66' title="bbox 1895 2071 3478 2143">
     <span class='ocr_line' id='line_1_66' title="bbox 1895 2071 3478 2143; baseline 0.003 -19"><span class='ocrx_word' id='word_1_494' title='bbox 1895 2071 2088 2142; x_wconf 77' lang='lat' dir='ltr'><strong>proelio</strong></span> <span class='ocrx_word' id='word_1_495' title='bbox 2122 2072 2339 2128; x_wconf 85' lang='lat' dir='ltr'><strong>vicisse.</strong></span> <span class='ocrx_word' id='word_1_496' title='bbox 2380 2071 2582 2127; x_wconf 88' lang='lat' dir='ltr'><strong>Clitum</strong></span> <span class='ocrx_word' id='word_1_497' title='bbox 2622 2076 2690 2128; x_wconf 90' lang='lat' dir='ltr'><strong>ab</strong></span> <span class='ocrx_word' id='word_1_498' title='bbox 2723 2073 3031 2128; x_wconf 86' lang='lat' dir='ltr'><strong>Alexandro</strong></span> <span class='ocrx_word' id='word_1_499' title='bbox 3053 2083 3180 2143; x_wconf 89' lang='lat' dir='ltr'><strong>potu</strong></span> <span class='ocrx_word' id='word_1_500' title='bbox 3201 2081 3478 2143; x_wconf 86' lang='lat' dir='ltr'><strong>correpto,</strong></span> 
     </span>
    </p>
   </div>
   <div class='ocr_carea' id='block_1_67' title="bbox 1896 2165 3480 2236">
    <p class='ocr_par' dir='ltr' id='par_1_67' title="bbox 1896 2165 3480 2236">
     <span class='ocr_line' id='line_1_67' title="bbox 1896 2165 3480 2236; baseline 0.001 -17"><span class='ocrx_word' id='word_1_501' title='bbox 1896 2165 2304 2236; x_wconf 87' lang='lat' dir='ltr'><strong>interemptum,</strong></span> <span class='ocrx_word' id='word_1_502' title='bbox 2332 2179 2700 2234; x_wconf 84' lang='lat' dir='ltr'><strong>magnumque</strong></span> <span class='ocrx_word' id='word_1_503' title='bbox 2722 2180 2849 2220; x_wconf 84' lang='lat' dir='ltr'><strong>mox</strong></span> <span class='ocrx_word' id='word_1_504' title='bbox 2872 2180 2996 2221; x_wconf 92' lang='lat' dir='ltr'><strong>eum</strong></span> <span class='ocrx_word' id='word_1_505' title='bbox 3029 2165 3183 2233; x_wconf 86' lang='lat' dir='ltr'><strong>facti,</strong></span> <span class='ocrx_word' id='word_1_506' title='bbox 3207 2173 3264 2220; x_wconf 90' lang='lat' dir='ltr'><strong>ut</strong></span> <span class='ocrx_word' id='word_1_507' title='bbox 3296 2167 3364 2221; x_wconf 90' lang='lat' dir='ltr'><strong>ad</strong></span> <span class='ocrx_word' id='word_1_508' title='bbox 3387 2181 3480 2220; x_wconf 82' lang='lat' dir='ltr'><strong>so—</strong></span> 
     </span>
    </p>
   </div>
   <div class='ocr_carea' id='block_1_68' title="bbox 1896 2256 3482 2322">
    <p class='ocr_par' dir='ltr' id='par_1_68' title="bbox 1896 2256 3482 2322">
     <span class='ocr_line' id='line_1_68' title="bbox 1896 2256 3482 2322; baseline 0.001 -10"><span class='ocrx_word' id='word_1_509' title='bbox 1896 2257 2182 2313; x_wconf 86' lang='lat' dir='ltr'><strong>brietatem</strong></span> <span class='ocrx_word' id='word_1_510' title='bbox 2235 2256 2494 2322; x_wconf 88' lang='lat' dir='ltr'><strong>redierat,</strong></span> <span class='ocrx_word' id='word_1_511' title='bbox 2528 2271 2818 2313; x_wconf 70' lang='lat' dir='ltr'><strong>mmrorem</strong></span> <span class='ocrx_word' id='word_1_512' title='bbox 2851 2258 3159 2314; x_wconf 89' lang='lat' dir='ltr'><strong>ostendisse</strong></span> <span class='ocrx_word' id='word_1_513' title='bbox 3190 2273 3206 2312; x_wconf 90' lang='lat'><strong>:</strong></span> <span class='ocrx_word' id='word_1_514' title='bbox 3253 2259 3320 2314; x_wconf 86' lang='lat' dir='ltr'><strong>ad</strong></span> <span class='ocrx_word' id='word_1_515' title='bbox 3365 2259 3482 2313; x_wconf 64' lang='lat' dir='ltr'><strong>haec</strong></span> 
     </span>
    </p>
   </div>
   <div class='ocr_carea' id='block_1_69' title="bbox 1894 2347 3477 2417">
    <p class='ocr_par' dir='ltr' id='par_1_69' title="bbox 1894 2347 3477 2417">
     <span class='ocr_line' id='line_1_69' title="bbox 1894 2347 3477 2417; baseline 0.001 -15"><span class='ocrx_word' id='word_1_516' title='bbox 1894 2359 1949 2402; x_wconf 88' lang='lat' dir='ltr'><strong>et</strong></span> <span class='ocrx_word' id='word_1_517' title='bbox 2002 2347 2312 2402; x_wconf 82' lang='lat' dir='ltr'><strong>Alexandro</strong></span> <span class='ocrx_word' id='word_1_518' title='bbox 2362 2363 2392 2401; x_wconf 87' lang='lat' dir='ltr'><strong>a</strong></span> <span class='ocrx_word' id='word_1_519' title='bbox 2452 2349 2637 2417; x_wconf 88' lang='lat' dir='ltr'><strong>pueris</strong></span> <span class='ocrx_word' id='word_1_520' title='bbox 2689 2357 2928 2403; x_wconf 88' lang='lat' dir='ltr'><strong>structas</strong></span> <span class='ocrx_word' id='word_1_521' title='bbox 2989 2347 3158 2405; x_wconf 84' lang='lat' dir='ltr'><strong>fuisse</strong></span> <span class='ocrx_word' id='word_1_522' title='bbox 3220 2350 3477 2411; x_wconf 80' lang='lat' dir='ltr'><strong>insidias,</strong></span> 
     </span>
    </p>
   </div>
   <div class='ocr_carea' id='block_1_70' title="bbox 1898 2440 3479 2513">
    <p class='ocr_par' dir='ltr' id='par_1_70' title="bbox 1898 2440 3479 2513">
     <span class='ocr_line' id='line_1_70' title="bbox 1898 2440 3479 2513; baseline 0.001 -19"><span class='ocrx_word' id='word_1_523' title='bbox 1898 2454 2193 2510; x_wconf 83' lang='lat' dir='ltr'><strong>poenasque</strong></span> <span class='ocrx_word' id='word_1_524' title='bbox 2248 2440 2452 2494; x_wconf 83' lang='lat' dir='ltr'><strong>idcirco</strong></span> <span class='ocrx_word' id='word_1_525' title='bbox 2509 2441 2801 2512; x_wconf 86' lang='lat' dir='ltr'><strong>irrogatas.</strong></span> <span class='ocrx_word' id='word_1_526' title='bbox 2855 2440 3074 2496; x_wconf 87' lang='lat' dir='ltr'><strong>Petram</strong></span> <span class='ocrx_word' id='word_1_527' title='bbox 3137 2441 3284 2496; x_wconf 90' lang='lat' dir='ltr'><strong>illam</strong></span> <span class='ocrx_word' id='word_1_528' title='bbox 3329 2441 3479 2513; x_wconf 71' lang='lat'><strong>(22),</strong></span> 
     </span>
    </p>
   </div>
   <div class='ocr_carea' id='block_1_71' title="bbox 1898 2528 3482 2603">
    <p class='ocr_par' dir='ltr' id='par_1_71' title="bbox 1898 2528 3482 2603">
     <span class='ocr_line' id='line_1_71' title="bbox 1898 2528 3482 2603; baseline 0.003 -21"><span class='ocrx_word' id='word_1_529' title='bbox 1898 2547 2018 2599; x_wconf 72' lang='lat' dir='ltr'><strong>qua:</strong></span> <span class='ocrx_word' id='word_1_530' title='bbox 2059 2531 2111 2583; x_wconf 90' lang='lat' dir='ltr'><strong>in</strong></span> <span class='ocrx_word' id='word_1_531' title='bbox 2142 2528 2412 2600; x_wconf 86' lang='lat' dir='ltr'><strong>Sogdiaua</strong></span> <span class='ocrx_word' id='word_1_532' title='bbox 2449 2531 2671 2603; x_wconf 81' lang='lat' dir='ltr'><strong>regione</strong></span> <span class='ocrx_word' id='word_1_533' title='bbox 2700 2541 2809 2599; x_wconf 89' lang='lat' dir='ltr'><strong>est,</strong></span> <span class='ocrx_word' id='word_1_534' title='bbox 2847 2542 3168 2603; x_wconf 86' lang='lat' dir='ltr'><strong>occupatam</strong></span> <span class='ocrx_word' id='word_1_535' title='bbox 3202 2548 3348 2598; x_wconf 87' lang='lat' dir='ltr'><strong>esse,</strong></span> <span class='ocrx_word' id='word_1_536' title='bbox 3388 2550 3482 2588; x_wconf 87' lang='lat' dir='ltr'><strong>ca-</strong></span> 
     </span>
    </p>
   </div>
   <div class='ocr_carea' id='block_1_72' title="bbox 1896 2621 3480 2696">
    <p class='ocr_par' dir='ltr' id='par_1_72' title="bbox 1896 2621 3480 2696">
     <span class='ocr_line' id='line_1_72' title="bbox 1896 2621 3480 2696; baseline 0.003 -20"><span class='ocrx_word' id='word_1_537' title='bbox 1896 2632 1988 2692; x_wconf 90' lang='lat' dir='ltr'><strong>pta</strong></span> <span class='ocrx_word' id='word_1_538' title='bbox 2013 2621 2261 2694; x_wconf 79' lang='lat' dir='ltr'><strong>Oxyarti,</strong></span> <span class='ocrx_word' id='word_1_539' title='bbox 2297 2624 2386 2692; x_wconf 92' lang='lat' dir='ltr'><strong>qui</strong></span> <span class='ocrx_word' id='word_1_540' title='bbox 2425 2623 2632 2692; x_wconf 87' lang='lat' dir='ltr'><strong>regioni</strong></span> <span class='ocrx_word' id='word_1_541' title='bbox 2693 2624 2769 2678; x_wconf 90' lang='lat' dir='ltr'><strong>illi</strong></span> <span class='ocrx_word' id='word_1_542' title='bbox 2815 2624 3185 2693; x_wconf 88' lang='lat' dir='ltr'><strong>imperitabat,</strong></span> <span class='ocrx_word' id='word_1_543' title='bbox 3227 2625 3480 2696; x_wconf 86' lang='lat' dir='ltr'><strong>conjuge,</strong></span> 
     </span>
    </p>
   </div>
   <div class='ocr_carea' id='block_1_73' title="bbox 1899 2702 3482 2787">
    <p class='ocr_par' dir='ltr' id='par_1_73' title="bbox 1899 2702 3482 2787">
     <span class='ocr_line' id='line_1_73' title="bbox 1899 2702 3482 2787; baseline 0.003 -19"><span class='ocrx_word' id='word_1_544' title='bbox 1899 2729 2007 2768; x_wconf 90' lang='lat' dir='ltr'><strong>una</strong></span> <span class='ocrx_word' id='word_1_545' title='bbox 2053 2730 2176 2768; x_wconf 92' lang='lat' dir='ltr'><strong>cum</strong></span> <span class='ocrx_word' id='word_1_546' title='bbox 2223 2702 2447 2770; x_wconf 72' lang='lat' dir='ltr'><strong>Roxana</strong></span> <span class='ocrx_word' id='word_1_547' title='bbox 2484 2715 2616 2781; x_wconf 85' lang='lat' dir='ltr'><strong>filia,</strong></span> <span class='ocrx_word' id='word_1_548' title='bbox 2658 2729 2822 2786; x_wconf 90' lang='lat' dir='ltr'><strong>quam</strong></span> <span class='ocrx_word' id='word_1_549' title='bbox 2854 2724 2974 2787; x_wconf 90' lang='lat' dir='ltr'><strong>post</strong></span> <span class='ocrx_word' id='word_1_550' title='bbox 3001 2715 3311 2771; x_wconf 82' lang='lat' dir='ltr'><strong>Alexander</strong></span> <span class='ocrx_word' id='word_1_551' title='bbox 3345 2733 3482 2772; x_wconf 87' lang='lat' dir='ltr'><strong>uxo-</strong></span> 
     </span>
    </p>
   </div>
   <div class='ocr_carea' id='block_1_74' title="bbox 1901 2807 3483 2864">
    <p class='ocr_par' dir='ltr' id='par_1_74' title="bbox 1901 2807 3483 2864">
     <span class='ocr_line' id='line_1_74' title="bbox 1901 2807 3483 2864; baseline 0.002 -3"><span class='ocrx_word' id='word_1_552' title='bbox 1901 2823 2012 2861; x_wconf 85' lang='lat' dir='ltr'><strong>rem</strong></span> <span class='ocrx_word' id='word_1_553' title='bbox 2051 2808 2154 2861; x_wconf 85' lang='lat' dir='ltr'><strong>rite</strong></span> <span class='ocrx_word' id='word_1_554' title='bbox 2180 2808 2417 2862; x_wconf 83' lang='lat' dir='ltr'><strong>duxerit.</strong></span> <span class='ocrx_word' id='word_1_555' title='bbox 2467 2807 2841 2863; x_wconf 83' lang='lat' dir='ltr'><strong>Alexandrum</strong></span> <span class='ocrx_word' id='word_1_556' title='bbox 2872 2824 2940 2862; x_wconf 87' lang='lat' dir='ltr'><strong>ex</strong></span> <span class='ocrx_word' id='word_1_557' title='bbox 2972 2808 3189 2864; x_wconf 86' lang='lat' dir='ltr'><strong>Bactris</strong></span> <span class='ocrx_word' id='word_1_558' title='bbox 3219 2810 3286 2864; x_wconf 90' lang='lat' dir='ltr'><strong>ad</strong></span> <span class='ocrx_word' id='word_1_559' title='bbox 3322 2809 3483 2864; x_wconf 84' lang='lat' dir='ltr'><strong>indos</strong></span> 
     </span>
    </p>
   </div>
   <div class='ocr_carea' id='block_1_75' title="bbox 1899 2899 3480 2973">
    <p class='ocr_par' dir='ltr' id='par_1_75' title="bbox 1899 2899 3480 2973">
     <span class='ocr_line' id='line_1_75' title="bbox 1899 2899 3480 2973; baseline 0.003 -21"><span class='ocrx_word' id='word_1_560' title='bbox 1899 2899 2228 2968; x_wconf 82' lang='lat' dir='ltr'><strong>profectum,</strong></span> <span class='ocrx_word' id='word_1_561' title='bbox 2268 2901 2594 2970; x_wconf 86' lang='lat' dir='ltr'><strong>pugnaillos</strong></span> <span class='ocrx_word' id='word_1_562' title='bbox 2634 2915 2946 2972; x_wconf 82' lang='lat' dir='ltr'><strong>superasse,</strong></span> <span class='ocrx_word' id='word_1_563' title='bbox 2991 2903 3263 2973; x_wconf 88' lang='lat' dir='ltr'><strong>urbesque</strong></span> <span class='ocrx_word' id='word_1_564' title='bbox 3291 2919 3480 2958; x_wconf 87' lang='lat' dir='ltr'><strong>eorum</strong></span> 
     </span>
    </p>
   </div>
   <div class='ocr_carea' id='block_1_76' title="bbox 1900 2992 3484 3066">
    <p class='ocr_par' dir='ltr' id='par_1_76' title="bbox 1900 2992 3484 3066">
     <span class='ocr_line' id='line_1_76' title="bbox 1900 2992 3484 3066; baseline 0.002 -20"><span class='ocrx_word' id='word_1_565' title='bbox 1900 2992 2165 3062; x_wconf 88' lang='lat' dir='ltr'><strong>plurimas</strong></span> <span class='ocrx_word' id='word_1_566' title='bbox 2187 2994 2473 3049; x_wconf 90' lang='lat' dir='ltr'><strong>obsidione</strong></span> <span class='ocrx_word' id='word_1_567' title='bbox 2517 2995 2774 3064; x_wconf 87' lang='lat' dir='ltr'><strong>cepisse:</strong></span> <span class='ocrx_word' id='word_1_568' title='bbox 2810 2994 2867 3050; x_wconf 93' lang='lat' dir='ltr'><strong>in</strong></span> <span class='ocrx_word' id='word_1_569' title='bbox 2922 2994 3008 3051; x_wconf 86' lang='lat' dir='ltr'><strong>his</strong></span> <span class='ocrx_word' id='word_1_570' title='bbox 3035 3003 3091 3050; x_wconf 93' lang='lat' dir='ltr'><strong>et</strong></span> <span class='ocrx_word' id='word_1_571' title='bbox 3121 2999 3306 3050; x_wconf 84' lang='lat' dir='ltr'><strong>Aorno</strong></span> <span class='ocrx_word' id='word_1_572' title='bbox 3341 2995 3484 3066; x_wconf 69' lang='lat' dir='ltr'><strong>(quae</strong></span> 
     </span>
    </p>
   </div>
   <div class='ocr_carea' id='block_1_77' title="bbox 1899 3087 3485 3162">
    <p class='ocr_par' dir='ltr' id='par_1_77' title="bbox 1899 3087 3485 3162">
     <span class='ocr_line' id='line_1_77' title="bbox 1899 3087 3485 3162; baseline 0.003 -20"><span class='ocrx_word' id='word_1_573' title='bbox 1899 3087 2429 3159; x_wconf 87' lang='lat' dir='ltr'><strong>dicitur)occupata,</strong></span> <span class='ocrx_word' id='word_1_574' title='bbox 2483 3089 2536 3143; x_wconf 89' lang='lat' dir='ltr'><strong>in</strong></span> <span class='ocrx_word' id='word_1_575' title='bbox 2589 3090 2964 3144; x_wconf 84' lang='lat' dir='ltr'><strong>Asacanorum</strong></span> <span class='ocrx_word' id='word_1_576' title='bbox 3005 3090 3340 3160; x_wconf 87' lang='lat' dir='ltr'><strong>provinciam</strong></span> <span class='ocrx_word' id='word_1_577' title='bbox 3363 3090 3485 3162; x_wconf 73' lang='grc'><strong>(25)</strong></span> 
     </span>
    </p>
   </div>
   <div class='ocr_carea' id='block_1_78' title="bbox 1901 3178 3487 3250">
    <p class='ocr_par' dir='ltr' id='par_1_78' title="bbox 1901 3178 3487 3250">
     <span class='ocr_line' id='line_1_78' title="bbox 1901 3178 3487 3250; baseline 0.002 -17"><span class='ocrx_word' id='word_1_578' title='bbox 1901 3180 2237 3249; x_wconf 87' lang='lat' dir='ltr'><strong>pervenisse.</strong></span> <span class='ocrx_word' id='word_1_579' title='bbox 2302 3178 2543 3235; x_wconf 83' lang='lat' dir='ltr'><strong>Navibus</strong></span> <span class='ocrx_word' id='word_1_580' title='bbox 2593 3189 2858 3250; x_wconf 81' lang='lat' dir='ltr'><strong>praeterea</strong></span> <span class='ocrx_word' id='word_1_581' title='bbox 2915 3180 3047 3237; x_wconf 86' lang='lat' dir='ltr'><strong>Indo</strong></span> <span class='ocrx_word' id='word_1_582' title='bbox 3087 3181 3310 3236; x_wconf 79' lang='lat' dir='ltr'><strong>flumine</strong></span> <span class='ocrx_word' id='word_1_583' title='bbox 3357 3197 3487 3236; x_wconf 86' lang='lat' dir='ltr'><strong>con-</strong></span> 
     </span>
    </p>
   </div>
   <div class='ocr_carea' id='block_1_79' title="bbox 1897 3271 3486 3343">
    <p class='ocr_par' dir='ltr' id='par_1_79' title="bbox 1897 3271 3486 3343">
     <span class='ocr_line' id='line_1_79' title="bbox 1897 3271 3486 3343; baseline 0.001 -16"><span class='ocrx_word' id='word_1_584' title='bbox 1897 3282 2092 3336; x_wconf 87' lang='lat' dir='ltr'><strong>strato,</strong></span> <span class='ocrx_word' id='word_1_585' title='bbox 2134 3271 2440 3339; x_wconf 87' lang='lat' dir='ltr'><strong>trajecisse,</strong></span> <span class='ocrx_word' id='word_1_586' title='bbox 2475 3281 2530 3326; x_wconf 89' lang='lat' dir='ltr'><strong>et</strong></span> <span class='ocrx_word' id='word_1_587' title='bbox 2580 3272 2784 3328; x_wconf 90' lang='lat' dir='ltr'><strong>Porum</strong></span> <span class='ocrx_word' id='word_1_588' title='bbox 2837 3273 3092 3328; x_wconf 89' lang='lat' dir='ltr'><strong>Indorum</strong></span> <span class='ocrx_word' id='word_1_589' title='bbox 3144 3288 3326 3343; x_wconf 87' lang='lat' dir='ltr'><strong>regem</strong></span> <span class='ocrx_word' id='word_1_590' title='bbox 3377 3288 3486 3328; x_wconf 90' lang='lat' dir='ltr'><strong>uno</strong></span> 
     </span>
    </p>
   </div>
   <div class='ocr_carea' id='block_1_80' title="bbox 1896 3364 3484 3437">
    <p class='ocr_par' dir='ltr' id='par_1_80' title="bbox 1896 3364 3484 3437">
     <span class='ocr_line' id='line_1_80' title="bbox 1896 3364 3484 3437; baseline 0.001 -19"><span class='ocrx_word' id='word_1_591' title='bbox 1896 3364 2167 3419; x_wconf 87' lang='lat' dir='ltr'><strong>devictum</strong></span> <span class='ocrx_word' id='word_1_592' title='bbox 2189 3365 2405 3434; x_wconf 64' lang='lat' dir='ltr'><strong>proelio,</strong></span> <span class='ocrx_word' id='word_1_593' title='bbox 2425 3365 2611 3420; x_wconf 87' lang='lat' dir='ltr'><strong>vivum</strong></span> <span class='ocrx_word' id='word_1_594' title='bbox 2633 3367 2867 3435; x_wconf 88' lang='lat' dir='ltr'><strong>cepisse,</strong></span> <span class='ocrx_word' id='word_1_595' title='bbox 2895 3366 3311 3437; x_wconf 88' lang='lat' dir='ltr'><strong>humaniterque</strong></span> <span class='ocrx_word' id='word_1_596' title='bbox 3333 3380 3484 3420; x_wconf 86' lang='lat' dir='ltr'><strong>com-</strong></span> 
     </span>
    </p>
   </div>
   <div class='ocr_carea' id='block_1_81' title="bbox 1898 3455 3482 3528">
    <p class='ocr_par' dir='ltr' id='par_1_81' title="bbox 1898 3455 3482 3528">
     <span class='ocr_line' id='line_1_81' title="bbox 1898 3455 3482 3528; baseline 0.004 -21"><span class='ocrx_word' id='word_1_597' title='bbox 1898 3455 2141 3525; x_wconf 88' lang='lat' dir='ltr'><strong>plexum,</strong></span> <span class='ocrx_word' id='word_1_598' title='bbox 2174 3456 2341 3512; x_wconf 87' lang='lat' dir='ltr'><strong>latius</strong></span> <span class='ocrx_word' id='word_1_599' title='bbox 2380 3456 2549 3513; x_wconf 88' lang='lat' dir='ltr'><strong>etiam</strong></span> <span class='ocrx_word' id='word_1_600' title='bbox 2567 3472 2730 3527; x_wconf 90' lang='lat' dir='ltr'><strong>quam</strong></span> <span class='ocrx_word' id='word_1_601' title='bbox 2757 3469 2917 3514; x_wconf 88' lang='lat' dir='ltr'><strong>antea</strong></span> <span class='ocrx_word' id='word_1_602' title='bbox 2952 3473 3184 3528; x_wconf 85' lang='lat' dir='ltr'><strong>regnare</strong></span> <span class='ocrx_word' id='word_1_603' title='bbox 3228 3458 3482 3528; x_wconf 72' lang='lat' dir='ltr'><strong>iussisse.</strong></span> 
     </span>
    </p>
   </div>
   <div class='ocr_carea' id='block_1_82' title="bbox 1899 3547 3483 3621">
    <p class='ocr_par' dir='ltr' id='par_1_82' title="bbox 1899 3547 3483 3621">
     <span class='ocr_line' id='line_1_82' title="bbox 1899 3547 3483 3621; baseline 0.003 -19"><span class='ocrx_word' id='word_1_604' title='bbox 1899 3547 2061 3603; x_wconf 85' lang='lat' dir='ltr'><strong>Indos</strong></span> <span class='ocrx_word' id='word_1_605' title='bbox 2085 3548 2298 3615; x_wconf 81' lang='lat' dir='ltr'><strong>ﬂuvios,</strong></span> <span class='ocrx_word' id='word_1_606' title='bbox 2338 3565 2444 3604; x_wconf 91' lang='lat' dir='ltr'><strong>non</strong></span> <span class='ocrx_word' id='word_1_607' title='bbox 2462 3564 2624 3604; x_wconf 85' lang='lat' dir='ltr'><strong>secus</strong></span> <span class='ocrx_word' id='word_1_608' title='bbox 2653 3558 2818 3621; x_wconf 89' lang='lat' dir='ltr'><strong>atque</strong></span> <span class='ocrx_word' id='word_1_609' title='bbox 2853 3549 3033 3604; x_wconf 81' lang='lat' dir='ltr'><strong>Nilum</strong></span> <span class='ocrx_word' id='word_1_610' title='bbox 3061 3557 3252 3606; x_wconf 81' lang='lat' dir='ltr'><strong>aestate</strong></span> <span class='ocrx_word' id='word_1_611' title='bbox 3273 3551 3483 3620; x_wconf 83' lang='lat' dir='ltr'><strong>augeri,</strong></span> 
     </span>
    </p>
   </div>
   <div class='ocr_carea' id='block_1_83' title="bbox 1899 3640 3485 3698">
    <p class='ocr_par' dir='ltr' id='par_1_83' title="bbox 1899 3640 3485 3698">
     <span class='ocr_line' id='line_1_83' title="bbox 1899 3640 3485 3698; baseline 0.002 -4"><span class='ocrx_word' id='word_1_612' title='bbox 1899 3640 2078 3694; x_wconf 89' lang='lat' dir='ltr'><strong>hieme</strong></span> <span class='ocrx_word' id='word_1_613' title='bbox 2148 3654 2281 3696; x_wconf 86' lang='lat' dir='ltr'><strong>vero</strong></span> <span class='ocrx_word' id='word_1_614' title='bbox 2337 3641 2504 3695; x_wconf 85' lang='lat' dir='ltr'><strong>minui</strong></span> <span class='ocrx_word' id='word_1_615' title='bbox 2541 3649 2826 3696; x_wconf 87' lang='lat' dir='ltr'><strong>memorat.</strong></span> <span class='ocrx_word' id='word_1_616' title='bbox 2884 3642 3076 3698; x_wconf 78' lang='lat' dir='ltr'><strong>Refert</strong></span> <span class='ocrx_word' id='word_1_617' title='bbox 3135 3643 3264 3697; x_wconf 88' lang='lat' dir='ltr'><strong>item</strong></span> <span class='ocrx_word' id='word_1_618' title='bbox 3321 3641 3485 3698; x_wconf 88' lang='lat' dir='ltr'><strong>alium</strong></span> 
     </span>
    </p>
   </div>
   <div class='ocr_carea' id='block_1_84' title="bbox 1899 3731 3484 3804">
    <p class='ocr_par' dir='ltr' id='par_1_84' title="bbox 1899 3731 3484 3804">
     <span class='ocr_line' id='line_1_84' title="bbox 1899 3731 3484 3804; baseline 0.001 -19"><span class='ocrx_word' id='word_1_619' title='bbox 1899 3733 2190 3802; x_wconf 86' lang='lat' dir='ltr'><strong>quemdam</strong></span> <span class='ocrx_word' id='word_1_620' title='bbox 2224 3731 2446 3797; x_wconf 88' lang='lat' dir='ltr'><strong>Porum,</strong></span> <span class='ocrx_word' id='word_1_621' title='bbox 2480 3732 2624 3788; x_wconf 89' lang='lat' dir='ltr'><strong>Indis</strong></span> <span class='ocrx_word' id='word_1_622' title='bbox 2669 3747 2888 3804; x_wconf 89' lang='lat' dir='ltr'><strong>quoque</strong></span> <span class='ocrx_word' id='word_1_623' title='bbox 2917 3733 3298 3804; x_wconf 87' lang='lat' dir='ltr'><strong>imperantem,</strong></span> <span class='ocrx_word' id='word_1_624' title='bbox 3323 3749 3484 3804; x_wconf 88' lang='lat' dir='ltr'><strong>quem</strong></span> 
     </span>
    </p>
   </div>
   <div class='ocr_carea' id='block_1_85' title="bbox 1901 3822 3486 3880">
    <p class='ocr_par' dir='ltr' id='par_1_85' title="bbox 1901 3822 3486 3880">
     <span class='ocr_line' id='line_1_85' title="bbox 1901 3822 3486 3880; baseline 0.003 -4"><span class='ocrx_word' id='word_1_625' title='bbox 1901 3832 1958 3876; x_wconf 91' lang='lat' dir='ltr'><strong>et</strong></span> <span class='ocrx_word' id='word_1_626' title='bbox 2014 3822 2386 3879; x_wconf 79' lang='lat' dir='ltr'><strong>facinorosum</strong></span> <span class='ocrx_word' id='word_1_627' title='bbox 2418 3823 2587 3880; x_wconf 64' lang='lat' dir='ltr'><strong>fuisse</strong></span> <span class='ocrx_word' id='word_1_628' title='bbox 2632 3826 2732 3879; x_wconf 90' lang='lat' dir='ltr'><strong>ait.</strong></span> <span class='ocrx_word' id='word_1_629' title='bbox 2760 3824 3129 3880; x_wconf 76' lang='lat' dir='ltr'><strong>Alexandrum</strong></span> <span class='ocrx_word' id='word_1_630' title='bbox 3176 3840 3304 3880; x_wconf 86' lang='lat' dir='ltr'><strong>vero</strong></span> <span class='ocrx_word' id='word_1_631' title='bbox 3358 3826 3486 3880; x_wconf 89' lang='lat' dir='ltr'><strong>dum</strong></span> 
     </span>
    </p>
   </div>
   <div class='ocr_carea' id='block_1_86' title="bbox 1903 3905 3486 3988">
    <p class='ocr_par' dir='ltr' id='par_1_86' title="bbox 1903 3905 3486 3988">
     <span class='ocr_line' id='line_1_86' title="bbox 1903 3905 3486 3988; baseline 0.003 -21"><span class='ocrx_word' id='word_1_632' title='bbox 1903 3914 2046 3968; x_wconf 88' lang='lat' dir='ltr'><strong>hunc</strong></span> <span class='ocrx_word' id='word_1_633' title='bbox 2098 3915 2468 3986; x_wconf 83' lang='lat' dir='ltr'><strong>persequitur,</strong></span> <span class='ocrx_word' id='word_1_634' title='bbox 2516 3905 2810 3988; x_wconf 70' lang='lat' dir='ltr'><strong>Hydaspen</strong></span> <span class='ocrx_word' id='word_1_635' title='bbox 2863 3917 3090 3973; x_wconf 80' lang='lat' dir='ltr'><strong>fluvium</strong></span> <span class='ocrx_word' id='word_1_636' title='bbox 3145 3919 3486 3983; x_wconf 82' lang='lat' dir='ltr'><strong>transivisse,</strong></span> 
     </span>
    </p>
   </div>
   <div class='ocr_carea' id='block_1_87' title="bbox 1902 4002 3488 4082">
    <p class='ocr_par' dir='ltr' id='par_1_87' title="bbox 1902 4002 3488 4082">
     <span class='ocr_line' id='line_1_87' title="bbox 1902 4002 3488 4082; baseline 0.006 -25"><span class='ocrx_word' id='word_1_637' title='bbox 1902 4002 2128 4074; x_wconf 82' lang='lat' dir='ltr'><strong>ejusque</strong></span> <span class='ocrx_word' id='word_1_638' title='bbox 2150 4007 2368 4061; x_wconf 90' lang='lat' dir='ltr'><strong>accolas</strong></span> <span class='ocrx_word' id='word_1_639' title='bbox 2401 4005 2563 4063; x_wconf 87' lang='lat' dir='ltr'><strong>Indos</strong></span> <span class='ocrx_word' id='word_1_640' title='bbox 2591 4007 2737 4064; x_wconf 86' lang='lat' dir='ltr'><strong>bello</strong></span> <span class='ocrx_word' id='word_1_641' title='bbox 2772 4023 3096 4080; x_wconf 82' lang='lat' dir='ltr'><strong>superasse:</strong></span> <span class='ocrx_word' id='word_1_642' title='bbox 3125 4010 3322 4065; x_wconf 90' lang='lat' dir='ltr'><strong>horum</strong></span> <span class='ocrx_word' id='word_1_643' title='bbox 3355 4027 3488 4082; x_wconf 88' lang='lat' dir='ltr'><strong>quo-</strong></span> 
     </span>
    </p>
   </div>
   <div class='ocr_carea' id='block_1_88' title="bbox 1903 4097 3488 4170">
    <p class='ocr_par' dir='ltr' id='par_1_88' title="bbox 1903 4097 3488 4170">
     <span class='ocr_line' id='line_1_88' title="bbox 1903 4097 3488 4170; baseline 0.005 -21"><span class='ocrx_word' id='word_1_644' title='bbox 1903 4113 2008 4160; x_wconf 88' lang='lat' dir='ltr'><strong>que</strong></span> <span class='ocrx_word' id='word_1_645' title='bbox 2057 4097 2254 4167; x_wconf 89' lang='lat' dir='ltr'><strong>oppida</strong></span> <span class='ocrx_word' id='word_1_646' title='bbox 2292 4098 2632 4167; x_wconf 87' lang='lat' dir='ltr'><strong>ingentia,et</strong></span> <span class='ocrx_word' id='word_1_647' title='bbox 2681 4098 2998 4170; x_wconf 87' lang='lat' dir='ltr'><strong>frequenter</strong></span> <span class='ocrx_word' id='word_1_648' title='bbox 3027 4099 3272 4156; x_wconf 87' lang='lat' dir='ltr'><strong>habitata</strong></span> <span class='ocrx_word' id='word_1_649' title='bbox 3317 4105 3488 4158; x_wconf 88' lang='lat' dir='ltr'><strong>armis</strong></span> 
     </span>
    </p>
   </div>
   <div class='ocr_carea' id='block_1_89' title="bbox 1905 4190 3486 4265">
    <p class='ocr_par' dir='ltr' id='par_1_89' title="bbox 1905 4190 3486 4265">
     <span class='ocr_line' id='line_1_89' title="bbox 1905 4190 3486 4265; baseline 0.004 -23"><span class='ocrx_word' id='word_1_650' title='bbox 1905 4190 2135 4259; x_wconf 88' lang='lat' dir='ltr'><strong>cepisse,</strong></span> <span class='ocrx_word' id='word_1_651' title='bbox 2191 4191 2598 4261; x_wconf 85' lang='lat' dir='ltr'><strong>tetendisseque</strong></span> <span class='ocrx_word' id='word_1_652' title='bbox 2647 4207 2813 4262; x_wconf 92' lang='lat' dir='ltr'><strong>porro</strong></span> <span class='ocrx_word' id='word_1_653' title='bbox 2888 4191 2957 4246; x_wconf 89' lang='lat' dir='ltr'><strong>ad</strong></span> <span class='ocrx_word' id='word_1_654' title='bbox 3023 4191 3324 4265; x_wconf 84' lang='lat' dir='ltr'><strong>Hyphasim</strong></span> <span class='ocrx_word' id='word_1_655' title='bbox 3373 4195 3486 4265; x_wconf 75' lang='lat'><strong>(‘24)</strong></span> 
     </span>
    </p>
   </div>
   <div class='ocr_carea' id='block_1_90' title="bbox 1904 4281 3488 4352">
    <p class='ocr_par' dir='ltr' id='par_1_90' title="bbox 1904 4281 3488 4352">
     <span class='ocr_line' id='line_1_90' title="bbox 1904 4281 3488 4352; baseline 0.003 -17"><span class='ocrx_word' id='word_1_656' title='bbox 1904 4281 2101 4338; x_wconf 80' lang='lat' dir='ltr'><strong>ﬂumen</strong></span> <span class='ocrx_word' id='word_1_657' title='bbox 2173 4299 2188 4337; x_wconf 90' lang='lat'><strong>:</strong></span> <span class='ocrx_word' id='word_1_658' title='bbox 2267 4282 2410 4352; x_wconf 90' lang='lat' dir='ltr'><strong>quod</strong></span> <span class='ocrx_word' id='word_1_659' title='bbox 2489 4285 2617 4338; x_wconf 93' lang='lat' dir='ltr'><strong>dum</strong></span> <span class='ocrx_word' id='word_1_660' title='bbox 2701 4287 3079 4343; x_wconf 88' lang='lat' dir='ltr'><strong>transmittere</strong></span> <span class='ocrx_word' id='word_1_661' title='bbox 3176 4287 3488 4342; x_wconf 80' lang='lat' dir='ltr'><strong>Alexander</strong></span> 
     </span>
    </p>
   </div>
   <div class='ocr_carea' id='block_1_91' title="bbox 1905 4375 3489 4449">
    <p class='ocr_par' dir='ltr' id='par_1_91' title="bbox 1905 4375 3489 4449">
     <span class='ocr_line' id='line_1_91' title="bbox 1905 4375 3489 4449; baseline 0.003 -21"><span class='ocrx_word' id='word_1_662' title='bbox 1905 4383 2144 4443; x_wconf 91' lang='lat' dir='ltr'><strong>pararet,</strong></span> <span class='ocrx_word' id='word_1_663' title='bbox 2177 4375 2492 4430; x_wconf 85' lang='lat' dir='ltr'><strong>tumultuari</strong></span> <span class='ocrx_word' id='word_1_664' title='bbox 2524 4376 2750 4432; x_wconf 88' lang='lat' dir='ltr'><strong>militetn</strong></span> <span class='ocrx_word' id='word_1_665' title='bbox 2776 4379 3031 4448; x_wconf 70' lang='lat' dir='ltr'><strong>cmpisse,</strong></span> <span class='ocrx_word' id='word_1_666' title='bbox 3054 4379 3197 4449; x_wconf 87' lang='lat' dir='ltr'><strong>quod</strong></span> <span class='ocrx_word' id='word_1_667' title='bbox 3251 4394 3351 4436; x_wconf 88' lang='lat' dir='ltr'><strong>nec</strong></span> <span class='ocrx_word' id='word_1_668' title='bbox 3410 4379 3489 4434; x_wconf 90' lang='lat' dir='ltr'><strong>la-</strong></span> 
     </span>
    </p>
   </div>
   <div class='ocr_carea' id='block_1_92' title="bbox 228 4459 1791 4544">
    <p class='ocr_par' dir='ltr' id='par_1_92' title="bbox 228 4459 1791 4540">
     <span class='ocr_line' id='line_1_92' title="bbox 228 4459 1791 4540; baseline 0.007 -31"><span class='ocrx_word' id='word_1_669' title='bbox 228 4459 413 4514; x_wconf 79' lang='grc' dir='ltr'>τοῦτον</span> <span class='ocrx_word' id='word_1_670' title='bbox 465 4463 814 4535; x_wconf 82' lang='grc' dir='ltr'>Ἀλέξανδρος</span> <span class='ocrx_word' id='word_1_671' title='bbox 860 4463 1435 4540; x_wconf 67' lang='grc' dir='ltr'>[2151ὶ.]ἐμελλεν,</span> <span class='ocrx_word' id='word_1_672' title='bbox 1494 4469 1553 4531; x_wconf 88' lang='grc' dir='ltr'><strong>ἐς</strong></span> <span class='ocrx_word' id='word_1_673' title='bbox 1609 4467 1791 4522; x_wconf 69' lang='grc' dir='ltr'>στάσιν</span> 
     </span>
    </p>
   </div>
   <div class='ocr_carea' id='block_1_93' title="bbox 1897 4459 3488 4544">
    <p class='ocr_par' dir='ltr' id='par_1_93' title="bbox 1905 4469 3488 4539">
     <span class='ocr_line' id='line_1_93' title="bbox 1905 4469 3488 4539; baseline -0.001 -15"><span class='ocrx_word' id='word_1_674' title='bbox 1905 4469 2065 4524; x_wconf 86' lang='lat' dir='ltr'><strong>bores</strong></span> <span class='ocrx_word' id='word_1_675' title='bbox 2084 4469 2332 4524; x_wconf 82' lang='lat' dir='ltr'><strong>assiduos</strong></span> <span class='ocrx_word' id='word_1_676' title='bbox 2365 4470 2642 4533; x_wconf 89' lang='lat' dir='ltr'><strong>toleraret,</strong></span> <span class='ocrx_word' id='word_1_677' title='bbox 2679 4483 2779 4524; x_wconf 89' lang='lat' dir='ltr'><strong>nec</strong></span> <span class='ocrx_word' id='word_1_678' title='bbox 2814 4470 2936 4526; x_wconf 88' lang='lat' dir='ltr'><strong>belli</strong></span> <span class='ocrx_word' id='word_1_679' title='bbox 2978 4472 3240 4539; x_wconf 84' lang='lat' dir='ltr'><strong>quietem,</strong></span> <span class='ocrx_word' id='word_1_680' title='bbox 3294 4470 3488 4526; x_wconf 87' lang='lat' dir='ltr'><strong>finem-</strong></span> 
     </span>
    </p>
   </div>
   <div class='ocr_carea' id='block_1_94' title="bbox 230 4552 1797 4630">
    <p class='ocr_par' dir='ltr' id='par_1_94' title="bbox 230 4552 1797 4630">
     <span class='ocr_line' id='line_1_94' title="bbox 230 4552 1797 4630; baseline 0.004 -25"><span class='ocrx_word' id='word_1_681' title='bbox 230 4552 449 4626; x_wconf 78' lang='grc' dir='ltr'>ἐνικήθη</span> <span class='ocrx_word' id='word_1_682' title='bbox 478 4556 537 4609; x_wconf 82' lang='grc' dir='ltr'>τδ</span> <span class='ocrx_word' id='word_1_683' title='bbox 559 4558 794 4628; x_wconf 83' lang='grc' dir='ltr'>πλῆθος,</span> <span class='ocrx_word' id='word_1_684' title='bbox 822 4558 884 4611; x_wconf 82' lang='grc' dir='ltr'>οὐ</span> <span class='ocrx_word' id='word_1_685' title='bbox 916 4558 1175 4630; x_wconf 82' lang='grc' dir='ltr'>φέροντες</span> <span class='ocrx_word' id='word_1_686' title='bbox 1208 4558 1288 4613; x_wconf 80' lang='grc' dir='ltr'><strong>ἐτι</strong></span> <span class='ocrx_word' id='word_1_687' title='bbox 1321 4561 1449 4623; x_wconf 78' lang='grc' dir='ltr'>τοὺς</span> <span class='ocrx_word' id='word_1_688' title='bbox 1472 4559 1668 4624; x_wconf 86' lang='grc' dir='ltr'>πόνους</span> <span class='ocrx_word' id='word_1_689' title='bbox 1697 4559 1797 4612; x_wconf 77' lang='grc' dir='ltr'>καὶ</span> 
     </span>
    </p>
   </div>
   <div class='ocr_carea' id='block_1_95' title="bbox 230 4642 1790 4721">
    <p class='ocr_par' dir='ltr' id='par_1_95' title="bbox 230 4642 1790 4721">
     <span class='ocr_line' id='line_1_95' title="bbox 230 4642 1790 4721; baseline 0.005 -25"><span class='ocrx_word' id='word_1_690' title='bbox 230 4642 325 4713; x_wconf 80' lang='grc' dir='ltr'><strong>τὴν</strong></span> <span class='ocrx_word' id='word_1_691' title='bbox 349 4646 638 4718; x_wconf 79' lang='grc' dir='ltr'>ἀπέραντον</span> <span class='ocrx_word' id='word_1_692' title='bbox 666 4649 1028 4721; x_wconf 85' lang='grc' dir='ltr'>ἐκστρατείαν</span> <span class='ocrx_word' id='word_1_693' title='bbox 1048 4666 1064 4683; x_wconf 77' lang='grc' dir='ltr'><strong>ο</strong></span> <span class='ocrx_word' id='word_1_694' title='bbox 1095 4652 1189 4704; x_wconf 80' lang='grc' dir='ltr'><strong>καὶ</strong></span> <span class='ocrx_word' id='word_1_695' title='bbox 1225 4651 1384 4704; x_wconf 75' lang='grc' dir='ltr'>τοῦτο</span> <span class='ocrx_word' id='word_1_696' title='bbox 1430 4650 1605 4706; x_wconf 86' lang='grc' dir='ltr'>αίτιον</span> <span class='ocrx_word' id='word_1_697' title='bbox 1635 4650 1790 4704; x_wconf 85' lang='grc' dir='ltr'>Ἀλε-</span> 
     </span>
    </p>
   </div>
   <div class='ocr_carea' id='block_1_96' title="bbox 215 4729 1795 4812">
    <p class='ocr_par' dir='ltr' id='par_1_96' title="bbox 215 4729 1795 4812">
     <span class='ocr_line' id='line_1_96' title="bbox 215 4729 1795 4812; baseline -0.002 -17"><span class='ocrx_word' id='word_1_698' title='bbox 215 4729 441 4807; x_wconf 76' lang='grc' dir='ltr'>Ἐἀνδρῳ</span> <span class='ocrx_word' id='word_1_699' title='bbox 479 4742 570 4810; x_wconf 77' lang='grc' dir='ltr'>τῆς</span> <span class='ocrx_word' id='word_1_700' title='bbox 596 4741 692 4796; x_wconf 82' lang='grc' dir='ltr'><strong>ἀπ’</strong></span> <span class='ocrx_word' id='word_1_701' title='bbox 721 4739 903 4794; x_wconf 82' lang='grc' dir='ltr'>Ἰνδῶν</span> <span class='ocrx_word' id='word_1_702' title='bbox 936 4741 1295 4812; x_wconf 80' lang='grc' dir='ltr'>ὑποστροφῆς</span> <span class='ocrx_word' id='word_1_703' title='bbox 1332 4740 1593 4810; x_wconf 88' lang='grc' dir='ltr'>κατέστη.</span> <span class='ocrx_word' id='word_1_704' title='bbox 1631 4741 1725 4795; x_wconf 89' lang='grc' dir='ltr'><strong>Ἐν</strong></span> <span class='ocrx_word' id='word_1_705' title='bbox 1749 4735 1795 4809; x_wconf 81' lang='grc' dir='ltr'>ᾧ</span> 
     </span>
    </p>
   </div>
   <div class='ocr_carea' id='block_1_97' title="bbox 231 4826 1796 4905">
    <p class='ocr_par' dir='ltr' id='par_1_97' title="bbox 231 4826 1796 4905">
     <span class='ocr_line' id='line_1_97' title="bbox 231 4826 1796 4905; baseline 0.006 -28"><span class='ocrx_word' id='word_1_706' title='bbox 231 4826 322 4878; x_wconf 75' lang='grc' dir='ltr'>καὶ</span> <span class='ocrx_word' id='word_1_707' title='bbox 362 4829 396 4879; x_wconf 84' lang='grc' dir='ltr'>ὁ</span> <span class='ocrx_word' id='word_1_708' title='bbox 444 4830 676 4900; x_wconf 80' lang='grc' dir='ltr'>πέμπτος</span> <span class='ocrx_word' id='word_1_709' title='bbox 729 4832 828 4886; x_wconf 81' lang='grc' dir='ltr'><strong>τοῦ</strong></span> <span class='ocrx_word' id='word_1_710' title='bbox 869 4835 1232 4905; x_wconf 86' lang='grc' dir='ltr'>συγγραφέως</span> <span class='ocrx_word' id='word_1_711' title='bbox 1279 4831 1726 4904; x_wconf 83' lang='grc' dir='ltr'>ἀποπερατοῦται</span> <span class='ocrx_word' id='word_1_712' title='bbox 1749 4831 1796 4865; x_wconf 83' lang='grc'>⁸⁸</span> 
     </span>
    </p>
   </div>
   <div class='ocr_carea' id='block_1_98' title="bbox 223 4914 412 4983">
    <p class='ocr_par' dir='ltr' id='par_1_98' title="bbox 223 4914 412 4983">
     <span class='ocr_line' id='line_1_98' title="bbox 223 4914 412 4983; baseline 0.026 -17"><span class='ocrx_word' id='word_1_713' title='bbox 223 4914 412 4983; x_wconf 73' lang='grc' dir='ltr'>’λόγος.</span> 
     </span>
    </p>
   </div>
   <div class='ocr_carea' id='block_1_99' title="bbox 314 5008 1796 5088">
    <p class='ocr_par' dir='ltr' id='par_1_99' title="bbox 314 5008 1796 5088">
     <span class='ocr_line' id='line_1_99' title="bbox 314 5008 1796 5088; baseline 0.007 -29"><span class='ocrx_word' id='word_1_714' title='bbox 314 5008 726 5083; x_wconf 80' lang='grc' dir='ltr'>’Υποστρέφοντι</span> <span class='ocrx_word' id='word_1_715' title='bbox 768 5015 828 5069; x_wconf 89' lang='grc' dir='ltr'><strong>δέ</strong></span> <span class='ocrx_word' id='word_1_716' title='bbox 869 5015 1238 5088; x_wconf 83' lang='grc' dir='ltr'>Ἀλεξάνδρῳ,</span> <span class='ocrx_word' id='word_1_717' title='bbox 1285 5017 1360 5080; x_wconf 91' lang='grc' dir='ltr'><strong>ώς</strong></span> <span class='ocrx_word' id='word_1_718' title='bbox 1385 5018 1414 5070; x_wconf 88' lang='grc' dir='ltr'>ὁ</span> <span class='ocrx_word' id='word_1_719' title='bbox 1462 5016 1619 5078; x_wconf 76' lang='grc' dir='ltr'>ἕκτος</span> <span class='ocrx_word' id='word_1_720' title='bbox 1659 5016 1796 5069; x_wconf 84' lang='grc' dir='ltr'>ὑπο-</span> 
     </span>
    </p>
   </div>
   <div class='ocr_carea' id='block_1_100' title="bbox 1903 4559 3490 4629">
    <p class='ocr_par' dir='ltr' id='par_1_100' title="bbox 1903 4559 3490 4629">
     <span class='ocr_line' id='line_1_100' title="bbox 1903 4559 3490 4629; baseline 0 -15"><span class='ocrx_word' id='word_1_721' title='bbox 1903 4574 2009 4629; x_wconf 90' lang='lat' dir='ltr'><strong>que</strong></span> <span class='ocrx_word' id='word_1_722' title='bbox 2041 4560 2402 4629; x_wconf 79' lang='lat' dir='ltr'><strong>expeditionis</strong></span> <span class='ocrx_word' id='word_1_723' title='bbox 2421 4559 2651 4616; x_wconf 88' lang='lat' dir='ltr'><strong>videret.</strong></span> <span class='ocrx_word' id='word_1_724' title='bbox 2690 4560 2801 4616; x_wconf 88' lang='lat' dir='ltr'><strong>Hac</strong></span> <span class='ocrx_word' id='word_1_725' title='bbox 2835 4564 2902 4617; x_wconf 88' lang='lat' dir='ltr'><strong>de</strong></span> <span class='ocrx_word' id='word_1_726' title='bbox 2920 4577 3082 4616; x_wconf 84' lang='lat' dir='ltr'><strong>causa</strong></span> <span class='ocrx_word' id='word_1_727' title='bbox 3105 4603 3122 4628; x_wconf 97' lang='lat'><strong>,</strong></span> <span class='ocrx_word' id='word_1_728' title='bbox 3161 4563 3346 4616; x_wconf 84' lang='lat' dir='ltr'><strong>relicta</strong></span> <span class='ocrx_word' id='word_1_729' title='bbox 3405 4561 3490 4616; x_wconf 81' lang='lat' dir='ltr'><strong>ln-</strong></span> 
     </span>
    </p>
   </div>
   <div class='ocr_carea' id='block_1_101' title="bbox 1903 4652 3487 4722">
    <p class='ocr_par' dir='ltr' id='par_1_101' title="bbox 1903 4652 3487 4722">
     <span class='ocr_line' id='line_1_101' title="bbox 1903 4652 3487 4722; baseline 0.001 -16"><span class='ocrx_word' id='word_1_730' title='bbox 1903 4653 2010 4718; x_wconf 89' lang='lat' dir='ltr'><strong>dia,</strong></span> <span class='ocrx_word' id='word_1_731' title='bbox 2041 4652 2238 4707; x_wconf 89' lang='lat' dir='ltr'><strong>reverti</strong></span> <span class='ocrx_word' id='word_1_732' title='bbox 2261 4661 2509 4707; x_wconf 89' lang='lat' dir='ltr'><strong>coactum</strong></span> <span class='ocrx_word' id='word_1_733' title='bbox 2541 4653 2935 4708; x_wconf 79' lang='lat' dir='ltr'><strong>Alexandrum.</strong></span> <span class='ocrx_word' id='word_1_734' title='bbox 2967 4654 3145 4722; x_wconf 81' lang='lat' dir='ltr'><strong>Atque</strong></span> <span class='ocrx_word' id='word_1_735' title='bbox 3187 4654 3277 4709; x_wconf 86' lang='lat' dir='ltr'><strong>hic</strong></span> <span class='ocrx_word' id='word_1_736' title='bbox 3323 4652 3487 4722; x_wconf 87' lang='lat' dir='ltr'><strong>quin-</strong></span> 
     </span>
    </p>
   </div>
   <div class='ocr_carea' id='block_1_102' title="bbox 1903 4744 2758 4814">
    <p class='ocr_par' dir='ltr' id='par_1_102' title="bbox 1903 4744 2758 4814">
     <span class='ocr_line' id='line_1_102' title="bbox 1903 4744 2758 4814; baseline 0.002 -16"><span class='ocrx_word' id='word_1_737' title='bbox 1903 4753 2016 4799; x_wconf 90' lang='lat' dir='ltr'><strong>tum</strong></span> <span class='ocrx_word' id='word_1_738' title='bbox 2038 4744 2237 4800; x_wconf 88' lang='lat' dir='ltr'><strong>librqu</strong></span> <span class='ocrx_word' id='word_1_739' title='bbox 2268 4745 2509 4814; x_wconf 86' lang='lat' dir='ltr'><strong>scriptor</strong></span> <span class='ocrx_word' id='word_1_740' title='bbox 2539 4744 2758 4800; x_wconf 88' lang='lat' dir='ltr'><strong>clausit.</strong></span> 
     </span>
    </p>
   </div>
   <div class='ocr_carea' id='block_1_103' title="bbox 1978 5011 3492 5083">
    <p class='ocr_par' dir='ltr' id='par_1_103' title="bbox 1978 5011 3492 5083">
     <span class='ocr_line' id='line_1_103' title="bbox 1978 5011 3492 5083; baseline 0.005 -17"><span class='ocrx_word' id='word_1_741' title='bbox 1978 5011 2149 5067; x_wconf 89' lang='lat' dir='ltr'><strong>Sexto</strong></span> <span class='ocrx_word' id='word_1_742' title='bbox 2197 5011 2380 5081; x_wconf 85' lang='lat' dir='ltr'><strong>itaque</strong></span> <span class='ocrx_word' id='word_1_743' title='bbox 2407 5011 2568 5079; x_wconf 91' lang='lat' dir='ltr'><strong>libro,</strong></span> <span class='ocrx_word' id='word_1_744' title='bbox 2616 5013 2930 5083; x_wconf 82' lang='lat' dir='ltr'><strong>frequentes</strong></span> <span class='ocrx_word' id='word_1_745' title='bbox 2961 5015 3032 5072; x_wconf 80' lang='lat' dir='ltr'><strong>ab</strong></span> <span class='ocrx_word' id='word_1_746' title='bbox 3059 5014 3373 5073; x_wconf 83' lang='lat' dir='ltr'><strong>Alexandro</strong></span> <span class='ocrx_word' id='word_1_747' title='bbox 3405 5032 3492 5073; x_wconf 89' lang='lat' dir='ltr'><strong>re-</strong></span> 
     </span>
    </p>
   </div>
   <div class='ocr_carea' id='block_1_104' title="bbox 228 5096 1791 5193">
    <p class='ocr_par' dir='ltr' id='par_1_104' title="bbox 228 5096 1789 5179">
     <span class='ocr_line' id='line_1_104' title="bbox 228 5096 1789 5179; baseline 0.008 -31"><span class='ocrx_word' id='word_1_748' title='bbox 228 5096 494 5168; x_wconf 80' lang='grc' dir='ltr'>λαμϐάνει</span> <span class='ocrx_word' id='word_1_749' title='bbox 542 5105 723 5175; x_wconf 85' lang='grc' dir='ltr'>λόγος,</span> <span class='ocrx_word' id='word_1_750' title='bbox 760 5107 933 5178; x_wconf 80' lang='grc' dir='ltr'>μάχαι</span> <span class='ocrx_word' id='word_1_751' title='bbox 965 5125 1026 5162; x_wconf 90' lang='grc' dir='ltr'><strong>τε</strong></span> <span class='ocrx_word' id='word_1_752' title='bbox 1055 5107 1205 5179; x_wconf 84' lang='grc' dir='ltr'>αὐτῷ</span> <span class='ocrx_word' id='word_1_753' title='bbox 1237 5110 1332 5163; x_wconf 77' lang='grc' dir='ltr'>καὶ</span> <span class='ocrx_word' id='word_1_754' title='bbox 1363 5110 1510 5162; x_wconf 76' lang='grc' dir='ltr'>νίκαι</span> <span class='ocrx_word' id='word_1_755' title='bbox 1543 5107 1789 5177; x_wconf 86' lang='grc' dir='ltr'>γίνονται</span> 
     </span>
    </p>
   </div>
   <div class='ocr_carea' id='block_1_105' title="bbox 1897 5096 3489 5193">
    <p class='ocr_par' dir='ltr' id='par_1_105' title="bbox 1897 5106 3489 5181">
     <span class='ocr_line' id='line_1_105' title="bbox 1897 5106 3489 5181; baseline 0.004 -22"><span class='ocrx_word' id='word_1_756' title='bbox 1897 5107 2096 5162; x_wconf 87' lang='lat' dir='ltr'><strong>deunte</strong></span> <span class='ocrx_word' id='word_1_757' title='bbox 2127 5121 2336 5176; x_wconf 85' lang='lat' dir='ltr'><strong>pugnas</strong></span> <span class='ocrx_word' id='word_1_758' title='bbox 2367 5122 2491 5162; x_wconf 89' lang='lat' dir='ltr'><strong>cum</strong></span> <span class='ocrx_word' id='word_1_759' title='bbox 2541 5106 2698 5162; x_wconf 86' lang='lat' dir='ltr'><strong>hoste</strong></span> <span class='ocrx_word' id='word_1_760' title='bbox 2748 5109 3099 5175; x_wconf 84' lang='lat' dir='ltr'><strong>commissas,</strong></span> <span class='ocrx_word' id='word_1_761' title='bbox 3129 5109 3489 5181; x_wconf 82' lang='lat' dir='ltr'><strong>ingentesque</strong></span> 
     </span>
    </p>
   </div>
   <div class='ocr_carea' id='block_1_106' title="bbox 1471 5245 2150 5304">
    <p class='ocr_par' dir='ltr' id='par_1_106' title="bbox 1471 5245 2150 5304">
     <span class='ocr_line' id='line_1_106' title="bbox 1471 5245 2150 5304; baseline 0 -2"><span class='ocrx_word' id='word_1_762' title='bbox 1471 5247 1708 5304; x_wconf 69' lang='lat' dir='ltr'><strong>VARIAS</strong></span> <span class='ocrx_word' id='word_1_763' title='bbox 1739 5245 2150 5304; x_wconf 84' lang='lat' dir='ltr'><strong>LECTIONES.</strong></span> 
     </span>
    </p>
   </div>
   <div class='ocr_carea' id='block_1_107' title="bbox 299 5330 1582 5428">
    <p class='ocr_par' dir='ltr' id='par_1_107' title="bbox 299 5330 1582 5428">
     <span class='ocr_line' id='line_1_107' title="bbox 299 5330 1582 5428; baseline 0 0"><span class='ocrx_word' id='word_1_764' title='bbox 299 5330 847 5428; x_wconf 49' lang='lat' dir='ltr'><strong>3.719&quot;°‘;’.A.5..“°€?-</strong></span> <span class='ocrx_word' id='word_1_765' title='bbox 930 5343 1000 5428; x_wconf 83' lang='lat'><strong>.”</strong></span> <span class='ocrx_word' id='word_1_766' title='bbox 1028 5342 1182 5428; x_wconf 52' lang='lat'><strong>72°39}.</strong></span> <span class='ocrx_word' id='word_1_767' title='bbox 1205 5342 1249 5396; x_wconf 75' lang='grc' dir='ltr'><strong>Α</strong></span> <span class='ocrx_word' id='word_1_768' title='bbox 1286 5360 1299 5397; x_wconf 73' lang='grc'>³</span> <span class='ocrx_word' id='word_1_769' title='bbox 1351 5345 1492 5398; x_wconf 72' lang='grc' dir='ltr'><strong>κατά</strong></span> 
     </span>
    </p>
   </div>
   <div class='ocr_carea' id='block_1_108' title="bbox 1660 5341 3114 5417">
    <p class='ocr_par' dir='ltr' id='par_1_108' title="bbox 1660 5341 3114 5417">
     <span class='ocr_line' id='line_1_108' title="bbox 1660 5341 3114 5417; baseline 0.001 -22"><span class='ocrx_word' id='word_1_770' title='bbox 1660 5342 2117 5417; x_wconf 24' lang='grc' dir='ltr'>³⁵ΑΙ1ασαγάρδαις</span> <span class='ocrx_word' id='word_1_771' title='bbox 2139 5341 2449 5417; x_wconf 74' lang='lat' dir='ltr'><strong>Schqttus._</strong></span> <span class='ocrx_word' id='word_1_772' title='bbox 2486 5343 2531 5375; x_wconf 82' lang='grc'>³⁸</span> <span class='ocrx_word' id='word_1_773' title='bbox 2559 5345 2637 5417; x_wconf 73' lang='grc' dir='ltr'>τῷ</span> <span class='ocrx_word' id='word_1_774' title='bbox 2669 5345 2714 5417; x_wconf 83' lang='lat' dir='ltr'><strong>A</strong></span> <span class='ocrx_word' id='word_1_775' title='bbox 2759 5364 2775 5401; x_wconf 91' lang='lat'><strong>:</strong></span> <span class='ocrx_word' id='word_1_776' title='bbox 2825 5344 2919 5417; x_wconf 83' lang='grc' dir='ltr'>τοῦ</span> <span class='ocrx_word' id='word_1_777' title='bbox 2949 5342 3029 5417; x_wconf 68' lang='grc' dir='ltr'><strong>τῷ</strong></span> <span class='ocrx_word' id='word_1_778' title='bbox 3053 5360 3114 5417; x_wconf 58' lang='grc' dir='ltr'>ς’.</span> 
     </span>
    </p>
   </div>
   <div class='ocr_carea' id='block_1_109' title="bbox 3191 5341 3496 5395">
    <p class='ocr_par' dir='ltr' id='par_1_109' title="bbox 3191 5341 3496 5395">
     <span class='ocr_line' id='line_1_109' title="bbox 3191 5341 3496 5395; baseline 0.003 -1"><span class='ocrx_word' id='word_1_779' title='bbox 3191 5341 3236 5374; x_wconf 79' lang='grc'>³⁸</span> <span class='ocrx_word' id='word_1_780' title='bbox 3260 5341 3496 5395; x_wconf 82' lang='grc' dir='ltr'>Ἀσακά·</span> 
     </span>
    </p>
   </div>
   <div class='ocr_carea' id='block_1_110' title="bbox 229 5405 3334 5485">
    <p class='ocr_par' dir='ltr' id='par_1_110' title="bbox 229 5405 3334 5485">
     <span class='ocr_line' id='line_1_110' title="bbox 229 5405 3334 5485; baseline 0.003 -25"><span class='ocrx_word' id='word_1_781' title='bbox 229 5412 336 5449; x_wconf 78' lang='grc' dir='ltr'>νων</span> <span class='ocrx_word' id='word_1_782' title='bbox 373 5415 439 5462; x_wconf 72' lang='grc' dir='ltr'><strong>ς.</strong></span> <span class='ocrx_word' id='word_1_783' title='bbox 507 5405 544 5436; x_wconf 84' lang='grc'><strong>³⁷</strong></span> <span class='ocrx_word' id='word_1_784' title='bbox 577 5408 888 5481; x_wconf 87' lang='grc' dir='ltr'>Ὑδραώτην</span> <span class='ocrx_word' id='word_1_785' title='bbox 917 5414 961 5465; x_wconf 81' lang='grc' dir='ltr'><strong>Δ</strong></span> <span class='ocrx_word' id='word_1_786' title='bbox 997 5429 1012 5466; x_wconf 88' lang='lat'>:</span> <span class='ocrx_word' id='word_1_787' title='bbox 1062 5405 1340 5485; x_wconf 73' lang='grc' dir='ltr'>Ὑδάσπην</span> <span class='ocrx_word' id='word_1_788' title='bbox 1380 5432 1441 5479; x_wconf 85' lang='grc' dir='ltr'><strong>ς.</strong></span> <span class='ocrx_word' id='word_1_789' title='bbox 1515 5405 1560 5446; x_wconf 62' lang='grc' dir='ltr'><strong>ί⁸</strong></span> <span class='ocrx_word' id='word_1_790' title='bbox 1595 5412 1717 5469; x_wconf 87' lang='lat' dir='ltr'><strong>libri</strong></span> <span class='ocrx_word' id='word_1_791' title='bbox 1744 5405 2200 5484; x_wconf 78' lang='grc' dir='ltr'>άποπέραιοῡται.</span> <span class='ocrx_word' id='word_1_792' title='bbox 2227 5413 2298 5468; x_wconf 82' lang='lat' dir='ltr'><strong>cl&#39;.</strong></span> <span class='ocrx_word' id='word_1_793' title='bbox 2334 5430 2386 5484; x_wconf 90' lang='lat' dir='ltr'><strong>p.</strong></span> <span class='ocrx_word' id='word_1_794' title='bbox 2419 5415 2487 5469; x_wconf 75' lang='grc' dir='ltr'>Β.</span> <span class='ocrx_word' id='word_1_795' title='bbox 2516 5405 2641 5470; x_wconf 72' lang='grc' dir='ltr'>σοῦ.</span> <span class='ocrx_word' id='word_1_796' title='bbox 2677 5416 2807 5471; x_wconf 83' lang='lat' dir='ltr'><strong>ima.</strong></span> <span class='ocrx_word' id='word_1_797' title='bbox 2836 5415 2962 5480; x_wconf 76' lang='grc'><strong>704,</strong></span> <span class='ocrx_word' id='word_1_798' title='bbox 2999 5405 3212 5480; x_wconf 40' lang='grc'><strong>9⁷905,</strong></span> <span class='ocrx_word' id='word_1_799' title='bbox 3243 5412 3334 5468; x_wconf 73' lang='grc'><strong>46.</strong></span> 
     </span>
    </p>
   </div>
   <div class='ocr_carea' id='block_1_111' title="bbox 1739 5535 1972 5592">
    <p class='ocr_par' dir='ltr' id='par_1_111' title="bbox 1739 5535 1972 5592">
     <span class='ocr_line' id='line_1_111' title="bbox 1739 5535 1972 5592; baseline 0.009 -2"><span class='ocrx_word' id='word_1_800' title='bbox 1739 5535 1972 5592; x_wconf 70' lang='lat' dir='ltr'><strong>NOTAE.</strong></span> 
     </span>
    </p>
   </div>
   <div class='ocr_carea' id='block_1_112' title="bbox 295 5612 1814 5704">
    <p class='ocr_par' dir='ltr' id='par_1_112' title="bbox 295 5612 1814 5704">
     <span class='ocr_line' id='line_1_112' title="bbox 295 5612 1814 5704; baseline 0.003 -20"><span class='ocrx_word' id='word_1_801' title='bbox 295 5612 770 5704; x_wconf 52' lang='lat' dir='ltr'><strong>(?I)Etnenda__ex</strong></span> <span class='ocrx_word' id='word_1_802' title='bbox 810 5629 994 5698; x_wconf 89' lang='lat' dir='ltr'><strong>editis,</strong></span> <span class='ocrx_word' id='word_1_803' title='bbox 1030 5641 1087 5686; x_wconf 90' lang='lat' dir='ltr'><strong>et</strong></span> <span class='ocrx_word' id='word_1_804' title='bbox 1108 5647 1172 5688; x_wconf 86' lang='lat' dir='ltr'><strong>ex</strong></span> <span class='ocrx_word' id='word_1_805' title='bbox 1203 5631 1414 5703; x_wconf 88' lang='lat' dir='ltr'><strong>Slrah.,</strong></span> <span class='ocrx_word' id='word_1_806' title='bbox 1444 5631 1724 5704; x_wconf 86' lang='lat' dir='ltr'><strong>Stephano</strong></span> <span class='ocrx_word' id='word_1_807' title='bbox 1759 5641 1814 5690; x_wconf 87' lang='lat' dir='ltr'><strong>et</strong></span> 
     </span>
    </p>
   </div>
   <div class='ocr_carea' id='block_1_113' title="bbox 224 5682 747 5776">
    <p class='ocr_par' dir='ltr' id='par_1_113' title="bbox 224 5682 747 5776">
     <span class='ocr_line' id='line_1_113' title="bbox 224 5682 747 5776; baseline 0 0"><span class='ocrx_word' id='word_1_808' title='bbox 224 5682 747 5776; x_wconf 54' lang='grc' dir='ltr'><strong>υίξὲιζντξδὲβπίὲίέέ</strong></span> 
     </span>
    </p>
   </div>
   <div class='ocr_carea' id='block_1_114' title="bbox 301 5751 1343 5836">
    <p class='ocr_par' dir='ltr' id='par_1_114' title="bbox 301 5751 1343 5836">
     <span class='ocr_line' id='line_1_114' title="bbox 301 5751 1343 5836; baseline 0.015 -24"><span class='ocrx_word' id='word_1_809' title='bbox 301 5751 423 5825; x_wconf 64' lang='grc'><strong>(92)</strong></span> <span class='ocrx_word' id='word_1_810' title='bbox 462 5751 745 5824; x_wconf 49' lang='lat' dir='ltr'><strong>9.6..”th</strong></span> <span class='ocrx_word' id='word_1_811' title='bbox 770 5779 1022 5827; x_wconf 85' lang='lat' dir='ltr'><strong>extremo</strong></span> <span class='ocrx_word' id='word_1_812' title='bbox 1045 5771 1138 5831; x_wconf 83' lang='lat' dir='ltr'><strong>lib.</strong></span> <span class='ocrx_word' id='word_1_813' title='bbox 1167 5788 1287 5828; x_wconf 86' lang='lat' dir='ltr'><strong>vm.</strong></span> <span class='ocrx_word' id='word_1_814' title='bbox 1339 5832 1343 5836; x_wconf 92' lang='lat'><strong>_</strong></span> 
     </span>
    </p>
   </div>
   <div class='ocr_carea' id='block_1_115' title="bbox 487 5846 1068 5928">
    <p class='ocr_par' dir='ltr' id='par_1_115' title="bbox 487 5846 1068 5928">
     <span class='ocr_line' id='line_1_115' title="bbox 487 5846 1068 5928; baseline 0.024 -15"><span class='ocrx_word' id='word_1_815' title='bbox 487 5846 724 5922; x_wconf 78' lang='lat' dir='ltr'><strong>PAraOL.</strong></span> <span class='ocrx_word' id='word_1_816' title='bbox 757 5861 876 5923; x_wconf 81' lang='lat' dir='ltr'><strong>Gn.</strong></span> <span class='ocrx_word' id='word_1_817' title='bbox 911 5863 1068 5928; x_wconf 87' lang='lat' dir='ltr'><strong>Clll.</strong></span> 
     </span>
    </p>
   </div>
   <div class='ocr_carea' id='block_1_116' title="bbox 1996 5632 2622 5703">
    <p class='ocr_par' dir='ltr' id='par_1_116' title="bbox 1996 5632 2622 5703">
     <span class='ocr_line' id='line_1_116' title="bbox 1996 5632 2622 5703; baseline 0.005 -16"><span class='ocrx_word' id='word_1_818' title='bbox 1996 5632 2109 5703; x_wconf 68' lang='lat'><strong>(25)</strong></span> <span class='ocrx_word' id='word_1_819' title='bbox 2139 5633 2228 5688; x_wconf 90' lang='lat' dir='ltr'><strong>Al.</strong></span> <span class='ocrx_word' id='word_1_820' title='bbox 2262 5635 2622 5690; x_wconf 86' lang='lat' dir='ltr'><strong>Ascanorum.</strong></span> 
     </span>
    </p>
   </div>
   <div class='ocr_carea' id='block_1_117' title="bbox 1994 5703 3488 5776">
    <p class='ocr_par' dir='ltr' id='par_1_117' title="bbox 1994 5703 3488 5776">
     <span class='ocr_line' id='line_1_117' title="bbox 1994 5703 3488 5776; baseline 0.003 -19"><span class='ocrx_word' id='word_1_821' title='bbox 1994 5704 2111 5774; x_wconf 65' lang='lat'><strong>(24)</strong></span> <span class='ocrx_word' id='word_1_822' title='bbox 2139 5704 2224 5760; x_wconf 80' lang='lat' dir='ltr'><strong>Al.</strong></span> <span class='ocrx_word' id='word_1_823' title='bbox 2258 5703 2599 5776; x_wconf 41' lang='lat' dir='ltr'><strong>liypasistttt</strong></span> <span class='ocrx_word' id='word_1_824' title='bbox 2621 5704 2760 5760; x_wconf 89' lang='lat' dir='ltr'><strong>Plin.</strong></span> <span class='ocrx_word' id='word_1_825' title='bbox 2781 5715 2837 5763; x_wconf 88' lang='lat' dir='ltr'><strong>et</strong></span> <span class='ocrx_word' id='word_1_826' title='bbox 2858 5704 3072 5765; x_wconf 91' lang='lat' dir='ltr'><strong>Solino.</strong></span> <span class='ocrx_word' id='word_1_827' title='bbox 3101 5706 3236 5766; x_wconf 86' lang='lat' dir='ltr'><strong>item</strong></span> <span class='ocrx_word' id='word_1_828' title='bbox 3256 5705 3488 5765; x_wconf 87' lang='lat' dir='ltr'><strong>Ptolem.</strong></span> 
     </span>
    </p>
   </div>
   <div class='ocr_carea' id='block_1_118' title="bbox 1917 5774 2736 5854">
    <p class='ocr_par' dir='ltr' id='par_1_118' title="bbox 1917 5774 2736 5854">
     <span class='ocr_line' id='line_1_118' title="bbox 1917 5774 2736 5854; baseline -0.001 -22"><span class='ocrx_word' id='word_1_829' title='bbox 1917 5775 2168 5846; x_wconf 78' lang='lat' dir='ltr'><strong>Bybasis,</strong></span> <span class='ocrx_word' id='word_1_830' title='bbox 2201 5786 2256 5832; x_wconf 91' lang='lat' dir='ltr'><strong>et</strong></span> <span class='ocrx_word' id='word_1_831' title='bbox 2276 5774 2457 5854; x_wconf 80' lang='lat' dir='ltr'><strong>Strab.</strong></span> <span class='ocrx_word' id='word_1_832' title='bbox 2478 5774 2736 5846; x_wconf 75' lang='lat' dir='ltr'><strong>Hypanis.</strong></span> 
     </span>
    </p>
   </div>
   <div class='ocr_carea' id='block_1_119' title="bbox 3030 5866 3102 5929">
    <p class='ocr_par' dir='ltr' id='par_1_119' title="bbox 3030 5866 3102 5929">
     <span class='ocr_line' id='line_1_119' title="bbox 3030 5866 3102 5929; baseline -0.014 0"><span class='ocrx_word' id='word_1_833' title='bbox 3030 5866 3102 5929; x_wconf 80' lang='grc'><strong>10</strong></span> 
     </span>
    </p>
   </div>
  </div>
