3942 6234
235 207 333 276 301

1266 206 1793 266 BIBLIUTHECA.
1833 230 1902 240 -
1942 207 2108 267 COD.
2140 206 2324 267 XCII.

3396 221 3502 282 302

238 320 396 391 μόνον
433 315 659 371 σέϐουσι
712 315 905 380 θεοὺς,
947 313 1189 386 Οὐρανὸν
1237 315 1331 367 καὶ
1382 315 1657 368 Διόνυσον.
1713 313 1826 366 Καὶ

1940 323 2106 379 ornat,
2145 323 2205 369 ut
2235 316 2289 370 in
2318 315 2527 372 Arabas
2555 325 2800 374 moturus
2819 317 3162 375 multitudine
3186 319 3498 379 innumera-

231 409 406 465 ταῦτα
439 408 1042 481 παρασκευαζόμενος,
1094 407 1189 459 καὶ
1219 406 1319 475 τῆς
1354 405 1513 458 νόσου
1550 405 1653 476 ἤδη
1699 405 1822 458 ἐπι-

233 498 550 570 κρατούσης
571 537 587 562 ,
608 498 875 552 καταλύει
898 497 990 550 τὸν
1010 495 1144 566 βίον.
1173 497 1237 550 Ἦ
1265 498 1322 550 δὲ
1341 497 1709 569 τελευτὴῌΞό
1730 496 1821 568 Η.]

233 589 400 646 αὖτοῦ
434 591 620 654 ἄλλοις
656 590 832 653 ἄλλως
861 590 1276 661 ἀναγέγραπται
1294 632 1308 656 ,
1343 589 1438 644 καὶ
1465 589 1661 643 πολλαὶ
1693 590 1824 660 περὶ

235 683 410 754 αὐτῆς
431 685 480 716 ⁸⁸
515 682 889 756 ἐξηνέχθησαν
935 682 1249 753 διαφωνίαι.
1281 682 1448 736 Ἐϐίω
1494 681 1550 735 δὲ
1583 681 1626 752 β’
1656 682 1753 735 καὶ
1779 680 1824 732 λ’

235 778 332 848 ἔτη
359 816 374 841 ,
408 776 508 830 καὶ
535 776 632 829 τοῦ
669 777 857 846 τρίτου
905 776 1084 845 μῆνας
1131 774 1397 827 ἐπέλαϐεν
1426 771 1572 828 ὀκτώ
1591 789 1604 803 ·
1636 771 1823 826 ἐϐασί-

234 868 397 922 λευσε
448 869 510 922 δὲ
554 867 762 922 τούτων
807 867 935 931 τούς
974 884 1032 920 τε
1077 865 1222 920 ὀκτὼ
1258 867 1433 937 μῆνας
1475 868 1567 920 καὶ
1599 865 1693 935 ἐτη
1733 865 1822 936 ιβ’.

236 960 493 1015 Ἐπαινεῖ
506 960 568 1014 δὲ
595 961 760 1014 αὐτὸν
790 961 884 1014 ἐπὶ
914 960 1120 1023 πάσαις
1148 959 1335 1030 σχεδόν
1366 977 1420 1012 τι
1448 960 1566 1024 ταῖς
1598 960 1825 1028 ἀρεταῖς

235 1057 294 1117 ὲς
325 1054 399 1107 τά
431 1055 671 1124 μάλιστα
704 1055 733 1107 6
763 1052 1133 1123 συγγραφεύς.
1178 1053 1288 1104 Καὶ
1317 1053 1345 1104 ὁ
1368 1051 1596 1120 ἕϐδομος
1639 1052 1823 1121 ἀπαρ-

235 1146 450 1212 τίζεται
483 1146 677 1214 λόγος,
723 1144 783 1198 δν
827 1127 1104 1214 ἐκδέχεται
1146 1141 1354 1213 βιϐλίον
1387 1141 1445 1193 ἒν
1466 1181 1482 1206 ,
1517 1142 1555 1210 ἠ
1583 1139 1822 1207 Ἰνδική.

858 1323 959 1378 2M
996 1323 1062 1378 Β]
1102 1323 1216 1378 LB'.

858 1323 959 1378 (ΞΜ
996 1323 1040 1376 Β
1102 1323 1216 1375 LB'.

243 1415 356 1473 τοῦ
407 1415 603 1470 αὑτοῦ
657 1417 730 1470 τὰ
779 1323 931 1485 pira
982 1322 1396 1482 ‘Aléé’ardpor,
1438 1414 1739 1484 ἐνλότοις
1771 1412 1823 1468 ι’.

309 1577 645 1649 Συνεγράφη
677 1576 735 1630 δὲ
765 1573 912 1646 αὐτῷ
940 1575 1034 1630 καὶ
1068 1576 1144 1629 Τὰ
1167 1573 1320 1644 μετὰ
1349 1574 1742 1642 Ἀλέξανδρον
1770 1574 1828 1626 ὲν

1927 403 2196 474 ιιίΙεε,οιιί
2225 405 2362 461 duos
2403 408 2667 462 duntaxat
2702 411 2852 476 deos,
2881 408 3090 464 Caelum
3129 420 3186 464 et
3202 408 3496 480 Bacchum,

1927 495 2188 551 colerent.
2223 496 2350 552 Herc
2389 499 2513 552 dum
2545 509 2848 569 przeparat,
2901 501 2948 555 vi
2980 501 3151 555 morbi
3185 513 3496 572 superatus,

1929 589 2037 644 vita
2083 590 2336 660 decessit.
2375 591 2449 646 De
2491 593 2607 662 ejus
2643 608 2868 648 excessu
2901 595 3035 648 varii
3071 595 3224 650 varie
3267 595 3507 666 scripse-

1929 691 2057 733 runt
2083 719 2098 744 ,
2138 682 2414 752 multaque
2462 683 2624 738 etiam
2656 684 2950 754 pugnantia
2980 686 3336 755 prodiderunt
3365 687 3506 759 (55).

1931 771 2076 826 Vixit
2102 788 2274 828 annos
2313 774 2446 827 duos
2489 789 2656 844 supra
2701 776 2921 846 triginta
2953 816 2968 842 ,
3003 787 3058 832 et
3088 791 3303 834 menses
3328 787 3455 834 octo
3487 796 3502 833 :

1927 865 2127 932 quibus
2149 872 2281 919 ’octo
2306 865 2604 930 mensibus,
2631 868 2896 936 annisque
2928 868 3210 923 duodecim
3236 869 3504 939 regnavit.

1928 957 2209 1014 Laudatur
2257 960 2487 1014 miriﬁce
2519 961 2588 1014 ab
2625 960 2725 1014 hoc
2760 963 3024 1030 scriptore
3057 961 3366 1017 Alexander
3389 1004 3406 1031 ,
3435 963 3507 1018 ob

1929 1051 2256 1120 singularem
2287 1054 2552 1106 virtutum
2585 1052 2697 1107 lere
2740 1055 2981 1106 omnium
3011 1055 3419 1124 praestantiam,
3451 1054 3505 1108 in

1928 1156 2037 1210 quo
2066 1144 2330 1211 Septimus
2373 1144 2572 1197 desinit
2617 1144 2794 1213 li-ber,
2847 1161 3006 1216 quem
3054 1146 3246 1205 Indica
3305 1147 3508 1217 excipit

1934 1233 2192 1301 Historia,
2238 1235 2377 1290 libro
2413 1235 2694 1306 singulari.

2639 1326 2800 1383 XCII.

1928 1417 2184 1488 Eiusdem
2222 1420 2434 1473 Arriani
2475 1419 2552 1474 De
2590 1422 2742 1544 rlelzus
2758 1429 2899 1544 fast
2943 1419 3305 1476 Alexandrum
3348 1423 3508 1493 gestis

2631 1507 2646 1544 ι
2686 1506 2730 1544 rt
2815 1529 2830 1544 .

2631 1506 2730 1544 10f!
2758 1506 2830 1544 Α.

1999 1584 2144 1656 69a
2161 1582 2543 1653 Scripsitidem
2562 1582 2664 1638 Res
2674 1594 2787 1653 post
2804 1585 3159 1639 Alexandrum
3174 1596 3344 1656 gestas
3360 1586 3511 1641 libris

240 1671 422 1740 λόγοις
454 1670 614 1734 δέκα,
644 1672 703 1723 ὲν
734 1665 815 1732 οἷς
848 1669 1199 1739 διαλαμϐάνει
1239 1670 1337 1738 τήν
1383 1685 1441 1721 τε
1493 1667 1682 1722 στάσιν
1731 1671 1830 1740 τῆς

1940 1671 2143 1734 decem,
2165 1672 2363 1738 quibus
2385 1671 2674 1727 militarem
2700 1673 2976 1727 exercitus
3008 1673 3331 1729 seditionem
3359 1689 3510 1730 corn-

239 1766 508 1836 στρατιᾶς
541 1763 640 1816 καὶ
670 1762 766 1834 τὴν
801 1763 1105 1834 ἀνάρρησιν
1129 1760 1450 1833 Ἀρριδαίου
1474 1803 1488 1827 ,
1512 1759 1569 1822 ὃς
1591 1763 1656 1814 ὲκ
1675 1761 1824 1814 Φιλί-

251 1874 350 1928 νης
367 1856 473 1926 τῆς
521 1855 805 1923 Θεσσαλῆς
851 1854 1103 1924 Φιλίππῳ
1145 1852 1226 1923 τῷ
1278 1852 1630 1922 Ἀλεξάνδρου
1659 1853 1830 1925 πατρὶ

246 1949 613 2018 ὲγεγέννητο,
646 1947 733 2016 ἐφ’
777 1940 822 2014 ᾧ
862 1946 957 2000 καὶ
989 1946 1372 2017 Ἀλέξανδρον,
1402 1946 1462 1998 ὃν
1505 1946 1728 2016 ἔμελλεν
1771 1947 1830 2011 ἐξ

253 2039 615 2110 Ἀλεξάνδρου
646 2039 855 2092 τίκτειν
899 2037 1166 2107 Ῥωξάνη,
1202 2037 1620 2108 συμϐασιλεύειν
1649 2038 1828 2108 αὐτῷ·

237 2133 270 2186 ὃ
299 2135 398 2187 καὶ
423 2133 656 2201 γέγονεν
685 2132 766 2194 είς
791 2130 905 2199 φῶς
931 2129 1187 2200 ἀχθέντος
1214 2130 1307 2183 τοῦ
1329 2130 1536 2192 παιδός.
1571 2131 1676 2184 Τὸν
1708 2131 1831 2202 Ἀρ-

241 2225 450 2294 ριδαίον
491 2225 549 2276 δὲ
605 2223 922 2286 ἀνειπόντες
990 2221 1388 2292 μετωνόμασαν
1423 2222 1710 2276 Φίλιππον.
1744 2225 1830 2274 Δι-

241 2316 477 2385 εφέρετο
497 2314 556 2368 δὲ
575 2315 618 2346 ⁸⁷
645 2317 704 2378 eg
735 2313 997 2384 ἀλλήλους
1019 2315 1080 2366 τὸ
1103 2314 1266 2378 πεζὸν
1283 2315 1376 2367 καὶ
1404 2314 1467 2367 τὸ
1492 2314 1734 2377 ἱππικὸν,
1757 2307 1832 2368 ὧν

238 2409 290 2459 οἱ
321 2406 579 2476 μέγιστοι
593 2406 702 2461 τῶν
733 2409 946 2461 ἱππέων
977 2408 1072 2460 καὶ
1094 2408 1202 2461 τῶν
1219 2407 1502 2477 ἡγεμόνων
1527 2407 1831 2477 Περδίκκας

242 2503 271 2552 6
297 2499 558 2568 Ὀρόντου
585 2499 679 2552 καὶ
699 2498 995 2562 Λεοννάτος
1021 2500 1048 2551 6
1078 2496 1303 2559 Ἀνθους
1320 2497 1366 2528 ⁸⁸
1387 2497 1479 2550 καὶ
1500 2498 1832 2567 Πτολεμαῖος

241 2594 268 2645 6
293 2591 482 2660 Λάγου
505 2631 520 2656 ,
543 2590 656 2644 τῶν
677 2590 732 2642 δὲ
765 2590 884 2660 μετ’
911 2589 1155 2652 ἐκείνους
1180 2587 1495 2658 Λυσίμαχός
1517 2606 1578 2641 τε
1598 2591 1628 2642 6
1668 2591 1834 2657 Ἀγα-

241 2683 504 2746 θοκλέους
537 2684 635 2736 καὶ
677 2682 1016 2752 Ἀριστόνους
1074 2684 1103 2733 ὁ
1156 2682 1412 2734 Πεισαίου
1459 2683 1552 2734 καὶ
1598 2679 1778 2734 Πίθων
1806 2682 1835 2734 6

245 2772 508 2844 Κρατεύα
525 2773 573 2806 ⁸⁹
614 2774 712 2826 καὶ
741 2771 1005 2835 Σέλευκος
1032 2774 1060 2825 6
1089 2771 1365 2841 Ἀντιόχου
1401 2773 1495 2825 καὶ⁹
1535 2771 1782 2841 Εὐμένης
1807 2771 1835 2823 ὁ

244 2866 582 2935 Καρδιανός.
639 2858 801 2918 Οὗτοι
856 2864 952 2934 μὲν
998 2864 1268 2933 ἡγεμόνες
1285 2863 1329 2894 ⁵ο
1363 2862 1472 2914 τῶν
1509 2861 1720 2914 ἱππέων
1744 2862 1786 2893 ⁶¹
1816 2904 1834 2928 ,

248 2956 572 3029 Μελέαγρος
595 2957 653 3010 δὲ
677 2956 784 3009 τῶν
805 2955 1009 3020 πεζῶν.
1029 2950 1164 3007 Εἶτα
1188 2953 1678 3025 διαπρεσϐεύονται
1701 2953 1838 3025 πρὸς

248 3048 518 3120 ἀλλήλους
551 3048 846 3116 πολλάκις,
867 3047 962 3102 καὶ
980 3037 1139 3110 ’τέλος
1166 3047 1559 3118 συμϐαίνουσιν
1585 3047 1638 3100 oi
1663 3061 1722 3100 τε
1744 3046 1838 3099 τὸν

251 3141 477 3211 βασιλέα
503 3141 826 3204 άνειπόντες
857 3140 1014 3204 πεζοὶ
1046 3138 1141 3193 καὶ
1172 3140 1223 3192 οί
1249 3138 1359 3193 τῶν
1388 3139 1598 3192 ἱππέων
1627 3137 1837 3209 ἡγεμό-

250 3248 355 3296 νες,
375 3224 533 3300 ὲφίἶ)
569 3230 926 3300 Ἀντίπατρον
956 3228 1056 3299 μὲν
1083 3228 1387 3301 στρατηγὸν
1403 3226 1673 3283 εἶναιτῶν
1699 3227 1840 3282 κατὰ

249 3327 345 3396 τὴν
355 3324 640 3394 Εὐρώπην
655 3365 670 3391 ,
691 3321 976 3393 Κρατερὸν
992 3322 1048 3375 δὲ
1065 3339 1238 3392 προστ
1249 3323 1383 3393 άτην
1404 3324 1505 3393 τῆς
1532 3321 1836 3393 Ἀρριδαίου

254 3418 566 3488 βασιλείας,
625 3416 935 3487 Περδίκκαν
978 3415 1038 3468 δὲ
1085 3415 1388 3485 χιλιαρχεῖν
1436 3412 1742 3484 χιλιαρχίας
1772 3407 1841 3485 ἧς

248 3507 420 3582 ἦρχεν
465 3508 803 3579 Ἡφαιστίων
829 3505 928 3578 (τὸ
959 3506 1018 3559 δὲ
1055 3502 1124 3576 ἦν
1179 3507 1448 3578 ἐπιτροπὴ
1483 3509 1582 3576 τῆς
1625 3505 1842 3576 ξυμπά-

255 3622 350 3673 σης
365 3604 411 3636 ⁶¹
433 3601 766 3672 βασιλείας),
786 3599 1102 3670 Μελέαγρον
1117 3598 1174 3653 δὲ
1203 3597 1496 3670 ὕπαρχον⁶³
1516 3599 1836 3669 Περδίκκου.

255 3695 567 3765 Περδίκκας
589 3693 651 3746 δὲ
673 3693 765 3746 τὸν
798 3691 1029 3761 στρατὸν
1056 3691 1295 3762 καθᾶραι
1338 3691 1689 3763 σκηψάμενος
1712 3691 1841 3755 τοὺς

255 3786 732 3855 ἐπιφανεστάτους
763 3783 865 3854 τῆς
903 3784 1206 3854 γενομένης
1255 3783 1516 3837 συνέλαϐε
1564 3787 1840 3847 στάσεως,

257 3877 351 3932 καὶ¹
399 3876 692 3931 συλλαϐὼν
729 3876 804 3940 ὡς
828 3879 893 3930 ὲκ
925 3876 1274 3946 προστάξεως
1318 3877 1625 3948 ’Λρῤιδαίου
1671 3877 1839 3931 αὑτοῦ

260 3971 534 4042 παρόντος
577 3968 761 4023 ἀνεῖλε
780 4009 795 4034 ,
822 3968 939 4031 δέος
969 3970 1279 4040 ἐμποιήσας
1314 3969 1392 4040 τῷ
1418 3969 1590 4041 λοιπῷ
1621 3970 1839 4041 πλήθει.

267 4063 508 4134 ’Δναιρεί
535 4063 595 4118 δὲ
615 4063 678 4115 οὐ
698 4062 877 4134 πολλῷ
904 4060 1131 4132 ὕστερον
1160 4063 1254 4115 καὶ
1283 4062 1622 4132 Μελέαγρον.
1655 4062 1745 4127 Ἐξ
1766 4055 1842 4116 ὧν

261 4155 571 4224 Περδίκκας
622 4153 866 4216 ὕποπτος
912 4154 970 4216 ἐς
1013 4151 1224 4216 πάντας
1273 4147 1343 4223 ἦν
1395 4154 1491 4206 καὶ
1539 4153 1702 4217 αὐτὸς
1733 4155 1828 4208 ὑπι

257 4243 526 4300 ὠπτευεν.
560 4243 756 4314 Ὅμως
785 4243 843 4306 ἐς
880 4242 1219 4312 σατραπείας
1236 4241 1282 4274 ⁸⁵
1319 4242 1566 4296 ἀνειπεῖν
1607 4241 1700 4306 οὒς
1735 4244 1840 4296 ὑπ-

1934 1764 2212 1832 plectitur,
2243 1763 2675 1834 electionemque
2697 1779 2762 1820 ea
2786 1766 3095 1821 cauditione
3123 1767 3321 1821 factam
3353 1767 3511 1823 Arri-

1936 1857 2036 1910 dazi
2076 1854 2193 1928 (54)
2239 1856 2420 1928 (quem
2469 1856 2718 1926 Philippo
2754 1858 2892 1928 patri
2953 1859 3247 1914 Alexandri
3305 1863 3516 1932 peperit

1936 1949 2149 2004 Philine
2186 1949 2380 2004 mulier
2414 1949 2700 2019 Thessala)
2738 1959 2794 2006 ut
2843 1958 2898 2005 et
2926 1951 3233 2008 Alexander
3259 1953 3513 2026 [iulans],

1933 2055 2094 2110 quem
2125 2039 2352 2096 Roxana
2379 2042 2691 2097 Alexandro
2734 2043 2975 2112 paritura
3027 2055 3179 2111 erat,
3236 2046 3397 2100 simul
3431 2061 3518 2100 re-

1935 2144 2149 2204 gnaret.
2183 2134 2334 2201 Quod
2369 2135 2531 2189 etiam
2561 2135 2759 2199 evenit,
2802 2137 2948 2190 edito
2979 2134 3031 2190 in
3081 2137 3255 2192 lucem
3287 2136 3514 2193 infante.

1937 2226 2104 2294 Igitur
2145 2227 2450 2280 Arridzeum
2508 2241 2691 2297 regem
2739 2231 3153 2294 renuntiantes,
3206 2227 3514 2298 Philippum

1935 2318 2414 2387 cognominarunt.
2443 2317 2778 2373 Tumultuati
2812 2333 2940 2374 vero
2983 2330 3149 2386 sunt,
3181 2331 3235 2374 et
3281 2320 3514 2376 invicem

1937 2411 2313 2466 dissenserunt
2343 2413 2550 2480 pedites
2611 2411 2950 2481 equitesque.
2978 2413 3034 2466 In
3067 2412 3268 2482 quibus
3292 2423 3346 2468 et
3367 2415 3521 2482 cqui-

1941 2509 2074 2560 tutn,
2107 2509 2162 2553 et
2191 2500 2386 2552 ducum
2413 2500 2685 2570 principes
2719 2509 2879 2554 erant
2913 2501 3206 2556 Perdiccas
3236 2500 3427 2557 Oronti
3456 2501 3518 2559 F.

1938 2601 1992 2645 et
2025 2590 2336 2644 Leonnatus
2369 2591 2581 2646 Authaei
2635 2601 2689 2646 et
2737 2591 3064 2648 Ptolemaeus
3099 2591 3230 2664 Lagi
3283 2591 3348 2649 F.
3399 2603 3523 2664 post.

1941 2685 2040 2738 hos
2058 2682 2419 2752 Lysimachus
2451 2682 2767 2753 Agathoclis
2792 2683 2855 2738 F.
2881 2693 2937 2739 et
2967 2685 3255 2739 Aristonus
3279 2683 3436 2740 Pisaei
3457 2683 3520 2740 Ρ.

1938 2784 1992 2829 ct
2027 2773 2225 2843 Pithon
2276 2773 2522 2830 Crateras
2577 2775 2641 2830 F.
2677 2784 2732 2830 et
2765 2775 3029 2831 Seleucus
3062 2777 3316 2831 Antiochi
3360 2776 3424 2831 F.
3468 2785 3526 2832 et

1938 2867 2212 2922 Eumenes
2242 2866 2545 2922 Cardianus
2565 2907 2579 2932 ,
2612 2868 2705 2936 qui
2737 2869 2956 2939 quidem
2996 2869 3238 2938 equitum
3269 2869 3525 2924 ductores

1942 2954 2095 3008 luere
2126 2971 2140 3007 :
2171 2954 2412 3024 peditum
2447 2971 2579 3010 vero
2601 2955 2890 3025 Meleager.
2917 2956 3096 3013 Missae
3130 2958 3328 3014 dehinc
3359 2960 3526 3013 varia:

1947 3048 2204 3116 utrinque
2262 3047 2621 3117 legationes:
2679 3049 3009 3119 tandemque
3068 3053 3329 3105 convenit
3381 3048 3527 3105 inter

1943 3141 2176 3209 pedites,
2207 3141 2296 3209 qui
2329 3141 2444 3211 jam
2481 3151 2642 3197 antea
2670 3155 2854 3212 regem
2889 3143 3254 3207 nominarant,
3289 3153 3346 3199 et
3372 3143 3527 3214 equi-

1944 3242 2054 3285 tum
2088 3233 2254 3287 duces
2277 3271 2294 3298 ,
2343 3242 2403 3288 ut
2432 3235 2717 3304 Antipater
2749 3234 2800 3287 in
2834 3233 3048 3304 Europa
3083 3234 3204 3290 belli
3233 3235 3528 3302 imperator

1943 3335 2112 3389 esset,
2146 3323 2414 3380 Craterus
2446 3327 2596 3396 regni
2628 3328 2857 3382 Arridmi
2891 3328 3203 3396 praefectus,
3234 3328 3526 3383 Perdiccas

1945 3431 2073 3471 vero
2100 3416 2352 3486 legionis,
2390 3432 2551 3486 quam
2583 3417 2928 3488 Hephaestion
2961 3419 3194 3473 duxerat
3223 3458 3237 3483 ,
3292 3418 3527 3472 Chiliar-

1945 3508 2080 3562 chus
2109 3507 2272 3578 (quod
2301 3509 2521 3577 quidem
2553 3511 2699 3578 regni
2733 3511 2899 3564 totius
2927 3519 3041 3564 erat
3085 3509 3523 3580 procurationem

1946 3599 2022 3654 illi
2046 3597 2378 3669 tutelamque
2409 3599 2796 3671 committere),
2829 3599 3094 3669 Meleager
3128 3601 3361 3669 denique
3392 3601 3524 3656 Pero

1945 3694 2114 3747 diccae
2180 3693 2443 3747 vicarium
2503 3693 2818 3762 praelectum
2871 3701 3080 3764 ageret.
3152 3692 3293 3748 Cum
3338 3692 3526 3763 itaque

1946 3797 2128 3854 postea
2160 3785 2464 3841 exercitum
2495 3784 2730 3839 lustrare
2759 3784 3051 3840 Perdiccas
3078 3785 3361 3841 simularet
3383 3785 3526 3858 (35),

1945 3875 2233 3930 seditionis
2262 3885 2513 3932 auctores
2538 3876 2842 3946 praecipuos
2883 3878 3320 3947 comprehendit,
3373 3892 3526 3932 com-

1944 3969 2379 4038 prehensosque,
2419 3979 2672 4039 tanquam
2709 3968 2936 4040 jubente
2975 3970 3243 4035 Arridteo,
3303 3970 3530 4040 ipsoque

1944 4060 2314 4130 inspectante,
2339 4061 2546 4116 occidit
2583 4059 2717 4131 (56).
2750 4061 2872 4128 Quo
2900 4077 2968 4116 ex
3002 4060 3147 4117 laeto
3189 4070 3364 4116 terror
3399 4061 3532 4115 reli-

1945 4171 2083 4224 quos
2119 4157 2411 4225 persuasit.
2448 4156 2581 4212 Post
2603 4156 2765 4227 paulo
2786 4167 2842 4211 et
2871 4157 3200 4228 Meleagrum
3233 4156 3527 4211 interiecit.

1951 4246 2089 4302 Hinc
2121 4258 2410 4317 suspectus
2437 4251 2696 4305 omnibus
2713 4251 3024 4316 Perdiccas,
3056 4259 3287 4304 czrteros
3314 4263 3534 4318 quoque

261 4336 507 4390 ὠπτευεν
529 4377 547 4400 ,
594 4335 673 4399 ὡς
705 4335 1016 4409 Ἀρριδαίου
1058 4334 1374 4398 κελεύοντος
1394 4373 1410 4399 ,
1443 4333 1606 4402 ἔγνω.
1636 4337 1747 4389 Καὶ
1773 4336 1832 4405 δὴ

1950 4337 2067 4406 ipse
2093 4347 2376 4408 suspectos
2405 4339 2608 4395 habere
2636 4341 2803 4410 erepit
2828 4354 2842 4394 :
2868 4353 3008 4410 quos
3051 4349 3232 4394 tamen
3274 4339 3341 4392 ad
3388 4352 3533 4405 prae-

263 4429 596 4500 Πτολεμαίος
634 4429 734 4498 μὲν
761 4431 790 4482 6
819 4428 1002 4497 Λάγου
1034 4427 1312 4496 Αἰγύπτου
1345 4427 1441 4480 καὶ
1469 4427 1676 4497 Λιϐύης
1698 4468 1714 4494 ,
1745 4427 1842 4482 καὶ

260 4521 361 4573 ὅσα
403 4521 502 4592 τῆς
541 4520 795 4592 ’Δράϐων
847 4520 952 4591 γῆς
1005 4518 1206 4590 ξύνορα
1249 4519 1606 4588 Δίγύπτῳ⁶³,
1651 4520 1841 4590 ἄρχειν

267 4611 540 4683 ἐπετάχθη
561 4650 579 4677 ,
616 4612 940 4682 Κλεομένης
974 4611 1033 4665 δὲ
1064 4611 1094 4664 6
1134 4610 1195 4678 ἐξ
1239 4610 1587 4683 Ἀλεξάνδρου
1616 4612 1718 4682 τῆς
1748 4630 1843 4666 σα-

263 4705 527 4775 τραπείας
549 4703 758 4776 ταύτης
780 4704 974 4778 ἄρχειν
1015 4703 1352 4775 τεταγμένος
1385 4703 1708 4775 Πτολεμαίῳ
1735 4703 1844 4758 ὕπ-

1950 4429 2192 4486 l‘ecturas
2240 4432 2410 4487 uihilo
2458 4433 2657 4499 secius,
2699 4443 2953 4502 tauquam
2999 4433 3245 4487 Arridaeo
3283 4429 3530 4498 iubente.

1950 4525 2252 4593 provehere
2277 4525 2488 4580 statuit.
2526 4523 2594 4579 Et
2617 4540 2747 4580 vero
2770 4523 3090 4579 Ptolemaeus
3112 4523 3240 4593 Lagi
3270 4521 3333 4576 F.
3365 4518 3535 4591 Egy-

1951 4627 2043 4686 pto
2063 4626 2116 4670 et
2139 4617 2361 4684 Africae,
2376 4617 2632 4685 omnique
2657 4615 2730 4670 illi
2755 4616 2968 4670 Arabiae
2994 4615 3134 4685 parti
3159 4629 3279 4683 quae
3300 4611 3534 4683 Egypto

1956 4707 2186 4776 adjacet,
2209 4707 2480 4778 imperare
2504 4705 2692 4776 jussus
2714 4716 2818 4762 est.
2839 4704 3163 4762 Cleomenes
3194 4712 3401 4772 autem,
3438 4703 3529 4772 qui

1538 4842 1776 4899 VAlllAi
1802 4840 2212 4902 LECTIONES.

333 4955 380 5036 '_‘
405 4955 680 5037 absint}:
741 4959 787 4991 "
811 4958 867 5037 δὲ
894 4961 938 5012 Α
965 4960 1208 5037 ειγὰρς.
1283 4960 1330 4992 ⁵⁸
1365 4959 1591 5037 ’ἑντους
1617 4978 1678 5025 ς.
1719 5030 1738 5037 _
1774 4962 1816 4995 "
1847 4963 2024 5037 6__'ro§_
2065 4965 2292 5037 Κρατέα
2317 4983 2378 5028 ς.
2453 4966 2500 4998 ⁸⁸
2527 4965 2626 5036 μὲν
2675 4961 2770 5020 οὖν
2825 4967 3013 5037 ήγ.νς.
3048 5035 3057 5037 _
3092 4965 3135 4997 ⁶¹
3171 4962 3384 5018 ἱππέων
3437 4959 3534 5037 καὶ

269 5025 404 5084 Μελ.
435 5044 499 5094 ς.
529 5025 544 5031 ⁷
573 5029 622 5062 ⁶²
653 5028 947 5100 ξυμπάσης
979 5025 1056 5086 ΑΒ
1089 5025 1222 5103 ὃλης
1248 5049 1311 5096 ς.
1387 5032 1432 5063 ⁸³
1467 5029 1740 5104 ὕπαρχον]
1805 5035 1943 5089 adde
1972 5025 2136 5091 είναιξ
2231 5036 2276 5068 ⁸⁵
2307 5025 2658 5105 σατραπείαν
2680 5054 2742 5102 ς.

2850 5035 2896 5068 ⁸⁸
2921 5035 3188 5107 Αἰγύπτῳ
3213 5049 3324 5090 om.
3353 5047 3437 5102 pr.
3468 5035 3534 5084 A.

1772 5175 2008 5235 NOTZE.

344 5282 618 5364 (33)}lide
652 5284 1140 5364 Vitas_para_llela_s
1180 5297 1395 5364 nostras
1428 5265 1770 5364 Aristotelis,
1790 5302 1856 5364 ac
1957 5300 2144 5364 uolatu
2189 5291 2417 5364 dignum
2459 5293 2600 5362 apud
2659 5289 2911 5347 Curtium
2955 5289 3105 5360 legas
3146 5290 3243 5344 lib.
3308 5303 3384 5355 ν,
3439 5290 3541 5344 sub

275 5351 670 5428 geniosthenis,
734 5365 790 5428 et
810 5351 1054 5428 Ioseph.
1100 5357 1435 5426 Stephanum
1473 5360 1640 5428 episc.
1677 5351 1852 5412 Oriol.

272 5420 670 5495 Commentario
696 5426 764 5479 ad
787 5441 910 5495 cap.
937 5420 976 5479 'x
1005 5420 1458 5482 lllachaiueorum.

1955 5364 2148 5510 “flagi-
2180 5432 2415 5510 Quando.
2460 5432 2767 5510 elephantis
2787 5431 2873 5510 __in
2928 5437 3226 5510 conspectu
3261 5429 3539 5510 exercitus

351 5490 463 5576 ςει)
496 5493 776 5576 ρεξίρρυε
829 5490 953 5576 sup.
987 5497 1108 5551 cod.
1135 5497 1206 5552 82
1234 5499 1391 5552 unica
1425 5506 1632 5572 tantum
1659 5495 1854 5552 canina
1954 5490 2174 5576 objecti
2188 5490 2417 5576 Trecenti
2441 5545 2457 5570 ,
2491 5490 2684 5562 omnes
2718 5499 3019 5560 belluarum
3047 5490 3278 5572 pedibus
3320 5499 3538 5572 protriti

279 5557 458 5615 littera
484 5557 762 5620 Arida'n'tm
803 5557 1071 5623 nominat.

339 5627 460 5699 ¹(35)
493 5633 752 5707 Καυᾶραι
801 5636 956 5708 quasi
986 5637 1208 5708 eripiare
1259 5637 1429 5697 dicas.
1481 5636 1646 5710 Cujus
1689 5637 1853 5696 ritum

1955 5583 2102 5628 sunt.
2135 5573 2289 5630 Curt.
2326 5575 2420 5630 lib.
2455 5591 2511 5631 ι.
