3942 6234
425 263 532 328 303

1586 264 1852 328 ΡΗΟΤΙΙ
1890 261 2393 325 ΡΑΤΒΙΑΒΕΗιἘ
2430 263 2539 324 CP.

3589 257 3697 324 304

429 385 499 441 ab
530 382 841 439 Alexandro
867 389 1082 452 satrapa
1118 381 1192 438 ibi
1225 381 1557 438 constitutus
1594 381 1795 446 fuerat,
1824 379 2011 436 Ptole-

2128 393 2282 450 ιρχος
2319 373 2458 431 εἶναι
2480 393 2495 409 ο
2525 375 2628 448 τῆς
2658 374 2718 430 δέ
2748 375 2842 429 ἐπὶ
2869 374 3044 446 ταύτῃ
3057 375 3102 408 ⁸⁸
3138 373 3338 446 Συρίας
3367 374 3692 444 Λαομέδων,

432 474 552 530 ιηπί
589 475 828 529 vicarius
857 475 1148 544 praefectus
1180 473 1262 528 fit.
1301 473 1475 545 Syriae
1501 472 1696 530 deinde
1715 488 1836 544 quae
1881 473 2009 529 huic

431 566 686 637 satrapire
731 565 1016 635 subjacet,
1067 565 1375 620 Laomedon
1419 564 1725 637 impositus.
1770 564 2013 620 Philotas

433 657 638 714 Cilicia:
679 657 968 726 praefectus
1019 666 1126 723 est,
1181 666 1242 710 ut
1279 656 1474 712 Pithon
1501 656 1691 712 Mediae
1727 657 1862 728 (‘57).
1913 655 2009 710 Eu-

434 760 620 801 menes
656 762 784 800 vero
830 746 1134 802 Cardianus
1167 746 1566 817 Cappadociam
1609 756 1665 803 et
1707 747 2014 817 Paphlago-

433 841 603 906 niam,
633 855 862 909 quaaque
897 839 1071 894 Ponto
1105 837 1355 908 adjacent
1381 838 1616 894 Euxinio
1646 843 1908 908 suscepit,
1945 839 2012 894 ad

434 947 607 1001 usque
621 931 1015 1000 Trapezuntem
1034 930 1418 998 Sinopensium
1436 929 2016 1002 coloniam.Pampby-

436 1025 521 1090 lis,
554 1023 826 1096 etLyciis,
861 1039 1180 1095 magnaeque
1205 1024 1460 1096 Phrygiae
1491 1026 1798 1098 Antigonus
1827 1028 2012 1081 datus.

433 1116 601 1173 Cares
627 1117 782 1188 69b
803 1115 1119 1173 Cassandro
1139 1117 1506 1187 obvenerunt;
1529 1118 1662 1196 Lydi
1685 1120 2012 1175 Menandro:

438 1215 498 1262 ut
528 1208 809 1264 Leonnato
838 1210 927 1263 illa
961 1209 1196 1282 Phrygia
1220 1254 1236 1278 ,
1284 1227 1406 1283 quae
1442 1213 1672 1282 pertinet
1704 1212 1770 1267 ad
1810 1211 2014 1266 Helles-

435 1310 657 1370 pontum
691 1301 826 1372 (58),
855 1315 1017 1372 quam
1045 1303 1114 1358 ab
1134 1304 1250 1373 ipso
1271 1303 1578 1360 Alexandro
1600 1303 1762 1360 Calas
1792 1304 2013 1375 quidam

437 1392 658 1447 nomine
686 1392 986 1460 obtinebat,
1024 1395 1127 1449 etsi
1161 1395 1356 1452 deinde
1379 1395 1691 1452 Demarcho
1721 1395 2015 1452 commissa

436 1480 599 1536 fuerit
626 1481 762 1553 ('59).
795 1481 871 1537 Ita
895 1490 1020 1538 tunc
1043 1484 1169 1540 Asia
1201 1493 1287 1540 est
1311 1485 1628 1542 distributa.

511 1572 612 1629 Per
647 1573 915 1644 Europam
949 1589 1101 1641 vero,
1140 1575 1390 1632 Thraciae
1423 1578 1642 1646 quidem
1691 1585 1746 1632 et
1781 1575 2018 1632 Cherro-

441 1680 596 1730 neso,
625 1667 988 1737 gentibusque
1012 1667 1261 1723 Thraciae
1285 1668 1550 1734 ﬁnitimis,
1577 1683 1750 1740 usque
1779 1669 1846 1724 ad
1865 1685 2018 1727 mare

2113 469 2356 534 Φιλώτας
2384 468 2443 523 δέ
2467 467 2722 532 Κιλικίας
2753 467 2850 522 καὶ
2878 466 3060 522 Πίθων
3091 467 3308 538 Μηδίας
3329 467 3374 498 ⁸⁷
3397 506 3415 534 ,
3443 466 3698 536 Εὐμένης

2113 561 2170 614 δὲ
2197 561 2227 613 ὁ
2259 559 2568 630 Καρδιανὸς
2605 558 3004 623 Καππαδοκίας
3030 559 3124 613 καὶ
3155 557 3538 628 Παφλαγονίας
3559 598 3577 623 ,
3601 557 3697 610 καὶ

2112 654 2212 708 ὅσα
2228 653 2324 708 τοῦ
2349 653 2552 707 Πόντου
2578 651 2673 706 τοῦ
2696 651 2951 719 Εὐξείνου
2987 651 3192 722 σύνορα
3219 651 3343 704 ἐστε
3355 650 3400 682 ⁸⁸
3424 651 3516 703 ἐπὶ
3541 651 3700 702 πόλιν

2129 745 2357 802 Ἐλλάδα
2377 747 2423 778 ⁶⁹
2455 743 2848 817 Τραπεζοῦντα
2867 783 2884 810 ,
2917 743 3205 798 Σινωπέων
3231 742 3458 798 ἄποικον
3484 759 3498 772 ·
3535 742 3700 810 Παμ-

2116 837 2298 910 φύλων
2321 839 2378 893 δὲ
2408 841 2503 893 καὶ
2529 837 2747 892 Λυκίων
2777 838 2872 892 καὶ
2901 836 3145 908 Φρυγίας
3161 836 3262 907 τῆς
3293 833 3539 906 μεγάλης
3575 833 3701 887 Ἀν-

2115 930 2360 998 τίγονος,
2405 929 2609 1000 Καρῶν
2655 929 2714 983 δὲ
2745 928 3153 999 Κάσανδροςτο,
3188 926 3378 982 Λυδῶν
3398 925 3455 978 δέ
3482 925 3700 980 Μέναν-

2115 1019 2242 1091 δρος
2261 1060 2276 1086 ,
2312 1022 2414 1092 τῆς
2439 1022 2499 1076 δὲ
2537 1022 2624 1091 ἐφ’
2670 1021 3051 1093 Ἑλλησπόντῳ
3078 1018 3322 1090 Φρυγίας
3356 1017 3656 1080 Λεοννάτος
3680 1054 3697 1081 .

2116 1114 2231 1186 ἢντι
2263 1111 2324 1178 ἐξ
2341 1113 2388 1145 n
2435 1112 2788 1184 Ἀλεξάνδρου
2829 1112 2929 1182 μὲν
2961 1111 3148 1174 Κάλας
3175 1109 3348 1180 δνομα
3373 1107 3662 1179 κατέχει⁷³
3681 1149 3699 1172 ,

2117 1203 2310 1258 ἔπειτα
2339 1202 2634 1275 Δήμαρχός
2680 1203 3079 1274 ἐπετέτραπτο.
3111 1200 3194 1256 Τά
3237 1199 3340 1272 μὲν
3365 1198 3509 1254 κατά
3521 1199 3571 1232 ⁷⁸
3597 1198 3703 1270 τὴν
3791 1190 3804 1201 ’

2131 1296 2318 1351 Ἀσίαν
2348 1286 2451 1351 ὦδε
2483 1295 2750 1368 ἐνεμήθη.

2188 1559 2312 1616 Τῶν
2338 1559 2394 1615 δὲ
2427 1560 2572 1614 κατὰ
2606 1559 2705 1631 τὴν
2732 1557 3003 1631 Εὐρώπην
3032 1559 3256 1632 Θρᾴκης
3291 1559 3393 1631 μέν
3418 1558 3514 1612 καὶ
3552 1557 3705 1630 Χερ-

2121 1652 2386 1725 ρονήσου,
2423 1651 2519 1706 καὶ
2547 1652 2648 1705 ὅσα
2692 1649 2868 1722 Θρᾳξὶ
2894 1649 3096 1721 σύνορα
3123 1650 3280 1720 ἔθνη,
3316 1649 3440 1703 ἐστε
3473 1651 3566 1703 ἐπὶ
3604 1648 3708 1705 θά-

436 1758 582 1828 quod
620 1757 1031 1830 Salmydessum
1074 1757 1233 1814 Ponti
1283 1759 1480 1814 Euxini
1529 1760 1714 1816 urbem
1765 1760 2011 1832 attingit,

2128 1748 2324 1801 λασσαν
2362 1745 2467 1817 τὴν
2488 1745 2535 1780 ⁷⁸
2559 1744 2654 1798 ἐπὶ
2679 1744 3071 1815 Σαλμυδησσὸν
3097 1742 3192 1798 τοῦ
3216 1743 3469 1808 Εὐξείνου
3497 1743 3706 1832 nove-oti

441 1848 799 1921 Lysimachus
842 1848 1136 1920 prtefectus
1182 1850 1363 1905 datur.
1422 1849 1495 1905 At
1523 1866 1644 1922 quae
1672 1853 1810 1910 ultra
1846 1853 2020 1910 Thra-

439 1942 578 1998 ciam
612 1956 786 2010 usque
839 1943 907 1997 ad
942 1941 1226 2013 Illyricos,
1285 1941 1590 2012 Triballos,
1645 1955 1701 2002 et
1751 1947 2020 2017 Agrianos

438 2034 743 2101 pertinent,
778 2035 1007 2104 ipsaque
1054 2034 1190 2090 adeo
1235 2033 1588 2105 Macedonia,
1614 2047 1669 2094 et
1704 2037 1904 2108 Epirus
1955 2041 2020 2095 ad

437 2121 744 2178 Ceraunios
781 2136 954 2191 usque
990 2133 1208 2179 montes
1248 2124 1598 2196 pertingens,
1658 2143 1779 2184 cum
1813 2128 2020 2186 Graecia

439 2213 696 2268 universa
724 2213 974 2278 Cratero,
1006 2222 1064 2268 et
1093 2213 1382 2286 Antipatro
1411 2217 1770 2273 obvenerunt.
1798 2219 1876 2275 Ita
1907 2221 2023 2277 hxc

441 2304 638 2359 divisio
667 2304 811 2360 facta
839 2321 853 2360 :
889 2320 1012 2358 nam
1045 2305 1279 2376 pluritna
1318 2307 1433 2365 loca
1463 2349 1478 2375 ,
1527 2319 1586 2365 ut
1615 2311 1684 2366 ab
1711 2312 2024 2369 Alexandro

437 2389 623 2447 relicta
647 2400 827 2455 erant,
859 2392 1129 2464 indigenis
1161 2397 1409 2464 parentia
1442 2397 1739 2466 praefectis,
1789 2401 2020 2458 indivisa

439 2493 880 2553 permanserunt.

510 2576 722 2634 Interea
759 2590 813 2635 et
847 2580 1076 2636 Roxaua
1106 2596 1396 2654 praegnans
1425 2585 1568 2653 parit
1597 2583 1765 2638 tilium
1789 2624 1805 2651 ,
1859 2600 2020 2654 quem

440 2683 562 2722 mox
599 2684 782 2741 regem
816 2672 1066 2730 militaris
1103 2673 1261 2729 turba
1302 2675 1632 2731 renuntiavit
1664 2696 1677 2731 :
1715 2683 1769 2733 et
1795 2679 2020 2733 seditio-

443 2758 602 2814 nibus
628 2763 697 2815 ab
726 2760 1020 2818 Alexandri
1053 2778 1280 2834 excessu
1304 2766 1488 2821 omnia
1527 2765 1895 2837 replebantur.
1935 2769 2024 2824 Et-

439 2850 584 2904 enim
644 2851 934 2921 Antipater
995 2869 1119 2908 cum
1181 2855 1645 2926 Atheniensibus,
1717 2869 2022 2931 carteraque

440 2938 687 3009 Graecia,
728 2957 891 3013 quam
936 2945 1275 3004 Leostltenes
1323 2950 1622 3019 imperator
1676 2950 2017 3017 defendebat,

439 3033 641 3089 bellum
689 3037 861 3107 gessit
896 3055 911 3092 :
945 3041 1288 3112 primumque
1313 3042 1508 3110 victus,
1551 3052 1610 3099 et
1654 3044 1708 3099 in
1741 3047 2022 3116 angustias

439 3127 708 3184 adductus
734 3121 1029 3199 ,superior
1071 3132 1287 3187 tandem
1327 3134 1542 3200 evasit,
1594 3136 1799 3191 amisso
1841 3147 2018 3192 tamen

438 3217 744 3287 Leonnato,
772 3221 868 3292 qui
897 3225 1174 3294 suppetias
1209 3225 1499 3297 Antipatro
1548 3228 1825 3286 attulerat.
1869 3228 2025 3302 Lysi-

442 3315 670 3367 machus
708 3328 928 3384 quoque
985 3331 1111 3371 cum
1148 3317 1352 3373 Seutha
1388 3317 1603 3377 Thrace
1639 3321 1802 3378 nimis
1852 3324 2023 3379 auda-

439 3413 558 3458 cter
575 3405 824 3461 conﬂixit
842 3423 939 3479 pro
964 3409 1214 3479 imperio.
1233 3411 1366 3467 Cum
1386 3413 1574 3482 paucis
1590 3414 1735 3470 enim
1753 3429 2022 3486 pugnans,

440 3497 543 3551 ctsi
575 3507 799 3555 strenue
825 3515 885 3557 se
933 3512 1168 3572 gereret,
1202 3513 1380 3561 tamen
1426 3505 1709 3563 confectus
1749 3520 1854 3565 est.
1899 3507 2027 3566 Per-

442 3591 626 3645 diccas
682 3593 810 3648 item
860 3609 984 3651 cum
1013 3597 1306 3653 Ariarathe
1357 3599 1716 3670 Cappadociae
1769 3603 2027 3672 praefecto

445 3684 744 3751 conseruit,
782 3687 926 3754 quod
971 3688 1198 3744 Eumeni
1248 3689 1324 3745 ibi
1385 3692 1652 3761 imperare
1699 3693 1859 3763 jusso
1917 3709 2024 3749 non

443 3775 722 3829 cessisset.
752 3775 875 3833 Uno
901 3778 1082 3848 itaque
1123 3781 1213 3837 hic
1244 3789 1298 3835 et
1327 3781 1498 3836 altero
1520 3783 1705 3853 praelio
1756 3787 2023 3856 superior,

444 3874 663 3934 captum
695 3866 845 3921 illum
892 3871 1215 3937 suspendit,
1263 3872 1667 3946 Eumenemque
1710 3877 1765 3931 in
1799 3893 2023 3949 regnum

448 3956 704 4012 restituit.
733 3957 996 4014 Craterus
1031 3975 1160 4016 vero
1185 3963 1474 4034 Antipatro
1507 3975 1734 4035 portans
1764 3967 2026 4023 adversus

438 4046 709 4104 Grmciam
741 4051 1040 4107 auxiliares
1073 4055 1260 4122 copias
1283 4093 1301 4122 ,
1341 4055 1585 4113 victoriae
1636 4057 1782 4114 illius
1813 4069 2023 4126 auctor,

437 4153 545 4210 qua
572 4139 702 4196 victi
731 4140 931 4207 Graeci,
957 4145 1190 4200 exstitit.
1233 4146 1598 4213 Quamobrem
1630 4149 1851 4220 utrique
1881 4151 2028 4206 dicto

444 4232 757 4301 audientes,
779 4235 1049 4306 imperata
1070 4237 1328 4308 deinceps
1347 4238 1552 4310 absque
1577 4242 2028 4313 tergiversatione

438 4321 706 4379 fecerunt.
742 4326 807 4381 Et
852 4327 966 4383 haec
1010 4328 1230 4400 quidem
1275 4330 1435 4387 libris
1487 4333 1736 4404 quinque
1781 4334 2025 4400 comple-

436 4427 622 4472 Cllllll’.

509 4506 710 4565 Sextus
756 4509 922 4567 refert
951 4512 1372 4571 Demosthenem
1404 4525 1458 4572 et
1487 4515 1817 4589 Hyperidem
1845 4519 2020 4574 Athe-

436 4599 654 4656 nienses
704 4601 931 4672 fugisse,
983 4605 1358 4663 Aristonicum
1412 4608 1543 4664 item
1591 4608 2016 4676 Marathonium,

437 4699 495 4746 ct
522 4690 848 4748 l-limeraautn
885 4693 1150 4752 Demetrii
1175 4697 1423 4755 Phalerei
1449 4699 1698 4762 fratrem,
1732 4701 2017 4772 Eginam-
2059 4685 2062 4688 ’

433 4796 541 4849 que
573 4784 806 4852 primum
859 4789 1096 4855 venisse,
1136 4791 1225 4846 ubi
1261 4793 1387 4848 dum
1423 4803 1800 4861 versarentur,
1829 4803 2020 4850 orante

435 4873 694 4941 Demade,
727 4877 924 4946 capitis
964 4883 1236 4938 sententia
1281 4884 1351 4938 ab
1391 4883 1816 4940 Atheniensibus
1860 4886 2017 4940 dant-

2125 1834 2264 1910 [124
2282 1835 2387 1908 Η.]
2415 1835 2726 1906 καθήκοντα
2744 1874 2760 1901 ,
2782 1833 3082 1905 Λυσιμάχῳ
3104 1834 3138 1905 ἡ
3167 1831 3310 1904 ἀρχὴ
3327 1832 3615 1902 ἐπετράπη
3633 1830 3704 1861 “-

2120 1930 2190 1984 τά
2217 1929 2274 1984 δέ
2311 1928 2571 1982 ἐπέκεινα
2620 1927 2723 1997 τῆς
2768 1928 2996 2000 Θρᾴκης
3026 1925 3102 1990 ὡς
3130 1925 3224 1978 ἐπὶ
3281 1923 3568 1996 Ἰλλυριοὺς
3606 1921 3708 1976 καὶ

2124 2019 2460 2093 Τριϐαλλοὺς
2489 2018 2585 2073 καὶ
2624 2019 2952 2090 Ἀγριᾶνας,
2983 2017 3080 2071 καὶ⁸
3111 2015 3250 2088 αὑτὴ
3278 2013 3588 2070 Μακεδονία
3609 2017 3710 2068 καλ⁴

2122 2115 2214 2185 if”
2237 2115 2503 2184 Ἦπειρος
2524 2111 2601 2176 ῶς
2630 2111 2728 2165 ἐπὶ
2757 2112 2827 2165 τά
2859 2110 2962 2182 ὅρη
2982 2109 3051 2164 τὰ
3077 2107 3360 2181 Κεραύνια
3386 2108 3670 2178 ἀνήκουσα
3687 2146 3706 2174 ,

2121 2206 2218 2260 καὶ
2249 2207 2299 2259 οἱ
2328 2204 2594 2274 ’Έλληνες
2627 2202 2976 2274 σύμπαντες,
3002 2199 3274 2274 Κρατερῷ
3303 2199 3398 2253 καὶ
3439 2197 3710 2252 Ἀντιπά-

2121 2313 2238 2367 τρῳ
2255 2291 2644 2368 ἐνεμήθη.Καὶ
2660 2295 2695 2365 ἡ
2727 2293 2826 2366 μὲν
2852 2294 3086 2365 νέμησις
3117 2291 3312 2355 οὕτως’
3331 2289 3504 2348 πολλὰ
3525 2290 3583 2342 δὲ
3609 2290 3710 2343 καὶ

2123 2388 2460 2458 άδιανέμητα
2479 2385 2694 2458 ἔμεινεν
2725 2385 2831 2440 ὑπὸ
2858 2385 2968 2439 τῶν
2991 2383 3274 2455 ἐγχωρίων
3298 2383 3607 2456 ἀρχόντων,
3627 2381 3711 2446 ὡς

2123 2479 2432 2551 ἐτάχθησαν
2463 2479 2568 2532 ὑπὸ
2599 2478 2957 2549 Ἀλεξάνδρου
2977 2519 2992 2544 ,
3020 2477 3277 2548 ἐχόμενα.

2195 2571 2285 2624 Ἐν
2313 2570 2488 2640 τούτῳ
2521 2568 2764 2641 Ῥωξάνη
2799 2569 2920 2623 κύει
2959 2569 3052 2622 καὶ
3085 2569 3292 2633 τίκτει,
3331 2567 3426 2621 καὶ
3451 2566 3531 2629 είς
3555 2565 3714 2636 βασι-

2121 2660 2222 2716 λέα
2255 2661 2317 2715 τὸ
2343 2661 2533 2732 τεχθὲν
2561 2661 2752 2715 ἀνεῖπε
2795 2659 2858 2712 τὸ
2889 2659 3113 2729 πλῆθος.
3145 2658 3286 2730 [217
3313 2658 3377 2713 R.
3411 2656 3432 2729 ]
3456 2658 3712 2711 Στάσεων

2121 2753 2178 2808 δέ
2211 2754 2349 2824 μετὰ
2379 2754 2472 2808 τὸν
2509 2752 2862 2822 Ἀλεξάνδρου
2894 2756 3125 2805 θάνατον
3156 2751 3334 2806 πάντα
3377 2750 3709 2820 ἐπληροῦτο.

2122 2847 2235 2900 Καὶ
2275 2845 2506 2915 πολεμεῖ
2564 2847 2919 2916 Ἀντίπατρος
2970 2844 3108 2916 πρός
3140 2861 3198 2897 τε
3241 2843 3564 2916 Ἀθηναίους
3611 2844 3713 2897 καὶ

2121 2937 2248 3001 τοὺς
2271 2937 2464 3002 ἄλλους
2496 2939 2765 3009 ’Έλληνας
2783 2979 2798 3004 ,
2845 2936 3192 3000 Λεωσθένους
3209 2936 3257 2969 ⁷⁸
3296 2938 3480 3001 αὐτοῖς
3509 2953 3712 3007 στρατ-

2123 3028 2388 3099 ηγοῦντος
2407 3045 2422 3061 ·
2459 3031 2556 3084 καὶ
2581 3029 2650 3084 τὰ
2685 3028 2880 3100 πρῶτα
2909 3028 3220 3100 ἡττώμενος
3246 3029 3341 3082 καὶ
3365 3031 3446 3092 εἰς
3472 3028 3714 3099 ἀπορίαν

2128 3119 2554 3192 συγκλειόμενος
2602 3119 2829 3193 ὕστερον
2877 3122 3123 3193 ἐκράτει.
3155 3120 3334 3175 ·’Λλλά
3379 3120 3570 3174 πίπτει
3615 3121 3715 3175 καὶ

2126 3213 2424 3277 Λεοννάτος
2451 3213 2766 3284 ἐπιϐοηθεῖν
2791 3213 2963 3267 δοκῶν
3009 3214 3373 3284 Ἀντιπάτρῳ.
3400 3213 3509 3266 Καὶ
3539 3211 3715 3267 Λυσί-

2129 3322 2302 3377 μαχος
2337 3305 2395 3359 δὲ
2424 3304 2601 3379 Σεύθῃ
2633 3305 2711 3376 τῷ
2737 3305 2918 3377 Θρᾳκὶ
2959 3305 3213 3376 πολεμῶν
3241 3305 3383 3375 ὑπὲρ
3405 3303 3508 3373 τῆς
3533 3305 3714 3376 ἀρχῆς

2127 3397 2456 3467 παραϐόλως
2491 3399 2509 3458 ί
2530 3398 2628 3450 σὺν
2671 3397 2872 3465 ὀλίγοις
2904 3395 3015 3467 γάρ
3037 3395 3056 3466 )
3080 3395 3177 3450 καὶ
3224 3395 3531 3468 εὐδοκιμῶν
3561 3396 3714 3467 ὅμως

2126 3491 2390 3564 ἀνῃρέθη.
2439 3491 2674 3562 Πολεμεῖ
2702 3490 2761 3544 δέ
2799 3490 2895 3544 καὶ
2925 3489 3237 3560 Περδίκκας
3295 3488 3599 3559 Ἀριαράθῃ
3633 3487 3714 3559 τῷ

2127 3583 2559 3648 Καππαδοκίας,
2601 3582 2684 3636 ὃτι
2733 3582 2969 3653 Εὐμένει
3015 3581 3207 3651 ἄρχειν
3246 3580 3715 3650 ἐπιτετραμμένῳ

2127 3674 2229 3745 τῆς
2270 3675 2447 3746 ἀρχῆς
2493 3674 2594 3728 οὐκ
2643 3673 2924 3741 ἐξίστατο·
2961 3673 3055 3726 καὶ
3089 3671 3208 3725 δυσὶ
3237 3673 3470 3744 νικήσας
3506 3671 3714 3742 μάχαις

2127 3766 2223 3820 καὶ
2250 3765 2534 3822 συλλαϐὼν
2580 3765 2890 3838 ἐκρέμασεν
2911 3803 2928 3830 ,
2959 3763 3194 3834 Εὐμένει
3234 3765 3334 3834 τὴν
3366 3765 3545 3834 ἀρχὴν
3570 3765 3713 3816 ἀπο-

2129 3859 2506 3929 καταστήσας.
2557 3857 2841 3928 Κρατερὸς
2895 3855 2955 3910 δέ
3002 3854 3314 3927 συμμαχῶν
3369 3855 3715 3925 Ἀντιπάτρῳ

2127 3953 2271 4007 κατὰ
2295 3951 2407 4006 τῶν
2447 3950 2724 4021 Ἐλλήνων
2773 3949 2949 4013 αἴτιος
2991 3949 3094 4018 τῆς
3135 3948 3325 4018 νίκης,
3351 3943 3420 4019 ἦς
3449 3947 3713 4016 ἐνίκησαν

2127 4041 2328 4106 αὐτοὺς
2353 4083 2369 4106 ,
2402 4041 2659 4112 γέγονεν’
2696 4039 2756 4106 ἐξ
2790 4033 2853 4094 οὗ
2883 4040 2980 4094 καὶ
3027 4038 3283 4105 ἅπαντα,
3316 4039 3462 4110 ἅπερ
3507 4039 3576 4093 ἂν
3608 4039 3712 4092 αὐ-

2127 4136 2242 4197 τοῖς
2272 4132 2558 4205 Κρατερὸς
2605 4131 2870 4186 ἐπέταττε
2893 4131 2990 4184 καὶ
3029 4131 3388 4202 Ἀντίπατρος
3407 4169 3422 4194 ,
3453 4132 3710 4201 ἀπροφα-

2129 4220 2330 4284 σίστως
2377 4219 2702 4290 ἐπράττετο.
2749 4220 2860 4272 Καὶ
2903 4217 3076 4272 ταῦτα
3119 4219 3284 4290 μέχρι
3312 4218 3408 4273 τοῦ
3452 4220 3710 4290 πέμπτου

2130 4312 2357 4383 βιϐλίου.

2209 4515 2299 4571 Ἐν
2337 4515 2396 4569 δὲ
2423 4514 2503 4586 τῷ
2532 4515 2679 4584 ἐκτῳ
2722 4513 3082 4587 διαλαμϐάνει
3105 4515 3254 4579 ὅπως
3277 4517 3324 4549 ⁷³
3370 4516 3430 4583 ἐξ
3469 4513 3712 4587 Ἀθηνῶν

2125 4609 2176 4662 oi
2198 4607 2344 4677 ἀμφὶ
2371 4607 2725 4680 Δημοσθένην
2755 4608 2850 4662 καὶ
2883 4609 3210 4680 Ὑπερείδην
3224 4608 3270 4640 ⁸⁸
3294 4607 3524 4678 ἔφυγον,
3561 4610 3710 4680 Ἀριο

2127 4701 2372 4765 στόνικός
2390 4702 2432 4733 ⁸¹
2464 4718 2531 4772 ,τε
2565 4704 2594 4755 ὁ
2617 4701 2980 4771 Μαραθώνιος
3010 4701 3106 4755 καὶ
3137 4702 3404 4773 Ἰμεραῖος
3416 4702 3706 4773 ⁸²όΔημηο

2126 4795 2283 4865 τρίου
2315 4791 2411 4848 τοῦ
2427 4793 2720 4866 Φαληρέως
2751 4793 3002 4862 ἀδελφὸς,
3036 4795 3104 4848 τὰ
3135 4795 3235 4864 μὲν
3251 4793 3536 4866 πρῶταείς
3551 4795 3708 4864 Δῐγι-

2128 4900 2262 4937 ναν·
2298 4883 2416 4937 ἐκεῖ
2457 4883 2515 4937 δέ
2544 4882 2845 4952 διαγόντων
2874 4881 3104 4936 θάνατον
3145 4881 3332 4937 αὐτῶν
3365 4884 3616 4954 κατέγνω
3645 4885 3707 4937 τὸ

1725 5023 1966 5081 VARIA‘J
1997 5020 2405 5080 LECTIONES.

503 5130 549 5211 f‘
582 5130 675 5184 ἐπὶ
703 5130 875 5211 ταύτῃ
908 5135 993 5211 ᾼξ
1014 5138 1102 5211 ἐπ’
1129 5138 1268 5211 αὐτῇ
1310 5157 1370 5204 ς.
1450 5140 1494 5172 ⁸⁷
1523 5140 1767 5211 Μηδείας
1795 5157 1856 5204 ς.
1930 5139 1976 5172 ⁸⁸
2009 5137 2131 5211 ἕστε
2181 5139 2224 5191 A
2256 5154 2273 5211 ς
2299 5134 2454 5211 ἔσται
2483 5151 2560 5211 ς..
2621 5132 2665 5164 ⁸⁸
2681 5131 2933 5211 ⁹Ἐλλάδα
2994 5131 3221 5211 αάιίιᾼ.
3276 5133 3334 5211 ’⁷⁸
3366 5133 3573 5211 Καρῶν
3611 5142 3703 5194 καὶ

427 5201 572 5277 ﬁcio.
608 5219 672 5277 ςἶ
748 5203 791 5232 ⁷³
826 5193 934 5276 ῆν]
963 5201 1030 5277 ἦν
1057 5210 1102 5260 Λ
1140 5226 1152 5261 :
1188 5193 1368 5273 dti'g.
1423 5212 1471 5242 τ’
1492 5193 1684 5274 ιξίοῖὴ.
1726 5193 1792 5264 Ᾰ.

421 5271 892 5348 ἶῖὲξτετέτραπτο
915 5271 999 5340 ξο-
1061 5278 1165 5348 ⁷⁷,ἠ
1197 5271 1320 5334 add.
1357 5283 1424 5334 A.
1502 5271 1550 5313 ’δ
1572 5278 1905 5341 Λεοσθένους
1933 5282 1998 5334 Α.

427 5338 782 5414 δ”Ημεραῖος
808 5360 866 5407 ς’.

1893 5211 1938 5240 ⁷³
1971 5208 2221 5278 κατέχειν
2249 5209 2314 5262 Α.
2358 5277 2361 5278 ν
2406 5205 2457 5278 γ”ξ

2505 5203 2604 5272 μὲν
2634 5197 2754 5276 οὖν.
2788 5203 2933 5276 κατά
2957 5221 3018 5268 ς.
3118 5205 3166 5276 ’ξ
3205 5203 3300 5258 ἐπὶ
3327 5207 3426 5276 τὴν
3461 5197 3602 5262 ’θὰλ.
3636 5214 3702 5266 A.

2079 5271 2293 5340 Nam”;
2320 5277 2369 5330 οε
2399 5273 2461 5340 ἐξ
2493 5271 2556 5338 ς,
2630 5273 2678 5304 8°
2693 5271 2986 5344 Ὑπερίδην
3017 5291 3078 5339 ς,
3145 5271 3614 5346 δι’Λριστόνεικός
3638 5280 3702 5336 Δ.

1947 5461 2159 5518 NOTAE

495 5558 613 5633 (τη
645 5560 822 5618 Credo
859 5560 1106 5633 C_rateva‘
1138 5560 1224 5633 F._
1245 5578 1369 5616 nam
1406 5561 1664 5633 Agenoris
1698 5562 1760 5618 F.
1791 5562 2011 5619 Colonis

429 5628 862 5686 Maccdonumin
894 5631 1330 5698 lndiis-przefuit.
1454 5628 1472 5633 ⁷
1597 5656 1600 5660 ’

501 5699 620 5772 (38)
667 5700 798 5768 Quae
845 5711 900 5758 et
939 5700 1179 5772 Phrygia
1238 5703 1410 5756 minor
1468 5702 1683 5760 Iustino
1732 5704 1830 5761 lib.
1883 5717 2004 5771 λιιι,

2121 5560 2698 5705 θιίὲἓῗῗυτρυελιὶι).
2727 5643 2828 5705 u_t_,
2870 5629 3048 5705 initio,
3081 5633 3444 5691 Calamhunc
3467 5635 3698 5705 Paphla-

2117 5700 2315 5769 goniae,
2349 5707 2400 5754 et
2435 5697 2622 5757 Enetis
2643 5699 2714 5754 ab
2749 5699 3060 5762 Alexandro
3096 5705 3448 5777 praepositum
3481 5697 3579 5762 ait.
