  <div class='ocr_page' id='page_1' title='image "/cluster/home/n/w/nwhite01/storage/ocr_20150623/103 pt.3/mdp.39015061933738/162.png"; bbox 0 0 3942 6234; ppageno 0'>
   <div class='ocr_carea' id='block_1_1' title="bbox 210 354 330 418">
    <p class='ocr_par' dir='ltr' id='par_1_1' title="bbox 210 354 330 418">
     <span class='ocr_line' id='line_1_1' title="bbox 210 354 330 418; baseline 0 0"><span class='ocrx_word' id='word_1_1' title='bbox 210 354 330 418; x_wconf 69' lang='grc' dir='ltr'><strong>ς3Ο5</strong></span> 
     </span>
    </p>
   </div>
   <div class='ocr_carea' id='block_1_2' title="bbox 1298 373 2345 444">
    <p class='ocr_par' dir='ltr' id='par_1_2' title="bbox 1298 373 2345 444">
     <span class='ocr_line' id='line_1_2' title="bbox 1298 373 2345 444; baseline 0.007 -10"><span class='ocrx_word' id='word_1_2' title='bbox 1298 373 1824 441; x_wconf 82' lang='lat' dir='ltr'><strong>BIBLIOTHECA.</strong></span> <span class='ocrx_word' id='word_1_3' title='bbox 1853 403 1924 414; x_wconf 87' lang='lat'><strong><em>—</em></strong></span> <span class='ocrx_word' id='word_1_4' title='bbox 1960 380 2125 443; x_wconf 90' lang='lat' dir='ltr'><strong>COD.</strong></span> <span class='ocrx_word' id='word_1_5' title='bbox 2165 381 2345 444; x_wconf 83' lang='lat' dir='ltr'><strong>XCII.</strong></span> 
     </span>
    </p>
   </div>
   <div class='ocr_carea' id='block_1_3' title="bbox 3372 386 3499 451">
    <p class='ocr_par' dir='ltr' id='par_1_3' title="bbox 3372 386 3499 451">
     <span class='ocr_line' id='line_1_3' title="bbox 3372 386 3499 451; baseline 0.047 -6"><span class='ocrx_word' id='word_1_6' title='bbox 3372 386 3499 451; x_wconf 68' lang='grc'><strong>,306</strong></span> 
     </span>
    </p>
   </div>
   <div class='ocr_carea' id='block_1_4' title="bbox 239 464 1804 562">
    <p class='ocr_par' dir='ltr' id='par_1_4' title="bbox 239 464 1804 562">
     <span class='ocr_line' id='line_1_4' title="bbox 239 464 1804 562; baseline 0.014 -44"><span class='ocrx_word' id='word_1_7' title='bbox 239 464 545 562; x_wconf 64' lang='grc' dir='ltr'>ᾎθηναίων</span> <span class='ocrx_word' id='word_1_8' title='bbox 564 471 1036 544; x_wconf 81' lang='grc' dir='ltr'>πλῆθοςείπόντος</span> <span class='ocrx_word' id='word_1_9' title='bbox 1049 479 1322 552; x_wconf 82' lang='grc' dir='ltr'>Δημάδου,</span> <span class='ocrx_word' id='word_1_10' title='bbox 1340 484 1436 537; x_wconf 75' lang='grc' dir='ltr'><strong>καὶ</strong></span> <span class='ocrx_word' id='word_1_11' title='bbox 1466 484 1804 555; x_wconf 62' lang='grc' dir='ltr'>Ἀντίπατρος</span> 
     </span>
    </p>
   </div>
   <div class='ocr_carea' id='block_1_5' title="bbox 1912 464 3500 562">
    <p class='ocr_par' dir='ltr' id='par_1_5' title="bbox 1928 492 3500 562">
     <span class='ocr_line' id='line_1_5' title="bbox 1928 492 3500 562; baseline 0.004 -19"><span class='ocrx_word' id='word_1_12' title='bbox 1928 499 2104 560; x_wconf 86' lang='lat' dir='ltr'><strong>natos,</strong></span> <span class='ocrx_word' id='word_1_13' title='bbox 2143 492 2289 562; x_wconf 87' lang='lat' dir='ltr'><strong>quod</strong></span> <span class='ocrx_word' id='word_1_14' title='bbox 2330 492 2610 548; x_wconf 88' lang='lat' dir='ltr'><strong>decretum</strong></span> <span class='ocrx_word' id='word_1_15' title='bbox 2656 492 2942 562; x_wconf 73' lang='lat' dir='ltr'><strong>Antipater</strong></span> <span class='ocrx_word' id='word_1_16' title='bbox 2974 492 3363 562; x_wconf 79' lang='lat' dir='ltr'><strong>perficiendum</strong></span> <span class='ocrx_word' id='word_1_17' title='bbox 3402 510 3500 550; x_wconf 90' lang='lat' dir='ltr'><strong>cu-</strong></span> 
     </span>
    </p>
   </div>
   <div class='ocr_carea' id='block_1_6' title="bbox 226 559 1811 648">
    <p class='ocr_par' dir='ltr' id='par_1_6' title="bbox 226 559 1811 648">
     <span class='ocr_line' id='line_1_6' title="bbox 226 559 1811 648; baseline 0.015 -38"><span class='ocrx_word' id='word_1_18' title='bbox 226 559 309 623; x_wconf 83' lang='grc' dir='ltr'><strong>είς</strong></span> <span class='ocrx_word' id='word_1_19' title='bbox 339 559 501 632; x_wconf 70' lang='grc' dir='ltr'>ἔργον</span> <span class='ocrx_word' id='word_1_20' title='bbox 528 563 707 634; x_wconf 80' lang='grc' dir='ltr'>ήγαγε</span> <span class='ocrx_word' id='word_1_21' title='bbox 724 568 789 621; x_wconf 87' lang='grc' dir='ltr'>τὸ</span> <span class='ocrx_word' id='word_1_22' title='bbox 816 569 1092 641; x_wconf 83' lang='grc' dir='ltr'>ψήφισμα.</span> <span class='ocrx_word' id='word_1_23' title='bbox 1120 572 1233 627; x_wconf 78' lang='grc' dir='ltr'><strong>Καὶ</strong></span> <span class='ocrx_word' id='word_1_24' title='bbox 1255 573 1333 638; x_wconf 84' lang='grc' dir='ltr'>ὡς</span> <span class='ocrx_word' id='word_1_25' title='bbox 1368 577 1596 648; x_wconf 83' lang='grc' dir='ltr'>Ἀρχίας</span> <span class='ocrx_word' id='word_1_26' title='bbox 1627 579 1656 631; x_wconf 91' lang='lat'><strong>6</strong></span> <span class='ocrx_word' id='word_1_27' title='bbox 1677 578 1811 634; x_wconf 86' lang='grc' dir='ltr'>Θού-</span> 
     </span>
    </p>
   </div>
   <div class='ocr_carea' id='block_1_7' title="bbox 227 653 1809 742">
    <p class='ocr_par' dir='ltr' id='par_1_7' title="bbox 227 653 1809 742">
     <span class='ocr_line' id='line_1_7' title="bbox 227 653 1809 742; baseline 0.014 -40"><span class='ocrx_word' id='word_1_28' title='bbox 227 667 346 721; x_wconf 83' lang='grc' dir='ltr'>ριος</span> <span class='ocrx_word' id='word_1_29' title='bbox 369 653 450 716; x_wconf 77' lang='grc' dir='ltr'><strong>είς</strong></span> <span class='ocrx_word' id='word_1_30' title='bbox 479 654 571 707; x_wconf 75' lang='grc' dir='ltr'><strong>τὸν</strong></span> <span class='ocrx_word' id='word_1_31' title='bbox 600 655 840 715; x_wconf 87' lang='grc' dir='ltr'>θάνατον</span> <span class='ocrx_word' id='word_1_32' title='bbox 872 661 1052 717; x_wconf 82' lang='grc' dir='ltr'>αὐτῶν</span> <span class='ocrx_word' id='word_1_33' title='bbox 1085 662 1442 738; x_wconf 74' lang='grc' dir='ltr'><strong>ὑπουργήσας</strong></span> <span class='ocrx_word' id='word_1_34' title='bbox 1462 706 1479 733; x_wconf 87' lang='grc'><em>,</em></span> <span class='ocrx_word' id='word_1_35' title='bbox 1509 670 1568 722; x_wconf 88' lang='grc' dir='ltr'><strong>ἐν</strong></span> <span class='ocrx_word' id='word_1_36' title='bbox 1606 669 1809 742; x_wconf 81' lang='grc' dir='ltr'>ἐσχάτῃ</span> 
     </span>
    </p>
   </div>
   <div class='ocr_carea' id='block_1_8' title="bbox 224 742 1806 831">
    <p class='ocr_par' dir='ltr' id='par_1_8' title="bbox 224 742 1806 831">
     <span class='ocr_line' id='line_1_8' title="bbox 224 742 1806 831; baseline 0.014 -36"><span class='ocrx_word' id='word_1_37' title='bbox 224 742 393 816; x_wconf 79' lang='grc' dir='ltr'>πενίᾳ</span> <span class='ocrx_word' id='word_1_38' title='bbox 433 746 529 800; x_wconf 76' lang='grc' dir='ltr'><strong>καὶ</strong></span> <span class='ocrx_word' id='word_1_39' title='bbox 572 749 778 823; x_wconf 74' lang='grc' dir='ltr'>ἀτιμίᾳ</span> <span class='ocrx_word' id='word_1_40' title='bbox 824 754 1163 825; x_wconf 77' lang='grc' dir='ltr'><strong>κατατρίψας</strong></span> <span class='ocrx_word' id='word_1_41' title='bbox 1208 758 1532 830; x_wconf 87' lang='grc' dir='ltr'>ἐτελεύτησε</span> <span class='ocrx_word' id='word_1_42' title='bbox 1556 760 1647 814; x_wconf 87' lang='grc' dir='ltr'>τὸν</span> <span class='ocrx_word' id='word_1_43' title='bbox 1673 761 1806 831; x_wconf 85' lang='grc' dir='ltr'>βίον.</span> 
     </span>
    </p>
   </div>
   <div class='ocr_carea' id='block_1_9' title="bbox 222 835 1810 920">
    <p class='ocr_par' dir='ltr' id='par_1_9' title="bbox 222 835 1810 920">
     <span class='ocr_line' id='line_1_9' title="bbox 222 835 1810 920; baseline 0.012 -32"><span class='ocrx_word' id='word_1_44' title='bbox 222 835 338 889; x_wconf 83' lang='grc' dir='ltr'>Καὶ</span> <span class='ocrx_word' id='word_1_45' title='bbox 364 836 440 901; x_wconf 84' lang='grc' dir='ltr'>ὡς</span> <span class='ocrx_word' id='word_1_46' title='bbox 466 839 727 912; x_wconf 79' lang='grc' dir='ltr'><strong>Δημάδης</strong></span> <span class='ocrx_word' id='word_1_47' title='bbox 760 845 825 898; x_wconf 87' lang='grc' dir='ltr'><strong>ού</strong></span> <span class='ocrx_word' id='word_1_48' title='bbox 854 846 1034 918; x_wconf 89' lang='grc' dir='ltr'>πολλῷ</span> <span class='ocrx_word' id='word_1_49' title='bbox 1060 846 1290 920; x_wconf 73' lang='grc' dir='ltr'>ὕστερον</span> <span class='ocrx_word' id='word_1_50' title='bbox 1317 853 1377 914; x_wconf 93' lang='grc' dir='ltr'><strong>ἐς</strong></span> <span class='ocrx_word' id='word_1_51' title='bbox 1400 851 1445 883; x_wconf 82' lang='grc'><strong>⁸³</strong></span> <span class='ocrx_word' id='word_1_52' title='bbox 1468 854 1810 908; x_wconf 86' lang='grc' dir='ltr'><strong>Μακεδονίαν</strong></span> 
     </span>
    </p>
   </div>
   <div class='ocr_carea' id='block_1_10' title="bbox 219 925 1810 1010">
    <p class='ocr_par' dir='ltr' id='par_1_10' title="bbox 219 925 1810 1010">
     <span class='ocr_line' id='line_1_10' title="bbox 219 925 1810 1010; baseline 0.013 -32"><span class='ocrx_word' id='word_1_53' title='bbox 219 925 417 995; x_wconf 78' lang='grc' dir='ltr'><strong>ἀχθεὶς</strong></span> <span class='ocrx_word' id='word_1_54' title='bbox 445 929 554 983; x_wconf 79' lang='grc' dir='ltr'>ὑπὸ</span> <span class='ocrx_word' id='word_1_55' title='bbox 592 933 919 1009; x_wconf 83' lang='grc' dir='ltr'><strong>Κασάνδρου</strong></span> <span class='ocrx_word' id='word_1_56' title='bbox 954 939 1169 1010; x_wconf 85' lang='grc' dir='ltr'>ἐσφάγη</span> <span class='ocrx_word' id='word_1_57' title='bbox 1190 980 1206 1005; x_wconf 88' lang='grc'><em>,</em></span> <span class='ocrx_word' id='word_1_58' title='bbox 1259 941 1354 995; x_wconf 83' lang='grc' dir='ltr'><strong>τοῦ</strong></span> <span class='ocrx_word' id='word_1_59' title='bbox 1385 942 1575 1007; x_wconf 89' lang='grc' dir='ltr'>παιδὸς</span> <span class='ocrx_word' id='word_1_60' title='bbox 1611 946 1671 997; x_wconf 90' lang='grc' dir='ltr'><strong>ἐν</strong></span> <span class='ocrx_word' id='word_1_61' title='bbox 1696 946 1810 1009; x_wconf 86' lang='grc' dir='ltr'>τοῖς</span> 
     </span>
    </p>
   </div>
   <div class='ocr_carea' id='block_1_11' title="bbox 218 1017 1809 1106">
    <p class='ocr_par' dir='ltr' id='par_1_11' title="bbox 218 1017 1809 1106">
     <span class='ocr_line' id='line_1_11' title="bbox 218 1017 1809 1106; baseline 0.014 -36"><span class='ocrx_word' id='word_1_62' title='bbox 218 1017 451 1082; x_wconf 82' lang='grc' dir='ltr'>κόλποις</span> <span class='ocrx_word' id='word_1_63' title='bbox 472 1030 1014 1097; x_wconf 70' lang='grc' dir='ltr'>προαποσφαγέντοςσ</span> <span class='ocrx_word' id='word_1_64' title='bbox 1052 1033 1233 1087; x_wconf 74' lang='grc' dir='ltr'>αἰτίαν</span> <span class='ocrx_word' id='word_1_65' title='bbox 1257 1034 1302 1087; x_wconf 88' lang='grc' dir='ltr'>δ’</span> <span class='ocrx_word' id='word_1_66' title='bbox 1323 1035 1497 1106; x_wconf 86' lang='grc' dir='ltr'>ἐπῆγε</span> <span class='ocrx_word' id='word_1_67' title='bbox 1513 1036 1558 1069; x_wconf 67' lang='grc'><strong>⁸⁵</strong></span> <span class='ocrx_word' id='word_1_68' title='bbox 1587 1037 1809 1091; x_wconf 84' lang='grc' dir='ltr'>Κάσαν-</span> 
     </span>
    </p>
   </div>
   <div class='ocr_carea' id='block_1_12' title="bbox 217 1106 1807 1201">
    <p class='ocr_par' dir='ltr' id='par_1_12' title="bbox 217 1106 1807 1201">
     <span class='ocr_line' id='line_1_12' title="bbox 217 1106 1807 1201; baseline 0.013 -37"><span class='ocrx_word' id='word_1_69' title='bbox 217 1106 347 1179; x_wconf 80' lang='grc' dir='ltr'>δρος</span> <span class='ocrx_word' id='word_1_70' title='bbox 369 1112 481 1175; x_wconf 81' lang='grc' dir='ltr'>,ὅτι</span> <span class='ocrx_word' id='word_1_71' title='bbox 507 1117 601 1169; x_wconf 80' lang='grc' dir='ltr'>τὸν</span> <span class='ocrx_word' id='word_1_72' title='bbox 627 1118 798 1173; x_wconf 83' lang='grc' dir='ltr'>αὐτοῦ</span> <span class='ocrx_word' id='word_1_73' title='bbox 822 1120 1034 1193; x_wconf 80' lang='grc' dir='ltr'>πατέρα</span> <span class='ocrx_word' id='word_1_74' title='bbox 1056 1123 1391 1197; x_wconf 80' lang='grc' dir='ltr'>ἐξυϐρίσειεν</span> <span class='ocrx_word' id='word_1_75' title='bbox 1410 1129 1468 1181; x_wconf 90' lang='grc' dir='ltr'><strong>ἐν</strong></span> <span class='ocrx_word' id='word_1_76' title='bbox 1492 1124 1574 1194; x_wconf 77' lang='grc' dir='ltr'><strong>οἷς</strong></span> <span class='ocrx_word' id='word_1_77' title='bbox 1597 1129 1807 1201; x_wconf 70' lang='grc' dir='ltr'>ἔγραψε</span> 
     </span>
    </p>
   </div>
   <div class='ocr_carea' id='block_1_13' title="bbox 227 1202 1807 1290">
    <p class='ocr_par' dir='ltr' id='par_1_13' title="bbox 227 1202 1807 1290">
     <span class='ocr_line' id='line_1_13' title="bbox 227 1202 1807 1290; baseline 0.015 -36"><span class='ocrx_word' id='word_1_78' title='bbox 227 1202 517 1278; x_wconf 76' lang='grc' dir='ltr'><strong>Περδίκκᾳ</strong></span> <span class='ocrx_word' id='word_1_79' title='bbox 546 1208 740 1276; x_wconf 76' lang='grc' dir='ltr'>σώζειν</span> <span class='ocrx_word' id='word_1_80' title='bbox 764 1214 892 1277; x_wconf 82' lang='grc' dir='ltr'>τοὺς</span> <span class='ocrx_word' id='word_1_81' title='bbox 918 1214 1185 1288; x_wconf 84' lang='grc' dir='ltr'>Ἕλληνας</span> <span class='ocrx_word' id='word_1_82' title='bbox 1215 1217 1326 1272; x_wconf 87' lang='grc' dir='ltr'>ἀπὸ</span> <span class='ocrx_word' id='word_1_83' title='bbox 1345 1220 1557 1290; x_wconf 82' lang='grc' dir='ltr'>σαπροῦ</span> <span class='ocrx_word' id='word_1_84' title='bbox 1582 1223 1676 1275; x_wconf 76' lang='grc' dir='ltr'><strong>καὶ</strong></span> <span class='ocrx_word' id='word_1_85' title='bbox 1701 1239 1807 1276; x_wconf 89' lang='grc' dir='ltr'>πα-</span> 
     </span>
    </p>
   </div>
   <div class='ocr_carea' id='block_1_14' title="bbox 215 1289 1806 1383">
    <p class='ocr_par' dir='ltr' id='par_1_14' title="bbox 215 1289 1806 1383">
     <span class='ocr_line' id='line_1_14' title="bbox 215 1289 1806 1383; baseline 0.013 -38"><span class='ocrx_word' id='word_1_86' title='bbox 215 1289 381 1346; x_wconf 82' lang='grc' dir='ltr'>λαιοῦ</span> <span class='ocrx_word' id='word_1_87' title='bbox 414 1297 684 1366; x_wconf 77' lang='grc' dir='ltr'><strong>στήμονος</strong></span> <span class='ocrx_word' id='word_1_88' title='bbox 724 1300 1070 1373; x_wconf 79' lang='grc' dir='ltr'>ἠρτημένους</span> <span class='ocrx_word' id='word_1_89' title='bbox 1089 1343 1105 1367; x_wconf 90' lang='grc'><em>,</em></span> <span class='ocrx_word' id='word_1_90' title='bbox 1135 1304 1283 1359; x_wconf 76' lang='grc' dir='ltr'>οὕτω</span> <span class='ocrx_word' id='word_1_91' title='bbox 1311 1306 1402 1362; x_wconf 76' lang='grc' dir='ltr'><strong>τὸν</strong></span> <span class='ocrx_word' id='word_1_92' title='bbox 1448 1289 1806 1383; x_wconf 79' lang='grc' dir='ltr'>Ἀντίπατρον</span> 
     </span>
    </p>
   </div>
   <div class='ocr_carea' id='block_1_15' title="bbox 216 1384 1805 1473">
    <p class='ocr_par' dir='ltr' id='par_1_15' title="bbox 216 1384 1805 1473">
     <span class='ocr_line' id='line_1_15' title="bbox 216 1384 1805 1473; baseline 0.013 -37"><span class='ocrx_word' id='word_1_93' title='bbox 216 1384 620 1473; x_wconf 59' lang='grc' dir='ltr'>ἐπιχλευάζων.</span> <span class='ocrx_word' id='word_1_94' title='bbox 643 1392 935 1465; x_wconf 86' lang='grc' dir='ltr'>Δείναρχος</span> <span class='ocrx_word' id='word_1_95' title='bbox 966 1396 1024 1450; x_wconf 87' lang='grc' dir='ltr'><strong>δέ</strong></span> <span class='ocrx_word' id='word_1_96' title='bbox 1052 1398 1082 1450; x_wconf 92' lang='lat'><strong>6</strong></span> <span class='ocrx_word' id='word_1_97' title='bbox 1110 1398 1311 1469; x_wconf 84' lang='grc' dir='ltr'>Κορίνθ</span> <span class='ocrx_word' id='word_1_98' title='bbox 1329 1417 1408 1464; x_wconf 90' lang='grc' dir='ltr'><strong>ιος</strong></span> <span class='ocrx_word' id='word_1_99' title='bbox 1436 1403 1465 1454; x_wconf 98' lang='lat'><strong>6</strong></span> <span class='ocrx_word' id='word_1_100' title='bbox 1496 1402 1805 1473; x_wconf 86' lang='grc' dir='ltr'>κατήγορος</span> 
     </span>
    </p>
   </div>
   <div class='ocr_carea' id='block_1_16' title="bbox 212 1470 1805 1564">
    <p class='ocr_par' dir='ltr' id='par_1_16' title="bbox 212 1470 1805 1564">
     <span class='ocr_line' id='line_1_16' title="bbox 212 1470 1805 1564; baseline 0.013 -36"><span class='ocrx_word' id='word_1_101' title='bbox 212 1470 309 1545; x_wconf 77' lang='grc' dir='ltr'>ἦν.</span> <span class='ocrx_word' id='word_1_102' title='bbox 355 1478 496 1532; x_wconf 79' lang='grc' dir='ltr'>Ἀλλ’</span> <span class='ocrx_word' id='word_1_103' title='bbox 530 1482 561 1535; x_wconf 84' lang='grc' dir='ltr'><strong>δ</strong></span> <span class='ocrx_word' id='word_1_104' title='bbox 601 1498 667 1551; x_wconf 87' lang='grc' dir='ltr'><strong>γε</strong></span> <span class='ocrx_word' id='word_1_105' title='bbox 705 1485 966 1557; x_wconf 78' lang='grc' dir='ltr'><strong>Δημάδης</strong></span> <span class='ocrx_word' id='word_1_106' title='bbox 994 1488 1096 1559; x_wconf 82' lang='grc' dir='ltr'><strong>τῆς</strong></span> <span class='ocrx_word' id='word_1_107' title='bbox 1146 1489 1315 1544; x_wconf 82' lang='grc' dir='ltr'>αὑτοῦ</span> <span class='ocrx_word' id='word_1_108' title='bbox 1350 1470 1681 1564; x_wconf 82' lang='grc' dir='ltr'>δωροδοκίας</span> <span class='ocrx_word' id='word_1_109' title='bbox 1708 1470 1805 1549; x_wconf 76' lang='grc' dir='ltr'>καὶ</span> 
     </span>
    </p>
   </div>
   <div class='ocr_carea' id='block_1_17' title="bbox 209 1566 1803 1710">
    <p class='ocr_par' dir='ltr' id='par_1_17' title="bbox 209 1566 1803 1710">
     <span class='ocr_line' id='line_1_17' title="bbox 209 1566 1803 1710; baseline 0.012 -88"><span class='ocrx_word' id='word_1_110' title='bbox 209 1566 513 1710; x_wconf 49' lang='lat' dir='ltr'><strong>gmw;</strong></span> <span class='ocrx_word' id='word_1_111' title='bbox 539 1575 634 1628; x_wconf 80' lang='grc' dir='ltr'>καὶ</span> <span class='ocrx_word' id='word_1_112' title='bbox 663 1576 724 1640; x_wconf 90' lang='grc' dir='ltr'><strong>ἐς</strong></span> <span class='ocrx_word' id='word_1_113' title='bbox 764 1578 947 1634; x_wconf 83' lang='grc' dir='ltr'>πάντα</span> <span class='ocrx_word' id='word_1_114' title='bbox 975 1580 1241 1647; x_wconf 83' lang='grc' dir='ltr'>ἀπιστίας</span> <span class='ocrx_word' id='word_1_115' title='bbox 1266 1582 1366 1653; x_wconf 83' lang='grc' dir='ltr'>τὴν</span> <span class='ocrx_word' id='word_1_116' title='bbox 1389 1584 1549 1652; x_wconf 81' lang='grc' dir='ltr'>ἀξίαν</span> <span class='ocrx_word' id='word_1_117' title='bbox 1574 1585 1803 1641; x_wconf 80' lang='grc' dir='ltr'>ἀπέτισε</span> 
     </span>
     <span class='ocr_line' id='line_1_18' title="bbox 249 1674 400 1710; baseline 0.013 -2"><span class='ocrx_word' id='word_1_118' title='bbox 249 1674 400 1710; x_wconf 76' lang='grc' dir='ltr'>ικην.</span> 
     </span>
    </p>
   </div>
   <div class='ocr_carea' id='block_1_18' title="bbox 249 1674 400 1729">
    <p class='ocr_par' dir='ltr' id='par_1_18' title="bbox 249 1674 400 1729">
     <span class='ocr_line' id='line_1_19' title="bbox 249 1674 400 1729; baseline 0.033 -20"><span class='ocrx_word' id='word_1_119' title='bbox 249 1674 400 1729; x_wconf 79' lang='grc' dir='ltr'>ικην.</span> 
     </span>
    </p>
   </div>
   <div class='ocr_carea' id='block_1_19' title="bbox 1920 584 3493 657">
    <p class='ocr_par' dir='ltr' id='par_1_19' title="bbox 1920 584 3493 657">
     <span class='ocr_line' id='line_1_20' title="bbox 1920 584 3493 657; baseline 0.003 -20"><span class='ocrx_word' id='word_1_120' title='bbox 1920 587 2075 639; x_wconf 90' lang='lat' dir='ltr'><strong>rarit.</strong></span> <span class='ocrx_word' id='word_1_121' title='bbox 2105 585 2307 641; x_wconf 82' lang='lat' dir='ltr'><strong>Deinde</strong></span> <span class='ocrx_word' id='word_1_122' title='bbox 2333 594 2391 639; x_wconf 94' lang='lat' dir='ltr'><strong>ut</strong></span> <span class='ocrx_word' id='word_1_123' title='bbox 2416 584 2649 640; x_wconf 81' lang='lat' dir='ltr'><strong>Archias</strong></span> <span class='ocrx_word' id='word_1_124' title='bbox 2673 584 2933 652; x_wconf 88' lang='lat' dir='ltr'><strong>Thurius,</strong></span> <span class='ocrx_word' id='word_1_125' title='bbox 2960 586 3051 657; x_wconf 86' lang='lat' dir='ltr'><strong>qui</strong></span> <span class='ocrx_word' id='word_1_126' title='bbox 3083 602 3274 641; x_wconf 91' lang='lat' dir='ltr'><strong>eorum</strong></span> <span class='ocrx_word' id='word_1_127' title='bbox 3304 603 3493 643; x_wconf 88' lang='lat' dir='ltr'><strong>necem</strong></span> 
     </span>
    </p>
   </div>
   <div class='ocr_carea' id='block_1_20' title="bbox 1918 673 3491 746">
    <p class='ocr_par' dir='ltr' id='par_1_20' title="bbox 1918 673 3491 746">
     <span class='ocr_line' id='line_1_21' title="bbox 1918 673 3491 746; baseline 0.004 -22"><span class='ocrx_word' id='word_1_128' title='bbox 1918 680 2281 741; x_wconf 88' lang='lat' dir='ltr'><strong>perpetrarat,</strong></span> <span class='ocrx_word' id='word_1_129' title='bbox 2321 673 2389 728; x_wconf 91' lang='lat' dir='ltr'><strong>ad</strong></span> <span class='ocrx_word' id='word_1_130' title='bbox 2418 681 2723 727; x_wconf 84' lang='lat' dir='ltr'><strong>extremam</strong></span> <span class='ocrx_word' id='word_1_131' title='bbox 2765 674 2905 744; x_wconf 82' lang='lat' dir='ltr'><strong>70a</strong></span> <span class='ocrx_word' id='word_1_132' title='bbox 2964 674 3218 729; x_wconf 86' lang='lat' dir='ltr'><strong>redactus</strong></span> <span class='ocrx_word' id='word_1_133' title='bbox 3257 675 3491 746; x_wconf 88' lang='lat' dir='ltr'><strong>in0piam</strong></span> 
     </span>
    </p>
   </div>
   <div class='ocr_carea' id='block_1_21' title="bbox 1916 763 3493 837">
    <p class='ocr_par' dir='ltr' id='par_1_21' title="bbox 1916 763 3493 837">
     <span class='ocr_line' id='line_1_22' title="bbox 1916 763 3493 837; baseline 0.006 -22"><span class='ocrx_word' id='word_1_134' title='bbox 1916 773 2087 834; x_wconf 89' lang='lat' dir='ltr'><strong>atque</strong></span> <span class='ocrx_word' id='word_1_135' title='bbox 2118 766 2420 831; x_wconf 80' lang='lat' dir='ltr'><strong>infamiam,</strong></span> <span class='ocrx_word' id='word_1_136' title='bbox 2465 763 2578 819; x_wconf 89' lang='lat' dir='ltr'><strong>vita</strong></span> <span class='ocrx_word' id='word_1_137' title='bbox 2625 765 2923 820; x_wconf 78' lang='lat' dir='ltr'><strong>decesserit</strong></span> <span class='ocrx_word' id='word_1_138' title='bbox 2958 783 2973 820; x_wconf 90' lang='lat'><strong>:</strong></span> <span class='ocrx_word' id='word_1_139' title='bbox 3014 775 3181 837; x_wconf 91' lang='lat' dir='ltr'><strong>utque</strong></span> <span class='ocrx_word' id='word_1_140' title='bbox 3222 765 3493 824; x_wconf 86' lang='lat' dir='ltr'><strong>Demades</strong></span> 
     </span>
    </p>
   </div>
   <div class='ocr_carea' id='block_1_22' title="bbox 1917 856 3495 928">
    <p class='ocr_par' dir='ltr' id='par_1_22' title="bbox 1917 856 3495 928">
     <span class='ocr_line' id='line_1_23' title="bbox 1917 856 3495 928; baseline -0.001 -14"><span class='ocrx_word' id='word_1_141' title='bbox 1917 873 2024 914; x_wconf 92' lang='lat' dir='ltr'><strong>non</strong></span> <span class='ocrx_word' id='word_1_142' title='bbox 2060 859 2137 913; x_wconf 90' lang='lat' dir='ltr'><strong>ita</strong></span> <span class='ocrx_word' id='word_1_143' title='bbox 2184 858 2353 913; x_wconf 90' lang='lat' dir='ltr'><strong>multo</strong></span> <span class='ocrx_word' id='word_1_144' title='bbox 2391 866 2514 927; x_wconf 90' lang='lat' dir='ltr'><strong>post</strong></span> <span class='ocrx_word' id='word_1_145' title='bbox 2544 858 2597 913; x_wconf 90' lang='lat' dir='ltr'><strong>in</strong></span> <span class='ocrx_word' id='word_1_146' title='bbox 2634 856 3007 913; x_wconf 85' lang='lat' dir='ltr'><strong>Macedoniam</strong></span> <span class='ocrx_word' id='word_1_147' title='bbox 3058 858 3291 928; x_wconf 86' lang='lat' dir='ltr'><strong>delatus,</strong></span> <span class='ocrx_word' id='word_1_148' title='bbox 3319 875 3349 913; x_wconf 91' lang='lat' dir='ltr'><strong>a</strong></span> <span class='ocrx_word' id='word_1_149' title='bbox 3383 858 3495 913; x_wconf 82' lang='lat' dir='ltr'><strong>Ca-</strong></span> 
     </span>
    </p>
   </div>
   <div class='ocr_carea' id='block_1_23' title="bbox 1915 947 3499 1020">
    <p class='ocr_par' dir='ltr' id='par_1_23' title="bbox 1915 947 3499 1020">
     <span class='ocr_line' id='line_1_24' title="bbox 1915 947 3499 1020; baseline 0 -14"><span class='ocrx_word' id='word_1_150' title='bbox 1915 951 2120 1007; x_wconf 87' lang='lat' dir='ltr'><strong>sandro</strong></span> <span class='ocrx_word' id='word_1_151' title='bbox 2156 947 2482 1005; x_wconf 89' lang='lat' dir='ltr'><strong>interfectus</strong></span> <span class='ocrx_word' id='word_1_152' title='bbox 2507 949 2599 1015; x_wconf 87' lang='lat' dir='ltr'><strong>sit,</strong></span> <span class='ocrx_word' id='word_1_153' title='bbox 2628 950 2748 1019; x_wconf 88' lang='lat' dir='ltr'><strong>ejus</strong></span> <span class='ocrx_word' id='word_1_154' title='bbox 2770 949 3008 1020; x_wconf 90' lang='lat' dir='ltr'><strong>primum</strong></span> <span class='ocrx_word' id='word_1_155' title='bbox 3052 949 3163 1005; x_wconf 88' lang='lat' dir='ltr'><strong>filio</strong></span> <span class='ocrx_word' id='word_1_156' title='bbox 3195 950 3248 1005; x_wconf 93' lang='lat' dir='ltr'><strong>in</strong></span> <span class='ocrx_word' id='word_1_157' title='bbox 3279 951 3403 1005; x_wconf 86' lang='lat' dir='ltr'><strong>sinu</strong></span> <span class='ocrx_word' id='word_1_158' title='bbox 3442 959 3499 1006; x_wconf 88' lang='lat' dir='ltr'><strong>et</strong></span> 
     </span>
    </p>
   </div>
   <div class='ocr_carea' id='block_1_24' title="bbox 1914 1040 3496 1114">
    <p class='ocr_par' dir='ltr' id='par_1_24' title="bbox 1914 1040 3496 1114">
     <span class='ocr_line' id='line_1_25' title="bbox 1914 1040 3496 1114; baseline -0.002 -16"><span class='ocrx_word' id='word_1_159' title='bbox 1914 1043 2085 1099; x_wconf 90' lang='lat' dir='ltr'><strong>oculis</strong></span> <span class='ocrx_word' id='word_1_160' title='bbox 2108 1041 2353 1112; x_wconf 85' lang='lat' dir='ltr'><strong>parentis</strong></span> <span class='ocrx_word' id='word_1_161' title='bbox 2377 1040 2647 1114; x_wconf 79' lang='lat' dir='ltr'><strong>jugulato.</strong></span> <span class='ocrx_word' id='word_1_162' title='bbox 2680 1040 2914 1097; x_wconf 85' lang='lat' dir='ltr'><strong>Causam</strong></span> <span class='ocrx_word' id='word_1_163' title='bbox 2942 1057 3072 1097; x_wconf 87' lang='lat' dir='ltr'><strong>vero</strong></span> <span class='ocrx_word' id='word_1_164' title='bbox 3099 1043 3261 1097; x_wconf 63' lang='lat' dir='ltr'><strong>cmdis</strong></span> <span class='ocrx_word' id='word_1_165' title='bbox 3284 1041 3496 1098; x_wconf 84' lang='lat' dir='ltr'><strong>Casan-</strong></span> 
     </span>
    </p>
   </div>
   <div class='ocr_carea' id='block_1_25' title="bbox 1913 1132 3494 1203">
    <p class='ocr_par' dir='ltr' id='par_1_25' title="bbox 1913 1132 3494 1203">
     <span class='ocr_line' id='line_1_26' title="bbox 1913 1132 3494 1203; baseline 0.001 -16"><span class='ocrx_word' id='word_1_166' title='bbox 1913 1135 2071 1189; x_wconf 85' lang='lat' dir='ltr'><strong>drum</strong></span> <span class='ocrx_word' id='word_1_167' title='bbox 2098 1132 2354 1202; x_wconf 79' lang='lat' dir='ltr'><strong>allegare,</strong></span> <span class='ocrx_word' id='word_1_168' title='bbox 2380 1132 2527 1203; x_wconf 92' lang='lat' dir='ltr'><strong>quod</strong></span> <span class='ocrx_word' id='word_1_169' title='bbox 2563 1144 2849 1201; x_wconf 88' lang='lat' dir='ltr'><strong>parentem</strong></span> <span class='ocrx_word' id='word_1_170' title='bbox 2885 1147 3044 1188; x_wconf 88' lang='lat' dir='ltr'><strong>suum</strong></span> <span class='ocrx_word' id='word_1_171' title='bbox 3073 1134 3340 1189; x_wconf 88' lang='lat' dir='ltr'><strong>Demades</strong></span> <span class='ocrx_word' id='word_1_172' title='bbox 3363 1134 3494 1189; x_wconf 88' lang='lat' dir='ltr'><strong>olim</strong></span> 
     </span>
    </p>
   </div>
   <div class='ocr_carea' id='block_1_26' title="bbox 1915 1218 3495 1291">
    <p class='ocr_par' dir='ltr' id='par_1_26' title="bbox 1915 1218 3495 1291">
     <span class='ocr_line' id='line_1_27' title="bbox 1915 1218 3495 1291; baseline 0 -17"><span class='ocrx_word' id='word_1_173' title='bbox 1915 1221 2117 1289; x_wconf 85' lang='lat' dir='ltr'><strong>injuria</strong></span> <span class='ocrx_word' id='word_1_174' title='bbox 2168 1219 2477 1289; x_wconf 83' lang='lat' dir='ltr'><strong>affecisset,</strong></span> <span class='ocrx_word' id='word_1_175' title='bbox 2513 1234 2636 1274; x_wconf 89' lang='lat' dir='ltr'><strong>cum</strong></span> <span class='ocrx_word' id='word_1_176' title='bbox 2668 1218 2945 1275; x_wconf 82' lang='lat' dir='ltr'><strong>Perdiccae</strong></span> <span class='ocrx_word' id='word_1_177' title='bbox 2988 1221 3229 1291; x_wconf 90' lang='lat' dir='ltr'><strong>scripsit,</strong></span> <span class='ocrx_word' id='word_1_178' title='bbox 3258 1232 3316 1275; x_wconf 90' lang='lat' dir='ltr'><strong>ut</strong></span> <span class='ocrx_word' id='word_1_179' title='bbox 3344 1221 3495 1276; x_wconf 57' lang='lat' dir='ltr'><strong>Grae-</strong></span> 
     </span>
    </p>
   </div>
   <div class='ocr_carea' id='block_1_27' title="bbox 1913 1309 3496 1380">
    <p class='ocr_par' dir='ltr' id='par_1_27' title="bbox 1913 1309 3496 1380">
     <span class='ocr_line' id='line_1_28' title="bbox 1913 1309 3496 1380; baseline -0.003 -12"><span class='ocrx_word' id='word_1_180' title='bbox 1913 1326 2008 1368; x_wconf 90' lang='lat' dir='ltr'><strong>cos</strong></span> <span class='ocrx_word' id='word_1_181' title='bbox 2038 1325 2068 1365; x_wconf 91' lang='lat' dir='ltr'><strong>e</strong></span> <span class='ocrx_word' id='word_1_182' title='bbox 2090 1310 2312 1380; x_wconf 90' lang='lat' dir='ltr'><strong>putrido</strong></span> <span class='ocrx_word' id='word_1_183' title='bbox 2349 1325 2411 1365; x_wconf 89' lang='lat' dir='ltr'><strong>ac</strong></span> <span class='ocrx_word' id='word_1_184' title='bbox 2437 1319 2623 1374; x_wconf 82' lang='lat' dir='ltr'><strong>vetere</strong></span> <span class='ocrx_word' id='word_1_185' title='bbox 2659 1309 2751 1364; x_wconf 86' lang='lat' dir='ltr'><strong>filo</strong></span> <span class='ocrx_word' id='word_1_186' title='bbox 2780 1309 3085 1379; x_wconf 75' lang='lat' dir='ltr'><strong>pendentes</strong></span> <span class='ocrx_word' id='word_1_187' title='bbox 3132 1326 3356 1367; x_wconf 83' lang='lat' dir='ltr'><strong>servare</strong></span> <span class='ocrx_word' id='word_1_188' title='bbox 3380 1309 3496 1365; x_wconf 90' lang='lat' dir='ltr'><strong>vel-</strong></span> 
     </span>
    </p>
   </div>
   <div class='ocr_carea' id='block_1_28' title="bbox 1913 1398 3492 1470">
    <p class='ocr_par' dir='ltr' id='par_1_28' title="bbox 1913 1398 3492 1470">
     <span class='ocr_line' id='line_1_29' title="bbox 1913 1398 3492 1470; baseline -0.001 -15"><span class='ocrx_word' id='word_1_189' title='bbox 1913 1400 2020 1466; x_wconf 88' lang='lat' dir='ltr'><strong>let;</strong></span> <span class='ocrx_word' id='word_1_190' title='bbox 2053 1398 2403 1470; x_wconf 85' lang='lat' dir='ltr'><strong>Antipatrum</strong></span> <span class='ocrx_word' id='word_1_191' title='bbox 2431 1399 2692 1454; x_wconf 89' lang='lat' dir='ltr'><strong>nimirum</strong></span> <span class='ocrx_word' id='word_1_192' title='bbox 2737 1398 2823 1454; x_wconf 89' lang='lat' dir='ltr'><strong>his</strong></span> <span class='ocrx_word' id='word_1_193' title='bbox 2848 1400 3033 1455; x_wconf 86' lang='lat' dir='ltr'><strong>verbis</strong></span> <span class='ocrx_word' id='word_1_194' title='bbox 3063 1401 3360 1456; x_wconf 83' lang='lat' dir='ltr'><strong>irridendo.</strong></span> <span class='ocrx_word' id='word_1_195' title='bbox 3400 1400 3492 1454; x_wconf 79' lang='lat' dir='ltr'><strong>Di-</strong></span> 
     </span>
    </p>
   </div>
   <div class='ocr_carea' id='block_1_29' title="bbox 1914 1490 3490 1564">
    <p class='ocr_par' dir='ltr' id='par_1_29' title="bbox 1914 1490 3490 1564">
     <span class='ocr_line' id='line_1_30' title="bbox 1914 1490 3490 1564; baseline 0 -17"><span class='ocrx_word' id='word_1_196' title='bbox 1914 1494 2179 1559; x_wconf 87' lang='lat' dir='ltr'><strong>narchum</strong></span> <span class='ocrx_word' id='word_1_197' title='bbox 2204 1490 2321 1564; x_wconf 87' lang='grc'><strong>(40)</strong></span> <span class='ocrx_word' id='word_1_198' title='bbox 2356 1491 2703 1547; x_wconf 85' lang='lat' dir='ltr'><strong>Corinthium</strong></span> <span class='ocrx_word' id='word_1_199' title='bbox 2733 1490 2930 1547; x_wconf 88' lang='lat' dir='ltr'><strong>horum</strong></span> <span class='ocrx_word' id='word_1_200' title='bbox 2978 1492 3239 1548; x_wconf 92' lang='lat' dir='ltr'><strong>indicium</strong></span> <span class='ocrx_word' id='word_1_201' title='bbox 3270 1492 3490 1560; x_wconf 82' lang='lat' dir='ltr'><strong>fecisse,</strong></span> 
     </span>
    </p>
   </div>
   <div class='ocr_carea' id='block_1_30' title="bbox 1913 1583 3489 1655">
    <p class='ocr_par' dir='ltr' id='par_1_30' title="bbox 1913 1583 3489 1655">
     <span class='ocr_line' id='line_1_31' title="bbox 1913 1583 3489 1655; baseline -0.001 -16"><span class='ocrx_word' id='word_1_202' title='bbox 1913 1595 2079 1654; x_wconf 91' lang='lat' dir='ltr'><strong>atque</strong></span> <span class='ocrx_word' id='word_1_203' title='bbox 2124 1585 2199 1640; x_wconf 88' lang='lat' dir='ltr'><strong>ita</strong></span> <span class='ocrx_word' id='word_1_204' title='bbox 2249 1584 2543 1640; x_wconf 90' lang='lat' dir='ltr'><strong>Demadem</strong></span> <span class='ocrx_word' id='word_1_205' title='bbox 2589 1583 2885 1655; x_wconf 86' lang='lat' dir='ltr'><strong>aliquando</strong></span> <span class='ocrx_word' id='word_1_206' title='bbox 2926 1584 3172 1638; x_wconf 68' lang='lat' dir='ltr'><strong>avaritia:</strong></span> <span class='ocrx_word' id='word_1_207' title='bbox 3207 1598 3272 1639; x_wconf 92' lang='lat' dir='ltr'><strong>ac</strong></span> <span class='ocrx_word' id='word_1_208' title='bbox 3301 1585 3489 1654; x_wconf 88' lang='lat' dir='ltr'><strong>prodi-</strong></span> 
     </span>
    </p>
   </div>
   <div class='ocr_carea' id='block_1_31' title="bbox 1916 1675 3493 1749">
    <p class='ocr_par' dir='ltr' id='par_1_31' title="bbox 1916 1675 3493 1749">
     <span class='ocr_line' id='line_1_32' title="bbox 1916 1675 3493 1749; baseline 0 -18"><span class='ocrx_word' id='word_1_209' title='bbox 1916 1676 2104 1745; x_wconf 88' lang='lat' dir='ltr'><strong>tionis,</strong></span> <span class='ocrx_word' id='word_1_210' title='bbox 2134 1675 2276 1731; x_wconf 84' lang='lat' dir='ltr'><strong>etin</strong></span> <span class='ocrx_word' id='word_1_211' title='bbox 2323 1689 2384 1732; x_wconf 91' lang='lat' dir='ltr'><strong>re</strong></span> <span class='ocrx_word' id='word_1_212' title='bbox 2429 1689 2642 1748; x_wconf 89' lang='lat' dir='ltr'><strong>quaque</strong></span> <span class='ocrx_word' id='word_1_213' title='bbox 2683 1677 2947 1749; x_wconf 64' lang='lat' dir='ltr'><strong>perfidiae,</strong></span> <span class='ocrx_word' id='word_1_214' title='bbox 2992 1676 3222 1731; x_wconf 85' lang='lat' dir='ltr'><strong>meritas</strong></span> <span class='ocrx_word' id='word_1_215' title='bbox 3275 1676 3493 1733; x_wconf 81' lang='lat' dir='ltr'><strong>dedisse</strong></span> 
     </span>
    </p>
   </div>
   <div class='ocr_carea' id='block_1_32' title="bbox 1913 1783 2127 1839">
    <p class='ocr_par' dir='ltr' id='par_1_32' title="bbox 1913 1783 2127 1839">
     <span class='ocr_line' id='line_1_33' title="bbox 1913 1783 2127 1839; baseline 0.005 -14"><span class='ocrx_word' id='word_1_216' title='bbox 1913 1783 2127 1839; x_wconf 77' lang='lat' dir='ltr'><strong>ptenas.</strong></span> 
     </span>
    </p>
   </div>
   <div class='ocr_carea' id='block_1_33' title="bbox 285 1841 1804 1928">
    <p class='ocr_par' dir='ltr' id='par_1_33' title="bbox 285 1841 1804 1925">
     <span class='ocr_line' id='line_1_34' title="bbox 285 1841 1804 1925; baseline 0.011 -31"><span class='ocrx_word' id='word_1_217' title='bbox 285 1841 669 1913; x_wconf 82' lang='grc' dir='ltr'>Διαλαμϐἀνει</span> <span class='ocrx_word' id='word_1_218' title='bbox 703 1846 760 1901; x_wconf 77' lang='grc' dir='ltr'>δὲ</span> <span class='ocrx_word' id='word_1_219' title='bbox 794 1848 889 1902; x_wconf 82' lang='grc' dir='ltr'>καὶ</span> <span class='ocrx_word' id='word_1_220' title='bbox 920 1848 998 1911; x_wconf 85' lang='grc' dir='ltr'><strong>ὡς</strong></span> <span class='ocrx_word' id='word_1_221' title='bbox 1038 1848 1258 1921; x_wconf 89' lang='grc' dir='ltr'>Θίϐρων</span> <span class='ocrx_word' id='word_1_222' title='bbox 1304 1851 1334 1905; x_wconf 85' lang='lat'><strong>6</strong></span> <span class='ocrx_word' id='word_1_223' title='bbox 1381 1852 1804 1925; x_wconf 82' lang='grc' dir='ltr'>Λακεδαιμόνιος</span> 
     </span>
    </p>
   </div>
   <div class='ocr_carea' id='block_1_34' title="bbox 1912 1841 3487 1928">
    <p class='ocr_par' dir='ltr' id='par_1_34' title="bbox 1985 1854 3487 1928">
     <span class='ocr_line' id='line_1_35' title="bbox 1985 1854 3487 1928; baseline -0.001 -15"><span class='ocrx_word' id='word_1_224' title='bbox 1985 1857 2173 1915; x_wconf 76' lang='lat' dir='ltr'><strong>Refert</strong></span> <span class='ocrx_word' id='word_1_225' title='bbox 2200 1859 2367 1917; x_wconf 90' lang='lat' dir='ltr'><strong>etiam</strong></span> <span class='ocrx_word' id='word_1_226' title='bbox 2394 1858 2529 1914; x_wconf 81' lang='lat' dir='ltr'><strong>haec.</strong></span> <span class='ocrx_word' id='word_1_227' title='bbox 2564 1858 2772 1914; x_wconf 88' lang='lat' dir='ltr'><strong>Thibro</strong></span> <span class='ocrx_word' id='word_1_228' title='bbox 2799 1858 3251 1914; x_wconf 85' lang='lat' dir='ltr'><strong>Lacedaemonius</strong></span> <span class='ocrx_word' id='word_1_229' title='bbox 3277 1854 3487 1928; x_wconf 82' lang='lat' dir='ltr'><strong>Harpa-</strong></span> 
     </span>
    </p>
   </div>
   <div class='ocr_carea' id='block_1_35' title="bbox 209 1931 1802 2013">
    <p class='ocr_par' dir='ltr' id='par_1_35' title="bbox 209 1931 1802 2013">
     <span class='ocr_line' id='line_1_36' title="bbox 209 1931 1802 2013; baseline 0.009 -27"><span class='ocrx_word' id='word_1_230' title='bbox 209 1931 507 2008; x_wconf 75' lang='grc' dir='ltr'>’Δρπαλον</span> <span class='ocrx_word' id='word_1_231' title='bbox 528 1936 624 1990; x_wconf 77' lang='grc' dir='ltr'>τὸν</span> <span class='ocrx_word' id='word_1_232' title='bbox 654 1936 725 1991; x_wconf 81' lang='grc' dir='ltr'>τὰ</span> <span class='ocrx_word' id='word_1_233' title='bbox 755 1939 1105 2011; x_wconf 76' lang='grc' dir='ltr'>Ἀλεξάνδρου</span> <span class='ocrx_word' id='word_1_234' title='bbox 1139 1942 1402 2013; x_wconf 83' lang='grc' dir='ltr'>χρήματα</span> <span class='ocrx_word' id='word_1_235' title='bbox 1432 1941 1634 2009; x_wconf 81' lang='grc' dir='ltr'>ζῶντος</span> <span class='ocrx_word' id='word_1_236' title='bbox 1656 1947 1802 2001; x_wconf 83' lang='grc' dir='ltr'>ἐκεῖ-</span> 
     </span>
    </p>
   </div>
   <div class='ocr_carea' id='block_1_36' title="bbox 208 2025 1802 2105">
    <p class='ocr_par' dir='ltr' id='par_1_36' title="bbox 208 2025 1802 2105">
     <span class='ocr_line' id='line_1_37' title="bbox 208 2025 1802 2105; baseline 0.011 -29"><span class='ocrx_word' id='word_1_237' title='bbox 208 2040 306 2077; x_wconf 84' lang='grc' dir='ltr'><strong>νου</strong></span> <span class='ocrx_word' id='word_1_238' title='bbox 330 2025 658 2095; x_wconf 74' lang='grc' dir='ltr'>ἁρπάσαντα</span> <span class='ocrx_word' id='word_1_239' title='bbox 693 2029 786 2081; x_wconf 81' lang='grc' dir='ltr'>καὶ</span> <span class='ocrx_word' id='word_1_240' title='bbox 810 2030 1054 2099; x_wconf 83' lang='grc' dir='ltr'>φυγόντα</span> <span class='ocrx_word' id='word_1_241' title='bbox 1077 2032 1215 2103; x_wconf 73' lang='grc' dir='ltr'>πρὸς</span> <span class='ocrx_word' id='word_1_242' title='bbox 1237 2032 1337 2097; x_wconf 83' lang='grc' dir='ltr'>τὰς</span> <span class='ocrx_word' id='word_1_243' title='bbox 1376 2034 1602 2105; x_wconf 86' lang='grc' dir='ltr'>Ἀθήνας</span> <span class='ocrx_word' id='word_1_244' title='bbox 1627 2075 1643 2102; x_wconf 88' lang='grc'><strong><em>,</em></strong></span> <span class='ocrx_word' id='word_1_245' title='bbox 1677 2038 1802 2092; x_wconf 84' lang='grc' dir='ltr'>τοῦ·</span> 
     </span>
    </p>
   </div>
   <div class='ocr_carea' id='block_1_37' title="bbox 205 2113 1805 2185">
    <p class='ocr_par' dir='ltr' id='par_1_37' title="bbox 205 2113 1805 2185">
     <span class='ocr_line' id='line_1_38' title="bbox 205 2113 1805 2185; baseline 0.01 -21"><span class='ocrx_word' id='word_1_246' title='bbox 205 2128 306 2166; x_wconf 78' lang='grc' dir='ltr'><strong>τον</strong></span> <span class='ocrx_word' id='word_1_247' title='bbox 325 2113 536 2179; x_wconf 85' lang='grc' dir='ltr'>ἐκεῖνος</span> <span class='ocrx_word' id='word_1_248' title='bbox 558 2116 890 2183; x_wconf 78' lang='grc' dir='ltr'>ἀποκτείνας</span> <span class='ocrx_word' id='word_1_249' title='bbox 909 2160 925 2185; x_wconf 93' lang='grc'>,</span> <span class='ocrx_word' id='word_1_250' title='bbox 947 2120 1044 2175; x_wconf 81' lang='grc' dir='ltr'>καὶ</span> <span class='ocrx_word' id='word_1_251' title='bbox 1068 2122 1168 2175; x_wconf 82' lang='grc' dir='ltr'><strong>ὅσα</strong></span> <span class='ocrx_word' id='word_1_252' title='bbox 1204 2122 1534 2178; x_wconf 84' lang='grc' dir='ltr'>ὑπελείπετο</span> <span class='ocrx_word' id='word_1_253' title='bbox 1548 2125 1594 2157; x_wconf 78' lang='grc'><strong>⁸⁸</strong></span> <span class='ocrx_word' id='word_1_254' title='bbox 1624 2125 1805 2180; x_wconf 87' lang='grc' dir='ltr'>λαϐὼν</span> 
     </span>
    </p>
   </div>
   <div class='ocr_carea' id='block_1_38' title="bbox 207 2205 1803 2291">
    <p class='ocr_par' dir='ltr' id='par_1_38' title="bbox 207 2205 1803 2291">
     <span class='ocr_line' id='line_1_39' title="bbox 207 2205 1803 2291; baseline -0.008 -17"><span class='ocrx_word' id='word_1_255' title='bbox 207 2205 485 2276; x_wconf 75' lang='grc' dir='ltr'><strong>Χρήματα</strong></span> <span class='ocrx_word' id='word_1_256' title='bbox 504 2246 521 2271; x_wconf 70' lang='grc' dir='ltr'><strong>ν</strong></span> <span class='ocrx_word' id='word_1_257' title='bbox 550 2208 745 2280; x_wconf 81' lang='grc' dir='ltr'>πρῶτα</span> <span class='ocrx_word' id='word_1_258' title='bbox 786 2210 888 2281; x_wconf 81' lang='grc' dir='ltr'>μὲν</span> <span class='ocrx_word' id='word_1_259' title='bbox 925 2211 1021 2265; x_wconf 77' lang='grc' dir='ltr'>ἐπὶ</span> <span class='ocrx_word' id='word_1_260' title='bbox 1053 2214 1341 2279; x_wconf 82' lang='grc' dir='ltr'>Κυδωνίας</span> <span class='ocrx_word' id='word_1_261' title='bbox 1359 2216 1404 2249; x_wconf 79' lang='grc'><strong>⁸⁸</strong></span> <span class='ocrx_word' id='word_1_262' title='bbox 1426 2216 1525 2287; x_wconf 86' lang='grc' dir='ltr'>τῆς</span> <span class='ocrx_word' id='word_1_263' title='bbox 1554 2220 1614 2281; x_wconf 74' lang='grc' dir='ltr'><strong>ἐς</strong></span> <span class='ocrx_word' id='word_1_264' title='bbox 1650 2220 1803 2291; x_wconf 76' lang='grc' dir='ltr'>Κρή-</span> 
     </span>
    </p>
   </div>
   <div class='ocr_carea' id='block_1_39' title="bbox 207 2296 1804 2379">
    <p class='ocr_par' dir='ltr' id='par_1_39' title="bbox 207 2296 1804 2379">
     <span class='ocr_line' id='line_1_40' title="bbox 207 2296 1804 2379; baseline 0.01 -32"><span class='ocrx_word' id='word_1_265' title='bbox 207 2311 315 2365; x_wconf 84' lang='grc' dir='ltr'><strong>την</strong></span> <span class='ocrx_word' id='word_1_266' title='bbox 370 2296 615 2367; x_wconf 82' lang='grc' dir='ltr'>ἐστάλη,</span> <span class='ocrx_word' id='word_1_267' title='bbox 662 2298 815 2354; x_wconf 76' lang='grc' dir='ltr'>ἔνθεν</span> <span class='ocrx_word' id='word_1_268' title='bbox 840 2301 898 2354; x_wconf 81' lang='grc' dir='ltr'>δὲ</span> <span class='ocrx_word' id='word_1_269' title='bbox 927 2302 1044 2364; x_wconf 70' lang='grc' dir='ltr'>ἐςδτ</span> <span class='ocrx_word' id='word_1_270' title='bbox 1093 2305 1352 2376; x_wconf 78' lang='grc' dir='ltr'>Κυρήνην</span> <span class='ocrx_word' id='word_1_271' title='bbox 1400 2306 1615 2361; x_wconf 89' lang='grc' dir='ltr'>διέϐαλε</span> <span class='ocrx_word' id='word_1_272' title='bbox 1662 2310 1804 2379; x_wconf 89' lang='grc' dir='ltr'><strong>μετά</strong></span> 
     </span>
    </p>
   </div>
   <div class='ocr_carea' id='block_1_40' title="bbox 209 2390 1804 2470">
    <p class='ocr_par' dir='ltr' id='par_1_40' title="bbox 209 2390 1804 2470">
     <span class='ocr_line' id='line_1_41' title="bbox 209 2390 1804 2470; baseline 0.009 -30"><span class='ocrx_word' id='word_1_273' title='bbox 209 2390 486 2457; x_wconf 80' lang='grc' dir='ltr'>στρατιᾶς</span> <span class='ocrx_word' id='word_1_274' title='bbox 518 2391 600 2453; x_wconf 81' lang='grc' dir='ltr'><strong>είς</strong></span> <span class='ocrx_word' id='word_1_275' title='bbox 640 2391 1042 2464; x_wconf 79' lang='grc' dir='ltr'>ἑξακισχιλίους</span> <span class='ocrx_word' id='word_1_276' title='bbox 1078 2396 1476 2468; x_wconf 87' lang='grc' dir='ltr'>συντελούσης·</span> <span class='ocrx_word' id='word_1_277' title='bbox 1511 2399 1719 2470; x_wconf 81' lang='grc' dir='ltr'>ἐπῆγον</span> <span class='ocrx_word' id='word_1_278' title='bbox 1746 2401 1804 2454; x_wconf 82' lang='grc' dir='ltr'>δὲ</span> 
     </span>
    </p>
   </div>
   <div class='ocr_carea' id='block_1_41' title="bbox 207 2479 1805 2559">
    <p class='ocr_par' dir='ltr' id='par_1_41' title="bbox 207 2479 1805 2559">
     <span class='ocr_line' id='line_1_42' title="bbox 207 2479 1805 2559; baseline 0.009 -28"><span class='ocrx_word' id='word_1_279' title='bbox 207 2479 383 2533; x_wconf 65' lang='grc' dir='ltr'>αὑτὸν</span> <span class='ocrx_word' id='word_1_280' title='bbox 404 2480 519 2534; x_wconf 84' lang='grc' dir='ltr'><strong>τῶν</strong></span> <span class='ocrx_word' id='word_1_281' title='bbox 544 2482 611 2536; x_wconf 82' lang='grc' dir='ltr'><strong>ἐκ</strong></span> <span class='ocrx_word' id='word_1_282' title='bbox 640 2483 1031 2556; x_wconf 53' lang='grc' dir='ltr'><strong>Κυρήνεηςςκα)⁸</strong></span> <span class='ocrx_word' id='word_1_283' title='bbox 1055 2488 1319 2557; x_wconf 86' lang='grc' dir='ltr'>Βαρκέων</span> <span class='ocrx_word' id='word_1_284' title='bbox 1341 2489 1392 2542; x_wconf 84' lang='grc' dir='ltr'><strong>οί</strong></span> <span class='ocrx_word' id='word_1_285' title='bbox 1425 2491 1683 2559; x_wconf 80' lang='grc' dir='ltr'>φυγάδες.</span> <span class='ocrx_word' id='word_1_286' title='bbox 1715 2494 1805 2547; x_wconf 88' lang='grc' dir='ltr'><strong>Ἐν</strong></span> 
     </span>
    </p>
   </div>
   <div class='ocr_carea' id='block_1_42' title="bbox 209 2565 1805 2649">
    <p class='ocr_par' dir='ltr' id='par_1_42' title="bbox 209 2565 1805 2649">
     <span class='ocr_line' id='line_1_43' title="bbox 209 2565 1805 2649; baseline 0.008 -24"><span class='ocrx_word' id='word_1_287' title='bbox 209 2565 295 2633; x_wconf 75' lang='grc' dir='ltr'><strong>οἷς</strong></span> <span class='ocrx_word' id='word_1_288' title='bbox 326 2572 559 2636; x_wconf 84' lang='grc' dir='ltr'>πολλαῖς</span> <span class='ocrx_word' id='word_1_289' title='bbox 586 2575 685 2642; x_wconf 74' lang='grc' dir='ltr'>μὲν</span> <span class='ocrx_word' id='word_1_290' title='bbox 710 2576 1168 2649; x_wconf 81' lang='grc' dir='ltr'>μάχαις,πολλαῖς</span> <span class='ocrx_word' id='word_1_291' title='bbox 1188 2579 1247 2634; x_wconf 81' lang='grc' dir='ltr'>δὲ</span> <span class='ocrx_word' id='word_1_292' title='bbox 1272 2580 1585 2645; x_wconf 82' lang='grc' dir='ltr'>ἐπιϐουλαῖς</span> <span class='ocrx_word' id='word_1_293' title='bbox 1614 2583 1805 2638; x_wconf 84' lang='grc' dir='ltr'>ἄλλοτε</span> 
     </span>
    </p>
   </div>
   <div class='ocr_carea' id='block_1_43' title="bbox 212 2663 1805 2742">
    <p class='ocr_par' dir='ltr' id='par_1_43' title="bbox 212 2663 1805 2742">
     <span class='ocr_line' id='line_1_44' title="bbox 212 2663 1805 2742; baseline 0.008 -27"><span class='ocrx_word' id='word_1_294' title='bbox 212 2663 318 2732; x_wconf 73' lang='grc' dir='ltr'>μὲν</span> <span class='ocrx_word' id='word_1_295' title='bbox 376 2664 638 2734; x_wconf 86' lang='grc' dir='ltr'>κρατῶν,</span> <span class='ocrx_word' id='word_1_296' title='bbox 690 2666 863 2721; x_wconf 89' lang='grc' dir='ltr'>ἐνίοτε</span> <span class='ocrx_word' id='word_1_297' title='bbox 910 2668 968 2723; x_wconf 87' lang='grc' dir='ltr'>δὲ</span> <span class='ocrx_word' id='word_1_298' title='bbox 985 2671 1334 2741; x_wconf 78' lang='grc' dir='ltr'>ἡττώμενος,</span> <span class='ocrx_word' id='word_1_299' title='bbox 1385 2671 1539 2737; x_wconf 84' lang='grc' dir='ltr'>τέλος</span> <span class='ocrx_word' id='word_1_300' title='bbox 1585 2673 1805 2742; x_wconf 82' lang='grc' dir='ltr'>φεύγων</span> 
     </span>
    </p>
   </div>
   <div class='ocr_carea' id='block_1_44' title="bbox 210 2754 1804 2835">
    <p class='ocr_par' dir='ltr' id='par_1_44' title="bbox 210 2754 1804 2835">
     <span class='ocr_line' id='line_1_45' title="bbox 210 2754 1804 2835; baseline 0.006 -26"><span class='ocrx_word' id='word_1_301' title='bbox 210 2754 382 2827; x_wconf 68' lang='grc'><strong>[125</strong></span> <span class='ocrx_word' id='word_1_302' title='bbox 432 2756 546 2829; x_wconf 81' lang='lat' dir='ltr'><strong>H.]</strong></span> <span class='ocrx_word' id='word_1_303' title='bbox 578 2759 684 2812; x_wconf 77' lang='grc' dir='ltr'><strong>ὑπὸ</strong></span> <span class='ocrx_word' id='word_1_304' title='bbox 708 2759 926 2815; x_wconf 84' lang='grc' dir='ltr'>Λιϐύων</span> <span class='ocrx_word' id='word_1_305' title='bbox 981 2762 1146 2816; x_wconf 87' lang='grc' dir='ltr'>τινῶν</span> <span class='ocrx_word' id='word_1_306' title='bbox 1198 2764 1503 2835; x_wconf 84' lang='grc' dir='ltr'>συνωρίδας</span> <span class='ocrx_word' id='word_1_307' title='bbox 1557 2766 1804 2834; x_wconf 83' lang='grc' dir='ltr'>ἀγόντων</span> 
     </span>
    </p>
   </div>
   <div class='ocr_carea' id='block_1_45' title="bbox 212 2848 1804 2924">
    <p class='ocr_par' dir='ltr' id='par_1_45' title="bbox 212 2848 1804 2924">
     <span class='ocr_line' id='line_1_46' title="bbox 212 2848 1804 2924; baseline 0.006 -24"><span class='ocrx_word' id='word_1_308' title='bbox 212 2848 533 2920; x_wconf 83' lang='grc' dir='ltr'>συνελήφθη</span> <span class='ocrx_word' id='word_1_309' title='bbox 560 2890 577 2915; x_wconf 90' lang='grc'><strong><em>,</em></strong></span> <span class='ocrx_word' id='word_1_310' title='bbox 608 2851 705 2905; x_wconf 75' lang='grc' dir='ltr'>καὶ</span> <span class='ocrx_word' id='word_1_311' title='bbox 737 2852 869 2923; x_wconf 88' lang='grc' dir='ltr'>παρ’</span> <span class='ocrx_word' id='word_1_312' title='bbox 909 2852 1203 2924; x_wconf 85' lang='grc' dir='ltr'>Ἐπικύδην</span> <span class='ocrx_word' id='word_1_313' title='bbox 1243 2854 1437 2923; x_wconf 79' lang='grc' dir='ltr'>ἄγεται</span> <span class='ocrx_word' id='word_1_314' title='bbox 1483 2855 1577 2910; x_wconf 83' lang='grc' dir='ltr'>τὸν</span> <span class='ocrx_word' id='word_1_315' title='bbox 1622 2856 1804 2910; x_wconf 87' lang='grc' dir='ltr'>Ὀλύν-</span> 
     </span>
    </p>
   </div>
   <div class='ocr_carea' id='block_1_46' title="bbox 212 2937 1803 3019">
    <p class='ocr_par' dir='ltr' id='par_1_46' title="bbox 212 2937 1803 3019">
     <span class='ocr_line' id='line_1_47' title="bbox 212 2937 1803 3019; baseline 0.007 -26"><span class='ocrx_word' id='word_1_316' title='bbox 212 2939 331 2995; x_wconf 79' lang='grc' dir='ltr'>θιον</span> <span class='ocrx_word' id='word_1_317' title='bbox 377 2942 461 3007; x_wconf 85' lang='grc' dir='ltr'><strong>είς</strong></span> <span class='ocrx_word' id='word_1_318' title='bbox 517 2941 825 3016; x_wconf 85' lang='grc' dir='ltr'>Τεύχειρα,</span> <span class='ocrx_word' id='word_1_319' title='bbox 873 2937 918 3013; x_wconf 82' lang='grc' dir='ltr'>ᾧ</span> <span class='ocrx_word' id='word_1_320' title='bbox 946 2946 1045 3016; x_wconf 83' lang='grc' dir='ltr'>τὴν</span> <span class='ocrx_word' id='word_1_321' title='bbox 1080 2946 1238 3001; x_wconf 83' lang='grc' dir='ltr'>πόλιν</span> <span class='ocrx_word' id='word_1_322' title='bbox 1278 2947 1496 3019; x_wconf 88' lang='grc' dir='ltr'>ἐκείνην</span> <span class='ocrx_word' id='word_1_323' title='bbox 1539 2949 1803 3019; x_wconf 86' lang='grc' dir='ltr'>Ὀφελλάς</span> 
     </span>
    </p>
   </div>
   <div class='ocr_carea' id='block_1_47' title="bbox 210 3035 1802 3114">
    <p class='ocr_par' dir='ltr' id='par_1_47' title="bbox 210 3035 1802 3114">
     <span class='ocr_line' id='line_1_48' title="bbox 210 3035 1802 3114; baseline 0.005 -26"><span class='ocrx_word' id='word_1_324' title='bbox 210 3035 580 3107; x_wconf 74' lang='grc' dir='ltr'>ἐπετετρόφει</span> <span class='ocrx_word' id='word_1_325' title='bbox 602 3078 619 3103; x_wconf 86' lang='lat'><strong>,</strong></span> <span class='ocrx_word' id='word_1_326' title='bbox 670 3036 810 3107; x_wconf 76' lang='grc' dir='ltr'>ἀνὴρ</span> <span class='ocrx_word' id='word_1_327' title='bbox 847 3038 1115 3092; x_wconf 79' lang='grc' dir='ltr'>Μακεδὼν</span> <span class='ocrx_word' id='word_1_328' title='bbox 1136 3079 1151 3105; x_wconf 92' lang='grc'><em>,</em></span> <span class='ocrx_word' id='word_1_329' title='bbox 1202 3040 1262 3101; x_wconf 81' lang='grc' dir='ltr'>ὃς</span> <span class='ocrx_word' id='word_1_330' title='bbox 1312 3040 1420 3094; x_wconf 78' lang='grc' dir='ltr'><strong>ὑπὸ</strong></span> <span class='ocrx_word' id='word_1_331' title='bbox 1460 3038 1802 3114; x_wconf 84' lang='grc' dir='ltr'>Πτολεμαίου</span> 
     </span>
    </p>
   </div>
   <div class='ocr_carea' id='block_1_48' title="bbox 212 3128 1802 3207">
    <p class='ocr_par' dir='ltr' id='par_1_48' title="bbox 212 3128 1802 3207">
     <span class='ocr_line' id='line_1_49' title="bbox 212 3128 1802 3207; baseline 0.004 -25"><span class='ocrx_word' id='word_1_332' title='bbox 212 3128 309 3183; x_wconf 82' lang='grc' dir='ltr'>τοῦ</span> <span class='ocrx_word' id='word_1_333' title='bbox 348 3128 539 3198; x_wconf 74' lang='grc' dir='ltr'>Λάγου</span> <span class='ocrx_word' id='word_1_334' title='bbox 588 3130 683 3183; x_wconf 77' lang='grc' dir='ltr'>ἐπὶ</span> <span class='ocrx_word' id='word_1_335' title='bbox 735 3128 958 3202; x_wconf 81' lang='grc' dir='ltr'>βοηθείᾳ</span> <span class='ocrx_word' id='word_1_336' title='bbox 1005 3130 1115 3185; x_wconf 86' lang='grc' dir='ltr'>τῶν</span> <span class='ocrx_word' id='word_1_337' title='bbox 1162 3133 1490 3204; x_wconf 83' lang='grc' dir='ltr'>Κυρηναίων</span> <span class='ocrx_word' id='word_1_338' title='bbox 1535 3135 1802 3207; x_wconf 84' lang='grc' dir='ltr'>ἐτύγχανε</span> 
     </span>
    </p>
   </div>
   <div class='ocr_carea' id='block_1_49' title="bbox 219 3218 1803 3297">
    <p class='ocr_par' dir='ltr' id='par_1_49' title="bbox 219 3218 1803 3297">
     <span class='ocr_line' id='line_1_50' title="bbox 219 3218 1803 3297; baseline 0.004 -24"><span class='ocrx_word' id='word_1_339' title='bbox 219 3220 465 3284; x_wconf 81' lang='grc' dir='ltr'>σταλείς.</span> <span class='ocrx_word' id='word_1_340' title='bbox 492 3222 557 3274; x_wconf 79' lang='grc' dir='ltr'>υἱ</span> <span class='ocrx_word' id='word_1_341' title='bbox 584 3221 644 3275; x_wconf 79' lang='grc' dir='ltr'>δὲ</span> <span class='ocrx_word' id='word_1_342' title='bbox 668 3218 1076 3292; x_wconf 83' lang='grc' dir='ltr'>Τευχειρῐται⁸⁸</span> <span class='ocrx_word' id='word_1_343' title='bbox 1101 3262 1117 3286; x_wconf 86' lang='grc'><em>,</em></span> <span class='ocrx_word' id='word_1_344' title='bbox 1159 3224 1395 3293; x_wconf 83' lang='grc' dir='ltr'>Ὀφελλᾶ</span> <span class='ocrx_word' id='word_1_345' title='bbox 1425 3225 1523 3297; x_wconf 86' lang='grc' dir='ltr'>τὴν</span> <span class='ocrx_word' id='word_1_346' title='bbox 1551 3225 1803 3289; x_wconf 80' lang='grc' dir='ltr'>ἐξουσίαν</span> 
     </span>
    </p>
   </div>
   <div class='ocr_carea' id='block_1_50' title="bbox 212 3309 1803 3386">
    <p class='ocr_par' dir='ltr' id='par_1_50' title="bbox 212 3309 1803 3386">
     <span class='ocr_line' id='line_1_51' title="bbox 212 3309 1803 3386; baseline 0.004 -24"><span class='ocrx_word' id='word_1_347' title='bbox 212 3309 399 3374; x_wconf 84' lang='grc' dir='ltr'>δόντος</span> <span class='ocrx_word' id='word_1_348' title='bbox 422 3352 439 3377; x_wconf 86' lang='grc'><em>,</em></span> <span class='ocrx_word' id='word_1_349' title='bbox 469 3310 733 3381; x_wconf 75' lang='grc' dir='ltr'>ᾐκίσαντό</span> <span class='ocrx_word' id='word_1_350' title='bbox 764 3329 825 3365; x_wconf 88' lang='grc' dir='ltr'>τε</span> <span class='ocrx_word' id='word_1_351' title='bbox 862 3312 956 3367; x_wconf 77' lang='grc' dir='ltr'><strong>τὸν</strong></span> <span class='ocrx_word' id='word_1_352' title='bbox 985 3312 1241 3386; x_wconf 85' lang='grc' dir='ltr'>Θίϐρωνα</span> <span class='ocrx_word' id='word_1_353' title='bbox 1297 3314 1395 3368; x_wconf 80' lang='grc' dir='ltr'>καὶ</span> <span class='ocrx_word' id='word_1_354' title='bbox 1423 3317 1504 3379; x_wconf 83' lang='grc' dir='ltr'><strong>είς</strong></span> <span class='ocrx_word' id='word_1_355' title='bbox 1556 3316 1648 3369; x_wconf 83' lang='grc' dir='ltr'>τὸν</span> <span class='ocrx_word' id='word_1_356' title='bbox 1693 3315 1803 3370; x_wconf 85' lang='grc' dir='ltr'><strong>τῶν</strong></span> 
     </span>
    </p>
   </div>
   <div class='ocr_carea' id='block_1_51' title="bbox 213 3402 1804 3477">
    <p class='ocr_par' dir='ltr' id='par_1_51' title="bbox 213 3402 1804 3477">
     <span class='ocr_line' id='line_1_52' title="bbox 213 3402 1804 3477; baseline 0.004 -22"><span class='ocrx_word' id='word_1_357' title='bbox 213 3402 553 3472; x_wconf 75' lang='grc' dir='ltr'>Κυρηναίων</span> <span class='ocrx_word' id='word_1_358' title='bbox 594 3402 847 3473; x_wconf 71' lang='grc' dir='ltr'>ἔπεμψαν</span> <span class='ocrx_word' id='word_1_359' title='bbox 884 3405 1265 3477; x_wconf 82' lang='grc' dir='ltr'>κρεμασθῆναι</span> <span class='ocrx_word' id='word_1_360' title='bbox 1317 3407 1536 3476; x_wconf 85' lang='grc' dir='ltr'>λιμένα.</span> <span class='ocrx_word' id='word_1_361' title='bbox 1590 3408 1714 3463; x_wconf 85' lang='grc' dir='ltr'>Ἔτι</span> <span class='ocrx_word' id='word_1_362' title='bbox 1746 3408 1804 3462; x_wconf 83' lang='grc' dir='ltr'>δὲ</span> 
     </span>
    </p>
   </div>
   <div class='ocr_carea' id='block_1_52' title="bbox 210 3492 1805 3568">
    <p class='ocr_par' dir='ltr' id='par_1_52' title="bbox 210 3492 1805 3568">
     <span class='ocr_line' id='line_1_53' title="bbox 210 3492 1805 3568; baseline 0.005 -24"><span class='ocrx_word' id='word_1_363' title='bbox 210 3492 325 3546; x_wconf 77' lang='grc' dir='ltr'><strong>τῶν</strong></span> <span class='ocrx_word' id='word_1_364' title='bbox 355 3492 489 3564; x_wconf 74' lang='grc' dir='ltr'>περὶ</span> <span class='ocrx_word' id='word_1_365' title='bbox 524 3494 789 3565; x_wconf 85' lang='grc' dir='ltr'>Κυρήνην</span> <span class='ocrx_word' id='word_1_366' title='bbox 819 3496 1223 3562; x_wconf 79' lang='grc' dir='ltr'>στασιαζόντων</span> <span class='ocrx_word' id='word_1_367' title='bbox 1264 3497 1598 3568; x_wconf 85' lang='grc' dir='ltr'>Πτολεμαῖος</span> <span class='ocrx_word' id='word_1_368' title='bbox 1645 3497 1805 3552; x_wconf 89' lang='grc' dir='ltr'>ἐπελ-</span> 
     </span>
    </p>
   </div>
   <div class='ocr_carea' id='block_1_53' title="bbox 214 3581 1765 3659">
    <p class='ocr_par' dir='ltr' id='par_1_53' title="bbox 214 3581 1765 3659">
     <span class='ocr_line' id='line_1_54' title="bbox 214 3581 1765 3659; baseline 0.006 -24"><span class='ocrx_word' id='word_1_369' title='bbox 214 3581 327 3636; x_wconf 79' lang='grc' dir='ltr'>θὼν</span> <span class='ocrx_word' id='word_1_370' title='bbox 355 3584 453 3637; x_wconf 76' lang='grc' dir='ltr'>καὶ</span> <span class='ocrx_word' id='word_1_371' title='bbox 486 3584 670 3639; x_wconf 85' lang='grc' dir='ltr'>πάντα</span> <span class='ocrx_word' id='word_1_372' title='bbox 692 3588 1178 3659; x_wconf 81' lang='grc' dir='ltr'>καταστησάμενος</span> <span class='ocrx_word' id='word_1_373' title='bbox 1210 3589 1387 3644; x_wconf 86' lang='grc' dir='ltr'>ὀπίσω</span> <span class='ocrx_word' id='word_1_374' title='bbox 1430 3590 1765 3646; x_wconf 87' lang='grc' dir='ltr'>ἀπέπλευσε.</span> 
     </span>
    </p>
   </div>
   <div class='ocr_carea' id='block_1_54' title="bbox 287 3674 1805 3753">
    <p class='ocr_par' dir='ltr' id='par_1_54' title="bbox 287 3674 1805 3753">
     <span class='ocr_line' id='line_1_55' title="bbox 287 3674 1805 3753; baseline 0.005 -25"><span class='ocrx_word' id='word_1_375' title='bbox 287 3674 600 3745; x_wconf 84' lang='grc' dir='ltr'>Περδίκκας</span> <span class='ocrx_word' id='word_1_376' title='bbox 622 3676 681 3730; x_wconf 85' lang='grc' dir='ltr'>δὲ</span> <span class='ocrx_word' id='word_1_377' title='bbox 715 3678 1007 3750; x_wconf 76' lang='grc' dir='ltr'>’Δντιγόνῳ</span> <span class='ocrx_word' id='word_1_378' title='bbox 1034 3678 1404 3734; x_wconf 83' lang='grc' dir='ltr'>ἐπιϐουλεύων</span> <span class='ocrx_word' id='word_1_379' title='bbox 1435 3681 1516 3744; x_wconf 89' lang='grc' dir='ltr'><strong>είς</strong></span> <span class='ocrx_word' id='word_1_380' title='bbox 1545 3680 1805 3753; x_wconf 88' lang='grc' dir='ltr'>δικαστή-</span> 
     </span>
    </p>
   </div>
   <div class='ocr_carea' id='block_1_55' title="bbox 216 3765 1806 3845">
    <p class='ocr_par' dir='ltr' id='par_1_55' title="bbox 216 3765 1806 3845">
     <span class='ocr_line' id='line_1_56' title="bbox 216 3765 1806 3845; baseline 0.007 -29"><span class='ocrx_word' id='word_1_381' title='bbox 216 3780 336 3834; x_wconf 85' lang='grc' dir='ltr'>ριον</span> <span class='ocrx_word' id='word_1_382' title='bbox 370 3765 556 3819; x_wconf 76' lang='grc' dir='ltr'>ἐκάλει</span> <span class='ocrx_word' id='word_1_383' title='bbox 580 3783 596 3799; x_wconf 86' lang='grc'><strong>·</strong></span> <span class='ocrx_word' id='word_1_384' title='bbox 624 3769 654 3820; x_wconf 91' lang='lat'><strong>6</strong></span> <span class='ocrx_word' id='word_1_385' title='bbox 680 3768 737 3821; x_wconf 87' lang='grc' dir='ltr'><strong>δέ</strong></span> <span class='ocrx_word' id='word_1_386' title='bbox 761 3767 917 3835; x_wconf 75' lang='grc' dir='ltr'>εἰδὼς</span> <span class='ocrx_word' id='word_1_387' title='bbox 938 3769 1387 3825; x_wconf 86' lang='grc' dir='ltr'>ἐπιϐουλεύεσθαι</span> <span class='ocrx_word' id='word_1_388' title='bbox 1406 3770 1534 3843; x_wconf 73' lang='lat'><strong>[220</strong></span> <span class='ocrx_word' id='word_1_389' title='bbox 1561 3771 1654 3845; x_wconf 81' lang='lat' dir='ltr'><strong>R.]</strong></span> <span class='ocrx_word' id='word_1_390' title='bbox 1682 3771 1806 3826; x_wconf 77' lang='grc' dir='ltr'>οὗτε</span> 
     </span>
    </p>
   </div>
   <div class='ocr_carea' id='block_1_56' title="bbox 216 3856 1808 3936">
    <p class='ocr_par' dir='ltr' id='par_1_56' title="bbox 216 3856 1808 3936">
     <span class='ocr_line' id='line_1_57' title="bbox 216 3856 1808 3936; baseline 0.007 -28"><span class='ocrx_word' id='word_1_391' title='bbox 216 3856 504 3926; x_wconf 78' lang='grc' dir='ltr'>ὑπήκουσε</span> <span class='ocrx_word' id='word_1_392' title='bbox 527 3896 544 3922; x_wconf 91' lang='grc'><strong>,</strong></span> <span class='ocrx_word' id='word_1_393' title='bbox 577 3858 672 3913; x_wconf 75' lang='grc' dir='ltr'><strong>καὶ</strong></span> <span class='ocrx_word' id='word_1_394' title='bbox 692 3861 774 3923; x_wconf 82' lang='grc' dir='ltr'>εἰς</span> <span class='ocrx_word' id='word_1_395' title='bbox 799 3860 1001 3933; x_wconf 74' lang='grc' dir='ltr'>ἔχθραν</span> <span class='ocrx_word' id='word_1_396' title='bbox 1028 3862 1281 3935; x_wconf 85' lang='grc' dir='ltr'>ἀλλήλοις</span> <span class='ocrx_word' id='word_1_397' title='bbox 1310 3863 1672 3936; x_wconf 82' lang='grc' dir='ltr'>κατέστησαν.</span> <span class='ocrx_word' id='word_1_398' title='bbox 1717 3865 1808 3919; x_wconf 84' lang='grc' dir='ltr'><strong>Ἑν</strong></span> 
     </span>
    </p>
   </div>
   <div class='ocr_carea' id='block_1_57' title="bbox 211 3946 1808 4027">
    <p class='ocr_par' dir='ltr' id='par_1_57' title="bbox 211 3946 1808 4027">
     <span class='ocr_line' id='line_1_58' title="bbox 211 3946 1808 4027; baseline 0.006 -28"><span class='ocrx_word' id='word_1_399' title='bbox 211 3946 401 4017; x_wconf 83' lang='grc' dir='ltr'>τούτῳ</span> <span class='ocrx_word' id='word_1_400' title='bbox 438 3948 497 4002; x_wconf 88' lang='grc' dir='ltr'><strong>δέ</strong></span> <span class='ocrx_word' id='word_1_401' title='bbox 530 3950 685 4020; x_wconf 88' lang='grc' dir='ltr'><strong>παρά</strong></span> <span class='ocrx_word' id='word_1_402' title='bbox 715 3951 809 4004; x_wconf 83' lang='grc' dir='ltr'><strong>τὸν</strong></span> <span class='ocrx_word' id='word_1_403' title='bbox 849 3951 1158 4022; x_wconf 83' lang='grc' dir='ltr'>Περδίκκαν</span> <span class='ocrx_word' id='word_1_404' title='bbox 1199 3955 1266 4007; x_wconf 89' lang='grc' dir='ltr'><strong>ἐκ</strong></span> <span class='ocrx_word' id='word_1_405' title='bbox 1306 3954 1647 4018; x_wconf 86' lang='grc' dir='ltr'>Μακεδονίας</span> <span class='ocrx_word' id='word_1_406' title='bbox 1673 3951 1808 4027; x_wconf 82' lang='grc' dir='ltr'>ἧκον</span> 
     </span>
    </p>
   </div>
   <div class='ocr_carea' id='block_1_58' title="bbox 227 4034 1808 4117">
    <p class='ocr_par' dir='ltr' id='par_1_58' title="bbox 227 4034 1808 4117">
     <span class='ocr_line' id='line_1_59' title="bbox 227 4034 1808 4117; baseline 0.008 -32"><span class='ocrx_word' id='word_1_407' title='bbox 227 4034 435 4099; x_wconf 83' lang='grc' dir='ltr'>Ἰὸλλας</span> <span class='ocrx_word' id='word_1_408' title='bbox 473 4053 537 4089; x_wconf 86' lang='grc' dir='ltr'>τε</span> <span class='ocrx_word' id='word_1_409' title='bbox 587 4038 683 4091; x_wconf 76' lang='grc' dir='ltr'>καὶ</span> <span class='ocrx_word' id='word_1_410' title='bbox 742 4039 968 4111; x_wconf 74' lang='grc' dir='ltr'>’Δρχίας</span> <span class='ocrx_word' id='word_1_411' title='bbox 990 4078 1009 4107; x_wconf 85' lang='grc'><em>,</em></span> <span class='ocrx_word' id='word_1_412' title='bbox 1042 4041 1269 4110; x_wconf 79' lang='grc' dir='ltr'>ἄγοντες</span> <span class='ocrx_word' id='word_1_413' title='bbox 1306 4042 1461 4114; x_wconf 84' lang='grc' dir='ltr'>αύτῷ</span> <span class='ocrx_word' id='word_1_414' title='bbox 1491 4044 1589 4117; x_wconf 80' lang='grc' dir='ltr'><strong>τήν</strong></span> <span class='ocrx_word' id='word_1_415' title='bbox 1632 4046 1808 4099; x_wconf 85' lang='grc' dir='ltr'>Ἀντι-</span> 
     </span>
    </p>
   </div>
   <div class='ocr_carea' id='block_1_59' title="bbox 215 4124 1810 4206">
    <p class='ocr_par' dir='ltr' id='par_1_59' title="bbox 215 4124 1810 4206">
     <span class='ocr_line' id='line_1_60' title="bbox 215 4124 1810 4206; baseline 0.008 -29"><span class='ocrx_word' id='word_1_416' title='bbox 215 4124 433 4197; x_wconf 74' lang='grc' dir='ltr'>πάτρου</span> <span class='ocrx_word' id='word_1_417' title='bbox 463 4127 632 4183; x_wconf 86' lang='grc' dir='ltr'>παῖδα</span> <span class='ocrx_word' id='word_1_418' title='bbox 663 4129 902 4185; x_wconf 83' lang='grc' dir='ltr'>Νίκαιαν</span> <span class='ocrx_word' id='word_1_419' title='bbox 950 4133 1033 4196; x_wconf 83' lang='grc' dir='ltr'><strong>είς</strong></span> <span class='ocrx_word' id='word_1_420' title='bbox 1078 4135 1344 4202; x_wconf 63' lang='grc' dir='ltr'>γυναῖκα.</span> <span class='ocrx_word' id='word_1_421' title='bbox 1379 4134 1539 4187; x_wconf 85' lang='grc' dir='ltr'>Ἀλλά</span> <span class='ocrx_word' id='word_1_422' title='bbox 1593 4152 1656 4206; x_wconf 87' lang='grc' dir='ltr'><strong>γε</strong></span> <span class='ocrx_word' id='word_1_423' title='bbox 1713 4137 1810 4191; x_wconf 76' lang='grc' dir='ltr'>καὶ</span> 
     </span>
    </p>
   </div>
   <div class='ocr_carea' id='block_1_60' title="bbox 228 4218 1810 4298">
    <p class='ocr_par' dir='ltr' id='par_1_60' title="bbox 228 4218 1810 4298">
     <span class='ocr_line' id='line_1_61' title="bbox 228 4218 1810 4298; baseline 0.009 -29"><span class='ocrx_word' id='word_1_424' title='bbox 228 4218 544 4289; x_wconf 81' lang='grc' dir='ltr'>Ὀλυμπιὰς</span> <span class='ocrx_word' id='word_1_425' title='bbox 572 4223 606 4293; x_wconf 91' lang='grc' dir='ltr'><strong>ή</strong></span> <span class='ocrx_word' id='word_1_426' title='bbox 648 4221 1004 4295; x_wconf 81' lang='grc' dir='ltr'>Ἀλεξάνδρου</span> <span class='ocrx_word' id='word_1_427' title='bbox 1040 4226 1225 4297; x_wconf 85' lang='grc' dir='ltr'>μήτηρ</span> <span class='ocrx_word' id='word_1_428' title='bbox 1247 4225 1462 4295; x_wconf 77' lang='grc' dir='ltr'>ἔπεμπε</span> <span class='ocrx_word' id='word_1_429' title='bbox 1492 4228 1621 4298; x_wconf 75' lang='grc' dir='ltr'>παρ’</span> <span class='ocrx_word' id='word_1_430' title='bbox 1647 4228 1810 4283; x_wconf 78' lang='grc' dir='ltr'>αὑτὸν</span> 
     </span>
    </p>
   </div>
   <div class='ocr_carea' id='block_1_61' title="bbox 215 4313 1810 4401">
    <p class='ocr_par' dir='ltr' id='par_1_61' title="bbox 215 4313 1810 4401">
     <span class='ocr_line' id='line_1_62' title="bbox 215 4313 1810 4401; baseline 0.009 -41"><span class='ocrx_word' id='word_1_431' title='bbox 215 4313 663 4384; x_wconf 81' lang='grc' dir='ltr'>κατεγγυωμένη</span> <span class='ocrx_word' id='word_1_432' title='bbox 695 4314 797 4384; x_wconf 86' lang='grc' dir='ltr'>τὴν</span> <span class='ocrx_word' id='word_1_433' title='bbox 824 4314 1101 4389; x_wconf 84' lang='grc' dir='ltr'>θυγατέρα</span> <span class='ocrx_word' id='word_1_434' title='bbox 1125 4316 1502 4401; x_wconf 77' lang='grc' dir='ltr'>Κλεοπάτραν.</span> <span class='ocrx_word' id='word_1_435' title='bbox 1528 4321 1637 4373; x_wconf 81' lang='grc' dir='ltr'><strong>Καὶ</strong></span> <span class='ocrx_word' id='word_1_436' title='bbox 1659 4322 1687 4374; x_wconf 93' lang='lat'><strong>6</strong></span> <span class='ocrx_word' id='word_1_437' title='bbox 1711 4320 1810 4392; x_wconf 82' lang='grc' dir='ltr'>μὲν</span> 
     </span>
    </p>
   </div>
   <div class='ocr_carea' id='block_1_62' title="bbox 216 4401 1810 4480">
    <p class='ocr_par' dir='ltr' id='par_1_62' title="bbox 216 4401 1810 4480">
     <span class='ocr_line' id='line_1_63' title="bbox 216 4401 1810 4480; baseline 0.008 -26"><span class='ocrx_word' id='word_1_438' title='bbox 216 4401 479 4473; x_wconf 81' lang='grc' dir='ltr'>Εὐμένης</span> <span class='ocrx_word' id='word_1_439' title='bbox 521 4404 552 4457; x_wconf 89' lang='lat'><strong>6</strong></span> <span class='ocrx_word' id='word_1_440' title='bbox 585 4405 892 4475; x_wconf 79' lang='grc' dir='ltr'>Καρδιανὸς</span> <span class='ocrx_word' id='word_1_441' title='bbox 922 4407 1310 4463; x_wconf 85' lang='grc' dir='ltr'>συνεϐούλευεν</span> <span class='ocrx_word' id='word_1_442' title='bbox 1355 4411 1510 4480; x_wconf 78' lang='grc' dir='ltr'>ἄγειν</span> <span class='ocrx_word' id='word_1_443' title='bbox 1558 4410 1810 4466; x_wconf 85' lang='grc' dir='ltr'>Κλεοπά-</span> 
     </span>
    </p>
   </div>
   <div class='ocr_carea' id='block_1_63' title="bbox 1906 1946 3489 2022">
    <p class='ocr_par' dir='ltr' id='par_1_63' title="bbox 1906 1946 3489 2022">
     <span class='ocr_line' id='line_1_64' title="bbox 1906 1946 3489 2022; baseline -0.001 -17"><span class='ocrx_word' id='word_1_444' title='bbox 1906 1950 2017 2006; x_wconf 93' lang='lat' dir='ltr'><strong>lum</strong></span> <span class='ocrx_word' id='word_1_445' title='bbox 2053 1951 2169 2022; x_wconf 89' lang='lat' dir='ltr'><strong>(qui</strong></span> <span class='ocrx_word' id='word_1_446' title='bbox 2201 1951 2495 2021; x_wconf 87' lang='lat' dir='ltr'><strong>superstite</strong></span> <span class='ocrx_word' id='word_1_447' title='bbox 2530 1950 2828 2006; x_wconf 89' lang='lat' dir='ltr'><strong>etiamnum</strong></span> <span class='ocrx_word' id='word_1_448' title='bbox 2867 1949 3175 2006; x_wconf 80' lang='lat' dir='ltr'><strong>Alexandro</strong></span> <span class='ocrx_word' id='word_1_449' title='bbox 3206 1962 3338 2018; x_wconf 91' lang='lat' dir='ltr'><strong>opes</strong></span> <span class='ocrx_word' id='word_1_450' title='bbox 3368 1946 3489 2017; x_wconf 88' lang='lat' dir='ltr'><strong>ejus</strong></span> 
     </span>
    </p>
   </div>
   <div class='ocr_carea' id='block_1_64' title="bbox 1905 2039 3487 2113">
    <p class='ocr_par' dir='ltr' id='par_1_64' title="bbox 1905 2039 3487 2113">
     <span class='ocr_line' id='line_1_65' title="bbox 1905 2039 3487 2113; baseline -0.004 -15"><span class='ocrx_word' id='word_1_451' title='bbox 1905 2042 2142 2108; x_wconf 84' lang='lat' dir='ltr'><strong>furatus,</strong></span> <span class='ocrx_word' id='word_1_452' title='bbox 2189 2043 2436 2099; x_wconf 82' lang='lat' dir='ltr'><strong>Athenas</strong></span> <span class='ocrx_word' id='word_1_453' title='bbox 2483 2056 2543 2097; x_wconf 85' lang='lat' dir='ltr'><strong>se</strong></span> <span class='ocrx_word' id='word_1_454' title='bbox 2590 2039 2896 2112; x_wconf 88' lang='lat' dir='ltr'><strong>receperat)</strong></span> <span class='ocrx_word' id='word_1_455' title='bbox 2946 2040 3223 2096; x_wconf 78' lang='lat' dir='ltr'><strong>interemit</strong></span> <span class='ocrx_word' id='word_1_456' title='bbox 3259 2039 3397 2113; x_wconf 78' lang='grc'><strong>(41),</strong></span> <span class='ocrx_word' id='word_1_457' title='bbox 3428 2049 3487 2094; x_wconf 90' lang='lat' dir='ltr'><strong>et</strong></span> 
     </span>
    </p>
   </div>
   <div class='ocr_carea' id='block_1_65' title="bbox 1906 2132 3488 2204">
    <p class='ocr_par' dir='ltr' id='par_1_65' title="bbox 1906 2132 3488 2204">
     <span class='ocr_line' id='line_1_66' title="bbox 1906 2132 3488 2204; baseline -0.002 -14"><span class='ocrx_word' id='word_1_458' title='bbox 1906 2134 2123 2190; x_wconf 86' lang='lat' dir='ltr'><strong>sublato</strong></span> <span class='ocrx_word' id='word_1_459' title='bbox 2169 2133 2434 2204; x_wconf 89' lang='lat' dir='ltr'><strong>quidquid</strong></span> <span class='ocrx_word' id='word_1_460' title='bbox 2491 2132 2569 2187; x_wconf 90' lang='lat' dir='ltr'><strong>illi</strong></span> <span class='ocrx_word' id='word_1_461' title='bbox 2620 2132 2974 2202; x_wconf 89' lang='lat' dir='ltr'><strong>pecuniarum</strong></span> <span class='ocrx_word' id='word_1_462' title='bbox 3038 2133 3305 2202; x_wconf 90' lang='lat' dir='ltr'><strong>reliquum</strong></span> <span class='ocrx_word' id='word_1_463' title='bbox 3337 2142 3488 2201; x_wconf 74' lang='lat' dir='ltr'><strong>erat,</strong></span> 
     </span>
    </p>
   </div>
   <div class='ocr_carea' id='block_1_66' title="bbox 1906 2223 3486 2297">
    <p class='ocr_par' dir='ltr' id='par_1_66' title="bbox 1906 2223 3486 2297">
     <span class='ocr_line' id='line_1_67' title="bbox 1906 2223 3486 2297; baseline 0 -17"><span class='ocrx_word' id='word_1_464' title='bbox 1906 2227 2141 2297; x_wconf 90' lang='lat' dir='ltr'><strong>primum</strong></span> <span class='ocrx_word' id='word_1_465' title='bbox 2183 2225 2400 2295; x_wconf 89' lang='lat' dir='ltr'><strong>quidem</strong></span> <span class='ocrx_word' id='word_1_466' title='bbox 2441 2226 2494 2279; x_wconf 86' lang='lat' dir='ltr'><strong>in</strong></span> <span class='ocrx_word' id='word_1_467' title='bbox 2530 2224 2830 2296; x_wconf 85' lang='lat' dir='ltr'><strong>Cydoniam</strong></span> <span class='ocrx_word' id='word_1_468' title='bbox 2858 2223 3033 2280; x_wconf 61' lang='lat' dir='ltr'><strong>Cretas</strong></span> <span class='ocrx_word' id='word_1_469' title='bbox 3064 2226 3254 2279; x_wconf 84' lang='lat' dir='ltr'><strong>urbem</strong></span> <span class='ocrx_word' id='word_1_470' title='bbox 3292 2226 3439 2280; x_wconf 87' lang='lat' dir='ltr'><strong>venit</strong></span> <span class='ocrx_word' id='word_1_471' title='bbox 3470 2243 3486 2280; x_wconf 92' lang='lat'><strong>:</strong></span> 
     </span>
    </p>
   </div>
   <div class='ocr_carea' id='block_1_67' title="bbox 1907 2311 3486 2389">
    <p class='ocr_par' dir='ltr' id='par_1_67' title="bbox 1907 2311 3486 2389">
     <span class='ocr_line' id='line_1_68' title="bbox 1907 2311 3486 2389; baseline -0.001 -19"><span class='ocrx_word' id='word_1_472' title='bbox 1907 2316 2002 2370; x_wconf 87' lang='lat' dir='ltr'><strong>sed</strong></span> <span class='ocrx_word' id='word_1_473' title='bbox 2046 2314 2239 2370; x_wconf 82' lang='lat' dir='ltr'><strong>deinde</strong></span> <span class='ocrx_word' id='word_1_474' title='bbox 2282 2313 2336 2368; x_wconf 91' lang='lat' dir='ltr'><strong>in</strong></span> <span class='ocrx_word' id='word_1_475' title='bbox 2368 2311 2640 2383; x_wconf 86' lang='lat' dir='ltr'><strong>Cyrenem</strong></span> <span class='ocrx_word' id='word_1_476' title='bbox 2669 2327 2792 2367; x_wconf 89' lang='lat' dir='ltr'><strong>cum</strong></span> <span class='ocrx_word' id='word_1_477' title='bbox 2829 2314 3081 2389; x_wconf 82' lang='lat' dir='ltr'><strong>exercitu</strong></span> <span class='ocrx_word' id='word_1_478' title='bbox 3126 2328 3223 2369; x_wconf 81' lang='lat' dir='ltr'><strong>sex</strong></span> <span class='ocrx_word' id='word_1_479' title='bbox 3256 2313 3486 2369; x_wconf 89' lang='lat' dir='ltr'><strong>millium</strong></span> 
     </span>
    </p>
   </div>
   <div class='ocr_carea' id='block_1_68' title="bbox 1908 2400 3486 2473">
    <p class='ocr_par' dir='ltr' id='par_1_68' title="bbox 1908 2400 3486 2473">
     <span class='ocr_line' id='line_1_69' title="bbox 1908 2400 3486 2473; baseline 0.001 -16"><span class='ocrx_word' id='word_1_480' title='bbox 1908 2403 2161 2472; x_wconf 84' lang='lat' dir='ltr'><strong>trajecit,</strong></span> <span class='ocrx_word' id='word_1_481' title='bbox 2219 2403 2518 2458; x_wconf 82' lang='lat' dir='ltr'><strong>accersitus</strong></span> <span class='ocrx_word' id='word_1_482' title='bbox 2563 2402 2631 2456; x_wconf 89' lang='lat' dir='ltr'><strong>ab</strong></span> <span class='ocrx_word' id='word_1_483' title='bbox 2672 2400 3063 2473; x_wconf 85' lang='lat' dir='ltr'><strong>Cyrenensium</strong></span> <span class='ocrx_word' id='word_1_484' title='bbox 3094 2401 3486 2459; x_wconf 87' lang='lat' dir='ltr'><strong>Barcensium-</strong></span> 
     </span>
    </p>
   </div>
   <div class='ocr_carea' id='block_1_69' title="bbox 1906 2492 3486 2565">
    <p class='ocr_par' dir='ltr' id='par_1_69' title="bbox 1906 2492 3486 2565">
     <span class='ocr_line' id='line_1_70' title="bbox 1906 2492 3486 2565; baseline 0.001 -18"><span class='ocrx_word' id='word_1_485' title='bbox 1906 2509 2015 2565; x_wconf 89' lang='lat' dir='ltr'><strong>que</strong></span> <span class='ocrx_word' id='word_1_486' title='bbox 2058 2493 2173 2563; x_wconf 74' lang='grc'><strong>(42)</strong></span> <span class='ocrx_word' id='word_1_487' title='bbox 2203 2493 2502 2550; x_wconf 85' lang='lat' dir='ltr'><strong>exsulibus.</strong></span> <span class='ocrx_word' id='word_1_488' title='bbox 2536 2492 2691 2561; x_wconf 84' lang='lat' dir='ltr'><strong>Apud</strong></span> <span class='ocrx_word' id='word_1_489' title='bbox 2732 2508 2871 2563; x_wconf 91' lang='lat' dir='ltr'><strong>quos</strong></span> <span class='ocrx_word' id='word_1_490' title='bbox 2909 2494 3034 2548; x_wconf 92' lang='lat' dir='ltr'><strong>dum</strong></span> <span class='ocrx_word' id='word_1_491' title='bbox 3065 2495 3237 2549; x_wconf 83' lang='lat' dir='ltr'><strong>variis</strong></span> <span class='ocrx_word' id='word_1_492' title='bbox 3268 2495 3486 2565; x_wconf 80' lang='lat' dir='ltr'><strong>pugnis,</strong></span> 
     </span>
    </p>
   </div>
   <div class='ocr_carea' id='block_1_70' title="bbox 1908 2580 3488 2650">
    <p class='ocr_par' dir='ltr' id='par_1_70' title="bbox 1908 2580 3488 2650">
     <span class='ocr_line' id='line_1_71' title="bbox 1908 2580 3488 2650; baseline -0.001 -14"><span class='ocrx_word' id='word_1_493' title='bbox 1908 2581 2191 2650; x_wconf 90' lang='lat' dir='ltr'><strong>variisque</strong></span> <span class='ocrx_word' id='word_1_494' title='bbox 2222 2580 2456 2645; x_wconf 90' lang='lat' dir='ltr'><strong>insidiis,</strong></span> <span class='ocrx_word' id='word_1_495' title='bbox 2484 2580 2759 2635; x_wconf 89' lang='lat' dir='ltr'><strong>interdum</strong></span> <span class='ocrx_word' id='word_1_496' title='bbox 2783 2580 2972 2644; x_wconf 88' lang='lat' dir='ltr'><strong>vincit,</strong></span> <span class='ocrx_word' id='word_1_497' title='bbox 2991 2582 3269 2635; x_wconf 87' lang='lat' dir='ltr'><strong>interdum</strong></span> <span class='ocrx_word' id='word_1_498' title='bbox 3307 2582 3488 2638; x_wconf 85' lang='lat' dir='ltr'><strong>vinci-</strong></span> 
     </span>
    </p>
   </div>
   <div class='ocr_carea' id='block_1_71' title="bbox 1910 2669 3490 2742">
    <p class='ocr_par' dir='ltr' id='par_1_71' title="bbox 1910 2669 3490 2742">
     <span class='ocr_line' id='line_1_72' title="bbox 1910 2669 3490 2742; baseline 0 -16"><span class='ocrx_word' id='word_1_499' title='bbox 1910 2682 2028 2737; x_wconf 88' lang='lat' dir='ltr'><strong>tur,</strong></span> <span class='ocrx_word' id='word_1_500' title='bbox 2083 2674 2137 2727; x_wconf 91' lang='lat' dir='ltr'><strong>in</strong></span> <span class='ocrx_word' id='word_1_501' title='bbox 2188 2672 2313 2742; x_wconf 76' lang='lat' dir='ltr'><strong>fuga</strong></span> <span class='ocrx_word' id='word_1_502' title='bbox 2364 2670 2580 2727; x_wconf 86' lang='lat' dir='ltr'><strong>tandem</strong></span> <span class='ocrx_word' id='word_1_503' title='bbox 2640 2670 2710 2726; x_wconf 89' lang='lat' dir='ltr'><strong>ab</strong></span> <span class='ocrx_word' id='word_1_504' title='bbox 2752 2669 2904 2725; x_wconf 84' lang='lat' dir='ltr'><strong>Afris</strong></span> <span class='ocrx_word' id='word_1_505' title='bbox 2954 2672 3275 2740; x_wconf 90' lang='lat' dir='ltr'><strong>quibusdam</strong></span> <span class='ocrx_word' id='word_1_506' title='bbox 3334 2672 3490 2741; x_wconf 74' lang='lat' dir='ltr'><strong>bigas</strong></span> 
     </span>
    </p>
   </div>
   <div class='ocr_carea' id='block_1_72' title="bbox 1907 2760 3486 2833">
    <p class='ocr_par' dir='ltr' id='par_1_72' title="bbox 1907 2760 3486 2833">
     <span class='ocr_line' id='line_1_73' title="bbox 1907 2760 3486 2833; baseline 0.002 -19"><span class='ocrx_word' id='word_1_507' title='bbox 1907 2762 2192 2830; x_wconf 79' lang='lat' dir='ltr'><strong>agentibus</strong></span> <span class='ocrx_word' id='word_1_508' title='bbox 2232 2760 2685 2830; x_wconf 85' lang='lat' dir='ltr'><strong>comprehensus,</strong></span> <span class='ocrx_word' id='word_1_509' title='bbox 2726 2760 2793 2815; x_wconf 90' lang='lat' dir='ltr'><strong>ad</strong></span> <span class='ocrx_word' id='word_1_510' title='bbox 2826 2760 3122 2831; x_wconf 84' lang='lat' dir='ltr'><strong>Epicydem</strong></span> <span class='ocrx_word' id='word_1_511' title='bbox 3171 2761 3486 2833; x_wconf 87' lang='lat' dir='ltr'><strong>Olynthium</strong></span> 
     </span>
    </p>
   </div>
   <div class='ocr_carea' id='block_1_73' title="bbox 1910 2849 3486 2924">
    <p class='ocr_par' dir='ltr' id='par_1_73' title="bbox 1910 2849 3486 2924">
     <span class='ocr_line' id='line_1_74' title="bbox 1910 2849 3486 2924; baseline 0.003 -19"><span class='ocrx_word' id='word_1_512' title='bbox 1910 2849 2240 2906; x_wconf 87' lang='lat' dir='ltr'><strong>Tenchiram</strong></span> <span class='ocrx_word' id='word_1_513' title='bbox 2269 2852 2561 2907; x_wconf 88' lang='lat' dir='ltr'><strong>adducitur</strong></span> <span class='ocrx_word' id='word_1_514' title='bbox 2594 2852 2735 2924; x_wconf 77' lang='grc'><strong>(45).</strong></span> <span class='ocrx_word' id='word_1_515' title='bbox 2763 2851 2902 2908; x_wconf 89' lang='lat' dir='ltr'><strong>Huic</strong></span> <span class='ocrx_word' id='word_1_516' title='bbox 2932 2856 3078 2909; x_wconf 89' lang='lat' dir='ltr'><strong>enim</strong></span> <span class='ocrx_word' id='word_1_517' title='bbox 3112 2856 3300 2911; x_wconf 88' lang='lat' dir='ltr'><strong>urbem</strong></span> <span class='ocrx_word' id='word_1_518' title='bbox 3338 2855 3486 2910; x_wconf 90' lang='lat' dir='ltr'><strong>illam</strong></span> 
     </span>
    </p>
   </div>
   <div class='ocr_carea' id='block_1_74' title="bbox 1907 2944 3487 3017">
    <p class='ocr_par' dir='ltr' id='par_1_74' title="bbox 1907 2944 3487 3017">
     <span class='ocr_line' id='line_1_75' title="bbox 1907 2944 3487 3017; baseline 0.004 -21"><span class='ocrx_word' id='word_1_519' title='bbox 1907 2946 2201 2999; x_wconf 83' lang='lat' dir='ltr'><strong>curandam</strong></span> <span class='ocrx_word' id='word_1_520' title='bbox 2237 2945 2590 3000; x_wconf 89' lang='lat' dir='ltr'><strong>commiserat</strong></span> <span class='ocrx_word' id='word_1_521' title='bbox 2629 2944 2910 3015; x_wconf 87' lang='lat' dir='ltr'><strong>Ophellas,</strong></span> <span class='ocrx_word' id='word_1_522' title='bbox 2937 2947 3023 3000; x_wconf 87' lang='lat' dir='ltr'><strong>vir</strong></span> <span class='ocrx_word' id='word_1_523' title='bbox 3056 2945 3301 3013; x_wconf 82' lang='lat' dir='ltr'><strong>Macedo,</strong></span> <span class='ocrx_word' id='word_1_524' title='bbox 3335 2947 3427 3017; x_wconf 93' lang='lat' dir='ltr'><strong>qui</strong></span> <span class='ocrx_word' id='word_1_525' title='bbox 3457 2963 3487 3002; x_wconf 89' lang='lat' dir='ltr'><strong>a</strong></span> 
     </span>
    </p>
   </div>
   <div class='ocr_carea' id='block_1_75' title="bbox 1908 3033 3483 3107">
    <p class='ocr_par' dir='ltr' id='par_1_75' title="bbox 1908 3033 3483 3107">
     <span class='ocr_line' id='line_1_76' title="bbox 1908 3033 3483 3107; baseline 0.002 -18"><span class='ocrx_word' id='word_1_526' title='bbox 1908 3033 2201 3090; x_wconf 71' lang='lat' dir='ltr'><strong>Ptolemaeo</strong></span> <span class='ocrx_word' id='word_1_527' title='bbox 2223 3034 2355 3106; x_wconf 81' lang='lat' dir='ltr'><strong>Lagi</strong></span> <span class='ocrx_word' id='word_1_528' title='bbox 2398 3034 2463 3089; x_wconf 87' lang='lat' dir='ltr'><strong>F.</strong></span> <span class='ocrx_word' id='word_1_529' title='bbox 2491 3036 2771 3107; x_wconf 76' lang='lat' dir='ltr'><strong>Cyrenaeis</strong></span> <span class='ocrx_word' id='word_1_530' title='bbox 2808 3038 3011 3092; x_wconf 82' lang='lat' dir='ltr'><strong>auxilio</strong></span> <span class='ocrx_word' id='word_1_531' title='bbox 3045 3039 3247 3094; x_wconf 89' lang='lat' dir='ltr'><strong>missus</strong></span> <span class='ocrx_word' id='word_1_532' title='bbox 3282 3037 3483 3094; x_wconf 82' lang='lat' dir='ltr'><strong>fuerat.</strong></span> 
     </span>
    </p>
   </div>
   <div class='ocr_carea' id='block_1_76' title="bbox 1909 3125 3485 3198">
    <p class='ocr_par' dir='ltr' id='par_1_76' title="bbox 1909 3125 3485 3198">
     <span class='ocr_line' id='line_1_77' title="bbox 1909 3125 3485 3198; baseline 0.003 -18"><span class='ocrx_word' id='word_1_533' title='bbox 1909 3125 2249 3182; x_wconf 76' lang='lat' dir='ltr'><strong>Teucheritae</strong></span> <span class='ocrx_word' id='word_1_534' title='bbox 2276 3142 2427 3198; x_wconf 79' lang='lat' dir='ltr'><strong>ergo,</strong></span> <span class='ocrx_word' id='word_1_535' title='bbox 2453 3127 2677 3197; x_wconf 90' lang='lat' dir='ltr'><strong>Ophella</strong></span> <span class='ocrx_word' id='word_1_536' title='bbox 2705 3126 2809 3183; x_wconf 90' lang='lat' dir='ltr'><strong>illis</strong></span> <span class='ocrx_word' id='word_1_537' title='bbox 2842 3128 3218 3197; x_wconf 86' lang='lat' dir='ltr'><strong>permittente,</strong></span> <span class='ocrx_word' id='word_1_538' title='bbox 3248 3128 3485 3185; x_wconf 80' lang='lat' dir='ltr'><strong>Tliibro-</strong></span> 
     </span>
    </p>
   </div>
   <div class='ocr_carea' id='block_1_77' title="bbox 1833 3199 3487 3287">
    <p class='ocr_par' dir='ltr' id='par_1_77' title="bbox 1833 3199 3487 3287">
     <span class='ocr_line' id='line_1_78' title="bbox 1833 3199 3487 3287; baseline 0.002 -18"><span class='ocrx_word' id='word_1_539' title='bbox 1833 3199 1875 3257; x_wconf 69' lang='grc' dir='ltr'>ο</span> <span class='ocrx_word' id='word_1_540' title='bbox 1911 3230 2035 3270; x_wconf 91' lang='lat' dir='ltr'><strong>nem</strong></span> <span class='ocrx_word' id='word_1_541' title='bbox 2083 3216 2311 3285; x_wconf 77' lang='lat' dir='ltr'><strong>flagellis</strong></span> <span class='ocrx_word' id='word_1_542' title='bbox 2347 3231 2571 3282; x_wconf 77' lang='lat' dir='ltr'><strong>caesum,</strong></span> <span class='ocrx_word' id='word_1_543' title='bbox 2614 3218 2667 3271; x_wconf 90' lang='lat' dir='ltr'><strong>in</strong></span> <span class='ocrx_word' id='word_1_544' title='bbox 2714 3217 3111 3287; x_wconf 84' lang='lat' dir='ltr'><strong>Cyrenensium</strong></span> <span class='ocrx_word' id='word_1_545' title='bbox 3159 3229 3372 3286; x_wconf 92' lang='lat' dir='ltr'><strong>portum</strong></span> <span class='ocrx_word' id='word_1_546' title='bbox 3420 3219 3487 3273; x_wconf 85' lang='lat' dir='ltr'><strong>de</strong></span> 
     </span>
    </p>
   </div>
   <div class='ocr_carea' id='block_1_78' title="bbox 1907 3308 3487 3378">
    <p class='ocr_par' dir='ltr' id='par_1_78' title="bbox 1907 3308 3487 3378">
     <span class='ocr_line' id='line_1_79' title="bbox 1907 3308 3487 3378; baseline 0.001 -15"><span class='ocrx_word' id='word_1_547' title='bbox 1907 3324 2070 3365; x_wconf 90' lang='lat' dir='ltr'><strong>cruce</strong></span> <span class='ocrx_word' id='word_1_548' title='bbox 2109 3310 2547 3378; x_wconf 77' lang='lat' dir='ltr'><strong>suspendendum</strong></span> <span class='ocrx_word' id='word_1_549' title='bbox 2595 3308 2836 3363; x_wconf 90' lang='lat' dir='ltr'><strong>mittunt.</strong></span> <span class='ocrx_word' id='word_1_550' title='bbox 2868 3308 2938 3362; x_wconf 85' lang='lat' dir='ltr'><strong>At</strong></span> <span class='ocrx_word' id='word_1_551' title='bbox 2970 3324 3092 3363; x_wconf 89' lang='lat' dir='ltr'><strong>cum</strong></span> <span class='ocrx_word' id='word_1_552' title='bbox 3127 3308 3372 3378; x_wconf 70' lang='lat' dir='ltr'><strong>Cyrenaei</strong></span> <span class='ocrx_word' id='word_1_553' title='bbox 3404 3310 3487 3365; x_wconf 90' lang='lat' dir='ltr'><strong>ni-</strong></span> 
     </span>
    </p>
   </div>
   <div class='ocr_carea' id='block_1_79' title="bbox 1908 3399 3488 3470">
    <p class='ocr_par' dir='ltr' id='par_1_79' title="bbox 1908 3399 3488 3470">
     <span class='ocr_line' id='line_1_80' title="bbox 1908 3399 3488 3470; baseline 0.001 -16"><span class='ocrx_word' id='word_1_554' title='bbox 1908 3400 2203 3456; x_wconf 84' lang='lat' dir='ltr'><strong>hilominus</strong></span> <span class='ocrx_word' id='word_1_555' title='bbox 2256 3401 2310 3455; x_wconf 92' lang='lat' dir='ltr'><strong>in</strong></span> <span class='ocrx_word' id='word_1_556' title='bbox 2349 3399 2648 3456; x_wconf 90' lang='lat' dir='ltr'><strong>rebellione</strong></span> <span class='ocrx_word' id='word_1_557' title='bbox 2691 3408 3027 3470; x_wconf 86' lang='lat' dir='ltr'><strong>perstarent,</strong></span> <span class='ocrx_word' id='word_1_558' title='bbox 3080 3401 3200 3469; x_wconf 87' lang='lat' dir='ltr'><strong>ipse</strong></span> <span class='ocrx_word' id='word_1_559' title='bbox 3252 3400 3488 3470; x_wconf 90' lang='lat' dir='ltr'><strong>denique</strong></span> 
     </span>
    </p>
   </div>
   <div class='ocr_carea' id='block_1_80' title="bbox 1906 3493 3490 3567">
    <p class='ocr_par' dir='ltr' id='par_1_80' title="bbox 1906 3493 3490 3567">
     <span class='ocr_line' id='line_1_81' title="bbox 1906 3493 3490 3567; baseline 0.002 -19"><span class='ocrx_word' id='word_1_560' title='bbox 1906 3493 2232 3550; x_wconf 85' lang='lat' dir='ltr'><strong>Ptolemaeus</strong></span> <span class='ocrx_word' id='word_1_561' title='bbox 2277 3496 2533 3560; x_wconf 86' lang='lat' dir='ltr'><strong>accessit,</strong></span> <span class='ocrx_word' id='word_1_562' title='bbox 2572 3496 2845 3565; x_wconf 90' lang='lat' dir='ltr'><strong>rebusque</strong></span> <span class='ocrx_word' id='word_1_563' title='bbox 2873 3496 3130 3552; x_wconf 90' lang='lat' dir='ltr'><strong>omnibus</strong></span> <span class='ocrx_word' id='word_1_564' title='bbox 3167 3494 3490 3567; x_wconf 90' lang='lat' dir='ltr'><strong>tranquilla-</strong></span> 
     </span>
    </p>
   </div>
   <div class='ocr_carea' id='block_1_81' title="bbox 1908 3581 2830 3653">
    <p class='ocr_par' dir='ltr' id='par_1_81' title="bbox 1908 3581 2830 3653">
     <span class='ocr_line' id='line_1_82' title="bbox 1908 3581 2830 3653; baseline 0.003 -18"><span class='ocrx_word' id='word_1_565' title='bbox 1908 3581 1999 3645; x_wconf 91' lang='lat' dir='ltr'><strong>tis,</strong></span> <span class='ocrx_word' id='word_1_566' title='bbox 2025 3592 2173 3637; x_wconf 90' lang='lat' dir='ltr'><strong>retro</strong></span> <span class='ocrx_word' id='word_1_567' title='bbox 2207 3581 2426 3636; x_wconf 90' lang='lat' dir='ltr'><strong>domum</strong></span> <span class='ocrx_word' id='word_1_568' title='bbox 2458 3581 2830 3653; x_wconf 76' lang='lat' dir='ltr'><strong>adnavigavit.</strong></span> 
     </span>
    </p>
   </div>
   <div class='ocr_carea' id='block_1_82' title="bbox 1979 3671 3488 3746">
    <p class='ocr_par' dir='ltr' id='par_1_82' title="bbox 1979 3671 3488 3746">
     <span class='ocr_line' id='line_1_83' title="bbox 1979 3671 3488 3746; baseline 0.003 -20"><span class='ocrx_word' id='word_1_569' title='bbox 1979 3671 2269 3728; x_wconf 87' lang='lat' dir='ltr'><strong>Perdiccas</strong></span> <span class='ocrx_word' id='word_1_570' title='bbox 2293 3674 2516 3744; x_wconf 90' lang='lat' dir='ltr'><strong>insuper</strong></span> <span class='ocrx_word' id='word_1_571' title='bbox 2550 3673 2883 3743; x_wconf 79' lang='lat' dir='ltr'><strong>Antigonum</strong></span> <span class='ocrx_word' id='word_1_572' title='bbox 2915 3675 3177 3731; x_wconf 88' lang='lat' dir='ltr'><strong>insidiose</strong></span> <span class='ocrx_word' id='word_1_573' title='bbox 3202 3676 3255 3730; x_wconf 91' lang='lat' dir='ltr'><strong>in</strong></span> <span class='ocrx_word' id='word_1_574' title='bbox 3283 3674 3376 3746; x_wconf 88' lang='lat' dir='ltr'><strong>jus</strong></span> <span class='ocrx_word' id='word_1_575' title='bbox 3398 3689 3488 3730; x_wconf 89' lang='lat' dir='ltr'><strong>vo-</strong></span> 
     </span>
    </p>
   </div>
   <div class='ocr_carea' id='block_1_83' title="bbox 1910 3765 3489 3838">
    <p class='ocr_par' dir='ltr' id='par_1_83' title="bbox 1910 3765 3489 3838">
     <span class='ocr_line' id='line_1_84' title="bbox 1910 3765 3489 3838; baseline 0.001 -18"><span class='ocrx_word' id='word_1_576' title='bbox 1910 3766 2091 3830; x_wconf 83' lang='lat' dir='ltr'><strong>cabat,</strong></span> <span class='ocrx_word' id='word_1_577' title='bbox 2122 3780 2312 3822; x_wconf 87' lang='lat' dir='ltr'><strong>verum</strong></span> <span class='ocrx_word' id='word_1_578' title='bbox 2351 3765 2466 3834; x_wconf 89' lang='lat' dir='ltr'><strong>ille,</strong></span> <span class='ocrx_word' id='word_1_579' title='bbox 2497 3774 2556 3821; x_wconf 90' lang='lat' dir='ltr'><strong>ut</strong></span> <span class='ocrx_word' id='word_1_580' title='bbox 2590 3766 2699 3837; x_wconf 90' lang='lat' dir='ltr'><strong>peti</strong></span> <span class='ocrx_word' id='word_1_581' title='bbox 2740 3780 2802 3821; x_wconf 90' lang='lat' dir='ltr'><strong>se</strong></span> <span class='ocrx_word' id='word_1_582' title='bbox 2840 3766 3055 3824; x_wconf 88' lang='lat' dir='ltr'><strong>insidiis</strong></span> <span class='ocrx_word' id='word_1_583' title='bbox 3088 3770 3359 3838; x_wconf 81' lang='lat' dir='ltr'><strong>cognovit,</strong></span> <span class='ocrx_word' id='word_1_584' title='bbox 3389 3783 3489 3837; x_wconf 89' lang='lat' dir='ltr'><strong>pa-</strong></span> 
     </span>
    </p>
   </div>
   <div class='ocr_carea' id='block_1_84' title="bbox 1908 3858 3491 3929">
    <p class='ocr_par' dir='ltr' id='par_1_84' title="bbox 1908 3858 3491 3929">
     <span class='ocr_line' id='line_1_85' title="bbox 1908 3858 3491 3929; baseline 0 -17"><span class='ocrx_word' id='word_1_585' title='bbox 1908 3871 2033 3913; x_wconf 90' lang='lat' dir='ltr'><strong>rere</strong></span> <span class='ocrx_word' id='word_1_586' title='bbox 2060 3858 2333 3913; x_wconf 84' lang='lat' dir='ltr'><strong>recusavit</strong></span> <span class='ocrx_word' id='word_1_587' title='bbox 2367 3876 2381 3913; x_wconf 90' lang='lat'><strong>:</strong></span> <span class='ocrx_word' id='word_1_588' title='bbox 2419 3868 2585 3929; x_wconf 85' lang='lat' dir='ltr'><strong>atque</strong></span> <span class='ocrx_word' id='word_1_589' title='bbox 2642 3859 2771 3916; x_wconf 91' lang='lat' dir='ltr'><strong>hinc</strong></span> <span class='ocrx_word' id='word_1_590' title='bbox 2813 3870 2950 3917; x_wconf 66' lang='lat' dir='ltr'><strong>orta</strong></span> <span class='ocrx_word' id='word_1_591' title='bbox 2982 3860 3215 3915; x_wconf 83' lang='lat' dir='ltr'><strong>invicem</strong></span> <span class='ocrx_word' id='word_1_592' title='bbox 3258 3859 3491 3916; x_wconf 88' lang='lat' dir='ltr'><strong>inimici-</strong></span> 
     </span>
    </p>
   </div>
   <div class='ocr_carea' id='block_1_85' title="bbox 1910 3940 3489 4023">
    <p class='ocr_par' dir='ltr' id='par_1_85' title="bbox 1910 3940 3489 4023">
     <span class='ocr_line' id='line_1_86' title="bbox 1910 3940 3489 4023; baseline 0 -20"><span class='ocrx_word' id='word_1_593' title='bbox 1910 3948 2021 4005; x_wconf 65' lang='lat' dir='ltr'><strong>tiaa.</strong></span> <span class='ocrx_word' id='word_1_594' title='bbox 2059 3946 2191 4004; x_wconf 79' lang='lat' dir='ltr'><strong>Hoc</strong></span> <span class='ocrx_word' id='word_1_595' title='bbox 2222 3949 2352 4004; x_wconf 89' lang='lat' dir='ltr'><strong>item</strong></span> <span class='ocrx_word' id='word_1_596' title='bbox 2406 3960 2650 4020; x_wconf 88' lang='lat' dir='ltr'><strong>tempore</strong></span> <span class='ocrx_word' id='word_1_597' title='bbox 2680 3966 2711 4007; x_wconf 90' lang='lat' dir='ltr'><strong>e</strong></span> <span class='ocrx_word' id='word_1_598' title='bbox 2740 3940 3053 4006; x_wconf 81' lang='lat' dir='ltr'><strong>Macedonia</strong></span> <span class='ocrx_word' id='word_1_599' title='bbox 3092 3949 3260 4006; x_wconf 83' lang='lat' dir='ltr'><strong>Jollas</strong></span> <span class='ocrx_word' id='word_1_600' title='bbox 3293 3950 3407 4023; x_wconf 86' lang='grc'><strong>(44)</strong></span> <span class='ocrx_word' id='word_1_601' title='bbox 3436 3962 3489 4004; x_wconf 89' lang='lat' dir='ltr'><strong>et</strong></span> 
     </span>
    </p>
   </div>
   <div class='ocr_carea' id='block_1_86' title="bbox 1908 4038 3488 4107">
    <p class='ocr_par' dir='ltr' id='par_1_86' title="bbox 1908 4038 3488 4107">
     <span class='ocr_line' id='line_1_87' title="bbox 1908 4038 3488 4107; baseline -0.002 -12"><span class='ocrx_word' id='word_1_602' title='bbox 1908 4041 2140 4096; x_wconf 85' lang='lat' dir='ltr'><strong>Archias</strong></span> <span class='ocrx_word' id='word_1_603' title='bbox 2160 4039 2227 4095; x_wconf 90' lang='lat' dir='ltr'><strong>ad</strong></span> <span class='ocrx_word' id='word_1_604' title='bbox 2254 4038 2571 4096; x_wconf 89' lang='lat' dir='ltr'><strong>Perdiccam</strong></span> <span class='ocrx_word' id='word_1_605' title='bbox 2600 4050 2892 4107; x_wconf 86' lang='lat' dir='ltr'><strong>venerunt,</strong></span> <span class='ocrx_word' id='word_1_606' title='bbox 2925 4042 3155 4096; x_wconf 90' lang='lat' dir='ltr'><strong>adducta</strong></span> <span class='ocrx_word' id='word_1_607' title='bbox 3184 4040 3239 4095; x_wconf 89' lang='lat' dir='ltr'><strong>in</strong></span> <span class='ocrx_word' id='word_1_608' title='bbox 3262 4055 3488 4095; x_wconf 85' lang='lat' dir='ltr'><strong>uxorem</strong></span> 
     </span>
    </p>
   </div>
   <div class='ocr_carea' id='block_1_87' title="bbox 1912 4130 3489 4201">
    <p class='ocr_par' dir='ltr' id='par_1_87' title="bbox 1912 4130 3489 4201">
     <span class='ocr_line' id='line_1_88' title="bbox 1912 4130 3489 4201; baseline -0.003 -12"><span class='ocrx_word' id='word_1_609' title='bbox 1912 4132 1987 4189; x_wconf 88' lang='lat' dir='ltr'><strong>illi</strong></span> <span class='ocrx_word' id='word_1_610' title='bbox 2032 4131 2213 4188; x_wconf 57' lang='lat' dir='ltr'><strong>Nicaea</strong></span> <span class='ocrx_word' id='word_1_611' title='bbox 2260 4131 2533 4201; x_wconf 89' lang='lat' dir='ltr'><strong>Antipatri</strong></span> <span class='ocrx_word' id='word_1_612' title='bbox 2587 4132 2720 4187; x_wconf 87' lang='lat' dir='ltr'><strong>filia.</strong></span> <span class='ocrx_word' id='word_1_613' title='bbox 2758 4131 2898 4199; x_wconf 82' lang='lat' dir='ltr'><strong>Quin</strong></span> <span class='ocrx_word' id='word_1_614' title='bbox 2948 4143 3006 4187; x_wconf 91' lang='lat' dir='ltr'><strong>et</strong></span> <span class='ocrx_word' id='word_1_615' title='bbox 3036 4130 3319 4201; x_wconf 86' lang='lat' dir='ltr'><strong>Olympias</strong></span> <span class='ocrx_word' id='word_1_616' title='bbox 3350 4130 3489 4201; x_wconf 86' lang='grc'><strong>(45),</strong></span> 
     </span>
    </p>
   </div>
   <div class='ocr_carea' id='block_1_88' title="bbox 1911 4221 3489 4293">
    <p class='ocr_par' dir='ltr' id='par_1_88' title="bbox 1911 4221 3489 4293">
     <span class='ocr_line' id='line_1_89' title="bbox 1911 4221 3489 4293; baseline -0.002 -15"><span class='ocrx_word' id='word_1_617' title='bbox 1911 4224 2093 4293; x_wconf 80' lang='lat' dir='ltr'><strong>magni</strong></span> <span class='ocrx_word' id='word_1_618' title='bbox 2146 4222 2440 4279; x_wconf 82' lang='lat' dir='ltr'><strong>Alexandri</strong></span> <span class='ocrx_word' id='word_1_619' title='bbox 2496 4232 2690 4287; x_wconf 88' lang='lat' dir='ltr'><strong>mater,</strong></span> <span class='ocrx_word' id='word_1_620' title='bbox 2736 4223 2901 4277; x_wconf 87' lang='lat' dir='ltr'><strong>mittit</strong></span> <span class='ocrx_word' id='word_1_621' title='bbox 2938 4223 3005 4276; x_wconf 89' lang='lat' dir='ltr'><strong>ad</strong></span> <span class='ocrx_word' id='word_1_622' title='bbox 3048 4222 3325 4289; x_wconf 88' lang='lat' dir='ltr'><strong>eumdem,</strong></span> <span class='ocrx_word' id='word_1_623' title='bbox 3390 4221 3489 4275; x_wconf 84' lang='lat' dir='ltr'><strong>de-</strong></span> 
     </span>
    </p>
   </div>
   <div class='ocr_carea' id='block_1_89' title="bbox 1921 4310 3490 4386">
    <p class='ocr_par' dir='ltr' id='par_1_89' title="bbox 1921 4310 3490 4386">
     <span class='ocr_line' id='line_1_90' title="bbox 1921 4310 3490 4386; baseline -0.003 -15"><span class='ocrx_word' id='word_1_624' title='bbox 1921 4316 2269 4386; x_wconf 83' lang='lat' dir='ltr'><strong>spondetque</strong></span> <span class='ocrx_word' id='word_1_625' title='bbox 2301 4314 2644 4384; x_wconf 83' lang='lat' dir='ltr'><strong>CleOpatram</strong></span> <span class='ocrx_word' id='word_1_626' title='bbox 2686 4314 2872 4370; x_wconf 86' lang='lat' dir='ltr'><strong>tiliam.</strong></span> <span class='ocrx_word' id='word_1_627' title='bbox 2917 4314 2995 4370; x_wconf 88' lang='lat' dir='ltr'><strong>lbi</strong></span> <span class='ocrx_word' id='word_1_628' title='bbox 3043 4312 3316 4368; x_wconf 90' lang='lat' dir='ltr'><strong>Eumenes</strong></span> <span class='ocrx_word' id='word_1_629' title='bbox 3353 4310 3490 4367; x_wconf 89' lang='lat' dir='ltr'><strong>Car-</strong></span> 
     </span>
    </p>
   </div>
   <div class='ocr_carea' id='block_1_90' title="bbox 1911 4406 3495 4476">
    <p class='ocr_par' dir='ltr' id='par_1_90' title="bbox 1911 4406 3495 4476">
     <span class='ocr_line' id='line_1_91' title="bbox 1911 4406 3495 4476; baseline -0.003 -13"><span class='ocrx_word' id='word_1_630' title='bbox 1911 4407 2105 4464; x_wconf 88' lang='lat' dir='ltr'><strong>dianus</strong></span> <span class='ocrx_word' id='word_1_631' title='bbox 2133 4406 2476 4476; x_wconf 88' lang='lat' dir='ltr'><strong>Cleopatram</strong></span> <span class='ocrx_word' id='word_1_632' title='bbox 2526 4408 2727 4463; x_wconf 87' lang='lat' dir='ltr'><strong>dncere</strong></span> <span class='ocrx_word' id='word_1_633' title='bbox 2770 4408 3081 4465; x_wconf 88' lang='lat' dir='ltr'><strong>suadebat:</strong></span> <span class='ocrx_word' id='word_1_634' title='bbox 3116 4406 3321 4461; x_wconf 70' lang='lat' dir='ltr'><strong>Alcetae</strong></span> <span class='ocrx_word' id='word_1_635' title='bbox 3363 4418 3495 4459; x_wconf 90' lang='lat' dir='ltr'><strong>vero</strong></span> 
     </span>
    </p>
   </div>
   <div class='ocr_carea' id='block_1_91' title="bbox 216 4495 1804 4595">
    <p class='ocr_par' dir='ltr' id='par_1_91' title="bbox 216 4495 1804 4595">
     <span class='ocr_line' id='line_1_92' title="bbox 216 4495 1804 4595; baseline 0.008 -49"><span class='ocrx_word' id='word_1_636' title='bbox 216 4509 401 4595; x_wconf 50' lang='lat' dir='ltr'><strong>tpav:</strong></span> <span class='ocrx_word' id='word_1_637' title='bbox 436 4495 710 4595; x_wconf 38' lang='lat' dir='ltr'><strong>&quot;Aiacem?</strong></span> <span class='ocrx_word' id='word_1_638' title='bbox 733 4499 792 4556; x_wconf 76' lang='grc' dir='ltr'>δὲ</span> <span class='ocrx_word' id='word_1_639' title='bbox 810 4497 889 4570; x_wconf 84' lang='grc' dir='ltr'>τῷ</span> <span class='ocrx_word' id='word_1_640' title='bbox 930 4500 1144 4572; x_wconf 80' lang='grc' dir='ltr'>ἀδελφῷ</span> <span class='ocrx_word' id='word_1_641' title='bbox 1167 4503 1249 4565; x_wconf 85' lang='grc' dir='ltr'><strong>είς</strong></span> <span class='ocrx_word' id='word_1_642' title='bbox 1278 4502 1516 4559; x_wconf 88' lang='grc' dir='ltr'>Νίκαιαν</span> <span class='ocrx_word' id='word_1_643' title='bbox 1543 4503 1747 4558; x_wconf 77' lang='grc' dir='ltr'>ἔτεινεν</span> <span class='ocrx_word' id='word_1_644' title='bbox 1775 4506 1804 4575; x_wconf 82' lang='grc' dir='ltr'><strong>ή</strong></span> 
     </span>
    </p>
   </div>
   <div class='ocr_carea' id='block_1_92' title="bbox 1912 4495 3493 4595">
    <p class='ocr_par' dir='ltr' id='par_1_92' title="bbox 1915 4495 3493 4568">
     <span class='ocr_line' id='line_1_93' title="bbox 1915 4495 3493 4568; baseline -0.003 -15"><span class='ocrx_word' id='word_1_645' title='bbox 1915 4498 2099 4555; x_wconf 90' lang='lat' dir='ltr'><strong>fratris</strong></span> <span class='ocrx_word' id='word_1_646' title='bbox 2132 4499 2421 4554; x_wconf 90' lang='lat' dir='ltr'><strong>consilium</strong></span> <span class='ocrx_word' id='word_1_647' title='bbox 2445 4500 2509 4553; x_wconf 88' lang='lat' dir='ltr'><strong>ad</strong></span> <span class='ocrx_word' id='word_1_648' title='bbox 2552 4498 2747 4555; x_wconf 70' lang='lat' dir='ltr'><strong>Nicaeae</strong></span> <span class='ocrx_word' id='word_1_649' title='bbox 2780 4499 2955 4568; x_wconf 76' lang='lat' dir='ltr'><strong>magis</strong></span> <span class='ocrx_word' id='word_1_650' title='bbox 2996 4497 3213 4567; x_wconf 88' lang='lat' dir='ltr'><strong>nuptias</strong></span> <span class='ocrx_word' id='word_1_651' title='bbox 3259 4495 3493 4551; x_wconf 82' lang='lat' dir='ltr'><strong>inclina-</strong></span> 
     </span>
    </p>
   </div>
   <div class='ocr_carea' id='block_1_93' title="bbox 220 4583 1804 4664">
    <p class='ocr_par' dir='ltr' id='par_1_93' title="bbox 220 4583 1804 4664">
     <span class='ocr_line' id='line_1_94' title="bbox 220 4583 1804 4664; baseline 0.009 -30"><span class='ocrx_word' id='word_1_652' title='bbox 220 4583 510 4657; x_wconf 84' lang='grc' dir='ltr'>συμϐουλή</span> <span class='ocrx_word' id='word_1_653' title='bbox 531 4603 549 4618; x_wconf 78' lang='grc' dir='ltr'><strong><em>ο</em></strong></span> <span class='ocrx_word' id='word_1_654' title='bbox 585 4586 679 4641; x_wconf 80' lang='grc' dir='ltr'><strong>καὶ</strong></span> <span class='ocrx_word' id='word_1_655' title='bbox 708 4590 837 4661; x_wconf 78' lang='grc' dir='ltr'>νικᾷ</span> <span class='ocrx_word' id='word_1_656' title='bbox 860 4590 921 4643; x_wconf 84' lang='grc' dir='ltr'>τὸ</span> <span class='ocrx_word' id='word_1_657' title='bbox 949 4590 1187 4646; x_wconf 88' lang='grc' dir='ltr'>Νίκαιαν</span> <span class='ocrx_word' id='word_1_658' title='bbox 1215 4591 1417 4664; x_wconf 79' lang='grc' dir='ltr'>μᾶλλον</span> <span class='ocrx_word' id='word_1_659' title='bbox 1446 4593 1699 4664; x_wconf 87' lang='grc' dir='ltr'>ἀγαγεῖν.</span> <span class='ocrx_word' id='word_1_660' title='bbox 1728 4596 1804 4649; x_wconf 87' lang='grc' dir='ltr'>Ού</span> 
     </span>
    </p>
   </div>
   <div class='ocr_carea' id='block_1_94' title="bbox 1912 4583 3492 4664">
    <p class='ocr_par' dir='ltr' id='par_1_94' title="bbox 1919 4586 3492 4659">
     <span class='ocr_line' id='line_1_95' title="bbox 1919 4586 3492 4659; baseline -0.003 -14"><span class='ocrx_word' id='word_1_661' title='bbox 1919 4591 2035 4659; x_wconf 89' lang='lat' dir='ltr'><strong>bat,</strong></span> <span class='ocrx_word' id='word_1_662' title='bbox 2076 4589 2232 4659; x_wconf 88' lang='lat' dir='ltr'><strong>cujus</strong></span> <span class='ocrx_word' id='word_1_663' title='bbox 2279 4591 2407 4645; x_wconf 89' lang='lat' dir='ltr'><strong>item</strong></span> <span class='ocrx_word' id='word_1_664' title='bbox 2460 4586 2729 4645; x_wconf 85' lang='lat' dir='ltr'><strong>sententia</strong></span> <span class='ocrx_word' id='word_1_665' title='bbox 2779 4589 3029 4659; x_wconf 91' lang='lat' dir='ltr'><strong>pervicit.</strong></span> <span class='ocrx_word' id='word_1_666' title='bbox 3073 4587 3207 4643; x_wconf 85' lang='lat' dir='ltr'><strong>Post</strong></span> <span class='ocrx_word' id='word_1_667' title='bbox 3252 4600 3358 4641; x_wconf 89' lang='lat' dir='ltr'><strong>non</strong></span> <span class='ocrx_word' id='word_1_668' title='bbox 3400 4586 3492 4641; x_wconf 92' lang='lat' dir='ltr'><strong>ditt</strong></span> 
     </span>
    </p>
   </div>
   <div class='ocr_carea' id='block_1_95' title="bbox 219 4675 1808 4765">
    <p class='ocr_par' dir='ltr' id='par_1_95' title="bbox 219 4675 1808 4765">
     <span class='ocr_line' id='line_1_96' title="bbox 219 4675 1808 4765; baseline 0.009 -39"><span class='ocrx_word' id='word_1_669' title='bbox 219 4675 369 4729; x_wconf 80' lang='grc' dir='ltr'>πολὺ</span> <span class='ocrx_word' id='word_1_670' title='bbox 392 4676 446 4730; x_wconf 79' lang='grc' dir='ltr'>δὲ</span> <span class='ocrx_word' id='word_1_671' title='bbox 474 4677 706 4751; x_wconf 78' lang='grc' dir='ltr'>ὕστερον</span> <span class='ocrx_word' id='word_1_672' title='bbox 732 4680 829 4736; x_wconf 79' lang='grc' dir='ltr'>καὶ</span> <span class='ocrx_word' id='word_1_673' title='bbox 856 4682 919 4736; x_wconf 76' lang='grc' dir='ltr'><strong>τὸ</strong></span> <span class='ocrx_word' id='word_1_674' title='bbox 944 4683 1077 4754; x_wconf 83' lang='grc' dir='ltr'>περὶ</span> <span class='ocrx_word' id='word_1_675' title='bbox 1126 4683 1379 4755; x_wconf 82' lang='grc' dir='ltr'>Κυνάνην</span> <span class='ocrx_word' id='word_1_676' title='bbox 1406 4684 1579 4765; x_wconf 86' lang='grc' dir='ltr'>πάθος</span> <span class='ocrx_word' id='word_1_677' title='bbox 1611 4704 1808 4759; x_wconf 82' lang='grc' dir='ltr'>συνην-</span> 
     </span>
    </p>
   </div>
   <div class='ocr_carea' id='block_1_96' title="bbox 216 4767 1806 4850">
    <p class='ocr_par' dir='ltr' id='par_1_96' title="bbox 216 4767 1806 4850">
     <span class='ocr_line' id='line_1_97' title="bbox 216 4767 1806 4850; baseline 0.008 -30"><span class='ocrx_word' id='word_1_678' title='bbox 216 4767 365 4839; x_wconf 78' lang='grc' dir='ltr'>έχθη</span> <span class='ocrx_word' id='word_1_679' title='bbox 383 4808 398 4836; x_wconf 87' lang='grc'><strong><em>,</em></strong></span> <span class='ocrx_word' id='word_1_680' title='bbox 418 4770 445 4823; x_wconf 79' lang='grc' dir='ltr'><strong>ὃ</strong></span> <span class='ocrx_word' id='word_1_681' title='bbox 464 4772 774 4844; x_wconf 78' lang='grc' dir='ltr'>Περδίκκας</span> <span class='ocrx_word' id='word_1_682' title='bbox 788 4791 848 4831; x_wconf 75' lang='grc' dir='ltr'>τε</span> <span class='ocrx_word' id='word_1_683' title='bbox 869 4775 963 4830; x_wconf 62' lang='grc' dir='ltr'><strong>καὶ⁵</strong></span> <span class='ocrx_word' id='word_1_684' title='bbox 987 4777 1018 4845; x_wconf 83' lang='lat'><strong>6</strong></span> <span class='ocrx_word' id='word_1_685' title='bbox 1039 4775 1268 4848; x_wconf 84' lang='grc' dir='ltr'>ἀδελφὸς</span> <span class='ocrx_word' id='word_1_686' title='bbox 1296 4776 1555 4842; x_wconf 72' lang='grc' dir='ltr'>Ἀλκέτας</span> <span class='ocrx_word' id='word_1_687' title='bbox 1582 4779 1806 4850; x_wconf 82' lang='grc' dir='ltr'>διεπρά-</span> 
     </span>
    </p>
   </div>
   <div class='ocr_carea' id='block_1_97' title="bbox 1916 4678 3493 4755">
    <p class='ocr_par' dir='ltr' id='par_1_97' title="bbox 1916 4678 3493 4755">
     <span class='ocr_line' id='line_1_98' title="bbox 1916 4678 3493 4755; baseline -0.005 -16"><span class='ocrx_word' id='word_1_688' title='bbox 1916 4684 2167 4755; x_wconf 87' lang='lat' dir='ltr'><strong>Cynanes</strong></span> <span class='ocrx_word' id='word_1_689' title='bbox 2220 4682 2334 4754; x_wconf 76' lang='grc'><strong>(46)</strong></span> <span class='ocrx_word' id='word_1_690' title='bbox 2396 4686 2573 4736; x_wconf 83' lang='lat' dir='ltr'><strong>caedes</strong></span> <span class='ocrx_word' id='word_1_691' title='bbox 2650 4682 2873 4746; x_wconf 90' lang='lat' dir='ltr'><strong>accidit,</strong></span> <span class='ocrx_word' id='word_1_692' title='bbox 2941 4694 3101 4750; x_wconf 92' lang='lat' dir='ltr'><strong>quam</strong></span> <span class='ocrx_word' id='word_1_693' title='bbox 3182 4678 3493 4745; x_wconf 85' lang='lat' dir='ltr'><strong>Perdiccas,</strong></span> 
     </span>
    </p>
   </div>
   <div class='ocr_carea' id='block_1_98' title="bbox 1914 4769 3493 4846">
    <p class='ocr_par' dir='ltr' id='par_1_98' title="bbox 1914 4769 3493 4846">
     <span class='ocr_line' id='line_1_99' title="bbox 1914 4769 3493 4846; baseline -0.003 -15"><span class='ocrx_word' id='word_1_694' title='bbox 1914 4776 2144 4846; x_wconf 86' lang='lat' dir='ltr'><strong>ejusque</strong></span> <span class='ocrx_word' id='word_1_695' title='bbox 2197 4774 2368 4830; x_wconf 86' lang='lat' dir='ltr'><strong>frater</strong></span> <span class='ocrx_word' id='word_1_696' title='bbox 2422 4773 2640 4829; x_wconf 86' lang='lat' dir='ltr'><strong>Alcetas</strong></span> <span class='ocrx_word' id='word_1_697' title='bbox 2696 4771 3024 4829; x_wconf 90' lang='lat' dir='ltr'><strong>intulerunt.</strong></span> <span class='ocrx_word' id='word_1_698' title='bbox 3096 4772 3223 4828; x_wconf 61' lang='lat' dir='ltr'><strong>Haec</strong></span> <span class='ocrx_word' id='word_1_699' title='bbox 3269 4769 3493 4841; x_wconf 89' lang='lat' dir='ltr'><strong>Cynane</strong></span> 
     </span>
    </p>
   </div>
   <div class='ocr_carea' id='block_1_99' title="bbox 1459 4911 2139 4971">
    <p class='ocr_par' dir='ltr' id='par_1_99' title="bbox 1459 4911 2139 4971">
     <span class='ocr_line' id='line_1_100' title="bbox 1459 4911 2139 4971; baseline 0.007 -6"><span class='ocrx_word' id='word_1_700' title='bbox 1459 4911 1699 4967; x_wconf 79' lang='lat' dir='ltr'><strong>VARUE</strong></span> <span class='ocrx_word' id='word_1_701' title='bbox 1730 4911 2139 4971; x_wconf 85' lang='lat' dir='ltr'><strong>LECTIONES.</strong></span> 
     </span>
    </p>
   </div>
   <div class='ocr_carea' id='block_1_100' title="bbox 296 4997 747 5065">
    <p class='ocr_par' dir='ltr' id='par_1_100' title="bbox 296 4997 747 5065">
     <span class='ocr_line' id='line_1_101' title="bbox 296 4997 747 5065; baseline 0.002 -12"><span class='ocrx_word' id='word_1_702' title='bbox 296 4997 443 5063; x_wconf 81' lang='grc' dir='ltr'>⁸³εις</span> <span class='ocrx_word' id='word_1_703' title='bbox 473 5018 534 5065; x_wconf 85' lang='grc' dir='ltr'><strong>ς.</strong></span> <span class='ocrx_word' id='word_1_704' title='bbox 611 5001 661 5036; x_wconf 68' lang='grc'><strong>⁸⁸</strong></span> <span class='ocrx_word' id='word_1_705' title='bbox 719 5001 747 5054; x_wconf 89' lang='grc' dir='ltr'><strong>ἐ</strong></span> 
     </span>
    </p>
   </div>
   <div class='ocr_carea' id='block_1_101' title="bbox 222 5066 1256 5143">
    <p class='ocr_par' dir='ltr' id='par_1_101' title="bbox 222 5066 1256 5143">
     <span class='ocr_line' id='line_1_102' title="bbox 222 5066 1256 5143; baseline 0.006 -20"><span class='ocrx_word' id='word_1_706' title='bbox 222 5066 271 5100; x_wconf 76' lang='grc'><strong>⁸⁸</strong></span> <span class='ocrx_word' id='word_1_707' title='bbox 319 5069 573 5143; x_wconf 84' lang='grc' dir='ltr'>Ἀλκετέᾳ</span> <span class='ocrx_word' id='word_1_708' title='bbox 602 5081 661 5127; x_wconf 89' lang='lat' dir='ltr'><strong>et</strong></span> <span class='ocrx_word' id='word_1_709' title='bbox 695 5066 840 5127; x_wconf 75' lang='lat' dir='ltr'><strong>infra</strong></span> <span class='ocrx_word' id='word_1_710' title='bbox 872 5066 1165 5140; x_wconf 72' lang='grc' dir='ltr'>’Δλκετέας</span> <span class='ocrx_word' id='word_1_711' title='bbox 1195 5092 1256 5140; x_wconf 81' lang='grc' dir='ltr'><strong>ς.</strong></span> 
     </span>
    </p>
   </div>
   <div class='ocr_carea' id='block_1_102' title="bbox 753 5003 2921 5080">
    <p class='ocr_par' dir='ltr' id='par_1_102' title="bbox 753 5003 2921 5080">
     <span class='ocr_line' id='line_1_103' title="bbox 753 5003 2921 5080; baseline 0.007 -26"><span class='ocrx_word' id='word_1_712' title='bbox 753 5003 993 5080; x_wconf 72' lang='grc' dir='ltr'>πήνεγκε</span> <span class='ocrx_word' id='word_1_713' title='bbox 1025 5022 1092 5080; x_wconf 62' lang='grc' dir='ltr'><strong>ς.</strong></span> <span class='ocrx_word' id='word_1_714' title='bbox 1161 5004 1209 5038; x_wconf 85' lang='grc'><strong>⁸⁸</strong></span> <span class='ocrx_word' id='word_1_715' title='bbox 1233 5004 1531 5061; x_wconf 82' lang='grc' dir='ltr'>ἀπελίπετο</span> <span class='ocrx_word' id='word_1_716' title='bbox 1553 5022 1615 5070; x_wconf 84' lang='grc' dir='ltr'><strong>ς.</strong></span> <span class='ocrx_word' id='word_1_717' title='bbox 1689 5007 1736 5039; x_wconf 77' lang='grc'>⁸⁸</span> <span class='ocrx_word' id='word_1_718' title='bbox 1758 5006 2045 5064; x_wconf 81' lang='grc' dir='ltr'>Κυδωνίαν</span> <span class='ocrx_word' id='word_1_719' title='bbox 2092 5006 2192 5080; x_wconf 81' lang='grc' dir='ltr'>τὴν</span> <span class='ocrx_word' id='word_1_720' title='bbox 2215 5006 2275 5062; x_wconf 84' lang='grc' dir='ltr'><strong>ἐν</strong></span> <span class='ocrx_word' id='word_1_721' title='bbox 2315 5007 2509 5080; x_wconf 83' lang='grc' dir='ltr'>Κρήτῃ</span> <span class='ocrx_word' id='word_1_722' title='bbox 2539 5022 2601 5070; x_wconf 86' lang='grc' dir='ltr'><strong>ς.</strong></span> <span class='ocrx_word' id='word_1_723' title='bbox 2677 5005 2723 5055; x_wconf 68' lang='grc' dir='ltr'>θῖ</span> <span class='ocrx_word' id='word_1_724' title='bbox 2754 5004 2835 5068; x_wconf 70' lang='grc' dir='ltr'>εἰς</span> <span class='ocrx_word' id='word_1_725' title='bbox 2861 5021 2899 5069; x_wconf 84' lang='grc' dir='ltr'><em>ς</em></span> <span class='ocrx_word' id='word_1_726' title='bbox 2908 5044 2921 5059; x_wconf 79' lang='grc' dir='ltr'><strong><em>ο</em></strong></span> 
     </span>
    </p>
   </div>
   <div class='ocr_carea' id='block_1_103' title="bbox 2999 5002 3490 5075">
    <p class='ocr_par' dir='ltr' id='par_1_103' title="bbox 2999 5002 3490 5075">
     <span class='ocr_line' id='line_1_104' title="bbox 2999 5002 3490 5075; baseline 0.006 -19"><span class='ocrx_word' id='word_1_727' title='bbox 2999 5002 3046 5036; x_wconf 79' lang='grc'><strong>⁸⁸</strong></span> <span class='ocrx_word' id='word_1_728' title='bbox 3068 5003 3392 5075; x_wconf 82' lang='grc' dir='ltr'>Τευχερῖται</span> <span class='ocrx_word' id='word_1_729' title='bbox 3425 5004 3490 5059; x_wconf 81' lang='grc' dir='ltr'>Α.</span> 
     </span>
    </p>
   </div>
   <div class='ocr_carea' id='block_1_104' title="bbox 1700 5170 1938 5229">
    <p class='ocr_par' dir='ltr' id='par_1_104' title="bbox 1700 5170 1938 5229">
     <span class='ocr_line' id='line_1_105' title="bbox 1700 5170 1938 5229; baseline 0.017 -4"><span class='ocrx_word' id='word_1_730' title='bbox 1700 5170 1938 5229; x_wconf 60' lang='lat' dir='ltr'><strong>NOTAE.</strong></span> 
     </span>
    </p>
   </div>
   <div class='ocr_carea' id='block_1_105' title="bbox 299 5253 1805 5326">
    <p class='ocr_par' dir='ltr' id='par_1_105' title="bbox 299 5253 1805 5326">
     <span class='ocr_line' id='line_1_106' title="bbox 299 5253 1805 5326; baseline 0.007 -19"><span class='ocrx_word' id='word_1_731' title='bbox 299 5253 419 5323; x_wconf 71' lang='lat'><strong>(40)</strong></span> <span class='ocrx_word' id='word_1_732' title='bbox 441 5254 578 5326; x_wconf 81' lang='lat' dir='ltr'><strong>Vide</strong></span> <span class='ocrx_word' id='word_1_733' title='bbox 607 5256 709 5312; x_wconf 90' lang='lat' dir='ltr'><strong>inf.</strong></span> <span class='ocrx_word' id='word_1_734' title='bbox 744 5258 868 5315; x_wconf 92' lang='lat' dir='ltr'><strong>cod.</strong></span> <span class='ocrx_word' id='word_1_735' title='bbox 908 5257 1039 5326; x_wconf 64' lang='grc' dir='ltr'><strong>ΞΠ,</strong></span> <span class='ocrx_word' id='word_1_736' title='bbox 1081 5268 1137 5316; x_wconf 92' lang='lat' dir='ltr'><strong>et</strong></span> <span class='ocrx_word' id='word_1_737' title='bbox 1182 5260 1464 5316; x_wconf 85' lang='lat' dir='ltr'><strong>Plutarch.</strong></span> <span class='ocrx_word' id='word_1_738' title='bbox 1494 5260 1593 5318; x_wconf 86' lang='lat' dir='ltr'><strong>lib.</strong></span> <span class='ocrx_word' id='word_1_739' title='bbox 1619 5262 1805 5319; x_wconf 87' lang='lat' dir='ltr'><strong>decem</strong></span> 
     </span>
    </p>
   </div>
   <div class='ocr_carea' id='block_1_106' title="bbox 215 5322 781 5383">
    <p class='ocr_par' dir='ltr' id='par_1_106' title="bbox 215 5322 781 5383">
     <span class='ocr_line' id='line_1_107' title="bbox 215 5322 781 5383; baseline 0.007 -4"><span class='ocrx_word' id='word_1_740' title='bbox 215 5322 447 5380; x_wconf 66' lang='lat' dir='ltr'><strong>Gracia:</strong></span> <span class='ocrx_word' id='word_1_741' title='bbox 468 5325 781 5383; x_wconf 88' lang='lat' dir='ltr'><strong>Oratornm.</strong></span> 
     </span>
    </p>
   </div>
   <div class='ocr_carea' id='block_1_107' title="bbox 304 5393 1809 5464">
    <p class='ocr_par' dir='ltr' id='par_1_107' title="bbox 304 5393 1809 5464">
     <span class='ocr_line' id='line_1_108' title="bbox 304 5393 1809 5464; baseline 0.007 -16"><span class='ocrx_word' id='word_1_742' title='bbox 304 5393 421 5464; x_wconf 78' lang='grc'><strong>(41)</strong></span> <span class='ocrx_word' id='word_1_743' title='bbox 448 5394 750 5453; x_wconf 84' lang='lat' dir='ltr'><strong>Pausanias</strong></span> <span class='ocrx_word' id='word_1_744' title='bbox 782 5406 964 5456; x_wconf 88' lang='lat' dir='ltr'><strong>tamen</strong></span> <span class='ocrx_word' id='word_1_745' title='bbox 988 5399 1045 5458; x_wconf 92' lang='lat' dir='ltr'><strong>in</strong></span> <span class='ocrx_word' id='word_1_746' title='bbox 1074 5399 1440 5459; x_wconf 80' lang='lat' dir='ltr'><strong>Corinthiacis</strong></span> <span class='ocrx_word' id='word_1_747' title='bbox 1468 5416 1500 5457; x_wconf 93' lang='lat' dir='ltr'><strong>a</strong></span> <span class='ocrx_word' id='word_1_748' title='bbox 1535 5416 1696 5459; x_wconf 85' lang='lat' dir='ltr'><strong>servo</strong></span> <span class='ocrx_word' id='word_1_749' title='bbox 1730 5402 1809 5459; x_wconf 88' lang='lat' dir='ltr'><strong>in-</strong></span> 
     </span>
    </p>
   </div>
   <div class='ocr_carea' id='block_1_108' title="bbox 227 5463 803 5536">
    <p class='ocr_par' dir='ltr' id='par_1_108' title="bbox 227 5463 803 5536">
     <span class='ocr_line' id='line_1_109' title="bbox 227 5463 803 5536; baseline 0.014 -20"><span class='ocrx_word' id='word_1_750' title='bbox 227 5463 525 5536; x_wconf 70' lang='lat' dir='ltr'><strong>terfectum</strong></span> <span class='ocrx_word' id='word_1_751' title='bbox 559 5468 803 5536; x_wconf 79' lang='lat' dir='ltr'><strong>scripsit.</strong></span> 
     </span>
    </p>
   </div>
   <div class='ocr_carea' id='block_1_109' title="bbox 304 5532 1808 5613">
    <p class='ocr_par' dir='ltr' id='par_1_109' title="bbox 304 5532 1808 5613">
     <span class='ocr_line' id='line_1_110' title="bbox 304 5532 1808 5613; baseline 0.009 -29"><span class='ocrx_word' id='word_1_752' title='bbox 304 5532 422 5613; x_wconf 56' lang='grc' dir='ltr'><strong>μᾷ)</strong></span> <span class='ocrx_word' id='word_1_753' title='bbox 435 5538 496 5613; x_wconf 42' lang='grc' dir='ltr'>ἐκ</span> <span class='ocrx_word' id='word_1_754' title='bbox 526 5532 699 5613; x_wconf 64' lang='lat' dir='ltr'><strong>Barce</strong></span> <span class='ocrx_word' id='word_1_755' title='bbox 725 5536 869 5613; x_wconf 55' lang='lat' dir='ltr'><strong>(quae</strong></span> <span class='ocrx_word' id='word_1_756' title='bbox 906 5548 1031 5613; x_wconf 88' lang='lat' dir='ltr'><strong>po_s_t</strong></span> <span class='ocrx_word' id='word_1_757' title='bbox 1061 5540 1375 5613; x_wconf 7' lang='lat' dir='ltr'><strong>Ptolemais,</strong></span> <span class='ocrx_word' id='word_1_758' title='bbox 1397 5542 1539 5598; x_wconf 89' lang='lat' dir='ltr'><strong>dicta</strong></span> <span class='ocrx_word' id='word_1_759' title='bbox 1577 5557 1808 5613; x_wconf 78' lang='lat' dir='ltr'><strong>geogra-</strong></span> 
     </span>
    </p>
   </div>
   <div class='ocr_carea' id='block_1_110' title="bbox 218 5601 1800 5681">
    <p class='ocr_par' dir='ltr' id='par_1_110' title="bbox 218 5601 1800 5681">
     <span class='ocr_line' id='line_1_111' title="bbox 218 5601 1800 5681; baseline 0.009 -28"><span class='ocrx_word' id='word_1_760' title='bbox 218 5601 389 5681; x_wconf 58' lang='lat' dir='ltr'><strong>EIIiS)</strong></span> <span class='ocrx_word' id='word_1_761' title='bbox 427 5604 630 5681; x_wconf 63' lang='lat' dir='ltr'><strong>Barcini</strong></span> <span class='ocrx_word' id='word_1_762' title='bbox 662 5601 923 5681; x_wconf 74' lang='lat' dir='ltr'><strong>appellati</strong></span> <span class='ocrx_word' id='word_1_763' title='bbox 963 5610 1447 5681; x_wconf 45' lang='lat' dir='ltr'><strong>MaroniLBarcita:</strong></span> <span class='ocrx_word' id='word_1_764' title='bbox 1487 5601 1800 5677; x_wconf 49' lang='lat' dir='ltr'><strong>Ptolemva‘o,</strong></span> 
     </span>
    </p>
   </div>
   <div class='ocr_carea' id='block_1_111' title="bbox 216 5671 1808 5798">
    <p class='ocr_par' dir='ltr' id='par_1_111' title="bbox 216 5671 1808 5798">
     <span class='ocr_line' id='line_1_112' title="bbox 216 5671 1808 5798; baseline 0.006 -71"><span class='ocrx_word' id='word_1_765' title='bbox 216 5671 782 5798; x_wconf 47' lang='lat' dir='ltr'><strong>gfggtgnsynesio.</strong></span> <span class='ocrx_word' id='word_1_766' title='bbox 813 5680 952 5737; x_wconf 82' lang='lat' dir='ltr'><strong>Hinc</strong></span> <span class='ocrx_word' id='word_1_767' title='bbox 1008 5671 1460 5739; x_wconf 41' lang='lat' dir='ltr'><strong>etiamHBarceus</strong></span> <span class='ocrx_word' id='word_1_768' title='bbox 1513 5671 1808 5739; x_wconf 48' lang='lat' dir='ltr'><strong>derivatus&#39;.</strong></span> 
     </span>
    </p>
   </div>
   <div class='ocr_carea' id='block_1_112' title="bbox 279 5759 578 5811">
    <p class='ocr_par' dir='ltr' id='par_1_112' title="bbox 279 5759 578 5811">
     <span class='ocr_line' id='line_1_113' title="bbox 279 5759 578 5811; baseline 0.01 -16"><span class='ocrx_word' id='word_1_769' title='bbox 279 5759 388 5811; x_wconf 55' lang='lat' dir='ltr'><strong>tu;</strong></span> <span class='ocrx_word' id='word_1_770' title='bbox 398 5759 578 5811; x_wconf 68' lang='lat' dir='ltr'><strong>mem).</strong></span> 
     </span>
    </p>
   </div>
   <div class='ocr_carea' id='block_1_113' title="bbox 304 5809 1801 5894">
    <p class='ocr_par' dir='ltr' id='par_1_113' title="bbox 304 5809 1801 5894">
     <span class='ocr_line' id='line_1_114' title="bbox 304 5809 1801 5894; baseline 0.005 -24"><span class='ocrx_word' id='word_1_771' title='bbox 304 5809 425 5883; x_wconf 69' lang='grc'><strong>(43)</strong></span> <span class='ocrx_word' id='word_1_772' title='bbox 438 5809 566 5882; x_wconf 63' lang='lat' dir='ltr'><strong>Qum</strong></span> <span class='ocrx_word' id='word_1_773' title='bbox 576 5814 871 5878; x_wconf 72' lang='lat' dir='ltr'><strong>Ptolemaeo</strong></span> <span class='ocrx_word' id='word_1_774' title='bbox 893 5830 949 5878; x_wconf 85' lang='lat' dir='ltr'><strong>et</strong></span> <span class='ocrx_word' id='word_1_775' title='bbox 965 5822 1116 5881; x_wconf 58' lang='lat' dir='ltr'><strong>Mela</strong></span> <span class='ocrx_word' id='word_1_776' title='bbox 1133 5822 1357 5879; x_wconf 70' lang='lat' dir='ltr'><strong>Arsinoe</strong></span> <span class='ocrx_word' id='word_1_777' title='bbox 1376 5832 1461 5881; x_wconf 78' lang='lat' dir='ltr'><strong>est</strong></span> <span class='ocrx_word' id='word_1_778' title='bbox 1474 5822 1801 5894; x_wconf 75' lang='lat' dir='ltr'><strong>Cyrenaicw.</strong></span> 
     </span>
    </p>
   </div>
   <div class='ocr_carea' id='block_1_114' title="bbox 1919 5257 3411 5337">
    <p class='ocr_par' dir='ltr' id='par_1_114' title="bbox 1919 5257 3411 5337">
     <span class='ocr_line' id='line_1_115' title="bbox 1919 5257 3411 5337; baseline -0.009 -15"><span class='ocrx_word' id='word_1_779' title='bbox 1919 5265 2047 5324; x_wconf 62' lang='lat' dir='ltr'><strong>Haec</strong></span> <span class='ocrx_word' id='word_1_780' title='bbox 2074 5277 2256 5324; x_wconf 91' lang='lat' dir='ltr'><strong>autem</strong></span> <span class='ocrx_word' id='word_1_781' title='bbox 2283 5266 2429 5337; x_wconf 80' lang='lat' dir='ltr'><strong>regio</strong></span> <span class='ocrx_word' id='word_1_782' title='bbox 2450 5263 2627 5337; x_wconf 84' lang='lat' dir='ltr'><strong>Plinio</strong></span> <span class='ocrx_word' id='word_1_783' title='bbox 2651 5262 2961 5337; x_wconf 67' lang='lat' dir='ltr'><strong>Pentapoli:</strong></span> <span class='ocrx_word' id='word_1_784' title='bbox 2992 5259 3171 5329; x_wconf 74' lang='lat' dir='ltr'><strong>Libya:</strong></span> <span class='ocrx_word' id='word_1_785' title='bbox 3200 5257 3411 5337; x_wconf 76' lang='lat' dir='ltr'><strong>dicitur.</strong></span> 
     </span>
    </p>
   </div>
   <div class='ocr_carea' id='block_1_115' title="bbox 1988 5328 3488 5408">
    <p class='ocr_par' dir='ltr' id='par_1_115' title="bbox 1988 5328 3488 5408">
     <span class='ocr_line' id='line_1_116' title="bbox 1988 5328 3488 5408; baseline -0.009 -15"><span class='ocrx_word' id='word_1_786' title='bbox 1988 5337 2107 5408; x_wconf 88' lang='grc'><strong>(44)</strong></span> <span class='ocrx_word' id='word_1_787' title='bbox 2139 5328 2410 5408; x_wconf 64' lang='lat' dir='ltr'><strong>Antipatri</strong></span> <span class='ocrx_word' id='word_1_788' title='bbox 2441 5336 2603 5408; x_wconf 81' lang='lat' dir='ltr'><strong>ﬁlius,</strong></span> <span class='ocrx_word' id='word_1_789' title='bbox 2634 5343 2763 5389; x_wconf 90' lang='lat' dir='ltr'><strong>natu</strong></span> <span class='ocrx_word' id='word_1_790' title='bbox 2802 5328 3215 5408; x_wconf 49' lang='lat' dir='ltr'><strong>mininius,:qu_i</strong></span> <span class='ocrx_word' id='word_1_791' title='bbox 3245 5328 3488 5408; x_wconf 61' lang='lat' dir='ltr'><strong>Alexan-</strong></span> 
     </span>
    </p>
   </div>
   <div class='ocr_carea' id='block_1_116' title="bbox 1917 5399 3489 5529">
    <p class='ocr_par' dir='ltr' id='par_1_116' title="bbox 1917 5399 3489 5529">
     <span class='ocr_line' id='line_1_117' title="bbox 1917 5399 3489 5529; baseline -0.006 -68"><span class='ocrx_word' id='word_1_792' title='bbox 1917 5399 2016 5529; x_wconf 43' lang='grc' dir='ltr'><strong>ἀρᾷ</strong></span> <span class='ocrx_word' id='word_1_793' title='bbox 2044 5399 2312 5464; x_wconf 75' lang='lat' dir='ltr'><strong>venenum</strong></span> <span class='ocrx_word' id='word_1_794' title='bbox 2354 5406 2676 5477; x_wconf 87' lang='lat' dir='ltr'><strong>propinasse</strong></span> <span class='ocrx_word' id='word_1_795' title='bbox 2714 5403 2946 5458; x_wconf 90' lang='lat' dir='ltr'><strong>traditur</strong></span> <span class='ocrx_word' id='word_1_796' title='bbox 2972 5403 3040 5454; x_wconf 86' lang='lat' dir='ltr'><strong>ab</strong></span> <span class='ocrx_word' id='word_1_797' title='bbox 3080 5399 3316 5453; x_wconf 87' lang='lat' dir='ltr'><strong>Arriano</strong></span> <span class='ocrx_word' id='word_1_798' title='bbox 3369 5399 3489 5467; x_wconf 86' lang='lat' dir='ltr'><strong>ipso</strong></span> 
     </span>
     <span class='ocr_line' id='line_1_118' title="bbox 1917 5492 2167 5529; baseline 0 0"><span class='ocrx_word' id='word_1_799' title='bbox 1917 5492 1945 5529; x_wconf 76' lang='lat' dir='ltr'><strong><em>a</em></strong></span> <span class='ocrx_word' id='word_1_800' title='bbox 1972 5493 2167 5529; x_wconf 84' lang='lat' dir='ltr'><strong>tlsaue.</strong></span> 
     </span>
    </p>
   </div>
   <div class='ocr_carea' id='block_1_117' title="bbox 1916 5492 2167 5533">
    <p class='ocr_par' dir='ltr' id='par_1_117' title="bbox 1916 5492 2167 5533">
     <span class='ocr_line' id='line_1_119' title="bbox 1916 5492 2167 5533; baseline 0.012 -4"><span class='ocrx_word' id='word_1_801' title='bbox 1916 5492 2167 5533; x_wconf 86' lang='lat' dir='ltr'><strong>amsane.</strong></span> 
     </span>
    </p>
   </div>
   <div class='ocr_carea' id='block_1_118' title="bbox 1989 5493 3494 5618">
    <p class='ocr_par' dir='ltr' id='par_1_118' title="bbox 1989 5493 3494 5618">
     <span class='ocr_line' id='line_1_120' title="bbox 1989 5493 3494 5618; baseline -0.007 -17"><span class='ocrx_word' id='word_1_802' title='bbox 1989 5493 2335 5618; x_wconf 56' lang='grc' dir='ltr'>ίῗέίῖθέυειίη.</span> <span class='ocrx_word' id='word_1_803' title='bbox 2360 5548 2479 5600; x_wconf 86' lang='lat' dir='ltr'><strong>haec</strong></span> <span class='ocrx_word' id='word_1_804' title='bbox 2505 5543 2663 5618; x_wconf 76' lang='lat' dir='ltr'><strong>aliter</strong></span> <span class='ocrx_word' id='word_1_805' title='bbox 2689 5541 2870 5618; x_wconf 69' lang='lat' dir='ltr'><strong>paulo,</strong></span> <span class='ocrx_word' id='word_1_806' title='bbox 2892 5549 3014 5594; x_wconf 90' lang='lat' dir='ltr'><strong>astu</strong></span> <span class='ocrx_word' id='word_1_807' title='bbox 3040 5545 3327 5607; x_wconf 87' lang='lat' dir='ltr'><strong>utramque</strong></span> <span class='ocrx_word' id='word_1_808' title='bbox 3346 5549 3494 5607; x_wconf 66' lang='lat' dir='ltr'><strong>qua:-</strong></span> 
     </span>
    </p>
   </div>
   <div class='ocr_carea' id='block_1_119' title="bbox 1926 5611 3011 5681">
    <p class='ocr_par' dir='ltr' id='par_1_119' title="bbox 1926 5611 3011 5681">
     <span class='ocr_line' id='line_1_121' title="bbox 1926 5611 3011 5681; baseline -0.01 -7"><span class='ocrx_word' id='word_1_809' title='bbox 1926 5611 2111 5680; x_wconf 57' lang='lat' dir='ltr'><strong>sitam&#39;,</strong></span> <span class='ocrx_word' id='word_1_810' title='bbox 2146 5629 2393 5674; x_wconf 89' lang='lat' dir='ltr'><strong>neutram</strong></span> <span class='ocrx_word' id='word_1_811' title='bbox 2419 5611 2764 5681; x_wconf 87' lang='lat' dir='ltr'><strong>acquisitam,</strong></span> <span class='ocrx_word' id='word_1_812' title='bbox 2794 5611 2888 5681; x_wconf 83' lang='lat' dir='ltr'><strong>lib.</strong></span> <span class='ocrx_word' id='word_1_813' title='bbox 2910 5625 3011 5664; x_wconf 83' lang='lat' dir='ltr'><strong>xu.</strong></span> 
     </span>
    </p>
   </div>
   <div class='ocr_carea' id='block_1_120' title="bbox 1997 5676 3494 5756">
    <p class='ocr_par' dir='ltr' id='par_1_120' title="bbox 1997 5676 3494 5756">
     <span class='ocr_line' id='line_1_122' title="bbox 1997 5676 3494 5756; baseline -0.009 -15"><span class='ocrx_word' id='word_1_814' title='bbox 1997 5676 2110 5756; x_wconf 80' lang='grc'><strong>(46)</strong></span> <span class='ocrx_word' id='word_1_815' title='bbox 2144 5687 2197 5741; x_wconf 80' lang='grc' dir='ltr'><strong>ιιι</strong></span> <span class='ocrx_word' id='word_1_816' title='bbox 2219 5689 2364 5743; x_wconf 82' lang='lat' dir='ltr'><strong>edito</strong></span> <span class='ocrx_word' id='word_1_817' title='bbox 2375 5676 2615 5756; x_wconf 66' lang='lat' dir='ltr'><strong>Arriano</strong></span> <span class='ocrx_word' id='word_1_818' title='bbox 2649 5682 2770 5756; x_wconf 63' lang='lat' dir='ltr'><strong>haec</strong></span> <span class='ocrx_word' id='word_1_819' title='bbox 2790 5678 2937 5756; x_wconf 69' lang='lat' dir='ltr'><strong>Cyna</strong></span> <span class='ocrx_word' id='word_1_820' title='bbox 2956 5688 3205 5756; x_wconf 75' lang='lat' dir='ltr'><strong>vocatur,</strong></span> <span class='ocrx_word' id='word_1_821' title='bbox 3234 5676 3494 5756; x_wconf 72' lang='lat' dir='ltr'><strong>Athenaeo</strong></span> 
     </span>
    </p>
   </div>
   <div class='ocr_carea' id='block_1_121' title="bbox 1920 5746 3490 5829">
    <p class='ocr_par' dir='ltr' id='par_1_121' title="bbox 1920 5746 3490 5829">
     <span class='ocr_line' id='line_1_123' title="bbox 1920 5746 3490 5829; baseline -0.01 -16"><span class='ocrx_word' id='word_1_822' title='bbox 1920 5746 2106 5829; x_wconf 67' lang='lat' dir='ltr'><strong>Cyimd</strong></span> <span class='ocrx_word' id='word_1_823' title='bbox 2128 5757 2219 5815; x_wconf 86' lang='lat' dir='ltr'><strong>lib.</strong></span> <span class='ocrx_word' id='word_1_824' title='bbox 2255 5773 2353 5815; x_wconf 78' lang='lat' dir='ltr'><strong>xu.</strong></span> <span class='ocrx_word' id='word_1_825' title='bbox 2374 5753 2517 5824; x_wconf 79' lang='lat' dir='ltr'><strong>Lege</strong></span> <span class='ocrx_word' id='word_1_826' title='bbox 2548 5753 2614 5808; x_wconf 89' lang='lat' dir='ltr'><strong>de</strong></span> <span class='ocrx_word' id='word_1_827' title='bbox 2644 5768 2708 5808; x_wconf 84' lang='lat' dir='ltr'><strong>ca</strong></span> <span class='ocrx_word' id='word_1_828' title='bbox 2736 5746 2972 5821; x_wconf 79' lang='lat' dir='ltr'><strong>Polyaen.</strong></span> <span class='ocrx_word' id='word_1_829' title='bbox 3001 5749 3103 5810; x_wconf 82' lang='lat' dir='ltr'><strong>sub</strong></span> <span class='ocrx_word' id='word_1_830' title='bbox 3130 5750 3225 5805; x_wconf 85' lang='lat' dir='ltr'><strong>lin.</strong></span> <span class='ocrx_word' id='word_1_831' title='bbox 3258 5746 3355 5804; x_wconf 76' lang='lat' dir='ltr'><strong>lib.</strong></span> <span class='ocrx_word' id='word_1_832' title='bbox 3375 5760 3490 5801; x_wconf 78' lang='lat' dir='ltr'><strong>vni.</strong></span> 
     </span>
    </p>
   </div>
  </div>
