3942 6234
272 303 373 369 309

1405 290 1933 360 BIBLIOTHECA.
1965 316 2036 327 --
2059 292 2222 355 COD.
2260 295 2444 356 XCII.

3445 293 3552 359 310

273 417 431 486 τερδς
448 413 507 468 δὲ
528 411 637 468 ὑπό
661 429 829 469 τινων
850 411 1224 483 Παφλαγόνων
1240 450 1254 476 ,
1275 409 1512 480 ἀφειδῶς
1533 407 1667 478 πρὸς
1689 404 1866 457 πάντα

1980 403 2195 468 cecidit,
2267 405 2353 459 vir
2403 412 2601 458 caetera
2655 401 2929 468 militaris,
2977 411 3034 458 et
3080 401 3222 458 bello
3273 409 3550 459 strenuus.

274 505 585 577 μαχόμενος
633 505 734 558 καὶ
776 505 974 576 χωρῶν
1003 504 1143 558 ὥστε
1178 501 1520 573 γνωσθῆναι⁶
1572 499 1687 552 ἀλλ’
1721 497 1860 566 ἔφθη

271 596 459 650 πεσὼν
511 596 587 667 μὴ
641 596 945 665 γνωσθεὶς,
995 592 1171 647 καίτοι
1201 592 1298 646 καὶ
1339 591 1438 661 τὴν
1478 589 1714 644 καυσίαν
1758 588 1861 657 τῆς

273 689 524 759 κεφαλῆς
552 686 790 759 ἀφελών.
831 687 898 740 Ἦ
947 686 1130 756 μέντοι
1158 684 1299 756 πεζὴ
1324 683 1554 754 στρατιά
1589 681 1703 734 σώα
1725 681 1862 752 πρὸς

283 780 647 849 Ἀντίπατρον
675 780 742 832 ὲκ
763 778 861 832 τοῦ
892 777 1131 849 πολέμου
1157 776 1492 847 παρεγένετο
1512 817 1528 842 ,
1561 773 1590 826 ὃ
1619 773 1713 827 καὶ
1758 771 1820 824 τὸ
1841 771 1863 803 ⁸

273 869 412 925 πολὺ
438 869 544 942 τῆς
566 869 806 940 ἀθυμίας
834 869 1192 938 ἐπεκούφισε.

344 1134 723 1207 Παραγίνεται
750 1134 863 1189 ἀπὸ
888 1134 1187 1207 Δαμασκοῦ
1234 1133 1541 1207 Περδίκκας
1587 1133 1675 1188 ἐπ’
1699 1134 1868 1202 Αῐγυ-

275 1245 410 1282 πτον
444 1229 546 1283 σὺν
584 1231 697 1293 τοῖς
727 1227 1009 1299 βασιλεῦσι
1058 1228 1154 1282 καὶ
1192 1229 1260 1298 τῇ
1293 1227 1518 1298 δυνάμει
1545 1225 1869 1298 Πτολεμαίῳ

275 1318 612 1392 πολεμῆσαι.
647 1321 1052 1392 Κατηγορήσας
1098 1320 1156 1373 δὲ
1196 1320 1537 1390 Πτολεμαίου
1561 1359 1576 1387 ,
1614 1319 1868 1373 κάκείνου

275 1409 370 1464 ἐπὶ
396 1409 498 1462 τοῦ
528 1410 803 1482 πλήθουςδ
831 1409 1206 1480 ἀπολυομένου
1235 1407 1569 1479 τάςξαίτίας,
1597 1407 1691 1459 καὶ
1713 1405 1871 1472 δόξας

278 1503 356 1575 μὴ
407 1503 598 1558 δίκαια
650 1503 966 1568 ἐπικαλεῖν,
998 1505 1149 1574 ὅμως
1198 1501 1294 1555 καὶ
1342 1500 1438 1554 τοῦ
1489 1500 1728 1571 πλήθους
1772 1498 1872 1568 οὐχ

278 1597 500 1661 ἑκόντος
529 1597 778 1668 πολεμεῖ.
814 1598 925 1650 Καὶ
952 1595 1034 1661 δὶς
1064 1595 1326 1668 ἡττηθεὶς
1343 1635 1360 1659 ,
1384 1595 1482 1649 καὶ
1503 1594 1707 1666 τραχὺς
1736 1593 1872 1666 πρὸς

277 1691 407 1752 τοὺς
437 1690 458 1721 ⁸
502 1689 657 1761 παρὰ
711 1688 1047 1758 Πτολεμαῖον
1109 1688 1393 1751 ἐθέλοντας
1445 1687 1694 1758 χωρῆσαι
1746 1685 1867 1738 λίαν

279 1783 584 1848 καταστὰς,
620 1783 717 1837 καὶ
747 1782 956 1836 τᾶλλατ
993 1785 1058 1853 τῇ
1106 1783 1336 1852 στρατιᾷ
1370 1780 1805 1851 ὑπερογκότερον
1833 1778 1865 1849 ἢ

279 1879 424 1932 κατὰ
476 1877 782 1950 στρατηγὸν
830 1877 1312 1949 προσφερόμενος,
1368 1872 1474 1926 ὑπὸ
1523 1871 1617 1926 τοῦ
1665 1869 1868 1924 οἰκείου

280 1969 525 2039 πλήθους
559 1969 670 2022 τῶν
702 1970 916 2022 ἱππέων
946 1970 1277 2038 ἀναιρεῖται,
1311 1966 1625 2038 μαχόμενος
1652 1966 1744 2018 καὶ
1772 1966 1871 2019 αύ-

277 2061 390 2125 τός.
423 2061 766 2132 Πτολεμαῖος
818 2061 877 2115 δὲ
926 2061 1064 2132 μετά
1114 2061 1214 2130 τὴν
1255 2060 1537 2130 ἀναίρεσιν
1565 2058 1868 2129 Περδίκκου

279 2152 418 2223 πρός
458 2168 521 2204 τε
569 2153 700 2216 τοὺς
745 2151 984 2222 βασιλεῖς
1029 2151 1343 2223 ἐπεραιώθη
1393 2150 1486 2203 τὸν
1529 2149 1745 2214 Νεῖλον,
1775 2149 1870 2202 καὶ

276 2244 473 2317 εώροις
500 2244 1046 2317 φιλοφρονησάμενος
1085 2247 1180 2299 κοιλ⁵
1216 2248 1285 2316 τῇ
1318 2243 1455 2317 ἄλλῃ
1488 2243 1774 2315 θεραπείᾳ,
1808 2242 1867 2295 ού

282 2337 446 2406 μόνον
476 2337 536 2390 δὲ
572 2336 710 2390 ἀλλά
743 2337 839 2390 καὶ
873 2339 999 2400 τοὺς
1042 2339 1158 2390 ὅσοι
1188 2339 1246 2390 ὲν
1274 2336 1418 2390 τέλει
1446 2335 1794 2392 Μακεδόνων.
1812 2335 1870 2388 Ὀ

278 2431 336 2484 δὲ
359 2433 460 2484 καὶ
485 2433 605 2495 τοῖς
636 2430 940 2502 Περδίκκου
973 2430 1149 2501 φίλοις
1183 2430 1584 2500 συναχθόμενός
1624 2447 1686 2483 τε
1714 2429 1873 2500 δῆλος

278 2523 523 2592 ἐγένετο,
559 2523 656 2577 καὶ
699 2523 846 2586 ὅσοις
888 2541 940 2575 τι
991 2522 1238 2576 κινδύνου
1276 2521 1396 2575 ξ-Ξτιει
1437 2524 1504 2576 ὲκ
1543 2523 1872 2577 Μακεδόνων

278 2616 614 2670 ὑπελείπετο
632 2657 648 2682 ,
687 2617 783 2670 καὶ
812 2616 1034 2679 τούτους
1063 2616 1368 2681 ἀπαλλάξαι
1401 2617 1495 2669 τοῦ
1523 2616 1675 2679 δέους
1709 2616 1874 2670 παντὶ

276 2709 470 2780 τρόπῳ
493 2708 887 2762 διεσπούδασεν
907 2723 922 2739 ⁶
956 2709 1041 2777 ἐφ’
1065 2702 1147 2772 οἷς
1170 2709 1486 2780 παραυτίκα
1513 2725 1572 2761 τε
1599 2710 1695 2762 καὶ
1728 2709 1786 2772 ὲς
1813 2709 1874 2760 τὸ

277 2801 476 2855 ἔπειτα
509 2800 818 2871 εὐδοκιμῶν
846 2799 1196 2869 ἐγινώσκετο.
1231 2801 1522 2872 Συνεδρίου
1573 2802 1630 2855 δὲ
1674 2817 1873 2872 κροτη-

279 2892 471 2955 θέντος
497 2892 764 2962 ἄρχοντες
806 2892 905 2962 μὲν
938 2893 1039 2963 τῆς
1069 2894 1250 2965 πάσης
1276 2893 1559 2963 δυνάμεως
1588 2895 1710 2947 ἀντὶ
1741 2895 1878 2964 Περ-

275 2985 469 3040 δίκκου
505 2987 721 3040 Πίθων⁸
750 2986 844 3040 καὶ
862 2985 1170 3058 Ἀρριδαῖος
1205 2991 1265 3042 ὲν
1289 2987 1367 3058 τῷ
1396 2989 1534 3053 τέως
1562 2989 1872 3060 ἀνερρήθη-

1966 495 2229 550 Craterus
2257 505 2437 549 autem
2469 496 2522 550 in
2554 495 2772 550 obvium
2805 507 3076 564 quemque
3131 493 3405 562 intrepide
3454 509 3552 560 pu-

1966 601 2166 658 gnans,
2224 595 2388 657 atque
2438 588 2510 642 ita
2570 586 2831 642 incedens
2877 596 2934 640 ut
2980 584 3234 655 cognosci
3287 583 3550 653 potuerit,

1967 682 2140 737 nihilo
2201 688 2378 734 tamen
2429 679 2611 736 secius
2658 694 2690 734 a
2743 677 3179 747 Paphlagonibus
3228 673 3550 746 quibusdam

1942 774 2280 844 incognitus
2321 771 2610 834 occiditur,
2644 769 2858 824 tametsi
2907 769 2999 823 ille
3043 767 3278 822 maxime
3308 765 3549 821 causiam

1967 866 2146 934 capite
2201 863 2512 933 dejecisset.
2559 863 2813 915 Attamen
2867 859 3152 929 pedestres
3183 857 3355 927 copiae
3388 856 3552 911 salva:

1967 957 2034 1011 ad
2064 957 2408 1025 Antipatrum
2452 969 2484 1008 c
2535 953 2730 1024 proelio
2767 953 3074 1017 redierunt;
3125 965 3246 1021 quae
3297 965 3385 1006 res
3432 952 3552 1005 ani-

1969 1062 2113 1103 mum
2147 1047 2404 1112 reddidit,
2440 1053 2752 1113 metumque
2777 1042 2994 1097 minuit.

2039 1137 2328 1192 Perdiccas
2353 1135 2617 1189 Damasco
2675 1132 2985 1203 profectus,
3038 1133 3302 1189 adversus
3369 1131 3555 1187 Ptole-

1970 1246 2166 1287 meeum
2223 1229 2356 1299 Lagi
2409 1228 2469 1284 F.
2519 1227 2910 1291 dimicaturus,
2966 1226 3020 1280 in
3074 1224 3372 1297 Egyptum
3425 1239 3551 1280 cum

1971 1325 2195 1395 regibus
2247 1320 2358 1391 (49)
2405 1328 2462 1376 et
2515 1319 2690 1389 copiis
2745 1320 2914 1374 venit.
2965 1316 3316 1373 Ptolemaeum
3371 1316 3555 1386 itaque

1972 1433 2095 1473 cum
2130 1422 2464 1476 accusasset,
2497 1421 2659 1480 atque
2705 1411 2794 1465 ille
2841 1408 3056 1478 objecta
3093 1409 3325 1462 crimina
3371 1422 3552 1461 coram

1975 1506 2317 1563 multitudine
2381 1506 2456 1558 ita
2517 1510 2825 1573 purgasset,
2886 1507 2945 1553 ut
3005 1496 3204 1568 injuste
3264 1507 3554 1552 accusatus

1974 1599 2273 1662 videretur,
2306 1596 2504 1651 bellum
2544 1607 2746 1660 tamen,
2782 1600 3118 1662 repugnante
3152 1589 3281 1643 licet
3319 1589 3554 1643 militum

1977 1692 2157 1762 vulgo,
2201 1689 2486 1745 Perdiccas
2531 1685 2722 1740 infert.
2772 1683 2891 1750 Quo
2936 1684 2988 1737 in
3011 1681 3155 1737 bello
3193 1681 3307 1751 jam
3354 1681 3554 1737 iterum

1969 1785 2170 1851 victus,
2209 1783 2384 1850 iisque
2431 1780 2678 1850 asperior
2730 1775 2908 1831 factus
2954 1776 3046 1845 qui
3093 1775 3160 1828 ad
3205 1775 3554 1828 Ptolemaeum

1971 1877 2207 1932 transire
2262 1874 2482 1937 vellent,
2527 1880 2725 1926 caetera
2781 1868 2948 1923 etiam
3007 1867 3062 1922 in
3115 1867 3314 1921 castris
3366 1879 3558 1935 super-

1969 1971 2091 2025 bior
2124 1965 2262 2038 (50),
2295 1981 2459 2035 quam
2503 1963 2890 2032 imperatorem
2925 1959 3162 2022 deceret,
3203 1973 3234 2010 a
3280 1957 3396 2012 suis
3441 1956 3558 2024 ipse

1971 2059 2246 2130 equitibus
2293 2059 2434 2112 inter
2491 2055 2838 2126 pugnandum
2894 2051 3181 2106 occiditur.
3234 2047 3557 2104 Ptolemaeus

1971 2168 2122 2217 vero,
2159 2151 2371 2205 sublato
2417 2149 2700 2212 Perdicca,
2751 2147 2818 2200 ad
2853 2160 3026 2215 reges,
3059 2143 3378 2198 transmisso
3413 2138 3557 2206 Nilo,

1912 2235 1926 2263 ⁸
1970 2244 2356 2316 proﬁciscitur,
2409 2241 2676 2309 donisque
2736 2237 2940 2301 allatis,
2999 2245 3054 2290 et
3116 2235 3281 2289 variis
3342 2245 3558 2302 quoque

1971 2339 2248 2408 obsequiis
2280 2348 2388 2391 tam
2421 2350 2540 2403 eos,
2579 2348 2742 2403 quam
2781 2339 3009 2386 caeteros
3044 2327 3396 2382 Macedonum
3427 2339 3555 2394 prow

1974 2449 2148 2498 ceres,
2201 2441 2448 2486 amanter
2502 2426 2820 2494 complexus
2865 2431 2967 2478 est.
3028 2421 3142 2476 lmo
3195 2430 3251 2474 et
3310 2421 3554 2488 ipsorum

1975 2525 2250 2580 Perdicca:
2287 2523 2585 2577 amicorum
2627 2520 2798 2574 vicem
2833 2518 3016 2573 dolere
3059 2529 3119 2570 se
3153 2513 3330 2584 palam
3370 2520 3559 2565 osten-

1977 2619 2056 2673 dit
2089 2635 2104 2671 :
2132 2626 2186 2670 et
2219 2595 2643 2685 .quibuscunque
2691 2605 3413 2676 lllacedouibuspericulum
3454 2602 3558 2656 ali-

1977 2711 2124 2781 quod
2175 2707 2462 2763 imminere
2519 2705 2813 2767 videretur,
2848 2699 3070 2756 eosdem
3124 2698 3215 2753 ille
3265 2697 3410 2752 onmi
3459 2712 3562 2764 ope

1978 2819 2043 2857 ac
2090 2803 2297 2856 ratione
2331 2807 2477 2853 metu
2517 2796 2751 2851 liberare
2788 2793 3018 2849 studuit.
3055 2790 3175 2856 Quo
3211 2788 3416 2844 factum
3453 2800 3558 2849 est.

1981 2903 2042 2948 ut
2068 2894 2182 2962 jam
2222 2902 2357 2955 tum,
2392 2898 2557 2958 atque
2603 2887 2656 2941 in
2709 2896 2984 2955 posterum
3019 2883 3260 2938 omnium
3307 2896 3402 2936 ore
3442 2880 3564 2934 lau-

1981 2990 2224 3043 daretur.
2262 2984 2461 3039 Habito
2490 2983 2616 3038 dein
2647 2989 2937 3043 conventu,
2971 2976 3168 3032 Pithon
3202 2985 3256 3030 et
3289 2975 3566 3029 Arridaeus

280 3095 404 3144 σαν,
429 3077 545 3131 τῶν
581 3078 645 3130 δὲ
679 3079 812 3149 περὶ
851 3078 1066 3150 Εὐμένη
1106 3095 1165 3132 τε
1199 3080 1291 3133 καὶ
1313 3079 1632 3134 Ἀλκέταν¹⁰
1660 3084 1718 3144 ὲς
1746 3098 1873 3134 πεν-

1981 3083 2150 3152 copiis
2203 3077 2494 3141 universis,
2541 3074 2815 3129 Perdiccae
2871 3071 3012 3136 loco,
3049 3067 3294 3139 praefecti
3359 3081 3566 3122 renun-

277 3175 520 3245 τήκοντα
545 3171 1029 3245 κατεγνώσθησαν,
1054 3175 1288 3246 μάλιστα
1320 3178 1412 3230 ἐπὶ
1433 3179 1501 3248 τῇ
1532 3177 1818 3248 Κρατεροῦ
1840 3179 1882 3210 “

279 3260 568 3331 ἀναιρέσει
589 3262 699 3314 τῶν
722 3263 1052 3318 Μακεδόνων
1079 3265 1219 3337 πρὸς
1247 3267 1449 3331 αὐτοὺς
1477 3269 1884 3338 ὲκπολεμωθέν.

279 3355 472 3409 τωνη.
523 3354 896 3408 Μετεκαλεῖτο
943 3354 1001 3408 δὲ
1049 3357 1144 3410 καὶ
1173 3357 1480 3427 Ἀντίγονος
1521 3362 1586 3414 ὲκ
1629 3361 1880 3433 Κύπρου,

283 3448 377 3501 καὶ
403 3446 770 3518 Ἀντίπατρος
798 3447 886 3513 δὲ,
918 3448 1244 3519 ἐπιταχῦναι
1270 3450 1410 3521 πρὸς
1438 3453 1566 3516 τοὺς
1600 3454 1879 3523 βασιλέας.

283 3532 452 3586 Οὔπω
499 3534 562 3587 δὲ
603 3535 1088 3590 καταλαϐόντωνι⁴ι
1124 3541 1158 3609 ἡ
1211 3540 1492 3611 Εὐρυδίκη
1536 3542 1760 3597 Πίθωνα
1790 3545 1885 3599 καὶ

294 3625 606 3697 Ἀρριδαῖον
641 3627 806 3697 μηδὲν
837 3629 967 3684 ἄνευ
994 3629 1167 3700 αὐτῆς
1213 3633 1370 3703 ὴξίου
1420 3635 1698 3705 πράττειν.
1736 3639 1800 3691 Οί
1828 3637 1884 3691 δὲ

283 3719 352 3772 τὰ
381 3720 582 3790 πρῶτα
612 3721 713 3790 μὲν
741 3723 841 3775 οὐκ
868 3724 1146 3791 ἀντεῖπον,
1176 3726 1366 3780 ἔπειτα
1409 3727 1468 3781 δὲ
1518 3729 1686 3800 μηδὲν
1715 3731 1885 3803 αὐτὴν

285 3810 670 3865 ἐπικοινωνεῖν
701 3813 816 3874 τοῖς
854 3812 1136 3883 δημοσίοις
1179 3817 1468 3885 ἀντέλεγον
1518 3820 1840 3890 πράγμασιν
1866 3836 1880 3852 ·

286 3902 468 3964 αὐτοῖς
502 3901 616 3972 γὰρ
637 3944 653 3968 ,
684 3901 790 3966 ἕως
812 3904 1118 3973 Ἀντίγονος
1165 3908 1262 3960 καὶ
1297 3909 1657 3981 Ἀντίπατρος
1707 3930 1885 3984 παρα-

287 3995 577 4062 γένωνται,
607 3995 867 4067 μελήσειν
899 3998 1028 4069 περὶ
1059 3994 1404 4054 πάντιι)ν.Ὦν
1427 4005 1887 4072 παραγεγονότων

266 4087 368 4150 "ei;
386 4086 754 4157 ’Λντίπατρον
778 4089 810 4159 ἡ
838 4087 1127 4143 δυναστεία
1150 4092 1520 4162 περιίσταται.
1540 4096 1652 4148 Καὶ
1669 4095 1697 4147 ὁ
1723 4112 1886 4167 στρα-

287 4177 378 4242 τὸς
424 4179 574 4232 αἰτεῖ
619 4177 690 4232 τὰ
740 4179 890 4251 παρά
914 4180 1268 4252 Ἀλεξάνδρου
1300 4183 1670 4254 ὑποσχεθέντα
1702 4188 1886 4252 αὐτοῖς

291 4272 382 4322 ἐπὶ
400 4273 470 4341 τῇ
500 4271 838 4342 συστρατείᾳ
858 4272 900 4304 ¹⁵
931 4273 1208 4344 χρήματα,
1233 4276 1329 4328 καὶ
1352 4276 1713 4349 Ἀντίπατρος
1743 4262 1901 4349 παρέ

291 4363 487 4416 αυτίκα
522 4363 624 4434 μὲν
661 4363 830 4433 μηδὲν
863 4363 1012 4434 ἔχειν
1041 4365 1401 4436 ἀποκρίνεται
1449 4366 1600 4439 [127.
1619 4369 1660 4422 Η
1670 4371 1688 4443 j
1730 4373 1878 4441 φρά-

291 4454 401 4518 ζειν
433 4454 691 4523 ἀκριϐὲς,
722 4455 986 4520 ἐξετάσας
1009 4455 1067 4509 δὲ
1086 4457 1213 4520 τούς
1241 4475 1302 4511 τε
1333 4436 1641 4528 βασίλείους
1669 4436 1877 4534 θησαυ-
1908 4436 1956 4492 D

297 4549 415 4618 ροὺς
447 4549 548 4602 καὶ
577 4550 707 4612 τοὺς
729 4550 844 4602 ὅσοι
873 4549 1131 4620 ἀλλαχόθι
1160 4569 1263 4605 που
1297 4555 1538 4623 κείμενοι
1568 4550 1669 4610 ὦσι
1689 4601 1704 4620 ,
1733 4575 1881 4628 τηνι-

291 4640 464 4694 καῦτα
491 4641 588 4694 τὸν
616 4641 844 4697 δυνατὸν
868 4644 1088 4714 τρόπον
1122 4645 1197 4716 μὴ
1229 4646 1295 4700 ἀν
1325 4648 1508 4712 αὐτοῖς
1535 4648 1880 4720 ἐπίμεμπτος

293 4733 616 4805 νομισθῆναι
636 4751 652 4766 ο
683 4737 770 4806 ἐφ’
799 4729 904 4804 ᾧ¹⁸
938 4738 1036 4808 οὐκ
1080 4738 1248 4808 ἡδέως
1287 4741 1321 4810 ἡ
1369 4742 1596 4812 στρατιά
1627 4743 1877 4813 ἤκουσεν.

294 4823 600 4897 Εὐρυδίκης
655 4826 713 4880 δὲ
762 4827 1246 4902 συλλαμϐανούσης
1292 4835 1412 4896 ταῖς
1459 4832 1881 4888 κατὰἈντιπά-

296 4933 420 4986 τρου
447 4918 727 4983 διαϐολαῖς
757 4919 836 4990 τῷ
867 4921 977 4975 ἀπὸ
1001 4921 1095 4975 τοῦ
1125 4923 1363 4995 πλήθους
1393 4926 1548 4997 ἄχθει
1577 4927 1761 4992 στάσις
1792 4929 1882 4996 γί-

298 5027 465 5068 νεται.
486 5013 604 5068 Καὶ
626 5013 936 5086 δημηγορεῖ
950 5015 1224 5088 Εὐρυδίκη
1243 5016 1362 5070 κατ’
1379 5018 1569 5084 αὐτοῦ,
1585 5020 1678 5074 τοῦ
1701 5037 1882 5092 γραμ-

1990 3174 2103 3230 tiati
2141 3174 2195 3227 in
2227 3184 2467 3241 praesens
2498 3176 2646 3231 sunt,
2681 3173 2735 3221 et
2774 3179 2839 3220 ex
2871 3162 3134 3216 Eumenis
3173 3169 3336 3230 atque
3368 3161 3569 3214 Alcetac

1986 3265 2352 3322 sectatoribus
2422 3261 2490 3316 ad
2566 3257 2964 3328 quinquaginta
3050 3253 3329 3317 damnati,
3407 3251 3570 3320 idque

1990 3361 2224 3412 maxime
2253 3357 2323 3410 ob
2348 3353 2633 3409 Craterum
2676 3347 3046 3410 interfectum,
3079 3360 3203 3400 cum
3245 3343 3569 3398 Macedones

1989 3453 2127 3506 inter
2194 3463 2254 3502 se
2320 3445 2524 3499 mutuis
2597 3440 2802 3512 proeliis
2868 3437 3214 3493 dissiderent.
3268 3435 3572 3504 Antigonus

1987 3544 2175 3598 adhazc
2223 3553 2256 3594 e
2307 3538 2485 3608 Cypro
2540 3544 2817 3597 evocatus,
2864 3531 2998 3601 quin
3047 3540 3103 3584 et
3148 3527 3455 3598 Antipater,
3503 3529 3570 3581 ad

1989 3649 2148 3703 reges
2182 3630 2444 3685 festinare
2471 3628 2759 3697 jubentur.
2809 3623 3060 3678 Nondum
3098 3637 3228 3677 vero
3272 3621 3573 3676 adventat:-

1987 3728 2134 3782 tibus
2180 3725 2310 3790 illis,
2361 3724 2630 3794 Eurydice
2685 3721 2798 3793 (51)
2847 3720 3131 3776 Pithonem
3168 3729 3222 3774 et
3265 3717 3570 3774 Arridaeum

1987 3821 2124 3876 nihil
2182 3834 2242 3874 se
2295 3815 2596 3872 inconsulta
2649 3813 2866 3870 volebat
2923 3826 3103 3883 agere.
3154 3811 3258 3876 Qui
3312 3826 3342 3864 a
3398 3810 3573 3878 primo

1987 3912 2206 3981 quidem
2255 3924 2360 3963 non
2421 3912 2788 3976 repugnarunt
2825 3922 2838 3958 :
2877 3915 3000 3972 post
3059 3911 3263 3966 tamen,
3311 3900 3447 3955 nihil
3498 3901 3573 3955 illi

1989 4014 2279 4058 commune
2317 4013 2439 4055 cum
2479 3996 2750 4067 republica
2796 4009 2918 4051 esse
2967 3993 3364 4063 responderunt
3395 4006 3411 4046 :
3445 3991 3570 4054 sibi,

1987 4093 2117 4148 dum
2177 4092 2480 4162 Antigonus
2531 4097 2588 4144 et
2637 4088 2922 4156 Antipater
2972 4086 3214 4150 veniant,
3257 4098 3402 4138 curae
3455 4097 3566 4136 rem

1988 4190 2106 4246 fore
2149 4184 2444 4257 publicam.
2498 4178 2577 4233 llli
2619 4179 2786 4249 igitur
2833 4191 2957 4232 cum
3005 4175 3384 4238 accessissent,
3418 4173 3573 4227 Anti-

1986 4292 2146 4350 patro
2209 4291 2418 4333 summa
2487 4273 2568 4328 rei
2629 4273 2919 4326 commissa
2979 4285 2994 4323 :
3050 4268 3434 4336 exercitusque
3507 4267 3575 4320 ab

1987 4371 2302 4428 Alexandro
2336 4366 2604 4439 promissa
2657 4363 2864 4418 militia:
2893 4361 2997 4431 71
3039 4359 3067 4412 b
3103 4360 3321 4428 praemia
3373 4359 3571 4429 poscit.

1988 4466 2296 4533 Antipater,
2326 4475 2449 4515 cum
2486 4459 2539 4513 in
2571 4455 2859 4526 praesentia
2902 4453 3036 4507 nihil
3074 4453 3327 4515 haberet,
3355 4463 3573 4519 aequum

1989 4560 2266 4631 postulare
2296 4551 2577 4623 respondit
2605 4566 2620 4604 :
2657 4559 2713 4602 at
2744 4561 2902 4631 mox,
2931 4555 2990 4598 ut
3021 4557 3120 4598 nec
3147 4543 3356 4612 justam
3384 4555 3573 4594 eorum

1991 4626 2420 4722 indignationem
2481 4626 2762 4699 incurrere
2813 4639 3008 4708 possit,
3058 4636 3236 4706 quoad
3283 4635 3401 4704 ejus
3456 4635 3574 4688 ﬁeri

1988 4747 2192 4818 poterit
2248 4741 2655 4809 exploraturum
2718 4735 3007 4788 thesauros
3065 4730 3284 4800 regios,
3347 4744 3576 4800 quaeque

1991 4840 2120 4894 alibi
2186 4833 2462 4892 recondita
2519 4839 2708 4885 essent
2745 4847 2760 4879 :
2793 4841 2914 4895 quae
2969 4831 3120 4880 certe
3173 4823 3345 4892 ipsius
3399 4822 3574 4876 oratio

1988 4928 2229 5003 jucunda
2265 4941 2452 4995 parum
2483 4922 2583 4976 fuit
2609 4917 2894 4974 exercitui.
2939 4916 3122 4984 Quare
3154 4929 3277 4969 cum
3306 4913 3576 4984 Eurydice

1990 5038 2204 5102 quoque
2250 5015 2664 5076 criminationes
2714 5011 2979 5065 adversus
3030 5007 3372 5078 Antipatrum
3426 5004 3576 5060 fove-

1545 5142 1782 5201 VARLE
1828 5140 2237 5206 LECTIONES.

391 5232 413 5262 ⁸
441 5230 504 5283 τὸ
528 5232 656 5289 add.
702 5235 768 5290 Δ.

881 5237 904 5267 ⁸
930 5237 993 5289 τὸ
1033 5237 1238 5306 πλῆθος
1291 5258 1352 5304 ς,

304 5299 325 5330 ⁸
353 5301 428 5353 ἔτι
448 5303 494 5353 Δ
523 5321 537 5355 :
565 5305 742 5357 αἴτιον
777 5323 838 5370 ς.

915 5238 1003 5337 ’τρι
1033 5238 1238 5337 πλῆθος
1291 5258 1352 5337 ςΔ.
1400 5242 1620 5337 "effe;
1647 5245 1773 5308 τοὺς
1805 5245 2176 5304 -ὲθέλοντας
2233 5238 2280 5294 Δ
2333 5255 2349 5294 :

1009 5324 1031 5337 ρ
1095 5327 1170 5337 .s...
1196 5325 1258 5337 η-
1454 5329 1479 5337 ..
1521 5329 1594 5337 ..-.
1621 5329 1740 5337 κλμ..
1794 5332 1807 5337 -
1833 5317 1916 5337 ---Α
1956 5315 2137 5337 n2n-.-.
2168 5327 2207 5337 Α.
2305 5308 2349 5337 10

961 5307 1170 5361 Πείθων
1196 5325 1278 5378 pr.
1314 5310 1378 5365 A.
1400 5307 1594 5366 Πύθων
1617 5329 1760 5368 corr.
1794 5332 1807 5369 :
1832 5317 1925 5369 καὶ
1956 5315 2137 5368 Πίθων
2166 5327 2228 5375 ς’.

2415 5236 2529 5298 τοῖς
2568 5262 2638 5272 -
2668 5229 2932 5300 θελήσασι
3001 5244 3062 5290 ς.
3129 5222 3282 5300 lci
3317 5220 3455 5300 ἄλλα
3484 5236 3571 5300 Δς’.

2305 5291 2350 5339 ίδ
2377 5291 2633 5360 Ἀλκὶτέα
2663 5319 2723 5366 ς.
2753 5291 2846 5369 ,ἰι
2869 5293 3157 5369 Κρατεροῦ
3175 5291 3453 5362 ἀναιρέσει
3472 5291 3514 5342 Α
3546 5309 3558 5344 :

302 5370 391 5425 τοῦ
418 5374 708 5445 Κρατεροῦ
733 5364 805 5440 ςῖ
873 5377 918 5408 ¹¹
951 5364 1436 5450 ἐκπολεμὴθὲντὼν
1462 5364 1534 5446 ς.
1576 5364 1646 5415 λέ
1667 5364 2156 5448 aestas-3am.
2175 5364 2196 5375 ”
2219 5364 2280 5413 ίιι
2308 5375 2586 5451 στρατείᾳ.
2665 5364 2709 5405 ίδ
2745 5364 2822 5426 ὧν
2850 5386 2914 5432 ς.

1801 5474 2036 5532 NOTAE.

515 5557 806 5641 Art-idae,
821 5566 878 5613 et
907 5559 1218 5641 Alexandro
1248 5576 1441 5641 puero,
1463 5563 1732 5641 ltoxanes
1763 5566 1823 5624 F.

372 5626 718 5710 (50)_Justin.
751 5628 848 5683 lib.
882 5647 977 5710 15m
1013 5650 1027 5687 :
1062 5651 1084 5710 ε
1122 5626 1398 5710 Perdiccae
1426 5634 1545 5710 plus
1579 5636 1763 5691 odium
1791 5654 1882 5692 ar-

310 5703 594 5782 rOgautiae,
643 5703 1031 5782 quamnvires
1062 5703 1305 5782 hostium
1363 5706 1665 5782 nocebant,
1720 5721 1882 5775 quam

315 5771 455 5826 exosi
495 5773 663 5826 etiam
708 5771 846 5829 socii
893 5773 962 5829 ad
1004 5774 1351 5845 Antipatrum
1387 5777 1652 5844 gregatim
1700 5771 1884 5842 profu-

1993 5565 2446 5706 ειῖὲἲῗιξὶιττὶιίθεί
2483 5628 2706 5706 εοηὶιικι
2753 5625 2918 5706 prius.
2951 5623 3098 5706 Adeo
3125 5621 3291 5706 dicta,
3325 5617 3574 5706 quaties

1996 5688 2309 5772 ﬂli‘a,'sup.
2355 5703 2488 5769 Quae
2533 5688 2636 5772 viri
2683 5688 2994 5772 valetudine
3038 5696 3289 5761 abutens,
3320 5688 3438 5763 ejus
3467 5688 3584 5747 sibi

1996 5766 2173 5832 cilicia
2204 5766 2532 5830 vindicabat.
2561 5769 2762 5826 Justiu.
2800 5766 2896 5823 lib.
2932 5781 3042 5821 ειν.
3289 5796 3292 5799 -
