3942 6234
385 294 484 363 311

1547 302 1809 365 ΡΗΟΤΙΙ
1837 303 2342 387 PATRIARCHE
2370 303 2475 370 ΟΡ.

3561 302 3666 368 312

388 427 495 484 ret,
529 417 686 490 plebe
735 401 1075 490 indignante,
1113 415 1313 474 seditio
1358 416 1620 475 cooritur.
1667 420 1785 488 Quo
1833 429 1972 477 tem-

2082 424 2292 492 ματέως
2314 421 2787 494 Ἀσκληπιοδώρου
2837 413 3330 492 ὑπηρετησαμένου
3362 417 3442 490 τῷ
3474 419 3622 490 λόγῳ
3644 439 3660 453 ο

392 527 525 580 pore
580 521 634 568 ct
688 513 802 584 ipsa
858 513 912 567 in
971 527 1095 568 eum
1144 512 1522 579 concionatur,
1592 514 1975 584 Asclepiodoro

392 605 570 660 scriba
626 620 934 661 sermonem
988 605 1106 675 eius
1159 605 1454 674 referente,
1505 616 1560 663 et
1605 619 1807 678 praeter
1853 625 1974 664 eam

392 696 522 751 item
555 695 790 752 Attalus.
823 697 990 754 Plane
1027 706 1086 752 ut
1127 698 1218 753 vix
1268 699 1400 755 caedi
1441 709 1661 768 ereptus
1689 701 1978 771 Antipater

394 789 500 852 sit,
539 774 918 860 ‘patrocinatis
966 790 1106 860 apud
1166 791 1500 849 inconditam
1560 792 1769 862 plebem
1821 794 1977 848 Anti-

394 893 536 949 gono
564 891 620 934 et
657 878 905 948 Seleuco,
952 896 1184 952 quorum
1234 883 1645 940 advocationem
1689 884 1978 955 Antipater

395 971 752 1040 postularat:
793 973 884 1042 qui
931 981 987 1028 et
1032 973 1132 1042 ipsi
1180 983 1462 1044 propterea
1517 991 1624 1030 non
1673 990 1862 1047 parum
1908 976 1976 1029 de

393 1064 503 1118 vita
540 1064 830 1134 periclitati
875 1073 1022 1122 sunt.
1069 1066 1229 1122 Morti
1271 1083 1402 1137 ergo
1441 1077 1660 1139 ereptus
1693 1070 1978 1141 Antipater

393 1153 462 1208 ad
513 1168 669 1210 suum
725 1170 786 1211 se
841 1155 1047 1227 recepit
1098 1159 1416 1226 exercitum,
1457 1168 1514 1214 et
1563 1160 1804 1230 equitum
1839 1174 1976 1228 prte-

397 1243 527 1300 fecti
583 1247 706 1302 dein
757 1249 971 1304 evocati
1031 1259 1446 1316 convenerunt,
1499 1252 1701 1322 vixque
1760 1250 1972 1307 tandem

393 1337 650 1394 seditioni
689 1338 798 1395 ﬁne
839 1340 986 1407 dato,
1015 1341 1363 1410 Antipatrum
1413 1357 1654 1408 rursum,
1688 1352 1745 1398 ut
1790 1353 1973 1411 antea,

393 1444 622 1485 summa;
657 1445 892 1500 praeesse
924 1431 1001 1486 rei
1028 1431 1243 1498 jubent.

463 1519 538 1574 Ibi
581 1529 636 1576 et
678 1522 747 1576 ab
788 1523 906 1592 ipso
938 1523 1081 1579 Asiae
1129 1525 1271 1580 facta
1312 1525 1506 1581 divisio
1551 1535 1658 1592 est,
1691 1540 1796 1596 qua
1831 1527 1977 1597 prio-

394 1625 510 1664 rem
546 1610 694 1665 illam
735 1613 932 1683 partim
985 1625 1158 1669 ratam
1211 1615 1420 1683 habuit,
1451 1617 1673 1687 partim,
1710 1617 1801 1672 ubi
1839 1627 1976 1671 tem-

395 1715 588 1768 porum
643 1704 943 1760 necessitas
993 1705 1260 1776 exigeret,
1293 1707 1595 1763 innovavit.
1627 1707 1761 1763 Nam
1808 1707 1975 1779 JEgy-

396 1802 546 1861 ptum
576 1795 792 1863 quidem
824 1806 878 1852 et
911 1796 1157 1869 Libyam,
1185 1810 1508 1871 vastamque
1538 1803 1677 1856 ultra
1708 1801 1975 1867 Africam,

393 1893 450 1937 et
483 1885 748 1954 quidquid
786 1896 1048 1957 prazterea
1089 1891 1231 1946 bello
1269 1901 1483 1961 partum
1525 1894 1593 1948 ad
1639 1894 1977 1948 occidentem

394 1976 564 2030 solem
599 1976 769 2046 jacet,
799 1979 1074 2037 Ptolemaei
1101 1995 1226 2038 esse
1256 1984 1592 2053 pronuntiat.
1625 1983 1977 2040 Laomedonti

395 2083 526 2124 vero
565 2068 869 2141 Mitylenzro
918 2071 1135 2143 Syriam
1183 2075 1444 2144 assignat.
1493 2074 1822 2132 Philoxenus
1862 2076 1976 2147 (52)

393 2154 674 2223 Ciliciam,
732 2174 893 2228 quam
944 2169 1105 2217 antea
1153 2163 1487 2231 provinciam
1543 2164 1768 2218 sortitus
1819 2174 1975 2230 erat,

400 2248 648 2304 retinuit.
695 2249 815 2306 Jam
863 2245 1006 2307 inter
1046 2254 1359 2323 superiores
1390 2257 1692 2325 jsatrapias.
1737 2255 1979 2326 MesOpo-

397 2342 619 2396 tamiam
694 2353 746 2397 et
818 2344 1075 2400 Arbelutn
1147 2346 1545 2416 Amphimacbo
1609 2350 1754 2419 regis
1818 2348 1976 2404 fratri

394 2431 642 2486 attribuit
693 2450 707 2487 :
755 2433 1018 2489 Seleucus
1081 2437 1210 2490 Vero
1279 2435 1591 2508 Babyloniae
1658 2439 1973 2508 praeﬁcitur.

391 2521 671 2591 Antigeui,
702 2521 794 2590 qui
829 2523 1039 2591 primus
1078 2523 1390 2579 Perdiccam
1432 2525 1729 2592 invaserat,
1765 2538 1820 2582 et.
1861 2527 1975 2581 Ma-

393 2611 658 2666 cedonqu
706 2612 1196 2681 Argyraspidarum
1247 2613 1362 2686 (55)
1417 2616 1608 2670 ductor
1658 2627 1798 2680 erat,
1841 2632 1979 2686 prte-

395 2706 602 2758 lectura
635 2703 803 2758 totius
851 2702 1098 2760 Susiana:
1143 2708 1288 2761 data.
1326 2707 1380 2762 In
1417 2707 1644 2765 Perside
1677 2707 1971 2766 Peucestes

394 2794 772 2850 conﬁrmatur.
843 2794 1152 2854 Carmania:
1206 2798 1552 2870 Tlepolemus
1621 2803 1974 2872 pra'ponitur,

394 2894 456 2938 ut
480 2884 671 2941 Media:
698 2902 870 2955 usque
900 2889 966 2941 ad
995 2887 1222 2957 Caspias
1249 2899 1432 2957 portas
1452 2891 1668 2946 Pithon.
1693 2891 1976 2962 Philippus

395 2975 615 3031 Parthis
649 2993 665 3032 :
702 2978 848 3033 Ariis
889 2992 1018 3032 vero
1052 2987 1107 3034 et
1138 2979 1550 3049 Drangenorum
1590 2985 1820 3053 regioni,
1853 2985 1978 3041 Sta-

2083 513 2178 566 καὶ
2205 511 2466 574 ’Ἀτταλος
2501 511 2579 566 δέ.
2630 511 2742 565 Καὶ
2771 508 2960 582 ῥύεται
3009 508 3160 578 μόλις
3181 506 3540 578 Ἀντίπατρος
3566 507 3665 575 τῆς

2082 605 2302 675 σφαγῆς
2320 645 2334 672 ,
2377 604 2682 674 Ἀντιγόνου
2726 603 2822 658 καὶ
2871 603 3132 656 Σελεύκου
3189 603 3257 672 τῇ
3313 598 3662 670 παρακλήσει

2094 698 2451 768 Ἀντιπάτρου
2484 695 3106 767 άντιδημηγορησάντων
3147 694 3208 747 ἒν
3241 691 3322 763 τῷ
3353 691 3582 763 πλήθει·
3611 689 3664 742 οἶ

2082 788 2180 844 καὶ⁵
2227 788 2384 843 αὐτοὶ
2435 786 2524 842 διὰ
2570 787 2730 842 τοῦτο
2782 787 2951 856 ἐγγὺς
2993 785 3245 854 ἐγένοντο
3267 782 3362 837 τοῦ
3393 781 3664 836 κινδύνου.

2095 881 2339 947 Ῥυσθεὶς
2365 881 2423 936 δὲ
2445 881 2806 953 Ἀντίπατρος
2829 879 2925 935 τοῦ
2953 878 3185 934 θανάτου
3217 877 3355 948 πρὸς
3381 875 3443 930 τὸ
3462 875 3670 928 οἰκεῖον

2083 973 2409 1045 ὑπεχώρησε
2449 973 2833 1046 στρατόπεδον.
2869 971 2981 1027 Καὶ
3021 971 3072 1025 οί
3115 971 3380 1040 ἵππαρχοι
3413 965 3669 1022 Ἀντιπάο

2081 1085 2212 1140 τρου
2243 1066 2536 1130 καλοῦντος
2564 1065 2702 1138 πρὸς
2721 1065 2884 1119 αὐτὸν
2907 1060 3066 1137 ἧκον,
3099 1062 3195 1119 καὶ
3225 1061 3376 1133 μόλις
3408 1060 3510 1126 τῆς
3539 1057 3670 1112 στά-

2085 1177 2225 1224 σεως
2264 1158 2621 1228 πεπαυμένης
2672 1156 2801 1229 [224
2834 1154 2925 1228 3.]
2957 1155 3317 1226 Ἀντίπατρον
3374 1149 3557 1216 πάλιν,
3591 1149 3670 1213 ὡς

2082 1251 2179 1306 καὶ
2209 1249 2464 1323 πρόσθεν,
2489 1251 2677 1321 ἄρχειν
2703 1249 2926 1304 εἴλοντο.

2152 1518 2266 1575 Καὶ
2292 1519 2529 1574 ποιεῖται
2551 1514 2786 1588 νέμησιν
2811 1514 2906 1571 καὶ
2930 1513 3096 1578 αὐτὸς
3114 1513 3216 1586 τῆς
3239 1511 3447 1576 Ἀσίας,
3473 1510 3545 1565 τὰ
3570 1511 3671 1582 μὲν

2079 1611 2182 1682 τῆς
2216 1607 2493 1680 προτέρας
2520 1606 2803 1676 νεμήσεως
2833 1601 3114 1673 έπικυρῶν
3134 1641 3151 1667 ,
3180 1601 3249 1653 τὰ
3271 1599 3329 1653 δὲ
3352 1597 3446 1652 τοῦ
3473 1595 3671 1669 καιροῦ

2085 1701 2410 1774 βιαζομένου
2459 1697 2822 1769 νεωτερίζων.
2852 1695 3129 1765 Αἴγυπτον
3179 1693 3278 1764 μὲν
3309 1692 3418 1763 γὰρ
3445 1691 3541 1745 καὶ
3574 1689 3674 1744 Δι-

2006 1781 2050 1836 Β
2079 1793 2217 1865 δύην
2248 1792 2343 1847 καὶ
2382 1790 2482 1863 τὴν
2527 1789 2788 1844 ἐπέκεινα
2819 1785 3028 1856 ταύτης
3053 1785 3152 1854 τὴν
3181 1783 3404 1854 πολλὴν,
3431 1783 3528 1836 καὶ
3552 1781 3671 1835 ὅτι·

2079 1900 2188 1955 περ
2215 1882 2283 1938 ἂν
2315 1881 2454 1952 πρὸς
2484 1879 2694 1942 τούτοις
2723 1876 2960 1948 δόριον¹⁶
2989 1875 3356 1946 ἔπικτήσηται
3385 1875 3523 1944 πρὸς
3549 1870 3675 1924 δυο-

2083 1975 2246 2047 μένου
2297 1972 2452 2044 ήλίου
2477 2012 2493 2037 ,
2540 1968 2880 2040 Πτολεμαίου
2928 1961 3104 2031 εἶναι,
3139 1963 3472 2036 Λαομέδοντι
3507 1962 3565 2016 δὲ
3593 1961 3676 2032 τῷ

2078 2062 2431 2135 Μιτυληναίῳ
2461 2059 2664 2133 Συρίαν
2696 2055 3114 2129 ἐπιτετράφθαι.
3147 2053 3428 2120 Φιλόξενον
3471 2051 3529 2106 δὲ
3577 2053 3674 2104 ἐπὶ

2078 2157 2336 2218 Κιλικίας
2364 2153 2573 2219 ἔταξεν,
2619 2152 2686 2223 ἢν
2732 2150 2827 2204 καὶ
2855 2149 3073 2220 πρῶτον
3125 2142 3298 2218 εἶχεν.
3322 2145 3446 2199 Τῶν
3474 2143 3532 2198 δὲ
3559 2143 3676 2198 ἄνω

2080 2245 2433 2319 σατραπειῶν
2456 2245 2500 2276 ¹⁷
2526 2243 2626 2314 τὴν
2657 2242 2755 2314 μὲν
2787 2241 2962 2312 μέσην
2993 2238 3103 2292 τῶν
3145 2235 3412 2304 ποταμῶν
3441 2234 3548 2305 γῆν
3574 2233 3674 2286 καὶ

2077 2338 2179 2410 τὴν
2203 2336 2522 2409 Ἀρϐηλῖτιν
2547 2333 2884 2406 Ἀμφιμάχῳ
2909 2331 2990 2401 τῷ
3027 2327 3124 2383 τοῦ
3152 2327 3422 2398 βασιλέως
3452 2321 3673 2394 ἀδελφῷ

2078 2431 2286 2500 ἔνειμε,
2313 2428 2562 2498 Σελεύκῳ
2588 2425 2644 2481 δὲ
2668 2425 2766 2498 τὴν
2791 2421 3141 2478 Βαϐυλωνίαν
3167 2417 3530 2492 προσέθηκεν.
3545 2415 3670 2467 Ἀνε-

2079 2522 2285 2592 τιγένει
2312 2523 2371 2576 δὲ
2395 2521 2475 2592 τῷ
2515 2521 2718 2593 πρώτῳ
2755 2518 2857 2589 μὲν
2883 2514 3193 2587 ὲπιθεμένῳ
3223 2510 3526 2583 Περδίκκᾳ,
3556 2506 3673 2560 τῶν

2077 2618 2134 2673 δὲ
2167 2616 2590 2689 ἀργυρασπίδων
2614 2614 2945 2669 Μακεδόνων
2974 2609 3285 2682 ἡγουμένῳ,
3313 2607 3413 2677 τῆς
3445 2607 3673 2658 Σουσια-

2077 2710 2179 2780 νῆς
2201 2708 2496 2780 συμπάσης
2515 2708 2706 2777 ἄρχειν
2719 2722 2732 2737 ο
2754 2705 3038 2774 Πευκέστᾳ
3057 2701 3115 2756 δὲ
3137 2699 3389 2754 ἐϐεϐαίου
3408 2697 3509 2766 τὴν
3528 2696 3673 2765 Περ-

2081 2803 2200 2857 σίδα
2219 2817 2234 2831 ·
2263 2800 2595 2871 Καρμανίαν
2621 2798 2679 2852 δὲ
2714 2796 3052 2868 Τληπολέμῳ
3077 2793 3287 2863 ἔνειμε,
3323 2791 3418 2844 καὶ
3455 2787 3674 2858 Μηδίαν

2078 2895 2280 2950 Πίθωνι
2310 2891 2421 2946 ἔστ’
2451 2892 2543 2944 ἐπὶ
2582 2888 2762 2954 πύλας
2791 2888 2892 2952 τὰς
2928 2875 3209 2947 Κάσπίους
3229 2881 3296 2947 ι’,
3329 2880 3585 2951 Φιλίππῳ
3613 2876 3674 2931 δὲ

2077 2987 2179 3056 τὴν
2206 2985 2533 3057 Παρθυαίων
2559 2983 2666 3053 γῆν
2687 2998 2702 3014 ο
2745 2977 2970 3051 Ἀρείων
2997 2977 3055 3030 δὲ
3084 2975 3180 3030 καὶ
3207 2974 3308 3044 τῆς
3335 2968 3672 3043 Δραγγηνῶν

394 3068 596 3124 sander
653 3067 942 3138 pra-fectus
1005 3072 1169 3124 venit.
1223 3071 1527 3129 Bactrianae
1583 3083 1638 3130 et
1691 3077 1975 3147 SOgdianae

2082 3082 2261 3153 χώρας
2287 3076 2628 3147 Στάσανδρον
2649 3073 2884 3144 καθίστη
2905 3071 3172 3174 ἡγεμόνα,
3189 3067 3296 3174 τῆς
3313 3065 3671 3174 δεΔΒακτρια-

395 3157 682 3213 Stasamor
729 3156 1013 3224 Soliensis,
1066 3160 1465 3217 Arachotarum
1524 3179 1654 3221 vero
1702 3167 1975 3239 Sibyrtius

394 3249 598 3306 evenit.
658 3250 942 3323 Oxyarltc,
997 3251 1252 3310 Roxanes
1308 3257 1483 3324 patri,
1540 3256 1976 3328 Parapamisadae

393 3343 594 3397 dantur
627 3357 643 3396 :
673 3341 926 3399 ludorum
959 3356 1141 3400 autem
1175 3361 1239 3401 ea
1280 3363 1397 3415 ora,
1431 3365 1552 3419 quae
1589 3349 1975 3419 Parapamisa-

393 3433 480 3490 dis
509 3433 741 3503 adjaCet,
772 3435 986 3492 Pithoni
1020 3439 1288 3510 Agenoris
1328 3441 1388 3495 F.
1424 3442 1650 3498 tributa.
1685 3442 1762 3498 De
1799 3446 1978 3513 proxi-

305 3533 310 3537 ‘
393 3527 499 3581 mis
525 3526 722 3582 deinde
754 3530 1010 3598 satrapiis
1047 3547 1111 3585 ea
1153 3547 1276 3602 quae
1305 3534 1372 3586 ad
1403 3531 1590 3588 Indum
1629 3533 1828 3591 ﬂumen
1869 3546 1974 3604 est,

394 3625 450 3670 ct
476 3615 660 3672 Patala
692 3619 841 3682 urbs,
896 3635 1015 3689 quae
1045 3621 1099 3675 in
1131 3622 1220 3677 illa
1249 3623 1396 3678 India
1427 3637 1514 3680 est
1545 3627 1802 3690 maxima,
1835 3629 1979 3699 72a

398 3706 566 3762 Porro
611 3709 726 3780 regi
779 3711 944 3765 cessit
982 3730 996 3766 :
1038 3721 1095 3767 at
1137 3729 1260 3784 qum
1311 3717 1378 3769 ad
1432 3715 1720 3789 Hydaspen
1777 3720 1975 3776 [linum

393 3799 654 3868 pertinet,
683 3799 884 3858 Taxilaa
910 3803 1039 3860 item
1068 3805 1222 3872 lndo,
1263 3809 1602 3874 attribuitur,
1627 3815 1846 3880 quando
1871 3830 1977 3868 non

391 3887 555 3943 facile
590 3898 737 3945 esset
775 3892 920 3961 ipsos
951 3894 1250 3962 dimovere,
1287 3898 1379 3966 qui
1416 3899 1484 3953 ab
1519 3900 1834 3957 Alexandro
1861 3905 1979 3975 ipso

393 3977 451 4033 in
509 3977 738 4048 imperio
807 3982 1128 4048 constituti,
1183 4000 1433 4056 magnam
1487 3990 1620 4044 satis
1676 3994 1975 4059 potentiam

392 4069 541 4135 nacti
576 4080 780 4127 essent.
815 4072 1017 4129 Adhaec
1045 4074 1137 4143 qui
1165 4091 1196 4129 a
1226 4076 1407 4132 Tauro
1436 4090 1619 4135 monte
1649 4080 1716 4134 ad
1747 4081 1975 4140 Boream

391 4163 712 4233 vergebant,
743 4163 1098 4235 Cappadocas
1124 4165 1378 4224 Nicanori
1417 4171 1699 4228 attribuit:
1727 4176 1978 4247 Magnam

391 4263 526 4305 vero
574 4248 891 4322 Phrygiam,
941 4251 1297 4325 Lycaoniam,
1348 4257 1745 4331 Pamphyliam,
1777 4275 1833 4319 et
1872 4265 1979 4337 Ly-

393 4342 559 4409 ciam,
590 4350 651 4397 ut
701 4352 884 4411 antea,
920 4345 1222 4420 Antigonus
1263 4349 1506 4405 retinuit.
1546 4352 1763 4409 Cariam
1795 4357 1975 4412 Asan-

2079 3175 2176 3245 νῆς
2207 3173 2303 3226 καὶ
2335 3168 2626 3240 Σογδιανῆς
2655 3165 2972 3236 Στασάνορα
2998 3162 3091 3216 τὸν
3120 3160 3326 3226 Σόλιον,
3344 3155 3672 3245 Ἀραχώτων

2061 3265 2134 3318 δὲ
2189 3261 2505 3334 Σιϐύρτιον·
2555 3257 2650 3310 καὶ
2698 3249 3230 3327 Παραπαμισάδαςη
3273 3246 3544 3317 Ὀξυάρτῃ
3593 3244 3674 3315 τῷ

2093 3355 2366 3425 Ῥωξάνης
2411 3349 2601 3420 πατρὶ,
2628 3347 2730 3419 τῆς
2757 3347 2815 3400 δὲ
2852 3345 3029 3400 Ἰνδῶν
3076 3343 3180 3413 γῆς
3228 3341 3299 3396 τά
3341 3341 3439 3410 μὲν
3468 3338 3672 3409 σύνορα

2079 3443 2582 3519 Παραπαμισάδαις
2610 3436 2918 3507 Πίθωνιτῷ
2952 3436 3280 3506 Ἀγήνορος,
3322 3432 3423 3496 τὰς
3456 3432 3514 3484 δὲ
3543 3433 3668 3500 έχο-

2081 3543 2248 3613 μένας
2283 3536 2644 3608 σατραπείας,
2681 3536 2780 3603 τὴν
2814 3530 2914 3601 μὲν
2947 3527 3099 3598 παρὰ
3117 3528 3163 3559 ⁸ο
3187 3527 3281 3580 τὸν
3323 3525 3483 3578 Ἰνδὸν
3499 3525 3543 3556 ’⁸

2077 3612 2250 3702 ταμὸν
2281 3628 2375 3683 καὶ
2403 3625 2626 3680 Πάταλα
2656 3621 2767 3676 τῶν
2810 3619 2996 3692 ἐκείνῃ
3011 3620 3055 3650 ¹¹
3085 3615 3270 3671 Ἰνδῶν
3313 3613 3524 3669 πόλεων
3571 3612 3675 3681 τὴν

2081 3722 2345 3794 μεγίστην
2364 3717 2540 3787 Πώρῳ
2555 3715 2633 3786 τῷ
2658 3712 2867 3785 βασιλεί
2891 3707 3212 3781 ἐπεχώρησε
3231 3707 3296 3774 ’³,
3320 3706 3420 3777 τὴν
3439 3705 3497 3758 δὲ
3519 3703 3674 3773 παρὰ

2078 3814 2169 3867 τὸν
2201 3811 2477 3878 Ὑδάσπην
2511 3804 2756 3875 ποταμὸν
2776 3801 3003 3874 Ταξίλῃ,
3033 3801 3129 3854 καὶ
3153 3798 3330 3870 τούτῳ
3354 3795 3522 3867 Ἰνδῷ.
3547 3795 3676 3848 ἐπεὶ

2082 3901 2218 3972 μηδὲ
2262 3899 2443 3972 ῥᾴδιον
2479 3895 2840 3966 μετακινῆσαι
2880 3892 3080 3952 αὐτοὺς
3121 3888 3182 3954 ἐξ
3202 3885 3556 3957 Ἀλεξάνδρου
3612 3900 3673 3936 τε

2080 3989 2590 4063 ἐπιτετραμμένους
2647 3987 2748 4057 τὴν
2798 3984 2974 4055 ἀρχὴν
3032 3983 3128 4036 καὶ
3188 3980 3421 4048 δύναμιν
3479 3975 3674 4046 ἱκανὴν

2079 4089 2322 4160 ἔχοντας.
2353 4084 2474 4138 Τῶν
2517 4080 2576 4136 δὲ
2618 4079 2726 4133 ἀπὸ
2754 4077 2849 4131 τοῦ
2881 4077 2924 4129 Τ
2927 4075 3098 4146 αύρου
3130 4073 3290 4144 ὅρους
3317 4071 3394 4134 ὡς
3435 4071 3530 4123 ἐπὶ
3573 4067 3674 4138 τὴν

2079 4182 2280 4249 ἄρκτον
2311 4175 2587 4248 φερόντων
2616 4169 2991 4231 Καππαδόκας
3021 4167 3122 4238 μὲν
3151 4166 3418 4235 Νικάνορι
3445 4162 3674 4232 ἐπέτρε-

2078 4271 2200 4342 ψεν,
2231 4270 2325 4322 ἐπὶ
2350 4268 2408 4322 δὲ
2439 4262 2683 4336 Φρυγίας
2713 4261 2817 4332 τῆς
2847 4259 3090 4331 μεγάλης
3119 4256 3211 4310 καὶ
3235 4256 3328 4309 ἐπὶ
3349 4252 3592 4308 Δυκάοσί
3609 4268 3670 4304 τε

2086 4369 2181 4423 καὶ
2211 4359 2588 4434 Παμιρύλοις²δ
2631 4357 2729 4412 καὶ
2769 4354 3012 4415 Λυκίοις,
3039 4351 3115 4415 ώς
3144 4349 3242 4404 καὶ
3274 4347 3530 4418 πρόσθεν,
3548 4345 3671 4399 ’Λν-

392 4435 645 4510 der_(54)
675 4438 905 4508 accepit.
950 4438 1123 4510 Lydia
1159 4439 1302 4497 Clito
1335 4442 1485 4510 data,
1517 4455 1576 4500 ut
1606 4448 1849 4506 Arridaeo
1890 4466 1975 4520 ea,

2083 4460 2293 4528 τίγονον
2313 4471 2327 4484 ·
2359 4452 2575 4522 Καρίαν
2598 4449 2657 4503 δὲ
2668 4446 2949 4515 Ἀσάνδρῳ
2971 4439 3360 4512 ένειμε,’Λυδία
3376 4439 3433 4493 δὲ
3455 4437 3673 4506 Κλείτῳ

391 4542 514 4596 quae
535 4528 604 4584 ad
631 4527 1039 4601 Hellespontum
1061 4531 1230 4601 jacet,
1262 4533 1517 4607 Phrygia.
1546 4537 1798 4597 Pecunite
1820 4544 1976 4601 Susis

391 4613 714 4690 colligenda:
751 4624 1047 4694 Antigenes
1081 4627 1406 4696 prodicitur;
1448 4633 1534 4686 cui
1568 4641 1624 4687 et
1654 4648 1686 4689 e
1719 4634 1971 4693 Macedo-

393 4713 578 4790 nibus,
606 4715 698 4785 qui
729 4719 965 4775 maxime
1003 4721 1310 4777 tumultuati
1350 4723 1592 4794 fuerant,
1623 4730 1689 4782 ad
1727 4731 1827 4784 tria
1860 4731 1977 4786 mil-

391 4803 466 4861 lia
524 4808 729 4864 traditi.
777 4811 1037 4882 Corporis
1087 4825 1346 4884 praetcrea
1404 4820 1535 4890 regii
1590 4822 1844 4878 custodes
1901 4839 1968 4881 ac

2083 4549 2263 4618 ἐδόθη.
2298 4547 2393 4600 καὶ
2420 4540 2715 4613 Ἀρριδαίῳ
2743 4536 2957 4609 Φρυγία
2983 4537 3018 4606 ἠ
3043 4533 3182 4605 πρὸς
3198 4529 3582 4602 Ἑλλησπόντῳ
3597 4529 3666 4582 ’⁸.

2083 4642 2163 4712 Τῇ
2187 4639 2244 4694 δὲ
2267 4633 2606 4706 κατακομιδῇ
2636 4631 2826 4699 τῶνξὲν
2849 4627 3073 4690 Σούσοις
3099 4623 3400 4697 χρημάτων
3429 4620 3671 4689 Ἀντιγέ-

2035 4779 2039 4783 .
2082 4749 2180 4804 νην
2219 4727 2398 4794 ἔταξε,
2428 4725 2524 4780 καὶ
2563 4722 2741 4793 τούτῳ
2767 4721 2875 4775 τῶν
2906 4716 3316 4773 στασιασάντων
3343 4714 3671 4769 Μακεδόνων

2081 4800 2208 4886 τοὺς
2237 4817 2472 4890 μάλιστα
2495 4809 2830 4886 τρισχιλίους
2855 4806 3165 4880 παρέδωκε.
3185 4800 3670 4874 Σωματοφύλακας

1674 4937 1913 4995 VARUE
1956 4933 2365 4998 LECTIONES.

471 5065 515 5145 ξ⁶
538 5065 720 5137 δόριον
741 5065 1162 5145 ’δόμων-ς.
1195 5071 1376 5123 madm
1410 5071 1527 5145 οορί
1552 5091 1565 5126 :
1598 5072 1672 5145 cf.
1693 5072 1838 5130 Bast.
1867 5085 2159 5132 comment.
2191 5067 2648 5145 palaeograpli;_P_-_
2663 5067 2787 5145 711-
2867 5065 2909 5098 "
2932 5058 3279 5145 ξοεῑραπξιῶν
3301 5056 3485 5145 Ᾱ·,,²ῗ
3519 5055 3670 5145 ΚῨΞΡ

392 5136 555 5199 πείας
601 5135 706 5210 ς’.--
752 5136 812 5210 ,ξ’
843 5135 1041 5210 ξύνορα
1075 5135 1604 5210 Παραπαμεισάδαις
1646 5142 1710 5196 Α.

396 5223 518 5279 ptas
544 5223 606 5271 ς.
667 5206 716 5238 ³⁸
749 5206 1096 5279 Παμφυλίοις
1135 5206 1196 5273 ς.
1273 5206 1332 5242 ¹⁵’
1362 5210 1753 5282 Ἑλλήσποντον
1777 5233 1838 5282 ς.

1813 5147 1858 5178 ¹⁰
1900 5147 2054 5220 παρὰ
2081 5147 2122 5202 A
2151 5164 2165 5201 :
2195 5144 2332 5216 περὶ
2365 5160 2428 5206 ς.

2529 5123 2788 5194 ²¹’Ἱνδῶν
2821 5153 2883 5202 ς.
2943 5123 3165 5186 ’⁹²’ὲκεῖ
3211 5147 3272 5194 ς.
3377 5127 3424 5160 ’³
3458 5123 3669 5195 ἐπεχὼ·

1879 5301 2115 5362 ΝΟΤΙΕ.

464 5396 583 5466 (52)
641 5393 887 5453 Philotas
937 5406 1056 5453 eam
1113 5395 1330 5465 quidem
1385 5395 1548 5465 s’upra
1579 5405 1870 5465 acceperat
1919 5398 1976 5450 in

391 5479 476 5537 pr.
508 5465 570 5520 h.
599 5468 720 5537 cod.
749 5468 959 5537 etapud
993 5467 1292 5537 Dexippum
1324 5480 1448 5534 sup.
1484 5465 1731 5537 cod._8_3,
1775 5475 1831 5519 at
1856 5477 1978 5522 orto

395 5536 565 5605 duces
606 5535 749 5592 inter
790 5533 1040 5600 dissidio,
1074 5533 1302 5590 Philota:
1344 5533 1592 5605 adempta
1621 5533 1919 5592 Philoxono
1945 5553 1976 5591 a

393 5602 658 5660 Perdicca
682 5611 863 5664 datur.
892 5605 1096 5662 Justin.
1109 5607 1176 5660 ad
1194 5602 1518 5660 extremum‘
1535 5606 1631 5661 lib.
1648 5621 1749 5660 xu.
1777 5605 1974 5661 Eadem

392 5689 529 5749 ergo
557 5677 862 5749 provincia,
897 5676 1110 5749 sublato
1135 5675 1420 5746 Perdicca,
1451 5677 1614 5732 etiam
1655 5677 1723 5734 ab
1752 5675 1974 5749 Antipa-

397 5757 482 5802 tro
514 5744 605 5802 hic
637 5745 937 5804 Philoxeno
967 5747 1344 5804 conﬁrmatur.

2156 5396 2272 5468 (55)
2311 5393 2394 5472 Ab
2436 5388 2718 5472 argenteis
2769 5389 2845 5445 ita
2871 5387 3100 5472 clypeis
3140 5383 3395 5472 appellati
3415 5382 3664 5472 "quidam

2081 5455 2380 5522 Alexandri
2435 5455 2537 5516 ΜΓ
2558 5459 2782 5528 milites,
2828 5468 2886 5516 ut
2921 5455 3092 5516 refert
3132 5455 3381 5513 Justinus
3415 5455 3513 5510 lib.
3565 5464 3662 5515 xu,

2080 5546 2136 5594 et
2167 5536 2465 5603 Athenaeus
2501 5530 2595 5603 lib.
2623 5546 2731 5603 μη.
2797 5599 2813 5603 λ
3077 5598 3093 5603 _
3225 5595 3248 5603 ,
3329 5597 3342 5603 ,
3387 5592 3402 5603 ,
3469 5590 3491 5603 .
3570 5591 3602 5603 Α.

2152 5604 2265 5676 (54)
2300 5601 2579 5676 casander
2621 5599 2907 5676 legendum
2956 5598 3188 5676 suadent
3211 5592 3429 5676 _La_tini,
3461 5590 3658 5676 lustio.

2080 5687 2136 5734 et
2156 5663 2321 5733 ‘Cu’rt.
2355 5673 2580 5744 ipseque
2607 5663 2826 5728 Arrian.
2857 5685 2981 5742 sup.
3014 5670 3067 5727 in
3094 5684 3181 5742 pr.
3209 5667 3372 5742 huius
3395 5663 3522 5723 cod.
