3942 6234
467 289 576 353 315

1626 291 1889 352 ΡΗΟΤΙΙ
1914 290 2112 350 PATR
2121 287 2417 349 [ARCIL’E
2451 288 2558 348 CP.

3637 282 3733 349 316

464 410 620 461 drmn
666 422 788 461 cum
833 416 1060 476 parente
1104 422 1484 476 congressum,
1515 423 1584 462 ne
1616 423 1645 462 a
1681 409 1898 479 regibus
1932 409 2035 461 Iou-

2151 407 2208 468 ὲς
2235 405 2336 474 τὴν
2362 403 2549 457 Ἀσίαν
2575 402 2858 471 δυνάμεως
2888 397 3087 465 πεζοὺς
3130 397 3228 471 μὲν
3261 396 3549 470 ἐπιτρέπει
3590 400 3734 469 αὐτῷ

463 502 585 570 gius
613 500 936 564 discederet,
968 501 1062 554 sed
1089 502 1418 569 Antigonum
1453 509 1762 569 suspectum
1798 502 2046 566 haberet,

466 594 740 646 hortatum
772 607 913 646 esse.
948 592 1097 646 Illum
1132 606 1261 646 vero
1292 607 1415 646 cum
1461 601 1758 661 temperata
1795 608 1890 647 sua
1922 609 2047 662 pru-

463 683 673 747 dc-ntia,
701 693 812 737 tum
844 684 1008 736 variis
1035 682 1312 751 obsequiis
1339 693 1505 754 atque
1549 684 1842 738 virtutibus
1868 685 2048 752 suspi-

464 777 678 829 cionem
716 791 812 846 pro
839 775 979 829 virili
1011 775 1317 830 sustulisse.
1349 776 1649 846 Mitigatum
1685 777 1865 846 itaque
1893 777 2048 830 Anti-

464 877 699 937 patrum,
735 869 800 922 de
827 869 929 922 illis
961 869 1152 937 copiis,
1189 884 1323 938 quas
1354 869 1408 922 in
1442 869 1626 924 Asiam
1657 885 1840 924 secum
1870 880 2048 924 trans-

462 968 708 1025 vexerat,
760 958 998 1027 peditum
1043 959 1120 1012 illi
1161 959 1482 1031 [Antigono]
1519 959 1852 1015 Macedonici
1884 976 2048 1031 gene-

464 1053 542 1105 ris
587 1062 710 1104 octo
751 1050 919 1104 millia
968 1059 1022 1105 et
1068 1051 1396 1120 quingentos
1448 1050 1761 1116 tradidisse,
1804 1053 2046 1121 equitum

464 1156 594 1196 vero
629 1153 977 1196 externorum
1026 1157 1212 1211 parem
1265 1157 1548 1196 numerum
1583 1161 1596 1196 :
1630 1141 2045 1210 elephantorum

464 1249 680 1303 quoque
713 1235 988 1288 dimidiam
1036 1245 1271 1303 partem,
1314 1234 1365 1288 id
1403 1243 1487 1288 est
1523 1234 1902 1303 septuaginta;
1939 1249 2046 1303 quo

463 1323 678 1379 facilius
714 1325 910 1378 bellmn
949 1340 1072 1378 cum
1106 1325 1345 1378 Eumene
1376 1323 1688 1382 conﬁceret.
1717 1321 1792 1378 Ita
1821 1325 2048 1392 Antigo-

461 1429 592 1468 num
638 1415 836 1469 bellum
875 1416 975 1470 hoc
1009 1416 1398 1470 administrare
1451 1430 1702 1470 exorsum
1739 1431 1902 1474 esse:
1935 1415 2046 1470 Au-

463 1506 726 1573 tipatrum
771 1521 922 1571 vero,
956 1508 1193 1574 acceptis
1224 1507 1463 1575 regibus,
1496 1507 1820 1575 caeterisque
1851 1507 2042 1575 copiis,

464 1602 720 1660 tauquam
791 1596 844 1648 in
904 1595 1280 1649 Macedoniam
1355 1595 1710 1662 trajecturum
1784 1594 2044 1649 abivisse.

461 1683 628 1737 Addit
686 1685 882 1739 iterum
942 1687 1011 1739 ibi
1067 1686 1458 1740 tumultuantes
1513 1686 1713 1742 milites
1761 1688 2042 1755 pecuniam

2150 497 2472 558 Μακεδόνας
2519 493 2958 564 ὀκτακισχιλίους
3009 491 3106 546 καὶ
3163 490 3593 556 πεντακοσίους,
3646 493 3734 549 καὶ

2151 588 2354 650 ἱππέας
2389 587 2498 640 τῶν
2533 585 2734 658 ἐτέρων
2751 585 2798 618 ⁸ο
2836 586 3004 648 ἴσους,
3047 583 3350 651 ἐλέφαντας
3379 582 3436 635 δὲ
3457 581 3569 635 τῶν
3600 584 3732 635 πᾶν-

2146 697 2255 733 των
2304 679 2431 742 τοὺς
2475 678 2712 750 ἡμίσεας
2740 683 2804 742 o',
2837 676 2914 739 ὠς
2961 677 3090 747 ῥᾷον
3131 673 3586 744 διαπολεμήσειεν
3615 672 3735 744 [129

2147 769 2240 842 Η.]
2287 769 2380 824 τὸν
2438 769 2575 840 πρὸς
2607 768 2828 839 Εὐμένη
2874 769 3132 837 πόλεμον.
3162 765 3274 818 Καὶ
3299 763 3606 831 Ἀντίγονος
3642 763 3736 832 μὲν

2145 858 2242 913 τοῦ
2277 858 2518 930 πολέμου
2549 859 2777 929 ἥπτετο,
2795 855 3151 926 Ἀντίπατρος
3191 853 3249 907 δὲ
3282 851 3569 907 ἀναλαϐὼν
3613 851 3738 914 τοὺς

2151 950 2392 1022 βασιλεῖς
2416 951 2513 1004 καὶ
2541 950 2641 1016 τὴν
2669 948 2837 1020 ἄλλην
2863 948 3093 1018 δύναμιν
3119 946 3205 1017 ᾔει
3235 946 3312 1009 ὡς
3357 946 3738 1016 περαιωσόμε-

2147 1060 2236 1106 vo;
2261 1042 2356 1095 ἐπὶ
2369 1043 2412 1075 ιι
2445 1041 2803 1096 Μακεδονίαν.
2849 1041 2961 1093 Καὶ
3003 1038 3287 1101 στασιάζει
3317 1037 3478 1092 πάλιν
3505 1038 3534 1090 ὁ
3569 1055 3738 1106 στρα-

2146 1133 2260 1200 τὸς,
2291 1131 2459 1187 αίτῶν
2486 1131 2556 1186 τὰ
2583 1133 2862 1202 χρήματα.
2880 1128 3238 1200 Ἀντίπατρος
3259 1128 3336 1195 δὲ,
3362 1127 3583 1182 ἐπειδὰν
3608 1127 3739 1200 ἔλθῃ
3805 1171 3811 1176 .

2147 1227 2228 1289 είς
2257 1224 2486 1278 Ἄϐυδον
2505 1261 2522 1288 ,
2551 1222 2872 1293 ὡμολόγησε
2889 1220 2934 1252 ⁸³
2975 1223 3186 1290 ποριεῖν
3213 1221 3355 1274 αὐτὰ
3376 1259 3392 1284 ,
3424 1221 3518 1274 καὶ
3545 1220 3738 1274 δώσειν

2145 1316 2310 1386 τυχὸν
2341 1317 2438 1388 μὲν
2468 1314 2668 1379 πάντα,
2695 1314 2792 1383 ὃση
2842 1313 2876 1382 ή
2924 1311 3126 1383 δωρεὰ,
3154 1313 3202 1364 εί
3248 1312 3306 1366 δὲ
3352 1312 3450 1383 μὴ,
3485 1312 3586 1381 τήν
3610 1327 3673 1378 γε
3692 1309 3738 1342 ⁸³

2146 1409 2430 1480 πλείστην.
2464 1407 2574 1461 Καὶ
2601 1405 2828 1468 ταύταις
2855 1403 3054 1466 αὐτοὺς
3089 1406 3209 1468 ταῖς
3238 1403 3452 1456 ἐλπίσιν
3494 1401 3736 1472 ἀναρτή-

2147 1517 2269 1564 σας,
2321 1496 2770 1561 ὰστασιάστωςυδ
2821 1496 2882 1550 τὸ
2931 1496 3118 1550 λοιπὸν
3173 1493 3583 1564 καταλαμϐάνει
3636 1493 3736 1562 τὴν

2149 1591 2401 1645 Ἀϐυδον.
2419 1590 2567 1642 Ἐκεῖ
2599 1588 2657 1641 δὲ
2682 1587 2845 1660 τέχνῃ
2878 1588 3104 1652 τούτους
3118 1588 3164 1621 δ’
3187 1585 3733 1658 παρακρουσάμενος,

2145 1683 2340 1745 νυκτὸς
2373 1680 2488 1750 ἆμα
2534 1683 2648 1743 τοῖς
2679 1679 2962 1749 βασιλεῦσι
3017 1677 3346 1750 περαιοῦται
3376 1679 3469 1731 τὸν
3505 1677 3736 1747 Ἑλλήσ-

461 1776 785 1844 postulasse,
815 1778 1272 1846 Antipatrumque
1298 1777 1636 1846 promisisse.
1664 1749 1774 1831 ubi-
1793 1777 2035 1848 Abydum

2145 1789 2343 1827 ποντον
2377 1749 2530 1844 παρὰ
2574 1771 2912 1843 Λυσίμαχον.
2949 1771 3029 1843 Τῇ
3064 1749 3122 1825 δέ
3149 1770 3414 1842 ὑστεραίᾳ
3461 1770 3556 1822 καὶ
3579 1769 3735 1822 αὐτοὶ

461 1867 818 1934 pervenisset,
849 1867 996 1920 illam
1046 1883 1165 1922 sese
1203 1877 1522 1922 curaturum
1577 1867 2040 1937 prasltiturumque

459 1954 692 2010 fortasse
719 1956 1034 2010 donativum
1067 1957 1381 2010 universum
1423 1975 1436 2011 :
1475 1957 1558 2010 sin
1600 1971 1748 2020 vero,
1778 1954 2038 2024 majorem

457 2057 608 2098 certe
659 2057 870 2114 partem
921 2057 1263 2115 accepturos.
1313 2045 1425 2100 Hac
1469 2062 1599 2116 ergo
1640 2061 1736 2116 spe
1784 2046 2034 2114 laetatos,

2143 1864 2583 1936 ἐπεραιώθησαν,
2611 1863 2751 1933 ὑπὲρ
2777 1864 2877 1934 τῆς
2907 1864 3261 1933 ἀπαιτήσεως
3288 1861 3396 1914 τῶν
3432 1861 3736 1932 χρημάτων

2144 1955 2463 2027 παραυτίκα
2493 1956 2892 2026 ήσυχὰσαντες.
2911 1954 3001 2009 Ἐν
3035 1947 3116 2018 οἷς
3144 1956 3234 2007 καὶ
3260 1952 3354 2006 τοῦ
3382 1953 3612 2005 δεκάτου
3644 1950 3735 2004 λό’-

2143 2065 2242 2117 γου
2274 2047 2335 2101 τὸ
2363 2047 2538 2110 τέλος.

456 2139 662 2208 absque
726 2140 993 2196 seditione
1056 2142 1310 2210 deinceps
1362 2141 1611 2212 Abydum
1678 2155 1846 2209 usque
1907 2141 2259 2208 perduxisse;
2297 2141 2439 2195 unde
2515 2140 2629 2210 ipse
2679 2149 2843 2195 noctu
2918 2139 3181 2210 (deceptis
3243 2148 3367 2194 astu
3448 2137 3736 2205 militibus)

455 2250 561 2289 una
611 2250 732 2290 cmn
780 2239 1000 2307 regibus
1053 2237 1481 2307 Hellespontum,
1528 2239 1594 2290 ad
1645 2235 2048 2308 Lysymachnm
2091 2237 2368 2308 trajecerit
2417 2237 2736 2306 :postridie
2805 2250 2935 2305 ergo
3021 2235 3139 2304 ejus
3189 2236 3316 2301 diei,
3366 2235 3527 2288 etiam
3587 2235 3736 2304 ipsos

523 2459 618 2516 Est
645 2477 775 2518 sane
800 2464 1033 2533 scriptor
1053 2465 1142 2518 hic
1170 2463 1372 2519 nemini
1404 2479 1593 2521 eorum
1633 2465 1725 2534 qui
1756 2465 2038 2520 historiam

450 2554 656 2623 optime
710 2565 1108 2611 contexuerunt
1159 2559 1584 2627 postponendus.
1616 2558 1757 2628 73a
1813 2558 1950 2612 Nam
1987 2566 2043 2612 et

453 2646 824 2700 narrationum
886 2648 1155 2702 brevitate
1211 2657 1451 2718 praestat,
1491 2657 1546 2704 et
1595 2649 1920 2718 importunis
1955 2650 2037 2703 di-

453 2737 845 2804 gressionibus,
901 2749 994 2792 aut
1029 2738 1219 2794 crebra
1264 2740 1602 2808 parenthesi,
1659 2741 2031 2795 continentem

454 2824 697 2882 historiae
727 2837 968 2882 tenorem
1014 2830 1236 2885 minime
1272 2831 1647 2887 laedit.Decori
1694 2833 1915 2902 insuper
1937 2831 2036 2887 oh-

455 2932 706 2984 servans,
746 2934 885 2974 nova
937 2921 1206 2976 orationis
1236 2922 1630 2991 compositione
1673 2925 1848 2993 magis
1878 2937 2039 2992 quam

453 3011 736 3065 vocabulis
761 3027 932 3082 usque
962 3029 1028 3067 eo
1059 3025 1141 3067 est
1159 3014 1318 3082 plane
1345 3025 1402 3068 ut
1432 3016 1540 3069 alio
1573 3015 1723 3070 nullo
1763 3015 1923 3070 modo
1948 3029 2042 3068 ue-

453 3117 563 3171 que
594 3103 816 3170 clarior,
850 3119 1025 3175 neque
1069 3106 1362 3160 dilucidior
1405 3107 1520 3161 fieri
1562 3107 1801 3160 narratio
1844 3105 2034 3175 possit.

454 3192 591 3247 Dum
629 3209 760 3249 vero
793 3195 1166 3264 signiﬁcantes
1211 3206 1578 3267 sonantesque
1619 3211 1684 3252 ac
1714 3206 1913 3251 teretes
1941 3197 2037 3250 ad-

341 2343 344 2347 ’
455 2313 760 2396 transiisse,
795 2329 861 2384 de
897 2330 1124 2397 pecunia
1172 2331 1444 2398 poscenda
1496 2330 1550 2384 in
1601 2344 1840 2398 praesens
1883 2329 2250 2398 quiescentes.
2287 2333 2464 2400 Atque
2501 2330 2605 2384 hoc
2638 2328 2761 2383 libri
2795 2327 2991 2384 decimi
3024 2337 3332 2382 extremum
3364 2336 3470 2382 est.

2223 2465 2378 2518 Ἔστι
2413 2462 2513 2534 μὲν
2556 2457 2649 2517 οὖν
2694 2461 2781 2515 6“
2809 2463 2950 2534 ἀνὴρ
2976 2463 3190 2525 οὐδενὸς
3230 2462 3342 2515 τῶν
3378 2463 3579 2533 ἄριστα
3607 2480 3728 2518 συν-

2145 2557 2464 2626 ταξαμένων
2494 2558 2736 2629 ίστορίας
2757 2557 3042 2627 δεύτεροςο
3070 2557 3401 2626 ἀπαγγεῖλαί
3424 2574 3483 2610 τε
3506 2560 3613 2630 γὰρ
3639 2561 3736 2612 καὶ

2147 2649 2287 2720 μετὰ
2319 2650 2614 2719 συντομίας
2644 2650 2936 2720 κράτιστος
2954 2691 2970 2714 ,
2999 2648 3096 2701 καὶ
3123 2649 3540 2720 παρεκτροπαῖς
3568 2648 3735 2702 ἀκαί-

2144 2758 2259 2812 ροις
2305 2741 2428 2794 οὐδὲ
2473 2740 2850 2812 παρενθήκαις
2883 2740 2944 2793 τὸ
2975 2739 3198 2810 συνεχὲς
3226 2742 3328 2810 τῆς
3371 2738 3610 2809 ἱστορίας
3643 2738 3736 2790 ού-

2139 2832 2312 2902 δαμοῦ
2337 2832 2755 2902 λυμαινόμενος,
2791 2830 3168 2902 καινοπρεπὴς
3197 2831 3255 2884 δὲ
3283 2830 3526 2902 συνθήκῃ
3572 2829 3734 2896 λόγου

2141 2924 2340 2994 μᾶλλον
2387 2923 2420 2994 ἢ
2457 2923 2621 2989 λέξει,
2652 2923 2742 2976 καὶ
2769 2921 2945 2986 οὕτως
2973 2921 3114 2975 ὥστε
3167 2921 3240 2991 μὴ
3281 2923 3348 2974 ἂν
3396 2921 3574 2984 ἄλλως
3604 2921 3736 2991 [228

2138 3012 2234 3085 R.]
2255 3014 2393 3084 μήτε
2429 3013 2764 3083 σαφέστερον
2796 3012 2938 3082 μήτε
2968 3011 3364 3084 ἐναργέστερον
3396 3010 3457 3062 τὸ
3483 3010 3736 3080 διήγημα

2134 3103 2464 3173 δηλωθῆναι.
2491 3103 2637 3172 Εύσή
2649 3120 2732 3174 μῳ
2763 3102 2819 3156 δὲ
2847 3102 2942 3155 καλ⁵
2971 3102 3156 3173 εύήχῳ
3179 3101 3273 3154 καὶ
3295 3101 3375 3170 τῷ
3395 3101 3503 3153 τῶν
3529 3099 3734 3163 λέξεων

2135 3197 2590 3266 άποκεχρημένος
2617 3193 2968 3266 στρογγύλῳ,
2993 3193 3088 3248 καὶ
3121 3193 3182 3248 τὸ
3207 3193 3346 3246 λεῖον
3376 3193 3489 3262 ἔχει
3519 3190 3599 3260 τῷ
3627 3208 3732 3261 με·

453 3284 604 3339 ltibet
629 3286 920 3352 dictiones,
964 3289 1276 3358 aequalitate
1309 3305 1412 3344 nou
1443 3291 1643 3354 minus,
1670 3303 1831 3358 quam
1868 3303 2034 3358 grau-

2139 3287 2289 3356 γέθει
2340 3286 2794 3356 συγκιρνάμενον.
2834 3287 2944 3338 Καὶ
2993 3288 3029 3356 ἡ
3077 3286 3333 3356 καινότης
3378 3284 3484 3337 τῶν
3527 3281 3736 3347 λέξεων

451 3373 622 3430 ditate
641 3378 944 3432 orationem
961 3388 1243 3448 temperat.
1265 3379 1564 3434 Verborum
1600 3379 1726 3435 item
1751 3379 2029 3434 innovatio

451 3481 560 3521 non
587 3477 672 3522 est
705 3468 780 3523 illi
813 3469 1043 3541 longius,
1090 3473 1184 3526 sed
1217 3486 1249 3526 e
1280 3471 1583 3542 propinquo
1614 3471 1802 3540 petita,
1831 3481 1886 3526 et
1909 3486 2032 3540 quae

451 3557 632 3613 lumen
659 3562 892 3615 orationi
938 3563 1021 3616 vel
1052 3564 1347 3617 maximum
1378 3564 1562 3627 addat,
1602 3573 1656 3616 ιιι
1683 3563 1753 3617 sit
1783 3563 2030 3618 vocabuli

451 3651 611 3719 quasi
647 3651 861 3707 habitus
883 3654 1099 3720 quidam
1121 3669 1184 3707 ac
1217 3665 1400 3724 gestus
1425 3654 1606 3723 potius
1653 3669 1816 3723 quam
1849 3663 2029 3707 muta-

454 3742 532 3796 tio
576 3755 960 3800 consuetorum
1006 3747 1314 3800 verborum.
1359 3747 1478 3812 Quo
1521 3748 1602 3813 ﬁt,
1635 3755 1694 3800 ut
1722 3756 1778 3801 et
1824 3747 2032 3816 perspi-

451 3834 626 3889 cuitas
649 3835 949 3899 exoriatur,
981 3852 1088 3892 non
1117 3837 1170 3892 in
1197 3839 1303 3893 hac
1333 3838 1508 3893 solum
1538 3846 1712 3908 parte,
1749 3839 1842 3892 sed
1863 3838 2040 3902 etiam,

451 3925 506 3980 in
535 3936 822 3995 apparatu,
859 3927 1071 3993 ordine,
1103 3939 1159 3983 et
1190 3930 1523 3986 narrationis
1549 3931 1783 3984 maxime
1804 3946 2028 4000 compo-

449 4013 650 4069 sitione
685 4032 701 4068 :
737 4017 879 4084 quod
913 4017 1087 4085 ipsum
1121 4029 1205 4072 est
1246 4029 1418 4072 totum
1459 4019 1866 4088 perspicuitatis
1899 4020 2031 4074 arti-

383 4160 404 4179 .
452 4104 657 4158 licium.
717 4103 836 4158 Jam
886 4122 1016 4161 usus
1057 4109 1420 4177 tractatioque
1455 4109 1778 4176 simplicium
1822 4124 1888 4164 ac
1947 4125 2032 4164 re-

447 4203 664 4249 ctarum
726 4195 1096 4265 periodorum,
1133 4198 1218 4252 vel
1250 4199 1390 4266 apud
1440 4199 1684 4254 indoctos
1715 4199 2030 4270 plerumque

447 4285 757 4351 reperiatur
786 4303 799 4339 :
837 4296 894 4339 et
923 4301 1055 4340 vero
1085 4289 1152 4341 ad
1184 4288 1437 4356 supinum
1511 4299 1673 4356 atque
1715 4290 1916 4345 humile
1949 4291 2031 4344 di-

445 4375 605 4430 cendi
654 4391 832 4446 genus
855 4377 1158 4432 orationem
1216 4379 1441 4432 nimium
1492 4382 1762 4448 demittit;
1799 4397 2029 4450 praeser-

447 4469 544 4520 tim
609 4468 654 4523 si
704 4484 884 4523 merus
951 4469 1040 4524 ille
1104 4481 1270 4539 atque
1324 4471 1693 4541 impermistus
1748 4475 1820 4527 sit
1877 4490 2024 4528 usus.

444 4553 599 4619 Quod
657 4554 747 4608 hic
800 4565 984 4610 noster
1047 4557 1188 4629 (etsi
1251 4558 1320 4616 ad
1385 4561 1823 4628 perspicuitatem
1898 4563 2025 4617 illud

446 4646 628 4701 facere
701 4648 986 4720 videatur)
1059 4665 1165 4706 non
1253 4652 1469 4707 admisit
1544 4669 1804 4722 unquam.
1889 4653 2026 4709 Tro-

445 4738 531 4808 pis
583 4738 712 4794 item
741 4740 1012 4811 ellipseos,
1061 4758 1168 4798 non
1210 4745 1475 4799 ambitum
1505 4746 1702 4816 ipsum
1734 4747 2021 4803 verborum

443 4829 800 4897 concidendo,
849 4835 944 4886 sed
1003 4848 1162 4890 voces
1212 4837 1455 4907 singulas
1511 4839 1900 4908 supprimendo
1946 4841 2022 4895 ita

443 4919 637 4986 utitur,
667 4933 723 4974 ut
751 4938 818 4977 ne
844 4925 1174 4995 percipiendi
1211 4929 1432 4998 quidem
1463 4930 1703 4985 delectus
1730 4933 2018 5002 vestigium

444 5011 610 5066 ullum
632 5013 914 5094 relinquat
945 5032 960 5070 :
1008 5016 1172 5087 idque
1199 5019 1356 5086 adeo,
1385 5030 1442 5076 ut
1473 5023 1516 5076 si
1545 5025 1667 5093 quis
1695 5027 1838 5094 quod
1871 5025 2024 5079 deest

442 5093 646 5156 adderé
707 5113 915 5169 tentet,
968 5122 1429 5178 super.vacaneum
1479 5113 1659 5182 potius
1727 5115 2020 5178 addidisse,

439 5209 604 5261 quant
691 5196 962 5254 delectum
1023 5202 1397 5271 supplevisse,
1464 5205 1659 5260 merito
1711 5218 2018 5261 censeatur.

441 5283 793 5344 Schematum
849 5291 1013 5346 etiam
1067 5297 1222 5363 copia
1270 5293 1477 5364 optime
1526 5296 1827 5351 orationem
1865 5313 2018 5353 suam
2077 5367 2084 5374 ξ

2139 3380 2260 3449 οὐχὶ
2285 3382 2365 3443 είς
2393 3379 2453 3432 τὸ
2482 3379 2674 3450 πόρρω
2705 3377 3111 3449 νεωτερίζεται,
3136 3377 3251 3432 ἀλλ’
3281 3375 3516 3445 ἔγγιστά
3544 3392 3604 3428 τε
3637 3375 3738 3427 καὶ

2137 3471 2220 3534 εἰς
2253 3470 2316 3522 τὸ
2349 3469 2806 3539 ἐμφατικώτατον
2821 3469 2888 3534 ⁸⁷,
2920 3470 2996 3533 ὠς
3027 3468 3412 3540 σχηματισμὸν
3455 3461 3599 3520 εἶναι
3646 3465 3738 3520 λέ-

2135 3558 2294 3626 ξεως,
2317 3560 2434 3614 ἀλλ’
2456 3560 2579 3630 οὐχὶ
2599 3559 2900 3631 ἐναλλαγὴν
2917 3560 3184 3631 συνήθους
3209 3560 3493 3630 ὀνόματος.
3517 3560 3610 3610 Διὸ
3637 3561 3739 3612 καὶ

2131 3651 2190 3705 τὸ
2221 3651 2393 3720 σαφὲς
2423 3651 2814 3727 συνεφέλκεται
2849 3653 2952 3706 οὐκ
3003 3653 3061 3706 ἐν
3107 3651 3284 3722 τούτῳ
3313 3652 3494 3721 μόνον,
3525 3647 3667 3704 ἀλλὰ
3686 3649 3737 3680 ⁸⁸

2132 3746 2234 3797 κάν
2261 3747 2327 3816 τῇ
2363 3744 2624 3815 διασκευῇ
2652 3745 2748 3797 καὶ
2777 3742 2926 3808 τάξει
2970 3743 3066 3798 καὶ
3112 3745 3447 3798 καταστάσει
3493 3742 3740 3811 μάλιστα

2131 3833 2225 3885 τοῦ
2256 3833 2596 3903 διηγήματος
2617 3849 2630 3864 ’
2666 3835 2804 3903 ὅπερ
2832 3833 2949 3886 ἐστὶ
2976 3835 3068 3886 καὶ
3100 3833 3200 3903 τῆς
3230 3833 3528 3904 σαφηνείας
3552 3832 3616 3885 τὸ
3647 3833 3737 3885 ἐνι-

2130 3939 2351 3993 τεχνον·
2383 3925 2416 3994 ή
2451 3924 2560 3994 γάρ
2591 3940 2674 3976 τοι
2715 3923 2913 3994 χρῆσις
2963 3925 2997 3994 ὴ
3039 3923 3182 3978 κατὰ
3227 3923 3326 3987 τὰς
3369 3924 3587 3986 εὐθείας
3620 3923 3738 3976 τῶν

2132 4015 2399 4085 περιόδων
2431 4016 2660 4078 καὶτοῖς
2695 4015 2935 4078 ἰδιώταις
2965 4016 3227 4087 πρόσεστι
3257 4016 3513 4086 μάλιστα,
3532 4017 3627 4069 καὶ
3649 4017 3738 4079 είς

2132 4107 2431 4175 ύπτιότητα
2463 4105 2556 4158 καὶ
2589 4107 2957 4177 ταπεινότητα
2983 4107 3105 4162 λίαν
3139 4107 3498 4171 καταϐιϐάζει
3522 4106 3615 4159 τὸν
3643 4107 3741 4159 λό-

2128 4213 2246 4265 γον,
2276 4197 2513 4265 ἇκρατος
2551 4197 2784 4267 μάλιστα
2817 4199 3078 4270 γινομένη
3099 4216 3112 4231 ο
3139 4200 3279 4271 ὅπερ
3307 4192 3463 4262 οὗτος
3479 4197 3525 4230 ’δ’
3558 4199 3608 4251 εἰ
3632 4198 3738 4251 καὶ

2128 4288 2226 4342 τοῦ
2253 4287 2460 4358 σαφοῦς
2486 4285 2628 4343 εἶναι
2659 4289 2826 4355 δοκεῖ,
2862 4291 2923 4343 ού
2952 4291 3420 4360 προσήκατο.Καὶ
3449 4290 3528 4360 τῷ
3551 4290 3738 4344 ἐλλεί-

2131 4397 2288 4434 ποντι
2331 4380 2390 4433 δὲ
2434 4379 2544 4434 τῶν
2576 4380 2797 4449 τρόπων
2831 4379 2975 4433 οὕτω
3007 4381 3294 4452 κέχρηται,
3324 4381 3386 4434 οὑ
3436 4380 3579 4433 κατὰ
3626 4381 3742 4444 τὰς

2129 4473 2446 4544 περιοδικάς
2483 4471 2752 4542 ἐλλείψεις
2780 4472 2939 4526 τοῦτο
2966 4473 3157 4540 ποιῶν,
3186 4473 3324 4526 ἀλλὰ
3352 4474 3495 4527 κατά
3532 4489 3596 4540 γε
3627 4473 3741 4534 τὰς

2131 4564 2240 4618 τῶν
2272 4562 2493 4627 λέξεων,
2525 4562 2669 4637 ὥστε
2721 4564 2844 4634 μηδ’
2871 4563 3141 4618 ἐλλείπειν
3185 4563 3386 4617 διδόναι
3436 4563 3744 4634 συναίσθη-

2134 4671 2251 4708 σιν*
2298 4654 2396 4707 καὶ⁵
2429 4654 2483 4706 εἴ
2516 4673 2601 4719 τις
2627 4655 2689 4707 τὸ
2713 4655 2896 4710 λεῖπον
2924 4655 3231 4726 ἐπιχειροίη
3271 4650 3616 4726 προσθεῖναι,
3647 4659 3743 4720 εἰς

2129 4747 2192 4800 τὸ
2223 4747 2496 4819 παρέλκον
2538 4747 2604 4802 ἂν
2635 4749 2904 4802 ἐπιτεῖναι
2950 4748 3123 4815 δόξαι,
3157 4748 3293 4802 ἀλλὰ
3322 4749 3397 4818 μὴ
3443 4749 3539 4802 τοῦ
3585 4748 3740 4802 ἐλλι-

2129 4839 2264 4902 ποῦς
2291 4839 2532 4911 ἐξευρεῖν
2555 4840 2652 4912 τὴν
2676 4842 3331 4913 ἀναπλήρωσιν.”Λριστα
3357 4841 3414 4894 δὲ
3437 4840 3605 4895 αὐτοῦ
3628 4842 3745 4896 καὶ

2127 4931 2189 4982 τὸ
2218 4930 2729 5001 πολυσχημάτιστον
2759 4933 2872 5004 ἔχει
2896 4971 2912 4998 ,
2943 4934 3045 4986 οὐκ
3076 4933 3274 5003 ἁθρόον
3311 4933 3745 5004 μεταϐαλλόμε-

2128 5039 2218 5076 νον
2249 5023 2357 5076 ἀπὸ
2389 5023 2488 5093 τῆς
2525 5024 3036 5095 αὐτοσχηματίστου
3071 5027 3356 5098 χρήσεως,
3389 5025 3508 5078 ἀλλ’
3539 5026 3742 5097 ἠρέμα.

2131 5113 2222 5166 καὶ
2255 5113 2312 5177 ἐξ
2344 5114 2518 5183 ἀρχῆς
2547 5116 3029 5186 συμπλεκόμενον,
3064 5117 3139 5180 ὡς
3168 5119 3302 5188 μήτε
3325 5116 3404 5186 τῷ
3424 5122 3746 5190 προσκορεῖ

2131 5205 2286 5273 ἁνιᾷν
2320 5205 2461 5275 μήτε
2513 5204 2592 5274 τῷ
2637 5206 2820 5277 ἁθρόῳ
2854 5211 3029 5262 ποιεῖν
3061 5209 3587 5280 ἐκταράσσεσθαιδθ.
3616 5211 3750 5263 Καὶ

2131 5295 2338 5362 ἁπλῶς,
2366 5294 2421 5348 εἴ
2443 5313 2527 5360 τις
2547 5299 2666 5350 κατ’
2686 5299 2849 5354 αὑτὸν
2874 5302 2968 5355 ἐπὶ
2984 5301 3109 5365 τοὺς
3129 5300 3440 5371 ἱστορικοὺς
3460 5301 3748 5371 ἀναχθείη

1704 5473 1942 5532 ΥΑΒΙᾸΞ
1972 5475 2267 5533 LECTION
2275 5477 2378 5533 ES.

515 5653 567 5687 ⁵⁸
623 5656 952 5736 ἑταίρωνῇᾼ.
1017 5660 1072 5736 *εξ
1121 5661 1216 5736 ἐπὶ
1269 5663 1315 5736 Α
1344 5682 1360 5736 γε
1401 5664 1501 5736 τὴν
1525 5681 1588 5730 ς.

448 5733 614 5796 τέχνη
653 5745 716 5792 ς.

1681 5667 1729 5699 ⁸²
1768 5666 2036 5742 ὡμολόγει
2099 5690 2158 5738 ς’.

822 5730 867 5764 ’⁵⁸
893 5733 923 5784 ὁ
967 5731 1089 5790 add.
1121 5733 1186 5788 A.
1266 5735 1311 5767 ⁵⁷
1333 5730 1903 5806 ἐιιφὰντικώτατονς.
1963 5730 2042 5776 ’⁸⁵⁸
2098 5730 2214 5799 ἀλλ’
2265 5730 2413 5810 ἐν

2267 5674 2315 5707 ⁸³
2344 5692 2410 5744 γε
2447 5676 2491 5729 Δ
2517 5691 2613 5730 ετε
2647 5693 2708 5740 ς.
2814 5677 2856 5710 “
2876 5677 3239 5732 ἀστασίαστον
3273 5675 3340 5731 Α.
3420 5675 3465 5708 ⁵⁵
3492 5673 3748 5742 τούτους

2519 5746 2566 5778 ⁸³
2589 5747 2762 5811 οὕτως
2783 5746 2848 5801 Α.
2927 5749 2972 5780 ⁸ο
3003 5746 3436 5816 ἐκταράττεσθαι
3462 5762 3522 5810 ς.
