3942 6234
232 272 338 336 325

1335 263 1858 326 BIBLIOTHECA.
1911 286 1980 299 ·-
2008 259 2177 322 COD.
2208 257 2430 320 XCIII.

3403 253 3510 317 326

232 384 332 454 τὴν
353 381 566 436 τούτων
624 378 1050 434 ἀποστέλλονται
1080 377 1332 448 ζήτησιν,
1377 375 1472 428 καὶ
1499 374 1624 446 δίχα
1668 390 1826 444 μερι-

1959 377 2254 439 nsequente
2301 366 2470 421 Dama
2519 362 2584 416 ad
2633 370 2851 432 pratum
2902 361 3171 432 quoddam
3216 361 3508 418 Rhodaues

235 472 461 535 σθέντες
489 469 617 544 [151
655 469 750 542 ιι.]
780 469 987 541 ἐπὶιτὴν
1017 468 1248 539 ἔρευναν
1275 466 1594 538 τρέπονται.
1643 467 1828 519 Κατα-

234 565 616 634 λαμσὰνονται
646 565 691 598 ⁸⁵
729 563 917 634 σχεδόν
945 579 1000 614 τι
1038 561 1192 632 παρά
1221 576 1344 613 τινα
1370 558 1613 628 λειμῶνα
1632 557 1830 629 οἱπερὶ

250 658 513 728 Ῥοδάνην
543 657 651 710 ὑπὸ
679 655 776 710 τοῦ
811 654 1102 716 διώκοντος
1131 653 1290 723 Δάμα
1312 670 1327 684 ·
1379 653 1564 716 ἁλιεὺς
1598 653 1645 705 δ’
1672 647 1740 721 ἦν
1769 649 1829 712 ὃς

237 752 367 814 τοὺς
402 750 674 820 ποιμένας
709 749 1005 818 ἐμήνυσεν,
1042 747 1093 800 οἳ
1121 743 1542 816 στρεϐλούμενοι
1565 743 1658 796 τὸν
1713 743 1824 794 λει-

242 844 403 914 μῶνα
421 843 578 914 μόλις
610 841 967 895 δεικνύουσιν.
1015 840 1104 892 Ἐν
1129 831 1173 908 ᾧ
1201 837 1296 891 καὶ
1331 836 1534 908 χρυσὸν
1570 835 1829 918 Ῥοδάνης

241 935 493 1007 εὕρισκε,
521 935 624 1006 τῆς
646 934 849 1004 στήλης
873 932 968 986 τού
1002 931 1221 994 λέοντος
1265 928 1707 1001 ύποδηλούμενον
1753 925 1832 996 τῷ

243 1028 659 1098 ἐπιγράμματι.

315 1119 464 1192 [257
522 1117 637 1189 11.]
697 1117 1080 1186 Καὶιτρὰγου
1136 1132 1189 1169 τι
1249 1115 1445 1187 φάσμα
1507 1115 1609 1186 ἐρᾷ
1663 1115 1834 1168 Σινω-

245 1213 390 1274 νίδος
434 1227 452 1242 ·
513 1209 575 1274 ἐξ
626 1204 694 1280 ἧς
749 1208 930 1272 αἰτίας
971 1208 1067 1262 καὶ
1123 1207 1172 1260 οί
1226 1209 1358 1276 περὶ
1415 1206 1669 1276 Ῥοδάνην
1740 1204 1835 1258 τοῦ

248 1303 517 1372 λειμῶνος
547 1301 867 1371 ἀπαίρουσι.
892 1300 1082 1369 Δάμας
1111 1299 1167 1352 δὲ
1205 1298 1296 1352 τὸν
1317 1298 1425 1352 ἀπὸ
1453 1297 1546 1350 τοῦ
1574 1297 1838 1368 λειμῶνος

251 1396 348 1464 τῆς
369 1392 659 1456 Σινωνίδος
689 1392 954 1460 στέφανον
983 1390 1159 1461 εὑρὼν
1186 1389 1397 1459 πέμπει
1429 1389 1637 1459 Γάρμῳ
1666 1404 1840 1457 παρα-

255 1484 474 1554 μύθιον.
501 1483 803 1550 Φεύγοντες
826 1482 881 1535 δὲ
908 1481 957 1534 οἱ
991 1482 1122 1551 περὶ
1164 1480 1423 1551 Ῥοδὰνην
1478 1478 1840 1548 ἐντυγχάνου-

254 1577 335 1622 σιν
361 1570 458 1622 ἐπὶ
479 1569 724 1638 καλύϐης
757 1569 889 1640 γραῒ
932 1586 1039 1622 τινι
1065 1570 1310 1636 γυναικὶ,
1363 1570 1458 1622 καὶ
1503 1569 1842 1636 κρύπτονται

253 1663 343 1715 ὑπ’
374 1663 564 1731 ἄντρῳ
585 1659 653 1725 ⁸⁸,
697 1660 726 1712 ὃ
755 1660 1062 1730 διαμπερὲς
1084 1661 1127 1696 ⁸-⁷
1183 1657 1253 1730 ἦν
1310 1659 1697 1729 ὀρωρυγμένον
1745 1658 1840 1711 ἐπὶ

256 1724 504 1816 σταδίους
532 1724 1081 1824 τριάκονταίλόχμῃ
1124 1751 1181 1803 δὲ
1208 1724 1295 1802 ⁷’τὸ
1335 1724 1518 1820 στόμα
1539 1724 1838 1802 ἐϐέϐυστο.
1875 1724 1915 1778 Β

254 1844 364 1898 Καὶ
394 1844 604 1912 οἱπερὶ
631 1842 724 1895 τὸν
759 1841 949 1911 Δὰμαν
970 1841 1313 1908 ἐφίστανται,
1361 1839 1459 1893 καὶ
1491 1837 1843 1910 ἀνακρίνεται

255 1940 288 2008 ἡ
315 1936 518 2008 γραῦς,
545 1937 642 1990 καὶ
667 1933 822 2004 ξίφος
848 1934 1058 2003 γυμνὸν
1111 1931 1297 1985 ἰδοῦσα
1345 1931 1624 2000 ἐξέψυξεν.
1679 1931 1740 1983 Ol
1786 1930 1845 1984 δὲ

254 2031 348 2084 τοῦ
373 2030 662 2093 Ῥοδὰνους
681 2030 838 2082 ἵπποι
860 2029 955 2081 καὶ
969 2030 1068 2097 τῆς
1086 2025 1389 2090 Σινωνίδος,
1406 2020 1488 2086 οἷς
1509 2024 1842 2093 ἐπωχοῦντο,

259 2121 757 2192 συλλαμϐάνονται.
787 2121 896 2174 Καὶ
926 2118 1383 2190 περικαθίσταται
1410 2116 1454 2149 ⁸⁸
1504 2116 1734 2186 στρατὸς
1783 2115 1846 2168 τὸ

257 2218 460 2288 χωρίον
512 2216 574 2269 ὲν
603 2208 647 2283 ᾧ
681 2213 906 2276 Σινωνὶς
959 2213 1051 2265 καὶ
1118 2211 1376 2279 Ῥοδάνης
1430 2207 1844 2280 ἀπεκρύπτετο,

259 2311 355 2361 καὶ
383 2305 847 2379 καταρρήγνυταί
873 2321 1018 2366 τινος
1047 2303 1157 2357 τῶν
1204 2301 1519 2374 περιπόλων
1564 2302 1734 2365 ἀσπὶς
1784 2303 1850 2354 ἐκ

259 2398 463 2467 χαλκοῦ
493 2395 589 2448 τοῦ
614 2394 930 2464 ὀρύγματος
957 2390 1219 2461 ὕπερθεν,
1251 2391 1346 2442 καὶ
1385 2389 1463 2461 τῷ
1490 2390 1724 2460 διακένῳ
1753 2388 1848 2442 τοῦ

261 2490 392 2560 ἡχου
423 2487 535 2541 τῶν
564 2485 966 2557 κεκρυμμένων
1011 2485 1240 2554 μήνυσις
1280 2481 1512 2551 γίνεται,
1548 2483 1644 2535 καὶ
1689 2499 1849 2554 περιο

260 2581 561 2651 ορύσσεται
581 2579 645 2631 τὸ
673 2577 915 2648 ὄρυγμα,
946 2578 1041 2628 καὶ
1071 2574 1252 2629 πάντα
1265 2572 1454 2643 Δάμας
1473 2575 1590 2645 βοᾷ.
1629 2574 1737 2627 Καὶ
1770 2573 1853 2641 γί-

264 2690 414 2726 νεται
442 2673 559 2732 τοῖς
583 2669 730 2723 ἔνδον
750 2667 1122 2738 συναίσθησις,
1152 2668 1249 2720 καὶΙ
1281 2665 1577 2734 φεύγουσιν
1603 2666 1708 2718 ὑπὸ
1737 2668 1853 2728 τοῖς

263 2765 357 2819 τοῦ
388 2765 594 2835 ἄντρου
655 2763 849 2832 μυχοῖς
875 2761 946 2826 ⁸³,
979 2761 1074 2812 καὶ
1119 2757 1507 2811 διεκπίπτουσι
1565 2756 1703 2828 πρὸς
1756 2757 1855 2828 τὴν

267 2857 467 2929 ἑτέραν
495 2853 666 2908 αὐτοῦ
689 2853 850 2924 ὀπήν.
896 2851 1007 2905 Καὶ
1045 2849 1313 2921 μελιττῶν
1343 2848 1391 2881 ⁷⁰
1431 2847 1641 2917 ἀγρίων
1673 2849 1856 2919 σμήνη

269 2947 482 3002 ἐκεῖθεν
523 2946 621 2998 ἐπὶ
646 2943 773 3006 τοὺς
824 2941 1157 3013 ὀρύσσοντας
1184 2941 1471 3010 τρέπεται,
1505 2940 1776 3010 καταρρεῖ
1798 2939 1857 2990 δὲ

1930 468 2241 530 caperetur.
2281 455 2536 510 Piscator
2574 454 2720 508 enim
2761 453 2979 522 quidam
3023 463 3272 523 pastores
3306 453 3507 508 indica-

1929 553 2030 615 vit,
2062 548 2157 619 qui
2205 544 2600 617 quaestionibus
2651 542 2801 607 torti,
2847 552 3060 612 pratum
3102 542 3234 596 illud
3279 541 3370 595 vix
3403 551 3511 594 tan‘

1933 646 2052 698 dem
2092 642 2490 695 demonstrant.
2523 636 2643 703 Quo
2699 636 2750 690 in
2809 645 2964 706 prato
3015 644 3070 690 et
3122 650 3312 689 aurum
3368 631 3513 687 Rho-

1932 732 2102 787 danes
2138 738 2438 800 repererat,
2471 727 2538 782 ab
2574 727 2926 798 inscriptione
2961 725 3074 798 (60)
3106 727 3392 790 columnas,
3425 723 3514 778 cui

1932 823 2018 880 leo
2051 822 2344 886 insidebat,
2376 828 2676 876 ostensum.

2007 1119 2159 1174 Hirci
2191 1104 2406 1188 quoque
2455 1127 2734 1188 spectrum
2784 1118 3058 1187 quoddam
3113 1115 3369 1170 Sinonica
3406 1113 3521 1168 illic

1937 1226 2121 1266 amare
2150 1209 2317 1280 erepit
2355 1229 2366 1263 :
2406 1225 2524 1278 qua:
2550 1223 2710 1264 causa
2757 1207 2882 1274 fuit,
2935 1217 2991 1260 ut
3025 1207 3317 1261 lihodanes
3355 1222 3421 1258 ex
3451 1220 3518 1259 eo

1941 1311 2094 1372 prato
2129 1301 2440 1354 excederet.
2479 1297 2676 1352 Damas
2700 1313 2851 1362 vero,
2901 1307 3170 1364 repertam
3229 1297 3300 1350 ibi
3359 1295 3520 1350 Sino-

1944 1393 2082 1447 uidis
2114 1405 2368 1446 coronam
2396 1389 2598 1444 solatio
2633 1391 2838 1445 Garmo
2885 1390 3158 1444 submisit.
3227 1387 3333 1458 Ipsi
3392 1388 3517 1456 fuga

1941 1484 2161 1554 dilapsi,
2215 1485 2522 1539 inciderunt
2560 1485 2612 1537 in
2648 1482 2885 1536 vetulam
2944 1480 3236 1549 quamdam
3267 1481 3321 1533 in
3352 1490 3516 1547 tugu-

1945 1573 2026 1630 rio
2060 1577 2418 1640 habitantem,
2469 1584 2797 1644 antrumque
2824 1573 3120 1628 subeuntes
3153 1571 3345 1633 latent,
3373 1570 3519 1638 quod

1945 1680 2161 1722 antrum
2181 1683 2280 1739 per
2305 1670 2481 1724 stadia
2512 1669 2736 1722 omnino
2761 1666 2978 1735 triginta
3006 1664 3284 1727 effossum,
3341 1664 3524 1716 fauces

1948 1759 2183 1815 habebat
2247 1761 2432 1814 densis
2491 1759 2729 1813 arbustis
2791 1759 3123 1812 obstructas.
3188 1755 3387 1808 Damas
3435 1752 3526 1806 hic

1948 1849 2131 1911 instat,
2165 1863 2410 1918 anusque
2441 1848 2766 1912 altercatur,
2810 1847 2906 1900 sed
2961 1846 3213 1899 strictum
3273 1853 3330 1896 ut
3385 1843 3525 1897 vidit

1947 1940 2206 2010 gladium,
2234 1941 2544 1994 exanimata
2578 1947 2680 1994 est.
2743 1937 2884 2006 Equi
2927 1936 3126 2004 quibus
3187 1936 3528 1989 vehebantur

1951 2035 2240 2089 Iihodanes
2264 2043 2428 2102 atque
2457 2033 2679 2088 Sinonis
2704 2032 3014 2098 capiuntur,
3060 2028 3348 2095 locumque
3377 2042 3532 2081 exer-

1947 2126 2090 2180 citus
2121 2126 2312 2190 cinxit,
2340 2127 2392 2180 in
2418 2141 2526 2194 quo
2571 2140 2631 2180 se
2685 2124 2765 2178 illi
2792 2123 3216 2177 absconderant.
3268 2120 3523 2188 Disrupto

1951 2225 2064 2272 tum
2090 2217 2228 2272 forte
2258 2221 2440 2284 unius,
2463 2217 2554 2286 qui
2587 2216 2766 2271 locum
2795 2215 3003 2279 obibat,
3036 2229 3179 2268 aereo
3217 2213 3427 2283 clypeo,
3475 2211 3527 2264 in

1958 2308 2232 2378 Superiori
2263 2307 2462 2362 defessi
2491 2307 2633 2361 antri
2661 2315 2835 2377 parte,
2884 2314 2939 2360 et
2982 2319 3076 2373 per
3121 2318 3348 2357 vacuum
3382 2314 3534 2356 reso-

1952 2407 2120 2454 nante
2140 2401 2296 2464 echo,
2356 2400 2612 2453 indicium
2673 2399 2732 2451 fit
2773 2401 2944 2452 latere
2987 2395 3293 2450 nonnullos.
3348 2391 3535 2461 Itaque

1955 2492 2102 2546 fossa
2122 2488 2538 2545 circumfoditur
2561 2507 2576 2544 :
2607 2499 2660 2544 et
2689 2489 2889 2544 Damas
2909 2502 3004 2556 per
3035 2501 3226 2542 omnes
3249 2493 3434 2555 partes
3453 2487 3537 2538 ἱιια

1954 2583 2182 2648 clamat,
2207 2582 2382 2651 utqui
2415 2581 2561 2635 intus
2587 2589 2768 2650 erant,
2798 2580 3094 2645 audierint,
3149 2588 3314 2647 atque
3343 2576 3411 2630 ad
3435 2575 3537 2628 ab-

1957 2678 2102 2732 ditos
2113 2676 2383 2746 speluncae
2401 2689 2646 2729 recessus
2661 2671 2995 2743 dilIugerint,
3016 2681 3070 2727 et
3087 2671 3153 2724 ad
3169 2671 3395 2724 alterum
3416 2679 3538 2723 tan-

1956 2771 2078 2826 dem
2100 2769 2216 2839 ejus
2236 2767 2480 2821 foramen
2503 2765 2908 2819 delaberentur.
2930 2764 3025 2818 llic
3044 2778 3204 2833 apum
3241 2762 3538 2830 agrestium

1957 2875 2182 2915 examen
2212 2858 2481 2915 fodientes
2519 2856 2766 2927 (milites)
2792 2856 3017 2918 invadit,
3068 2853 3227 2908 melle
3249 2853 3455 2906 interea
3487 2852 3540 2905 in

1964 2951 2218 3020 fugitivos
2235 2947 2443 3004 deﬂuen
2452 2956 2523 3003 te.
2541 2949 2682 3016 Apes
2709 2948 2836 3016 ipsa:
2851 2943 2988 3017 741)
3004 2959 3069 3000 ac
3089 2944 3216 3011 mel,
3231 2951 3543 3012 serpentum

270 3040 365 3095 τοῦ
400 3039 622 3112 μέλιτος
657 3037 750 3089 καὶ
779 3036 873 3088 ἐπὶ
899 3035 1023 3098 τοὺς
1049 3033 1348 3103 φεύγοντας
1383 3047 1399 3064 ο
1432 3031 1570 3085 αἰδὲ
1603 3031 1853 3101 μέλισσαι

1962 3058 2079 3108 esu,
2104 3057 2311 3097 veneno
2337 3041 2536 3097 infecta
2563 3050 2757 3107 erant;
2789 3040 2916 3094 inde
2939 3054 3078 3107 quos
3115 3038 3218 3093 illae
3251 3037 3316 3090 ad
3341 3036 3544 3090 fossam

274 3133 369 3187 ml.
395 3134 458 3186 τὸ
494 3130 621 3202 μέλι
648 3129 706 3195 ἐξ
741 3127 986 3199 ἑρπετῶν
1032 3124 1570 3196 πεφαρμακευμέναι
1625 3126 1854 3196 τροφῆς,

274 3224 331 3275 αἱ
366 3223 467 3293 μὲν
497 3219 803 3292 κρούσασαι
828 3219 869 3248 ⁷¹
893 3217 1020 3280 τοὺς
1049 3218 1143 3269 ἐπὶ
1170 3217 1232 3269 τὸ
1257 3216 1479 3287 ὄρυγμα
1507 3215 1860 3287 ἠκρωτηρία-

275 3314 388 3378 ζον,
425 3313 522 3375 οὒς
551 3311 614 3364 δὲ
638 3310 734 3364 καὶ
762 3309 1114 3364 ἀπέκτειναν.
1131 3308 1222 3378 Τῷ
1248 3308 1304 3361 δὲ
1326 3306 1470 3378 λιμῷ
1495 3307 1861 3379 κρατούμενοι

277 3406 325 3458 οἱ
351 3404 486 3474 περὶ
525 3402 784 3469 Ῥοδὰνην
803 3399 1298 3469 διαλιχμησὰμενοι
1321 3397 1388 3464 ⁷¹,
1420 3396 1628 3460 καὶτὰς
1662 3395 1861 3464 γαστέ-

283 3514 380 3566 ρας
412 3492 826 3565 καταρῤυέντες
854 3491 923 3558 ⁷³,
947 3489 1213 3544 πίπτουσι
1244 3487 1399 3560 παρὰ
1441 3487 1538 3558 τὴν
1589 3487 1706 3541 ὀδὺν
1729 3486 1862 3540 ὡσεὶ

278 3586 484 3658 νεκροί.
516 3583 822 3651 Φεύγουσιν
855 3582 884 3633 ὁ
931 3579 1160 3650 στρατὸς
1204 3577 1283 3649 τῷ
1311 3577 1422 3631 τῶν
1451 3575 1721 3648 μελισσῶν
1774 3593 1865 3629 πο-

279 3678 430 3749 λέμῳ
495 3674 850 3743 πονούμενοι,
891 3673 986 3725 καὶ
1044 3672 1171 3734 τοὺς
1219 3671 1349 3742 περὶ
1416 3669 1673 3740 Ῥοδόινην
1716 3669 1866 3738 ὅμως

281 3768 559 3830 διώκουσι,
608 3766 706 3819 καὶ
757 3763 850 3828 οὓς
904 3763 1130 3817 ἐδίωκον
1194 3763 1432 3834 ὁρῶντες
1499 3763 1867 3835 ἐρριμμένους

281 3857 644 3928 παρέτρεχον,
675 3853 902 3924 νεκρούς
931 3870 1083 3917 τινας
1147 3853 1223 3916 ὡς
1249 3853 1468 3924 ἀληθῶς
1545 3851 1866 3921 ὑπολαμϐά-

281 3967 486 4013 νοντες.
529 3949 620 4001 Ἑν
645 3946 822 4019 τούτῳ
845 3943 923 4017 τῷ
959 3945 1142 4016 ἄντρῳ
1192 3947 1439 4017 κείρεται
1486 3945 1612 4008 τοὺς
1665 3943 1870 3997 πλοκά-

287 4059 416 4112 μους
453 4043 487 4112 ή
513 4040 766 4103 Σινωνὶς,
802 4039 872 4092 δι’
915 4034 980 4094 οὗ
1030 4039 1177 4110 ὕδωρ
1219 4039 1406 4102 αὐτοῖς
1463 4037 1824 4107 ἀνιμήσονται
1849 4050 1864 4065 ⁸

285 4130 560 4185 καὶτοῦτο
602 4128 782 4200 εὑρὼν
833 4131 1018 4182 ἐκεῖσε
1070 4129 1256 4200 Δάμας
1296 4128 1506 4198 πέμπει
1536 4127 1614 4196 τῷ
1645 4126 1868 4197 Γάρμῳ,

291 4218 558 4289 σύμϐολον
579 4216 674 4270 τοῦ
700 4217 871 4286 ἐγγὺς
905 4212 1047 4270 εἶναι
1081 4218 1370 4287 κάκείνους
1402 4215 1706 4270 συλλαϐεῖν.
1755 4215 1874 4285 Ἐρ-

295 4313 571 4382 ριμμένων
596 4309 656 4362 δὲ
691 4308 848 4380 παρὰ
872 4308 918 4340 ⁷⁸
942 4310 1044 4380 τὴν
1063 4309 1182 4363 ὁδὸν
1215 4308 1308 4362 τοῦ
1339 4324 1400 4361 τε
1463 4306 1747 4369 Ῥοδάνους
1777 4305 1873 4358 καὶ

293 4402 388 4471 τῆς
415 4401 720 4468 Σινωνίδος,
752 4405 782 4456 ό
813 4400 1044 4473 στρατὸς
1091 4401 1502 4471 παρερχόμενος
1534 4398 1610 4462 ὡς
1642 4399 1734 4451 ἐπὶ
1783 4413 1870 4450 νε-

299 4497 444 4565 κροῖς
471 4495 617 4549 κατὰ
667 4495 730 4548 τὺ
760 4495 992 4564 πάτριον
1031 4490 1154 4555 ἔθος
1177 4492 1231 4544 οἱ
1264 4490 1365 4562 μὲν
1403 4489 1758 4561 χιτωνίσκους
1787 4488 1872 4560 ῥί-

301 4603 516 4647 πτοντες
537 4585 870 4648 ἐκάλυπτον,
895 4583 1047 4637 ἄλλοι
1082 4584 1140 4636 δὲ
1169 4583 1296 4638 ἄλλο
1323 4599 1378 4635 τι
1402 4581 1511 4635 τῶν
1537 4581 1871 4653 προσόντων,

302 4677 392 4730 καὶ
425 4677 600 4749 κρεῶν
646 4677 704 4730 δὲ
751 4677 898 4748 μέρη
953 4677 1050 4730 καὶ
1092 4674 1280 4746 ἄρτου,
1363 4673 1734 4744 ιπὶπι-ξρριπτον⁹
1778 4670 1874 4725 καὶ

305 4767 437 4823 οὕτω
461 4768 746 4840 παρῆλθεν
776 4769 806 4822 ὁ
844 4766 1094 4840 στρατός.
1126 4763 1192 4819 Ol
1239 4766 1297 4818 δὲ
1328 4764 1408 4835 τῷ
1443 4765 1620 4834 μέλιτι
1684 4780 1870 4833 καρω-

306 4854 478 4920 θέντες
509 4857 662 4927 μόλις
700 4857 1042 4921 ἀνίστανται,
1084 4855 1340 4925 κοράκων
1374 4854 1474 4924 μὲν
1507 4855 1614 4906 τῶν
1640 4855 1769 4924 περὶ
1802 4852 1872 4906 τὰ

307 4949 434 5016 κρέα
469 4950 816 5020 διεριζόντων
851 4947 1126 5018 Ῥοδάνην,
1157 4947 1367 5000 ἐκείνου
1391 4946 1448 4999 δέ
1475 4947 1737 4999 Σινωνίδα
1758 4947 1875 5000 δια-

309 5042 684 5112 ναστήσαντος.
723 5040 1082 5103 ’Δναστάντες
1115 5036 1210 5092 οὖν
1241 5037 1567 5110 πορεύονται
1587 5040 1686 5108 τὴν
1721 5040 1875 5093 ἐναν-

1961 3141 2325 3202 pupugerunt,
2353 3131 2547 3202 partim
2573 3129 2991 3195 labefactarunt,
3029 3129 3227 3198 partim
3262 3127 3427 3181 etiam
3453 3141 3547 3178 0t-

1962 3223 2230 3278 ciderunt.
2258 3221 2423 3276 Fame
2447 3222 2512 3278 ad
2535 3224 2649 3276 haec
2670 3220 2967 3275 Rhodancs
2990 3231 3151 3288 atque
3181 3219 3325 3273 socia
3346 3219 3547 3281 coacti,

1963 3329 2088 3368 cum
2131 3314 2315 3384 (hujus
2348 3328 2563 3383 quoque
2583 3311 2808 3380 aliquid)
2871 3310 3189 3374 linxissent,
3248 3317 3538 3377 postquam

1964 3406 2016 3460 id
2047 3406 2101 3460 in
2143 3415 2386 3459 ventrem
2429 3403 2673 3469 defluxit,
2736 3405 2803 3456 ad
2839 3402 2981 3454 viam
3022 3401 3187 3454 veluti
3220 3401 3422 3453 mortui
3458 3397 3547 3450 af-

1963 3493 2096 3548 flicti
2152 3502 2301 3548 sunt.
2343 3491 2524 3562 Copia:
2551 3504 2732 3544 autem
2777 3490 2880 3544 illa:
2908 3490 3249 3552 obsidentes,
3309 3503 3434 3543 cum
3475 3488 3547 3541 ab

1965 3587 2160 3656 apibus
2181 3585 2390 3639 illatum
2423 3584 2618 3638 bellqu
2651 3583 2924 3637 sustinere
2952 3597 3059 3635 non
3101 3588 3350 3650 possent,
3400 3588 3550 3648 terga

1966 3687 2210 3742 vertunt,
2249 3677 2679 3746 thodanemque
2703 3675 3058 3730 nihilominus
3101 3685 3539 3754 persequuntur:

1967 3784 2022 3826 at
2073 3773 2198 3826 dum
2250 3779 2556 3840 prostratos
2636 3783 2772 3838 quos
2837 3769 3272 3838 insequebantur
3345 3765 3550 3828 vident,

1967 3879 2129 3917 cursu
2166 3871 2574 3931 pertranseunt,
2608 3862 2874 3915 cadavera
2905 3874 3094 3914 revera
3123 3873 3242 3913 esse
3267 3867 3542 3927 putantes.

1968 3948 2026 4002 In
2047 3949 2148 4002 hoc
2174 3959 2334 4003 antro
2369 3949 2548 4003 crines
2575 3957 2787 4002 attonsa
2816 3957 2899 4003 est
2921 3947 3170 4015 Sinonis,
3199 3956 3259 4001 ut
3303 3947 3373 4002 iis
3414 3961 3556 4016 aqua

1971 4041 2101 4110 ipsis
2127 4041 2461 4104 hauriretur,
2490 4054 2626 4108 quos
2648 4048 2894 4108 repertos
2941 4040 3071 4094 inibi
3116 4039 3316 4093 Damas
3350 4037 3555 4093 Garmo

1975 4131 2144 4197 misit,
2171 4132 2405 4199 signum,
2431 4145 2540 4199 quo
2575 4130 2930 4198 intelligeret,
2966 4131 3019 4184 in
3065 4129 3291 4198 proclivi
3335 4144 3458 4183 esse
3498 4137 3558 4181 ut

1974 4223 2230 4295 (fugitivi)
2257 4224 2560 4293 capiantur.
2616 4222 2817 4278 Stratis
2844 4222 3034 4291 utique
3055 4221 3208 4292 juxta
3227 4222 3369 4276 viam
3402 4220 3554 4274 Rho-

1974 4315 2112 4369 dane
2144 4324 2197 4369 et
2237 4303 2518 4380 Sinoni-de,
2579 4322 2841 4382 tanquam
2895 4313 2962 4367 ad
3021 4323 3266 4367 mortuos
3319 4312 3559 4366 accessit

1907 4432 1950 4486 ι)
1978 4407 2256 4462 exercitus
2282 4424 2295 4460 :
2327 4421 2390 4461 ac
2435 4407 2613 4475 patrio
2638 4420 2791 4460 more
2816 4404 2909 4458 alii
2935 4405 3154 4475 quidem
3185 4415 3366 4458 veSIes
3391 4403 3560 4473 proji-

1981 4498 2186 4552 cientes
2201 4497 2544 4566 operiebant,
2573 4497 2662 4550 alii
2688 4512 2816 4551 vero
2842 4497 2986 4550 aliud
3017 4495 3146 4564 quid
3191 4510 3400 4557 eorum,
3439 4510 3560 4564 quae

1981 4591 2048 4643 ad
2079 4604 2296 4643 mamun
2328 4600 2505 4654 erant,
2538 4590 2786 4642 carnium
2819 4603 2884 4642 ac
2912 4587 3066 4657 panis
3101 4595 3310 4654 partem
3345 4585 3562 4654 objece-

1981 4689 2126 4745 runt,
2161 4683 2347 4748 sicque
2376 4680 2784 4735 abscesserunt.
2809 4675 2998 4747 Neque
3036 4691 3164 4730 vero
3198 4677 3250 4731 hi
3292 4683 3363 4732 ob
3387 4677 3563 4733 mellis

1979 4781 2136 4822 esum
2161 4775 2386 4823 veterno
2413 4770 2553 4836 capti
2586 4767 2722 4838 (61),
2771 4767 2875 4820 nisi
2924 4781 3067 4835 aegre
3096 4764 3559 4834 expergisceban-

1984 4869 2091 4924 tur,
2111 4861 2238 4914 dum
2273 4860 2421 4914 corvi
2449 4875 2546 4926 pro
2563 4874 2729 4914 carne
2756 4859 2900 4913 inter
2927 4874 2986 4914 se
3017 4867 3349 4930 pugnantes,
3413 4857 3562 4913 Rho-

1982 4951 2202 5015 danem,
2223 4961 2278 5004 et
2303 4951 2390 5005 hic
2414 4951 2674 5004 Siuonida
2703 4965 2991 5021 assurgere
3027 4958 3248 5021 cogunt.
3288 4949 3409 5006 Jam
3458 4951 3564 5004 ila-

1982 5058 2087 5113 quc
2117 5044 2359 5112 excitati,
2390 5046 2548 5097 aliam
2585 5058 2748 5113 quam
2778 5045 3055 5100 exercitus
3073 5043 3215 5099 viam
3246 5041 3564 5114 ingrediun-

1609 5152 1848 5210 VARUE
1888 5155 2299 5212 LECTIONES.

372 5251 415 5282 “
443 5252 733 5323 τρέπονται
762 5251 858 5305 καὶ
903 5248 1218 5323 κατῇλαμδο
1267 5251 1334 5323 ΑΞ

310 5320 349 5391 δέ
374 5320 492 5385 τοὺς
519 5351 591 5363 -—-
622 5323 832 5391 μυχοὺς
853 5339 913 5385 ς.

1009 5319 1057 5352 ⁷⁸
1105 5319 1378 5390 μελισσῶν
1430 5335 1494 5383 ς.
1590 5321 1608 5352 ’¹

309 5389 352 5422 ’⁸⁵
383 5392 529 5474 παρὰ
558 5389 656 5447 Δὶ
695 5389 826 5462 περὶ
851 5409 907 5456 ς’.

1428 5249 1702 5350 ῗᾶντιρον
1753 5267 1814 5334 ς’.
1905 5252 1948 5283 ⁸⁷
1981 5250 2307 5350 διαμπξρέξ]
2340 5249 2435 5350 Ἰρι’.
2500 5249 2694 5350 Stiidas
2746 5250 2800 5303 h.
2852 5263 2904 5303 v.

1667 5337 1960 5390 κρούουσαι
2001 5340 2062 5386 ς’.

3005 5247 3050 5280 ⁸⁸
3087 5243 3452 5314 περικάθνηται
3499 5257 3559 5304 ς.

2159 5313 2212 5391 τί,
2249 5313 2744 5392 δίαλικμησάμενοι
2787 5337 2847 5384 ς.
2955 5318 3002 5350 ⁷³
3041 5313 3455 5386 παραρρυέντες
3499 5327 3560 5375 ς.

1840 5479 2074 5538 ΝΟΤᾸΕ.

377 5557 484 5644 (ῧθ)
515 5573 591 5627 De
608 5573 779 5644 leone
805 5570 1040 5644 incipr
1065 5571 1183 5641 lege
1195 5570 1307 5644 _i_nf.
1336 5569 1570 5628 Ptolem.
1596 5569 1872 5644 Hephaest.

312 5640 426 5698 eo].
454 5645 578 5715 190.
606 5642 785 5715 Habes
809 5651 863 5695 et
891 5640 948 5695 in
973 5640 1164 5714 zEsopi
1195 5640 1318 5699 Vita
1347 5652 1623 5715 repertum
1653 5657 1718 5698 ex
1739 5641 1882 5710 cippi

323 5714 668 5786 inscriptione
703 5712 1033 5770 thesaurum.

2061 5572 2172 5642 (6|)
2197 5569 2371 5642 Negat
2397 5578 2577 5625 tamen
2609 5584 2730 5624 eam
2768 5566 2946 5642 mellis
2995 5578 3118 5622 esse
3169 5561 3280 5618 vim
3336 5559 3564 5618 Adrian.

1996 5637 2236 5701 Turneb.
2262 5637 2357 5699 lib.
2387 5657 2576 5710 xxvm,
2609 5655 2728 5710 cap.
2755 5637 2846 5692 45.
