3942 6234
419 267 524 335 327

1574 262 1838 324 ΡΗΟΤΙΙ
1877 262 2381 323 ΡΑΤΠΙΑΒΟΙῙᾹΞ
2416 262 2526 323 CP.

3580 267 3685 332 328

418 393 528 448 tur,
549 393 659 454 quo
677 379 858 436 minus
886 378 924 435 ii
959 392 1102 445 esse,
1134 378 1231 449 qui
1262 377 1672 448 quaerebantur,
1735 390 1998 446 agnosce-

2103 375 2224 430 τίαν
2245 375 2579 446 τραπόμενοι
2607 374 2686 447 τῷ
2720 376 2956 447 στρατῷ,
2982 376 3069 430 ἵνα
3113 377 3316 449 μᾶλλον
3349 379 3566 434 λάθοιεν
3611 386 3686 455 μὴ

417 484 629 532 rentur.
656 473 898 528 Inventis
924 472 1128 528 deinde
1147 469 1333 524 asellis
1347 471 1586 536 duobus,
1621 473 1996 524 conscendunt

416 565 542 637 ipsi,
575 578 857 632 oneraque
885 562 1188 631 imponunt.
1224 574 1347 628 qua:
1379 574 1565 615 secum
1599 558 1913 624 attulerant,
1932 573 1998 612 ex

417 658 488 713 iis
517 657 684 712 rebus
738 668 876 724 quas
920 653 1066 708 velut
1097 653 1327 707 mortuis
1381 650 1658 706 exercitus
1701 651 1996 720 adjecerat.

418 746 559 801 lline
589 747 640 800 in
667 744 1023 800 diversorium
1049 758 1108 798 se
1131 742 1424 812 recipiunt,
1495 741 1639 796 unde
1687 750 1867 795 tamen
1908 737 2000 793 fu-

419 842 650 911 gientes,
701 837 853 906 juxta
913 836 1131 906 plenum
1163 833 1342 890 forum
1373 835 1426 888 in
1452 834 1596 888 aliud
1631 832 1995 888 diversorium

420 929 743 984 concedunt.
773 925 984 982 Accidit
1011 925 1218 980 interea
1257 923 1489 978 fratrum
1515 923 1587 977 ibi
1617 921 1814 988 caades,
1844 921 1999 991 cujus

419 1021 685 1083 accusati,
709 1028 831 1088 post
875 1018 1039 1072 etiam
1065 1017 1393 1072 liberantur.
1418 1015 1672 1070 Fratrum
1695 1014 1841 1068 enim
1869 1021 1998 1066 natu

420 1114 614 1181 major,
649 1113 740 1180 qui
766 1111 1030 1164 minorem
1057 1123 1267 1162 veneno
1299 1106 1618 1172 sustulerat,
1644 1105 1744 1159 hos
1776 1104 1995 1173 quidem

418 1211 726 1266 accusarat,
766 1203 860 1257 sed
883 1201 985 1257 sibi
1010 1200 1111 1268 ipsi
1139 1213 1331 1252 manus
1359 1195 1664 1259 inferendo,
1705 1195 1851 1250 omni
1877 1209 2001 1248 rur-

419 1310 511 1350 sus
541 1295 769 1349 crimine
803 1294 1084 1348 liberarat.
1135 1290 1428 1345 Rhodanes
1475 1288 1681 1343 inscius
1729 1301 1998 1342 venenum

419 1389 546 1443 hinc
577 1402 762 1442 secum
801 1383 1010 1452 aufert;
1058 1383 1400 1451 subeuntque
1449 1389 1575 1450 post
1608 1380 1726 1435 haec
1771 1379 2001 1435 latronis

420 1481 663 1544 domum,
698 1479 790 1548 qui
826 1479 879 1532 in
905 1477 1143 1532 viatores
1170 1475 1543 1545 grassabatur,
1613 1487 1750 1542 quos
1775 1480 1830 1527 et
1890 1470 1997 1526 sibi

419 1569 716 1638 epulandos
789 1567 1112 1636 apponebat.
1164 1565 1313 1619 Missi
1370 1573 1550 1617 autem
1612 1563 1718 1617 huc
1752 1577 1782 1615 a
1833 1560 2000 1615 Dama

421 1663 644 1727 milites,
678 1668 964 1729 postquam
1003 1657 1268 1711 latronem
1311 1653 1860 1725 comprehenderunt,
1915 1651 1994 1721 ig-

2103 469 2256 532 ὅντες
2306 469 2357 522 οἱ
2389 468 2731 535 διωκόμενοι.
2767 467 2880 520 Καὶ
2932 467 3187 538 εὑρόντες
3240 468 3396 532 ὅνους
3429 468 3528 523 δύο
3589 474 3688 525 ἐπε

2100 560 2304 632 έϐησάν
2334 576 2394 612 τε
2421 559 2520 614 καὶ
2551 559 2621 612 τὰ
2649 557 2851 629 φορτία
2880 559 3161 628 ἐπέθεντο,
3189 560 3226 616 ἃ
3260 561 3688 633 συνεκεκόμιστο

2098 654 2281 717 αὐτοῖς
2321 655 2416 722 ἀφ’
2466 648 2544 706 ὧν
2587 652 2722 706 ὡσεὶ
2779 654 2998 724 νεκροῖς
3031 654 3335 727 ἐπέρριψεν
3375 657 3405 710 6
3435 657 3686 728 στρατός.

2099 741 2234 798 Εἶτα
2287 744 2645 815 καταίρουσιν
2703 746 2786 807 εἰς
2839 745 3182 815 πανδοχεῖον,
3235 746 3333 802 καὶ
3390 748 3688 817 φεύγουσιν

2099 835 2333 900 ἐκεῖθεν,
2365 836 2462 890 καὶ
2527 837 2658 910 περὶ
2686 835 3002 908 πλήθουσαν
3031 837 3242 909 ἀγορὰν
3270 841 3350 904 εἰς
3379 839 3540 894 ἄλλον
3566 858 3690 894 σταο

2099 928 2237 1000 θμὸν
2257 927 2607 983 καταλύουσι.
2633 929 2744 982 Καὶ
2759 930 2970 997 γίνεται
2987 929 3047 982 τὸ
3076 929 3247 993 πάθος
3268 930 3376 984 τῶν
3405 931 3684 1000 ἀδελφῶν,

2099 1021 2197 1074 καὶ⁴
2225 1021 2658 1091 κατηγοροῦνται
2686 1021 2871 1089 φόνου,
2893 1020 2990 1074 καὶ
3016 1020 3144 1093 [152
3179 1020 3270 1094 Η.]
3296 1022 3548 1092 ἀφίενται
3572 1023 3687 1086 ,τοῦ

2099 1113 2471 1185 πρεσϐυτέρου
2501 1113 2610 1167 τῶν
2660 1105 2930 1184 ἀδελφῶν,
2980 1115 3040 1178 ὃς
3074 1115 3342 1186 ἀνῃρήκει
3402 1117 3688 1187 φαρμάκῳ

2096 1205 2188 1258 τὸν
2216 1204 2462 1276 ὕστερον,
2493 1208 2985 1277 κατηγορήσαντος
3005 1207 3126 1278 μὲν,
3149 1211 3216 1278 τῇ
3247 1207 3303 1261 δὲ
3334 1208 3514 1279 οἰκείᾳ
3531 1209 3689 1262 ἀναιο

2102 1297 2248 1368 ρέσει
2279 1297 2634 1362 ἀθωώσαντος
2662 1315 2678 1332 ⁸
2704 1298 2800 1352 καὶ
2833 1293 3086 1352 λανθάνει
3128 1298 3384 1369 Ῥοδάνης
3407 1299 3678 1371 ἀνελόμε-

2099 1406 2190 1453 νος
2217 1390 2277 1442 τὸ
2332 1390 2647 1460 φάρμακον.
2708 1391 3078 1463 Καταίρουσιν
3111 1394 3193 1454 εἰς
3229 1393 3441 1462 οἴκημα
3481 1393 3688 1464 λῃστοῦ

2097 1481 2225 1544 τοὺς
2249 1499 2323 1533 πα
2332 1481 2924 1555 ροδίταςλῃστεύοντος
2956 1484 3048 1537 καὶ
3064 1483 3289 1548 τούτους
3306 1485 3482 1553 ἐαυτῷ
3501 1503 3690 1538 ποιου-

2102 1568 2268 1637 μένου
2291 1568 2594 1639 τράπεζαν.
2655 1571 2767 1624 Καὶ
2803 1573 3156 1642 στρατιωτῶν
3223 1574 3328 1628 ὑπὸ
3376 1573 3474 1627 τοῦ
3524 1575 3690 1646 Δάμα

2101 1658 2427 1725 σταλέντων,
2459 1662 2588 1714 ἐπεὶ
2620 1662 2648 1714 ὁ
2677 1661 2880 1733 λῃστὴς
2925 1663 3275 1734 συνείληπτο,
3309 1663 3422 1736 πῦρ
3475 1666 3688 1734 ἐμϐάλ-

421 1769 542 1808 nem
573 1753 624 1806 iu
647 1752 763 1821 ejus
780 1750 1001 1803 domum
1029 1747 1367 1818 injecerunt;
1395 1759 1502 1817 quo
1531 1744 1656 1813 igne
1678 1742 1822 1796 etilli
1849 1755 1995 1795 com-

2103 1748 2247 1800 λεται
2281 1750 2360 1808 είς
2385 1749 2484 1819 τὴν
2511 1749 2688 1803 οίκίαν
2722 1766 2737 1782 °
2756 1754 2848 1804 καὶ
2884 1753 3384 1823 περιλαμϐάνονται
3412 1756 3490 1826 τῷ
3519 1755 3683 1827 πυρὶ,

417 1844 702 1914 prehensi,
731 1857 873 1912 aegre
892 1839 1181 1895 admodum
1214 1846 1442 1892 mortem
1464 1843 1778 1897 evaserunt,
1802 1833 2000 1902 perju-

419 1933 634 2003 gulatos
677 1932 810 1985 etin
847 1930 1024 1999 ignem
1080 1927 1363 1995 coniectos
1408 1927 1595 1980 asinos
1633 1923 1865 1977 transitu
1893 1922 1996 1977 sibi

421 2038 628 2097 parato.
675 2026 784 2080 Visi
819 2025 979 2094 igitur
1021 2037 1050 2076 a
1092 2021 1351 2075 militibus
1398 2027 1596 2082 noctu,
1640 2017 1730 2086 qui
1781 2017 1997 2070 domum

422 2117 822 2178 accenderant,
863 2123 918 2169 et
947 2111 1262 2182 interrogati
1295 2109 1518 2179 quinam
1543 2117 1749 2172 essent,
1780 2105 2001 2159 umbras

420 2222 619 2262 seesse
647 2220 856 2268 eorum,
914 2219 1053 2274 quos
1089 2203 1231 2256 latro
1265 2201 1357 2255 ille
1397 2199 1724 2270 jugulasset,
1773 2211 2002 2265 respon-

419 2300 550 2354 dent
588 2321 602 2354 :
635 2299 708 2353 ita
741 2296 949 2368 pallore
975 2296 1258 2364 macieque
1301 2293 1505 2356 vultus,
1541 2306 1604 2345 ac
1631 2290 1777 2344 vocis
1805 2288 2000 2343 remis-

438 2392 594 2446 sione
623 2389 886 2443 militibus
913 2385 1320 2452 satisfecerunt,
1362 2393 1736 2451 terroremque
1761 2383 2003 2434 incusse-

419 2489 567 2536 runt.
620 2478 828 2548 Fugam
888 2491 1104 2532 rursum
1151 2476 1276 2530 inde
1347 2483 1720 2543 capessentes,
1767 2469 1909 2541 75a
1946 2471 2001 2524 in

419 2572 652 2642 puellam
688 2570 827 2625 forte
849 2570 916 2623 ad
940 2569 1253 2639 sepulcrum
1297 2566 1495 2621 elatam
1525 2565 1855 2629 inciderunt,
1917 2573 2003 2617 at-

419 2679 526 2734 que
554 2664 620 2718 ad
650 2651 1008 2732 Spectandum
1072 2657 1309 2714 afﬂuenti
1341 2673 1402 2712 se
1435 2659 1607 2712 turba:
1665 2657 1997 2710 immiscent.

427 2757 528 2811 Hic
558 2771 722 2812 senex
764 2753 1052 2809 Chaldaeus
1086 2760 1308 2821 propter
1331 2758 1536 2816 astans,
1594 2747 1810 2819 sepeliri
1848 2745 2000 2818 puel-

428 2847 536 2902 lam
565 2855 748 2911 vetat;
817 2844 1029 2913 spirare
1053 2843 1198 2898 enim
1239 2856 1304 2896 ac
1335 2842 1519 2896 vivere
1569 2841 1868 2895 etiamnum
1916 2839 2001 2894 af-

419 2940 668 3003 firmans,
698 2947 758 2992 ut
791 2951 880 2991 res
919 2935 1037 3003 ipsa
1071 2932 1389 2988 declaravit.
1419 2931 1669 2987 Rhodani
1713 2933 1878 2986 etiam
1907 2945 2003 2985 va-

421 3032 680 3094 ticinans,
715 3026 965 3096 praedixit
991 3023 1288 3092 aliquando
1317 3030 1696 3092 regnaturum.
1740 3021 2000 3077 Tumulus

418 3138 550 3193 ergo
579 3119 772 3190 puellae
797 3117 977 3172 inanis
1002 3115 1296 3179 deseritur,
1341 3113 1508 3168 multa
1552 3114 1623 3169 ibi
1660 3125 1826 3180 veste,
1880 3131 2000 3184 quae

420 3204 474 3271 in
509 3214 758 3286 sepulcro
789 3211 1070 3266 exurenda
1109 3209 1306 3272 fuerat,
1346 3207 1559 3276 relicta,
1587 3222 1710 3263 cum
1745 3209 1997 3264 esculen-

421 3311 490 3365 tis
513 3323 577 3364 ac
611 3307 840 3378 poeulis,
893 3303 1090 3374 quibus
1124 3302 1417 3358 Rhodanes
1453 3316 1577 3357 cum
1624 3301 1770 3356 socia
1802 3300 1999 3357 lautius

418 3402 647 3474 epulati,
680 3400 853 3469 raptis
881 3397 1079 3452 deinde
1109 3395 1444 3451 indumentis
1472 3395 1820 3465 quihusdam,
1878 3410 2000 3451 sese

420 3495 474 3550 in
500 3495 690 3550 eodem
741 3489 992 3559 sepulcro
1033 3488 1318 3543 dormituri
1351 3489 1639 3543 collocant.
1686 3488 1757 3543 At
1799 3489 1889 3557 qui
1923 3487 2000 3542 la-

420 3583 595 3637 tronis
622 3581 784 3634 domo
819 3578 996 3646 ignem
1048 3571 1371 3646 injeceran't,
1433 3577 1557 3630 cum
1616 3576 1874 3646 deceptos
1903 3591 1998 3631 ex-

419 3684 542 3737 orto
588 3673 700 3742 jam
747 3669 861 3725 sole
910 3683 971 3725 se
1005 3684 1126 3724 esse
1173 3668 1712 3734 animadvertissent,
1766 3669 1997 3740 vestigia

422 3763 707 3818 Rhodanis
736 3777 800 3814 ac
824 3760 1106 3814 Sinonidis
1123 3768 1250 3813 sunt
1278 3758 1536 3822 insecuti,
1554 3759 1654 3812 rati
1677 3759 1854 3814 socios
1876 3775 1998 3815 esse

421 3853 676 3908 latronis.
741 3852 912 3922 Igitur
946 3850 1014 3904 ad
1044 3848 1349 3918 sepulcrum
1405 3862 1504 3917 per
1549 3850 1774 3919 vestigia
1805 3851 1994 3915 delati,

422 3959 548 3997 cum
590 3958 686 3997 eos
712 3942 901 4011 jacere
923 3939 996 3994 ibi
1026 3940 1294 4004 viderent,
1321 3937 1569 4007 nihilque
1597 3940 1798 3994 moveri
1833 3941 1998 4012 (quod

424 4049 618 4090 somno
648 4035 884 4103 vinoque
920 4031 1113 4102 sepulti
1144 4031 1348 4102 essent)
1379 4031 1646 4087 cadavera
1701 4046 1762 4086 se
1814 4033 1998 4088 videre

424 4126 762 4180 credebant:
795 4138 973 4194 neque
1006 4123 1328 4194 attigerunt,
1385 4123 1573 4178 incerti
1604 4137 1671 4176 an
1701 4137 1766 4178 eo
1792 4123 1999 4180 ferrent

422 4216 675 4286 vestigia.
699 4214 961 4270 Discessit
982 4215 1108 4270 inde
1134 4212 1454 4280 Rbodanes,
1500 4213 1853 4294 ﬂuviumque
1886 4227 1999 4270 tra-

418 4307 575 4376 jecit,
605 4309 760 4373 cujus
794 4322 932 4378 aqua
968 4307 1144 4362 dulcis
1177 4321 1243 4362 ac
1266 4307 1486 4374 limpida
1524 4307 1638 4378 regi
1697 4307 1810 4380 (62)
1863 4324 1999 4378 quo-

422 4417 530 4475 que
549 4401 860 4472 Babylonia
893 4411 1078 4468 pomm
1113 4397 1390 4468 praebebat
1434 4412 1553 4491 :ac
1599 4399 1726 4453 dum
1779 4399 1999 4457 Sinonis
2031 4436 2074 4491 υ

423 4498 496 4553 ibi
533 4496 859 4550 vestimenta
897 4492 1103 4556 vendit,
1139 4491 1293 4560 quasi
1335 4490 1642 4559 sepulcrum
1683 4491 1992 4560 expilasset,

421 4585 923 4657 comprehenditur,
943 4584 1078 4637 etad
1098 4581 1414 4636 Sormchum
1445 4581 1684 4636 Βοηδρὴί
1717 4582 1997 4652 publicani

423 4677 620 4741 ﬁlium,
644 4673 782 4730 Justi
814 4681 1190 4742 cognomento,
1224 4673 1579 4742 pertrahitur,
1614 4674 1705 4742 qui
1730 4675 1840 4744 regi
1861 4673 1999 4729 Gar-

427 4779 517 4818 mo
554 4764 773 4817 mittere
797 4779 920 4816 eam
953 4762 1022 4814 ob
1059 4761 1515 4831 pulchritudinem
1542 4762 1844 4817 constituit.
1879 4763 1997 4830 Qua

423 4858 490 4908 de
517 4869 680 4909 causa
710 4854 940 4908 fratrum
973 4854 1102 4908 illud
1126 4867 1390 4907 venenum
1410 4852 1702 4908 Rhodanes
1723 4863 1886 4926 atque
1916 4855 2001 4910 Si-

423 4944 582 4998 nonis
609 4943 858 4998 miscent.
887 4943 1114 4998 Mortem
1145 4941 1290 4996 enim
1317 4943 1799 5012 optabantpotius,
1837 4960 1998 5014 quam

421 5032 682 5089 Garmum
713 5033 922 5088 videre.
947 5032 1206 5088 Sorzecho
1229 5033 1448 5087 interim
1479 5032 1676 5089 ancilla
1703 5035 1999 5106 significat,

2102 1836 2230 1908 [240
2263 1836 2355 1910 R.]
2387 1839 2483 1892 καὶ
2532 1839 2890 1908 διαφεύγουσι
2957 1842 3113 1912 μόλις
3157 1842 3249 1896 τὸν
3304 1843 3527 1916 ὄλεθρον
3577 1840 3688 1898 τῶν

2097 1928 2236 1982 ὄνων
2267 1929 2588 1998 σφαγέντων
2623 1931 2718 1984 καὶ
2770 1931 2848 2002 τῷ
2891 1933 3028 2001 πυρὶ
3077 1935 3159 1998 εἰς
3204 1934 3377 1990 δίοδον
3405 1939 3686 1992 ἐπιτεθέν-

2100 2033 2228 2071 των.
2264 2016 2627 2089 Καθορῶνται
2650 2020 2870 2091 νύκτωρ
2897 2022 3002 2075 ὑπὸ
3023 2023 3134 2077 τῶν
3178 2025 3239 2078 τὸ
3266 2025 3380 2098 πῦρ
3412 2027 3686 2098 ἐμϐαλόν-

2099 2123 2230 2173 των,
2271 2109 2368 2161 καὶ
2408 2110 2854 2180 ἐπερωτηθέντες
2879 2113 3026 2177 τίνες
3056 2109 3186 2181 εἷεν,
3208 2117 3421 2172 Εῐδωλα
3446 2119 3557 2172 τῶν
3580 2120 3689 2173 ὑπὸ

2100 2199 2196 2252 τοῦ
2223 2199 2422 2271 λῃστοῦ
2438 2201 2859 2272 ἀναιρεθέντων,
2879 2205 3288 2276 ἀποκρίνονται,
3310 2209 3404 2262 καὶ
3418 2212 3483 2280 τῇ
3509 2209 3691 2282 ὠχρό·

2101 2307 2223 2374 τητι
2257 2293 2350 2345 καὶ
2383 2292 2672 2364 λεπτότητι
2705 2293 2804 2364 τῆς
2855 2295 3033 2365 ὄψεως
3080 2297 3175 2351 καὶ
3223 2301 3292 2370 τῇ
3325 2300 3521 2372 ἀτονία
3583 2301 3688 2372 τῆς

2103 2384 2288 2453 φωνῆς
2313 2382 2539 2438 ἔπεισάν
2567 2402 2627 2438 τε
2649 2387 2779 2450 τοὺς
2808 2387 3149 2459 στρατιώτας
3175 2393 3270 2446 καὶ
3285 2392 3684 2464 ἐδειμάτωσαν.

2101 2475 2211 2529 Καὶ
2242 2476 2504 2545 φεύγουσι
2525 2477 2688 2532 πάλιν
2715 2479 2926 2533 ἐκεῖθεν
2946 2481 3016 2546 ⁷⁵,
3050 2481 3145 2536 καὶ
3199 2484 3689 2556 καταλαμϐάνουσι

2103 2565 2276 2637 κόρην
2313 2567 2408 2619 ἐπὶ
2433 2567 2612 2638 ταφὴν
2638 2568 2936 2640 ἀγομένην,
2966 2571 3062 2625 κα)⁸
3093 2572 3418 2646 συρρέουσιν
3462 2575 3556 2629 ἐπὶ
3588 2575 3688 2646 τὴν

2103 2655 2234 2710 θέαν
2267 2673 2280 2687 ο
2311 2657 2409 2710 καὶ¹
2437 2657 2704 2723 Χαλδαῖος
2727 2660 2908 2732 γέρων
2963 2662 3191 2728 ἐπιστὰς
3239 2664 3441 2718 κωλύει
3469 2665 3569 2737 τὴν
3589 2683 3688 2720 τα-

2103 2744 2232 2814 φὴν,
2260 2744 2504 2816 ἔμπνουν
2532 2743 2670 2800 εἶναι
2716 2749 2818 2820 τὴν
2869 2749 3038 2821 κόρην
3067 2750 3150 2805 ἐτι
3178 2751 3390 2820 λέγων’
3421 2755 3519 2808 καὶ
3546 2755 3688 2809 ἐδεί-

2104 2835 2206 2906 χθη
2238 2835 2433 2900 οὕτως.
2465 2840 2803 2910 Χρησμῳδεῖ
2821 2841 2993 2896 δὲκαὶ
3023 2842 3102 2914 τῷ
3143 2843 3383 2899 Ῥοδάνει
3412 2847 3456 2878 ⁷⁸
3477 2846 3554 2911 ὡς
3583 2846 3686 2917 βα-

2104 2926 2362 2982 σιλεύσοι.
2397 2930 2888 3001 Καταλιμπάνεται
2914 2933 3071 2998 κενὸς
3104 2935 3133 2988 ὁ
3166 2936 3266 3004 τῆς
3292 2936 3464 3008 κόρης
3489 2939 3684 3008 τάφος.

2105 3019 2199 3072 καὶ
2229 3019 2402 3074 πολλὰ
2421 3027 2530 3074 τῶν
2565 3022 2808 3086 πέπλων,
2857 3025 2894 3079 ἃ
2937 3024 3165 3096 ἔμελλεν
3213 3027 3561 3082 ἐπικαίεσθαι
3607 3029 3689 3100 τῷ

2105 3110 2282 3182 τάφῳ,
2325 3111 2407 3165 ἔτι
2434 3129 2495 3166 τε
2521 3111 2668 3166 σιτία
2695 3113 2790 3167 καὶ
2816 3114 2960 3169 ποτά
2989 3133 3002 3146 ·
3027 3115 3124 3170 καὶ
3159 3116 3209 3169 oi
3239 3117 3370 3188 περὶ
3425 3117 3688 3191 Ῥοδάνην

2105 3201 2318 3265 τούτοις
2341 3203 2695 3273 εὐωχοῦνται,
2729 3204 2824 3258 καὶ
2878 3205 3223 3276 λαμϐάνουσι
3285 3224 3408 3262 τινα
3445 3209 3540 3262 καὶ
3576 3209 3688 3263 τῶν

2105 3293 2350 3363 ἀμφίων,
2384 3294 2482 3348 καὶ
2505 3294 2862 3350 καθεύδουσιν
2899 3298 2957 3351 ἐν
2991 3297 3068 3368 τῷ
3087 3299 3186 3369 τῆς
3211 3298 3382 3370 κόρης
3408 3301 3590 3371 τάφῳ.
3618 3303 3684 3355 οι

2105 3382 2164 3436 δέ
2200 3383 2262 3436 τὸ
2279 3383 2392 3458 πῦρ
2418 3387 2486 3458 τῇ
2516 3385 2611 3439 τοῦ
2636 3386 2835 3461 λῃστοῦ
2862 3387 3011 3460 οἰκίᾳ
3064 3388 3414 3460 ἐμϐαλόντες,
3467 3391 3687 3462 ἡμέρας

2105 3475 2474 3548 ἐπιλαϐούσης
2533 3479 2923 3549 ἠπατημένους
3000 3481 3227 3544 ἑαυτοὺς
3293 3481 3599 3548 ἐγνωκότες
3615 3485 3683 3550 "_.

2108 3565 2333 3620 ἐδίωκον
2359 3569 2479 3623 κατ’
2507 3571 2631 3640 ἴχνη
2672 3570 2962 3635 Ῥοδάνους
3001 3573 3098 3624 καὶ
3148 3574 3455 3638 Σινωνέδος,
3494 3593 3688 3648 συνερ-

2109 3661 2240 3727 γοὺς
2270 3661 2472 3726 αὐτοὺς
2526 3662 2839 3727 εἰκάζοντες
2867 3659 3006 3718 εἶναι
3041 3663 3136 3718 τοῦ
3165 3663 3360 3736 λῃστοῦ
3394 3681 3408 3694 ·
3461 3667 3686 3739 [mla-

2112 3753 2376 3823 τήσαντες
2403 3755 2462 3809 δέ
2513 3757 2676 3827 μέχρι
2694 3755 2791 3810 τοῦ
2821 3759 3013 3826 τάφου,
3044 3757 3142 3812 καὶ
3199 3758 3463 3823 ἐνιδόντες
3485 3763 3685 3826 αὐτοὺς

2111 3844 2470 3914 ἐγκειμένους
2523 3847 2621 3917 μὲν
2668 3847 2750 3917 τῷ
2786 3849 2966 3919 τάφῳ,
3015 3849 3431 3920 ἀκινητίζοντας
3477 3853 3535 3907 δέ
3589 3856 3684 3909 am

2109 3935 2263 4007 ὕπνῳ
2289 3937 2384 3991 καὶ
2405 3937 2535 4008 οῐνῳ
2559 3939 2993 4009 πεπεδημένους,
3048 3940 3237 4005 ἔδοξαν
3283 3945 3512 4014 νεκροὺς
3553 3947 3688 4018 όρᾷν

2107 4031 2202 4085 καὶ
2228 4031 2547 4098 κατέλιπον,
2577 4033 2944 4103 ἀπορούμενοι
2970 4025 3052 4088 δτί
3077 4035 3196 4088 ἐκεῖ
3226 4035 3295 4090 τὰ
3325 4038 3448 4108 ῐχνη
3463 4038 3687 4112 ἔφερεν.

2119 4123 2476 4194 Ἀπαίρουσιν
2496 4125 2709 4178 ἐκεῖθεν
2735 4127 2785 4178 οἱ
2817 4127 2949 4197 περὶ
3016 4125 3296 4196 Ῥοδάνην,
3347 4129 3445 4182 καὶ
3471 4131 3691 4202 περῶσι

2105 4214 2198 4266 τὸν
2226 4214 2494 4284 ποταμὸν,
2535 4214 2742 4282 γλυκύν
2764 4232 2824 4268 τε
2849 4216 2978 4270 ὂντα
3012 4217 3105 4270 καὶ
3126 4217 3328 4289 διαυγῆ
3347 4219 3443 4272 καὶ
3475 4219 3695 4290 βασιλεῖ

2107 4303 2470 4358 Βαϐυλωνίων
2504 4307 2583 4368 εἰς
2632 4305 2790 4358 πόσιν
2813 4305 3210 4376 ἀνακείμενον.-
3237 4309 3350 4362 Καὶ
3380 4311 3691 4380 πιπράσκει

2107 4395 2334 4459 Σινωνὶς
2363 4395 2432 4448 τὰ
2463 4397 2678 4466 ἱμάτια,
2707 4395 2803 4448 καὶ⁵
2829 4395 3271 4466 συλλαμϐάνεται
3300 4397 3377 4461 ὡς
3395 4398 3571 4466 τάφον
3591 4415 3689 4451 συ·-

2103 4487 2339 4557 λήσασα,
2367 4488 2466 4541 xal.
2493 4488 2825 4558 ἀναφέρεται
2875 4490 2955 4552 εἰς
2999 4487 3350 4559 Σόραιχοντθ,
3399 4489 3458 4552 ὃς
3489 4485 3562 4560 ἦν
3590 4491 3686 4543 Σο-

2107 4579 2300 4648 ραίχου
2340 4577 2434 4631 τοῦ
2468 4578 2703 4631 τελώνου
2735 4579 2869 4646 υἱὸς,
2902 4578 3136 4650 ἐπίκλην
3177 4579 3236 4633 δέ
3266 4579 3418 4650 αὐτῷ
3443 4580 3679 4646 δίκαιος.

2107 4670 2220 4723 Καὶ
2255 4669 2573 4739 βουλεύεται
2603 4671 2846 4741 πέμπειν
2878 4671 3050 4742 αὐτὴν
3082 4671 3176 4724 ἐπὶ
3215 4671 3439 4742 βασιλέα
3464 4673 3688 4744 Γάρμον

2108 4759 2199 4813 διὰ
2229 4761 2288 4813 τὸ
2306 4761 2522 4826 κάλλος,
2563 4760 2655 4814 καὶ
2688 4763 2946 4833 κιρνᾶται
2978 4763 3069 4817 διὰ
3095 4762 3254 4816 τοῦτο
3281 4762 3345 4816 τὸ
3386 4763 3498 4817 τῶν
3527 4765 3688 4818 ἁδελ-

2104 4852 2220 4921 φῶν
2246 4853 2539 4922 φάρμακον
2592 4851 2828 4906 Ῥοδάνει
2858 4853 2954 4907 καὶ
3009 4853 3253 4908 Σινωνίδι
3274 4871 3288 4885 ·
3320 4854 3689 4926 αἱρετώτερον

2105 4943 2218 5016 γὰρ
2244 4943 2428 5007 αὐτοῖς
2448 4945 2477 4996 6
2509 4944 2739 5008 θάνατος
2769 4945 2802 5015 ἧ
2835 4944 3056 5016 Γάρμον
3090 4945 3244 5001 ἰδεῖν.
3276 4946 3565 5017 Μηνύεται
3594 4948 3690 5000 Zo-

2109 5037 2282 5110 ραίχῳ
2298 5037 2390 5092 διὰ
2418 5039 2518 5108 τῆς
2561 5039 2943 5110 θεραπαινίδος
2973 5039 3180 5110 amp"
3203 5039 3284 5100 είς
3307 5039 3469 5110 ἔργον
3494 5039 3688 5111 ἔμελλε

422 5126 551 5197 quid
575 5125 869 5183 Rhodanes
903 5136 958 5181 et
978 5125 1204 5182 Sinonis
1257 5126 1602 5182 molirentur.
1653 5126 1804 5182 (llam
1837 5129 1998 5197 igitur

2117 5132 2315 5200 χωρεῖν
2355 5129 2593 5184 Ῥοδάνει
2626 5133 2721 5187 καὶ
2746 5133 2990 5187 Σινωνίδι
3023 5149 3037 5164 ·
3093 5131 3191 5186 καὶ
3219 5130 3398 5185 λαθὼν
3430 5134 3460 5186 ό
3491 5134 3686 5205 Σόραι-

1743 5221 1975 5278 VARIAE
2015 5222 2424 5279 LECTIONES.

493 5311 539 5341 ⁷³
574 5307 788 5367 ἐκεῖθεν
815 5310 980 5365 πάλιν
1014 5327 1075 5374 ς.

419 5380 541 5434 add.
570 5382 634 5435 A.

1151 5311 1197 5342 ⁷⁸
1234 5310 1456 5382 Ῥοδάνῃ
1485 5313 1552 5366 Α.
1577 5312 1657 5368 sic
1677 5323 1732 5368 et
1757 5311 1921 5368 infra.
1999 5315 2042 5346 "
2074 5314 2430 5383 διεγνωκότες
2457 5331 2517 5378 ς’·

2614 5315 2658 5349 ⁷⁸
2679 5316 2912 5390 Σηραὶχ.
2944 5318 3095 5374 Suid.
3127 5335 3179 5374 v.
3209 5321 3433 5377 Ζίννων.
3501 5323 3551 5356 ⁷⁸
3584 5338 3694 5392 περ

1959 5447 2192 5504 NOTAE.

492 5543 604 5611 (62)
632 5542 676 5596 Ε
704 5543 823 5597 solo
843 5540 1092 5611 Choaspe
1133 5538 1298 5594 ﬂuvio
1345 5554 1540 5611 aquam
1565 5541 1754 5611 bibere
1785 5542 2003 5598 solitum

420 5609 708 5682 Persarum
741 5627 922 5682 regem
945 5627 1009 5664 ex
1033 5609 1243 5682 Hermi.
1271 5611 1315 5674 Ι,
1347 5621 1401 5664 et
1419 5610 1601 5682 Ctesia
1628 5610 1822 5666 Cnidio
1846 5623 2000 5667 nota-

423 5681 501 5737 vit
524 5679 824 5739 Athenaws‘
847 5681 1081 5752 Dipnoso
1107 5679 1173 5737 ll.
1204 5679 1282 5735 Ex
1327 5680 1581 5738 maximis
1598 5689 1778 5736 autem
1801 5695 1855 5738 et
1876 5682 1994 5738 lon-

2115 5547 2335 5621 ginquis
2360 5546 2674 5621 fluminibus
2695 5555 2919 5621 petitam
2943 5569 3065 5609 cum
3087 5556 3359 5613 thesauris
3392 5560 3691 5616 recondere

2106 5617 2418 5688 observate
2449 5617 2618 5678 Dione
2651 5617 2795 5680 Piut.
2851 5623 2906 5680 in
2944 5624 3208 5684 Alexand.
3276 5629 3411 5686 Vide
3439 5629 3684 5688 Brissou.

2103 5684 2310 5742 Pertic.
2338 5686 2435 5744 lib.
2463 5702 2500 5741 ι.
3271 5689 3281 5699 ’
