3942 6234
473 235 574 301 331

1634 233 1896 296 ΡΗΟΤΠ
1935 233 2443 294 PATRIARCH/E
2487 233 2595 294 (ΖΡ.

3654 228 3756 290 33?.

474 356 658 426 guisse
708 349 965 416 aﬂirmat,
1053 367 1176 406 eum
1234 350 1420 405 Romae
1482 348 1775 418 imperium
1828 348 2060 402 Antoni-

2176 367 2280 403 νον.
2313 349 2426 402 Kal
2455 349 2544 401 ὅτε
2588 349 2903 410 ’Λντωνῖνος
2925 387 2941 412 ,
2977 348 3164 418 φησὶν,
3218 347 3429 417 Ούῆρον
3446 345 3494 378 ⁸⁷
3524 345 3616 400 τὸν
3661 347 3753 399 αὐ-

478 463 580 502 nus
601 445 716 517 (64)
763 445 1012 500 haberet.
1072 443 1175 510 Qui
1230 459 1352 499 cum
1414 441 1611 497 Verum
1671 443 2062 512 imperatorem

479 541 705 598 fratrem
727 539 892 594 simul
922 547 979 593 et
1005 553 1264 605 generum
1299 535 1503 607 (suum)
1528 536 1776 591 mitteret
1799 551 1922 590 cum
1963 537 2066 591 Vo-

480 633 677 702 logaeso
702 627 1026 684 Parthorum
1061 643 1185 699 rege
1219 625 1420 682 bellum
1475 635 1776 695 gesturum,
1805 637 1915 680 tum
1939 643 2069 696 prae-

477 724 683 779 dixisse
698 731 751 779 et
774 721 968 776 bellum
992 721 1094 774 hoc
1117 735 1237 774 esse
1255 721 1546 783 oriturum,
1568 728 1622 773 et
1645 720 1864 789 quando
1887 719 2068 774 debel-

477 816 702 870 landum
727 821 900 870 esset.
931 810 1469 881 AdditVologzesum
1501 811 1720 880 quidem
1776 811 1917 865 ultra
1969 810 2071 864 Eu-

479 905 725 974 phratem
743 918 805 958 ac
820 900 1024 969 Tigrim
1043 899 1261 954 llurniua
1281 901 1478 955 vit-tum
1495 898 1717 970 fugisse,
1741 899 2066 956 Parthorum

476 1010 606 1050 vero
625 995 903 1064 regionem
924 994 977 1046 in
1003 993 1374 1047 Romanorum
1397 993 1661 1046 ditionem
1705 993 2069 1047 concessisse.

545 1084 729 1157 Tigris
757 1095 811 1140 et
834 1083 1144 1155 Euphrates
1172 1081 1520 1155 [sacerdotis
1549 1083 1694 1136 illius
1722 1082 1742 1153 ]
1771 1083 1886 1145 ﬁlii,
1913 1083 2070 1154 76a

475 1178 782 1249 persimiles
838 1177 1073 1231 invicem
1129 1187 1308 1238 erant,
1365 1186 1416 1229 et
1476 1175 1766 1228 Rhodanes
1811 1186 2072 1242 utrosque

476 1269 653 1325 forma
705 1269 998 1325 referebat.
1040 1268 1170 1323 Post
1225 1267 1458 1322 alterum
1507 1269 1670 1337 igitur
1701 1267 1848 1321 illum
1879 1267 2069 1349 lilium,

477 1378 575 1434 per
605 1377 808 1425 rosam,
865 1360 939 1414 uti
971 1356 1234 1422 diximus,
1273 1368 1548 1423 enectum,
1582 1357 1876 1414 Rhodanes
1905 1360 1957 1413 in
1991 1360 2071 1413 in-

477 1457 652 1514 sulam
698 1473 803 1510 una
837 1469 960 1510 cum
985 1453 1246 1508 Sinonide
1282 1452 1496 1522 trajecit
1522 1472 1534 1507 :
1564 1464 1618 1507 et
1659 1463 1834 1508 mater
1852 1450 2068 1506 Rhoda-

479 1566 606 1607 nem
651 1547 952 1618 aspiciens,
1011 1545 1269 1600 inclamat
1325 1555 1508 1599 natum
1551 1562 1708 1600 suum
1739 1547 2068 1599 exstinctum

481 1642 766 1702 revixisse,
797 1640 1075 1708 liliamque
1102 1653 1240 1707 pone
1271 1638 1530 1706 subsequi
1564 1652 1686 1691 eum
1719 1637 1894 1708 jubet.
1948 1639 2068 1692 Dis-

2175 441 2502 510 τοκράτωρα
2535 441 2630 494 καὶ
2672 441 2899 510 ἀδελφὸν
2926 441 3020 494 καὶ
3053 439 3320 511 κηδεστὴν
3348 440 3565 510 έπεμψε
3594 441 3753 492 Βολε-

2175 533 2354 603 γαίσῳ
2417 532 2495 601 τῷ
2557 531 2855 602 Παρθυαίῳ
2903 533 3301 602 πολεμήσοντα,
3347 533 3424 595 ὡς
3486 533 3652 594 αὐτὸς
3697 549 3755 585 τε

2177 624 2434 694 προείποι
2466 623 2562 675 καὶ
2591 622 2682 674 τὸν
2718 622 2982 692 πόλεμον,
3009 622 3090 674 ὅτι
3125 621 3552 691 γενήσεται,καὶ
3576 622 3757 674 ὃποι⁸³

2176 718 2577 786 τελευτήσοι⁸⁹.
2618 717 2726 770 Kal
2755 717 2837 769 ὅτι
2869 716 3192 784 Βολόγαισος
3225 716 3323 785 μὲν
3365 717 3505 782 ὑπὲρ
3530 715 3624 768 τὸν
3660 716 3759 768 Εὐ·

2179 811 2394 882 φράτην
2449 809 2545 861 καὶ
2600 807 2793 879 Τίγριν
2848 807 3073 877 ἔφυγεν,
3128 809 3162 877 ἡ
3211 807 3269 860 δὲ
3309 806 3639 877 Παρθυαίων
3685 807 3755 876 γῆ

2191 900 2484 971 Ῥωμαίοις
2515 901 2754 969 ὑπήκοος
2786 903 3045 970 κατέστη.

2263 1077 2408 1130 Ἀλλ’
2431 1077 2459 1130 ὃ
2493 1093 2558 1145 γε
2595 1077 2787 1147 Τίγρις
2817 1076 2913 1130 καὶ
2941 1077 3234 1146 Εὐφράτης
3264 1079 3312 1128 oi
3353 1076 3543 1140 παῖδες
3588 1077 3757 1145 ἐμφε-

2184 1174 2296 1241 ρεῖς
2327 1171 2580 1241 ἀλλήλοις
2606 1166 2770 1240 ἦσαν,
2821 1170 2917 1222 κα)⁹
2958 1169 3213 1237 Ῥοδάνης
3246 1169 3602 1238 ἀμφοτέροις.
3651 1170 3755 1222 Τοῦ

2178 1267 2238 1319 δὲ
2268 1266 2480 1330 παιδὸς,
2523 1265 2713 1336 ὥσπερ
2759 1265 2993 1335 ἔφημεν,
3047 1264 3126 1333 τῷ
3175 1263 3314 1334 ῥόδῳ
3352 1263 3755 1326 τελειωθέντας,

2189 1359 2446 1428 Ῥοδάνης
2470 1359 2606 1429 πρὸς
2637 1357 2734 1428 τὴν
2763 1357 2956 1428 νησῖδα
2986 1357 3104 1426 ἅμα
3132 1357 3378 1410 Σινωνίδι
3407 1355 3752 1426 περαιοῦται,

2181 1451 2275 1503 καὶ
2299 1450 2396 1521 βοᾷ
2425 1451 2456 1520 ἡ
2501 1451 2686 1520 μήτηρ
2714 1448 2806 1504 τὸν
2846 1449 3149 1518 τεθνηκότα
3176 1449 3345 1517 αὐτῆς
3376 1449 3491 1501 υἱὸν
3516 1448 3754 1501 άναϐιιῖι-

2180 1565 2288 1608 ναι,
2325 1549 2408 1610 εἰς
2440 1547 2531 1599 τὸν
2581 1545 2837 1614 Ῥοδάνην
2865 1543 3079 1615 ὁρῶσα,
3110 1544 3208 1597 καὶ
3235 1543 3406 1614 κόρην
3437 1542 3588 1612 αὐτῷ
3613 1545 3756 1595 έκεῖ-

2181 1639 2328 1692 θεν⁹⁰
2356 1638 2615 1691 ἕπεσθαιο
2655 1634 3108 1706 συνυποκρίνεται
3156 1635 3415 1704 Ῥοδάνης
3439 1634 3632 1696 ταῦτα,
3657 1634 3755 1701 τῆς

478 1733 702 1792 simulat
733 1733 847 1786 haec
870 1729 1183 1792 Rhodanes,
1237 1727 1613 1784 insulan'ornm
1661 1728 2065 1797 simplicitatem

2176 1732 2282 1783 τῶν
2355 1729 2638 1801 νησιωτῶν
2695 1727 3082 1798 κατεντρυφῶν
3141 1726 3417 1796 εὐηθείας.
3472 1727 3756 1796 Μηνύεται

478 1825 789 1882 ludiﬁcans.
836 1823 1033 1877 Damas
1086 1821 1318 1885 interea,
1367 1835 1488 1888 quae
1519 1819 1766 1873 Rhodani
1833 1820 2065 1874 accidis-

479 1929 624 1984 sent,
669 1930 898 1986 qumque
927 1913 1218 1969 Soraacltus
1244 1928 1366 1967 cum
1411 1913 1503 1966 illo
1538 1912 1818 1982 gessisset,
1856 1913 2059 1967 iudicio

481 2011 757 2082 cognovit.
781 2007 948 2064 Index
993 2023 1120 2062 vero
1159 2022 1225 2062 ac
1275 2005 1484 2061 delator
1530 2005 1774 2060 medicus
1815 2005 1904 2060 ille
1942 2005 2064 2069 fuit,

480 2120 641 2174 quem
667 2101 978 2167 Sorazcbus,
1012 2097 1371 2156 utSinonidis
1406 2097 1601 2152 vulnus
1625 2108 1868 2161 curaret,
1927 2099 2064 2152 clam

481 2194 830 2249 submiserat.
866 2190 1097 2260 Capitur
1163 2191 1265 2244 hoc
1320 2190 1538 2244 nomine
1567 2187 1876 2255 Soraechus,
1923 2199 1976 2244 et
1999 2191 2065 2243 ad

480 2284 743 2340 Garmum
772 2282 1084 2337 adducitur.
1138 2280 1376 2335 Mittitur
1409 2289 1464 2335 et
1493 2281 1703 2336 delator
1734 2296 1857 2335 cum
1886 2281 2067 2336 Damae

483 2379 702 2440 litteris,
761 2377 827 2431 ad
859 2373 1089 2432 Veneris
1143 2375 1508 2441 sacerdotem,
1561 2375 1762 2444 quibus
1803 2373 2065 2429 Sinonida

484 2467 922 2538 comprehendre
942 2466 1187 2537 iubetur.
1237 2465 1480 2520 Medicus
1511 2479 1642 2534 ergo
1666 2480 1838 2520 sacrte
1874 2465 2068 2520 insulae

483 2559 684 2616 flutnen
721 2572 1031 2630 permeans,
1075 2560 1315 2628 seipsum
1343 2557 1412 2612 de
1457 2573 1609 2612 more
1636 2557 1846 2613 camelo
1864 2572 2068 2627 appen-

484 2651 585 2716 dit,
643 2651 964 2718 litterasque
1013 2648 1327 2722 [jumenti]
1393 2651 1596 2705 dextra:
1646 2651 1765 2704 auri
1815 2651 2064 2720 imponit.

485 2743 688 2801 Verum
713 2743 958 2799 delatore
979 2742 1071 2796 ilio
1108 2740 1347 2797 fluminis
1381 2743 1540 2796 undis
1590 2756 1790 2807 merso,
1823 2741 2068 2796 camelus

484 2839 554 2894 ad
584 2837 816 2893 insulam
848 2836 1152 2901 adnatavit,
1204 2835 1295 2889 ubi
1321 2833 1613 2889 Rhodanes
1646 2849 1758 2889 rem
1793 2843 1958 2888 tatam
1989 2835 2069 2888 di-

485 2929 639 2995 dicit,
667 2929 874 2984 sublata
895 2942 926 2982 e
951 2926 1182 2997 jnmenti
1211 2939 1344 2979 aure
1370 2924 1552 2978 Daune
1583 2925 1833 2995 epistola.
1885 2924 2066 2991 Quare

487 3019 614 3094 fuga
641 3021 768 3076 inde
794 3035 854 3076 se
897 3019 1223 3090 proripiunt,
1273 3029 1682 3086 occurruntque
1712 3017 1968 3072 Soranclto
1996 3018 2063 3071 ad

487 3112 748 3170 Garmum
801 3127 983 3181 regem
1027 3111 1212 3176 ducto,
1264 3119 1319 3164 et
1345 3125 1449 3163 una
1483 3110 1536 3163 in
1577 3109 2066 3180 hospitiumdiver—

486 3214 630 3262 tunt.
664 3205 740 3261 lbi
800 3215 962 3260 noctu
989 3202 1282 3257 thodanes
1321 3201 1438 3257 auri
1495 3201 1792 3270 cupiditate
1845 3201 2064 3270 iniecta,

485 3294 648 3352 facile
700 3295 1009 3364 persuadet,
1047 3292 1288 3347 Soraechi
1333 3301 1393 3346 ut
1434 3291 1691 3347 custodes
1728 3291 2063 3361 iugulentur.

487 3384 647 3462 [Quo
681 3384 921 3440 facinore
949 3392 1280 3454 perpetrato,
1300 3381 1322 3455 ]
1342 3385 1614 3454 fugitcum
1643 3383 1727 3438 his
1757 3382 2065 3450 Soraecbus,

487 3489 728 3534 mutuam
770 3478 912 3531 hanc
960 3477 1157 3545 prioris
1203 3492 1314 3532 sua:
1347 3477 1715 3533 beneﬁcentiae
1763 3477 2064 3532 mercedem

489 3579 702 3623 nactus.
761 3565 934 3621 Porro
964 3565 1162 3620 Datnas
1185 3566 1599 3636 comprehendit
1633 3564 1861 3621 Veneris
1885 3580 2068 3620 sacer-

487 3663 691 3729 dotem,
727 3662 866 3715 etde
888 3658 1155 3714 Sinonide
1175 3660 1530 3729 quaestionem
1557 3659 1796 3714 instituit
1844 3676 1858 3713 :
1905 3670 2068 3727 atque

491 3755 583 3826 ubi
611 3754 825 3808 tandem
850 3751 1121 3805 sententia
1153 3753 1548 3805 condemnatus
1581 3761 1664 3804 est
1704 3765 1892 3812 senex,
1944 3760 2002 3803 ut
2038 3765 2070 3804 e

488 3841 772 3897 sacerdote
801 3839 1043 3895 carnifex
1073 3838 1359 3907 elﬁciatur,
1403 3855 1581 3894 mores
1615 3855 1828 3910 quoque
1849 3841 2067 3896 carniﬁ-

486 3933 566 3988 cis
599 3946 665 3986 ac
691 3931 1114 3986 consuetudines
1145 3930 1456 4000 Euphrates
1472 3933 1656 3987 discit.
1689 3931 1870 3998 Pater,
1898 3933 2069 3988 idem-

488 4040 593 4094 que
623 4021 1227 4094 sacerdosEupbratem
1255 4039 1355 4094 pro
1384 4021 1644 4078 Rhodane
1661 4023 1822 4079 habet
1877 4024 2065 4092 appel-

490 4118 694 4189 latque.
725 4114 884 4187 Fugit
915 4126 970 4171 et
991 4131 1148 4172 soror
1180 4114 1475 4185 Euphratis
1504 4114 1912 4186 Mesopotamia.
1935 4116 2066 4172 Dein

489 4211 557 4266 ad
577 4213 752 4266 Sacan
782 4209 1086 4280 Euphrates
1111 4211 1226 4280 ipse
1250 4210 1560 4276 adducitur,
1594 4211 2068 4282 interrogaturque

489 4305 554 4359 de
576 4301 843 4358 Sinonide
872 4319 886 4355 :
920 4317 1018 4373 pro
1051 4300 1316 4357 Rbodane
1349 4302 1494 4356 enim
1534 4302 1860 4369 habebatur,
1901 4311 2068 4372 atque

2169 1823 2355 1892 Δάμας
2397 1825 2466 1876 τὰ
2505 1823 2636 1892 περὶ
2677 1821 2966 1890 Ῥοδάνην,
3018 1821 3115 1875 καὶ
3169 1821 3270 1874 ὅσα
3318 1821 3584 1891 Σόραιχος
3624 1823 3753 1888 περὶ

2169 1917 2369 1977 αὐτοὺς
2403 1913 2639 1982 ἐπραξεο
2674 1913 2801 1985 [2M-
2833 1912 2925 1984 B.]
2962 1913 3206 1984 μηνυτὴς
3232 1913 3278 1967 δ’
3317 1909 3386 1985 ἦν
3411 1914 3576 1978 αὐτὸς
3603 1915 3632 1966 6
3674 1915 3754 1966 lat-

2167 2010 2324 2079 τρὸς,
2368 2007 2426 2061 ὃν
2468 2011 2494 2060 ὁ
2529 2008 2790 2078 Σὸραιχος
2817 2007 3003 2078 κρύφα
3038 2007 3263 2077 πέμψας
3293 2007 3353 2059 τὸ
3387 2008 3486 2076 τῆς
3528 2007 3752 2059 Σινωνίο

2167 2101 2255 2164 δος
2288 2100 2415 2173 [154
2444 2100 2540 2172 Η.]
2572 2100 2909 2171 ἐθεράπευσε
2933 2101 2979 2133 ⁸³
3024 2100 3268 2171 τραῦμα.
3304 2099 3750 2170 Συλλαμϐάνεται

2166 2194 2257 2248 διὰ
2275 2197 2320 2228 ⁹¹
2345 2194 2505 2248 τοῦτο
2535 2195 2815 2265 Σόραιχος,
2844 2193 2939 2247 καὶ
2967 2194 3160 2261 ἄγεται
3195 2192 3289 2245 ἐπὶ
3321 2191 3559 2262 Γάρμον.
3591 2191 3745 2244 Ἀπο-

2170 2287 2447 2342 στέλλεται
2477 2287 2572 2340 καὶ
2610 2287 2772 2351 αὐτὸς
2798 2288 2826 2340 6
2863 2287 3111 2357 μηνυτὴς
3161 2288 3398 2356 γράμμα
3443 2285 3599 2354 Δάμα
3635 2285 3753 2337 ἐπε-

2169 2380 2468 2450 φερόμενος
2532 2379 2668 2450 πρὸς
2709 2379 2801 2431 τὸν
2852 2379 2952 2448 τῆς
2987 2376 3308 2446 Ἀφροδίτης
3359 2374 3550 2445 ἱερέα,
3591 2374 3681 2441 ἐφ’
3707 2366 3750 2438 ᾧ

2170 2472 2458 2527 συλλαϐεῖν
2499 2473 2623 2534 τοὺς
2655 2470 2785 2542 περὶ
2838 2470 3122 2525 Σινωνίδα.
3159 2468 3437 2524 Διαϐαίνει
3465 2467 3621 2521 τὸν⁹³
3648 2483 3749 2519 πο-

2167 2564 2383 2636 ταμὸνὸ
2409 2565 2589 2634 ἰατρὸς
2605 2568 2703 2636 τῆς
2736 2565 2886 2634 ἱερᾶς
2920 2562 3130 2627 ἑαυτὸν,
3158 2563 3234 2625 ὡς
3262 2561 3404 2626 ἔθος,
3436 2560 3748 2630 ἐξαρτήσας

2169 2656 2440 2727 καμήλου,
2480 2656 2540 2708 τὸ
2599 2655 2656 2708 δὲ
2708 2656 2944 2726 γράμμα
2994 2654 3070 2725 τῷ
3105 2654 3262 2724 δεξιῷ
3303 2651 3600 2724 παρενθεὶς
3643 2650 3750 2703 τῶν

2168 2746 2353 2799 ὤτων·
2391 2747 2485 2798 καὶ
2514 2745 2668 2809 τέλος
2713 2748 2741 2798 6
2792 2746 3036 2816 μηνυτὴς
3069 2744 3493 2812 ὲναποπνίγεται
3537 2742 3617 2813 τῷ
3650 2760 3750 2795 πο-

2167 2838 2347 2910 ταμῷ,
2380 2838 2648 2893 διαϐαίνει
2683 2838 2740 2892 δὲ
2771 2838 2908 2910 πρὸς
2935 2838 3036 2906 τὴν
3068 2839 3262 2906 νησῖδα
3297 2838 3329 2908 ή
3356 2835 3625 2904 κάμηλος,
3659 2837 3753 2889 καὶ

2169 2932 2348 2986 πάντα
2396 2931 2764 3003 μανθάνουσιν
2791 2930 2840 2984 οἱ
2873 2931 3005 3000 περὶ
3045 2929 3326 2998 Ῥοδάνην,
3377 2929 3436 2980 τὸ
3464 2927 3558 2981 τοῦ
3592 2928 3750 2995 Δάμα

2168 3022 2406 3095 γράμμα
2451 3023 2560 3076 τῶν
2601 3021 2758 3074 ὢτων
2789 3021 3109 3092 ἀνελόμενοι
3151 3020 3248 3090 τῆς
3289 3019 3567 3090 καμήλου.
3611 3020 3751 3071 Φεύ-

2169 3133 2358 3183 γουσιν
2385 3115 2598 3168 ἐκεῖθεν
2629 3114 2718 3168 διὰ
2747 3115 2928 3177 τοῦτο,
2983 3113 3080 3167 καὶ
3117 3112 3453 3166 συναντῶσιν
3482 3113 3752 3182 ἀγόμενον

2170 3205 2432 3276 Σόραιχον
2462 3205 2555 3258 ἐπὶ
2581 3205 2824 3276 Γάρμον,
2866 3203 2964 3258 καὶ
2993 3203 3359 3259 καταλύουσιν
3391 3204 3510 3275 ἅμα
3533 3207 3591 3258 ὲν
3617 3222 3754 3257 παν·

2169 3299 2381 3370 δοχείῳ.
2419 3299 2529 3351 Kal
2561 3300 2625 3369 τῇ
2662 3297 2756 3351 τοῦ
2797 3297 3026 3370 χρυσίου
3066 3296 3338 3368 ἐπιθυμίᾳ
3368 3296 3588 3367 νύκτωρ
3622 3296 3755 3349 ἀνα-

2171 3391 2350 3444 πείθει
2392 3391 2672 3460 ⁹Ροδάνης,
2729 3391 2825 3444 καὶ
2870 3388 3224 3460 ἀναιροῦνται
3269 3391 3319 3442 οἱ
3352 3390 3619 3460 Σοραίχου
3653 3389 3756 3457 φύ-

2170 3485 2356 3548 λακες,
2394 3485 2490 3538 καὶ
2513 3483 2708 3552 φεύγει
2749 3484 2846 3536 σὺν
2871 3483 3055 3546 αὐτοῖς
3083 3482 3365 3553 Σόραιχος,
3395 3481 3635 3552 ἀμοιϐὴν
3665 3483 3757 3533 εὐ-

2172 3576 2282 3648 ρὼν
2328 3577 2428 3647 τῆς
2483 3575 2920 3647 προῦπαρξάσης
2970 3575 3319 3646 εὐεργεσίας.
3369 3572 3756 3643 Συλλαμϐάνει

2170 3669 2359 3740 Δάμας
2400 3668 2493 3723 τὸν
2531 3669 2629 3740 τῆς
2661 3667 2984 3740 Ἀφροδίτης
3028 3668 3218 3740 ἱερέα,
3264 3667 3360 3721 καὶ
3399 3667 3755 3738 ἀνακρίνεται

2170 3763 2301 3832 περὶ
2344 3762 2649 3826 Σινωνίδος,
2679 3761 2774 3815 καὶ
2797 3760 2952 3824 τέλος
2982 3759 3376 3831 κατακρίνεται
3426 3759 3624 3829 δήμιος
3661 3775 3754 3826 γε-

2171 3851 2359 3904 νέσθαι
2394 3851 2514 3904 ἀντὶ
2543 3850 2734 3921 ἱερέως
2779 3850 2808 3903 6
2856 3848 3205 3921 πρεσϐύτης·
3247 3850 3340 3902 xal
3382 3847 3448 3900 τὰ
3495 3848 3629 3916 περὶ
3662 3847 3755 3899 τὸν

2171 3941 2367 4012 δήμιον
2399 3941 2494 4010 ἔθη
2543 3945 2636 3994 καὶ
2671 3941 2900 4012 νόμιμα.
2960 3941 3405 4010 Συλλαμϐάνεται
3433 3940 3752 4009 Εὐφράτης,

2171 4038 2257 4090 ὃτι
2289 4037 2317 4088 6
2350 4034 2534 4105 πατὴρ
2564 4035 2656 4087 καὶ
2689 4037 2890 4104 ἱερεὺς,
2937 4035 3012 4097 ὡς
3044 4034 3300 4104 Ῥοδάνην
3343 4031 3509 4085 αὐτὸν
3547 4030 3756 4084 ὑπολα-

2173 4127 2305 4193 ϐὼν,
2351 4127 2526 4190 οὕτως
2573 4126 2864 4179 ἐπεκάλει’
2914 4127 3009 4180 καὶ
3053 4125 3245 4194 φεύγει
3278 4123 3680 4193 Μεσοποταμία
3719 4125 3752 4192 ἡ

2170 4217 2398 4289 ἀδελφή.
2435 4217 2544 4270 Kal
2585 4217 2722 4289 πρὸς
2758 4216 2850 4270 τὸν
2897 4217 3078 4270 Σάκαν
3109 4217 3385 4282 ἀπάγεται
3433 4215 3754 4284 Εὐφράτης.

2171 4309 2527 4381 ἀνακρίνεται
2554 4308 2685 4381 περὶ
2729 4310 3011 4372 Σινωνίδος
3031 4324 3044 4339 ·
3081 4309 3155 4371 ὡς
3185 4307 3294 4379 γὰρ
3338 4307 3596 4376 Ῥοδάνης
3619 4307 3756 4374 ﬁtti-

487 4395 921 4450 examinabatur.
965 4393 1173 4448 Iudicat
1203 4408 1333 4464 ergo
1365 4393 1534 4448 Sacas
1562 4393 1768 4450 Garmo
1801 4394 1915 4464 regi
1968 4409 2064 4447 ca-

2176 4401 2312 4467 ζετο.
2359 4403 2470 4455 Kal
2501 4403 2826 4456 ἀποστέλλει
2877 4402 3056 4465 Σάκας
3087 4401 3225 4471 πρὸς
3257 4400 3476 4471 Γάρμον
3515 4400 3598 4452 ὅτι
3639 4400 3758 4452 'Po-

486 4497 638 4558 ptum
657 4501 778 4542 esse
795 4485 1136 4554 Rhodanem,
1163 4487 1488 4565 captandam
1516 4500 1732 4555 quoque
1756 4487 2066 4555 propediem

489 4578 770 4635 Sinonida.
808 4577 1114 4649 Euphrates
1139 4579 1284 4634 enim
1313 4578 1467 4648 quasi
1492 4576 1782 4634 Rhodanes
1809 4588 1972 4644 esset,
2015 4581 2068 4635 in

483 4669 690 4738 judicio
735 4669 1046 4741 respondet,
1105 4668 1392 4735 Sinonida,
1441 4669 1566 4723 dum
1618 4670 1734 4740 ipse
1758 4681 2066 4739 caperetur,

491 4761 713 4832 fugisse.
749 4761 982 4818 Coactus
1013 4763 1268 4817 nimirum
1293 4770 1347 4817 et
1372 4762 1488 4831 ipse
1511 4761 1775 4818 Sinonida
1795 4763 2071 4832 appellare

489 4867 733 4909 sororem
762 4871 913 4910 suam
946 4854 1418 4925 Mesopotamiam.

562 4948 849 5003 thodanes
877 4950 1090 5003 interim
1110 4959 1165 5004 et
1194 4949 1415 5005 Sinonis
1439 4964 1542 5003 una
1577 4964 1698 5003 cum
1727 4949 1982 5005 Soracho
2013 4950 2064 5002 in

490 5041 670 5112 fugam
715 5043 861 5098 versi
894 5042 1149 5112 agricola:
1182 5044 1458 5114 tugurium
1509 5043 1766 5108 subeunt,
1813 5043 1898 5096 cui
1953 5041 2062 5096 ﬁlia

485 5134 853 5206 crateleganti
882 5133 1081 5198 forma,
1136 5131 1311 5205 nuper
1345 5134 1634 5187 admodum
1676 5134 1897 5188 viduata
1926 5134 2062 5198 viro,

2173 4494 2338 4564 δάνης
2383 4494 2739 4564 συνείληπται
2778 4495 2876 4548 καὶ
2927 4495 3150 4556 Σινωνὶς
3198 4492 3672 4562 συλληφθήσεται-
3729 4493 3759 4544 ὁ

2174 4588 2281 4658 γὰρ
2307 4589 2620 4659 Εὐφράτης,
2650 4587 2725 4650 ὼς
2749 4587 3007 4656 Ῥοδάνης
3039 4585 3385 4656 κρινόμενος,
3403 4584 3509 4654 ἔφη
3534 4581 3638 4653 τὴν
3663 4583 3760 4634 Σι-

2175 4680 2369 4734 νωνίδα
2395 4677 2907 4749 συλλαμϐανομένου
2942 4677 3107 4732 αὑτοῦ
3133 4676 3470 4745 πεφευγέναι
3488 4675 3557 4738 ’⁸,
3595 4674 3762 4725 Σινω-

2175 4772 2292 4826 νίδα
2345 4771 2532 4825 καλεῖν
2588 4772 2840 4834 κάκεῖνος
2899 4768 3289 4839 ἐκϐιαζόμενος
3353 4767 3452 4838 τὴν
3513 4765 3760 4836 ἀδελφὴν

2174 4865 2620 4934 Μεσοποταμίαν.

2250 4955 2374 5008 ’Ότι
2429 4957 2476 5008 οἱ
2533 4955 2662 5026 περὶ
2703 4952 2958 5022 Ῥοδάνην
3003 4953 3098 5006 καὶ
3150 4950 3410 5004 Σινωνίδα
3459 4947 3763 5016 φεύγοντες

2175 5046 2294 5117 ἅμα
2333 5047 2580 5119 Σοραίχῳ
2629 5046 2984 5118 καταίρουσιν
3026 5047 3105 5108 είς
3141 5041 3426 5114 γεωργοῦο
3469 5039 3550 5110 τῷ
3591 5039 3640 5092 δ’
3689 5034 3761 5108 ἦν

2174 5139 2334 5209 κόρη,
2360 5137 2607 5211 θυγάτηρ
2631 5139 2770 5210 καλὴ
2793 5139 2892 5209 τὴν
2913 5137 3192 5208 ὄψιν,ᾰρτι
3223 5133 3537 5207 χηρωθεῖσα
3563 5131 3664 5185 καὶ
3691 5133 3760 5200 τῇ

1805 5291 2038 5346 ΥΔιὶὲΑέ
2079 5293 2482 5350 LECTIONES.

561 5413 605 5445 ³⁷
643 5414 856 5483 Οὐῆρον
886 5410 1244 5483 Casaubon‘tts
1281 5426 1294 5460 :
1331 5406 1526 5483 οὐκρον
1558 5422 1616 5483 ε.
1764 5406 1896 5483 ornet
1911 5403 1953 5458 A
1986 5420 2001 5455 :
2033 5406 2244 5483 ὃτιῌποῖ
2272 5425 2334 5471 ς.
2410 5410 2456 5442 υ
2491 5410 2802 5481 τελευτήσει
2841 5427 2900 5474 ς,

2995 5411 3041 5444 ⁸⁸⁵
3072 5407 3283 5462 ἐκεῖθεν
3338 5405 3386 5461 Α
3414 5424 3430 5462 :
3464 5404 3672 5477 έθηκεν
3698 5421 3762 5471 ς.

487 5487 530 5516 οι
559 5475 860 5553 ἐθεράςςευε
892 5498 953 5546 ς,
1028 5481 1072 5512 ’³
1107 5479 1194 5531 διὰ
1221 5481 1264 5531 Α
1299 5497 1313 5531 :
1347 5478 1404 5532 δὲ
1424 5494 1484 5540 ς.
1560 5477 1606 5506 ⁸³
1631 5475 1746 5545 τὸν]
1769 5475 1826 5528 δὲ
1849 5476 1940 5529 τὸν
1973 5493 2033 5538 ς.
2110 5476 2157 5508 ⁸⁸
2194 5477 2625 5551 διαπεφευγέναι
2659 5475 2717 5545 ςξ

2014 5593 2246 5651 ΝΟΤΑΞ.

557 5691 670 5765 (64)
704 5689 773 5745 Μ.
813 5691 998 5744 Aurel.
1030 5689 1340 5743 Antoninus
1365 5684 1744 5754 Philosophus.
