3942 6234
261 204 368 266 33?.
1366 201 1892 264 BIBLIOTHECA.
1924 229 1991 240 ν-
2027 201 2193 266 COD.
2232 203 2432 265 XCIV.
3431 212 3537 276 331

263 322 404 392 πρὸς
449 317 542 371 τὸν
574 316 744 389 ἄνδρα
796 317 979 389 εὐνοίᾳ.
1023 317 1119 382 τὰς
1166 317 1359 388 τρίχας
1391 320 1820 390 περικειραμένη

1976 319 2065 390 16
2078 323 2106 372 b
2124 321 2350 389 ejusque
2378 319 2650 376 desiderio
2672 322 2859 378 crines
2877 333 3110 380 attonsa.
3145 325 3269 383 Haec
3285 337 3533 399 torquem

265 412 558 482 Πέμπεται
585 409 727 480 αὕτη
750 411 850 480 τῆς
883 409 1132 473 ἁλύσεως
1157 413 1256 479 τῆς
1291 409 1499 480 χρυσῆς
1527 411 1821 481 ἀπεμπολῆ

1981 413 2104 465 llam
2141 428 2363 467 auream
2403 413 2640 468 vendere
2703 415 2958 481 mittitur,
3021 433 3184 488 quam
3225 434 3257 474 e
3301 422 3536 478 vinculis

264 521 382 566 σαι,
410 505 478 574 ἢν
499 504 550 556 οἱ
583 502 714 571 περὶ
730 502 988 573 Ῥοδάνην
1013 503 1077 554 ἐκ
1104 500 1215 554 τῶν
1243 501 1464 571 δεσμῶν
1489 503 1821 572 ἐπεφέροντο

1980 502 2251 558 {hodanes
2289 513 2450 572 atque
2474 502 2695 560 Sinonis
2725 507 3042 562 attulerant.
3098 509 3298 566 Verum
3339 514 3407 567 ad
3437 528 3537 568 au:

264 596 362 646 καὶ
389 595 576 648 ἄπεισι
604 595 746 664 πρὸς
781 592 872 646 τὸν
898 593 1192 665 χρυσοχόον
1216 595 1248 662 ἡ
1283 592 1376 646 τοῦ
1404 593 1654 664 γεωργοῦ
1684 594 1821 663 θυγά

1989 595 2222 650 ifabrum
2253 597 2512 667 agricolae
2555 597 2664 652 ﬁlia
2711 607 2769 652 ut
2808 600 2977 665 venit,
3027 603 3216 671 puella:
3247 603 3337 660 hic
3365 621 3541 660 venu-

263 701 395 755 τηρ.
426 685 539 736 Καὶ
574 683 699 737 ἰδὼν
728 685 936 746 ἐκεῖνος
964 684 1066 753 τήν
1097 700 1156 736 τε
1197 683 1319 751 ὄψιν
1353 685 1454 751 τῆς
1484 683 1654 755 κόρης
1684 684 1820 756 καλὴ

1980 693 2122 749 state,
2182 694 2235 738 et
2267 685 2477 754 torquis
2506 696 2682 754 parte,
2719 701 2882 754 quam
2911 687 3028 758 ipse
3061 689 3408 758 fabricasset,
3438 694 3537 749 de-

267 778 488 846 καὶτῆς
517 775 765 839 ἁλύσεως
807 775 869 828 τὸ
913 775 1097 846 μέρος,
1131 769 1200 846 ἦς
1233 775 1395 839 αὐτὸς
1425 775 1667 846 ἐργάτης
1692 775 1824 846 ἐτύγ

1978 789 2226 845 onsaque
2279 790 2434 830 coma
2493 787 2808 845 conspecta,
2866 779 3036 848 ipsam
3094 797 3219 838 esse
3272 782 3535 840 Sinonida

263 885 423 938 χανε,
461 870 558 921 καὶ
591 869 690 938 τὴν
725 868 904 939 κόμην
957 870 1397 942 περιῃρημένην,
1433 870 1651 924 ὑπονοεῖ
1691 871 1820 924 Σινιι

1981 871 2290 938 ιυερίοιιιυτ.
2330 868 2500 925 Mittit
2528 871 2698 941 igitur
2745 873 2814 927 ad
2841 872 3090 939 Damam,
3133 879 3538 947 assuntptisque

265 960 386 1011 νίδα
434 955 597 1024 εἶναι,
655 961 742 1013 ul.
794 959 1015 1030 πέμψας
1071 960 1207 1030 πρὸς
1252 960 1441 1032 Δάμαν
1481 962 1576 1016 καὶ
1610 961 1822 1016 λαϐὼν¹

1975 961 2302 1027 :ustodibus,
2346 963 2732 1017 abscedentem
2801 964 3035 1033 puellam
3067 966 3206 1021 clam
3252 969 3532 1025 observat.

267 1052 518 1122 φύλακας
549 1053 938 1122 ἀπερχομένην
968 1051 1236 1122 ἐφύλαττε
1275 1054 1481 1124 κρύφα.
1525 1056 1590 1109 Ἠ
1616 1055 1695 1121 δε,
1720 1056 1824 1110 ὑπο

1986 1053 2075 1118 Ila,
2105 1053 2232 1122 quid
2253 1063 2506 1126 ageretur
2535 1056 2832 1125 suspicata,
2852 1057 2908 1112 in
2953 1058 3224 1114 desertum
3247 1075 3305 1116 se
3348 1062 3543 1133 recipit

267 1147 514 1214 νοήσασα
558 1147 619 1198 τὸ
675 1145 1073 1216 πραττόμενον,
1106 1145 1402 1214 φεύγειεζς
1447 1147 1653 1219 ἔρημον
1682 1151 1824 1204 κατά

1979 1144 2292 1198 lornicilium
2329 1161 2343 1197 :
2375 1146 2463 1199 ubi
2507 1159 2559 1200 et
2618 1147 2732 1213 illa,
2778 1163 2900 1216 qua:
2950 1148 3020 1205 de
3063 1152 3241 1220 puella
3300 1155 3536 1223 quadam

265 1235 417 1304 λυμα
441 1252 456 1265 ο
491 1239 550 1287 ἐν
580 1230 624 1304 ᾦ
656 1237 750 1289 καὶ
780 1237 848 1289 τὰ
877 1239 1004 1306 περὶ
1035 1239 1135 1308 τῆς
1165 1239 1336 1310 κόρης
1369 1239 1468 1308 τῆς
1497 1242 1822 1312 ὲπικαλουμέ

1986 1239 2254 1309 l‘ropliima
2291 1245 2528 1306 nomine,
2564 1254 2617 1296 et
2645 1244 2710 1297 de
2733 1259 2892 1297 servo
2921 1257 3160 1310 amante,
3186 1255 3348 1316 atque
3369 1249 3543 1302 herni-

265 1329 428 1398 νης⁹⁶
463 1329 752 1400 Τροφῳης
785 1331 879 1383 καὶ
902 1331 995 1383 τοῦ
1019 1331 1210 1384 δούλου
1261 1331 1356 1385 τοῦ
1383 1334 1612 1402 ἐραστοῦ
1640 1336 1732 1388 καὶ
1761 1355 1822 1404 φο

1984 1334 2102 1396 :ida.
2135 1335 2375 1404 itemque
2407 1336 2473 1389 de
2497 1335 2696 1389 mundo
2731 1337 2984 1390 muliebri
3018 1352 3184 1394 aureo
3219 1349 3541 1405 narrantur,

265 1425 428 1487 νέως,
461 1425 558 1476 καὶ
591 1424 687 1477 τοῦ
719 1425 926 1496 κόσμου
956 1428 1050 1479 τοῦ
1081 1427 1305 1497 χρυσοῦ,
1328 1429 1421 1481 καὶ
1454 1430 1508 1482 αἱ
1536 1429 1822 1502 ἕκθεσμοιε

1984 1427 2307 1496 :ontigerunt
2339 1445 2352 1481 :
2385 1428 2616 1482 nefanda
2675 1429 2896 1497 insuper
2948 1428 3039 1484 illa
3086 1433 3226 1486 servi
3279 1432 3541 1498 facinora,

261 1515 364 1568 τοῦ
395 1517 590 1570 δούλου
623 1518 875 1590 πράξεις,
899 1519 994 1573 καί⁵
1026 1520 1088 1572 τὸ
1116 1521 1311 1574 ἑαυτὸν
1332 1520 1652 1590 ἐπισφάξαι,
1673 1525 1768 1577 καὶ
1797 1543 1818 1576 τ

1983 1522 2178 1586 ιιιιιιιιιο
2210 1528 2265 1572 et
2286 1533 2478 1573 manus
2501 1519 2589 1574 ille
2618 1519 2718 1574 sibi
2746 1521 2945 1586 intulit,
2969 1531 3027 1575 ut
3067 1523 3254 1578 rustici
3279 1523 3384 1578 lilia
3411 1541 3540 1580 san-

263 1608 655 1679 αἱματωθῆναι
699 1611 800 1681 τὴν
848 1610 942 1664 τοῦ
985 1611 1235 1682 γεωργοῦ
1283 1611 1563 1683 θυγατέρα
1607 1618 1721 1678 τοῖς
1762 1632 1820 1668 το

1986 1609 2126 1675 {nine
2153 1625 2372 1679 aspersa
2419 1622 2678 1680 metuque
2717 1628 2996 1682 percussa,
3054 1613 3275 1685 fugerit,
3337 1619 3543 1672 territis

265 1673 464 1753 ἑαυτὸν
474 1703 521 1733 ⁸⁸
539 1673 816 1772 διαχρησα
829 1673 1008 1773 μένου.
1024 1673 1244 1774 αἵμασι,
1268 1673 1374 1758 καὶ.
1392 1707 1420 1759 ό
1450 1673 1550 1775 της
1580 1673 1750 1778 κόρης
1769 1707 1820 1760 δι

1986 1717 2137 1771 eque,
2172 1712 2228 1756 et
2263 1704 2315 1756 in
2371 1703 2553 1772 fugam
2592 1705 2769 1760 versis
2803 1673 3143 1762 custodibus:
3197 1708 3279 1762 Ad
3331 1720 3543 1778 patrem

265 1792 445 1846 ταῦτα
477 1794 646 1862 φόϐος
674 1796 768 1849 καὶ
799 1797 832 1866 ἡ
861 1797 1029 1867 φυγὴ,
1065 1797 1159 1850 καὶ
1188 1799 1220 1866 ἡ
1258 1796 1517 1861 ἔκστασις
1550 1799 1658 1852 τῶν
1685 1799 1822 1868 φυλά

1984 1803 2145 1864 taque
2198 1794 2304 1848 ﬁlia
2365 1811 2606 1858 reversa,
2669 1805 2857 1851 narrat
2911 1814 2973 1853 ea
3031 1814 3152 1869 qua:
3205 1801 3541 1856 acciderant.

266 1901 382 1936 κων
414 1885 513 1938 καὶ
553 1886 700 1956 φυγὴ
729 1925 745 1950 ,
781 1887 878 1938 καὶ
911 1888 944 1956 ή
995 1886 1134 1958 πρὸς
1175 1886 1267 1939 τὸν
1309 1889 1525 1958 πατέρα
1557 1889 1657 1958 τῆς
1689 1879 1823 1958 κόρη

1986 1885 2138 1950 )uare
2169 1885 2347 1956 fugam
2374 1887 2500 1941 inde
2527 1889 2763 1956 capessit
2787 1889 3095 1947 Rbodanes.
3120 1891 3340 1947 Litterae
3365 1903 3543 1948 autem

266 1971 456 2041 ἄφιξις
487 1973 586 2026 καὶ
617 1973 871 2046 διήγησις
903 1974 1012 2028 τῶν
1047 1977 1547 2046 συγκυρησάντων,
1581 1977 1676 2030 καὶ
1710 1995 1820 2046 φυγ

1988 1978 2225 2032 ntehacc
2269 1981 2334 2032 ad
2374 1977 2632 2033 Garmum
2667 1980 2736 2034 ab
2774 1981 3054 2037 aurifabro
3101 1984 3281 2038 missa:
3327 1982 3545 2038 fuerant

265 2065 484 2117 ἐκεῖθεν
509 2066 618 2117 τῶν
640 2067 770 2136 περὶ
785 2066 1066 2137 Ῥοδάνην,
1093 2069 1185 2121 καλ⁸
1210 2070 1316 2140 πρὸ
1340 2070 1544 2122 τούτων
1560 2070 1605 2101 ⁹⁹
1622 2070 1820 2140 γράμμ

1990 2073 2030 2124 le
2072 2081 2287 2140 reperta
2338 2072 2602 2127 Sinonidc
2631 2089 2646 2126 :
2675 2073 2943 2143 fidemque
2985 2074 3210 2141 fecerat,
3259 2091 3380 2132 cum
3435 2087 3547 2131 tore

269 2158 409 2228 πρὸς
457 2159 680 2228 Γάρμον
713 2159 810 2212 τοῦ
846 2161 1145 2230 χρυσοχόου
1199 2163 1282 2213 ὅτι
1323 2162 1547 2224 Σινωνὶς
1595 2162 1826 2233 εὓρηται

1990 2175 2095 2228 lues
2117 2172 2318 2231 erupta,
2351 2174 2514 2232 atque
2549 2163 2618 2216 ad
2656 2179 2776 2217 eum
2821 2168 3007 2232 missa,
3055 2177 3166 2220 tum
3199 2177 3393 2222 caatera
3426 2185 3547 2238 qua:

269 2251 368 2303 καὶ
395 2246 465 2320 ἦν
502 2251 746 2323 πίστιςη
791 2252 1126 2323 ὲξωνηθεῖσα
1171 2252 1363 2318 ἅλυσις
1393 2256 1726 2326 πεμπομένη
1765 2273 1826 2310 κα

1987 2255 2029 2308 Ie
2061 2254 2250 2309 rustici
2289 2255 2377 2308 ille
2411 2257 2520 2309 lilia
2553 2258 2878 2327 suspicando
2917 2260 3208 2328 cogitarat.
3249 2259 3544 2316 Rhodanes

269 2344 341 2395 τὰ
389 2343 551 2406 ἄλλα,
590 2344 627 2398 ἃ
667 2345 797 2414 περὶ
840 2345 939 2415 τὴν
987 2344 1082 2398 τοῦ
1124 2346 1374 2417 γεωργοῦ
1423 2346 1701 2417 θυγατέρα
1755 2348 1826 2402 ὑπ

1984 2347 2072 2408 iic,
2126 2347 2254 2400 dum
2305 2346 2429 2415 fuga
2474 2348 2578 2402 sibi
2622 2351 2972 2406 consnlturus
3006 2351 3263 2417 discedit,
3298 2354 3541 2408 osculum

266 2437 576 2491 ωπτεύετο.
625 2437 880 2508 Ῥοδάνης
929 2438 1057 2509 [155
1081 2438 1175 2511 IL]
1231 2439 1411 2492 ἀπιὼν
1443 2441 1527 2508 ἐφ’
1559 2433 1604 2507 ᾧ
1633 2439 1823 2509 φεύγει

1989 2437 2150 2490 νυειὶοἱ
2177 2436 2298 2490 filiae
2313 2435 2493 2490 otl'ert.
2515 2436 2880 2503 Quamobrem
2908 2440 2987 2493 ira
3004 2439 3226 2494 Sinonis
3244 2441 3546 2508 incanduit,

272 2527 424 2596 φιλεῖ
443 2530 544 2599 τὴν
569 2528 738 2600 κόρην
764 2529 859 2582 τοῦ
892 2530 1164 2600 γεωργοῦ,
1200 2532 1295 2583 καὶ
1323 2532 1628 2585 ἀνάπτεται
1656 2535 1737 2593 εἰς
1764 2533 1828 2602 όρ

1990 2529 2090 2583 lum
2115 2530 2168 2583 in
2195 2531 2556 2598 suspicionem
2580 2533 2814 2600 primum
2842 2534 2990 2588 venit
3018 2534 3178 2599 basii,
3209 2549 3328 2602 quae
3355 2536 3547 2590 deinde

271 2620 380 2690 τὴν
426 2621 654 2684 Σινωνὶς
697 2621 784 2674 διὰ
838 2621 1016 2681 τοῦτο,
1062 2625 1142 2686 εἰς
1191 2624 1448 2678 ὑπόνοιαν
1492 2627 1591 2695 μὲν
1641 2627 1828 2697 πρῶτο

1989 2624 2206 2690 ηυερίεἱο
2260 2624 2504 2694 (quando
2551 2640 2615 2679 ex
2644 2623 2924 2680 Rhodanis
2977 2625 3134 2681 labiis
3163 2627 3392 2682 detersit
3417 2643 3546 2682 sanu-

271 2712 560 2784 ἀφιγμένη
595 2712 690 2766 τοῦ
720 2715 1048 2784 φιλήματος,
1095 2713 1226 2787 [245
1252 2716 1342 2788 lt]
1395 2716 1587 2771 ἔπειτα
1621 2719 1716 2771 καὶ
1753 2719 1828 2771 ἀπ

1990 2714 2204 2780 guinem,
2228 2717 2317 2782 qui
2348 2715 2580 2786 puellam
2617 2717 2911 2772 osculando
2932 2717 2979 2772 ei
3011 2718 3341 2790 adhzeserat)
3374 2721 3547 2788 magis

273 2805 387 2858 τῶν
421 2804 516 2858 τοῦ
561 2805 844 2869 Ῥοδάνους
893 2807 1116 2878 χειλέων
1163 2808 1476 2878 ἀφελομένη
1517 2809 1578 2862 τὸ
1623 2805 1782 2878 αἷμα,

1991 2805 2132 2860 :tiam
2167 2815 2253 2860 est
2296 2806 2637 2861 confirmata.
2705 2807 2841 2862 Hinc
2893 2809 3205 2864 interimere
3247 2810 3361 2864 vult
3383 2815 3548 2864 rusti-

275 2898 517 2968 φιλήσας
565 2899 735 2970 αὐτὴν
772 2901 1223 2971 περιεκέχριστο,
1254 2903 1356 2964 κείς
1395 2903 1623 2972 ἰσχυρὰν
1677 2903 1830 2956 πίστι

1988 2912 2083 2951 tam
2133 2898 2366 2966 puellam
2405 2898 2650 2964 Sinonis,
2706 2910 2959 2969 retroque
2983 2901 3048 2954 ad
3086 2901 3232 2955 illam
3257 2917 3378 2956 sese
3412 2917 3545 2956 con-

274 2993 662 3047 καταστᾶσαί.
719 2993 883 3064 Ζητεῖ
931 2995 1019 3048 διὰ
1058 2993 1220 3048 τοῦτο
1263 2995 1489 3058 Σινωνὶς
1541 2996 1640 3066 τὴν
1685 2995 1826 3067 κόρη

1985 2987 2111 3053 .ulit,
2145 2989 2342 3042 furenti
2373 2989 2588 3044 similis.
2642 2989 2956 3056 Sortecltus,
3016 2993 3140 3060 quia
3189 2991 3542 3047 furibundum

273 3087 517 3149 ἀνελεῖν,
543 3088 639 3140 καὶ
659 3086 1024 3159 ὑποστρέφειν
1047 3088 1185 3158 πρὸς
1216 3088 1386 3159 ᾰὺτὴν
1409 3089 1676 3157 ἠπείγετο
1699 3089 1830 3145 καθά

1984 3078 2086 3149 :jus
2145 3080 2398 3148 impetum
2450 3079 2726 3136 refrenare
2780 3096 2884 3136 non
2943 3093 3147 3152 posset,
3203 3085 3541 3153 insequitur;

277 3197 391 3250 περ
418 3197 504 3242 τις
533 3181 820 3252 ὲμμανής”
853 3182 947 3234 καὶ
994 3182 1286 3235 συνέπεται
1319 3183 1600 3253 Σόραιχος,
1633 3183 1758 3236 ἐπεὶ
1788 3201 1834 3254 μ¹

1985 3169 2377 3241 ntcceduntque
2439 3173 2494 3226 in
2544 3174 2762 3227 domum
2816 3174 2996 3228 divitis
3033 3175 3250 3244 quidem
3285 3176 3542 3238 hominis.

276 3274 579 3342 κατασχεῖν
620 3272 722 3342 τῆς
766 3271 1068 3342 μανιώδους
1111 3274 1292 3344 ὁρμῆς
1342 3274 1518 3344 ἴσχυε.
1557 3275 1668 3328 Kal.
1721 3292 1826 3328 κατ

2008 3265 2062 3318 ad
2092 3265 2316 3332 perditis
2345 3267 2606 3333 moribus,
2637 3269 2721 3319 cui
2759 3267 2959 3334 Setapo
2993 3284 3210 3322 nomen.
3255 3267 3356 3324 llic
3380 3269 3565 3324 Sino-2

277 3363 530 3435 αἰρουσιν
569 3365 647 3426 εἰς
692 3364 948 3418 πλουσίου
979 3365 1146 3432 τινὸς,
1179 3365 1240 3418 τὸ
1273 3361 1407 3436 ἦθος
1443 3364 1501 3418 δὲ
1535 3365 1834 3420 ἀκολάστου

1986 3355 2110 3411 ridis
2145 3372 2333 3410 amore
2358 3369 2568 3427 captus,
2621 3359 2796 3426 pergit
2833 3372 2952 3412 eam
2987 3359 3308 3425 sollicitare,
3344 3370 3398 3415 et
3430 3360 3543 3424 illa,

276 3458 534 3528 Σήταπος
587 3457 738 3530 αὑτῷ
784 3458 996 3529 όνομα,
1055 3458 1113 3521 ὃς
1163 3459 1265 3530 ἐρᾷ
1297 3459 1394 3529 τῆς
1442 3459 1727 3522 Σινωνιδος
1767 3476 1833 3512 κα

1985 3452 2252 3506 redamare
2281 3467 2341 3506 se
2369 3453 2598 3519 (ingens,
2633 3453 2843 3507 ebrium
2864 3452 3126 3521 Sctapum
3172 3465 3361 3516 noctu,
3411 3464 3464 3508 et
3491 3455 3542 3505 in

277 3550 484 3620 πειρᾷο
535 3549 654 3620 ἠδὲ
686 3551 922 3621 ἀντερεῖν
958 3550 1333 3622 ὑποκρίνεται,
1378 3551 1472 3604 καὶ⁵
1521 3549 1834 3622 μεθυσθέντι

1986 3547 2170 3599 unoris
2213 3545 2390 3608 initio,
2434 3543 2580 3599 ferro
2623 3544 2874 3612 conﬁcit;
2924 3545 3146 3600 domum
3198 3544 3392 3600 deinde
3441 3545 3543 3598 sibi

275 3639 377 3692 τὸν
405 3641 657 3710 Σήταπον
708 3641 830 3694 κατ’
864 3643 1034 3713 αὑτὴν
1063 3645 1164 3712 τὴν
1195 3641 1366 3696 νύκτα
1417 3644 1512 3697 καὶ
1555 3643 1654 3714 τὴν
1687 3643 1832 3715 ἁρχὴ

1985 3639 2168 3707 iperiri
2193 3639 2470 3706 illajubet,
2518 3650 2573 3693 et
2613 3639 2688 3694 rei
2740 3648 2905 3710 gestas
2944 3639 3192 3710 ignarum
3227 3636 3542 3694 Sora-chum

275 3730 380 3785 τοῦ
405 3732 608 3803 ἔρωτος
641 3733 854 3804 ἀναιρεῖ
875 3734 1037 3802 ξίφει.
1072 3735 1182 3788 Kal.
1200 3735 1410 3800 ἀνοῖξαι
1437 3735 1745 3790 κελεύσασα
1765 3737 1832 3808 τὴ

1991 3732 2041 3786 bi
2082 3732 2414 3801 relinquens,
2473 3730 2539 3786 ad
2575 3730 2759 3788 rustici
2805 3731 2971 3788 filiani
3033 3739 3306 3801 properat.
3347 3729 3545 3784 Verum

277 3825 494 3890 αὔλιον,
531 3826 628 3878 καὶ
659 3826 752 3878 τὸν
779 3827 1040 3896 Σόραιχον
1067 3827 1366 3896 ἀγνοοῦντα
1394 3827 1456 3880 τὸ
1496 3826 1742 3897 πραχθὲν
1771 3843 1834 3880 κα

1990 3829 2188 3894 :ognito
2215 3823 2506 3880 Soraechus
2541 3823 2657 3893 ejus
2678 3826 2945 3890 discessu,
2974 3839 3114 3894 pone
3140 3824 3409 3893 sequitur,
3462 3838 3547 3875 co-

276 3918 611 3982 ταλιποῦσα,
661 3919 757 3972 ἐπὶ
804 3918 902 3989 τὴν
945 3919 1038 3973 τοῦ
1073 3920 1321 3991 γεωργοῦ
1356 3920 1528 3990 κόρην
1576 3919 1833 3990 ἠλαύνετο

1990 3919 2236 3984 nitesque
2267 3931 2449 3970 secum
2481 3916 2632 3971 ducit
2661 3916 2728 3971 de
2751 3903 2941 3985 Setapi
2973 3915 3144 3971 servis
3163 3915 3392 3986 aliquot,
3412 3929 3547 3982 quos

277 4010 547 4080 Σόραιχος
575 4010 648 4075 δὲ,
672 4009 772 4080 τὴν
796 4010 972 4075 ἔξοδον
995 4011 1163 4081 αὐτῆς
1186 4011 1391 4083 μαθὼν,
1418 4012 1642 4065 ἐδίωκεν
1660 4012 1834 4065 όπισω

1992 4019 2026 4064 ιι
2062 4011 2314 4080 agricolae
2348 4011 2469 4063 lilia:
2498 4011 2699 4063 cmdem
2756 4007 3092 4079 prohiberet,
3145 4006 3396 4064 mercede
3421 4023 3549 4063 con-

279 4103 384 4156 καὶ
412 4102 831 4173 καταλαμϐάνει
866 4104 1005 4173 ἔχων
1036 4104 1157 4174 μεθ’
1190 4104 1387 4156 ἑαυτοῦ
1419 4104 1509 4156 καὶ
1556 4103 1664 4157 τῶν
1693 4104 1836 4174 Σητά

1994 4107 2224 4160 luxerat.
2284 4108 2584 4158 Assecutus
2626 4103 2790 4172 igitur
2836 4118 2957 4157 eam
3009 4111 3269 4170 carpento
3321 4102 3551 4170 imponit

275 4213 391 4248 mu
422 4195 647 4261 δούλων,
683 4196 779 4260 οὓς
827 4191 896 4266 ἦν
926 4195 1362 4267 μισθωσάμενος,
1395 4197 1480 4251 ἵνα
1507 4197 1729 4267 κωλύσῃ
1765 4195 1832 4266 τὴ

1993 4215 2112 4252 nam
2146 4207 2198 4252 ct
2229 4198 2332 4251 hoc
2365 4197 2467 4250 sibi
2495 4195 2805 4267 paraverat)
2837 4193 3006 4264 77a,
3052 4209 3116 4248 ac
3149 4203 3298 4248 retro
3320 4194 3550 4248 reverti-

277 4289 507 4357 σφαγὴν
539 4289 638 4359 τῆς
666 4288 762 4341 τοῦ
794 4289 1040 4362 γεωργοῦ
1073 4290 1272 4359 κόρης·
1303 4287 1626 4342 καταλαϐὼν
1653 4288 1710 4342 δὲ
1733 4290 1834 4341 ἀνα

1993 4306 2075 4345 ur.
2134 4289 2508 4344 Redeuntibus
2537 4301 2715 4342 autem
2757 4287 2886 4351 illis,
2935 4286 3119 4341 caeteri
3167 4287 3309 4340 servi
3338 4285 3548 4355 Setapi,

275 4381 557 4450 λαμϐάνει
583 4383 662 4445 εἰς
685 4381 786 4452 τὴν
806 4379 1143 4452 ἁρμάμαξαν
1161 4379 1600 4451 (παρεσκεύαστο
1623 4381 1733 4451 γὰρ
1770 4397 1832 4433 κα

1993 4387 2061 4454 ιιιὶ
2103 4384 2216 4453 jam
2267 4380 2610 4436 interfectum
2659 4379 2850 4434 herqu
2880 4376 3374 4448 deprelrenderant,
3416 4376 3550 4430 furi-

273 4473 464 4544 τοῦτο)
493 4476 590 4527 καὶ
627 4473 928 4528 ἀπελαύνει
955 4473 1154 4527 ὀπίσω.
1189 4473 1671 4544 Ὑποστρεφόντων
1694 4472 1752 4525 δὲ
1772 4473 1830 4524 αἱ.

1992 4476 2138 4530 tundi
2168 4484 2482 4538 accurrunt,
2529 4481 2852 4542 captamque
2883 4470 3170 4535 Sinonida,
3229 4479 3285 4522 et
3317 4468 3549 4522 vinculis

274 4568 392 4621 τῶν
417 4570 473 4622 οξ
501 4567 599 4621 τοῦ
629 4569 885 4639 Σητάπου
922 4567 1276 4637 θεράποντες,
1307 4568 1432 4620 ἐπεὶ
1462 4567 1553 4620 τὸν
1596 4566 1831 4636 δεσπότη

1990 4568 2312 4637 :olligatam,
2378 4565 2446 4620 ad
2498 4563 2760 4619 Garmum
2819 4562 2987 4617 veluti
3055 4561 3329 4614 homicidii
3373 4574 3547 4620 ream.

275 4661 632 4734 ἀνῃρημένον
670 4661 990 4724 ἐθεάσαντο,
1024 4662 1347 4733 ἀπήντησαν
1374 4659 1730 4731 ὠργισμένοι,
1771 4675 1832 4712 κα

1994 4671 2264 4727 ruinasque
2291 4656 2538 4710 daturam
2569 4654 2796 4708 ducunt.
2836 4651 3290 4720 Sorachusergo,
3329 4649 3551 4718 pulvere

279 4753 644 4817 συλλαϐόντες
673 4754 935 4815 Σινωνιδα
969 4755 1065 4808 καὶ
1087 4754 1375 4824 δήσαντες,
1423 4749 1558 4824 ἦγον
1601 4752 1699 4806 ἐπὶ
1724 4753 1835 4824 Γάρ

1990 4764 2223 4819 ιερετευε
2251 4756 2504 4817 caput,et
2526 4744 2641 4816 (65)
2664 4743 2896 4798 Persicae
2926 4743 3200 4798 involutus
3233 4743 3450 4808 tunicae,
3481 4742 3547 4795 ad

280 4865 386 4918 μον
431 4847 508 4910 ὡς
558 4848 886 4919 ἀνδροφόνον
912 4847 1419 4918 κολασθησομένην.
1465 4847 1576 4900 Καὶ
1605 4846 1833 4917 Σόραιχο

1996 4838 2290 4895 ὶΙιοιΙοηιιιιι
2318 4837 2675 4892 infortunium
2707 4831 3010 4890 refert.'Ad
3056 4849 3177 4902 quae
3202 4843 3356 4890 certe
3388 4834 3553 4887 [tho-

274 4937 349 5010 ἦν
372 4940 610 5008 ἄγγελος
652 4941 897 4995 Ῥοδάνει
936 4941 1046 4994 τῶν
1077 4940 1285 5004 κακῶν,
1317 4938 1464 4992 κόνιν
1495 4955 1553 4991 τε
1585 4939 1727 4992 κατά
1763 4938 1831 5008 τῆ

1996 4933 2144 4986 Ianes
2177 4943 2365 4984 necem
2395 4929 2498 4982 sibi
2535 4928 2915 4991 conscivisset,
2967 4926 3021 4981 ni
3055 4927 3345 4982 Sortecltus
3382 4927 3553 4980 obsti-

275 5031 530 5102 κεφαλῆς
574 5032 893 5102 πασάμενος
938 5031 1033 5085 καὶ
1076 5032 1168 5085 τὸν
1200 5030 1401 5084 κάνδυν
1445 5031 1830 5101 περιερρηγμέ

1999 5027 2152 5088 isset,
2175 5022 2410 5077 Garmus
2453 5022 2695 5085 interim,
2757 5020 2992 5091 acceptis
3032 5021 3188 5076 Sacae
3236 5021 3430 5076 litteris
3484 5019 3553 5072 de

274 5127 425 5189 νος¹.
477 5124 591 5178 Καὶ
625 5125 889 5195 Ῥοδάνης
936 5127 1183 5196 ἀναιρεῖν
1237 5123 1434 5194 ἑαυτὸν
1480 5124 1694 5194 ὁρμᾷ³’
1745 5123 1831 5177 ἀλλ

1992 5125 2131 5185 :apto
2153 5113 2436 5177 Rhodane,
2481 5121 2536 5167 et
2556 5114 2624 5168 ab
2646 5112 2925 5167 aurifabro
2945 5112 3013 5168 de
3031 5111 3292 5166 Sinonidc
3317 5121 3549 5172 retenta,

1590 5259 1824 5314 γΑιιιιΕ
1857 5253 2264 5314 LECTIONES.

343 5381 395 5413 ”
426 5380 610 5435 λαὸὼν
659 5382 696 5433 Α
733 5398 750 5434 :
782 5379 987 5433 ἀνελὼν
1028 5398 1088 5445 ς.
1164 5381 1212 5414 ’⁸
1260 5380 1606 5450 καλουμένης
1640 5399 1701 5444 ς.
1779 5382 1822 5412 ³⁷
1852 5379 1908 5432 αἱ
1969 5373 2254 5451 ἔκθεσμοιῖ
2283 5372 2388 5451 τάς-
2435 5372 2739 5451 ὲκθέσμους
2927 5369 3189 5451 ἐ’-ἐαυτοῦ
3214 5369 3553 5451 διαχειρισα-

278 5453 451 5522 μένου
485 5469 545 5515 ς.
621 5455 670 5484 ⁸⁸
721 5453 858 5522 πρὸς
892 5443 1100 5516 τούτοις
1155 5455 1220 5505 Α.
1300 5454 1316 5482 ¹
1353 5443 1536 5504 πίστιν
1561 5443 1677 5506 ’καλ
1706 5465 1935 5506 καταστ.
1973 5465 2036 5512 ς.
2110 5443 2627 5518 ίπεριερῤῳμένος
2655 5459 2718 5507 ς.
2793 5444 2815 5472 ³
2849 5443 2998 5512 ὁρμᾷ
3024 5444 3068 5494 Α
3101 5461 3114 5495 ι
3150 5443 3326 5512 τολμᾷ
3383 5460 3444 5506 ς.

1832 5557 2070 5613 ΝΟΤᾸΞ.

347 5689 466 5758 (65)
493 5689 584 5742 τόν
619 5685 822 5741 κανδὺν
851 5686 1311 5759 περιεῤῥιμμένος
1340 5684 1476 5741 Vide
1510 5683 1741 5749 Polluc.,
1773 5679 1926 5753 Bayf.
1972 5688 2024 5736 et
2048 5688 2173 5737 ante
2196 5679 2330 5736 alios
2358 5679 2587 5736 doetiss.
2614 5675 2855 5733 Brisson.
2897 5672 3288 5728 Persicorumt-
3314 5679 3367 5727 et
3398 5687 3482 5726 Ill.
