3942 6234
401 237 514 305 335

1561 225 1824 287 PHOTlI
1846 221 2349 286 PATRIARCH/E
2376 223 2490 289 (ΖΡ.

3575 218 3684 282 336

406 346 608 422 gaudio
664 341 913 416 perfusus
987 341 1056 396 ad
1111 337 1529 396 sacrificandum
1595 338 1701 392 diis
1757 338 1986 405 accedit,

2108 336 2342 391 ἐκώλυε*
2384 337 2664 408 Σόραιχος.
2703 333 2762 389 Ὅ
2804 333 2897 386 δὲδ
2942 331 3162 404 Γάρμος
3193 331 3348 386 Σάκα
3387 329 3688 401 δεξάμενος

410 440 734 511 nuptiasque
758 443 935 507 parat.
973 433 1250 488 Prmeonnis
1303 431 1431 486 item
1479 445 1614 485 voce
1665 431 1866 499 ubique
1910 430 2002 485 de-

409 531 649 588 nuntiari
675 529 851 598 jubet,
893 537 951 580 ut
983 524 1148 580 vincti
1177 538 1371 579 omnes
1402 522 1688 577 solvantur
1713 533 1883 593 atque
1910 523 1997 577 di-

408 623 716 678 mittantur.
759 618 836 674 lta
873 618 1116 684 Sinonis,
1147 632 1267 686 qua:
1293 631 1322 668 a
1358 615 1542 686 Setapi
1566 630 1762 671 servus
1793 618 1844 669 in
1884 616 2000 669 vin-

411 714 532 770 cula
561 713 884 777 ducebatur,
943 710 1160 781 publico
1207 709 1429 764 decreto
1471 708 1670 773 soluta,
1716 723 1782 763 ac
1839 711 2000 762 missa

415 805 556 862 facta
599 813 706 872 est.
757 803 980 858 Damam
1029 809 1294 872 praeterea
1347 799 1522 855 occidi
1550 797 1788 855 Gai-mus
1818 798 1996 870 jubet,

416 898 758 965 traditurque
787 895 861 950 illi
892 895 995 964 ipsi
1031 893 1297 959 carnifici,
1342 907 1505 962 quem
1543 894 1772 962 ipsemet
1821 906 1887 946 ex
1913 906 2003 946 sa-

413 989 638 1047 cerdote
685 988 996 1044 carnificem
1043 985 1266 1041 fecerat.
1318 984 1712 1056 Indignabatur
1769 984 1999 1048 etenim,

415 1080 560 1151 quod
592 1081 734 1147 apud
776 1079 912 1132 alios
947 1075 1264 1138 Rhodanes,
1321 1085 1375 1128 ut
1409 1073 1662 1144 putabat,
1684 1086 1747 1126 ac
1780 1070 2002 1125 Sinonis

415 1171 696 1228 constricti
765 1178 1098 1226 tenerentur.
1160 1166 1341 1221 Damae
1386 1164 1632 1221 succedit
1673 1163 1843 1220 frater
1883 1161 2001 1231 ejus

420 1266 694 1320 Munasus.

478 1527 728 1583 Narratio
742 1525 935 1582 deinde
954 1523 1271 1580 instituitur
1293 1523 1358 1578 de
1393 1521 1652 1577 Berenice
1680 1521 1793 1593 (66)
1828 1519 2001 1594 Egy-

421 1625 654 1690 ptiorum
711 1620 852 1689 regis
913 1619 1041 1685 filia,
1099 1620 1273 1688 deque
1307 1616 1530 1670 immani
1563 1616 1680 1685 ejus
1705 1627 1759 1669 et
1785 1614 2004 1669 infando

2103 429 2340 502 γράμμα
2369 427 2834 500 ὅτιπερῬοόἀνης
2860 426 3236 498 συνείληπται,
3264 427 3360 481 καὶ
3381 425 3534 496 παρὰ
3551 426 3573 456 ⁸
3592 424 3688 478 τοῦ

2104 521 2402 595 χρυσοχόου
2427 519 2512 576 δτι
2541 519 2764 583 Σινωνὶς
2798 517 3001 590 ἔχεται,
3019 518 3210 590 ἔχαιρέ
3228 534 3288 571 τε
3320 517 3415 571 καὶ
3441 516 3570 570 εθυε
3596 516 3691 570 καὶ

2101 619 2229 679 τοὺς
2261 616 2474 685 γάμους
2501 611 2792 684 ἡτοίμαζε,
2825 610 2920 664 καὶ
2949 611 3221 682 κήρυγμα
3270 608 3495 681 ἥπλωτο
3548 625 3690 662 πανο

2101 707 2266 780 ταχοῦ
2297 708 2506 771 πάντας
2543 703 2823 776 δεσμώτας
2872 703 3101 760 λύεσθαι
3132 705 3227 756 καὶ
3257 701 3549 773 ἁφίεσθαι’
3593 701 3691 753 καὶ

2103 801 2328 865 Σινωνὶς
2360 801 2466 854 ὑπὸ
2494 798 2604 853 τῶν
2633 797 2889 868 Σητάπου
2921 795 3273 870 θεραπόντων
3296 794 3518 864 δέσμιος
3556 793 3690 860 ἀγο-

2107 894 2246 965 μένη
2279 891 2357 963 τῷ
2390 891 2556 962 κοινῷ
2578 889 2674 944 τοῦ
2707 887 3068 961 κηρύγματος
3105 885 3294 940 λύεται
3321 886 3417 940 καὶ
3441 884 3685 951 ἀφίεται.

2105 989 2296 1058 Δάμαν
2318 986 2375 1040 δέ
2406 984 2623 1039 κελεύει
2656 983 2874 1056 Γάρμος
2908 979 3285 1053 παραδοθῆναι
3315 978 3557 1049 θανάτῳ,
3592 973 3689 1029 καὶ

2103 1078 2457 1152 παραδίδοται
2487 1075 2670 1147 δημίῳ
2699 1074 2760 1128 ὃν
2786 1073 2950 1136 αὐτὸς
2981 1071 3091 1127 ἀπὸ
3137 1072 3328 1142 ἱερέως
3360 1071 3440 1134 είς
3469 1068 3563 1123 τὸν
3601 1067 3692 1139 δή.

2121 1188 2246 1243 μιον
2277 1171 2648 1242 μετέστησενσ
2697 1168 3049 1238 ἐδυσχέραινε
3088 1165 3148 1219 δέ
3184 1163 3264 1234 τῷ
3293 1164 3453 1235 Δάμᾳ
3487 1164 3518 1215 6
3545 1162 3689 1232 Γάρ-

2111 1283 2235 1337 μος,
2284 1265 2367 1319 ὅτι
2393 1263 2524 1335 παρ’
2554 1260 2735 1325 ἄλλοις
2782 1259 3062 1330 Ῥοδὰνης,
3089 1259 3166 1321 ὡς
3196 1255 3437 1326 ἐνόμιζε,
3472 1255 3567 1308 καὶ
3595 1253 3690 1305 Σι-

2105 1356 2269 1420 νωνὶς
2319 1353 2745 1424 συνεσχέθησαν.
2779 1352 3036 1422 Διάδοχος
3069 1349 3129 1404 δέ
3179 1348 3338 1420 Δάμα
3387 1348 3418 1400 6
3458 1343 3691 1415 ἁδελφὸς

2105 1449 2434 1504 καθίσταται
2462 1445 2733 1508 Μόνασος.

2176 1539 2438 1610 Διάληψις
2471 1538 2600 1610 περὶ
2633 1535 2958 1606 Βερενίκης,
3010 1534 3134 1606 ἥτις
3179 1525 3248 1605 ἦν
3291 1531 3543 1600 θυγάτηρ
3593 1528 3694 1582 τοῦ

2109 1631 2370 1704 βασιλέως
2402 1629 2736 1699 Αίγυπτίων,
2760 1627 2855 1681 καὶ
2883 1626 2995 1680 τῶν
3023 1625 3236 1697 ἀγρίων
3267 1623 3436 1694 αὐτῆς
3475 1621 3572 1676 καὶ
3601 1623 3696 1672 ἐκ·

422 1730 629 1778 amore,
664 1723 832 1782 utque
857 1712 925 1767 ad
960 1711 1118 1782 hujus
1143 1709 1537 1778 Mesopotamia
1578 1707 1905 1778 colloquium
1939 1721 2003 1761 ac

2108 1725 2324 1796 θέσμων
2363 1722 2614 1795 ἐρώτων*
2668 1722 2763 1775 καὶ
2788 1721 2936 1782 ὅπως
2986 1716 3424 1788 Μεσοποταμίᾳτ
3462 1715 3696 1782 ωνεγέο

422 1802 852 1858 familiaritatem
902 1802 1234 1872 pervenerit.
1279 1799 1449 1867 Capta
1498 1799 1683 1866 itaque
1724 1805 1847 1866 post
1889 1797 2003 1852 haec

421 1897 810 1967 Mesopotamia
852 1910 881 1948 a
913 1895 1074 1959 Saca,
1107 1910 1233 1949 cum
1271 1892 1440 1946 fratre
1478 1906 1578 1945 suo
1622 1890 1902 1960 Euphrate
1932 1888 2000 1944 ad

421 1989 680 2046 Garmum
729 1987 1054 2052 adducitur,
1089 1985 1205 2055 qui,
1252 1982 1452 2038 litteris
1491 1981 1759 2036 auril'abri
1802 1982 2004 2035 certior

421 2085 598 2140 factus
650 2081 924 2151 aufugisse
971 2080 1271 2145 Sinonida,
1318 2090 1375 2133 et
1421 2079 1574 2132 illum
1624 2074 1896 2137 interfici,
1949 2084 2004 2129 et

420 2193 611 2232 omnes
640 2177 706 2230 ad
752 2177 893 2230 hanc
944 2175 1395 2237 custodiendam,
1439 2181 1603 2241 atque
1630 2169 2003 2224 adducendam

422 2269 643 2322 lictores
670 2268 894 2329 missos,
921 2281 1026 2318 una
1052 2279 1174 2317 cum
1200 2263 1459 2316 uxoribus
1483 2276 1548 2315 ac
1587 2259 1794 2322 liberis,
1825 2255 2003 2312 defodi

424 2357 771 2428 vivosjubet.
805 2355 973 2411 Canis
1001 2356 1220 2409 interim
1252 2351 1553 2416 Rhodanis,
1580 2349 1870 2421 Hyrcanus
1904 2363 2004 2417 ap-

423 2448 678 2519 pellatus,
711 2446 943 2518 repertis
968 2445 1020 2498 in
1053 2443 1420 2498 abominanda
1453 2443 1548 2498 illo
1577 2443 1880 2498 diversorio
1904 2441 2004 2493 mi-

422 2555 563 2598 serae
589 2539 780 2610 puella:
799 2579 814 2607 ,
843 2553 906 2592 ac
948 2539 1160 2608 perdite
1187 2536 1422 2591 amantis
1465 2535 1605 2590 illius
1631 2543 1794 2604 atque
1821 2533 2003 2589 sicarii

421 2632 928 2703 servit-orporibus,
967 2632 1112 2686 hunc
1151 2631 1384 2702 primum
1410 2629 1656 2696 devorat,
1692 2641 1815 2682 mox
1840 2628 2004 2681 etiam

425 2727 684 2798 paulatim
720 2725 912 2796 puella:
953 2725 1162 2780 viscera
1200 2725 1489 2779 mandebat
1515 2763 1531 2790 ,
1557 2738 1681 2779 cum
1711 2732 1863 2793 pater
1893 2720 2006 2790 ipse

424 2817 704 2875 Sinonidis
756 2820 824 2872 ad
871 2833 994 2886 eum
1027 2831 1245 2886 quoque
1283 2816 1459 2870 locum
1499 2815 1752 2869 accessit.
1807 2815 2006 2883 Agnito

424 2912 591 2982 igitur
618 2909 899 2965 Rbodanis
925 2922 1061 2963 cane
1081 2947 1097 2972 ,
1141 2919 1196 2962 et
1239 2909 1470 2978 puellam
1521 2920 1795 2961 semesam
1827 2904 2007 2958 anim-

425 3005 740 3069 advertetis,
778 3015 970 3058 canem
1003 3001 1160 3070 quasi
1194 2998 1454 3055 Sinonida
1476 3000 1690 3055 ulturus
1718 2999 2002 3062 mactavit,

424 3109 592 3166 seque
619 3094 736 3162 ipse
765 3094 959 3162 laqueo
986 3092 1298 3161 suspendit,
1339 3090 1602 3144 tumulato
1626 3099 1803 3143 tanten
1832 3089 2005 3159 prius,

424 3186 840 3256 compositoque
884 3183 1094 3254 reliquo
1142 3183 1335 3252 puellae
1365 3196 1631 3251 corpore,
1669 3181 1932 3248 inscripto
1977 3193 2010 3234 ο

425 3280 579 3336 canis
601 3277 872 3348 sanguine
932 3276 1108 3342 titulo,
1137 3273 1242 3329 Hic
1279 3277 1380 3329 sita
1410 3285 1484 3329 est
1511 3273 1736 3343 pulchra
1768 3271 2005 3327 Sinonis.

425 3373 790 3426 Accesseruut
819 3369 928 3423 huc
949 3368 1092 3423 forte
1118 3367 1407 3422 Soratcbus
1437 3377 1492 3420 et
1517 3366 1826 3426 Rbodanes,
1865 3366 2009 3420 viso-

424 3475 531 3532 que
563 3460 630 3514 ad
671 3463 939 3515 tumulum
990 3456 1338 3514 interfectum
1373 3473 1600 3524 canem,
1643 3469 1694 3513 et
1726 3457 2007 3512 Sinonidis

425 3562 709 3622 parentem
755 3551 949 3620 laqueo
989 3566 1352 3620 suspensum;
1402 3551 1544 3606 lecto
1597 3551 1786 3604 adhaec
1824 3547 2008 3617 sepul-

427 3647 507 3700 cri
548 3645 705 3699 titulo
734 3683 751 3709 ,
783 3643 1080 3699 Rhodanes
1112 3643 1335 3714 quidem
1372 3643 1609 3712 primum
1673 3642 1870 3696 vulnus
1904 3642 2006 3696 sibi

429 3737 656 3801 inflixit,
711 3752 918 3806 suoque
992 3737 1133 3806 77b
1195 3736 1462 3805 sanguine
1511 3735 1792 3791 Sinonidis
1849 3736 2010 3788 titulo

429 3830 681 3899 ascripsit
719 3847 733 3882 :
796 3830 863 3882 Et
898 3827 1180 3882 Rhodanes
1212 3828 1464 3896 pulcher;
1500 3825 1790 3883 Soraechus
1817 3827 2009 3898 laqueo

428 3931 592 3990 caput
621 3922 871 3976 inseruit.
911 3921 1045 3975 Dum
1073 3934 1255 3975 autem
1294 3920 1542 3974 ultimmu
1571 3921 1860 3974 llbodanes
1892 3919 2010 3973 vul-

430 4029 532 4068 nus
583 4013 786 4068 inferre
821 4015 925 4068 sibi
973 4026 1165 4082 parat,
1212 4028 1341 4067 ecce
1385 4012 1460 4067 ibi
1502 4013 1759 4084 agricola:
1787 4012 1893 4066 ﬁlia
1926 4013 2010 4066 in-

430 4105 577 4175 genti
605 4106 846 4161 clamore
883 4107 1122 4160 accurrit
1151 4125 1164 4160 :
1200 4104 1318 4161 Non
1339 4115 1445 4172 est,
1499 4107 1774 4178 inquiens,
1802 4123 1834 4162 ο
1857 4105 2006 4161 Rho~

430 4201 612 4263 dane,
653 4197 876 4252 Sinonis
905 4212 1025 4266 qua:
1067 4198 1156 4252 hic
1197 4196 1364 4264 jacet.
1411 4195 1522 4252 Nec
1564 4211 1712 4254 mora
1751 4195 2005 4266 laqueum

432 4295 675 4351 Soraechi
736 4293 1048 4361 discindit,
1120 4293 1481 4362 Rhodanique
1533 4292 1769 4363 gladium
1818 4291 2003 4361 eripit.

2104 1835 2246 1872 νετο.
2279 1816 2392 1871 Καὶ
2419 1816 2495 1878 ὡς
2532 1814 2756 1884 ὕστερον
2780 1814 2886 1866 ὑπὸ
2919 1811 3070 1865 Σάκα
3101 1809 3411 1880 συνελήφθη
3440 1809 3698 1862 Μεσοπο-

2102 1907 2300 1979 ταμία,
2339 1907 2437 1960 καὶ
2469 1905 2608 1976 πρὸς
2654 1904 2874 1973 Γὰρμον
2919 1902 3039 1972 ἅμα
3081 1899 3156 1971 τῷ
3185 1898 3398 1970 ἀδελφῷ
3432 1897 3697 1968 Εὐφράτῃ

2103 2000 2398 2067 ἀπάγεται.
2434 1997 2676 2069 Γράμμα
2698 1995 2993 2064 δεξάμενος
3022 1993 3239 2062 Γάρμος
3261 1990 3415 2062 παρὰ
3440 1987 3536 2042 τοῦ
3560 2005 3697 2059 χρυ-

2106 2092 2297 2163 σοχόου
2319 2090 2394 2154 ὡς
2419 2087 2644 2152 Σινωνὶς
2665 2086 3022 2155 διαπέφευγε,
3044 2083 3379 2153 προστάσσει
3402 2080 3613 2134 ἐκεῖνόν
3632 2095 3695 2131 τε

2105 2180 2464 2253 ἀναιρεθῆναι
2493 2181 2590 2233 καὶ
2620 2178 2748 2241 τοὺς
2776 2176 2869 2229 ἐπὶ¹
2902 2174 3117 2246 φυλακῇ
3143 2173 3349 2243 ταύτης
3379 2172 3474 2225 καὶ
3497 2170 3692 2240 ἀγωγῇ

2107 2273 2403 2335 σταλέντας
2466 2271 2660 2332 αὐτοῖς
2696 2267 2914 2338 γυναιξὶ
2949 2265 3046 2320 καὶ¹
3073 2265 3286 2326 τέκνοις
3324 2262 3533 2328 ζῶντας
3561 2277 3697 2315 κατ-

2105 2364 2424 2439 ορυχθῆναι.
2464 2362 2731 2434 Ὑρκανὸς
2761 2359 2909 2414 κύων
2933 2361 2962 2413 6
2991 2357 3085 2411 τοῦ
3103 2357 3405 2419 Ῥοδάνους,
3431 2353 3613 2423 εὑρὼν
3635 2355 3696 2406 ἐν

2105 2457 2300 2528 ἐκείνῳ
2347 2457 2425 2527 τῷ
2469 2451 2827 2523 ἀποτροπαίῳ
2853 2449 3190 2519 καταγωγίῳ
3215 2447 3283 2502 τὰ
3331 2447 3565 2518 σώματα
3593 2446 3696 2516 τῆς

2105 2568 2166 2604 τε
2219 2548 2521 2619 δυστυχοῦς
2557 2547 2730 2617 κόρης
2779 2546 2874 2598 καὶ
2907 2542 3002 2596 τοῦ
3043 2539 3387 2611 παλαμναίου
3436 2539 3532 2592 καὶ
3563 2537 3693 2591 δυσ-

2107 2643 2309 2715 έρωτος
2323 2639 2532 2706 δούλου,
2561 2636 2836 2706 κατέφαγε
2849 2634 3065 2706 πρῶτον
3080 2633 3141 2687 τὸ
3168 2631 3260 2686 τοῦ
3275 2631 3484 2695 δούλου,
3499 2630 3600 2684 ἐπε
3608 2647 3694 2683 ιτα

2105 2734 2250 2791 κατὰ
2278 2733 2474 2805 μικρὸν
2507 2731 2603 2786 καὶ
2631 2731 2730 2801 τῆς
2757 2729 2926 2800 κόρης
2947 2743 2962 2759 ο
2990 2726 3085 2780 καὶ
3122 2727 3410 2795 ἐφίσταται
3438 2723 3518 2794 τῷ
3541 2722 3696 2793 τόπῳ

2106 2831 2134 2883 6
2170 2828 2270 2897 τῆς
2303 2824 2587 2887 Σινωνίδος
2621 2821 2824 2893 πατὴρ,
2871 2820 2970 2874 καλ⁸
2999 2817 3125 2891 [1'56
3156 2815 3262 2888 H.]
3292 2817 3385 2870 τὸν
3430 2815 3569 2869 κύνα
3618 2815 3695 2878 ὡς

2113 2921 2200 2990 εἴη
2244 2919 2526 2980 Ῥοδάνους
2558 2913 2713 2978 εἰδὼς
2739 2914 2836 2968 καὶ
2859 2912 2962 2984 τὴν
2991 2911 3160 2983 κόρην
3186 2909 3504 2981 ἡμίϐρωτον
3541 2905 3690 2973 ίδὼν,

2112 3014 2304 3083 σφάζει
2343 3012 2439 3083 μὲν
2463 3010 2539 3074 ὡς
2567 3009 2660 3063 ἐπὶ
2690 3005 2932 3061 Σινωνίδι
2958 3004 3050 3059 τὸν
3079 3003 3239 3068 κύνα,
3270 3003 3483 3074 ἅναρτᾷ
3509 3001 3569 3055 δέ
3597 3003 3693 3056 καὶ

2111 3107 2304 3164 ἐαυτὸν
2334 3104 2536 3177 βρόχῳ,
2590 3097 2919 3171 καταχώσας
2953 3097 3016 3152 τὸ
3064 3097 3359 3151 ὑπόλοιπον
3390 3096 3491 3167 τῆς
3521 3094 3694 3168 κόρης

2110 3198 2272 3268 σῶμα
2305 3197 2400 3252 καὶ
2426 3192 2738 3264 ἐπιγράψας
2759 3192 2955 3263 αῐματι
2977 3189 3072 3245 τοῦ
3098 3189 3280 3253 κυνός.
3323 3186 3563 3243 Ἐνθάδε
3587 3204 3697 3241 κα·

2108 3292 2375 3347 τάκειται
2413 3287 2667 3354 Σινωνὶς
2707 3288 2746 3355 ἡ
2773 3284 2954 3355 καλή.
2988 3283 3392 3356 Παραγίνονται
3425 3281 3504 3353 τῷ
3541 3282 3696 3352 τόπῳ

2108 3383 2372 3454 Σόραιχος
2403 3380 2500 3433 καὶ
2535 3377 2813 3447 Ῥοδάνης,
2850 3376 2943 3430 καὶ
2968 3375 3060 3430 τόν
3085 3391 3146 3428 τε
3175 3373 3314 3428 κύνα
3340 3373 3694 3443 ἐσφαγμένον

2107 3474 2186 3547 τῷ
2203 3474 2361 3544 τάφῳ
2388 3471 2590 3535 ἰδόντες
2606 3468 2737 3542 [248
2753 3467 2848 3539 R.]
2870 3468 2961 3523 τόν
2981 3481 3038 3522 τε
3058 3466 3271 3539 πατέρα
3290 3467 3390 3538 τῆς
3408 3463 3696 3527 Σινωνίόος

2107 3565 2491 3639 ἀνηρτημένον
2513 3565 2571 3617 τό
2597 3580 2657 3616 τε
2682 3561 2778 3616 τοῦ
2799 3560 2972 3630 τάφου
2993 3560 3347 3632 ἐπίγραμμα,
3377 3561 3406 3613 6
3431 3557 3532 3629 μὲν
3572 3556 3694 3610 Ῥο-

2108 3661 2273 3732 δάνης
2289 3657 2512 3729 πρώτην
2539 3655 2753 3728 πληγὴν
2772 3654 2951 3726 ἐαυτῷ
2973 3652 3287 3721 ἐπενεγκὼν
3303 3651 3654 3722 προσέγραφε
3671 3651 3693 3683 ⁸

2107 3753 2187 3826 τῷ
2225 3753 2338 3823 ἰδίῳ
2363 3750 2557 3821 αἵματι
2591 3750 2684 3804 ἐπὶ
2707 3746 2785 3818 τῷ
2825 3747 2927 3818 τῆς
2947 3745 3230 3810 Σινωνίδος
3272 3745 3688 3816 ἐπιγράμματι.

2113 3845 2222 3902 Καὶ
2267 3843 2551 3911 Ῥοδάνης
2581 3845 2613 3896 ὁ
2644 3841 2852 3906 καλός·
2875 3838 2975 3891 δδέ
2997 3839 3260 3909 Σόραιχος
3283 3835 3461 3908 βρόχῳ
3498 3835 3697 3889 ἐαυτὸν

2110 3939 2364 4010 ἐξῆπτεν.
2425 3937 2514 3989 Ἐν
2540 3926 2585 4000 ᾧ
2633 3933 2689 3987 δέ
2732 3933 2830 3986 κα)⁵
2879 3931 2978 4003 τὴν
3018 3931 3340 3984 τελευταίαν
3395 3927 3610 3998 πληγὴν
3667 3929 3696 3980 6

2119 4028 2375 4097 Ῥοδάνης
2415 4025 2643 4094 ἐπάγειν
2685 4024 2914 4094 ἡρχετο,
2957 4023 2989 4094 ἡ
3021 4021 3117 4075 τοῦ
3149 4018 3400 4091 γεωργοῦ
3444 4020 3699 4091 θυγάτηρ

2109 4122 2382 4176 ἐπιστᾶσα
2412 4119 2556 4190 μέγα
2588 4117 2740 4170 ἐϐόα·
2770 4116 2888 4169 Οὐκ
2933 4115 3050 4168 ἐστι
3083 4115 3330 4178 Σινωνὶς,
3362 4107 3408 4167 ὧ
3443 4113 3695 4182 Ῥοδάνη,

2108 4216 2142 4286 ὴ
2193 4211 2447 4284 κειμένη.
2499 4208 2613 4265 Καὶ
2655 4208 2939 4281 δραμοῦσα
2987 4208 3179 4262 κόπτει
3248 4224 3310 4260 τε
3356 4206 3447 4260 τὸν
3498 4205 3696 4278 βρόχον

2108 4307 2374 4379 Σοραίχου
2425 4304 2521 4358 καὶ
2553 4303 2614 4356 τὸ
2652 4301 2807 4370 ξίφος
2846 4299 3165 4370 ἀφαιρεῖται
3228 4299 3543 4363 Ῥοδάνους,
3599 4298 3698 4353 καὶ

431 4387 570 4444 Hine
613 4387 910 4456 narrando,
937 4403 1058 4458 quae
1079 4386 1286 4443 infelici
1315 4385 1514 4458 puellze
1536 4385 1900 4451 accidissent,
1950 4393 2004 4438 et

2111 4398 2289 4454 πείθει
2319 4396 2495 4469 μόλις,
2536 4394 2916 4465 διηγησαμένη
2945 4392 3016 4446 τά
3041 4409 3103 4445 τε
3133 4390 3266 4462 περὶ
3310 4389 3411 4462 τὴν
3455 4389 3695 4460 δυστυχῆ

430 4481 497 4536 de
521 4495 658 4537 auro
678 4479 918 4546 defosso,
944 4480 1012 4535 ad
1042 4481 1186 4549 quod
1205 4479 1321 4550 ipsa
1339 4480 1712 4548 recipiendum
1741 4481 2004 4542 venisset,

429 4576 520 4630 vix
553 4575 771 4630 tandem
800 4574 1107 4644 persuadet.
1147 4573 1373 4629 Sinonis
1399 4576 1630 4637 interea,
1658 4573 1888 4627 vinculis
1909 4586 2009 4626 ex-

2105 4491 2274 4564 κόρην
2317 4491 2416 4546 καὶ
2447 4489 2580 4562 περὶ
2613 4488 2709 4541 τοῦ
2740 4486 2969 4557 χρυσίου
3011 4483 3110 4538 τοῦ
3144 4481 3651 4554 κατορωρυγμένου
3673 4519 3692 4545 ,

2106 4583 2203 4636 καὶ
2231 4584 2308 4646 ὡς
2336 4583 2429 4635 ἐπὶ
2470 4581 2550 4653 τῷ
2586 4578 2879 4634 ἀναλαϐεῖν
2905 4576 3066 4630 τοῦτο
3103 4577 3250 4648 ἥκοι.
3291 4575 3356 4629 Ἦ
3383 4574 3441 4628 δέ
3469 4573 3698 4636 Σινωνὶς

431 4667 643 4736 pedita,
681 4667 901 4721 domum
928 4664 1064 4736 fugit
1101 4664 1373 4734 agricolae,
1409 4663 1592 4720 furore
1621 4666 1919 4720 etiamnum
1954 4665 2004 4718 in

2108 4673 2445 4728 ἀπολυθεῖσα
2488 4670 2596 4724 τῶν
2641 4668 2857 4740 δεσμῶν
2904 4667 3000 4720 ἐπὶ
3026 4668 3128 4737 τὴν
3169 4665 3352 4720 οίκίαν
3386 4665 3571 4736 ἐφθη⁹
3597 4664 3697 4717 τοῦ

429 4757 548 4826 ejus
581 4757 743 4811 filiam
772 4757 973 4828 agitata
1001 4773 1018 4822 ;
1059 4771 1168 4826 qua
1199 4771 1303 4812 non
1343 4767 1558 4824 reperta
1588 4796 1602 4819 ,
1634 4765 1911 4825 parentem
1943 4757 2004 4811 de

2108 4763 2380 4836 γεωργοῦ,
2405 4763 2488 4816 ἔτι
2511 4761 2655 4816 κατὰ
2680 4764 2780 4832 τῆς
2816 4759 2988 4831 κόρης
3021 4757 3442 4830 ἐπιμαινομένη.
3477 4757 3570 4825 Μὴ
3601 4759 3696 4810 εύ-

429 4865 492 4904 ea
539 4860 942 4919 percunctatur.
983 4851 1077 4905 llle
1108 4853 1252 4906 viam
1290 4861 1559 4907 monstrat
1597 4851 1734 4922 (67),
1766 4861 1823 4904 et
1859 4850 2004 4905 inse-

2113 4858 2284 4931 ροῦσα
2315 4857 2370 4911 δὲ
2401 4855 2572 4927 αὐτὴν
2611 4853 2875 4926 ἐπηρώτα
2901 4851 2994 4905 τὸν
3029 4851 3278 4922 πατέρα·
3307 4853 3336 4904 6
3359 4850 3415 4903 δὲ
3439 4851 3538 4922 τὴν
3573 4851 3697 4905 ὁδὸν

430 4942 614 5013 quitur
647 4941 761 5012 ipsa
805 4943 1000 4998 stricto
1049 4945 1251 5012 gladio.
1295 4942 1366 4999 Ut
1407 4959 1538 4998 vero
1573 4944 1640 4998 ad
1683 4943 2004 4998 Rhodanem

2113 4949 2338 5020 ἔφραζε,
2373 4950 2467 5002 καὶ
2503 4947 2645 5018 αὑτὴ
2676 4947 2901 5001 ἐδίωκεν
2933 4944 3130 5009 ὀπίσω,
3157 4941 3494 5014 γυμνώσασα
3531 4943 3697 5008 165(-

431 5044 766 5105 prostratum
795 5037 1062 5104 pervenit,
1097 5037 1354 5106 illamque
1376 5035 1588 5107 [rustici
1616 5033 1800 5090 filiam'
1832 5036 2003 5090 solam

2111 5060 2234 5112 φος.
2267 5044 2358 5108 Ὠς
2386 5043 2444 5097 δέ
2473 5040 2774 5096 κατέλαϐεν
2805 5037 3142 5111 ἐρριμμένον
3165 5037 3265 5108 μὲν
3281 5035 3373 5091 τὸν
3413 5036 3693 5106 Ῥοδάνην,

429 5129 795 5196 assidentem,
823 5139 879 5184 et
910 5130 1150 5200 pectoris
1193 5131 1386 5186 vulnus
1412 5127 1850 5201 refrigerantetn,
1877 5127 2004 5200 (So-

2112 5135 2328 5204 ἐκείνην
2365 5135 2422 5188 δὲ
2459 5134 2628 5206 μόνην
2674 5129 3213 5204 παρακαθημένην¹⁰
3245 5127 3342 5182 καὶ
3371 5129 3436 5182 τδ
3469 5126 3696 5200 τραῦμα

1700 5265 1942 5322 νΑιιιΑι
1968 5233 2391 5324 ἰεοτιοΝΕε.

503 5367 794 5420 δὲκώλυσε
822 5385 882 5432 ς.
962 5367 1116 5421 ’ὁδὲ
1149 5382 1261 5420 nm.
1331 5367 1397 5419 A.
1471 5365 1754 5437 frmpciA
1809 5383 1824 5420 :
1886 5368 2013 5436 περὶ
2076 5384 2138 5430 ς’.
2218 5369 2238 5400 ’⁷
2280 5385 2478 5437 μεσοπ.
2541 5384 2602 5420 τε
2653 5367 2964 5436 συνεγίνετο
3003 5365 3070 5420 Α.

427 5439 448 5468 θ
481 5437 638 5507 ἔφθη.
673 5443 710 5491 Α
741 5458 753 5492 :
783 5439 951 5506 ἔφυγε
995 5456 1054 5502 ς.
1136 5439 1178 5469 ¹⁰
1232 5435 1702 5508 παρακαθημένην
1743 5437 1788 5489 A
1822 5454 1836 5490 ;
1870 5435 2374 5510 παραμυθουμένην
2412 5455 2470 5502 ς.

1971 5529 2187 5586 NOTAE

454 5693 465 5703 _
505 5622 611 5703 ili-ﬁ)
657 5623 736 5703 O‘h
763 5624 1056 5703 Berenicen
1088 5623 1256 5703 illam,
1281 5622 1638 5703 c.o_m:egratia
1671 5633 1942 5703 cantatam
1975 5641 2005 5703 a
2117 5632 2476 5703 assumptum:

427 5691 768 5749 Callimacho
806 5705 969 5764 atque
1002 5694 1234 5760 Catullo,
1274 5691 1488 5749 videtur
1512 5694 1600 5749 hic
1635 5708 1828 5750 nomen
1865 5695 1995 5750 illud

2177 5691 2426 5766 (ϋηΡΓυ
2457 5691 2697 5764 ἐφρειξε,
2729 5707 2932 5762 repono
2963 5691 3189 5763 ἔφραζε.

3183 5364 3206 5396 ⁸
3246 5361 3604 5434 προσέγραψε
3622 5377 3684 5428 ς.
