3942 6234
230 425 335 489 337

1326 422 1854 484 BlBLIOTHECA.
1892 444 1964 457 --
1993 423 2158 484 COD.
2200 423 2399 486 XCIV.

3387 424 3493 486 338

225 534 324 587 τοῦ
361 531 594 599 στήθους
638 531 1073 604 παραψήχουσαν
1098 531 1140 562 ¹¹
1182 528 1232 600 (ὁ
1278 531 1540 603 Σάραιχος
1570 531 1680 603 γάρ
1719 531 1813 584 ἐπὶ

1935 533 2132 588 "accitus
2162 533 2308 588 enim
2351 532 2621 587 medtcttm
2665 531 2995 588 accersitum
3030 531 3192 605 ierat)
3223 532 3409 589 furore
3434 546 3491 589 et

230 626 463 699 ζήτησιν
512 623 702 695 ίατροῦ
752 623 896 696 ἐξῄει
920 624 962 696 ),
1015 624 1185 694 ὀργῆς
1217 642 1276 677 τε
1337 624 1431 678 καὶ
1484 624 1812 695 ζηλοτυπίας

234 718 436 787 μάλλον
464 716 809 787 ἐμπίπλαται
842 717 938 771 καὶ
966 718 1112 789 ὁρμᾷ
1142 716 1283 771 κατὰ
1308 717 1406 787 τῆς
1436 718 1621 788 κόρης.
1671 718 1729 771 '0
1754 718 1812 771 δὲ

241 812 504 883 Ῥοδάνης
533 810 638 865 ὑπὸ
665 814 764 881 τῆς
791 810 911 881 βίας
940 810 1207 882 κρείττων
1235 808 1333 863 τοῦ
1362 810 1679 882 τραύματος
1722 828 1814 879 γε·

228 901 408 969 γονὼς
457 903 673 971 ὑπήντα
724 902 821 955 καὶ
866 901 1072 956 ἐκώλυε
1108 901 1208 971 τὴν
1236 900 1529 965 Σινωνίδα,
1569 900 1630 953 τὸ
1661 900 1814 968 ξίφος

229 995 492 1063 ἁρπάσας
538 995 632 1047 ἀπ’
663 992 853 1061 αὐτῆς.
906 994 973 1047 Ἦ
1019 993 1076 1046 δὲ
1123 993 1216 1046 ὐπ’
1242 993 1411 1064 ὀργῆς
1458 991 1814 1064 ἐκπηδήσασα

229 1084 325 1138 τοῦ
379 1086 754 1155 καταγωγίου,
816 1086 907 1139 καὶ
958 1085 1144 1157 δρόμῳ
1196 1086 1455 1157 χρωμένη
1530 1085 1812 1156 μανιώδει,

228 1176 389 1229 τοῦτο
412 1176 547 1248 πρὸς
565 1176 816 1248 Ἰνοδάνην
838 1176 1065 1231 εἰποῦσα
1091 1177 1363 1250 ἀπέρριψε
1392 1178 1572 1248 μόνον·
1603 1196 1622 1230 t
1651 1178 1814 1231 Καλῶ

233 1283 292 1319 σε
328 1268 572 1337 σήμερον
607 1268 685 1331 είς
714 1269 841 1331 τοὺς
874 1267 1097 1339 Γάρμου
1136 1268 1368 1338 γάμους.
1415 1288 1432 1320 t
1467 1269 1724 1340 Σόραιχος
1755 1268 1813 1322 δὲ

231 1358 708 1427 παραγενόμενος,
760 1359 854 1410 καὶ
892 1357 1080 1428 μαθὼν
1113 1357 1350 1422 ἅπαντα,
1376 1360 1683 1430 παρηγορεῖ
1719 1359 1816 1428 μὲν

238 1442 529 1523 Ῥοδάνην,
572 1451 668 1506 καὶ⁵
720 1450 1100 1521 ίατρεύσαντες
1146 1450 1206 1504 τὸ
1244 1448 1469 1521 τραῦμα
1521 1449 1815 1506 ἀπολύουσι

233 1543 376 1613 μετὰ
412 1543 528 1597 τῶν
556 1544 856 1615 χρημάτων
884 1542 980 1613 τὴν
1007 1541 1176 1613 κόρην
1212 1543 1348 1612 πρὸς
1372 1542 1465 1595 τὸν
1497 1544 1731 1614 πατέρα.

301 1636 543 1702 Ἀγεται
570 1634 709 1706 πρὸς
739 1633 961 1704 Γάρμον
984 1632 1276 1703 Εὐφράτης
1300 1632 1375 1694 ὡς
1412 1631 1689 1703 Ῥοδάνης,
1721 1634 1818 1686 καὶ

229 1728 303 1792 ὡς
326 1725 559 1790 Σινωνὶς
591 1724 1020 1793 Μεσοποταμίαο
1059 1723 1253 1792 ἄγεται
1285 1724 1380 1778 καὶ
1422 1723 1683 1794 Σόραιχος
1721 1723 1817 1777 καὶ

1917 623 2186 695 zelotypia
2232 624 2407 693 magis
2459 623 2679 678 incensa
2702 662 2718 688 ,
2764 622 2819 678 in
2847 624 3103 694 -puellam
3133 639 3256 681 cum
3284 625 3489 695 impettt

1914 719 2042 774 ruit.
2096 718 2167 773 At
2217 716 2548 782 Rbodanes,
2591 704 2839 773 collectis
2893 718 2957 773 ad
2999 733 3119 773 eam
3174 718 3489 774 violentiam

1914 812 2160 866 nonnihil
2195 826 2226 866 a
2258 810 2486 867 vulnere
2506 811 2747 875 viribus,
2777 813 3018 866 accurrit
3043 854 3058 878 ,
3090 813 3394 882 avertitque
3422 811 3491 866 ab

1914 903 2003 958 illa
2039 902 2300 958 Sinonida
2322 944 2338 969 ,
2371 911 2429 959 et
2454 902 2661 957 ferrum
2699 902 2920 972 eripuit.
2950 903 3043 957 Illa
3078 903 3242 972 igitur
3267 920 3378 973 pra;
3408 903 3490 958 ira

1914 994 2188 1049 domicilio
2208 995 2490 1061 exsiliens,
2516 1003 2569 1050 et
2612 993 2902 1050 furibunda
2951 1010 3310 1065 procurrens,
3342 995 3490 1050 Rho-

1918 1088 2041 1142 dani
2091 1095 2298 1142 tantum
2362 1087 2465 1143 hoc
2508 1086 2773 1158 objiciens
2818 1089 2957 1142 dixit
3002 1104 3016 1141 :
3074 1088 3293 1143 tiiodie
3332 1098 3383 1144 te
3423 1090 3489 1142 ad

1915 1180 2099 1235 Garmi
2150 1181 2366 1251 nuptias
2404 1180 2596 1235 invito.
2638 1199 2657 1231 ι
2710 1179 3003 1236 Soraechus
3047 1180 3168 1235 dein
3213 1196 3486 1243 reversus.

1915 1283 1970 1329 et
2008 1288 2065 1327 re
2097 1273 2244 1327 omni
2275 1272 2514 1339 cognita,
2544 1270 2864 1326 Rhodauem
2897 1269 3244 1339 consolatur;
3275 1280 3492 1325 curata—

1917 1366 2035 1433 quel
2061 1365 2244 1433 plaga,
2284 1378 2406 1417 cum
2454 1362 2683 1433 pecunia
2719 1362 2950 1431 puellam
2993 1361 3059 1415 ad
3109 1372 3385 1430 parentem
3419 1377 3495 1417 re-

1920 1456 2163 1510 tuittuut.

1989 1641 2197 1696 Interea
2215 1638 2519 1709 Euphrates
2539 1638 2603 1693 ad
2625 1637 2884 1693 Garmum
2905 1638 3142 1702 ducitur,
3161 1638 3313 1707 quasi
3351 1637 3496 1692 llhon

1920 1733 2091 1788 danes
2118 1739 2282 1796 esset,
2313 1738 2369 1785 et
2397 1745 2496 1797 pro
2540 1728 2801 1785 Sinonide
2836 1730 3243 1797 Mesopotamia.
3279 1729 3501 1784 Ducitur

228 1821 256 1871 ὀ
288 1818 501 1888 ἀληθὴς
540 1817 816 1887 Ῥοδάνης.
862 1818 970 1870 Καὶ
1008 1814 1258 1883 διαγνοὺς
1281 1816 1310 1868 ὁ
1332 1814 1370 1869 Γ
1375 1814 1550 1885 άρμος
1581 1816 1654 1886 μὴ
1677 1811 1815 1870 εἶναι

1935 1833 1977 1877 3t
2029 1822 2338 1886 Soraacltus,
2385 1836 2655 1890 verusque
2693 1821 3003 1876 Rhodanes.
3048 1819 3249 1875 Verum
3284 1823 3501 1892 cognito

230 1884 499 1965 Σινωνῐδα
547 1910 645 1980 τὴν
688 1884 1119 1977 Μεσοποταμίαν
1144 1948 1159 1970 ,
1192 1907 1375 1960 δίδωσι
1406 1908 1623 1980 Ζοδάρᾳ
1644 1884 1813 1979 παρὰ

1935 1913 2148 1969 .‘uarmus
2193 1912 2634 1982 Mesopotamiam
2688 1928 2794 1966 nou
2838 1927 2960 1967 esse
2988 1927 3170 1967 veram
3214 1910 3498 1975 Sinonida,

230 2006 481 2072 ποταμὸν
532 2003 823 2074 Εὐφράτην
867 2001 1253 2073 καρατομῆσαι
1279 2001 1343 2064 η,
1378 2001 1464 2055 ἵνα
1506 2003 1611 2073 μὴ,
1644 2007 1811 2072 φησὶ,

1935 2006 2141 2061 Lobarae
2168 2022 2287 2060 eam
2321 2006 2563 2068 tradidit,
2605 2006 2670 2058 ad
2708 2004 3033 2074 Euphratem
3070 2006 3292 2059 ﬂuvium
3314 2006 3500 2075 capite

231 2097 326 2150 καὶ
356 2096 527 2165 ἑτέρα
561 2112 644 2157 τις
672 2093 766 2147 τοῦ
796 2093 896 2161 τῆς
934 2092 1218 2156 Σινωνίδος
1252 2093 1586 2164 ἐπιδατεύσῃ
1620 2093 1817 2164 ὀνόμα-

1935 2099 2291 2159 t-ttttcandam.
2325 2114 2390 2151 ne
2414 2113 2540 2167 qua,
2585 2098 2779 2166 inquit,
2820 2097 2921 2150 alia
2969 2097 3247 2152 Siuonidis
3282 2113 3501 2159 nctnen,

229 2206 341 2250 τος.
392 2186 454 2240 '0
499 2185 558 2238 δὲ
593 2184 840 2255 Ζοῦάρας
889 2183 997 2238 ἀπὸ
1027 2186 1209 2254 πηγῆς
1240 2184 1509 2254 ἐρωτικῆς
1554 2184 1693 2241 πιὼν
1725 2188 1818 2239 καὶ

1935 2186 2033 2254 ejus
2050 2188 2315 2256 exemplo,
2334 2186 2470 2240 falso
2487 2198 2728 2255 usurpet.
2750 2186 2988 2242 Zobaras
3005 2197 3180 2243 tamen
3199 2188 3503 2258 Mesopota-

232 2281 305 2350 τῷ
348 2276 782 2347 Μεσοποταμίας
818 2275 982 2346 ἔρωτι
1034 2274 1246 2345 σχεθεὶς
1272 2276 1338 2341 ³³,
1376 2273 1539 2340 σώζει
1588 2294 1648 2330 τε
1684 2278 1818 2330 ταύ-

1938 2281 2041 2334 uia:
2103 2279 2218 2349 (68)
2266 2294 2555 2349 possessus
2611 2295 2817 2344 amore,
2869 2281 3110 2334 servavit
3162 2295 3304 2348 eam,
3336 2290 3391 2333 et
3436 2280 3499 2332 ad

230 2390 330 2442 την
353 2371 422 2437 η,
457 2370 557 2424 καὶ
582 2368 718 2439 πρὸς
756 2366 1055 2438 Βερενίκην
1086 2366 1400 2435 Αἰγυπτίων
1431 2367 1557 2440 ήδη,
1590 2367 1685 2422 άτε
1722 2368 1817 2423 τοῦ

1935 2370 2215 2426 Berenicen
2270 2368 2512 2441 Egypti,
2555 2369 2663 2438 jam
2712 2381 2867 2437 patre
2913 2371 3204 2435 exstincto,
3259 2371 3501 2437 reginam

233 2464 444 2532 πατρὸς
485 2461 930 2532 τελευτήσαντος,
979 2458 1391 2529 βασιλεύουσαν,
1424 2460 1483 2526 ἐξ
1518 2455 1585 2533 ἧς
1613 2456 1682 2533 ἦν
1724 2462 1821 2515 καὶ

1938 2464 2061 2517 lude
2100 2463 2212 2531 ipse
2241 2462 2371 2516 olim
2418 2464 2687 2517 abductus
2724 2462 2921 2526 fuerat,
2954 2464 3193 2529 adducit,
3229 2472 3284 2517 et
3333 2459 3505 2515 Meso-

232 2555 599 2625 ἀφελόμενος,
659 2552 817 2621 ἄγει·
878 2550 977 2605 καὶ
1039 2550 1252 2622 γάμους
1308 2552 1739 2622 Μεσοποταμίας
1784 2556 1818 2621 ή

1935 2556 2174 2626 potantia:
2203 2556 2418 2624 nuptias
2444 2554 2702 2609 Berenice
2731 2555 2883 2610 facit.
2917 2558 3032 2620 Qua
3056 2555 3221 2610 etiam
3250 2555 3317 2609 de
3343 2569 3502 2608 causa

234 2648 507 2720 Βερενίκη
536 2647 796 2709 ποιεῖται,
821 2644 917 2697 καὶ
939 2643 1172 2714 πόλεμος
1203 2643 1273 2698 δι’
1302 2644 1472 2715 αὐτὴν
1501 2646 1707 2718 Γάρμῳ
1729 2648 1824 2700 καὶ

1935 2649 2121 2703 nclium
2177 2648 2410 2703 invier
2470 2646 2707 2703 Garmus
2780 2654 2835 2702 et
2912 2646 3173 2702 Berenice
3234 2647 3522 2702 minantur.

234 2739 509 2811 Βερενίκῃ
536 2736 913 2793 διαπειλείται.
944 2737 1235 2807 Εὐφράτης
1280 2736 1337 2791 δὲ
1367 2738 1716 2808 παραδίδοται
1746 2739 1825 2810 τῷ

1935 2742 2231 2810 Euphrates
2283 2743 2413 2797 item
2454 2741 2665 2811 parenti
2699 2756 2818 2805 suo,
2869 2752 2929 2794 ttt
2968 2740 3229 2804 carniﬁci,
3280 2740 3507 2794 traditus

238 2831 412 2902 πατρὶ
439 2830 520 2894 ὡς
548 2829 748 2900 δημίῳ,
779 2829 875 2882 καὶ
899 2826 1267 2896 ἀναγνωσθεὶς
1292 2825 1542 2893 σώζεται,
1572 2828 1664 2881 καὶ
1689 2829 1828 2899 πλη-

242 2925 326 2993 ροῖ
356 2923 462 2993 μὲν
491 2922 657 2985 αὐτὸς
706 2920 776 2974 τά
819 2919 912 2973 τού
957 2919 1162 2990 πατρὸς
1190 2922 1363 2991 ἔργα,
1398 2922 1426 2974 ὀ
1465 2922 1521 2975 δὲ
1552 2922 1736 2993 πατὴρ
1766 2923 1828 2975 οὐ

245 3016 529 3087 μιαίνεται
573 3016 686 3077 τοῖς
716 3011 1017 3085 ἀνθρώπων
1055 3014 1283 3083 αϊμασιν
1305 3030 1319 3045 ο
1364 3014 1590 3085 ὕστερον
1618 3015 1706 3079 δὲ,
1756 2998 1831 3081 ὦς

243 3110 334 3165 τοῦ
370 3109 579 3179 δημίου
620 3107 788 3176 κόρη,
824 3106 1219 3177 ἐξέρχεται.τοῦ
1246 3108 1544 3177 οἰκήματος
1573 3110 1667 3162 καὶ
1711 3109 1831 3163 δια-

1928 2846 2090 2905 atque
2128 2834 2362 2903 agnitus,
2397 2843 2649 2888 servatur
2683 2849 2696 2885 :
2738 2844 2791 2887 et
2844 2834 3084 2903 parentis
3118 2832 3292 2888 ofﬁcio
3335 2833 3507 2900 iungi-

1933 2938 2043 2991 tur,
2081 2928 2152 2981 ita
2179 2942 2238 2981 se
2258 2927 2494 2981 humano
2516 2926 2662 2980 nullo
2687 2926 2952 2995 sanguine
2982 2936 3135 2996 pater
3154 2925 3505 2980 contaminat.

1935 3020 2064 3075 Post
2115 3030 2320 3083 tamen,
2353 3029 2409 3073 ut
2437 3018 2711 3074 carniﬁcis
2739 3019 2829 3075 ille
2868 3019 2975 3073 ﬁlia
2997 3034 3027 3073 e
3058 3034 3278 3074 carcere
3326 3033 3511 3087 egres-

1934 3130 2051 3178 sus,
2108 3113 2245 3166 liber
2295 3113 2489 3167 evasit.
2539 3113 2695 3183 78a
2741 3112 2938 3166 Ibidem
2989 3121 3045 3167 et
3119 3112 3186 3167 de
3238 3110 3512 3167 carniﬁcis

247 3200 511 3263 σώζεται.
574 3198 664 3251 Ἐν
701 3191 746 3266 ᾧ
776 3198 871 3251 καὶ
912 3198 1040 3268 περὶ
1086 3198 1187 3266 τῆς
1238 3198 1710 3269 συγκαθευδούσης
1752 3199 1828 3270 τῷ

1935 3205 2261 3272 concubina,
2334 3205 2557 3273 ejusque
2623 3204 2826 3273 legibus
2874 3220 2939 3259 ac
2999 3203 3260 3269 moribus,
3332 3210 3388 3256 et
3450 3209 3514 3253 ut

245 3292 449 3363 δημίῳ,
479 3290 555 3345 τά
584 3305 644 3343 τε
692 3289 822 3356 περὶ
858 3288 1030 3360 αὐτὴν
1069 3288 1237 3358 ἐθιμά
1262 3305 1320 3341 τε
1354 3290 1447 3341 καὶ
1475 3288 1704 3360 νόμιμα,
1738 3293 1828 3344 καὶ

1938 3296 2124 3351 rustici
2162 3295 2291 3358 ﬁlia,
2322 3305 2671 3364 posteaquam
2704 3293 2946 3360 Sinonis,
2978 3294 3088 3364 regi
3114 3293 3283 3365 Syria:
3321 3300 3510 3360 nupta,

247 3386 376 3455 περὶ
425 3382 530 3451 τῆς
575 3380 673 3434 τοῦ
726 3379 973 3452 γεωργοῦ
1022 3380 1322 3451 θυγατρὸς,
1372 3378 1498 3453 [157
1542 3381 1635 3454 Η.]
1686 3382 1835 3446 ὅπως

249 3479 605 3539 ἀνάσπαστος
628 3476 857 3543 γίνεται,
879 3473 999 3527 ἐπεὶ
1025 3472 1250 3536 Σινωνὶς
1271 3470 1349 3542 τῷ
1396 3473 1597 3543 Συρίας
1629 3474 1839 3543 βασιλεῖ

250 3569 575 3640 γαμηθεῖσα
604 3568 765 3639 ἔσχεν
810 3566 962 3638 ἰσχὺν
989 3566 1090 3639 τὴν
1118 3565 1292 3638 ὀργὴν
1317 3567 1404 3620 ἐπ’
1442 3567 1580 3637 αὐτῇ
1616 3566 1841 3638 πληρῶ-

250 3682 341 3717 σαι
363 3664 444 3695 ²⁸’
494 3661 595 3716 καὶ
633 3661 710 3724 ὡς
746 3660 927 3731 δημίῳ
957 3660 1162 3731 ταύτην
1196 3658 1586 3728 συγκαθεύδειν
1614 3660 1839 3714 καταδι-

253 3754 451 3817 κάζεν
484 3756 585 3810 καὶ
625 3755 710 3807 ὃτι
753 3752 1214 3824 συνεκαθεύδησεν
1263 3754 1321 3805 ὲν
1349 3750 1428 3823 τῷ
1479 3752 1589 3807 τῶν
1631 3752 1842 3823 δημίων

252 3848 603 3919 περιϐόλῳ¹⁶
643 3845 960 3900 εἰσελθοῦσα
1016 3843 1095 3914 τῷ
1137 3844 1421 3916 Εὐφράτῃ,
1477 3843 1537 3908 ὃς
1582 3848 1677 3898 καὶ
1726 3845 1841 3899 ἀντ’

254 3939 425 4008 αὐτῆς
477 3938 562 3999 εἰς
608 3936 670 3989 τὸ
698 3935 915 4005 ἐκείνης
962 3934 1252 4006 πρόσωπον
1299 3934 1619 4007 ὐποκριθεὶς
1652 3934 1842 4006 ἐξῆλθε

256 4029 345 4083 τοῦ
377 4029 676 4100 περιϐόλου
695 4068 710 4092 ,
738 4026 833 4080 καὶ
855 4025 1038 4095 ἐκείνη
1072 4026 1191 4079 ἀντὶ
1220 4025 1315 4080 τοῦ
1349 4027 1633 4096 Εὐφράτου
1659 4028 1722 4081 τὸ
1750 4027 1843 4097 ἐρ-

259 4140 349 4189 γον
379 4121 629 4193 ἔπραττε
672 4119 769 4173 τοῦ
807 4118 1025 4190 δημίου.
1072 4118 1183 4171 Kal
1205 4119 1377 4174 ταῦτα
1420 4120 1519 4189 μὲν
1547 4112 1648 4173 ὦδε
1678 4119 1847 4189 προῠ·

262 4214 435 4275 ὃαινε,
471 4211 838 4281 παραδίδοται
880 4212 938 4266 δὲ
970 4212 1065 4267 καὶ
1090 4212 1134 4243 ¹⁷
1179 4211 1441 4280 Σόραιχος
1470 4211 1564 4261 ἐπὶ
1607 4209 1685 4279 τῷ
1714 4210 1847 4262 ἁνα-

260 4305 680 4376 σταυρωθῆναι·
709 4305 738 4356 ὁ
767 4305 822 4357 δὲ
856 4304 1019 4368 τόπος
1047 4303 1275 4373 ὥριστο,
1300 4302 1429 4354 ἔνθα
1470 4301 1727 4371 Ῥοδάνης
1754 4301 1848 4354 καὶ

262 4399 483 4461 Σινωνὶς
510 4397 585 4450 τὰ
610 4398 806 4467 πρῶτα
831 4395 1141 4468 ηὐλίσαντο,
1174 4396 1231 4447 ἐν
1250 4392 1327 4463 τῷ
1354 4392 1577 4464 λειμῶνι
1602 4391 1731 4464 [249
1755 4390 1845 4463 Ιὶ.]

264 4490 356 4541 καὶ
380 4491 439 4543 ὲν
481 4490 553 4559 τῇ
584 4490 761 4557 πηγῇ,
789 4489 847 4539 ὲν
875 4482 954 4549 οἷς
994 4485 1092 4538 καὶ
1116 4485 1196 4553 τῷ
1249 4483 1489 4536 Ῥοδάνει
1513 4482 1573 4535 τὸ
1602 4499 1848 4553 κεκρυμ-

1938 3389 2034 3444 ira;
2074 3387 2410 3443 vindicandae
2454 3394 2774 3456 potestatem
2831 3396 2991 3441 nacta
3033 3394 3137 3450 est,
3179 3385 3231 3439 vi
3291 3384 3512 3450 abrepta

1938 3478 2128 3541 iuerit,
2157 3486 2322 3546 atque
2359 3476 2612 3530 damnata
2645 3477 2711 3530 ad
2734 3473 3201 3531 concumbendum
3239 3490 3360 3530 cum
3395 3489 3517 3529 car-

1941 3569 2119 3625 nilice.
2172 3568 2397 3637 Septum
2457 3566 2641 3636 itaque
2698 3566 3015 3621 carniﬁcum
3062 3566 3345 3629 iutroiens,
3390 3580 3513 3620 cum

1944 3661 2214 3729 Euphrate
2235 3674 2527 3727 congressa
2548 3668 2634 3714 est
2665 3676 2679 3713 :
2709 3659 2802 3730 qui
2835 3658 2950 3726 ejus
2972 3672 3263 3728 personam
3304 3658 3514 3727 ﬁngens

1943 3767 2040 3822 pro
2088 3752 2201 3822 ipsa
2237 3765 2267 3805 e
2296 3762 2449 3819 septo
2471 3750 2771 3821 egreditur,
2806 3758 2861 3804 et
2896 3749 2983 3803 illa
3017 3748 3254 3803 vicisstm
3288 3763 3383 3814 pro
3408 3748 3526 3801 Eu-'

1943 3844 2137 3913 pltrate
2185 3843 2392 3897 lictoris
2425 3856 2647 3897 munere
2671 3834 2877 3896 'l'ttncta
2906 3848 3009 3896 est.
3050 3839 3117 3894 Et
3139 3840 3255 3894 hac
3300 3837 3516 3909 quidem

1946 3937 2018 3989 ita
2052 3944 2221 4006 gesta.
2270 3935 2552 3989 Sora'cltus
2592 3946 2770 3989 autem
2790 3934 2936 3988 cruci
2979 3931 3273 4002 aliigendus
3301 3929 3520 3983 damna-

1948 4036 2056 4092 tur,
2100 4026 2353 4092 locusque
2393 4025 2647 4079 deﬁnitttr
2704 4024 2794 4079 ubi
2853 4023 3148 4079 Rhodanes
3206 4030 3261 4077 et
3304 4019 3521 4076 Sinonis

1948 4116 2205 4185 boSpitati
2272 4114 2505 4184 primum
2559 4113 2821 4181 fuerant,
2876 4116 2928 4168 in
2970 4122 3125 4184 prato
3165 4111 3304 4180 illo,
3361 4121 3523 4180 atque

1946 4211 2013 4263 ad
2070 4209 2326 4272 fontem,
2392 4205 2591 4276 quibus
2638 4207 2804 4261 etiam
2866 4206 2919 4260 in
2974 4206 3111 4261 locis
3164 4214 3324 4260 antea
3378 4201 3524 4257 Rho-

1949 4298 2117 4353 danes
2158 4300 2272 4353 auri
2324 4297 2639 4352 thesaurum
2686 4296 3141 4364 deprehenderat,
3187 4309 3347 4365 quem
3377 4306 3522 4347 nunc
3604 4331 3608 4335 ι

1949 4405 2163 4461 quoque
2208 4387 2497 4455 Soraeclto,
2547 4388 2614 4442 ad
2658 4388 2959 4455 patibulum
2998 4388 3191 4451 ducto,
3244 4383 3522 4441 indicavit.

1952 4485 2243 4538 Alanorum
2288 4492 2402 4537 tum
2445 4480 2583 4535 forte
2622 4481 2920 4544 exercitus,
2948 4478 3203 4533 mercede
3254 4491 3285 4530 a
3325 4475 3527 4530 Garmo

269 4579 425 4647 μένον
452 4579 790 4647 ἐπεφώρατο
829 4576 1073 4648 χρυσίον,
1103 4574 1132 4628 ὃ
1162 4575 1253 4629 καὶ
1280 4573 1611 4644 ἀπαγομένῳ
1642 4574 1732 4627 ἐπὶ
1758 4573 1828 4626 τὺε

1955 4572 2257 4637 fraudatus,
2298 4579 2350 4626 et
2384 4568 2653 4625 hostiliter
2681 4569 2734 4624 in
2768 4585 2891 4625 eum
2926 4569 3221 4634 animatus,
3244 4566 3433 4622 eodem
3470 4564 3526 4617 in

244 4670 500 4745 σταυρὸν
564 4669 815 4739 Σοραίχῳ
869 4667 1085 4738 μηνύει.
1152 4666 1265 4719 Καὶ
1329 4664 1566 4718 Ἀλανῶν
1625 4666 1851 4736 στρατὸς

267 4761 575 4831 ἀπόμισθος
621 4760 831 4832 Γάρμῳ
866 4757 1102 4827 γεγονὼς
1132 4757 1227 4811 καὶ
1255 4755 1692 4827 ἀπεχθανόμενοι
1726 4757 1855 4826 περὶ

271 4852 359 4903 τὸν
389 4852 593 4922 χῶρον,
621 4851 682 4904 ὲν
716 4844 763 4919 ᾧ
808 4850 1067 4922 Σόραιχος
1095 4847 1319 4917 ἔμελλεν
1359 4845 1851 4917 ἀνασταυροῦσθαι,

1950 4665 2099 4729 loco,
2132 4664 2223 4717 ubi
2262 4665 2412 4718 cruci
2442 4661 2741 4730 afﬁgendus
2780 4670 2899 4717 erat
2938 4658 3265 4723 Soraechus,
3334 4670 3523 4711 conse-

1953 4758 2129 4811 derat.
2153 4754 2253 4810 Hic
2268 4752 2607 4817 Sorazchum,
2639 4752 2811 4821 pulsis
2849 4751 2916 4806 iis
2945 4753 3036 4819 qtti
3060 4765 3181 4805 eum
3205 4749 3272 4803 ad
3298 4758 3528 4804 mortem

1956 4846 2263 4909 ducebant,
2307 4843 2576 4897 liberavit.
2614 4840 2704 4895 llle
2745 4857 2901 4905 vero,
2930 4848 3151 4909 reperto
3190 4839 3333 4909 quod
3385 4852 3533 4891 mou-

270 4940 676 5011 διατρίϐουσιν·
737 4940 787 4994 οἳ
834 4942 930 4995 καὶ
979 4939 1348 5003 ἀπελάσαντες
1404 4940 1531 5000 τοὺς
1591 4938 1828 5008 Σόραιχο⁴

1958 4947 2189 4993 stratum
2226 4945 2345 4990 erat
2368 4976 2383 4996 .
2421 4950 2553 4988 auro
2576 4975 2592 5000 ,
2634 4942 2794 5002 atque
2838 4944 2955 4988 arte
2990 4933 3223 5002 quadam
3262 4939 3319 4986 et
3346 4940 3469 4985 astu
3501 4943 3534 4983 e

273 5032 503 5098 ἄγοντας
549 5032 771 5087 ἔλυσαν.
813 5031 875 5086 ’0
903 5032 960 5085 δὲ
1006 5032 1068 5085 τὸ
1105 5031 1341 5101 μηνυθὲν
1381 5030 1599 5100 χρυσίον
1651 5028 1828 5099 εὑρὼν

1958 5028 2099 5082 fossa
2132 5026 2384 5093 deducto,
2418 5026 2603 5080 Alanis
2624 5026 2917 5095 persuasit,
2952 5041 3012 5079 se
3042 5040 3070 5077 a
3104 5017 3207 5079 diis
3235 5026 3353 5079 haec
3370 5030 3532 5091 atque

279 5125 369 5175 καὶ
390 5126 559 5197 τέχνῃ
591 5124 702 5176 τινὶ
732 5122 829 5176 καὶ
875 5122 1038 5192 σοφίᾳ
1068 5122 1133 5175 ὲκ
1176 5121 1269 5173 τοῦ
1302 5120 1609 5189 ὀρύγματος
1642 5117 1828 5188 ἁνιμώε

1959 5120 2065 5173 alia
2096 5120 2349 5174 edoctum
2389 5119 2551 5173 scire.
2590 5117 2858 5171 Paulattm
2891 5126 3070 5171 antem
3096 5130 3191 5170 eos
3225 5112 3534 5169 deﬁniendo

280 5232 459 5284 μενος,
499 5216 627 5280 τοὺς
654 5216 697 5247 ⁸⁸
736 5214 988 5277 ’Δλανοὺς
1018 5212 1235 5267 ἔπειθεν
1268 5214 1343 5275 ὡς
1372 5212 1475 5265 ὑπὸ
1505 5211 1643 5265 θεῶν
1682 5212 1828 5263 ταύττ

1956 5214 2041 5267 ita
2069 5210 2394 5277 assuefecit,
2442 5222 2501 5265 ut
2544 5210 2693 5265 illum
2724 5225 2824 5279 pro
2868 5224 2995 5280 rege
3025 5222 3123 5263 suo
3151 5211 3532 5278 agnoscerent.

1569 5345 1801 5401 VARIAE
1839 5342 2243 5401 LECTIONES.

354 5487 395 5516 ¹¹
438 5485 868 5544 παραψύγουσαν
890 5484 956 5538 Δ.
1036 5483 1077 5516 ¹²
1106 5482 1329 5544 uagam]
1357 5498 1555 5544 καρατ.
1581 5480 1749 5544 αὐτὴν
1767 5498 1828 5543 ς.
1906 5478 1948 5509 ¹³
1981 5479 2193 5544 σχεθείς
2216 5476 2380 5544 ἔρωτι
2404 5492 2467 5540 ς.
2544 5476 2589 5506 ’⁵
2612 5474 2783 5544 αὐτὴν
2819 5490 2904 5544 ς,
2961 5471 3124 5544 "bl-.16
3153 5469 3292 5544 αὐτῇ
3319 5468 3536 5544 πληρῷ-

519 5485 660 5556 ραψύ
736 5501 868 5539 δσαν
890 5484 956 5538 Δ.
1036 5483 1077 5516 ¹²
1106 5482 1329 5553 napum]
1357 5498 1555 5550 καρατ.
1581 5482 1749 5549 αὐτὴν
1767 5498 1828 5543 ς.
1906 5482 1948 5509 ’³
1981 5496 2012 5530 σ
2052 5482 2193 5539 seel;
2216 5482 2380 5549 ἔρωτι
2404 5492 2467 5540 ς.
2544 5482 2589 5506 ’³
2612 5482 2783 5544 αὐτην
2819 5490 2881 5537 ς.
2961 5482 3003 5503 ³⁵
3037 5482 3123 5523 ἐπ’
3153 5482 3292 5542 αύτῂ
3319 5482 3418 5540 πλη

527 5502 944 5608 ἀντιτξῖηοὼσαι
984 5571 1043 5608 ς.
1138 5556 1180 5582 ’⁸
1211 5554 1289 5608 είς
1313 5554 1404 5605 τὸν
1435 5583 1501 5592 ——
1535 5550 1821 5608 περίϐολον
1854 5567 1915 5608 ς’.
1969 5497 2049 5603 σέ
2080 5566 2131 5608 ι).
2163 5548 2250 5608 79,
2285 5548 2352 5603 59
2382 5565 2405 5600 :.
2427 5546 2732 5608 εἰσέρχεται
2764 5545 2821 5595 ἐν
2847 5543 2914 5608 τῇ
2946 5541 3121 5595 πόλει.
3206 5542 3245 5572 ³⁷
3290 5541 3418 5595 καὶε

285 5573 378 5609 σαι
406 5558 447 5608 Α
479 5574 493 5610 :
520 5541 944 5625 ’ἀντιπληρώσαι
984 5571 1043 5618 ς.
1138 5541 1289 5615 ’θἐίς
1313 5541 1404 5605 τὸν
1435 5541 1501 5592 '——
1535 5541 1821 5623 περίϐὀλον
1854 5567 1915 5614 ς’.
1969 5541 2049 5603 cf:
2080 5566 2131 5618 p.
2163 5541 2259 5612 79;
2285 5548 2352 5603 59
2382 5565 2405 5600 :.
2427 5541 2821 5619 εἰσέρχεται’ἐν
2847 5543 2914 5613 τῇ
2946 5541 3121 5595 πόλει.
3206 5542 3245 5572 ³⁷
3281 5541 3387 5595 καὶ
3407 5541 3535 5597 add.

286 5631 352 5681 Α.
431 5627 472 5657 ¹⁸
497 5628 622 5691 τοὺς
674 5629 719 5681 Δ
744 5644 762 5680 :
786 5628 881 5679 καὶ
919 5626 1045 5688 τοὺς
1068 5641 1126 5688 ς’.

1829 5740 2059 5799 ΝΟΤίΕ.

357 5860 475 5930 (68)
505 5858 634 5917 llinc
661 5860 884 5916 Suidam
917 5858 1180 5926 corrigas,
1213 5857 1352 5927 apud
1375 5872 1530 5927 quem
1572 5857 1885 5929 Μεσόπτης,
1927 5865 2077 5921 nato,
2108 5864 2163 5909 ut
2198 5853 2357 5921 solet,
2388 5866 2454 5908 ex
2483 5848 2798 5919 compendio
2828 5861 3043 5903 errore.
