3942 6234
253 360 352 428 341

968 483 1098 552 MT-

254 577 553 647 Γεωργίου
571 577 913 631 ἐπισκόπου
953 579 1400 646 Ἀλεξανδρείας
1431 581 1536 646 Εἰς
1560 580 1670 634 τὸν
1698 578 1845 642 ,βίον

747 647 856 702 τοῦ
897 651 1350 719 Χρυσοστόμου.

325 739 455 810 [252
479 738 572 811 3.]
601 739 950 811 Ἀνεγνὼσθη
976 741 1198 812 βιϐλίον,
1225 741 1304 796 Τὰ
1325 743 1458 811 περὶ
1485 741 1592 796 τὸν
1612 742 1845 812 Χρυσό-

256 846 485 900 crepo:-
505 831 852 903 ἐπιγραφὴν
869 831 1014 902 ἕχον,
1033 832 1310 904 Γεωργίου
1332 833 1636 887 ἐπισκόπου
1671 833 1848 900 Ἀλεξ-

253 921 542 991 ανδρείας·
594 921 751 988 ὃστῖς
788 923 834 976 δ’
863 923 1015 977 ἐστὶν
1047 918 1225 990 οὗτος,
1285 927 1387 979 οὐκ
1435 926 1544 996 ἔχω
1582 928 1751 997 σαφές
1791 945 1846 982 τι

256 1014 637 1084 παραστῆσαι.
669 1015 827 1069 Ἐστι
857 1015 1042 1087 μέντοι
1062 1016 1158 1087 τὴν
1191 1017 1392 1088 φράσιν
1418 1018 1620 1083 ἁπλοῦς
1643 1019 1739 1072 καὶ
1766 1023 1848 1083 είς

255 1107 464 1178 πολλὴν
496 1107 828 1180 χυδαιότητα
877 1111 1366 1181 κατενηνεγμένος,
1406 1112 1563 1182 μηδὲ,
1591 1113 1750 1166 τοῦτο
1780 1113 1845 1185 δὴ

253 1199 313 1251 τὸ
361 1201 521 1271 παρὰ
557 1203 672 1264 τοῖς
713 1205 1128 1273 γραμματικοῖς
1170 1203 1312 1256 κατὰ
1348 1207 1535 1276 χεῖρας
1557 1245 1572 1270 ,
1608 1207 1707 1276 τὴν
1739 1206 1846 1261 τῶν

145 1369 148 1372 γ
255 1293 543 1361 ὀνομάτων
568 1295 662 1348 καὶ
689 1296 950 1366 ῥημάτων
977 1296 1228 1361 σύνταξιν
1254 1297 1658 1368 ὴκριϐωμένος.
1681 1299 1846 1368 Λέγει

253 1385 309 1436 δὲ
341 1385 406 1438 ἐκ
434 1403 496 1438 τε
525 1387 830 1442 Παλλαδίου
866 1388 1204 1459 (ἐπίσκοπος
1236 1389 1294 1442 δὲ
1324 1393 1351 1443 ὁ
1386 1391 1712 1455 Παλλάδιος,
1752 1392 1847 1444 καὶ

252 1475 554 1548 διαλογικῷ
600 1478 757 1548 τύπῳ
799 1479 980 1543 καλῶς
1030 1497 1090 1532 τε
1123 1482 1217 1533 καὶ
1267 1479 1722 1551 ἐσπουδασμένως
1777 1481 1846 1535 τὰ

256 1585 320 1619 πε
332 1571 382 1637 ρὶ
409 1568 505 1622 τὸν
544 1571 933 1641 Χρυσόστομον
962 1571 1374 1642 ἀνεγράψατο),
1402 1574 1466 1624 ἐκ
1505 1590 1563 1625 τε
1597 1568 1690 1627 οὖν
1719 1560 1848 1627 τού-

253 1678 346 1720 του
395 1663 536 1730 φησὶ
583 1663 678 1716 καὶ
721 1664 1046 1734 Σωκράτους
1082 1665 1178 1717 καὶ
1229 1665 1502 1736 διαφόρων
1535 1665 1710 1719 ἄλλων
1746 1669 1846 1737 τὴν

257 1755 504 1823 ἱστορίαν
529 1756 932 1826 ἀναλεξάμενον
955 1759 1001 1790 ¹⁰
1035 1759 1112 1820 είς
1145 1757 1202 1810 ἓν
1230 1758 1713 1830 συναθροίσασθαι.

1260 367 1861 430 BIBLIOTllECA.-
1889 368 2104 428 CODD.
2142 368 2306 441 XCV,
2339 367 2533 439 XCVI.

1874 495 1921 552 Δ

3423 367 3528 432 342

2637 480 2820 539 XCVI.

1948 572 2205 646 Georgius
2248 577 2412 646 episc.
2463 575 2875 702 Alexamﬁrinus,
2911 575 2988 630 De
3036 576 3144 630 vita
3192 573 3258 627 Β.
3298 571 3531 645 Chryso-

2658 665 2682 702 s
2711 664 2835 702 orm.

2658 664 2835 704 ειοηιι.

2017 741 2218 798 Lectus
2270 743 2408 797 liber
2449 743 2669 812 Georgii
2711 744 2885 813 episc.
2919 739 3260 795 Alexandriae
3296 739 3402 794 hac
3439 737 3526 794 in-

1948 838 2248 907 scriptione
2280 853 2295 893 :
2348 835 2451 891 Res
2483 834 2551 890 Β.
2590 833 2952 907 Chrysostomt’
2982 833 3116 905 (7'5).
3141 831 3245 898 Qui
3276 845 3406 887 vero
3437 829 3529 885 hic

1948 928 2212 1000 Georgius
2258 929 2328 984 sit
2353 928 2487 1000 (74),
2525 943 2630 984 non
2662 929 2837 983 habeo
2861 936 3010 982 certo
3037 924 3323 979 allirmare.
3353 921 3530 978 Dictio

1948 1028 2100 1076 certo
2143 1021 2375 1091 simplex
2407 1020 2460 1075 in
2503 1019 2761 1075 humilem
2791 1017 3082 1074 admodum
3132 1015 3333 1088 stylem
3374 1012 3528 1069 dela-

1950 1114 2147 1168 bitur:
2204 1127 2382 1184 neque
2412 1112 2630 1180 sallem,
2681 1111 2825 1182 quod
2881 1111 2967 1165 vel
3014 1108 3415 1166 litteratoribus
3471 1107 3528 1164 in

1950 1214 2226 1276 promptu,
2274 1205 2551 1260 nominum
2607 1205 3008 1272 verborumque
3059 1211 3371 1258 accuratam
3429 1199 3530 1255 ad-

1949 1299 2101 1355 hibet
2147 1297 2634 1353 constructionem.
2685 1294 2877 1350 Refert
2930 1305 3114 1351 autem
3163 1310 3232 1350 ex
3285 1293 3529 1350 Palladio

1949 1392 2201 1460 episcopo
2220 1389 2356 1460 (75),
2381 1389 2470 1457 qui
2496 1387 2692 1458 dialogi
2730 1386 2906 1442 forma
2935 1386 3162 1458 pulchre
3191 1402 3256 1442 ac
3286 1385 3529 1442 studioso

1948 1481 2322 1552 Chrysostomi
2343 1495 2432 1536 res
2449 1480 3038 1550 conscripsit,itemque
3053 1493 3119 1534 ex
3143 1478 3370 1534 Socrate
3386 1476 3524 1550 (76),

1949 1576 2176 1646 aliisque
2197 1573 2489 1643 nonnullis,
2511 1573 2790 1630 historiam
2824 1590 2855 1629 a
2883 1588 2944 1630 se
2969 1573 3274 1628 collectam.

319 1847 496 1917 Φησὶν
540 1845 635 1902 οὖν
683 1851 776 1903 τὸν
829 1851 1004 1921 μέγαν
1067 1852 1320 1922 Ἰωάννην
1371 1853 1538 1905 παῖδα
1589 1852 1841 1920 γενέσθαι

2017 1849 2245 1918 Magnus
2301 1849 2467 1919 igitur
2519 1846 2756 1903 Joannes
2801 1845 2969 1917 ('77),
3031 1844 3329 1912 nobilibus,
3383 1845 3528 1915 apud

253 1938 557 1993 Σεκούνδου
587 1941 684 1994 καὶ
723 1942 1038 2013 Ἀνθούσης·
1072 1946 1358 2012 ἐπιφανεῖς
1381 1943 1438 1997 δὲ
1467 1935 1614 1999 οὗτοι
1640 1944 1752 1999 τῶν
1782 1947 1841 2000 ὲν

264 2032 598 2105 Ἀντιοχείᾳ.
625 2034 897 2105 Ἕλληνας
921 2036 977 2088 δὲ
1002 2035 1200 2100 αὐτοὺς
1227 2035 1328 2107 τὴν
1361 2035 1659 2107 θρησκείαν
1683 2037 1842 2102 ὄντας

247 2125 275 2174 ὁ
318 2123 380 2190 ἐξ
423 2123 726 2194 Ἀρμενίας
770 2126 1063 2191 Μελέτιος,
1103 2129 1170 2197 τῇ
1233 2126 1551 2196 Ἀντιοχέων
1604 2128 1842 2195 ιεγκαίιτα⁸

250 2215 379 2277 στὰς
397 2214 446 2244 ³⁸
494 2215 816 2286 Ἐκκλησία,
853 2215 1062 2286 ὲμύησέ
1095 2233 1155 2269 τε
1196 2215 1292 2268 καὶ
1331 2215 1427 2268 τοῦ
1461 2215 1841 2286 σωτηριώδους

249 2308 553 2376 μετασχεῖν
585 2307 961 2377 βαπτίσματος
1007 2307 1336 2378 κατηξίωσε,
1372 2308 1463 2360 τὸν
1493 2307 1607 2360 υίδν
1638 2308 1839 2378 πρότε-

249 2414 337 2464 ρον
363 2415 439 2466 μυ
451 2398 815 2470 σταγωγήσας
843 2399 936 2451 ml
959 2399 1361 2470 βαπτισάμενος
1379 2401 1442 2452 ³⁸.
1477 2397 1838 2469 Παραδίδοται

243 2490 427 2542 τοίνυν
457 2493 488 2544 ὁ
525 2492 700 2560 μέγας
742 2493 997 2564 Ἰωάννης
1031 2494 1222 2564 φοιτᾷν
1262 2495 1342 2556 εἰς
1368 2491 1713 2546 διδασκάλου.
1745 2492 1840 2556 Εἰς

245 2584 416 2650 ἄκρον
446 2582 505 2635 δὲ
549 2585 1052 2656 ταπεινοφροσύνην
1075 2585 1117 2616 ⁶¹
1148 2587 1213 2639 ἐκ
1269 2584 1460 2648 παιδὸς
1507 2585 1700 2654 ἤσκει·
1759 2583 1844 2636 διὸ

242 2673 362 2725 οὐδὲ
396 2674 623 2740 παῖδας,
655 2670 744 2729 οἶα
767 2677 912 2740 είκδς
941 2677 1066 2738 τοὺς
1096 2675 1312 2746 πλούτῳ
1343 2678 1438 2730 καὶ
1470 2675 1595 2746 δόξῃ
1643 2679 1837 2748 περιρ-

245 2766 574 2834 ρεομένους,
605 2767 1026 2835 μαλακίζεσθαι,
1051 2770 1108 2821 οὐ
1145 2768 1246 2839 μὲν
1275 2765 1369 2822 οὗν
1399 2769 1522 2822 οὔτε
1545 2772 1588 2802 ⁸³
1615 2767 1839 2834 τούτους

244 2858 394 2930 αὖτῷ
427 2859 810 2929 παρέπεσθαι,
865 2861 981 2915 ἀλλ’
1025 2863 1145 2916 οὐδὲ
1188 2863 1523 2928 ίππὰζεσθαι
1571 2864 1835 2936 ἠνείχετο.

247 2945 382 3003 Εἶτα
407 2952 470 3003 ἐν
513 2951 818 3024 Ἀντιοχείᾳ
842 2954 910 3006 τὰ
933 2954 1033 3024 μὲν
1063 2956 1426 3026 γραμματικὰ
1448 2957 1541 3010 καὶ
1570 2954 1840 3027 ῥητορικὰ

245 3041 395 3111 παρά
430 3043 694 3096 Λιὸἁνιον
727 3044 930 3112 φοιτῶν
969 3045 1304 3113 ἐπαιδεύετο,
1334 3047 1487 3116 παρὰ
1544 3047 1839 3118 Ἀνδραγά-

247 3133 357 3186 θιον
388 3135 450 3188 δὲ
493 3136 566 3188 τὰ
595 3138 882 3208 φιλόσοφα.
918 3137 1355 3210 Τελευτήσαντος
1401 3141 1458 3194 δὲ
1502 3140 1596 3194 τοῦ
1633 3141 1838 3212 πατρὸς

246 3226 338 3290 τοῦ
363 3229 604 3303 πένθους
629 3225 700 3300 ἦν
745 3233 808 3302 τῇ
845 3233 1015 3304 μητρὶ
1054 3233 1425 3305 παραμύθιον,
1457 3235 1678 3288 πάντων
1730 3235 1839 3288 ἀπ-

250 3321 513 3389 εχόμενος
533 3323 807 3390 παιγνίων
825 3341 884 3377 τε
915 3327 1008 3379 καὶ
1027 3325 1252 3396 ἡδονῶν,
1276 3328 1459 3396 μόνοις
1482 3327 1540 3380 δὲ
1560 3344 1841 3394 προσανα-

250 3413 502 3481 κείμενος
537 3416 654 3478 τοῖς
689 3415 1032 3486 μαθήμασιν.

327 3588 588 3658 ’Δπαίρει
639 3589 772 3658 γοῦν
821 3592 960 3663 πρὸς
1008 3594 1106 3657 τὰς
1150 3596 1378 3667 Ἀθήνας
1405 3600 1536 3661 ,-τὰ
1582 3598 1841 3652 λείποντα

249 3679 614 3748 προσλαὸεῖν·
645 3682 739 3733 καὶ
773 3683 830 3735 ὲν
861 3684 1027 3756 ὀλίγῳ
1074 3689 1250 3759 χρόνῳ
1292 3690 1502 3753 πάντας
1535 3691 1839 3761 ὑπερϐαλό-

251 3791 405 3842 μενος
443 3774 493 3806 ³³⁵
530 3774 864 3847 διεφθονήθη
919 3777 1209 3850 Ἀνθεμίῳ,
1258 3781 1318 3842 ὃς
1368 3783 1622 3853 τηνικάδε
1658 3786 1840 3857 ἱερεὺς

259 3864 492 3933 Ἀθηνᾶς
558 3868 896 3937 ἐχρημάτιζε
931 3871 1024 3924 καὶ
1074 3872 1288 3941 πρῶτος
1340 3873 1448 3926 τῶν
1495 3877 1614 3929 ἐκεῖ
1655 3879 1840 3947 σοφῶν

247 3957 554 4028 ἐνομίζετο.
595 3959 652 4012 '0
678 3960 735 4012 δὲ
763 3961 862 4031 τῆς
893 3961 1101 4027 πόλεως
1124 3964 1361 4037 ἔπαρχος
1392 3967 1437 3998 ⁸⁵
1467 3967 1840 4043 (Δημοσθένης

245 4051 412 4122 ὄνομα
470 4051 650 4122 αὐτῷ)
709 4055 1098 4122 μετακαλεῖται
1149 4058 1460 4122 πολυτελῶς
1525 4061 1617 4114 τὸν
1676 4065 1838 4133 σοφὸν

258 4141 550 4211 Ἰωάννην
582 4146 611 4198 ὁ
640 4143 696 4197 δὲ
726 4145 848 4198 λίαν
880 4147 1113 4212 εὐτελῶς
1163 4152 1546 4221 παραγίνεται.
1595 4156 1705 4208 Καὶ
1750 4157 1841 4210 λόι

246 4253 354 4302 γων
375 4240 667 4308 ῥαγέντων
704 4241 910 4309 μεταξὺ
946 4242 1112 4296 αὐτοῦ
1145 4260 1204 4296 τε
1237 4248 1332 4298 καὶ
1363 4245 1667 4316 Ἀνθεμίου,
1699 4267 1840 4320 κρα-

245 4331 372 4382 τεῖὸ
413 4331 674 4401 Ἰωάννης
695 4335 760 4404 τῇ
801 4350 861 4386 τε
889 4335 1054 4406 σοφίᾳ
1087 4336 1182 4390 καὶ
1217 4337 1428 4392 συνέσει
1458 4342 1553 4393 καὶ
1582 4343 1648 4412 τῇ
1680 4342 1838 4396 εὐσε-

245 4422 385 4490 ῦείᾳ.
422 4421 538 4472 Καὶ
579 4420 798 4490 πρῶτον
831 4423 980 4494 αὐτῷ
1014 4426 1060 4457 ³⁸
1091 4425 1420 4482 ἐπιτελεῖται
1458 4430 1580 4482 τότε
1625 4429 1835 4502 θαῦμα,

1941 1945 2303 2009 Antiochiam,
2323 1944 2664 2014 parentibus,
2683 1941 2937 1996 Secundo
2966 1949 3129 2011 atque
3157 1939 3402 1993 Authusa
3433 1951 3528 1993 na-

1944 2043 2030 2088 tus
2077 2044 2182 2091 est.
2226 2032 2475 2088 Meletius
2515 2047 2646 2088 vero
2697 2033 2968 2086 Armentis
2992 2071 3007 2097 ,
3045 2032 3134 2098 qui
3173 2029 3526 2085 Antiochena

1944 2135 2071 2180 tunc
2114 2124 2370 2179 Ecclesia:
2399 2131 2651 2192 praeerat,
2699 2121 2903 2176 salubri
2938 2122 3040 2176 hos
3065 2121 3314 2175 doctrina
3347 2119 3366 2180 ί
3395 2134 3524 2176 cum

1941 2218 2183 2288 gentium
2225 2225 2380 2271 antea
2415 2215 2620 2270 cultum
2646 2213 3035 2284 sectarentur)
3085 2212 3422 2279 informavit,
3469 2219 3528 2269 οι

1940 2306 2223 2363 salutifero
2253 2305 2396 2376 79a
2428 2304 2765 2377 baptismatis
2801 2304 3021 2359 lavacro
3063 2311 3217 2371 aptos
3249 2301 3522 2369 reddidit;

1939 2414 2126 2454 eorum
2176 2407 2356 2451 tamen
2385 2396 2496 2450 lilio
2539 2396 2689 2465 prius
2725 2395 2975 2450 instituto
3027 2405 3193 2463 atque
3217 2394 3517 2463 baptizato.

1940 2489 2180 2545 Joannes
2221 2489 2405 2558 itaque
2434 2489 2618 2542 ludum
2651 2487 3004 2558 frequentare
3050 2487 3378 2542 litterarium
3407 2488 3526 2557 ius.

1939 2599 2052 2638 sus.
2088 2581 2206 2637 Jam
2233 2584 2357 2638 inde
2390 2598 2418 2636 a
2450 2597 2618 2652 puero
2639 2595 2912 2636 summam
2943 2580 3291 2646 modestiam,
3327 2582 3526 2637 animi-

1938 2691 2045 2746 que
2083 2675 2468 2730 demissiouem
2517 2674 2864 2745 praeferebat.
2893 2675 3258 2745 Quamobrem
3280 2714 3298 2738 ,
3347 2688 3524 2744 neque

1940 2782 2160 2838 pueros,
2193 2776 2252 2821 ut
2301 2767 2459 2834 solet,
2495 2768 2702 2823 divitiis
2725 2778 2782 2825 et
2810 2769 2981 2840 gloria
3002 2767 3315 2834 afﬂuentes,
3351 2765 3526 2823 emol-

1941 2861 2048 2923 liri,
2109 2877 2288 2930 neque
2324 2861 2424 2915 hos
2469 2876 2530 2916 se
2572 2863 2880 2917 consectari
2932 2861 3170 2926 sinebat,
3221 2860 3316 2916 sed
3351 2873 3527 2931 neque

1939 2970 2078 3023 equo
2117 2955 2241 3009 vehi
2281 2953 2605 3010 sustinebat.
2656 2953 2861 3010 Deinde
2905 2955 3206 3010 Antiochiae
3236 2953 3291 3008 in
3340 2967 3525 3025 gram-

1939 3047 2154 3101 maticis
2184 3047 2404 3117 quidem
2435 3055 2490 3102 et
2521 3047 2812 3103 rhetoricis
2863 3046 3111 3112 Libanio,
3147 3045 3526 3118 Andragathio

1944 3152 2073 3192 vero
2121 3137 2172 3191 in
2227 3138 2620 3208 philosophicis
2667 3154 2893 3210 operam
2925 3139 3094 3196 dedit.
3135 3139 3350 3196 Mortuo
3391 3153 3527 3194 vero

1942 3239 2187 3301 parente,
2232 3231 2396 3285 matri
2437 3232 2491 3286 in
2537 3232 2689 3286 luctu
2731 3231 2987 3287 solatium
3023 3231 3278 3301 alloquiis
3315 3231 3524 3297 attulit,

1941 3332 1996 3377 ct
2020 3339 2050 3376 a
2076 3322 2304 3378 ludicris
2324 3324 2583 3379 omnibus
2618 3325 2921 3392 abstinens,
2959 3341 3026 3380 ac
3063 3325 3345 3394 voluptate
3369 3338 3528 3394 pror-

1940 3431 2035 3471 sus
2087 3417 2190 3471 sibi
2224 3416 2583 3482 interdiccns,
2616 3418 3029 3488 disciplinarum
3085 3419 3354 3474 duntaxat
3404 3425 3526 3474 stu-

1941 3508 2030 3564 dio
2057 3495 2298 3562 animum
2331 3508 2678 3578 adiungebat.
2736 3529 2746 3544 ε

2010 3601 2193 3668 Quare
2261 3605 2507 3660 Athenas
2567 3606 2634 3660 ad
2692 3605 2999 3660 uberiorem
3057 3604 3257 3675 ingenii
3319 3603 3524 3662 cultum

1940 3696 2239 3764 prolectus,
2268 3699 2417 3753 brevi
2466 3699 2676 3753 caeteris
2720 3700 2793 3754 ita
2822 3699 3135 3755 antecelluit
3163 3700 3443 3765 omnibus,
3467 3709 3527 3755 ut

1940 3797 1994 3841 et
2029 3790 2371 3858 Anthemius,
2404 3791 2495 3860 qui
2544 3802 2656 3845 tum
2692 3792 2765 3848 ibi
2800 3793 3062 3847 Minervae
3093 3793 3352 3848 sacerdos
3383 3804 3525 3859 erat,

1940 3879 2015 3934 illi
2047 3881 2330 3947 lnvideret,
2362 3892 2420 3937 et
2443 3883 2720 3954 sapientes
2747 3885 2889 3938 inter
2919 3884 3174 3954 princeps
3206 3883 3322 3954 ipse
3354 3883 3522 3940 habe-

1941 3982 2111 4029 retur.
2162 3972 2300 4044 Ergo
2332 3975 2482 4030 urbis
2527 3991 2740 4045 quoque
2769 3975 3084 4046 praefectus,
3129 3976 3526 4032 Demosthenes

1941 4064 2180 4129 nomine,
2213 4066 2514 4135 sapientem
2560 4069 2702 4122 hunc
2743 4067 3007 4124 Joannem
3045 4070 3214 4126 multo
3248 4084 3370 4125 cunt
3427 4070 3527 4124 Ito—

1940 4171 2072 4212 nore
2130 4160 2195 4210 ad
2223 4173 2284 4213 se
2335 4162 2609 4214 vocabat:
2662 4166 2729 4214 ad
2772 4177 2933 4231 quem
2986 4161 3078 4216 ille
3121 4177 3315 4234 magna
3343 4171 3524 4217 tamen

1941 4263 2063 4300 cum
2105 4249 2272 4302 animi
2320 4250 2652 4306 demissione
2695 4261 2860 4320 atque
2906 4253 3177 4308 modestia
3205 4253 3522 4308 accedebat.

1939 4337 2016 4394 lbi
2043 4342 2411 4410 disputatione
2447 4343 2589 4400 forte
2610 4359 2730 4398 eum
2751 4345 3044 4400 Anthemio
3065 4345 3336 4409 instituta,
3363 4359 3527 4414 snpe-

1944 4432 2054 4487 rior
2083 4432 2324 4492 Joannes
2361 4439 2554 4504 evasit,
2591 4455 2696 4492 non
2728 4439 2975 4494 doctrina
3032 4439 3194 4493 modo
3231 4446 3287 4492 et
3317 4437 3524 4493 intell‘l-

244 4515 304 4562 τὸ
328 4512 370 4542 ³⁷
392 4513 488 4567 τὸν
527 4513 814 4585 ’Δνθέμιον
842 4517 1105 4589 δαιμονίῳ
1135 4535 1195 4572 τε
1229 4519 1434 4575 ἁλῶναι
1465 4524 1559 4577 καὶ
1588 4523 1834 4578 ἀπαλλα-

1946 4526 2148 4594 gentia,
2179 4527 2273 4581 sed
2327 4529 2526 4595 pietate
2566 4544 2801 4600 quoque.
2845 4532 3023 4599 Atque
3058 4532 3160 4586 hoc
3193 4541 3305 4584 tum
3334 4530 3402 4584 ab
3429 4528 3524 4583 illo

244 4607 407 4673 γῆναι
430 4605 659 4678 γλώσσῃ
681 4610 777 4661 καὶ
803 4611 936 4680 εὐχῇ
955 4611 1203 4666 Ἰωάννου
1230 4631 1244 4644 ·
1271 4613 1330 4677 ὃς
1359 4616 1453 4668 καὶ
1483 4616 1588 4668 ὑπὸ
1613 4615 1708 4669 τοῦ
1737 4620 1836 4688 τῆς

244 4700 453 4765 πόλεως
499 4701 806 4756 ἐπισκόπου
838 4706 936 4758 σὺν
966 4707 1130 4760 παντὶ
1175 4707 1253 4778 τῷ
1293 4707 1430 4779 οἴκῳ
1477 4709 1831 4765 ἐ6απτίσατο.

1946 4618 2176 4682 primum
2207 4629 2292 4674 est
2325 4619 2398 4673 ibi
2444 4629 2714 4690 patratum
2757 4622 3106 4689 miraculum,
3140 4621 3284 4691 quod
3317 4621 3525 4676 Anthe-

1945 4711 2084 4764 mins
2116 4712 2294 4765 divina
2323 4709 2548 4768 Joannis
2579 4713 2784 4784 lingua,
2809 4723 2861 4769 et
2885 4713 3197 4784 precatione
3238 4713 3526 4770 convictus

1555 4827 1793 4883 νΑιιιΑῑ
1836 4825 2243 4885 LECTIONES.

311 4948 357 5029 ξ’
390 4948 1052 5029 ιιοιιηοιὰναλεξάμενοςῖ
1098 4952 1170 5029 ,³ο
1203 4951 1585 5029 συγκιαταστάς
1614 4971 1676 5016 ς.
1739 4954 1795 5029 1'
1817 4958 2016 5029 _malim
2049 4955 2343 5029 βαπτίσας.

2449 4956 2494 4988 ³⁸
2534 4955 3038 5026 ταπεινοφῳσύνης
3074 4973 3138 5022 ς.
3238 4957 3286 4990 ³³
3313 4954 3444 5013 οὐδὲ
3458 4970 3525 5023 ς.

242 5018 287 5049 ³⁸
306 5017 754 5090 ὑπερϐαλόμενος
789 5017 937 5076 corr.
967 5021 1013 5074 A
1051 5017 1566 5091 εὑπερϐαλλόμενος
1598 5041 1658 5088 ς.
1737 5023 1782 5056 ³³
1815 5017 2066 5100 ὕπαρχος
2113 5047 2174 5093 ς’.
2252 5017 2480 5097 ³⁶ἀύεῷ
2512 5043 2623 5080 om.
2659 5030 2726 5082 A.
2774 5017 2847 5060 ’⁵⁷
2872 5025 2934 5080 τὸ
2961 5017 3188 5084 δΠιΙξΔ.

1783 5145 2014 5203 NOTAE.

297 5233 422 5306 (73)
443 5234 696 5305 lntegras
724 5233 879 5289 tmbis
907 5233 1130 5306 Parisiis
1160 5234 1352 5290 Latine
1372 5235 1519 5288 dedit
1545 5235 1826 5291 Godcfrid.

240 5303 591 5376 Tilmannua;
623 5321 716 5359 an.
766 5306 925 5359 1557.
969 5304 1195 5360 Easdem
1249 5309 1456 5376 integro
1488 5323 1636 5373 paane
1694 5309 1830 5362 libro

241 5390 440 5446 suo!"
485 5375 781 5446 diligenter
829 5388 1143 5446 persecutus
1185 5377 1346 5431 etiam
1370 5375 1461 5431 est
1492 5377 1830 5446 Nicephorus

242 5445 514 5516 Callistus.
548 5445 682 5499 Vide
717 5461 932 5515 quoque
959 5445 1382 5516 MetapliraSten,
1416 5457 1472 5500 ct
1500 5445 1826 5502 Theodoreti

247 5515 336 5586 lib.
369 5531 427 5579 v,
459 5531 583 5584 cap.
610 5515 705 5581 97,
739 5532 861 5568 t'Um
905 5532 1056 5585 seqq.
1091 5515 1255 5586 atque
1296 5518 1547 5586 inprimis
1579 5517 1825 5573 lllustris.

247 5582 452 5639 Baronii
503 5582 655 5639 card.
706 5586 904 5639 Annal.
943 5602 1016 5639 Iv.

313 5655 418 5725 (7i)
455 5656 741 5729 Egoillum
766 5657 1026 5729 pntg,qui
1072 5657 1129 5729 S.
1174 5656 1332 5713 Joan.
1388 5657 1831 5729 Eleemosynario

245 5728 500 5781 successit
542 5728 690 5781 circa
718 5742 811 5780 an.
844 5727 977 5782 Cltr.
1009 5728 1132 5782 6‘20.
1166 5730 1230 5782 Et
1263 5745 1386 5783 vero
1431 5730 1488 5781 Β.
1520 5727 1676 5782 lout].
1715 5729 1822 5781 Da-

248 5811 490 5850 masceuo
520 5798 760 5868 priorem
793 5799 925 5850 satis
955 5809 1190 5861 constat,
1235 5816 1358 5853 cum
1395 5799 1440 5851 is
1493 5816 1556 5853 ex
1589 5800 1687 5851 hac
1716 5800 1825 5853 vita

249 5869 371 5932 (non
404 5867 665 5938 expresso
699 5867 983 5938 scriptoris
1023 5872 1258 5938 nomine)
1287 5870 1518 5925 adducat
1547 5870 1825 5926 historiam

1937 5241 2008 5323 de.
2037 5240 2276 5312 imagine
2305 5239 2364 5295 S.
2394 5238 2545 5295 Pauli
2569 5249 2743 5310 apost.
2775 5251 2918 5296 orat.
2953 5243 3008 5307 l,
3037 5240 3115 5296 De
3137 5241 3521 5310 imagin.,.sub

1940 5311 2122 5451 ¹ωῗῆὕ)
2175 5380 2638 5451 lleleuepolilano,
2680 5396 2839 5450 quem
2885 5379 3078 5435 Latine
3105 5396 3322 5437 versum
3354 5381 3522 5439 habes

1939 5458 2069 5504 tom.
2110 5453 2126 5505 I
2161 5467 2383 5521 operum
2424 5453 2483 5507 Β.
2525 5453 2805 5523 Cltrysost.
2842 5452 2975 5505 edit.
3009 5451 3180 5506 Paris.
3223 5465 3350 5507 cum
3393 5453 3518 5510 aliis

1923 5523 2026 5590 'qtti
2067 5523 2170 5576 hoc
2200 5531 2574 5591 argumentum
2609 5531 2932 5576 tractarunt.

2011 5593 2125 5665 (76)
2158 5591 2274 5646 Lib.
2306 5608 2378 5660 vn,
2411 5609 2476 5648 ex
2509 5608 2619 5665 quo
2634 5591 2858 5660 Niceph.
2901 5605 3113 5660 quoque
3151 5606 3271 5657 sna,
3303 5606 3427 5665 quae
3455 5594 3522 5649 de

1938 5659 2000 5716 B.
2023 5659 2312 5732 'tlh'rysost.
2338 5659 2577 5732 scripsit,
2611 5659 2856 5716 hausisse
2888 5659 3123 5732 constat.

2006 5731 2400 5820 (772'Niccph.
2450 5731 2542 5790 lib.
2591 5749 2708 5797 xm,
2737 5748 2856 5802 cap.
2911 5731 2990 5800 2;
3033 5732 3245 5790 Socrat.
3287 5731 3400 5791 lib.
3445 5750 3540 5801 vt,,

1935 5820 2056 5876 cap.
2091 5821 2144 5860 ο.
