3942 6234
427 361 530 426 347

421 568 678 621 continuo
697 580 898 619 morem
926 565 1160 628 sustulit,
1184 579 1292 633 quo
1317 564 1626 619 caelibatum
1653 563 1901 632 professi,
1926 565 2008 618 di-

421 659 562 713 versi
597 657 913 725 sexus(87)
949 657 1362 712 contubernales
1405 659 1541 727 apud
1579 672 1637 712 se
1671 657 1904 712 alebant.
1947 659 2008 710 In

422 753 650 818 injustas
674 751 798 804 item
823 789 837 814 ,
868 750 1150 816 vcntrique
1175 765 1238 802 ac
1275 748 1483 803 libidini
1515 750 1728 804 deditos
1778 789 1793 813 ,
1833 749 2009 818 longis

422 846 667 898 invectus
711 851 794 896 est
821 842 1184 896 orationibus.
1217 843 1347 895 Erat
1381 843 1565 896 adhaec
1605 857 1898 910 pauperum
1932 841 2006 896 ita

417 937 691 993 studiosus
708 975 723 998 ,
745 944 802 989 ut
825 934 950 988 hinc
977 951 1003 986 a
1023 933 1290 1003 plerisque
1316 934 1778 1006 Eleemosynarius
1801 949 2006 1006 cogno-

421 1027 656 1081 minatus
696 1025 788 1081 sit.
818 1026 941 1082 Uno
969 1026 1142 1080 dicam
1177 1026 1376 1091 verbo,
1407 1037 1458 1080 et
1495 1028 1746 1081 virtutem
1788 1041 2002 1081 omnem

419 1119 681 1182 docebat,
709 1126 758 1172 et
783 1117 852 1171 ab
878 1118 1024 1171 omni
1054 1118 1186 1172 vitio
1217 1117 1546 1172 dcterrebat.
1572 1117 1715 1174 Misit
1741 1128 1921 1173 autem
1955 1129 2010 1174 et

421 1213 471 1264 in
513 1211 848 1266 Phaeniciam
879 1211 1194 1276 monachos,
1230 1211 1320 1279 qui
1359 1210 1680 1266 idololatriae
1703 1211 1811 1266 illic
1845 1211 2010 1266 etiam

416 1317 548 1354 num
579 1300 788 1354 deditos
814 1299 882 1353 ab
910 1314 1097 1354 errore
1128 1300 1181 1353 in
1210 1303 1350 1353 viam
1388 1302 1669 1355 reduceret
1698 1316 1713 1355 :
1743 1301 1884 1371 80b
1916 1314 2011 1369 per

415 1408 552 1458 quos
583 1393 713 1446 item
740 1392 1084 1462 imperatoris
1111 1391 1319 1459 legibus
1348 1403 1616 1454 armatos,
1649 1392 1913 1447 idolorum
1932 1391 2011 1445 fa-

416 1501 485 1537 na
520 1484 806 1545 subvertit,
837 1483 1206 1538 subversionis
1232 1483 1541 1551 sumptibus
1568 1486 1670 1552 piis
1697 1484 1903 1554 aliquot
1927 1483 2009 1537 fe-

419 1574 582 1627 minis
614 1573 1098 1643 suppeditantihus.
1117 1573 1374 1628 Celticam
1398 1575 1509 1646 (88)
1527 1575 1708 1630 adhzec
1729 1573 2005 1647 [militum]

420 1667 631 1719 turbam
657 1665 969 1719 Arianismo
990 1664 1243 1719 infectam
1262 1707 1276 1730 ,
1299 1667 1566 1721 ordinatis
1581 1669 1668 1736 qui
1689 1667 1804 1735 ejus
1831 1669 2008 1736 gentis

423 1759 656 1826 linguam
685 1757 945 1810 callerent
977 1758 1349 1812 sacerdotibus
1373 1797 1389 1822 ,
1421 1758 1853 1812 orthodoxorum
1877 1775 2005 1828 gre-

1597 362 1862 423 PlIOTII
1902 363 2403 426 PATRIARCI-LE
2441 367 2548 426 (ΖΡ.

496 475 722 545 Magnus
754 474 934 544 itaque
957 475 1065 543 jam
1089 473 1366 528 ordinatus
1405 472 1822 544 Cbrysostomus
1851 474 1999 528 illum
2032 486 2084 534 Α

3575 364 3681 430 318

2185 477 2307 530 Ὀτι
2351 479 2379 531 6
2416 477 2587 546 μέγας
2611 475 2996 547 Χρυσόστομος
3029 477 3342 548 παραυτίκα
3371 479 3498 542 τοὺς
3528 479 3680 550 ἔχον-

2112 585 2210 630 τας
2241 570 2624 633 συνεισάκτους
2653 568 2748 622 τοῦ
2791 569 2946 633 ἔθους
2976 569 3222 640 ἐξέκοψε,
3262 572 3357 625 καὶ
3395 571 3536 626 κατὰ
3571 573 3682 626 τῶν

2112 662 2315 716 ἀδίκων
2354 665 2448 717 καὶ
2504 664 2934 734 γαστριμάργων
2982 663 3076 718 καὶ
3133 664 3430 735 φιληδόνων
3487 663 3682 732 λόγους

2115 755 2360 822 μακροὺς
2391 755 2720 809 κατέτεινεν.
2745 751 2854 808 1rllv
2886 755 2944 809 δὲ
2972 757 3066 808 καὶ
3091 755 3340 825 ἐλεήμων
3363 754 3589 826 σφόδρα,
3623 753 3681 820 ἐξ

2110 834 2172 894 οὗ
2228 842 2380 912 παρὰ
2453 842 2667 905 πολλοῖς
2722 845 2750 896 6
2811 844 2912 913 τῆς
2972 844 3340 914 ὲλεημοσύνης
3402 843 3681 916 ἐπεκλήθη

2125 933 2399 1002 Ἰωάννης.
2433 935 2544 987 Kal
2582 934 2769 997 ἁπλῶς
2815 936 2995 988 πᾶσαν
3045 935 3143 1004 μὲν
3173 933 3374 1003 ἀρετὴν
3412 933 3681 999 ἐδίδασκε,

2112 1027 2294 1097 πάσης
2329 1027 2386 1080 δὲ
2422 1028 2620 1090 κακίας
2650 1028 2978 1097 ἀπέτρεπεν.
3025 1026 3334 1080 Ἀπέστειλε
3375 1026 3434 1079 δὲ
3469 1027 3567 1080 καὶ
3602 1027 3684 1089 εἱς

2109 1119 2364 1188 Φοινίκην
2395 1121 2663 1189 μοναχοὺς
2696 1121 2780 1188 ἐφ’
2887 1120 3014 1182 τοὺς
3043 1118 3123 1171 ἔτι
3165 1121 3230 1188 τῇ
3269 1118 3685 1190 εἰδω),ολατρε’ᾳ

2112 1210 2510 1280 κατεχομένους
2553 1211 2859 1276 ἀπαλλάξαι
2901 1212 3001 1280 τῆς
3034 1210 3281 1280 πλάνηςσ
3317 1208 3411 1272 οὓς
3451 1209 3550 1262 καὶ
3596 1211 3685 1260 νό-

2115 1317 2236 1368 μοις
2277 1299 2506 1364 ὁπλίσας
2557 1300 2854 1370 βασιλικοῖς
2905 1300 3032 1361 τοὺς
3079 1300 3241 1360 ναοὺς
3289 1298 3400 1350 τῶν
3452 1297 3688 1350 εἰδώλων

2112 1391 2472 1460 κατέστρεφε,
2508 1393 2616 1445 τῶν
2649 1391 3025 1459 ἀναλωμάτων
3062 1389 3169 1443 τῶν
3197 1390 3289 1442 ἐπὶ
3327 1390 3686 1458 καταστροφῇ

2111 1484 2175 1535 ὲκ
2200 1483 2307 1535 τῶν
2349 1484 2596 1536 εὐλαὸὦν
2636 1483 2914 1550 γυναικῶν
2973 1481 3383 1550 παρεχομένων.
3438 1481 3551 1533 Kal.
3593 1477 3689 1530 τὸν

2110 1575 2377 1629 Κελτικὸν
2405 1575 2461 1628 δὲ
2506 1576 2691 1644 ὅμιλον
2724 1574 3120 1648 άρειανίζοντα,
3162 1569 3546 1642 ὁμογλώσσους
3573 1586 3690 1639 χει-

2115 1669 2426 1738 ροτονήσας,
2479 1667 2842 1737 μετέστρεψεν
2878 1666 2923 1699 ⁵⁸
2951 1666 3032 1728 είς
3073 1665 3170 1736 τὴν
3214 1661 3544 1736 ὁρθοδοξίαν.
3575 1660 3690 1714 Καὶ

2111 1758 2205 1811 ἐπὶ
2245 1758 2338 1811 τὸν
2384 1760 2596 1828 Ἴστρον
2627 1758 2850 1830 πέμψας
2899 1757 3026 1819 τοὺς
3057 1757 3295 1827 νομάδας
3325 1754 3542 1818 Σκύθας
3596 1753 3692 1805 ὲπὶ

418 1849 527 1902 tnio
545 1847 800 1902 restituit.
827 1849 904 1900 Ad
936 1849 1127 1902 Istrum
1149 1849 1371 1915 insuper
1399 1849 1585 1914 misit,
1619 1851 1709 1920 qui
1737 1849 2008 1904 Noniadas

2117 1849 2201 1903 τὸν
2232 1849 2352 1920 [Hi
2392 1849 2483 1922 1].]
2511 1828 2944 1922 Χριστιανισμδν
2976 1849 3200 1909 ἑκόντας
3229 1845 3537 1901 είλκύσατο.
3577 1844 3692 1897 Kal.

418 1941 489 1995 ibi
528 1939 756 2011 Scythas
787 1942 851 1994 ad
891 1940 1216 1997 Christiana:
1261 1942 1380 1995 fidei
1433 1943 1715 1996 veritatem
1759 1942 2008 1996 volentes

417 2031 777 2085 adduxerunt.
821 2031 1106 2086 Marcionis
1148 2041 1407 2102 pragterea
1466 2033 1713 2087 haeresim
1753 2032 1872 2104 (89)
1905 2073 1919 2093 ,
1954 2033 2008 2087 in

417 2121 640 2176 Oriente
662 2129 772 2173 tum
799 2119 1208 2187 repnllulantem
1227 2160 1241 2185 ,
1272 2119 1513 2174 funditus
1535 2121 1876 2190 exstirpavit.
1900 2117 2012 2174 No-

417 2224 638 2267 cturnos
660 2211 986 2280 psalmorum
1022 2213 1253 2282 hymnos
1276 2213 1448 2268 auxit.
1469 2213 1627 2268 Solus
1657 2228 1792 2267 vero
1829 2215 2009 2268 cibum

416 2321 612 2375 capere
635 2304 873 2370 solebat,
912 2303 1020 2374 (90
1055 2306 1074 2374 )
1118 2315 1228 2358 tum
1283 2307 1424 2372 quod
1456 2307 1580 2360 vino
1596 2307 1665 2360 ob
1694 2306 1890 2374 capitis
1918 2319 2013 2359 ca-

417 2396 587 2451 lorem
610 2411 832 2464 prorsus
863 2395 1162 2450 abstineret
1188 2396 1312 2464 (nisi
1341 2396 1393 2450 id
1427 2396 1565 2450 forte
1581 2407 1770 2450 mstate
1802 2406 2011 2449 tantum

415 2504 536 2541 rum
555 2503 828 2570 rosaceum
850 2487 964 2560 [9|]
985 2489 1237 2556 biberet),
1259 2501 1370 2542 tum
1387 2491 1548 2544 etiam
1571 2492 1713 2558 quod
1739 2505 1882 2561 aegro
1902 2500 2014 2544 sto-

414 2582 610 2635 macho
632 2590 794 2645 esset,
823 2591 879 2633 ut
911 2596 973 2636 ea
997 2579 1112 2634 fere
1143 2595 1264 2649 quae
1295 2581 1396 2647 ipsi
1429 2584 1866 2652 apponebantur,
1897 2597 2002 2636 non

415 2671 638 2736 ederet,
672 2671 764 2724 sed
801 2671 907 2724 alia
941 2686 1038 2741 pro
1067 2671 1152 2726 bis
1192 2683 1468 2741 appeteret
1500 2691 1514 2727 :
1548 2675 1706 2727 tertio
1759 2673 2012 2742 denique,

415 2762 559 2830 quod
591 2762 910 2832 frequenter
942 2764 1172 2834 negotiis
1202 2780 1425 2830 vacans,
1472 2766 1674 2836 absque
1702 2768 1824 2821 cibo
1871 2768 2014 2822 diem

417 2853 762 2922 transigeret.
793 2853 950 2908 Clero
995 2865 1174 2909 autem
1230 2855 1433 2926 rigidus
1467 2858 1629 2913 nimis
1659 2869 1820 2927 atque
1857 2867 2018 2929 asper

417 2946 719 3000 videbatur.
755 2947 818 3000 Et
843 2947 1107 3015 Serapion
1141 2948 1280 3018 (92)
1304 2948 1421 3016 ejus
1460 2949 1720 3005 diaconus
1743 2952 2018 3022 ingentem

419 3036 492 3090 illi
510 3037 760 3091 invidiam
778 3039 1166 3094 conflavit.Etsi
1185 3041 1378 3096 multos
1395 3043 1556 3095 etiam
1576 3042 1708 3097 alias
1723 3043 1792 3097 ob
1811 3058 2006 3098 causas

415 3138 653 3195 Joannes
671 3129 738 3184 ab
755 3130 994 3186 Ecclesia
1019 3134 1296 3204 relegavit.
1321 3133 1666 3188 Conﬂictatus
1698 3134 1891 3190 deinde
1907 3136 2005 3191 Se-

418 3223 604 3292 rapion
627 3225 786 3278 etiam
813 3239 933 3278 cum
972 3224 1266 3280 Severiano
1283 3226 1606 3281 Gabalorum
1625 3229 1898 3296 episcopo,
1929 3229 2013 3283 in-

417 3329 547 3383 gens
562 3315 718 3381 hujus
731 3316 987 3370 excitavit
1009 3316 1061 3371 in
1078 3315 1336 3372 Joannem
1359 3319 1563 3383 odium,
1581 3320 1722 3387 quod
1742 3321 1808 3373 ad
1832 3329 2013 3376 extre'

417 3422 562 3460 unum
582 3423 752 3477 usque
764 3409 1012 3478 spiritum
1029 3411 1570 3465 retinuit.Amabatur
1587 3422 1762 3466 tamen
1778 3411 2017 3468 Joannes

414 3497 670 3567 singulari
708 3500 928 3555 studioa
953 3499 1146 3568 populo
1175 3543 1190 3567 ,
1214 3502 1282 3556 ob
1300 3503 1518 3556 crebras
1573 3503 1626 3556 in
1658 3503 1857 3573 templo
1886 3519 2015 3559 con-

414 3585 636 3642 ciones:
672 3597 727 3640 ut
759 3589 871 3656 ipse
912 3589 1152 3643 vicissim
1186 3589 1359 3644 sancti
1387 3589 1538 3643 Pauli
1581 3591 1839 3664 epistolas
1864 3593 2016 3644 valde

415 3679 737 3744 adamabat,
771 3695 906 3748 quas
929 3692 983 3735 et
1005 3682 1336 3751 explanavit;
1370 3683 1625 3750 visusque
1647 3669 1734 3737 est
1761 3699 1788 3736 a
1821 3683 2015 3738 Proclo

421 3766 777 3838 (95)tribus
835 3773 1092 3826 continuo
1148 3773 1394 3828 noctibus
1467 3771 1665 3829 Paulus
1713 3776 2008 3842 apostolus.

423 3875 641 3912 suarum
687 3862 760 3915 illi
789 3878 1084 3932 suggerens
1107 3865 1456 3931 epistularum
1490 3868 2008 3935 interpretationem.

481 3946 715 4004 Oll'endit
760 3953 977 4022 insuper
995 3955 1290 4024 Augustam
1310 3954 1545 4012 Joannes
1573 3969 1794 4026 pr0pter
1821 3959 2006 4014 Theu-

414 4039 691 4095 dericbnm
713 4044 1150 4114 (9-l)patricinm.
1185 4045 1266 4100 Ab
1300 4047 1479 4116 iniqua
1523 4051 1665 4102 enim
1703 4051 2004 4113 exactione,

415 4130 836 4201 quamAugnsta
868 4135 1141 4202 exigebat,
1163 4153 1282 4189 cum
1310 4154 1451 4207 aegre
1480 4137 1995 4196 bominemliberas-

413 4228 534 4285 set,
577 4221 770 4292 illeque
817 4235 937 4292 post
998 4226 1310 4281 facultatum
1341 4230 1629 4285 maximam
1659 4244 1891 4302 partem,
1949 4243 2007 4288 ut

416 4311 712 4380 gratuitum
744 4313 852 4369 Dco
881 4322 1105 4384 donum,
1158 4319 1418 4374 Ecclesia:
1477 4324 1798 4392 pauperibus
1851 4327 2006 4380 attri-

424 4403 648 4470 buisset,
701 4405 756 4460 in
784 4407 918 4462 iram
943 4410 1069 4465 hinc
1099 4409 1341 4465 Eudoxia
1378 4413 1745 4482 invidiamque
1781 4418 2001 4472 incensa

2107 1941 2206 2012 τὴν
2224 1943 2550 2013 Μαρκίωνος
2565 1943 2776 2014 αἵρεσιν
2801 1942 2938 1995 κατά
2964 1942 3061 2011 τὴν
3085 1940 3378 2010 Ἀνατολὴν
3405 1941 3693 2007 φυομένην

2111 2031 2355 2101 ὲξένεμε.
2396 2033 2504 2084 Καὶ
2536 2031 2635 2095 τάς
2659 2031 2980 2103 νυκτερινὰς
3017 2029 3335 2100 ψαλμῳδίας
3383 2024 3687 2098 ἐπηύξησε.

2111 2125 2288 2186 Μόνος
2317 2123 2373 2176 δὲ
2405 2123 2614 2194 ἤσθιεν,
2651 2125 2733 2176 ὅτι
2775 2140 2835 2175 τε
2877 2121 3020 2176 οἶνον
3049 2120 3137 2175 διὰ
3169 2120 3269 2192 τὴν
3315 2119 3412 2190 τῆς
3442 2117 3695 2185 κεφαλῆς

2115 2214 2324 2284 θέρμην
2350 2215 2449 2266 οὐκ
2476 2213 2677 2278 ἔπινεν,
2704 2217 2752 2267 εί
2794 2214 2867 2285 μή
2910 2231 3014 2266 που
3045 2215 3102 2265 ὲν
3129 2211 3206 2282 τῷ
3241 2211 3388 2281 Θέρει
3415 2209 3508 2262 τὸν
3529 2208 3576 2240 ⁵⁹
3603 2207 3695 2260 διὰ

2117 2308 2270 2380 ῥόδου
2292 2307 2360 2370 σθ,
2387 2307 2481 2360 καὶ
2502 2308 2582 2360 ὃτι
2615 2307 2904 2370 κακόσιτος
2924 2305 2998 2359 ὢν
3027 2306 3126 2359 οὐκ
3150 2304 3348 2375 ἐχρῆτο
3369 2305 3483 2365 τοῖς
3514 2317 3696 2370 παρα-

2115 2399 2392 2469 κειμένοις
2451 2399 2600 2468 αὑτῷ
2652 2399 2945 2460 πολλάκις.
3005 2396 3118 2449 ἀλλ’
3151 2394 3267 2450 ἀντ’
3317 2393 3496 2448 αὐτῶν
3555 2392 3695 2446 ἄλλα

2114 2491 2394 2560 ἐπεζήτει,
2434 2490 2530 2544 καὶ
2569 2490 2750 2558 τρίτον
2773 2491 2852 2542 ὅτι
2891 2489 3152 2551 πολλάκις
3195 2489 3473 2559 σχολάζων
3504 2489 3698 2550 ἄσιτος

2115 2585 2181 2638 δι’
2219 2585 2435 2654 ἡμέρας
2487 2583 2700 2654 ἔμενεν.
2734 2584 2940 2636 Ἐδόκει
2984 2583 3040 2636 δὲ
3095 2582 3172 2652 τῷ
3226 2583 3414 2652 κλήρῳ
3457 2581 3698 2651 μάλιστα

2118 2677 2353 2747 σκληρὸς
2397 2672 2537 2729 εἶναι
2581 2677 2674 2729 καὶ
2701 2675 2928 2746 τραχύς.
2962 2676 3073 2728 Kal.
3102 2673 3386 2743 Σεραπίων
3413 2673 3472 2726 δὲ
3513 2673 3543 2725 6
3574 2672 3696 2726 διά-

2117 2786 2271 2832 κονος
2317 2767 2484 2822 αὑτοῦ
2541 2768 2740 2820 πολλοῦ
2792 2768 2982 2837 μίσους
3031 2765 3182 2836 αὑτῷ
3233 2765 3458 2840 γέγονεν
3497 2764 3696 2826 αίτιος.

2119 2861 2358 2923 Πολλοὺς
2386 2860 2443 2914 δὲ
2477 2861 2572 2913 καὶ
2599 2861 2627 2912 6
2652 2860 2694 2891 ⁶¹
2724 2859 2980 2925 Ἰωάννης
3003 2857 3195 2918 ἄλλους
3225 2856 3291 2910 δι’
3322 2854 3489 2918 άλλας
3513 2853 3698 2917 αἰτίας

2119 2952 2218 3022 τῆς
2241 2951 2576 3021 Ἐκκλησίας
2616 2950 2862 3017 ἐξέϐαλε.
2892 2947 3230 3020 Προσκρούει
3258 2946 3314 2999 δὲ
3344 2944 3632 3016 Σεραπίων
3651 2943 3698 2974 ⁸⁸

2121 3046 2214 3098 καὶ
2263 3044 2582 3114 Σεϐηριανῷ
2629 3044 2707 3114 τῷ
2739 3043 3018 3106 Γαϐάλων,
3059 3041 3155 3096 καὶ
3194 3040 3436 3094 τίκτεται
3479 3037 3700 3108 μεγάλη

2045 3183 2089 3242 C
2124 3132 2285 3185 αὐτοῦ
2311 3132 2449 3204 πρὸς
2467 3133 2564 3186 τὸν
2595 3133 2853 3203 Ἰωάννην
2879 3131 3070 3204 ἔχθρα,
3100 3131 3169 3202 ἢν
3198 3130 3293 3184 καὶ
3325 3128 3485 3198 μέχρι
3511 3127 3702 3242 τέλους

2123 3225 2431 3294 συνετήρει.
2473 3223 2534 3276 '0
2561 3223 2618 3276 δὲ
2651 3223 2779 3286 λαὸς
2824 3223 2916 3275 διά
2939 3223 3064 3283 τοὺς
3093 3225 3150 3276 ὲν
3192 3223 3258 3290 τῇ
3307 3218 3576 3289 ἐκκλησίᾳ
3605 3217 3700 3269 λό-

2119 3334 2250 3386 γους
2280 3315 2486 3386 σφόδρα
2530 3315 2723 3385 ἠγάπα
2753 3315 2844 3369 τὸν
2879 3314 3158 3383 Ἰωάννην.
3201 3311 3424 3379 Ἦγάπα
3457 3311 3518 3363 δὲ
3543 3301 3702 3371 οὗτος

2117 3411 2216 3472 τάς
2249 3408 2346 3461 τοῦ
2392 3408 2553 3476 ἁγίου
2606 3407 2822 3461 Παὺλου
2851 3405 3140 3467 ἐπιστολάς
3189 3405 3334 3467 λίαν,
3373 3402 3468 3456 καὶ
3509 3402 3701 3471 ήρμήυ

2118 3519 2272 3554 νευεν
2334 3500 2540 3561 αὑτάς·
2597 3497 2959 3568 ἐμφανίζεται
3009 3497 3067 3550 δὲ
3113 3496 3343 3567 Πρόκλῳ
3403 3494 3496 3546 ἐπὶ
3545 3493 3701 3563 τρεῖς

2118 3592 2247 3666 [257
2284 3590 2378 3664 3.]
2412 3590 2613 3650 νύκτας
2652 3588 3021 3660 ἑμπνεόμενος
3043 3589 3072 3641 6
3102 3587 3277 3658 μέγας
3308 3585 3561 3654 Ἰωάννης
3590 3581 3701 3636 ὑπὸ

2113 3686 2208 3739 τοῦ
2251 3683 2578 3738 Ἀποστόλου
2611 3683 2659 3715 ⁸³
2693 3683 2774 3746 είς
2807 3681 2906 3752 τὴν
2943 3680 3053 3734 τῶν
3098 3678 3403 3733 ἐπιστολῶν
3459 3673 3700 3731 αὑτοῦ⁶δ

2115 3777 2436 3848 ἑρμηνείαν.

2185 3868 2308 3920 Ὅτι
2334 3867 2666 3938 προσκρούει
2698 3867 2765 3937 τῇ
2795 3863 3039 3918 Βασιλίδι
3067 3861 3157 3917 διὰ
3185 3863 3578 3936 Θεοδὼριχον⁶⁵
3603 3865 3698 3918 τδν

2113 3959 2426 4030 πατρίκιον.
2460 3958 2572 4026 Τῆς
2604 3958 2704 4026 μὲν
2734 3957 2845 4028 γάρ
2885 3955 3198 4026 παραλόγου
3233 3957 3597 4028 εἰσπράξεως,
3628 3957 3698 4027 ἢν

2112 4051 2290 4104 ὲποίει
2328 4051 2361 4119 ἠ
2392 4050 2627 4119 βασιλὶς,
2661 4048 2815 4119 μόλις
2855 4047 3197 4101 ἀπαλλάσσει
3225 4047 3319 4100 τὸν
3349 4047 3548 4118 ἄνδρα·
3581 4049 3612 4101 6
3639 4048 3697 4101 δὲ

2107 4142 2288 4196 δίδωσι
2318 4142 2396 4212 τῷ
2421 4142 2520 4212 τῆς
2545 4141 2872 4210 Ἐκκλησίας
2891 4139 3143 4209 πτωχείῳ
3167 4139 3589 4212 εὑχαριστήριον
3617 4140 3696 4211 τῷ

2107 4234 2226 4306 Θεῷ
2246 4235 2307 4287 τὸ
2334 4233 2469 4288 πολὺ
2504 4233 2669 4304 μέρος
2692 4233 2857 4286 αὑτοῦ
2889 4233 2986 4301 τῆς
3015 4231 3324 4303 ὑπάρξεως,
3357 4231 3449 4299 ὑφ’
3468 4227 3532 4286 οὗ
3555 4232 3695 4302 πρὸς

2107 4327 2304 4380 κακίαν
2345 4327 2440 4380 καὶ
2487 4325 2740 4396 διαϐολὴν
2777 4324 3149 4395 ἀναφλέγεται
3191 4327 3224 4395 ἡ
3271 4325 3523 4391 Εὑδοξία.
3566 4324 3694 4379 Ὀτι

2107 4419 2408 4490 Εὐτρόπιος
2429 4418 2594 4486 νόμον
2625 4417 2835 4485 εἰσάγει
2865 4418 2991 4480 τοὺς
3017 4417 3342 4487 πρόσφυγας
3373 4418 3471 4486 τῆς
3494 4416 3697 4486 ἐκκλη-

419 4505 526 4552 cst.
567 4496 857 4570 Eutropius
887 4501 1000 4574 (95)
1031 4503 1201 4574 legem
1235 4504 1515 4560 ferendam
1547 4519 1784 4569 curarat,
1827 4526 1893 4563 ne
1934 4512 1998 4564 ad

2117 4515 2230 4574 σίας
2269 4511 2345 4582 μὴ
2383 4511 2674 4580 τυγχάνειν
2713 4508 2810 4562 τοῦ
2834 4509 2937 4581 τῆς
2979 4509 3206 4574 ἀσυλίας
3237 4511 3559 4581 προνομίου,
3596 4510 3695 4564 καὶ

1708 4617 1940 4672 VARIE
1980 4619 2390 4676 LECTIONES.

481 4723 526 4755 ⁵⁸
568 4725 1026 4807 κατέστρειρενις.
1197 4729 1291 4807 τδν
1327 4745 1407 4807 pr.
1562 4729 1621 4807 τὸ
1650 4747 1708 4794 ς.

415 4807 535 4847 cum
562 4796 606 4846 A
628 4796 784 4850 omisi
814 4797 1050 4851 Παύλου.
1125 4800 1171 4830 ⁸⁸
1204 4798 1370 4851 αὑτοῦ
1399 4802 1522 4854 add.
1558 4801 1622 4851 A.

1816 4731 1860 4761 ⁶⁰
1889 4733 2053 4800 ῥόδων
2073 4751 2132 4796 ς.

1705 4802 1748 4831 ⁸⁸
1781 4801 2105 4872 Θευδέριχον
2129 4819 2272 4857 (ὉΓΓ.
2303 4804 2365 4857 Λ.

2214 4735 2252 4763 ⁶¹
2287 4736 2314 4785 6
2343 4748 2450 4786 om.
2482 4733 2545 4784 A.
2627 4734 2672 4764 ⁵⁸
2694 4733 2982 4802 Σαραπιων
3009 4730 3077 4785 Α.
3156 4728 3200 4762 ⁸³
3221 4739 3343 4799 post
3380 4730 3688 4784 ἀποστόλου

1923 4913 2156 4970 NOTAE.

487 5017 632 5095 (87)
661 5019 1068 5095 συνεισάκτους,
1104 5023 1218 5077 sive
1251 5025 1720 5091 subiutrodnctas,
1777 5036 1833 5081 ct
1869 5028 2010 5095 ἀγά-

412 5088 590 5161 πητάς
619 5092 900 5161 vocabant,
932 5093 995 5145 de
1015 5095 1212 5161 quibus
1243 5095 1303 5148 D.
1340 5097 1532 5150 Barnu.
1555 5109 1592 5150 t.
1612 5095 1684 5157 ν,
1707 5088 1847 5152 ⁷ιιιιιι.
1872 5088 2003 5153 Chr.

407 5159 604 5238 gill8,e_t
631 5158 689 5213 Β.
719 5158 1378 5238 ϐτςβηΝιιῑίΞιηῑηςατῃι.
1403 5166 1471 5218 ad
1511 5165 1710 5238 Ytrgin.
1737 5183 1880 5222 vers.
1905 5169 2004 5235 96;

407 5230 724 5304 {inuasisque
777 5230 1247 5304 distiq._vers.15.
1277 5236 1460 5304 Ejusd.
1511 5230 1641 5292 item
1694 5230 2003 5292 Comment.

408 5299 622 5354 Ncetas
647 5301 697 5354 in
731 5311 870 5356 orat.
911 5301 999 5354 45.

481 5369 932 5494 ἓδέῃὲεξέἕιήἰαηι
950 5369 1278 5428 Theodoret.
1309 5383 1361 5429 et
1385 5375 1604 5447 Nicepb.
1625 5394 1743 5448 cap.
1762 5377 1820 5443 2,
1844 5379 2003 5434 item-

409 5455 510 5496 tlllt‘.
533 5455 779 5496 baSSIOtl.

425 5455 510 5507 pte
533 5455 779 5496 basswu.

478 5510 499 5582 (
515 5510 584 5582 89
612 5509 633 5582 )
668 5511 821 5582 apud
859 5508 1140 5565 Osrownos
1167 5511 1392 5582 Niceph.

482 5580 630 5650 (90)
657 5580 774 5646 Quo
809 5594 937 5634 vero
960 5583 1183 5637 consilio
1217 5584 1265 5634 id
1303 5580 1392 5636 ille
1411 5583 1632 5650 fecerit,
1662 5603 1818 5640 nemo
1845 5589 1995 5643 clare

407 5648 757 5774 tlixbi'l,lillqltllil
777 5649 996 5720 Nicepb.
1019 5651 1205 5708 Plurcs
1231 5655 1468 5710 rationes
1486 5648 1768 5726 videapud
1790 5658 1990 5712 l’allad.

407 5736 437 5774 υ
542 5737 572 5774 e
601 5736 666 5774 an
713 5735 757 5774 r.

405 5730 461 5774 οι
492 5729 757 5776 Metaobr.

492 5737 757 5790 metapnr.

481 5790 712 5861 (91)διά
750 5790 944 5861 ῥόδων,
974 5793 1114 5862 quod
1139 5793 1350 5864 ῥοδίτην
1384 5797 1590 5851 vocavit
1615 5795 1795 5852 Diosc.
1826 5799 1988 5865 lib.v,

2183 5031 2295 5102 (92)
2322 5031 2395 5087 De
2419 5045 2526 5098 quo
2539 5029 2761 5102 Niceph.
2780 5044 2897 5098 cap.
2908 5029 2965 5102 9,
2981 5028 3294 5102 et‘Cassiod.
3316 5031 3437 5086 init.
3470 5032 3610 5090 Vita:
3630 5035 3689 5092 Β.

2112 5099 2396 5174 Clujysost.
2413 5102 2582 5168 Quem
2598 5099 3025 5174 etiamacerbius
3043 5099 3252 5174 incusat
3267 5100 3375 5174 Leo
3396 5103 3526 5174 imp.
3546 5118 3689 5162 orat.

2111 5172 2162 5243 in
2191 5168 2250 5225 ις’.
2281 5172 2565 5243 Chrysost.
2585 5185 2746 5238 quant
2771 5168 2929 5234 hujus
2944 5168 3157 5243 Georgii
3190 5172 3414 5243 vestigia
3446 5168 3692 5242 proxime

2109 5238 2484 5309 insectandos,
2537 5249 2738 5294 tantum
2777 5255 2878 5292 non
2931 5238 3000 5293 ad
3034 5239 3255 5294 verbum
3311 5238 3693 5300 Hittc'vldetur

2106 5313 2532 5380 transcripsisse.

2175 5382 2292 5451 (95)
2331 5378 2608 5452 Chrysost.
2635 5380 2720 5432 hic
2755 5379 2985 5452 primum
3015 5378 3213 5444 scriba,
3255 5395 3318 5434 ac
3342 5383 3528 5452 multo
3574 5394 3693 5452 post

2102 5450 2345 5520 tempore
2376 5450 2770 5575 ιὲέρρίεεορυιυ
2811 5450 2973 5503 etiam
3009 5464 3311 5505 successor.
3334 5450 3688 5522 Niceph.‘lib.

2103 5537 2212 5575 xiv.
2248 5539 2364 5575 can.
2462 5559 2478 5574 .

2103 5537 2212 5578 xw.
2248 5539 2364 5588 cup.
2386 5537 2478 5575 ιδ.

2173 5592 2284 5660 (94)
2323 5590 2716 5665 Theodericum
2744 5591 2842 5665 “al.
2897 5594 3021 5649 vide
3059 5590 3358 5661 Metuphnr.
3427 5595 3516 5650 Itic
3571 5602 3692 5665 post

2104 5678 2321 5718 causam
2351 5661 2632 5724 Antonini,
2669 5661 2895 5729 Pallad,
2925 5676 3032 5720 etc.

2175 5729 2288 5803 (95)
2328 5729 2548 5802 Niccph.
2585 5734 2696 5787 hmo
2728 5734 2910 5799 refert,
2937 5750 3056 5801 cap.
3084 5733 3134 5788 4.
