3942 6234
428 371 530 456 351

1588 375 1854 442 PHOTII
1880 377 2384 441 PATRIARCHIE
2422 381 2532 444 (ΣΡ.

3565 379 3655 443 352

431 503 594 566 atque
619 505 716 563 per
741 491 954 549 dicendi
999 493 1227 565 gratiam
1260 507 1372 547 rem
1406 493 1624 548 auxisse
1659 494 2009 559 familiarem,

2139 513 2262 550 ιατα
2282 494 2372 549 διά
2403 495 2502 566 τὴν
2527 493 2816 567 ῥητορείαν
2845 492 3010 548 αὐτοῦ
3043 492 3434 563 συλλεξάμενον
3461 495 3552 548 καὶ
3569 495 3656 550 αύ-

431 584 621 640 eod'em
667 593 723 639 et
773 585 885 654 ipse
912 586 1161 641 accessit.
1206 584 1342 639 Huic
1385 583 1803 654 igiturJoannes
1829 585 2007 655 Ephe-

2139 587 2201 651 ὸς
2255 586 2639 660 παραγίνεται,
2690 586 2966 642 διδάσκειν
3013 585 3070 640 δὲ
3114 583 3279 639 αὐτὸν
3309 585 3553 656 ἀπαίρων
3591 590 3660 654 είς

431 693 552 731 sum
597 677 970 748 proficiscens,
1021 692 1171 740 suas,
1209 679 1335 732 dum
1373 678 1608 743 abesset,
1665 678 1891 734 docendi
1954 677 2008 734 in

433 767 676 825 Ecclesia
713 770 861 826 vices
889 769 1309 826 commendavit.
1359 771 1497 827 Hinc
1527 786 1659 842 ergo
1691 771 2007 841 imperatori

434 862 766 917 Severianus
799 861 1165 932 omnibusque
1193 863 1329 919 adeo
1358 865 1616 920 innotuit.

502 954 546 1007 A
568 951 864 1024 Callitropa
884 953 982 1026 ('5),
1003 957 1348 1024 pronauclcri
1379 959 1658 1028 cujusdam
1689 961 1874 1025 vidua,
1902 963 2011 1018 ini-

432 1060 554 1114 qua
606 1046 964 1116 exigebantur
983 1045 1184 1102 multa.
1205 1047 1490 1104 Paulacius
1521 1066 1647 1105 vero
1667 1051 1812 1122 διὸ
1842 1053 2008 1110 Alex-

434 1137 638 1191 andria
666 1137 980 1204 Augustalis
1028 1139 1113 1194 his
1176 1141 1568 1211 exprimendis,
1611 1159 1730 1214 qua
1761 1161 2012 1203 nummo-

434 1246 555 1285 rum
585 1230 1004 1301 quingentorum
1040 1247 1306 1286 summam
1330 1233 1714 1302 conficiebant,
1757 1235 2013 1291 miseram

435 1325 750 1379 exercebat.
779 1323 1034 1396 Confugit
1056 1325 1171 1381 hac
1199 1326 1264 1380 ad
1291 1326 1611 1398 Augustam,
1634 1342 1755 1397 qua
1779 1344 1808 1384 a
1827 1327 2018 1384 Paula-

434 1420 520 1473 cio
553 1420 671 1474 auri
705 1419 870 1474 libras
891 1428 1108 1474 centum
1137 1419 1316 1475 multa
1347 1420 1564 1474 nomine
1586 1422 1766 1492 exegit
1791 1439 1804 1478 :
1833 1438 1864 1478 e
1894 1423 2016 1494 qui-

437 1512 538 1567 bus
602 1521 784 1567 tamen
832 1513 1034 1567 misere
1085 1512 1212 1566 huic
1260 1511 1472 1569 alllicta
1534 1514 1870 1570 muliercula
1923 1530 2016 1571 sex

440 1611 647 1656 tantum
703 1613 758 1656 et
812 1603 1032 1672 triginta
1079 1603 1282 1658 nummi
1323 1615 1626 1661 cesserunt.
1698 1605 1793 1662 llla
1852 1607 2021 1679 igitur

437 1693 589 1747 velut
610 1694 661 1748 in
698 1709 1039 1750 communem
1070 1704 1394 1760 tempestate
1417 1695 1746 1766 jactatorum
1779 1708 2017 1768 portum,

439 1785 506 1838 ad
555 1801 808 1854 magnum
856 1801 915 1841 se
947 1788 1148 1856 recepit
1175 1784 1439 1844 Joannem
1476 1804 1490 1844 :
1529 1789 1624 1860 qui
1659 1805 1785 1845 mox
1841 1790 2018 1848 dicam

440 1848 694 1932 Paulacio
728 1878 950 1948 scripsit
989 1880 1056 1934 de
1073 1848 1400 1951 'quingentis
1441 1848 1616 1936 viduae
1671 1881 1852 1938 aureis
1899 1896 2022 1952 ρετ-
2052 1848 2096 1905 Β

440 1969 737 2024 solvendis.
814 1969 1059 2024 Eudoxia
1103 1972 1228 2026 hinc
1259 1971 1600 2038 isimultatem
1648 1988 1770 2029 cum
1815 1971 2025 2029 Joanne

441 2062 703 2129 suscepit,
752 2061 981 2117 liberum
1023 2063 1220 2120 dimitti
1257 2063 1567 2120 Paulacium
1595 2075 1884 2135 satagens;
1927 2081 2026 2124 ne-

443 2167 549 2222 que
581 2163 758 2208 tamen
809 2153 859 2208 ei
915 2169 1034 2210 mos
1083 2155 1310 2224 geritur,
1362 2156 1454 2212 sed
1490 2155 1634 2227 justa
1669 2157 2026 2216 nihilominus

445 2243 726 2311 postulans
750 2243 932 2314 justus
952 2247 1169 2316 praesul,
1202 2248 1345 2317 quod
1375 2263 1468 2318 per
1493 2247 1644 2306 nefas
1668 2247 1758 2304 ille
1787 2250 2025 2308 retinue-

444 2346 548 2402 rat,
583 2335 777 2406 injuria
825 2337 1032 2394 aliecta
1063 2339 1275 2396 mulieri
1325 2343 1582 2398 restituit.
1635 2340 1753 2408 Qua
1792 2344 1845 2398 in
1888 2359 1947 2400 re
1971 2352 2028 2400 et

445 2423 764 2479 miraculum
791 2425 1008 2481 accidit.
1051 2426 1351 2484 Extrahere
1378 2431 1522 2484 enim
1553 2429 1866 2486 Paulacium
1895 2431 2025 2487 dum

446 2515 624 2569 studet
655 2513 918 2580 Eudoxia,
954 2515 1038 2569 vel
1071 2517 1238 2572 invito
1258 2516 1488 2583 Joanne,
1533 2533 1660 2576 ecce
1688 2521 1783 2576 tibi
1816 2521 2027 2576 hastam

449 2604 632 2660 ferens
675 2605 903 2675 angelus
963 2607 1235 2680 apparuit,
1286 2610 1376 2678 qui
1429 2611 1625 2666 missos
1675 2611 1743 2667 ab
1783 2611 2025 2681 Augusta

448 2691 715 2747 satellites
763 2701 976 2750 terrore
1026 2695 1330 2764 percellens
1374 2696 1475 2768 (4),
1542 2713 1610 2752 ne
1649 2699 1903 2753 mandata
1952 2698 2029 2754 illi

449 2796 930 2856 persequerentur,
989 2787 1187 2844 effecit.
1223 2786 1302 2844 Ex
1348 2789 1434 2844 his
1477 2806 1606 2861 ergo
1643 2801 1802 2860 atque
1836 2792 2032 2846 simili-

450 2880 552 2936 lms
581 2880 603 2953 [
627 2881 902 2950 praclaris
929 2881 1072 2936 beati
1103 2880 1331 2937 Joannis
1364 2881 1703 2937 facinoribus
1727 2881 1748 2955 ]
1796 2885 2032 2940 Aeacius

451 2970 747 3037 llerrhma,
795 2970 1155 3042 Theophilus,
1211 2971 1533 3038 Antiochus,
1592 2984 1648 3027 et
1680 2971 2031 3044 Severianus,

2115 680 2347 749 Ἔφεσον
2383 679 2412 732 6
2457 679 2632 750 μέγας
2671 679 2924 749 Ἰωάννης
2975 679 3092 732 ἀντ’
3133 677 3300 732 αὑτοῦ
3331 678 3416 731 ἐπ’
3452 679 3661 752 Ἐκκληο

2113 771 2237 836 σίας
2259 771 2307 804 ⁷³
2362 770 2672 843 ἐπιτρέπει,
2718 771 2778 837 ἐξ
2820 765 2882 826 οὗ
2923 771 3019 826 καὶ
3059 770 3138 843 τῷ
3178 769 3392 842 βασιλεῖ
3426 773 3517 825 καὶ
3549 774 3664 827 πᾶσι

2115 861 2393 933 γνώριμος
2421 862 2652 932 γίνεται.

2189 955 2314 1009 Ὀτι
2352 955 2704 1026 Καλλιτρόπη
2748 956 2785 1026 ἠ
2817 955 2964 1026 χήρα
3005 954 3141 1025 γυνή
3179 971 3325 1019 τινος
3349 956 3671 1027 προναυκλή-

2120 1063 2213 1117 ρου
2261 1047 2465 1119 ζημίας
2534 1046 2923 1118 εἰσπράττεται
2969 1046 3338 1118 παραλόγους.
3386 1046 3672 1112 Παυλὰκιος

2118 1136 2164 1191 δ’
2189 1133 2259 1208 ἦν
2302 1139 2331 1191 6
2358 1139 2459 1207 τῆς
2512 1138 2920 1210 Ἀλεξανδρείας
2957 1139 3346 1208 αύγουστάλιος
3378 1139 3409 1192 6
3445 1141 3560 1204 ταῖς
3587 1139 3674 1212 ζηο

2121 1228 2276 1299 μίαις
2304 1229 2572 1301 ἐκτρίϐων
2607 1230 2670 1284 τὺ
2692 1229 2934 1300 γύναιον,
2968 1232 3050 1295 είς
3095 1232 3426 1285 πεντακόσια
3453 1230 3510 1284 δὲ
3539 1232 3674 1300 νομί-

2119 1336 2302 1390 σματα
2337 1321 2781 1394 ἐκεφαλαιοῦτοή
2816 1321 3008 1393 ζημία.
3044 1323 3158 1377 Καὶ
3187 1321 3523 1392 καταφεύγει
3547 1323 3673 1394 αὕτη

2121 1411 2260 1482 πρὸς
2291 1412 2392 1486 τὴν
2442 1413 2788 1484 βασίλισσαν,
2845 1416 2942 1468 καὶ
2967 1415 3283 1469 ἀπαιτεῖται
3321 1417 3350 1468 6
3390 1414 3678 1479 Παυλάκιος

2121 1503 2348 1576 χρυσίου
2375 1503 2565 1577 λίτρας
2600 1505 2794 1560 ἑκατόν
2817 1520 2831 1534 ·
2881 1505 2944 1558 τὸ
2965 1505 3023 1559 δὲ
3081 1507 3562 1578 ἐκτετρυχωμένον
3596 1506 3681 1577 γύ-

2121 1612 2292 1662 ναιον,
2317 1595 2586 1668 λαμϐάνει
2637 1597 2774 1667 μόνα
2843 1597 2933 1663 λς’
2971 1598 3310 1669 νομίσματα.
3367 1599 3681 1670 Προστρέχει

2121 1687 2304 1743 τοίνυν
2335 1688 2414 1760 τῷ
2459 1688 2626 1760 κοινῷ
2658 1689 2768 1742 τῶν
2812 1690 3224 1762 χειμαζομένων
3261 1691 3463 1762 λιμένι,
3492 1692 3568 1762 τῷ
3599 1711 3685 1764 με·

2125 1781 2276 1852 γάλῳ
2329 1782 2574 1855 Ἰωάννῃ.
2627 1783 2856 1852 Ἀγεται
2903 1784 3035 1850 παρ’
3091 1783 3257 1837 αὐτοῦ
3318 1786 3346 1838 6
3395 1785 3687 1849 Παυλάκιος

2125 1875 2525 1947 ἀπαιτούμενος
2557 1877 2625 1932 τὰ
2666 1877 2994 1932 πεντακόσια
3035 1878 3134 1948 τῆς
3172 1879 3347 1948 χήρας
3370 1877 3687 1948 νομίσματα.

2126 1967 2338 2022 Γίνεται
2371 1969 2508 2040 πρὸς
2533 1969 2697 2022 αὑτὸν
2739 1969 2772 2038 ἡ
2809 1968 3034 2034 Εὺδοξία
3068 1968 3136 2023 δι’
3173 1967 3406 2039 ἔχθρας,
3451 1967 3690 2038 ἀνεθῆναι

2124 2061 2216 2116 τὸν
2279 2061 2585 2115 Παυλάκιον
2643 2060 2946 2114 σπεύδουσα
2988 2061 3085 2115 καὶ
3147 2062 3248 2132 οὐχ
3299 2061 3690 2133 ὑπακουομένη.

2128 2152 2318 2221 Ὅμως
2361 2151 2675 2220 ἀπαιτήσας
2719 2151 2748 2202 6
2787 2151 2996 2214 δίκαιος
3036 2150 3217 2204 δίδωσι
3253 2152 3315 2203 τὸ
3358 2149 3600 2219 ἀδίκημα
3632 2150 3692 2218 τῇ

2127 2242 2454 2314 ἠδικημένη.
2510 2243 2596 2294 Ἐν
2635 2235 2682 2310 ᾧ
2726 2241 2822 2295 καὶ
2861 2240 3048 2312 θαῦμα
3092 2242 3295 2310 γίνεται
3334 2258 3350 2272 ο
3390 2241 3694 2294 ἀποσπάσαι

2127 2337 2238 2408 γὰρ
2267 2337 2478 2408 πέμπει
2507 2335 2555 2368 ’⁸
2584 2335 2618 2406 η
2649 2334 2876 2400 Εὐδοξία
2900 2335 2993 2388 τὸν
3025 2333 3336 2388 Παυλάκιον
3361 2333 3460 2386 καὶ
3487 2335 3697 2396 ἄκοντος

2129 2428 2402 2494 Ἰωάννου,
2433 2426 2664 2496 ἄγγελος
2684 2425 2743 2479 δὲ
2773 2424 3102 2496 λογχοφόρος
3132 2425 3324 2495 φανεὶς
3347 2424 3443 2478 καὶ
3468 2423 3696 2495 φοϐήσας

2130 2523 2257 2586 τοὺς
2298 2523 2706 2587 ἀποσταλέντας
2750 2521 3073 2593 ἀπράκτους
3111 2521 3368 2588 ἐποίησεν
3400 2520 3473 2573 ⁷⁸.
3531 2517 3623 2572 Ἐκ
3647 2516 3699 2570 δὲ

2131 2615 2338 2668 τούτων
2365 2613 2456 2668 καὶ
2486 2611 2743 2667 τοιούτων
2787 2611 3043 2674 Ἀκάκιος
3071 2612 3099 2664 6
3124 2611 3352 2683 Βεροίας
3385 2609 3434 2641 ⁷⁸
3457 2609 3550 2663 καὶ
3575 2608 3696 2662 Θεό-

2133 2706 2285 2778 φιλος
2316 2706 2411 2759 καὶ
2431 2705 2707 2777 Ἀντίοχος
2745 2705 2841 2759 καὶ
2884 2703 3216 2775 Σεϐηριανὸς
3258 2698 3698 2772 συλλαμϐανομέ-

2133 2816 2231 2868 νης
2264 2797 2520 2862 Εύδοξίας
2547 2796 2641 2850 καὶ
2666 2793 3192 2868 προκαταρχομένης
3216 2792 3555 2863 σκευωροῦσι
3570 2792 3610 2822 ⁷⁷
3639 2789 3704 2844 τὰ

2135 2887 2278 2942 κατά
2302 2889 2394 2941 τὸν
2439 2889 2716 2959 Ἰωάννην,
2751 2887 2962 2942 πολλῶν
2987 2889 3081 2943 καὶ
3107 2887 3282 2944 ἄλλων
3304 2885 3702 2957 συνεπομένων,

2137 2978 2232 3044 οὒς
2265 2980 2504 3050 ἐλέγχων
2546 2978 2759 3036 ἐλύπει.

452 3065 743 3136 adjuvante
778 3067 1011 3123 maxime
1055 3077 1218 3137 atque
1271 3077 1545 3134 praeunte
1599 3067 1886 3139 Eudoxio,
1951 3074 2200 3147 improba
2259 3077 2348 3130 illa
2408 3075 2461 3131 in
2522 3073 2786 3130 Joannem
2850 3073 3076 3130 consilia
3127 3072 3304 3129 moliri
3362 3081 3644 3144 coeperunt
3690 3089 3704 3128 ι

454 3161 765 3217 subsecutis
815 3161 1101 3217 confestim
1147 3169 1202 3217 et
1261 3161 1383 3216 aliis
1445 3161 1650 3227 multis,
1691 3165 1888 3232 quibus
1944 3168 2035 3226 ille
2072 3172 2186 3229 suis
2211 3169 2674 3240 increpationibus
2697 3167 2956 3224 molestus
2981 3165 3179 3222 fuerat.

523 3257 861 3327 Theophilus
883 3257 960 3330 (5)
998 3260 1213 3313 Petrum
1256 3258 1600 3314 Alexandria
1644 3262 2029 3336 archipresby-
2055 3268 2101 3332 C

459 3361 632 3405 terum
699 3353 800 3406 hoc
860 3352 1078 3406 nomine
1144 3351 1453 3418 accusavit,
1518 3354 1660 3421 quod
1721 3353 2037 3414 Manichaee

459 3443 670 3498 nmlieri
707 3443 1093 3499 eucharistiam
1140 3444 1474 3500 tradidisset.
1517 3445 1616 3501 llic
1657 3462 1786 3504 vero
1828 3465 1926 3518 pro
1953 3451 2039 3506 sui

457 3533 776 3590 defensione
801 3533 1080 3604 afferebat,
1135 3546 1189 3592 et
1217 3551 1534 3592 conversam
1595 3537 1740 3594 illam
1794 3555 1938 3604 esse.
1986 3551 2042 3598 et

460 3628 673 3682 nonnisi
726 3629 843 3697 ejus
862 3630 1018 3700 jussu
1042 3629 1427 3700 mysteriorum
1467 3631 1787 3701 participem
1815 3632 2038 3690 factam.

460 3719 578 3784 Qua
610 3721 662 3774 in
709 3736 766 3774 re
801 3722 922 3776 fidei
970 3730 1166 3775 testem
1199 3723 1434 3779 laudavit
1464 3720 1726 3777 Isidorum
1765 3725 2044 3797 presbyteg‘

465 3827 607 3878 rmn,
660 3814 884 3869 advenis
939 3813 1288 3869 Alexandria
1332 3816 1659 3883 recipiendis
1705 3816 2040 3886 prafectnm.

465 3904 565 3959 llic
588 3904 678 3959 ille
705 3915 810 3970 est,
847 3919 1008 3974 quem
1045 3905 1114 3959 ob
1141 3905 1399 3961 virtutem
1432 3904 1765 3974 Theophilus
1795 3918 1950 3966 antea
1976 3909 2044 3963 ad

468 3997 759 4051 Damasum
812 3997 1058 4059 miserat,
1113 3997 1316 4066 quique
1356 3997 1612 4064 Flaviano
1639 3995 1714 4066 (6)
1748 3999 2045 4072 amicitiam

464 4088 634 4143 Roma
688 4089 1120 4160 societatemque
1169 4090 1452 4156 attulerat,
1504 4106 1625 4145 cum
1671 4092 1782 4164 jam
1851 4092 2050 4148 vicesi-

469 4197 612 4234 mum
651 4196 851 4234 annum
884 4191 1112 4250 utraque
1143 4178 1382 4236 Ecclesia
1417 4183 1484 4237 ab
1524 4182 1692 4237 altera
1733 4183 2046 4240 dissideret.

469 4273 592 4339 llic,
617 4273 860 4342 inquam,
882 4273 1118 4327 Isidorus
1133 4272 1427 4327 secundum
1448 4272 1662 4328 Petrum
1679 4273 2048 4329 testimonimn

469 4365 628 4422 dixit.
681 4363 866 4430 Quare
892 4362 1230 4428 Theophilus
1281 4363 1358 4417 ira
1396 4363 1677 4431 incensus,
1713 4364 1929 4420 Petrum
1955 4381 2052 4422 ex-

472 4456 670 4528 templo
696 4456 933 4512 Ecclesia
963 4457 1257 4520 submovit,
1319 4457 1370 4510 in
1423 4456 1687 4511 Isidorum
1735 4473 1865 4512 vero
1899 4457 2050 4512 illum

469 4551 846 4606 admirandum
874 4550 1073 4615 virum,
1120 4565 1256 4620 quas
1291 4548 1637 4620 impudicitia
1660 4548 1846 4618 plenas
1879 4549 2052 4604 finxe-

473 4653 558 4698 rat
590 4643 823 4712 tabnlas,
856 4641 1102 4713 protulit,
1139 4651 1194 4697 et
1224 4655 1450 4708 puerum
1481 4653 1852 4696 accusatorem
1879 4642 2052 4712 pretio

474 4737 812 4792 subornavit.
874 4734 1026 4802 Quod
1086 4735 1177 4790 ubi
1238 4733 1448 4789 facinus
1501 4733 1897 4803 deprehensum
1943 4744 2049 4801 est,

476 4829 649 4897 magis
677 4828 840 4883 etiam
893 4827 1175 4882 iracundia
1209 4825 1544 4896 Theophilus
1579 4826 1872 4880 excanduit
1901 4842 1915 4880 :
1948 4826 2050 4882 etsi

479 4919 566 4975 illa
599 4934 813 4990 quoque
843 4919 946 4972 alia
995 4933 1064 4972 ex
1095 4933 1254 4974 causa
1303 4933 1528 4974 accensa
1571 4926 1676 4972 est.
1732 4916 1874 4973 Mille
1904 4917 2051 4974 enim

481 5027 748 5077 nummos,
806 5027 944 5084 quos
1009 5010 1260 5086 inopibus
1316 5010 1718 5065 distribuendos
1775 5007 2053 5072 Theodota

481 5106 768 5175 tribuerat,
803 5106 1042 5162 Isidorus
1075 5115 1361 5175 acceperat
1389 5113 1445 5159 et
1479 5102 1856 5168 distribuerat,
1915 5102 2053 5158 nihil

2206 3267 2329 3322 Ὅτι
2351 3263 2610 3336 Θεόφιλος
2626 3263 2832 3334 Πέτρον
2849 3263 2942 3317 τὸν
2961 3258 3424 3334 πρωτοπρεσϐύτε
3430 3277 3528 3332 ρον
3541 3257 3706 3326 Ἀλεξ⁶

2139 3358 2392 3430 ἀνδρείας
2425 3359 2484 3411 ὲν
2547 3357 2700 3428 αἰτίᾳ
2743 3356 2984 3410 ἐποιεῖτο
3019 3353 3094 3416 ὡς
3120 3353 3342 3423 γυναικὶ
3370 3353 3647 3424 Μανιχαίᾳ
3671 3349 3712 3384 ’⁸

2139 3452 2248 3506 τῶν
2279 3448 2596 3522 μυστηρίων
2632 3447 2931 3520 μεταδόντα
2953 3461 2970 3478 ⁸
2994 3448 3024 3500 6
3050 3446 3108 3500 δὲ
3132 3445 3456 3512 ἀπελογεῖτο
3479 3444 3606 3518 [M5
3629 3439 3714 3514 IL]

2142 3542 2240 3602 καὶ
2274 3540 2686 3613 μετατεθεῖσθαι
2723 3539 2894 3610 αὐτὴν
2940 3538 3038 3592 καὶ
3076 3539 3144 3610 τῇ
3195 3537 3409 3591 ἐκείνου
3452 3536 3716 3606 ἐπιτροπῇ

2141 3635 2251 3690 τῶν
2277 3632 2592 3704 μυστηρίων
2632 3631 2802 3702 αὐτὴν
2834 3629 3087 3695 ἀξιῶσαι,
3116 3629 3212 3684 καὶ
3249 3627 3472 3699 παρῆγε
3505 3626 3599 3681 τοῦ
3627 3624 3720 3689 i16-

2145 3743 2244 3795 γου
2289 3725 2546 3796 μάρτυρα
2592 3723 2861 3794 Ἰσίδωρον
2881 3721 2973 3774 τὸν
2997 3719 3367 3790 πρεσϐύτερον
3392 3717 3491 3772 καὶ
3521 3715 3719 3783 ξενοδό-

2145 3835 2237 3889 χον
2259 3817 2357 3887 τῆς
2386 3814 2816 3887 Ἀλεξανδρείας.
2867 3806 3037 3877 Οὗτός
3065 3815 3212 3866 ἐστιν
3235 3811 3264 3864 6
3291 3810 3382 3864 διὰ
3421 3810 3525 3882 τὴν
3560 3806 3720 3864 αὐτοῦ

2145 3910 2348 3980 ἀρετὴν
2402 3908 2556 3980 παρὰ
2607 3907 2868 3975 Θεοφίλου
2931 3903 3124 3979 [πάλαι
3167 3903 3240 3977 ⁷⁸]
3297 3903 3434 3976 πρὸς
3476 3901 3725 3973 Δαμασδν

2149 4002 2386 4066 σταλεὶς,
2445 4001 2540 4055 καὶ
2593 3999 2830 4070 κομίσας
2864 3999 2972 4052 ἀπὸ
3035 3996 3255 4068 Ῥώμης
3299 3994 3587 4064 Φλαϐιανῷ
3630 3992 3726 4064 τὴν

2149 4094 2421 4164 ἀποδοχὴν
2453 4095 2547 4147 καὶ
2575 4091 2676 4162 τὴν
2712 4091 2850 4162 πρὸς
2879 4090 3042 4144 αὑτὸν
3075 4089 3361 4142 κοινωνίαν
3387 4128 3402 4152 ,
3434 4087 3531 4140 ἐπὶ
3557 4086 3728 4139 ἐτεσιν

2150 4186 2323 4240 εἰκοσι
2342 4185 2751 4258 διαφερομένων
2767 4183 2876 4236 τῶν
2902 4181 2995 4235 δύο
3029 4179 3370 4250 Ἐκκλησιῶν
3407 4179 3548 4250 πρὸς
3573 4177 3728 4247 ἀλλή-

2150 4279 2271 4339 λας.
2317 4279 2374 4332 Ὁ
2408 4278 2466 4332 δὲ
2521 4277 2791 4348 Ἰσίδωρος
2820 4274 3124 4347 ἐμαρτύρει
3177 4275 3397 4343 Πέτρῳ,
3436 4271 3536 4326 καὶ
3568 4270 3731 4348 ὠργί-

2153 4371 2275 4434 ζετο
2318 4373 2346 4423 6
2373 4368 2653 4436 Θεόφιλος.
2709 4369 2820 4422 Καὶ
2850 4367 2942 4420 τὸν
2991 4366 3091 4436 μὲν
3137 4365 3342 4434 Πέτρον
3385 4361 3591 4416 αὐτίκα
3635 4359 3732 4429 τῆς

2165 4461 2490 4532 Ἐκκλησίας
2513 4458 2720 4524 διώκει,
2747 4458 2890 4512 κατά
2918 4456 3191 4527 Ἰσιδώρου
3217 4455 3273 4508 δὲ
3301 4453 3396 4507 τοῦ
3425 4450 3733 4524 θαυμασίου

2155 4554 2360 4625 χάρτην
2394 4551 2684 4620 ἀσελγείας
2715 4550 3036 4622 συμπλάσας
3075 4547 3403 4620 προκομίζει
3440 4548 3540 4600 καὶ
3573 4543 3735 4598 παῖδα

2158 4648 2462 4718 κατήγορον
2515 4644 2822 4716 μισθοῦται.
2855 4643 2964 4696 Καὶ
3001 4641 3099 4694 τοῦ
3139 4640 3418 4710 δράματος
3443 4635 3734 4707 ἐλεγχθέν-

2157 4756 2249 4802 τος
2282 4739 2363 4802 είς
2405 4738 2627 4790 πλείονα
2655 4735 2853 4790 κακίαν
2911 4733 3193 4786 ὲκκαὶεται
3221 4733 3249 4785 6
3278 4729 3562 4800 Θεόφιλος.
3609 4729 3739 4781 Συν-

2157 4832 2300 4903 ἦπτε
2315 4831 2361 4862 ⁸⁸
2389 4830 2445 4884 δὲ
2472 4828 2639 4883 αὐτοῦ
2662 4829 2722 4881 τὸ
2757 4827 2950 4891 πάθος,
2977 4827 3060 4879 ὅτι
3080 4821 3398 4895 χρήματα⁸¹
3426 4817 3613 4875 λαϐὼν
3644 4817 3740 4888 μέ-

2161 4939 2250 4994 χρι
2299 4921 2488 4993 χιλίων
2522 4919 2876 4991 νομισμάτων
2919 4917 3157 4987 πτωχοῖς
3177 4914 3456 4982 διανεῖμαι
3491 4907 3739 4979 (Θεοδότη

2160 5015 2206 5066 δ’
2231 5010 2299 5086 ἦν
2325 5015 2358 5086 ή
2390 5009 2807 5083 παρασχομένη)
2833 5007 2979 5063 οὕτω
3011 5009 3104 5062 καὶ
3135 5006 3384 5076 ἐποίησε,
3412 5002 3582 5074 μηδὲν
3611 4998 3737 5053 τού-

2161 5123 2268 5158 των
2311 5104 2554 5174 Θεοφίλῳ
2601 5100 3095 5174 προσαναθέμενος,
3150 5098 3346 5166 Φεύγει
3387 5091 3482 5149 οὖν
3509 5092 3603 5147 διὰ
3648 5089 3745 5160 τὴν

1784 5213 2018 5273 VARUS
2052 5212 2459 5272 LECTIONES.

554 5340 600 5371 ⁷³
637 5336 966 5406 Ἐκκλησίαν
985 5354 1045 5400 ς.

1123 5334 1167 5364 ⁷⁸
1192 5333 1400 5403 πέμπει
1434 5336 1506 5386 A:
1555 5331 1865 5403 σπεύδεις.
1925 5331 1971 5361 ⁷⁸
1998 5330 2170 5384 ἐποίει
2205 5350 2266 5398 ς.

2339 5333 2386 5365 ⁷⁸
2413 5332 2674 5404 Βερροίας
2707 5349 2767 5396 ς.
2866 5329 2913 5360 τ’
2938 5323 3271 5399 σκαιωροῦσι
3295 5341 3330 5389 ς
3435 5322 3480 5353 ⁷⁸
3508 5322 3748 5390 γυναῖκα

489 5409 782 5480 μανιχαίαν
811 5400 876 5462 A.
953 5408 999 5440 "
1031 5408 1199 5464 πάλαι
1225 5400 1334 5459 oin.
1360 5405 1608 5466 A,ltabet
1632 5401 1694 5456 C.
1771 5400 1817 5431 δυ
1852 5403 2191 5472 ωνανῇπται
2223 5421 2283 5470 ς.
2361 5402 2404 5434 ⁸⁸
2437 5400 2648 5456 ὅτι’καὶ
2674 5403 2934 5472 χρήματα
2958 5417 3017 5465 ς.

2033 5520 2268 5578 ΝΟΤι-Ε.

563 5623 638 5691 (5)
662 5620 773 5674 lloc
790 5622 1006 5675 nomine
1035 5616 1574 5691 Theoguosti‘vidua,
1593 5615 1658 5667 de
1687 5629 1791 5691 qua
1810 5615 1901 5669 hic
1936 5615 2063 5681 inf.,

494 5693 586 5749 sed
611 5701 798 5747 contra
847 5691 1067 5744 Palladii
1107 5698 1162 5742 et

498 5761 910 5833 quibus_Noster
935 5774 1147 5828 quoque
1171 5759 1356 5814 sentit.

573 5833 650 5904 («il
691 5831 834 5888 Duos
876 5826 1221 5887 centuriones
1241 5846 1360 5885 cum
1411 5827 1522 5884 suis
1562 5826 1875 5884 cohortibus
1921 5827 2070 5882 addit

1249 5688 1460 5757 etapltr.
1500 5688 1900 5749 auctoritatem,
1944 5701 2067 5740 cum

2180 5617 2288 5674 [ιο-ο
2314 5620 2542 5689 August.
2583 5617 2636 5670 in
2684 5615 2806 5689 Vita
2838 5613 2902 5689 Β.
2927 5612 3182 5682 Cltrysost

2248 5690 2324 5760 (5)
2364 5677 2557 5760 Narrat
2579 5689 2693 5742 hac
2719 5685 3004 5760 Nicephor.
3035 5677 3157 5753 cap.
3189 5681 3222 5737 9
3257 5690 3313 5735 et
3336 5677 3425 5736 10.

2253 5755 2330 5830 (θ’)
2367 5759 2713 5816 Antiocheuo
2735 5755 3076 5827 patriarcha.
