3942 6234
187 235 289 301 353

1318 227 1843 305 BIBLIOTHECA.
1873 253 1943 262 -
1979 228 2142 290 COD.
2177 228 2377 290 XCVI.

3362 225 3470 289 3M

191 352 556 424 ἐπικειμένην
604 353 775 422 ὀργὴν
832 351 925 406 ἐπὶ
974 351 1034 404 τὸ
1081 351 1178 422 τῆς
1206 350 1434 423 Νιτρίας
1457 349 1602 419 ὅρος,
1646 347 1704 399 ὲν
1734 337 1778 413 ᾧ

1912 361 2074 401 lorum
2092 343 2393 414 TlteOpltiio
2415 341 2654 397 conscio.
2698 341 2938 398 Secesstl
2970 348 3136 414 tg.tnt'
3159 341 3470 400 devitantite

192 448 285 502 καὶ
310 445 444 516 πρὶν
481 442 680 514 κεἈλίῳ
714 442 973 514 ἡσύχαζε.
1007 440 1126 494 Τῶν
1167 441 1226 494 δὲ
1251 440 1352 509 τῆς
1373 438 1650 508 Αἰγύπτου
1683 453 1778 507 μο-

194 541 506 610 ναστηρίων
558 540 850 610 Διόσκορος
893 535 1125 610 ἡγοῦντο
1167 537 1262 591 καὶ
1314 533 1622 606 Ἀμμώνιος
1684 533 1780 586 καὶ

198 629 475 700 Εὐθύμιος
525 630 623 682 καὶ
685 628 941 690 Εὐσέϐιος
986 626 1224 696 ἀδελφοὶ,
1270 624 1363 689 οὓς
1407 625 1514 678 ἀπὸ
1547 624 1646 694 τῆς
1685 622 1778 676 τοῦ

197 719 458 790 σώματος
478 721 792 791 ἀναδρομῆς
812 718 1090 788 Μακρσὺς
1109 718 1357 772 ἐκάλουν.
1373 716 1577 788 Συνέϐη
1595 716 1781 770 δὲτότε

198 811 260 862 τό
288 812 437 863 κατὰ
468 809 576 862 τῶν
620 810 1198 881 Ἀνθρωπομορφιτῶν
1219 811 1520 882 ἐκραγῆναι
1552 808 1780 880 φιλονεί-

202 907 360 968 κημα
379 898 449 955 ⁸³.
480 898 593 951 Καὶ
629 899 1028 964 στασιαζόντων
1053 900 1162 954 τῶν
1205 901 1346 953 κατὰ
1369 901 1468 972 τὴν
1510 901 1784 968 Αἴγυπτον

204 989 330 1064 [εδι
369 989 465 1063 R.]
501 989 776 1061 μοναχῶν,
827 991 1209 1061 ἀγραμμάτων
1241 991 1410 1045 ὄντων
1440 993 1534 1046 καὶ
1593 990 1787 1063 ἀγροί-

207 1100 319 1137 κων
353 1083 464 1136 τῶν
499 1083 734 1149 πολλῶν,
762 1085 792 1137 ὁ
823 1083 1100 1152 Θεόφιλος,
1127 1084 1247 1136 ἐπεὶ
1274 1085 1583 1153 ἐπέστησαν
1616 1081 1786 1152 αὐτῷ,

205 1172 485 1236 δεδοικὼς,
526 1174 602 1237 ὡς
640 1173 834 1237 ἐδόκει,
885 1173 1330 1242 κατασοφίζεται,
1371 1173 1464 1226 καί
1493 1189 1624 1244 φησι
1653 1173 1790 1242 πρὸς

209 1266 411 1329 αὐτούς
435 1282 452 1297 ο
480 1261 662 1318 Εἶδον
711 1264 784 1318 τὰ
813 1267 1104 1333 πρόσωπα
1143 1263 1310 1334 ὑμῶν
1354 1265 1436 1331 ὡς
1471 1265 1792 1334 πρόσωπον

212 1358 387 1414 Θεοῦ.
449 1359 572 1412 Τῶν
605 1357 661 1411 δὲ
705 1358 800 1410 καὶ
850 1357 1152 1429 Ὠριγένην,
1195 1357 1270 1422 ὡς
1293 1359 1700 1428 ἀσχημάτιστον
1731 1358 1792 1410 τὸ

211 1448 355 1503 θεῖον
384 1450 614 1520 λέγοντα
641 1491 656 1515 ,
695 1449 1195 1521 ἀναθεματισθῆναι
1243 1450 1794 1522 προσεπιξητούντων

211 1543 485 1613 ὑπέσχετο
514 1542 763 1613 ποιήσειν
787 1542 834 1573 ⁸⁸
873 1541 1170 1607 καὶτοῦτο,
1203 1542 1299 1595 καὶ
1338 1541 1559 1612 διέφυγε
1587 1541 1678 1595 τὸν
1707 1541 1797 1595 θά-

1879 437 2175 491 iracundiae
2225 438 2276 488 in
2310 443 2545 489 montem
2576 432 2783 500 Nitriae,
2839 433 3190 504 quietemque
3244 434 3375 489 ittibl
3413 436 3469 490 itt

1880 529 2044 584 solita
2075 527 2209 583 cella
2240 526 2490 596 quaesivit
2522 543 2535 580 :
2575 540 2695 580 cum
2739 541 2803 580 eo
2833 533 3081 596 tempore
3113 527 3474 582 monasterio-

1877 638 1997 677 rum
2027 631 2122 692 per
2151 619 2446 690 Egyptum
2491 619 2727 688 praefecti
2757 628 2941 674 essent
2967 618 3283 685 Dioscorus,
3323 619 3473 690 82a

1879 715 2221 781 Ammonius,
2238 711 2584 783 Euthymius,
2615 721 2669 768 et
2688 713 2958 768 Eusebius
2984 714 3226 783 germani
3254 713 3474 776 fratres,

1880 823 2020 876 quos
2072 824 2102 862 a
2148 817 2434 876 Carporum
2484 805 2813 875 proceritate
2841 804 3048 874 Longos
3104 805 3468 875 appellabant.

1884 897 2160 954 Gliscebat
2209 913 2272 953 ea
2321 906 2642 966 tempesutte
2692 896 2968 950 contentio
2992 911 3113 950 cum
3158 897 3474 967 AnthrOpo-

1887 991 2172 1062 morphitis
2197 989 2488 1046 haereticis.
2523 987 2715 1043 Versis
2746 999 2927 1042 autem
2967 1003 3034 1043 ex
3080 989 3224 1043 eoin
3254 989 3472 1043 seditio-

1887 1101 2033 1152 nem,
2096 1084 2392 1152 turbasque
2427 1095 2521 1153 per
2548 1078 2847 1152 Egyptum
2877 1080 3278 1135 concitantibus
3301 1095 3481 1134 mona-

1889 1177 2005 1234 chis
2036 1176 2237 1246 aliquot
2278 1175 2510 1230 indoctis
2559 1185 2612 1229 et
2636 1174 2960 1244 agrestibus.
3007 1167 3362 1242 Theophilus,
3410 1173 3478 1225 ab

1891 1271 1977 1326 his
1995 1271 2407 1335 circumsessus,
2445 1283 2556 1338 pra;
2581 1276 2753 1329 metu,
2803 1276 2860 1320 ut
2887 1275 3134 1334 apparet,
3173 1263 3475 1334 itujusntodi

1893 1377 1986 1417 eos
2019 1362 2350 1431 sopitisntate
2418 1359 2614 1414 delusit
2647 1376 2660 1414 :
2719 1357 2809 1412 Sic
2841 1369 3055 1421 vestras,
3090 1358 3282 1424 inquit,
3315 1355 3479 1426 (acies

1894 1456 2027 1521 vidi,
2081 1464 2138 1508 ut
2201 1453 2392 1523 facient
2445 1452 2565 1508 Dei.
2623 1452 2691 1506 At
2732 1465 2854 1507 cttm
2885 1451 2938 1504 hi
2973 1460 3232 1518 praeterea
3264 1450 3332 1503 ab
3363 1451 3480 1518 ipso

1897 1547 2253 1617 postularent,
2311 1542 2653 1615 utOrigenes
2694 1558 2932 1613 quoque,
2983 1541 3127 1610 quod
3177 1541 3222 1595 is
3246 1541 3479 1594 ltumana

211 1654 396 1693 νατον.
445 1635 665 1706 Ταύτης
706 1635 1046 1706 δραξάμενος
1093 1636 1238 1691 κατά
1294 1636 1403 1690 τῶν
1431 1636 1658 1708 μακρῶν
1698 1637 1796 1707 τῆς

1912 1641 2067 1694 Deum
2096 1639 2266 1692 forma
2295 1651 2484 1693 carere
2517 1645 2808 1702 assereret,
2870 1633 3218 1687 anathemate
3255 1633 3484 1685 damna-

211 1729 547 1800 προφάσεως
593 1703 676 1800 (οὐ
701 1703 811 1798 γάρ
841 1703 1122 1782 ἐϐούλοντο
1154 1728 1256 1794 ἐτι,
1289 1703 1478 1800 ὥσπερ
1507 1703 1794 1800 πρότερον,

1912 1743 2079 1797 retur;
2131 1729 2401 1786 facturum
2444 1744 2506 1784 se
2532 1729 2754 1797 recepit,
2801 1727 2988 1796 sicque
3017 1737 3243 1780 mortem
3275 1725 3483 1780 devita-

211 1819 362 1890 αύτῷ
385 1818 822 1873 συνδιαιτᾶσθαγ
855 1811 1002 1874 οὗτοι
1031 1819 1086 1873 δὲ
1123 1820 1184 1874 τὸ
1211 1820 1350 1873 θεῖον
1374 1820 1800 1891 ἀσχημάτιστον,

212 1911 289 1976 ὡς
336 1913 367 1966 ό
412 1911 576 1981 ὀρθὸς
621 1911 816 1980 λόγος,
869 1911 1221 1982 ἐπρέσϐευον)
1260 1909 1536 1964 διαϐάλλει
1580 1911 1800 1976 τούτους

215 2005 354 2074 πρὸς
387 2004 519 2067 τοὺς
570 2005 628 2056 ὲν
655 2002 919 2074 Αἰγύπτῳ
944 2003 1232 2074 μοναχοὺς,
1268 2003 1362 2057 καὶ
1386 2004 1527 2056 κινεί
1552 2003 1672 2057 κατ’
1699 2005 1798 2057 αὐ-

213 2097 322 2149 τῶν
349 2095 415 2148 τὸ
442 2095 698 2164 ἀγελαῖον
718 2096 896 2148 ἐκεῖνο
917 2093 962 2126 ⁸⁸
986 2093 1208 2164 πλῆθος,
1238 2093 1319 2148 ἔτι
1347 2091 1406 2146 δὲ
1431 2093 1689 2148 καὶκατὰ
1706 2093 1800 2147 τοῦ

219 2189 631 2259 προειρημένου
683 2187 979 2260 Ἰσιδώρου,
1037 2186 1105 2239 δι’
1157 2184 1217 2238 δν
1273 2186 1474 2256 μᾶλλον
1521 2186 1617 2240 καὶ
1668 2187 1805 2257 πρὸς

217 2279 466 2342 ἐκείνους
492 2277 972 2349 ὲξυπεπολέμωτο,
1013 2277 1178 2341 Τέλος
1211 2277 1348 2350 μετά
1393 2278 1595 2342 πολλὰς
1624 2277 1808 2332 κακώδ

220 2389 338 2437 σεις
381 2375 484 2427 καὶ
521 2370 838 2436 ἐπιϐουλὰς,
887 2372 982 2425 καὶ
1027 2372 1165 2441 μετά
1211 2370 1303 2424 τὸν
1341 2371 1670 2442 ἐμπρησμὸν
1715 2370 1808 2424 τὸν

218 2452 498 2518 ἓκκαέντα
541 2463 683 2518 κατά
723 2463 835 2518 τῶν
863 2461 1090 2517 κελλίων
1114 2459 1319 2528 αὐτῶν,
1350 2462 1643 2533 φεύγουσιν
1673 2464 1811 2518 ἐκεῖ·

222 2553 315 2608 θεν
355 2553 440 2618 είς
497 2551 1093 2607 Κωνσταντινούπολιν.
1150 2550 1209 2606 '0
1251 2551 1309 2606 δὲ
1356 2551 1810 2625 συμπαθέστατος

221 2647 487 2718 Ἰωάννης
514 2645 834 2716 ὑποδέχεται
879 2643 980 2717 μὲν
1001 2639 1199 2711 αὐτοὺς
1226 2646 1322 2700 καὶ
1351 2645 1526 2712 ἄλλως
1556 2647 1812 2719 φιλοφρο-

219 2743 427 2806 νεῖται,
463 2741 525 2793 οὐ
575 2738 898 2810 μεταδίδωσι
939 2737 998 2792 δὲ
1044 2738 1134 2794 διὰ
1185 2738 1446 2811 Θεόφιλον
1497 2740 1808 2806 κοινωνίας.

225 2834 440 2905 Γράφει
485 2831 546 2886 δὲ
572 2832 719 2904 αὐτῷ
764 2830 860 2886 καὶ
892 2831 1202 2904 ἐπιστολὴν,
1249 2831 1386 2905 πρὸς
1425 2832 1648 2904 εἰρήνην
1677 2849 1814 2905 συμ-

221 2925 510 2990 ϐιϐάζωνσ
540 2925 570 2979 ὁ
601 2924 658 2978 δὲ
688 2923 1120 2996 παρακρούεται.
1179 2923 1539 2980 Ἐπιδιδοῦσιν
1555 2925 1606 2978 oi
1638 2925 1684 2958 ⁸⁸
1712 2943 1816 2998 μα·

224 3017 360 3090 κροὶ
386 3017 532 3072 κατὰ
556 3015 817 3086 Θεοφίλου
841 3013 1137 3081 λιϐέλλους.
1161 3012 1342 3072 Πείθει
1369 3019 1465 3072 καὶ
1497 3019 1707 3082 ἐκεῖνός
1732 3038 1809 3073 τι-

1907 1827 2005 1880 vit.
2056 1823 2170 1879 Hac
2197 1825 2364 1893 igitur
2389 1822 2476 1877 ille
2503 1831 2716 1891 arrepta
2745 1821 3033 1875 occasione
3064 1819 3324 1874 adversus
3343 1816 3487 1872 Lon-

1909 1933 2005 1990 gos
2050 1917 2249 1972 fratres
2303 1916 2418 1987 (qui
2463 1915 2576 1984 jam
2637 1915 2963 1970 recusabant
3001 1913 3200 1968 diutius
3248 1910 3363 1979 ejus
3406 1910 3484 1966 uti

1909 2009 2285 2073 contubernio,
2343 2008 2484 2077 quod
2515 2006 2646 2072 Deo,
2694 2017 2752 2060 ut
2809 2019 2896 2061 res
2943 2015 3044 2069 est,
3106 2003 3334 2059 formant
3366 2019 3489 2058 esse

1911 2107 2200 2161 humanam
2228 2103 2567 2159 tribuendam
2610 2099 2926 2171 negarent),
2953 2099 3091 2168 apud
3122 2095 3340 2170 Αἴθῃ)ιί
3375 2109 3490 2150 mo-

1912 2199 2136 2263 nachos,
2190 2205 2286 2266 per
2312 2193 2642 2248 calumniam
2674 2205 2766 2247 eos
2797 2190 3056 2254 traduxit,
3094 2197 3149 2244 et
3184 2187 3488 2258 imperitant

1914 2290 2057 2344 illam
2087 2288 2487 2344 multitudinem
2530 2299 2652 2341 cum
2711 2285 2763 2339 itt
2797 2283 2916 2340 illos
2947 2281 3260 2345 concitavit,
3294 2290 3403 2332 tum
3437 2279 3488 2333 in

1913 2382 2199 2446 isidorum,
2253 2395 2413 2452 quem
2447 2379 2720 2434 diximus:
2750 2378 2903 2445 cujus
2923 2376 3086 2432 etiam
3119 2374 3335 2429 nomine
3365 2385 3490 2427 cum

1914 2473 2021 2528 illis
2078 2471 2331 2528 libentius
2359 2477 2571 2526 certare
2610 2478 2872 2540 coeperat.
2937 2466 3067 2522 Post
3119 2465 3314 2520 multas
3361 2477 3493 2534 ergo

1914 2563 2093 2619 illatas
2153 2562 2380 2629 injurias
2442 2565 2789 2628 structasque
2835 2557 3082 2619 insidias,
3137 2566 3258 2625 post
3312 2555 3488 2624 ignem

1916 2669 2133 2725 quoque
2172 2653 2427 2723 injectum
2466 2652 2706 2720 ipsorum
2750 2647 2924 2712 cellis,
2973 2645 3096 2716 fuga
3127 2645 3229 2700 sibi
3260 2644 3494 2713 denique

1917 2746 2284 2811 consulentes,
2315 2738 2838 2808 Constantinopolim
2874 2739 3116 2792 veniunt.
3159 2736 3234 2791 lbi
3255 2730 3495 2790 Joannes

1918 2839 2008 2894 ille
2066 2835 2488 2905 benignissimus
2545 2829 3031 2902 excepit‘quitlem
3089 2827 3207 2883 illos
3274 2827 3493 2890 fratres,

1919 2929 2334 2997 ltumaniterque
2366 2923 2681 2993 complexus
2709 2930 2823 2985 est;
2881 2929 3103 2989 propter
3133 2907 3500 2988 Theophilum

1925 3029 2103 3076 tamen
2133 3019 2187 3073 in
2211 3015 2644 3073 communionem
2675 3013 2900 3068 minime
2933 3011 3178 3086 admisit,
3223 3011 3316 3065 sed
3373 3024 3498 3064 eum

225 3125 332 3174 νας
361 3109 488 3163 κατ’
534 3105 715 3162 αὐτῶν
761 3105 1077 3162 ἐπιδιδόναι·
1110 3105 1226 3161 ἀλλ’
1253 3107 1479 3180 ὕστερον
1525 3110 1625 3181 μὲν
1674 3105 1798 3166 οὗτο

1924 3130 2020 3186 per
2041 3111 2326 3183 epistolam
2377 3108 2446 3164 ad
2495 3105 2839 3162 concordiam
2898 3105 3165 3162 invitavit.
3220 3103 3313 3159 ille
3364 3103 3499 3158 nihil

230 3202 409 3275 μηδὲν
432 3197 852 3264 ἀποδεικνύντες
873 3200 1336 3272 ὲφυλακίσθησαν,
1365 3205 1465 3256 καὶ
1503 3202 1822 3274 μαστιχθέν·

228 3313 331 3360 τες
354 3296 403 3329 ⁸⁸
440 3295 642 3359 ἱκανῶς
679 3295 732 3348 oi
783 3295 883 3366 μὲν
922 3297 988 3365 τῇ
1022 3293 1239 3366 φυλακῇ
1282 3295 1635 3361 ἐναπέθανον,
1675 3297 1724 3348 οἱ
1765 3293 1824 3348 δὲ

228 3389 340 3460 τὴν
376 3388 757 3459 Προκόννησον
803 3383 847 3418 ⁸*
891 3387 1062 3440 οἰκεῖν
1099 3385 1286 3458 ὲξορίᾳ
1327 3385 1819 3456 κατεδικάσθησαν.

245 3482 311 3534 '0
342 3479 401 3533 δὲ
438 3477 695 3549 Ἰωάννης
723 3477 874 3550 δηλοῖ
911 3481 1159 3549 Θεοφίλῳ
1187 3479 1315 3549 περὶ
1347 3477 1456 3532 τῶν
1485 3477 1609 3533 κατ’
1655 3477 1821 3532 αὐτοῦ

229 3571 504 3625 λιϐέλλων
525 3589 539 3602 ο
569 3571 664 3624 καὶ
693 3571 895 3642 γράφει
926 3568 1186 3642 Θεόφιλος
1216 3569 1586 3642 ὀργιζόμενοςο
1612 3589 1633 3622 ‹
1656 3566 1822 3640 Οἶμαι

236 3667 322 3735 μὴ
352 3664 571 3733 ἀγνοεῖν
600 3679 660 3715 σε
687 3662 748 3716 τὺ
783 3661 1061 3732 διάταγμα
1095 3659 1204 3716 τῶν
1242 3663 1299 3715 ὲν
1327 3660 1534 3733 Νικαίᾳ
1563 3662 1820 3728 κανόνων,

233 3758 394 3819 ὅπως
418 3755 771 3819 θεσπίζουσιν
799 3753 1098 3808 ἐπίσκοπον
1129 3751 1259 3826 [Mli
1289 3751 1384 3825 IL]
1421 3753 1711 3824 ὑπερόριον
1747 3751 1823 3824 μὴ

233 3848 460 3920 κρίνειν
509 3843 689 3917 δίκην.
729 3842 793 3899 Ei
825 3843 883 3900 δὲ
925 3847 1162 3916 ἀγνοεῖς,
1211 3844 1395 3917 μαθὼν
1435 3845 1677 3916 ἀπόσχου
1714 3845 1823 3898 τῶν

236 3939 368 3994 καθ’
433 3937 594 4009 ήμῶν
647 3938 924 3993 λιϐέλλων.
979 3956 998 3990 t
1053 3937 1212 3991 Ἀλλὰ
1257 3937 1379 3990 τότε
1417 3937 1591 3991 ταῦτα
1620 3937 1666 3969 ⁸⁸
1689 3937 1826 4006 γρά-

235 4050 360 4102 φων
387 4031 652 4100 Θεόφιλος
681 4029 728 4062 ³⁸
767 4029 991 4102 ὕστερον
1033 4030 1195 4094 αὐτὸς
1237 4030 1530 4101 ὑπερόριον
1566 4029 1665 4098 τὴν
1702 4029 1824 4082 κατ’

236 4123 460 4177 ἐκείνου
489 4122 673 4192 ἔκρινε
706 4120 882 4192 δίκην.
921 4121 987 4176 Oi
1025 4120 1082 4174 δὲ
1113 4121 1342 4192 μοναχοὶ
1373 4119 1484 4174 τῶν
1514 4120 1658 4174 κατά
1697 4120 1826 4173 Θεο-

237 4218 402 4288 φίλου
445 4213 709 4292 λιϐέλλων
753 4215 853 4266 οὐκ
893 4213 1216 4282 ἀφίσταντο,
1259 4213 1354 4266 καὶ
1393 4211 1634 4284 ὁρίζεται
1673 4211 1827 4284 παρά

238 4311 510 4384 βασιλέως
543 4308 804 4379 Θεόφιλος
843 4307 937 4362 ἐπὶ
959 4306 1057 4378 τὴν
1090 4308 1246 4378 δίκην
1285 4305 1483 4362 ἐλθεῖν.
1522 4306 1583 4362 '0
1618 4306 1676 4360 δὲ
1699 4306 1828 4377 φθό-

1921 3205 2094 3262 audit.
2143 3202 2311 3273 Longi
2363 3201 2582 3255 interim
2632 3199 2829 3253 fratres
2881 3196 3240 3266 Theophilum
3296 3195 3497 3250 oblatis

1921 3297 2119 3353 libellis
2159 3295 2491 3350 accusabant
2523 3309 2538 3349 :
2572 3301 2628 3348 et
2671 3291 2843 3347 suasit
2881 3291 2969 3345 hic
2999 3290 3236 3345 vicissim
3267 3291 3500 3360 quibus-

1923 3405 2048 3460 dam
2084 3402 2189 3475 (7),
2225 3411 2284 3457 ut
2325 3401 2444 3456 illos
2474 3409 2782 3456 acusarent.
2823 3399 3064 3454 Tandem
3092 3413 3213 3453 cum
3270 3399 3406 3454 nihil
3446 3399 3500 3454 iti

1923 3498 2155 3569 probare
2202 3495 2461 3550 adversus
2521 3491 2734 3563 Longos
2788 3503 3027 3561 possent,
3089 3492 3140 3546 in
3197 3492 3500 3548 custodiam

1925 3590 2098 3656 missi,
2130 3587 2464 3660 ﬂagellisque
2493 3586 2733 3656 graviter
2763 3587 2910 3654 caesi,
2942 3587 3143 3657 partim
3178 3587 3233 3642 in
3271 3587 3502 3642 vinculis

1925 3683 2120 3736 mortui
2147 3691 2292 3746 sunt,
2329 3681 2524 3750 partim
2562 3681 2612 3733 in
2641 3681 2872 3734 insulam
2901 3679 3276 3736 Praeconesum
3305 3681 3505 3752 depor-

1926 3773 2027 3827 tari
2057 3774 2335 3844 jubentur.
2365 3770 2606 3829 Joannes
2649 3774 2776 3829 hinc
2805 3771 3160 3844 Theophilum
3192 3777 3259 3830 de
3305 3775 3507 3831 oblatis

1925 3865 2182 3920 adversus
2225 3881 2348 3920 eum
2393 3866 2757 3921 accusationis
2790 3866 2986 3920 libellis
3015 3869 3302 3920 certiorem
3349 3866 3504 3922 facit.

1923 3959 2003 4012 Ad
2031 3973 2147 4026 quae
2169 3957 2276 4012 bile
2309 3975 2570 4014 accensus
2600 3957 2686 4014 ille
2723 3982 2734 4014 :
2775 3978 2795 4011 ι
2823 3961 3094 4024 Arbitror,
3151 3961 3348 4030 inquit,
3399 3978 3507 4016 non

1925 4046 2178 4118 ignorare
2217 4058 2269 4102 te
2299 4047 2498 4103 Nicaetti
2549 4049 2762 4104 concilii
2803 4066 3061 4114 canones,
3115 4052 3290 4120 iisque
3319 4051 3510 4116 prohi-

1925 4141 2066 4208 beri,
2105 4156 2173 4196 ne
2197 4141 2486 4210 episcopus
2518 4143 2584 4197 de
2609 4144 2914 4212 peregrino,
2948 4143 3278 4214 alteriusque
3309 4145 3510 4200 diame-

1926 4229 2001 4284 sis
2023 4228 2289 4298 judicium
2322 4243 2597 4287 exerceat.
2629 4233 2684 4286 Si
2719 4234 2954 4302 ignoras,
3004 4232 3176 4300 disce,
3221 4248 3405 4307 atque.
3442 4235 3511 4292 ab

1927 4323 2288 4377 accusationis
2337 4339 2469 4378 meae
2517 4323 2715 4380 libellis
2761 4321 3055 4385 abstineto.
3096 4347 3118 4381 ι
3176 4327 3370 4384 Verum
3418 4333 3521 4401 qui.

235 4422 331 4467 νος
362 4403 654 4476 κρατήσας
683 4401 777 4455 ἐπὶ
808 4401 909 4472 τὴν
935 4399 1094 4472 δίκην
1115 4397 1286 4470 αὐτὴν
1324 4397 1574 4454 Ἰωάννου
1606 4398 1805 4465 καθίζεε

1925 4413 2041 4468 haec
2071 4424 2199 4469 tunc
2237 4409 2573 4486 Theophilus
2621 4419 2862 4488 scripsit,
2910 4431 3031 4490 post
3063 4422 3294 4490 ipsemet
3323 4397 3523 4478 alienae

237 4495 683 4566 παραγεγονότα.

1931 4505 2184 4562 ὀίωοθείε
2237 4508 2383 4564 hunc
2435 4510 2609 4579 ipsum
2655 4507 2940 4576 Joannem,
2989 4529 3087 4568 suo
3129 4512 3334 4580 judicio
3380 4531 3523 4569 cott-

234 4589 542 4644 demnavit.
602 4585 882 4640 Monacltis
942 4585 1138 4640 deinde
1190 4584 1258 4639 ab
1305 4583 1613 4642 accusando
1675 4585 1976 4662 TheOpbilo
2047 4598 2272 4653 minime
2336 4601 2700 4667 cessantibus,
2757 4601 2993 4657 decrevit
3080 4603 3396 4672 imperator,
3449 4605 3514 4659 ur

234 4683 584 4753 Theophilus
620 4678 827 4749 judicio
873 4679 1179 4734 sisteretur.
1233 4679 1305 4732 At
1351 4678 1554 4733 invidia
1603 4679 1821 4738 interim
1860 4685 2084 4744 nimium
2121 4692 2482 4758 invalescens,
2516 4693 2662 4747 illum
2701 4693 2896 4764 ipsum,
2969 4695 3057 4750 ubi
3123 4697 3358 4765 advenit,
3415 4699 3508 4769 qui

235 4784 307 4838 de
335 4779 552 4836 Joanne
577 4777 900 4832 sententiam
929 4773 1116 4839 ferret,
1137 4773 1374 4844 jndicem
1410 4776 1714 4832 constituit.

311 4877 440 4930 ὀτι
498 4868 850 4940 Θεογνώστου
907 4868 1270 4939 συγκλητικοῦ
1313 4869 1680 4940 δημευθέντος
1725 4873 1824 4927 καὶ

231 4965 381 5019 κατά
404 4963 505 5033 τὴν
544 4961 760 5032 ὲξορίαν
809 4959 1230 5029 τελευτήσαντος
1258 4960 1292 5030 ή
1323 4960 1457 5029 γυνὴ
1487 4962 1580 5013 τὸν
1605 4961 1824 5016 ὑπολει-

231 5057 446 5125 φθέντα
478 5055 526 5088 ’⁸
573 5054 714 5124 αὑτῇ
747 5051 917 5122 ἀγρὸν
958 5051 1064 5106 ὑπὸ
1112 5051 1213 5121 τῆς
1258 5049 1528 5120 βασιλίδος
1559 5053 1823 5124 ἀφαιρεῖ-

230 5169 348 5206 ται.
396 5151 466 5204 Ἦ
496 5149 556 5204 δὲ
611 5149 710 5202 ἐπὶ
753 5148 847 5202 τὸν
885 5148 994 5202 τῶν
1016 5145 1202 5218 χηρῶν
1235 5146 1572 5218 καταφεύγει
1613 5149 1829 5221 πρόμα-

1999 4871 2328 4944 Theognosti
2396 4872 2669 4930 senatoris
2729 4875 3020 4943 proscripti
3068 4885 3124 4930 et
3161 4875 3215 4931 in
3253 4876 3511 4934 exsiliunt
3575 4913 3579 4922 ι

1934 4966 2134 5022 mortui
2163 4980 2299 5019 uxor
2329 4963 2428 5036 (8),
2475 4980 2662 5034 agrum
2696 4966 2798 5021 sibi
2850 4967 3006 5037 82b
3058 4969 3303 5023 relictum
3345 4971 3514 5026 babe-

1935 5061 2048 5126 bat,
2075 5075 2234 5127 quem
2270 5057 2514 5115 Eudoxia
2547 5060 2734 5115 invite
2769 5061 2986 5131 eripuit.
3025 5062 3124 5116 Ilia-
3148 5064 3313 5133 igitur
3341 5065 3408 5118 ad
3436 5064 3521 5118 vi-

1935 5152 2161 5205 duarum
2181 5161 2636 5222 propugnatorem
2667 5150 2930 5208 Joannem
2948 5170 3007 5210 se
3037 5157 3236 5225 recepit
3264 5154 3387 5225 :qui
3416 5170 3518 5226 pro

1533 5263 1769 5319 VARl/E
1799 5262 2200 5326 LECTIONES.

303 5361 351 5390 "
378 5359 718 5441 φιλονίκημα
741 5331 816 5440 ς..
888 5361 936 5394 ⁸³
966 5361 1280 5441 ποίησαι-ς.
1329 5363 1412 5441 fi
1437 5366 1641 5441 ἐκεῖνος
1666 5381 1764 5441 g.“
1807 5365 1852 5441 ξ’
1881 5365 1952 5441 oi]
1987 5366 2046 5441 δε
2071 5368 2126 5441 οἱ
2160 5385 2219 5430 ς.
2294 5365 2342 5397 ⁸⁸
2372 5368 2808 5438 μαστιγωθέντες
2841 5385 2904 5434 ς.
2977 5367 3022 5399 ⁶⁴
3054 5363 3418 5438 Προικόνησον
3450 5381 3515 5430 ς.

228 5431 283 5464 ⁸⁶
312 5430 514 5505 ταῦτα]
543 5432 685 5504 μετὰ
710 5431 880 5485 ταῦτα
913 5451 977 5498 ς.
1050 5430 1096 5464 ⁸⁸⁵
1123 5435 1285 5503 Θεόφ.
1319 5436 1348 5488 ὁ
1377 5435 1540 5502 Θεόφ.
1571 5452 1631 5499 ς.
1723 5437 1769 5469 ⁹⁰
1804 5430 2188 5505 ὑποληφθέντα
2215 5456 2277 5504 ς.

1785 5523 2016 5583 NOTAE.

309 5617 392 5687 (7)
437 5616 715 5672 Blonacltis
745 5632 809 5671 ex
844 5617 1045 5671 Pallad.

217 5703 232 5715 ·
309 5686 391 5758 (8)
423 5687 776 5759 CailitrOpatn
811 5700 968 5744 vocat
999 5689 1220 5762 Niceplt.
1264 5706 1382 5761 cap.
1412 5690 1498 5758 14,
1537 5709 1641 5745 non
1668 5703 1836 5758 recte,

1950 5639 2001 5680 ut
2038 5627 2336 5684 indicatum
2367 5643 2518 5700 supr.
2551 5627 2924 5699 pag.praeceti.
