3942 6234
489 165 601 230 355

1647 160 1910 221 ΡΗΟΤΙΙ
1947 159 2456 220 PATRIABCH/E
2494 161 2599 222 (ΞΡ.

3629 170 3717 239 356

491 282 655 337 vidua
706 280 876 337 libere
931 279 1097 337 multa
1151 288 1437 348 peroraris,
1468 272 1602 327 adeo
1641 271 1774 326 nihil
1833 271 2065 340 profecit,

2187 287 2304 340 χον.
2351 270 2409 323 Ὀ
2437 270 2493 323 δὲ
2527 269 2698 324 πολλά
2736 272 3256 343 παρρησιασάμενος
3305 271 3447 344 ὑπὲρ
3494 274 3587 345 τῆς
3635 284 3720 354 χὴ·

491 384 554 428 ιιι
595 375 761 428 etiam
785 375 1084 444 Augustam
1112 371 1167 424 in
1213 368 1296 422 sui
1345 366 1526 420 odium
1555 363 1863 418 concitarit.
1901 362 2078 429 Quare

494 467 807 520 mandatum
839 467 1007 531 dedit,
1029 476 1086 518 ut
1115 479 1235 518 cum
1274 459 1412 514 [esto
1437 459 1521 512 die
1542 456 1899 511 Exaltationis
1926 455 2004 528 [sa
2017 474 2079 509 n-

489 567 592 613 cta:
622 557 845 630 erucis],
885 560 1055 628 quiin
1116 556 1381 610 decimum
1440 560 1690 621 quartum
1743 548 2078 617 Septembris

495 650 705 712 incidit,
744 651 794 704 in
821 650 1078 719 templum
1109 647 1292 714 iniqua
1316 643 1627 714 imperatrix
1655 651 1880 695 ventura
1913 651 2076 708 esset,

494 752 666 810 portae
721 743 796 796 illi
850 742 1252 796 clauderentur.
1308 735 1608 791 Conﬁcitur
1641 733 1888 804 praesulis
1922 748 2077 787 man-

488 833 775 897 datum,et
803 835 1008 902 pudore
1041 830 1273 896 sulIusa,
1308 831 1496 899 iraque
1538 829 1757 883 incensa
1814 832 2074 898 AuguSta,

492 925 711 978 domum
755 925 976 979 revertit
1008 939 1027 989 ;
1062 923 1369 991 exindeque
1404 923 1515 975 ιιαιο
1553 923 1726 976 sancti
1759 923 1859 975 viri
1891 937 1922 977 e
1949 921 2077 977 sede

486 1014 892 1084 depulsionem,
934 1016 1212 1082 exsilium,
1239 1015 1452 1083 aliaque
1481 1015 1731 1080 adversa,
1763 1029 1882 1082 quae
1932 1014 2074 1067 indi-

488 1109 673 1177 gnatio
703 1110 1043 1178 suggerebat,
1074 1108 1371 1162 machinari
1430 1107 1614 1176 cmpit.
1662 1107 1734 1161 At
1778 1121 1904 1160 vero
1945 1109 2073 1160 dum

491 1201 559 1253 ad
623 1201 880 1268 templum
943 1201 1031 1255 illa
1086 1215 1373 1270 progressa
1433 1198 1580 1253 fores
1647 1200 1748 1253 sibi
1797 1200 2076 1253 obseratas

492 1292 744 1358 oll‘emlit,
775 1295 842 1348 de
879 1295 1140 1348 comitatu
1172 1293 1288 1360 ejus
1321 1291 1538 1361 quidam
1569 1290 1806 1361 gladium
1839 1293 1892 1344 in
1925 1291 2076 1345 elau-

489 1385 682 1440 deiites
708 1387 1006 1456 stringens,
1035 1401 1248 1439 manum
1277 1385 1376 1439 sibi
1419 1384 1600 1438 subito
1639 1385 1923 1438 exaruisse
1946 1397 2073 1437 seu-

487 1478 581 1539 sit,
631 1478 724 1547 qni
777 1488 952 1531 tamen
991 1487 1111 1548 post
1151 1478 1326 1532 sancti
1371 1478 1470 1531 viri
1521 1475 1747 1546 genibus
1798 1476 2069 1542 accidens,

491 1570 782 1626 sanitatem
818 1573 1178 1640 recuperavit.

564 1747 790 1818 Magnus
814 1763 1031 1818 quoque
1067 1748 1405 1819 Epiphanius
1457 1747 1560 1820 (9),
1591 1763 1750 1819 quem
1795 1747 2070 1819 Theophi-

496 1840 580 1896 lus
630 1841 827 1894 callide
879 1844 1159 1910 deceptum
1197 1841 1250 1895 in
1305 1839 1564 1896 Joannem
1610 1842 1887 1906 incitarat,
1925 1843 2067 1896 Con-

489 1933 902 2002 stantinopolim
968 1935 1212 1998 veniens,
1268 1933 1699 1990 ecclesiasticum
1747 1935 2068 2005 quibusdam

491 2029 606 2082 suis
639 2027 796 2082 fartis
823 2027 1069 2082 ordinem
1117 2027 1377 2080 turbavit.
1408 2026 1704 2081 Diaconnm
1741 2042 1973 2097 namque
2013 2028 2068 2082 in

491 2120 733 2191 Septimo
759 2121 859 2189 (sic
882 2119 1024 2173 enim
1043 2119 1194 2173 locus
1227 2118 1411 2188 templi
1442 2117 1629 2174 Sancti
1651 2119 2070 2189 Joannisappel-

490 2210 599 2264 latu
609 2210 652 2281 r)
670 2219 854 2263 contra
870 2223 1134 2264 canonem
1158 2209 1459 2275 ordinarat,
1475 2211 1776 2280 deindeque
1793 2213 1909 2264 sine
1927 2212 2069 2266 bona

489 2304 867 2376 Chrysostomi
911 2307 1068 2359 venia
1107 2321 1218 2360 rem
1258 2305 1495 2359 divinam
1532 2305 1752 2369 fecerat,
1781 2316 1835 2361 et
1877 2306 2069 2377 Orige-

489 2398 576 2451 nis
607 2397 808 2466 scripta
839 2395 906 2450 ab
960 2411 1026 2451 eo
1060 2396 1306 2451 danmari
1350 2397 1668 2468 postularat.
1728 2397 1908 2453 llefert
1940 2414 2068 2454 vero

491 2491 638 2546 hunc
670 2491 903 2559 scriptor
926 2499 1112 2544 noster
1139 2489 1306 2558 (quod
1331 2498 1386 2544 et
1429 2490 1480 2544 in
1513 2490 1799 2559 Epiphanii
1836 2492 1952 2547 Vita
1990 2492 2067 2546 le-

487 2580 681 2650 gitur),
713 2580 934 2634 minime
968 2580 1339 2646 consensisse,
1374 2590 1432 2634 ut
1469 2583 1790 2650 quibusdam
1841 2583 2064 2652 placuit,

488 2668 545 2723 in
569 2667 946 2738 Chrysostomi
975 2669 1378 2736 expulsionem,
1434 2669 1563 2725 licet
1592 2673 1658 2726 ab
1687 2673 1798 2740 ipsa
1827 2675 2065 2742 Augusta

488 2774 557 2815 eo
599 2761 933 2829 adigeretur.
960 2758 1204 2814 Meminit
1257 2761 1398 2815 idem
1427 2762 1494 2816 de
1532 2766 1894 2832 pronuntiatis
1926 2766 2065 2819 invi-

489 2867 608 2908 cem
643 2852 921 2908 vaticiniis
942 2853 1054 2923 (lU)
1087 2871 1101 2906 :
1133 2854 1330 2920 quibus
1374 2855 1785 2925 signiﬁcabatur
1814 2869 2063 2912 neutrqu

2186 381 2283 434 ρας
2322 362 2474 416 οὐδὲν
2534 363 2751 434 ἤνυσεν,
2812 364 2950 418 ἀλλά
3007 366 3098 420 καὶ
3129 367 3264 437 πρὸς
3287 367 3486 436 ἔχθραν
3533 371 3723 444 ἐκίνησε

2183 457 2281 528 τὴν
2352 454 2618 526 βασιλίδα.
2676 458 3095 529 Προστόωσειδέ
3124 463 3189 530 τῇ
3245 460 3428 530 ἡμέρᾳ
3475 461 3568 533 τῆς
3597 465 3722 532 ὑψώ-

2185 565 2323 611 σεως
2364 551 2954 621 (τεσσαρεσκαιδεκάτη
2997 551 3145 603 ἐστὶν
3193 550 3332 620 αῦτη
3403 554 3448 584 ⁹¹
3509 553 3595 606 τοῦ
3643 557 3724 610 Σε-

2184 639 2488 711 πτεμϐρίου
2528 641 2744 710 μηνὸς),
2801 642 3018 694 ἐπειδὰν
3053 643 3085 712 ἡ
3115 642 3300 706 ἄδικος
3354 643 3558 713 βασιλὶς
3586 664 3725 720 προσ.

2179 731 2435 804 έρχεσθαι
2487 733 2658 807 μέλλῃ
2715 735 2782 804 τῇ
2823 734 3108 804 ἐκκλησίᾳ,
3165 736 3581 806 ἁποκλεισθῆναι
3621 741 3723 793 κατ’

2177 823 2350 891 αὐτῆς
2402 823 2502 884 τάς
2562 822 2753 884 πύλας.
2806 823 2917 875 Καὶ
2975 822 3278 894 πληροῦται
3308 825 3368 877 τὸ
3403 826 3724 898 πρόσταγμα,

2176 913 2274 964 καὶ
2312 916 2747 986 κατῃσχυμμένη
2771 913 2864 965 καὶ
2888 915 3333 984 περιωργισμένη
3363 917 3726 986 ἀποπέμπεται

2176 1006 2209 1075 η
2246 1004 2453 1074 βασιλὶς
2493 1020 2506 1033 ⁶
2549 1007 2643 1058 καὶ
2673 1005 2772 1077 ἤδη
2806 1007 2839 1074 ἡ
2871 1005 3008 1057 κατά
3066 1004 3158 1059 τοῦ
3215 1007 3372 1073 ἁγίου
3433 1007 3727 1078 καθαίρεσις

2178 1100 2555 1168 συνεκροτεῖτο
2609 1099 2740 1166 παρ’
2797 1098 2969 1168 αὐτῆς
3019 1099 3112 1151 καὶ
3150 1101 3182 1168 ἡ
3219 1097 3424 1170 ἐξορία,
3477 1103 3568 1154 καὶ
3608 1103 3656 1154 εί
3683 1121 3727 1156 τι

2175 1191 2304 1244 ἄλλο
2333 1189 2504 1242 δεινὸν
2525 1189 2552 1239 ὁ
2585 1188 2755 1258 θυμὸς
2787 1190 3109 1260 ἐπέτρεπεν.
3136 1189 3264 1241 Ὅτε
3302 1191 3358 1242 δὲ
3397 1194 3460 1260 τῇ
3492 1193 3729 1265 ἐκκλησίᾳ

2176 1282 2474 1353 προσιοῦσα
2526 1283 2625 1344 τὰς
2664 1282 2839 1346 πύλας
2869 1285 2990 1336 κατ’
3039 1285 3205 1352 αὐτῆς
3233 1285 3671 1350 ἀποκλεισθείσας
3688 1291 3726 1321 ’³

2177 1374 2412 1439 ἐδέξατο,
2444 1373 2565 1426 τότε
2598 1391 2681 1436 τις
2706 1373 2814 1427 τῶν
2843 1377 2940 1427 σὺν
2969 1375 3105 1446 αὐτῇ
3136 1375 3288 1444 ξίφος
3310 1377 3451 1429 κατά
3479 1377 3583 1430 τῶν
3609 1380 3728 1432 ἁπο-

2173 1466 2468 1520 κλειόντων
2548 1466 2813 1531 ἐνέτεινε,
2901 1467 2994 1520 καὶ
3061 1466 3331 1538 ἐξηράνθη
3401 1469 3500 1536 τὴν
3567 1472 3723 1540 χεῖρα·

2176 1561 2402 1631 ὕστερον
2436 1560 2494 1613 δέ
2537 1559 2862 1631 προσπεσὼν
2895 1559 2973 1632 τῷ
3013 1559 3300 1631 θαυμασίῳ
3339 1560 3560 1631 Ἰωάννῃ
3591 1561 3728 1633 ὑγιὴς

2100 1641 2144 1696 Β
2173 1655 2413 1722 γέγονεν.

2241 1746 2369 1818 [264
2402 1744 2497 1816 R.]
2519 1747 2640 1800 Ὅτι
2670 1744 3031 1813 ὁἘπιφάνιος
3059 1747 3087 1798 ὁ
3115 1744 3310 1815 μέγας,
3343 1745 3402 1798 ὃν
3436 1748 3464 1799 ὁ
3497 1747 3733 1815 Θεόφιλος

2169 1841 2310 1894 κατὰ
2341 1839 2587 1894 Ἰωάννου
2647 1841 2978 1910 ἐξηπάτησε,
3021 1840 3469 1910 παραγενόμενος
3501 1842 3557 1894 ἐν
3589 1843 3728 1895 Κων-

2170 1935 2608 1990 σταντινουπόλει
2634 1934 2862 1998 ἀταξίας
2891 1933 3112 2005 ἐποίησε
3133 1949 3146 1963 ·
3184 1933 3434 1987 διάκονον
3459 1935 3564 2006 γὰρ
3593 1938 3645 1988 ἐν
3669 1936 3735 2007 τῷ

2168 2027 2380 2099 ἑϐδόμῳ
2395 2028 2441 2060 ’³
2499 2027 2663 2098 (οὕτω
2710 2027 2955 2080 καλεῖται
2984 2029 3010 2079 ὁ
3040 2027 3223 2093 τόπος)
3267 2029 3331 2098 τῇ
3357 2028 3404 2059 ⁸⁸
3435 2027 3529 2081 τοῦ
3594 2029 3732 2096 ἁγίου

2181 2123 2427 2177 Ἰωάννου
2457 2122 2723 2194 ἐκκλησίᾳ
2771 2121 2919 2191 παρά
2945 2121 3034 2175 τὸν
3083 2121 3283 2175 κανόνα.
3348 2122 3733 2194 ἐχειροτόνησε,

2173 2217 2268 2270 καὶ
2297 2217 2466 2286 χωρὶς
2496 2217 2593 2285 τῆς
2611 2215 2656 2246 ⁹³
2688 2213 2781 2267 τοῦ
2808 2213 3198 2285 Χρυσοστόμου
3225 2213 3453 2285 γνώμης
3485 2214 3737 2285 ἐλειτούρ-

2168 2327 2274 2377 γει,
2307 2310 2402 2361 καὶ
2430 2307 2688 2378 ἀπῄτειθσ
2711 2307 2873 2359 αὐτὴν
2889 2306 2958 2358 τά
2986 2305 3293 2376 Ὠριγένους
3324 2307 3733 2377 ἀναθεματίσαι.

2166 2399 2304 2470 Φησὶ
2333 2397 2389 2451 δὲ
2406 2397 2570 2451 αὐτὸν
2603 2397 2631 2448 ὁ
2658 2395 3006 2465 συγγραφεὺς
3035 2392 3244 2464 (ὥσπερ
3268 2394 3407 2447 καὶὸ
3438 2394 3552 2462 βίος
3582 2392 3733 2447 αὑτοῦ

2169 2490 2362 2561 λέγει),
2389 2490 2463 2561 μὴ
2501 2485 3108 2557 συνευδοκῆσαι,καθὼ;
3129 2487 3337 2557 ἑτέροις
3371 2486 3520 2551 ἔδοξε
3549 2487 3734 2554 λέγειν,

2169 2584 2262 2637 ἐπὶ
2293 2586 2358 2654 τῇ
2394 2581 2486 2635 τοῦ
2553 2579 2945 2652 Χρυσοστόμου
3005 2578 3351 2650 καθαιρέσει,
3416 2579 3595 2634 καίτοι
3647 2579 3737 2646 τῆς

2169 2675 2437 2746 βασιλίδος
2467 2672 2885 2742 ἐκΰιαζομένης.
2922 2670 3268 2742 Μνημονεύει
3287 2671 3332 2724 δ’
3359 2665 3452 2724 οὖν
3481 2673 3626 2741 ὅμως
3652 2669 3737 2723 καὶ

2167 2761 2319 2830 οὗτος
2359 2767 2466 2821 τῶν
2518 2765 2824 2836 ἀμοιϐαίων
2884 2764 3136 2834 ἀλλήλοις
3179 2765 3552 2836 προφητειῶν,
3580 2767 3635 2818 ἐν
3661 2758 3738 2825 αἷς

2169 2857 2423 2927 ἐδηλοῦτο
2453 2858 2748 2929 μηδέτερον
2769 2856 2850 2910 ἔτι
2871 2857 2914 2888 ⁸⁷
2946 2856 3036 2909 τὸν
3055 2857 3257 2910 οἰκεῖον
3280 2855 3510 2925 ὄψεσθαι
3541 2857 3736 2927 θρόνον.

490 2945 736 3014 ipsorum
790 2943 1032 2998 visurum
1083 2945 1372 3015 aliquando
1409 2949 1661 3002 thronum
1697 2964 1875 3003 suum.
1905 2951 2064 3006 Acci-

2171 2949 2283 3021 Πρὸ
2317 2949 2380 3022 δὴ
2408 2951 2508 3018 τῆς
2557 2949 2724 3004 αὐτοῦ
2769 2949 3066 3019 καταδίκης
3120 2949 3529 3020 πυνθανόμενος
3577 2948 3739 3019 ὀργᾷν

485 3039 568 3092 dit
601 3047 888 3106 praeterea,
941 3038 1252 3107 priusquam
1302 3040 1759 3097 condemnaretur
1805 3041 2063 3110 Joannes,

489 3139 550 3184 ut
595 3131 812 3199 cognito
864 3131 1130 3201 indignari
1176 3134 1276 3188 sibi
1326 3133 1645 3197 Eudoxiam,
1681 3134 1817 3190 bene
1851 3136 2064 3207 longam

488 3221 715 3277 haberet
744 3225 797 3276 in
858 3224 1029 3278 malas
1067 3223 1302 3282 feminas
1335 3228 1663 3281 orationem.
1721 3228 1875 3285 Hanc
1913 3231 2064 3300 plebs

489 3315 728 3381 rapiens,
749 3315 800 3368 in
827 3315 1125 3385 Augustam
1149 3319 1556 3387 pronuntiatam
1583 3321 2062 3390 interpretabatur.

485 3404 608 3462 Mox
635 3409 800 3480 igitur
834 3422 889 3462 ut
921 3411 1252 3480 Theophilus
1273 3411 1792 3484 Constantinopolim
1825 3417 2060 3479 advenit,

483 3511 756 3570 apparata:
784 3502 836 3556 in
897 3519 1145 3572 magnam
1180 3505 1440 3559 athletam
1473 3504 1734 3562 Joannem
1782 3511 2062 3563 machina-

485 3593 662 3647 tiones
695 3594 1015 3662 procedunt.
1065 3593 1309 3664 Cumque
1338 3601 1543 3662 synodo
1587 3613 1861 3667 nunquam
1893 3602 2062 3655 inter-

485 3683 697 3748 fuisset,
728 3687 1061 3756 'l‘heOphilus
1097 3698 1275 3741 tamen
1335 3705 1456 3742 cum
1509 3692 1622 3746 suis
1674 3692 1948 3748 decretum
2009 3697 2059 3749 in

477 3792 604 3832 eum
647 3779 789 3844 tulit,
844 3779 1046 3833 frustra
1093 3781 1417 3836 inclamantc
1447 3785 1582 3852 ipso,
1615 3800 1680 3840 ac
1735 3786 1948 3853 publice
1981 3797 2062 3843 te-

483 3868 780 3927 stiﬁcante.
804 3882 1050 3938 paratum
1083 3887 1224 3940 esse,
1259 3886 1310 3928 et
1345 3876 1411 3929 ad
1446 3877 1706 3944 synodmn
1753 3879 1968 3942 venire,
2007 3890 2062 3934 et

483 3961 550 4013 ad
583 3959 795 4029 objecta
832 3963 1180 4032 respondere,
1210 3966 1370 4018 modo
1420 3968 1732 4021 manifestos
1765 3969 1933 4038 ipsius
1964 3971 2061 4024 bo-

478 4060 594 4105 stes
626 4053 856 4107 concilio
886 4053 1268 4110 subducerent.
1308 4057 1670 4113 Aderanitum
1699 4058 1892 4115 Joanni
1922 4077 2057 4131 qua-

481 4142 726 4212 draginta
788 4143 964 4197 adhuc
993 4145 1258 4216 episcopi,
1291 4149 1550 4203 adversus
1586 4147 1944 4219 Theophilum
1959 4168 2056 4222 pa-

479 4233 583 4286 rati
619 4249 716 4302 pro
749 4235 866 4304 ipso
928 4251 1168 4306 pugnare
1197 4255 1212 4292 :
1245 4253 1380 4305 quos
1438 4239 1526 4292 ille
1553 4240 1897 4308 quiritantes,
1932 4256 2055 4295 cum

479 4325 732 4396 lacrymis
759 4327 1080 4380 obtestando
1107 4327 1353 4391 sedabat,
1388 4338 1550 4395 atque
1593 4329 1914 4384 hortabatur
1946 4332 2049 4385 Ec-
2084 4324 2130 4380 D

475 4417 673 4473 clesias
715 4433 781 4472 ne
835 4417 1226 4474 discinderent.
1261 4419 1400 4474 Sede
1442 4421 1514 4474 ita
1579 4422 1786 4490 pulsus,
1825 4423 1875 4475 in
1919 4422 2050 4478 Bos-

474 4513 590 4579 pori
629 4509 827 4564 Hieron
887 4510 1001 4581 (ll)
1054 4511 1356 4581 ablegatur.
1397 4513 1466 4566 At
1502 4529 1624 4567 cum
1670 4515 1863 4568 deinde
1908 4527 2051 4570 terra

474 4603 732 4656 divinitus
772 4613 1159 4658 concuterelur
1183 4602 1328 4674 83a
1378 4604 1492 4674 (12)
1524 4604 2048 4674 Constantinopolim

475 4693 669 4747 iterum
703 4695 998 4761 reducitur,
1017 4695 1244 4764 sedique
1269 4697 1570 4750 restituitur
1609 4699 1827 4752 invitus.
1859 4698 2050 4756 Pasto-

2168 3043 2265 3113 τὴν
2319 3041 2598 3108 Εὑδοξίαν,
2649 3041 2807 3110 λόγον
2850 3039 3187 3112 διεξέρχεται
3216 3041 3430 3111 μακρὸν
3484 3041 3625 3095 κατά
3652 3058 3740 3107 γυ-

2166 3132 2389 3199 ναικῶν,
2441 3132 2535 3185 καὶ
2563 3131 2625 3184 τὸ
2649 3130 2854 3200 πλῆθος
2879 3130 3099 3201 ἥρπασε
3133 3130 3195 3183 τὸ
3247 3131 3411 3203 ῥηθὲν
3475 3130 3742 3200 ἐκλαμὸάο

2166 3239 2349 3285 νοντες
2380 3224 2457 3285 εἰς
2486 3221 2584 3294 τὴν
2623 3220 2890 3292 βασιλίδα.
2955 3222 3064 3275 Καὶ
3097 3221 3192 3275 τοῦ
3250 3221 3514 3292 Θεοφίλου
3574 3238 3740 3292 παρα-

2166 3317 2449 3384 γεγονότος
2492 3315 2750 3386 ἀρτύεται
2779 3315 2848 3369 τὰ
2877 3318 3019 3368 κατά
3046 3314 3142 3370 τοῦ
3200 3316 3440 3386 μεγάλου
3493 3315 3740 3385 ἀθλητοῦ.

2165 3410 2278 3463 Καὶ⁵
2314 3408 2388 3480 μὴ
2419 3408 2887 3479 παρουσιάσαντος
2903 3407 3071 3462 αὑτοῦ
3097 3411 3163 3481 τῇ
3194 3410 3397 3480 συνόδῳ
3438 3410 3541 3480 τὴν
3574 3409 3743 3479 ψῆφον

2164 3504 2213 3557 οἱ
2248 3503 2375 3574 περὶ
2401 3502 2659 3571 Θεόφιλον
2679 3503 2940 3573 ῆνεγκαν,
2976 3504 3153 3556 καίτοι
3192 3503 3426 3574 βοῶντος
3457 3503 3625 3559 αὐτοῦ
3657 3501 3743 3555 καὶ

2162 3597 2665 3669 διαμαρτυρομένου
2698 3598 2914 3668 ἕτοιμον
2934 3597 2978 3629 ³⁸
3012 3593 3153 3650 εἶναι
3207 3598 3302 3651 καὶ
3334 3597 3740 3668 παραγενέσθαι

2163 3691 2260 3744 καὶ
2303 3690 2710 3758 ἀπολογεῖσθαι,
2741 3691 2790 3743 εἰ
2817 3691 2942 3752 τοὺς
3003 3693 3298 3761 προφανείς
3355 3691 3594 3762 ἐχθροὺς
3656 3688 3741 3741 τοῦ

2165 3781 2440 3852 συνεδρίου
2474 3781 2868 3852 ἐκστήσωσινθ.
2911 3781 3158 3851 Συνῆσαν
3185 3781 3242 3835 δὲ
3276 3780 3426 3852 αύτῷ
3470 3778 3741 3852 τεσσαρά-

2161 3892 2326 3928 κοντα
2370 3874 2658 3928 ἐπίσκοποι
2688 3875 2774 3926 οἳ¹
2811 3874 2907 3926 καὶ
2931 3876 3042 3937 τοῖς
3066 3875 3194 3945 περὶ
3216 3873 3477 3944 Θεόφιλον
3533 3873 3744 3941 ἀπεμά-

2161 3983 2318 4036 χοντο
2338 3982 2351 3995 ·
2383 3966 2411 4017 ὁ
2431 3965 2488 4019 δέ
2514 3964 2737 4027 τούτους
2763 3967 3171 4035 ποτνιωμένους
3219 3967 3620 4036 παρεμυθεῖτο,
3655 3963 3743 4016 καὶ

2161 4057 2390 4128 παρῄνει
2438 4059 2538 4128 τῆς
2598 4055 2725 4128 [145
2769 4056 2859 4130 Η.]
2909 4057 3238 4127 Ἐκκλησίας
3300 4058 3374 4126 μὴ
3441 4055 3741 4126 σχίζεσθαι.

2159 4150 2518 4232 Καθαιρεθεὶς
2565 4149 2624 4201 δέ
2668 4149 3015 4219 ἐκπέμπεται
3065 4151 3146 4213 είς
3207 4149 3268 4202 τὸ
3309 4150 3404 4202 τοῦ
3458 4149 3708 4216 Βοσπόρο

2164 4243 2326 4314 ἱερόν.
2364 4243 2474 4294 Καὶ
2533 4241 2757 4312 σεισμοῦ
2811 4241 3072 4310 θεηλάτου
3108 4241 3406 4312 γενομένου
3460 4240 3629 4293 πάλιν
3654 4238 3742 4290 ἐπὶ

2157 4333 2255 4406 τὴν
2316 4333 2470 4386 πόλιν
2519 4335 2861 4401 κατάγεται,
2917 4333 3012 4386 καὶ
3063 4333 3212 4386 ἄκων
3259 4336 3339 4396 εἰς
3407 4332 3503 4386 τὸν
3556 4330 3740 4402 θρόνον

2156 4427 2452 4495 ἀνάγεταιο
2499 4427 2561 4480 ού
2590 4425 2699 4495 γὰρ
2733 4426 2970 4493 ἔφασκεν
3004 4424 3207 4478 ἐθέλειν
3234 4425 3333 4494 τῆς
3367 4420 3742 4492 ποιμαντικῆς

2156 4518 2332 4589 ἀρχῆς
2387 4516 2732 4588 ἀπάρχεσθαι
2792 4515 2920 4586 πρὶν
2947 4515 3012 4569 ἂν
3037 4516 3118 4578 εἰς
3171 4515 3421 4580 ἐξέτασιν
3453 4512 3626 4567 αὑτοῦ
3652 4511 3744 4580 τὴν

2156 4612 2340 4666 ἄδικοι
2368 4609 2700 4682 προτεθῆναι
2748 4609 2953 4678 κρίσιν.
3000 4608 3112 4678 Τῆς
3145 4609 3202 4662 δὲ
3233 4607 3494 4674 Εύδοξίας
3539 4604 3660 4677 μετ’
3685 4603 3741 4656 οὐ

2168 4707 2332 4760 πολὺν
2364 4705 2555 4777 χρόνον
2581 4702 3033 4774 ἁναφλεχθείσης,
3063 4703 3144 4756 ὅτι
3165 4701 3402 4772 ἐπετίμα
3427 4701 3574 4771 αὐτῇ
3612 4695 3745 4769 μετὰ

1740 4839 1979 4896 VARUE
2024 4839 2431 4898 LECTIONES.

559 4955 603 4985 ’ί
638 4955 775 5024 αῦτη
811 4972 919 5012 οιιι.
943 4957 1007 5012 Α.
1081 4959 1127 4991 ⁸⁸
1159 4959 1554 5022 ἁποκλειούσας
1581 4961 1644 5015 Α.

467 5041 590 5088 ma;
616 5045 678 5091 ς’.

467 5102 594 5152 add.
627 5104 691 5151 Α.

1751 4961 1797 5032 ⁹ῗ
1827 4961 2042 5032 é“56W?
2069 4981 2129 5027 ς.
2165 4971 2286 5030 DOSl
2342 4957 2484 5032 οὔτω
2531 4976 2650 5032 cum
2706 4961 2750 5012 A
2796 4959 2954 5014 omisi
3019 4957 3150 5032 γάρ.

755 5027 801 5058 ⁸⁸
829 5031 930 5097 τῆς
966 5027 1089 5083 add.
1121 5030 1187 5083 A.
1261 5032 1307 5062 ”
1339 5031 1572 5101 κάπῄτει
1606 5050 1667 5097 ς.
1740 5031 1786 5065 ³⁷
1809 5032 1888 5084 ἐτι
1913 5027 1985 5085 ΑΒ
2011 5027 2192 5086 αὐτῶν
2226 5049 2287 5098 ς.

3245 4957 3290 4988 9⁵
3318 4957 3418 5020 si;
3443 4985 3518 4995 ——-
3549 4954 3744 5021 ἐκκλη-

2367 5031 2412 5064 ⁹⁸
2438 5031 2657 5100 ἐτοίμου
2683 5045 2826 5086 corr.
2861 5032 2927 5087 A.
3031 5024 3078 5061 "
3099 5024 3434 5098 ’ἐκστήσουσι
3501 5045 3569 5091 ς.
3652 5028 3670 5058 ⁸
3699 5024 3746 5078 οἱ

2019 5174 2254 5272 noris.

553 5305 612 5379 9]
640 5305 866 5375 Niceph.
911 5307 988 5379 De
1015 5305 1334 5377 Epiphanio,
1365 5325 1485 5379 cap.
1512 5311 1598 5365 l5.

562 5377 652 5447 10)
693 5379 823 5445 Quae
863 5389 918 5434 et
968 5377 1307 5434 Sozomenus
1347 5377 1740 5436 commemorat
1768 5381 1862 5436 lib.
1917 5398 2038 5449 νιιι,

459 5463 582 5590 fari.
599 5450 844 5590 l1)5°lepbv
866 5520 1065 5590 στόμα,
1098 5519 1250 5588 quasi
1286 5537 1494 5572 sacrant
1523 5538 1578 5574 os
1609 5523 1722 5575 sive
1746 5525 1954 5587 ostium,
1984 5533 2044 5577 ut

458 5587 703 5645 Cassiod.
732 5587 917 5647 vertit.
967 5587 1237 5661 Oppidum
1267 5592 1338 5656 ei,
1370 5592 1532 5647 statio
1565 5595 1780 5648 navium
1818 5595 1869 5648 in
1902 5596 2039 5650 ostio

2149 5312 2304 5366 Ponti
2322 5309 2692 5377 Theodoreto,
2710 5311 2807 5366 lib.
2834 5326 2886 5372 ν,
2911 5327 3030 5380 cap.
3055 5310 3123 5364 '55
3145 5317 3232 5373 ;et
3253 5306 3480 5380 Niceph.
3502 5325 3634 5378 cap.
3659 5311 3744 5364 16.

2149 5382 2302 5437 Unde
2333 5383 2632 5449 profectus,
2692 5390 2749 5434 ut
2782 5378 2994 5436 Pallad.
3016 5383 3112 5447 ait,
3152 5398 3170 5430 ι
3195 5378 3397 5447 agellos
3422 5383 3493 5432 ad
3554 5382 3746 5451 Bithy-

2151 5453 2255 5506 nia:
2282 5453 2589 5507 Przenetum
2625 5463 2878 5522 OCCllpal.
2919 5472 2937 5497 ι

2220 5523 2330 5592 (ὶὲ)
2369 5524 2433 5577 Ει
2467 5525 2663 5578 nubilis
2694 5540 2758 5577 cx
2789 5525 3207 5594 eoimperatorii
3250 5539 3377 5594 pars
3407 5523 3744 5587 corruisset,

2149 5601 2210 5648 ut
2233 5591 2332 5649 est
2367 5604 2560 5649 auelor
2598 5593 2705 5650 Leo
2733 5595 2922 5664 imper.
2959 5594 3011 5648 in
3056 5591 3176 5650 Vita
3207 5591 3485 5664 Chrysa“.
