3942 6234
302 231 405 295 357
1344 246 1351 253 ·
1417 233 1950 295 BIBLIOTHECA.
1981 246 2061 267 '—
2089 234 2256 297 con.
2299 236 2473 298 XCVI
3479 249 3588 314 353

301 347 545 418 πολλῆς¹
586 348 906 421 παρῤησίας
953 349 1041 404 διὰ
1093 349 1186 402 τὸν
1242 350 1560 422 ἀνδριάντα,
1586 351 1643 413 ὃς
1669 347 1861 418 πλησία

2007 350 2134 404 ralis
2164 351 2308 404 enim
2331 353 2667 419 praefecturae
2698 369 2882 410 curam
2915 359 3158 430 recipere
3201 376 3260 416 se
3307 363 3444 418 velle
3491 384 3589 421 ne-

297 442 397 510 τῆς
425 441 730 513 ἐκκλησίας
760 443 898 514 αὐτῇ
922 443 1263 514 ὰινεγήγερτο
1295 443 1548 514 (θόρυϐος
1563 443 1671 514 γὰρ
1694 444 1861 497 ἐκείθε

2008 443 2194 513 gabal,
2218 446 2532 516 priusquam
2575 448 2820 518 iniquum
2859 451 2988 507 illud
3013 454 3302 522 judicium,
3341 461 3589 526 proposi-

298 536 470 600 πολὺς
535 541 604 610 τῇ
654 538 922 610 ἐκκλησίᾳ
982 538 1272 605 ἐτίκτετο),
1331 541 1496 594 πάλιν
1529 541 1596 594 τὰ
1633 541 1776 594 κατὰ
1807 541 1861 594 τί

2020 544 2132 587 ιιιηι
2200 550 2602 607 excussumque
2666 539 2828 594 foret.
2862 542 3104 596 Eudoxia
3168 555 3287 612 post
3344 563 3450 601 non
3497 550 3587 602 diu

301 628 477 699 μέγαν
504 627 768 700 Ἰωάννην
801 629 1223 692 συσκευάζεται.
1268 629 1327 682 '0
1359 629 1417 683 δὲ
1447 630 1705 698 Θεόφιλος
1728 629 1861 683 ταύτ

2003 624 2188 680 furore
2221 643 2436 682 rursum
2460 630 2860 701 iucensa,qnod
2885 634 3106 691 liberius
3131 640 3416 704 perstricta
3454 641 3591 695 luis-

296 719 557 790 ἑρμαίῳ⁸
591 722 658 791 τῇ
710 721 906 792 πράξει
969 720 1305 792 περιτυχὼν,
1355 721 1518 782 αὐτὸς
1574 722 1672 794 μὲν
1703 721 1861 792 τὺτῆ

2001 730 2104 782 sel,
2128 731 2354 790 propter
2381 732 2638 788 statuam,
2664 739 2784 793 quae
2813 724 2972 794 juxta
3013 731 3272 799 templum
3298 734 3474 800 posita
3509 734 3584 788 illi

296 813 510 876 πόλεως
579 816 734 884 μῖσος
795 813 1031 878 δεδιὼς¹⁵
1068 815 1129 867 οὐ
1185 815 1590 885 παραγίνεταιο
1650 815 1851 887 ἐμισήθ

2003 811 2176 866 fuerat
2207 815 2461 883 (magnus
2478 814 2625 868 enim
2667 815 2796 870 inde
2825 817 3084 886 strepitus
3112 818 3164 873 in
3198 820 3400 889 templo
3445 821 3588 876 ext-i.

294 907 400 976 γὰρ
438 905 587 970 λίαν,
615 907 698 960 ὅτι
728 906 868 976 μετὰ
890 907 990 977 τὴν
1013 907 1266 961 Ἰωάννου
1302 909 1623 980 καθαίρεσιν
1661 910 1756 963 καὶ
1781 914 1861 963 τοῖ

2000 904 2240 974 tahatur)
2254 944 2269 965 ,
2293 904 2488 958 iterum
2522 905 2575 957 in
2600 905 2816 960 beatum
2835 907 3111 963 hominem
3128 909 3585 965 calumniaeador-

295 1001 557 1070 μακροῖς,
588 999 655 1052 δι’
705 998 801 1062 οὓς
857 1000 1052 1070 ἐκείνῳ
1108 999 1494 1064 ἐπεϐούλευεν,
1537 1001 1861 1072 ἐκοινώνησε

1997 1005 2197 1050 nantur
2225 997 2360 1068 (15).
2409 995 2539 1063 Quae
2575 1012 2710 1052 sane
2730 1001 2963 1063 res,etsi
2990 1014 3187 1068 praeter
3220 1018 3370 1074 spem
3410 1003 3563 1059 Theo

292 1092 388 1143 καὶ
439 1091 553 1143 τῶν
584 1091 929 1160 Ὠριγενείων
985 1092 1454 1162 ἀναγνωσμάτων,
1489 1095 1546 1146 ἐν
1571 1090 1652 1156 οἷς
1684 1096 1860 1146 ἐκεῖνο

1994 1088 2143 1157 philo
2174 1089 2376 1144 accidit
2398 1091 2766 1158 optatissima,
2800 1092 3010 1148 veritus
3053 1103 3231 1150 tamen
3264 1095 3353 1150 ille
3379 1097 3578 1151 civium

292 1180 602 1245 διέϐαλλεν,
652 1183 750 1235 ούκ
783 1182 1063 1251 ἀπείχετο.
1129 1183 1203 1235 Ού
1251 1183 1613 1252 παραγίνεται
1658 1181 1750 1238 οὖν
1803 1186 1861 1238 δι,

1992 1181 2198 1242 odium,
2224 1179 2339 1249 ipse
2389 1181 2608 1248 quidem
2647 1197 2754 1236 non
2818 1184 3052 1238 accessit
3086 1183 3263 1255 (valde
3292 1187 3436 1240 enim
3465 1187 3577 1254 jam

289 1273 350 1325 τὸ
391 1275 580 1342 μῖσος,
629 1274 842 1344 πέμπει
872 1273 917 1327 δ’
947 1274 1064 1327 ἀντ’
1106 1273 1294 1338 αὐτοῦ,
1345 1274 1468 1344 μηδ’
1492 1277 1572 1338 είς
1594 1275 1775 1343 κρίσιν
1808 1277 1861 1328 ἔτ

1993 1273 2200 1327 invisus
2225 1287 2346 1327 esse
2375 1284 2636 1341 coeperat,
2672 1285 2784 1328 tum
2816 1277 2962 1344 quod
2997 1276 3152 1344 pulso
3204 1277 3434 1342 Joanne,
3456 1297 3578 1333 cum

288 1367 479 1420 καλεῖν
531 1367 922 1430 ἀποθεσπίζων
975 1366 1253 1437 Ἰωάννην,
1283 1367 1359 1430 ὡς
1392 1368 1531 1438 μετὰ
1562 1369 1658 1438 τὴν
1693 1368 1858 1422 καθαί

1989 1365 2189 1435 Longis
2212 1378 2393 1420 tamen
2436 1367 2842 1436 fratribus,per
2888 1385 3026 1438 quos
3053 1370 3128 1424 illi
3159 1382 3319 1426 antea
3353 1372 3580 1426 insidia-

293 1478 443 1531 ρεσιν
504 1461 858 1530 τολμήσαντα
915 1460 1257 1531 ίεράσασθαι,
1316 1461 1416 1530 τῆς
1478 1463 1538 1514 ἐν
1583 1461 1861 1532 Ἀντιοχεί‹

1988 1459 2172 1524 batur,
2205 1461 2692 1524 communicasset,
2730 1469 2841 1514 tum
2866 1463 3011 1531 quod
3033 1461 3214 1531 legere
3243 1464 3359 1533 ipse
3394 1464 3579 1534 Orige-

288 1553 513 1606 συνόδου
537 1551 619 1622 τῷ
643 1553 780 1622 μετὰ
823 1552 1148 1624 καθαίρεσιν
1195 1551 1373 1622 ἑαυτῷ
1418 1553 1520 1624 τὴν
1580 1554 1861 1624 ἱερωσύνηε

1985 1549 2073 1604 nis
2101 1549 2327 1620 scripta.
2363 1566 2469 1620 quo
2496 1553 2714 1606 nomine
2733 1551 2998 1608 Joannem
3029 1554 3443 1622 criminabatur,
3468 1574 3573 1610 non

286 1647 646 1716 ἐκδικήσαντι
671 1647 693 1679 ⁸
725 1646 846 1699 οὐδὲ
877 1645 1041 1698 τόπον
1064 1645 1434 1718 ὑπολιπούσης
1463 1647 1781 1716 ἀπολογίας.
1815 1649 1854 1699 Ο

1985 1641 2283 1714 desineret)
2326 1658 2431 1698 non
2498 1647 2753 1709 accessit,
2798 1645 3041 1715 inquam,
3085 1646 3196 1701 odii
3246 1656 3434 1715 metu;
3480 1652 3574 1705 sed

284 1739 340 1792 δέ
377 1756 444 1804 γε
470 1712 623 1810 περὶ
655 1738 915 1809 Ἰωάννην
947 1738 1242 1808 Ἀρειανῶν
1283 1712 1468 1808 ελεγον
1495 1712 1762 1792 εἷναι-καὶ
1789 1739 1861 1792 τὸς

1992 1749 2091 1804 pro
2112 1749 2170 1789 se
2205 1734 2370 1789 alium
2406 1736 2681 1800 submisit,
2727 1738 3160 1806 pronuntiatum,
3200 1755 3268 1795 ne
3327 1743 3379 1794 in
3424 1742 3573 1812 judi-

285 1831 493 1884 κανόνα
538 1831 635 1884 καὶ
678 1831 778 1902 τὴν
843 1829 1082 1896 σύνοδον,
1143 1831 1238 1884 ἐπὶ
1286 1836 1522 1904 συσκευῇ
1565 1831 1861 1885 Ἀθανασίοη

1989 1827 2132 1882 cium
2170 1828 2388 1898 quidem
2435 1830 2738 1883 vocandum
2775 1828 3066 1895 Joannem,
3091 1843 3148 1885 ut
3174 1833 3267 1901 qui
3306 1843 3428 1902 post
3463 1836 3575 1905 eje-

285 1923 701 1993 ἐκτεθειμένου,
738 1924 806 1995 ἢν
829 1925 878 1977 oi
909 1924 966 1976 ὲν
996 1923 1235 1995 Σαρδικῇ
1271 1924 1624 1996 ἀπεφήναντο
1656 1925 1861 1996 ἄκυρον

1987 1921 2225 1974 ctionem
2257 1935 2412 1976 sacra
2465 1921 2618 1975 obire
2668 1923 2851 1976 munia
2913 1938 3021 1977 non
3069 1923 3395 1989 dubitasset,
3446 1941 3568 1981 cum

295 2015 626 2070 ’Δθανᾶσιον
674 2016 773 2070 οὐκ
819 2017 900 2078 είς
950 2015 1249 2084 ἀπολογίαν
1295 2015 1479 2086 μόνον,
1504 2015 1643 2069 ἀλλὰ
1678 2017 1774 2068 καὶ
1807 2017 1854 2068 εί

1983 2012 2321 2067 Antiochena
2375 2014 2615 2084 synodus
2676 2024 2800 2084 post
2854 2015 3223 2082 expulsionem
3280 2019 3569 2074 sacerdotii

285 2108 595 2180 ἱερωσύνην
630 2108 746 2179 ἅμα
776 2108 1082 2179 Μαρκέλλῳ
1111 2107 1419 2178 δεξάμενοι.

1985 2122 2180 2160 munus
2210 2107 2277 2160 ad
2313 2106 2457 2161 hunc
2483 2107 2726 2172 obeunti,
2763 2106 2968 2161 nullum
3001 2108 3336 2165 defensionis
3390 2111 3568 2166 locum

281 2204 590 2272 reliquerit.
629 2204 708 2256 Ad
740 2218 859 2272 quae
891 2201 1113 2256 Joannis
1145 2203 1398 2266 studiosi,
1431 2201 1761 2256 Arianorum
1846 2201 1996 2256 illum
2048 2216 2173 2256 esse
2234 2216 2499 2256 canonem
2559 2216 2990 2271 consessnuique
3066 2204 3430 2275 excipiebant,
3500 2193 3568 2258 ad

288 2297 527 2351 insidias
556 2295 1138 2350 duntaxatAthanasio
1166 2295 1456 2348 struendas
1480 2305 1878 2362 comparatum.
1921 2292 2061 2346 Hinc
2097 2307 2215 2347 eam
2250 2292 2424 2360 ipsam
2457 2293 2722 2362 synodum
2771 2291 2960 2348 Patres
3024 2291 3370 2350 Sardicensis
3435 2313 3570 2352 con-

290 2388 402 2443 cilii
433 2388 641 2441 nullam
675 2402 798 2443 esse
831 2387 1132 2448 censuisse,
1157 2397 1210 2440 et
1245 2385 1543 2440 Athanasio
1577 2403 1683 2440 non
1715 2388 1885 2440 solum
1927 2383 2251 2440 defendendi
2277 2385 2360 2440 sui
2394 2393 2717 2456 potestatem
2756 2382 2972 2451 fecisse,
3009 2400 3195 2440 verum
3248 2389 3412 2444 etiam
3473 2405 3565 2447 sa-

283 2484 597 2539 cerdotium
626 2499 732 2537 una
769 2499 889 2536 cum
931 2480 1186 2536 Marcello
1242 2481 1626 2534 administrare
1670 2481 2003 2550 permisisse.

354 2578 646 2632 Κωλύεται
692 2577 791 2646 μὲν
836 2572 930 2630 οὖν
982 2576 1101 2628 τότε
1138 2575 1578 2646 ὁΧρυσόστομος
1621 2574 1874 2647 ἱερᾶσθαι

280 2673 380 2728 καὶ
403 2673 543 2735 ὅλως
571 2673 708 2742 πρὸς
729 2672 829 2743 τὴν
857 2669 1151 2739 ἐκκλησίαν
1181 2668 1581 2738 κατέρχεσθαι·
1619 2669 1652 2738 ἡ
1683 2669 1739 2721 δὲ
1762 2668 1873 2722 τῶν

280 2762 532 2835 Χριστοῦ
587 2761 885 2816 Γενεθλίων
916 2761 1078 2831 ἑορτὴ
1105 2762 1444 2831 ἐνειστήκει,
1489 2759 1621 2832 [265
1653 2757 1744 2832 8.]
1778 2759 1875 2814 καὶ

281 2857 472 2928 ἔμεινε
507 2856 671 2926 μέχρι
697 2853 799 2923 τῆς
856 2853 1016 2920 ἁγίας
1063 2854 1466 2925 Πεντηκοστῆς,
1501 2856 1596 2908 καὶ
1619 2853 1699 2907 ἔτι
1731 2855 1870 2926 πρὸς

283 2948 510 3021 ἡμέρας
541 2947 706 3001 πέντε
739 2945 1012 3016 σχολάζων
1042 2947 1136 2998 καὶ
1192 2945 1358 3016 μηδὲν
1398 2947 1534 3010 ὅλως
1581 2949 1874 3019 ὲκκλησια-
1899 2983 1941 3039 C

281 3040 473 3096 στικὸν
494 3038 986 3110 διαπραττόμενος.
1019 3039 1152 3092 Τότε
1186 3037 1243 3090 δὲ
1271 3037 1490 3102 τελείως
1519 3041 1612 3092 καὶ
1641 3040 1737 3110 τῆς
1771 3041 1868 3095 ἐκ.

278 3132 517 3202 κλησίας
544 3133 641 3185 καὶ
660 3133 760 3200 τῆς
808 3129 1018 3193 πόλεως
1050 3129 1335 3201 ἐξεϐλήθη,
1371 3132 1466 3182 καὶ
1488 3131 1755 3203 ἐξωρίσθη
1787 3135 1867 3198 είς

277 3225 624 3290 Κουκουσὺν,
658 3223 749 3276 ὅτε
787 3223 884 3276 κα)⁹
911 3224 972 3276 τὸ
1030 3223 1143 3294 πῦρ
1169 3223 1409 3292 ἀναφθὲν
1438 3222 1540 3294 τῆς
1569 3225 1866 3296 ἐκκλησίας

274 3316 376 3370 τοῦ
400 3315 658 3386 ἄμϐωνος
695 3314 869 3369 πολλὰ
929 3314 1040 3368 τῶν
1089 3314 1250 3386 πέριξ
1300 3317 1731 3388 κατενεμήσατο.
1758 3319 1865 3372 Καὶ

275 3407 470 3461 πολλοὶ
497 3406 557 3459 δὲ
583 3405 690 3459 τῶν
716 3405 860 3458 κατὰ
896 3403 992 3458 τοῦ
1039 3405 1193 3472 ἁγίου
1223 3404 1862 3475 παραδειγματίσθησαν,

272 3499 312 3568 ἢ
350 3499 533 3561 νόσοις
570 3495 830 3562 ἐξαισίοις
881 3496 915 3567 ἢ
972 3497 1279 3566 συμφοραῖς
1321 3493 1602 3565 θεηλάτοις
1623 3495 1715 3548 τὸν
1751 3495 1864 3566 βίον

271 3588 720 3660 ἀπορρήξαντες.
793 3587 1120 3659 Ἐξορισθεὶς
1167 3588 1223 3641 δὲ
1273 3587 1354 3652 είς
1411 3589 1744 3650 Κουκουσδν,
1787 3589 1864 3652 ὠς

269 3675 435 3742 οὗτός
468 3696 624 3751 φησι,
691 3677 790 3731 καὶ
841 3677 1088 3731 ἐδίδασκε.
1131 3677 1226 3732 καὶ
1273 3679 1603 3748 ἐχειροτόνει
1635 3677 1862 3742 πολλοὺς

271 3773 381 3843 μὲν
410 3770 771 3836 ἐπισκόπους,
810 3770 1032 3834 πλείους
1071 3769 1128 3823 δὲ
1175 3769 1583 3841 πρεσόυτέρους
1615 3770 1710 3824 καὶ
1743 3770 1860 3823 δια-

269 3865 493 3928 κόνους.
530 3864 805 3916 Ἔπετέλει
834 3863 890 3916 δὲ
919 3863 1013 3916 καὶ
1043 3862 1218 3916 πολλὰ
1253 3865 1456 3934 σημεῖα
1482 3865 1542 3916 ἐν
1562 3865 1628 3932 τῇ
1651 3863 1858 3934 ἐξορία,

268 3955 386 4018 ζῶν
417 3971 478 4007 τε
509 3954 603 4006 καὶ
625 3953 764 4024 μετὰ
795 3953 1046 4008 θάνατον.
1074 3951 1312 4024 Τελευτᾷ
1341 3953 1396 4005 δὲ
1419 3954 1482 4006 ού
1522 3954 1663 4024 μετὰ
1695 3953 1860 4008 πολὺν

266 4049 494 4120 χρόνον,
528 4047 623 4100 τοῦ
654 4046 956 4100 ἐπισκόπου
990 4047 1262 4116 Κομάνων
1299 4047 1392 4099 καὶ
1447 4045 1725 4117 μάρτυρος
1761 4046 1862 4098 Βα-

266 4141 524 4194 σιλίσκου
583 4139 684 4210 τὴν
744 4137 1001 4209 τελευτὴν
1050 4136 1201 4209 αὐτῷ
1249 4137 1722 4218 προμηνύσαντος,
1767 4139 1860 4193 καὶ

265 4233 544 4289 θάπτεται
573 4233 632 4285 ἐν
660 4234 727 4304 τῇ
757 4232 892 4305 αὐτῇ
921 4231 1010 4285 τοῦ
1048 4231 1324 4304 μάρτυρος
1354 4230 1605 4304 λάρνακι.

336 4414 692 4484 Κατέκριναν
723 4411 778 4466 δὲ
811 4414 861 4466 oi
912 4412 1040 4483 περ),
1067 4410 1329 4480 Θεόφιλον
1361 4411 1464 4482 καὶ,
1495 4409 1854 4482 Ἡρακλείδην

257 4510 359 4563 τὸν
399 4507 660 4577 Ἐφέσου,
691 4506 922 4560 ἀπόντα.
951 4505 1063 4558 Καὶ
1093 4504 1417 4576 Σεραπίωνα
1439 4503 1496 4556 δὲ
1530 4503 1801 4566 ποικίλαις
1831 4503 1851 4534 ⁸

261 4599 638 4662 ὑποϐαλόντες
685 4597 979 4668 τιμωρίαις
1037 4597 1134 4650 καὶ
1180 4594 1283 4663 τῆς
1329 4596 1636 4663 ἐπισκοπῆς
1679 4594 1850 4663 Ἡρα-

261 4694 478 4758 κλεξας,
539 4695 599 4746 ὲν
731 4691 895 4744 αὑτὸν
921 4689 1060 4761 μετὰ
1113 4688 1213 4759 τὴν
1255 4685 1477 4758 πρώτην
1508 4687 1606 4755 τῆς
1637 4684 1850 4756 ἐξορίας

259 4787 527 4842 ἐπάνοδον
559 4783 858 4853 ἐτύγχανεν
889 4784 917 4835 ὁ
948 4781 1120 4852 μέγας
1163 4779 1420 4849 Ἰωάννης
1443 4779 1848 4850 χειροτονήσας,

2053 2571 2222 2643 igitur
2255 2571 2565 2642 prohibent,
2600 2572 3021 2644 Chrysostomus
3049 2577 3225 2631 sacris
3260 2590 3326 2630 ne
3379 2591 3564 2646 opere-

1982 2674 2092 2729 tur,
2131 2680 2268 2720 neve
2303 2664 2525 2720 omnino
2551 2665 2618 2719 ad
2664 2665 2953 2720 ecclesiam
2985 2668 3186 2723 veniat.
3222 2667 3421 2724 Christi
3450 2680 3560 2726 tum

1976 2754 2248 2809 Natalium
2307 2753 2477 2808 festus
2529 2753 2645 2807 dies
2708 2755 2946 2809 instabat
2983 2754 3116 2826 (14),
3164 2757 3470 2829 mansitque
3494 2759 3562 2812 ad

1982 2844 2182 2900 festum
2212 2844 2570 2900 Pentecostes
2599 2854 2652 2900 et
2671 2845 2786 2900 dies
2809 2847 3031 2917 insuper
3048 2848 3285 2918 quinque
3312 2864 3558 2914 cessans,

1981 2950 2036 2994 et
2068 2941 2135 2994 ab
2163 2940 2308 2993 omni
2334 2938 2714 2996 ecclesiastico
2741 2939 3235 2998 ahstinensoﬂicio.
3255 2942 3390 2998 Tum
3414 2947 3557 2999 enim

1975 3033 2196 3087 omnino
2227 3042 2281 3087 et
2309 3031 2545 3087 ecclesia
2569 3033 2759 3104 pulsus
2799 3043 2855 3090 et
2903 3035 3058 3101 urbe,
3099 3036 3368 3092 Cucusum
3399 3055 3560 3094 exsu-

1969 3123 2138 3177 latum
2185 3125 2385 3180 missus
2439 3135 2543 3180 est.
2620 3125 2737 3192 Quo
2819 3127 2949 3182 item
3027 3139 3270 3197 tempore
3316 3142 3371 3185 et
3419 3131 3559 3201 ignis

1972 3215 2152 3283 templi
2190 3217 2421 3284 primum
2477 3227 2791 3288 suggestum
2852 3219 3150 3288 corripiens
3193 3219 3328 3291 (l5),
3387 3223 3554 3276 multa

1969 3320 2186 3374 quoque
2254 3308 2610 3363 circumcirca
2653 3307 2890 3364 ﬂammis
2935 3312 3254 3380 absumpsit.
3303 3312 3557 3383 Plerique

1971 3395 2141 3447 etiam
2173 3394 2517 3449 inimicorum
2547 3394 2772 3450 Joannis
2810 3399 3051 3467 exempla
3097 3401 3388 3465 dederunt,
3424 3417 3552 3472 par-

1968 3484 2062 3536 tim
2087 3484 2244 3539 ftndis
2267 3487 2488 3550 morbis,
2507 3489 2704 3555 partim
2728 3490 2987 3544 divinitus
3007 3492 3243 3546 immissa
3267 3493 3419 3548 clade
3441 3498 3551 3551 vita

1965 3576 2110 3629 exuti
2141 3576 2275 3647 (16).
2309 3577 2584 3632 Cucusum
2643 3581 2752 3652 (i7)
2808 3597 2937 3650 ergo
2965 3583 3281 3652 deportatus
3313 3584 3550 3642 Joannes

1966 3667 2046 3736 (ut
2072 3669 2159 3724 hic
2207 3672 2426 3740 quidem
2465 3673 2709 3741 perhibet
2743 3676 2996 3746 scriptor)
3039 3687 3094 3730 et
3127 3678 3307 3732 docuit
3336 3679 3406 3735 ibi
3449 3697 3548 3750 pro

1964 3763 2252 3830 concione,
2280 3773 2335 3818 et
2364 3766 2638 3820 ordinavit
2684 3766 2884 3821 multos
2931 3769 3239 3838 episcopos,
3269 3786 3330 3826 ac
3365 3773 3548 3841 plures

1962 3857 2127 3910 etiam
2158 3858 2495 3924 sacerdotes,
2525 3868 2686 3928 atque
2712 3861 2987 3914 diaconos.
3025 3860 3187 3916 Multa
3219 3865 3346 3918 item
3379 3867 3548 3920 mira-

1962 3949 2081 4003 cula
2115 3949 2166 4003 in
2195 3964 2260 4004 eo
2293 3951 2490 4004 exsilio
2521 3967 2643 4005 cum
2693 3953 2869 4018 vivus,
2901 3966 3011 4009 tum
3070 3967 3318 4013 mortuus
3349 3959 3540 4014 edidit.

1962 4043 2256 4098 Obiitvero
2296 4020 2402 4096 ιῖοη
2439 4043 2608 4096 multo
2641 4055 2762 4112 post
2803 4045 2940 4117 (l8),
2977 4063 3097 4101 cum
3129 4049 3414 4120 episcopus
3449 4054 3546 4107 Co-

1960 4148 2246 4187 manorum
2271 4132 2382 4203 (19)
2412 4132 2731 4197 Basiliscus,
2764 4135 3016 4205 idemque
3053 4149 3284 4210 martyr,
3312 4142 3468 4195 linem
3491 4144 3538 4196 ei

1961 4228 2256 4280 secundum
2323 4227 2562 4297 quietem
2623 4228 2999 4295 praedixisset:
3042 4233 3407 4303 conditusque
3457 4243 3541 4289 est

1886 4322 1932 4378 D
1963 4321 2014 4374 in
2050 4319 2293 4387 ejusdem
2322 4322 2581 4390 uiarlyris
2609 4324 2836 4378 tumulo.

2031 4411 2363 4480 Theophilus
2387 4424 2562 4468 autem
2599 4431 2719 4468 cum
2752 4416 2864 4470 suis
2895 4417 3330 4472 condemnarunt
3367 4418 3537 4473 Hera-

1937 4507 2152 4576 .clidem
2195 4506 2343 4576 83b
2383 4507 2579 4576 Ephesi
2628 4510 2936 4578 episcopum
2971 4511 3271 4574 absentem,
3334 4521 3386 4566 et
3439 4512 3535 4567 Se-

1957 4599 2259 4665 rapionem,
2283 4597 2448 4650 multa
2478 4596 2728 4652 aﬂ'ectnm
2766 4600 2990 4666 injuria,
3015 4600 3290 4657 Heracleae
3319 4604 3531 4673 episco—

1958 4700 2106 4759 patu,
2164 4691 2215 4741 in
2274 4705 2382 4759 quo
2419 4690 2590 4758 ipsum
2645 4706 2869 4760 magnus
2906 4691 3145 4749 Joannes
3208 4705 3328 4763 post
3379 4698 3533 4767 prius

1959 4782 2211 4838 exsilium
2240 4797 2487 4837 reversus
2505 4782 2797 4850 ordinarat,
2828 4783 3072 4853 ejiciunt.
3112 4785 3414 4843 Heraclida:
3437 4789 3533 4845 de-

1535 4915 1770 4972 VARIIE
1800 4917 2208 4975 LECTIONES.

330 5038 355 5070 ³
389 5037 596 5108 πολλῆς
625 5038 750 5092 add.
793 5039 859 5092 A.
938 5038 959 5070 ³
988 5039 1193 5108 ἐρμαίᾳ
1223 5053 1283 5100 ς.
1360 5035 1382 5065 ⁸
1402 5035 1655 5099 δεδοικὼς
1685 5055 1745 5101 ς·.
1821 5039 1842 5070 ⁸
1875 5038 1966 5092 τὸν
1991 5071 2061 5079 -
2089 5040 2453 5108 ἐκδικήσαντα
2489 5040 2549 5094 Α.
2629 5041 2649 5071 ⁸
2681 5041 2957 5107 ποικίλαις
2983 5045 3020 5096 Δ
3053 5061 3069 5100 :
3107 5046 3333 5111 πολλαῖς
3359 5065 3422 5114 ς.

1818 5155 2048 5214 NOTAE.

332 5281 450 5352 (l3)
479 5278 709 5352 Niceph.
758 5295 880 5349 cap.
932 5279 1042 5352 18;
1081 5280 1292 5335 Socrat.
1333 5279 1424 5334 lib.
1473 5295 1549 5344 vi,
1576 5297 1695 5350 cap.
1738 5282 1844 5348 18;

258 5351 486 5410 δοκοίη.
520 5351 615 5404 lib.
646 5364 766 5410 vni.
790 5367 906 5420 cap.
928 5351 1019 5404 20.

342 5422 454 5494 (14)
481 5420 663 5476 Pridie
733 5421 954 5494 Paschte
1004 5421 1122 5489 ipso
1178 5436 1375 5494 magno
1419 5419 1675 5494 Salibato,
1734 5424 1848 5477 hmc

252 5491 381 5549 cum
403 5507 619 5548 summa
650 5493 1060 5549 perturbatione
1086 5493 1332 5546 confecta
1355 5507 1478 5547 esse
1509 5491 1712 5546 Pallad.
1746 5505 1850 5547 tra-

252 5566 355 5622 dit,
387 5573 442 5617 et
474 5563 591 5631 ipse
621 5563 823 5629 Georg.
861 5564 1080 5616 editusa
1106 5563 1416 5616 'l‘ilmanno.

327 5633 443 5702 (i5)
484 5634 738 5687 Cassiod.
783 5633 960 5688 inanis
1009 5635 1285 5687 studiosos
1316 5634 1626 5696 ecclesiam,
1663 5634 1843 5686 inten-

255 5705 407 5759 disse
439 5702 629 5771 refert,
665 5713 722 5758 et
756 5705 957 5773 plures,
981 5721 1117 5775 quos
1155 5703 1350 5759 refellit
1377 5703 1652 5761 Illustriss.
1685 5703 1845 5760 Baro.

1953 5283 2149 5337 Annal.
2183 5284 2248 5339 V.
2290 5289 2356 5338 ad
2379 5300 2470 5339 an.
2502 5285 2630 5340 Chr.
2669 5285 2797 5341 404.

2023 5355 2134 5424 (16)
2163 5355 2388 5424 Niceplt.
2422 5373 2544 5423 cap.
2579 5357 2668 5419 22,
2705 5370 2756 5411 et
2782 5355 2992 5413 Pallad.

2021 5425 2136 5496 (17)
2171 5425 2394 5490 Nicepli.
2418 5443 2535 5496 cap.
2561 5429 2650 5482 ‘26.

2019 5496 2131 5569 (l8)
2163 5496 2475 5569 Niceph.57
2490 5511 2608 5563 post
2629 5497 2766 5569 med.
2795 5496 3013 5569 Sozom.
3035 5496 3126 5552 lib.
3150 5512 3263 5560 vm,
3288 5514 3405 5569 cap.
3422 5500 3522 5557 ult.

2022 5565 2501 5642 (i_9)_Leo_._imper.'
2518 5571 2677 5642 etiam
2705 5568 2764 5623 S.
2804 5566 3100 5642 aniauum
3123 5565 3365 5642 martyrii
3392 5573 3522 5629 olim

1954 5638 2026 5694 ibi
2049 5637 2112 5695 Β.
2140 5637 2407 5695 Basilisco
2435 5639 2667 5705 socium,
2693 5639 3011 5708 apparuisse
3043 5654 3150 5693 una
3192 5637 3376 5698 tradit.
