3942 6234
297 288 393 350 365

1231 284 1750 346 BTBLIOTHECA.
1781 313 1849 321 —
1871 286 2086 349 CODD.
2127 285 2598 349 XCVIII-XCIX.

3424 277 3529 342 366

295 407 389 476 ϐὴς
422 401 519 457 καὶ
549 400 811 464 πολλάκις
842 400 900 453 ὲν
930 399 1145 464 πολλοῖς
1187 400 1436 453 ὑλακτῶν
1464 402 1605 454 κατὰ
1634 401 1744 454 τῶν
1765 403 1857 454 εὐ-

1977 415 2176 457 ιοοιιιυε
2198 401 2534 470 religionem,
2563 399 2616 452 in
2635 395 2878 467 pluribus
2903 394 3165 450 adversus
3191 393 3312 463 pios
3331 405 3530 461 saeptus

297 496 488 560 σεϐῶν,
514 494 780 565 σύντομος
832 491 889 545 δὲ
914 493 1016 564 τὴν
1053 491 1276 564 φράσιν,
1313 490 1440 564 [272
1468 491 1561 564 3.]
1602 493 1860 565 εὐκρινής

292 605 350 641 τε
383 587 481 640 καὶ
509 585 769 655 καθαρὸς,
816 583 939 637 οὐδὲ
967 583 1061 637 τοῦ
1090 583 1246 653 ἡδέος
1283 583 1689 653 ἀπῳκισμένος.
1727 585 1861 652 Ἀρ-

292 696 442 750 χεται
474 677 576 748 μὲν
598 677 702 747 τῆς
730 677 776 708 "
809 675 1072 746 ἱστορίας,
1120 673 1196 737 ὡς
1217 673 1284 728 ἄν
1311 689 1396 736 τις
1420 671 1588 738 εῐποι,
1612 671 1720 725 ἀπὸ
1754 673 1861 724 Αὐ-

291 769 555 839 γούστου,
586 768 865 838 ἐπιτρέχει
913 765 969 817 δὲ
1012 764 1222 827 πάντας
1261 765 1390 826 τοὺς
1441 763 1602 833 μέχρι
1634 761 1859 831 Διοκλη-

289 861 500 926 τιανοῦ,
530 861 691 930 ψιλὴν
727 859 919 928 ῶσπερ
951 857 1051 927 τὴν
1083 856 1389 927 ἀνάρρησιν
1426 857 1521 909 καὶ
1546 855 1645 925 τὴν
1681 853 1860 908 διαδο-

291 955 391 1024 χὴν
409 950 591 1005 αὐτῶν
620 947 835 1018 άφηγού
845 963 1027 1017 μενος.
1071 945 1206 998 Ἀπὸ
1226 943 1284 997 δὲ
1305 941 1692 1012 Διοκλητιανοῦ
1725 941 1861 995 πλα·

291 1045 518 1115 τύτερον
575 1042 707 1112 περὶ
762 1040 872 1093 τῶν
911 1037 1374 1109 βεϐασιλευκότων
1411 1034 1766 1105 διαλαμϐάνει
1803 1035 1862 1087 ὲν

290 1136 524 1206 βιϐλίοις
547 1134 711 1187 πέντε
731 1148 746 1162 ⁸
769 1133 833 1184 τὸ
875 1132 985 1202 γὰρ
1044 1130 1260 1200 πρῶτον
1281 1129 1404 1190 τοὺς
1445 1129 1605 1198 μέχρι
1639 1125 1862 1194 Διοκλη-

287 1225 476 1280 τιανοῦ
499 1223 607 1277 ἀπὸ
662 1222 977 1292 Αὐγούστου
1036 1219 1368 1291 ἀριθμεῖται.
1397 1219 1509 1272 Καὶ
1544 1217 1746 1288 πληροῖ
1763 1217 1862 1287 τὴν

286 1319 459 1387 ἕκτην
493 1317 674 1386 βίϐλον
694 1317 751 1369 ὲν
782 1316 1010 1377 ἐκείνοις
1025 1311 1469 1384 ἀπαρτιζομένην
1491 1313 1601 1374 τοῖς
1629 1309 1861 1380 χρόνοις,

286 1413 346 1463 ἐν
369 1407 456 1472 οἷς
498 1409 780 1480 Ἀλάριχος
817 1408 918 1476 τὴν
945 1406 1162 1476 Ῥώμην
1187 1405 1248 1458 τὸ
1263 1405 1515 1476 δεύτερον
1534 1401 1862 1474 πολιορκῶν,

286 1505 384 1557 καὶ
450 1502 562 1555 τῶν
608 1499 959 1554 ἐνοικούντων
1018 1498 1432 1570 ἀπορουμένων,
1482 1496 1597 1549 λύει
1634 1497 1732 1566 τὴν
1764 1513 1865 1548 πο»-

285 1593 563 1664 λιορκίαν,
626 1590 851 1662 βασιλέα
900 1591 1112 1654 τούτοις
1143 1589 1408 1643 Ἄτταλον
1442 1587 1700 1642 ἀνειπὼν.
1733 1583 1866 1640 Εἶτα

283 1682 341 1736 δὲ
377 1682 476 1734 καὶ
533 1680 632 1750 τῆς
684 1677 962 1750 βασιλείας
1001 1678 1190 1732 τοῦτον
1235 1677 1555 1748 παραλύσας
1585 1676 1672 1730 διὰ
1703 1676 1763 1728 τὸ
1792 1677 1866 1746 μὴ

284 1774 471 1826 δοκεῖν
491 1769 554 1826 εὖ
588 1770 924 1826 διατίθεσθαι
960 1772 1030 1825 τὰ
1081 1773 1180 1842 τῆς
1209 1770 1694 1842 ἐγκεχειρισμένης
1717 1756 1866 1837 αὐτῷ
1899 1751 1942 1806 Β

287 1866 359 1936 βα
371 1864 595 1928 διλείας,
622 1865 759 1933 πρὸς
794 1860 1049 1933 Ὀνὼριον
1076 1862 1168 1915 τὸν
1193 1862 1416 1932 βασιλέα
1443 1862 1582 1916 κατὰ
1601 1863 1700 1929 τὴν
1738 1860 1864 1914 Ῥά-

284 1956 488 2010 ϐενναν
512 1955 860 2027 διατρίϐοντα
909 1954 994 2021 ἐφ’
1017 1948 1062 2021 ᾧ
1109 1953 1438 2008 σπείσασθαι
1461 1953 1507 1986 ³⁰
1538 1955 1669 2007 ῖετο.
1706 1951 1868 2006 Ἀλλὰ

286 2047 489 2119 Σάρος,
523 2046 719 2110 Γότθος
769 2045 864 2098 κα)⁵
909 2044 1092 2108 αὐτὸς,
1134 2043 1390 2115 διάφορος
1440 2043 1516 2098 ῶν
1574 2045 1864 2116 ’Δλαρίχῳ,

287 2139 438 2211 ἔχων
475 2156 538 2193 τε
561 2139 653 2192 ὑπ’
712 2137 875 2192 αὑτὸν
925 2138 1054 2209 ἄχρι
1078 2137 1405 2208 τριακοσίων
1432 2139 1528 2191 καὶ
1554 2136 1870 2207 προστεθεὶς

299 2231 557 2302 Ὀνωρίῳ
619 2231 715 2286 καὶ
758 2229 1128 2301 συμπολεμεῖν
1181 2229 1332 2299 αὐτῷ
1387 2228 1532 2283 κατὰ
1585 2229 1868 2300 Ἀλαρίχου

287 2323 724 2394 διατεινόμενος,
747 2321 997 2392 ἐμποδὼν
1050 2321 1202 2394 ἔστη.
1230 2322 1340 2376 Καὶ
1366 2321 1400 2391 ή
1426 2322 1525 2392 μὲν
1554 2320 1688 2392 ἕκτη
1722 2320 1871 2392 αὑτῷ

290 2417 516 2488 ἱστορία
538 2411 639 2469 ὧδε
661 2415 905 2483 τελευτᾷ.

361 2508 531 2560 Εἴποι
556 2505 600 2558 δ’
631 2505 696 2559 ἄν
720 2521 803 2568 τις
865 2505 924 2557 οὐ
983 2503 1192 2577 γράψαι
1236 2503 1396 2557 αὐτὸν
1436 2503 1698 2574 ἱστορίαν,
1735 2503 1873 2557 ἀλλὰ

293 2596 654 2670 μεταγράψαι
700 2595 800 2666 τὴν
849 2596 1146 2661 Εύναπίου,
1178 2595 1257 2666 τῷ
1285 2595 1538 2666 συντόμῳ
1567 2595 1728 2667 μόνον
1753 2595 1872 2650 δια-

291 2691 598 2760 φέρουσαν,
661 2687 758 2742 καὶ
817 2688 900 2742 ὅτι
947 2688 1066 2758 οὐχ,
1099 2687 1288 2757 ὥσπερ
1331 2689 1560 2754 ἐκεῖνος,
1609 2686 1752 2742 οὕτω
1778 2687 1874 2742 καὶ

289 2777 455 2845 οὗτος
505 2779 815 2850 Στελίχωνα
861 2779 1106 2850 διασύρει
1135 2795 1150 2811 °
1199 2781 1269 2834 τὰ
1309 2781 1366 2834 δὲ
1425 2779 1560 2835 ἄλλα
1604 2779 1744 2833 κατὰ
1776 2779 1873 2851 τὴν

295 2876 552 2945 ἱστορίαν
577 2874 706 2946 [148
735 2871 829 2944 Η.]
865 2871 1052 2941 σχεδόν
1070 2889 1124 2924 τι
1155 2873 1183 2925 ὁ
1215 2872 1398 2937 αὐτὸς,
1425 2871 1520 2925 καὶ
1553 2871 1787 2942 μάλιστα
1815 2872 1873 2922 έν

291 2973 423 3032 ταῖς
453 2969 565 3021 τῶν
586 2965 826 3020 εὐσεϐῶν
885 2965 1148 3036 βασιλέων
1179 2964 1472 3029 διαϐολαῖς.
1513 2967 1670 3019 Δοκεῖ
1701 2965 1758 3018 δέ
1783 2981 1875 3035 μοι

293 3064 396 3116 καὶ
431 3055 593 3122 οὗτος
619 3060 710 3113 δύο
735 3057 998 3122 ἐκδόσεις,
1033 3055 1222 3129 ὥσπερ
1270 3057 1542 3120 κάκεῖνος,
1580 3055 1876 3127 πεποιηκέ-

293 3173 410 3209 ναι.
457 3152 621 3206 Ἀλλὰ
641 3152 830 3204 τούτου
861 3150 960 3220 μὲν
1015 3149 1114 3220 τὴν
1153 3151 1428 3222 προτέραν
1481 3151 1582 3202 οὐκ
1608 3145 1780 3203 εἶδον*
1815 3149 1874 3216 ἐξ

295 3241 375 3301 ὧν
397 3246 550 3316 eam
571 3244 886 3315 ἀνέγνωμεν
906 3283 922 3310 ,
948 3243 1232 3313 ἐπέγραψε
1253 3241 1408 3308 Νέας
1424 3241 1724 3307 ἐκδόσεως
1741 3258 1804 3294 συ
1812 3258 1880 3311 μ-

299 3339 490 3391 ϐαλεῖν
514 3332 585 3408 ἦν
613 3337 710 3390 καὶ
738 3335 931 3406 ἑτέραν
959 3334 1128 3405 αὐτῷ,
1167 3332 1355 3404 ὥσπερ
1383 3335 1478 3386 κα)⁸
1500 3333 1578 3404 τῷ
1598 3333 1878 3403 Εύναπίῳ,

299 3428 645 3484 ἐκδεδόσθαι.
676 3427 860 3496 Σαφὴς
889 3428 947 3481 δὲ
979 3427 1179 3498 μᾶλλον
1213 3421 1365 3492 οὗτος
1401 3426 1497 3480 καὶ
1540 3425 1880 3495 συντομώτε-

305 3540 420 3593 ρος,
447 3521 643 3589 ῶσπερ
666 3519 896 3589 ἔφημεν,
955 3520 1250 3586 Εύναπίου,
1288 3520 1382 3574 καὶ
1408 3520 1530 3584 ταῖς
1551 3521 1802 3590 τροπαῖς,
1830 3518 1881 3572 εί

305 3617 383 3687 μὴ
413 3613 666 3676 σπάν.ον,
697 3612 756 3664 οὐ
788 3611 1154 3683 κεχρημένος.

1018 3699 1139 3770 ιβ’.

599 3790 966 3861 Ἦρωδιανοῦ
1005 3790 1292 3860 ἱστορικοὶ
1327 3792 1497 3860 λόγοι
1523 3787 1598 3859 η’.

385 3878 845 3949 ’Δνεγνώσθησαν
877 3877 1208 3946 Ἡρωδιανοῦ
1258 3877 1525 3950 ἱστορικοὶ
1549 3878 1698 3946 λόγοι
1715 3877 1876 3932 ὀκτώ.

311 3973 577 4044 Ἀρχεται
611 3971 671 4036 ἐξ
698 3965 763 4025 οὗ
815 3970 1043 4040 Μάρκος
1089 3970 1119 4022 ὁ
1151 3969 1436 4041 Ῥωμαίων
1470 3971 1723 4041 βασιλεὺς
1763 3973 1881 4024 ἐτε-

307 4064 562 4136 λεύτησε,
590 4062 688 4117 κα)⁸
715 4061 970 4128 διέξεισιν
1014 4062 1161 4124 ὅπως
1213 4078 1273 4114 τε
1315 4061 1559 4131 Κόμοδος
1591 4064 1619 4115 ό
1651 4062 1880 4134 Μάρκου

311 4157 424 4218 υἱὸς
486 4153 861 4219 ἔϐασίλευσεν,
892 4153 1040 4216 ὅπως
1065 4169 1127 4205 τε
1154 4151 1263 4206 τῶν
1304 4151 1574 4223 πατρῴων
1605 4151 1752 4222 ὴθῶν
1777 4151 1882 4206 ὑπὸ

310 4245 417 4299 τῶν
443 4245 697 4299 κολάκων
726 4243 1086 4314 ὲκδιαιτηθεὶς
1116 4241 1342 4314 ὕστερον
1369 4243 1474 4296 ὑπὸ
1504 4244 1760 4315 Μαρκίας
1782 4244 1881 4311 τῆς

315 4336 477 4390 αὑτοῦ
508 4335 796 4404 παλλακῆς
825 4334 920 4386 καὶ
941 4332 1142 4386 Λαίτου
1165 4332 1260 4386 καὶ
1297 4332 1585 4386 Ἐκλὲκτου
1612 4349 1883 4385 συσκευα-

1960 496 2147 550 latrat.
2195 494 2416 563 Alioqui
2457 493 2640 547 brevis
2696 499 2803 557 est,
2837 489 3079 544 dictione
3106 485 3432 557 perspicuus
3462 500 3529 541 ac

1960 603 2150 657 purus,
2174 601 2274 641 nec
2305 586 2594 642 suavitatis
2633 597 2852 654 expers.
2881 580 3152 649 Incipiens
3197 586 3381 634 autem
3417 577 3532 633 bis-

1961 678 2156 732 toriam
2199 677 2309 747 jam
2363 678 2511 740 inde,
2565 675 2740 731 ferme
2774 675 3028 736 dixerim,
3064 672 3132 726 ab
3171 672 3435 741 Augusto,
3475 678 3534 724 et

1965 769 2325 837 imperatores
2356 781 2549 822 omnes
2580 767 2646 820 ad
2676 765 3070 821 Diocletianum
3103 775 3271 830 usque
3305 774 3533 831 percur-

1962 873 2109 922 rens,
2138 857 2338 911 nudam
2372 855 2526 927 quasi
2553 856 2981 926 designationem
3022 851 3534 920 successionemque

1963 965 2149 1005 eorum
2185 957 2577 1004 commemorat
2604 962 2620 1002 :
2654 950 2783 1002 dum
2811 947 2975 1000 latius
3009 945 3222 999 tandem
3253 959 3281 997 a
3310 942 3528 998 Diocle-

1966 1045 2137 1105 tiano,
2162 1041 2231 1096 de
2263 1041 2330 1096 iis
2367 1040 2459 1108 qui
2495 1040 2724 1108 imperio
2759 1040 2916 1108 potiti
2943 1039 3070 1103 sint,
3099 1036 3255 1090 libris
3283 1037 3526 1106 quinque

1965 1141 2205 1189 tractare
2250 1136 2448 1204 pergit.
2482 1133 2698 1187 Primus
2734 1133 2879 1187 enim
2917 1131 3058 1185 liber
3085 1129 3441 1197 imperatores
3466 1127 3535 1180 ab

1963 1229 2208 1296 Angusto
2242 1227 2309 1279 ad
2351 1225 2746 1279 Diocletianum
2773 1236 2944 1291 usque
2974 1227 3242 1284 recenset,
3284 1217 3536 1285 sextiqne

1965 1323 2087 1374 linis
2113 1321 2166 1372 in
2185 1319 2252 1373 iis
2281 1317 2480 1372 desinit
2505 1315 2865 1385 temporibus,
2893 1313 3091 1382 quibus
3111 1310 3397 1365 Alaricltus
3419 1307 3534 1378 (56)

1966 1411 2194 1466 Romam
2221 1411 2416 1465 iterum
2451 1408 2732 1474 obsidens,
2773 1406 2983 1460 civibus
3007 1405 3074 1458 ad
3106 1403 3341 1468 inopiam
3381 1401 3538 1455 reda-

1967 1506 2070 1560 ctis
2106 1503 2445 1559 obsidionem
2490 1500 2683 1562 solvit,
2729 1500 2913 1566 eisque
2953 1497 3334 1566 imperatorem
3382 1493 3536 1546 dedit

1966 1595 2225 1659 Attalum,
2257 1608 2418 1663 quem
2463 1602 2640 1645 tamen
2670 1591 2864 1645 deinde
2899 1602 3090 1642 rursus
3135 1585 3405 1640 abdicavit
3429 1584 3536 1648 im:-

1968 1687 2142 1757 perio,
2171 1686 2312 1754 quod
2347 1698 2574 1754 regnum
2606 1681 2706 1737 sibi
2757 1680 3014 1734 traditum
3053 1679 3234 1732 minus
3266 1684 3416 1731 recte
3451 1675 3536 1728 vi-

1966 1781 2188 1836 deretur
2225 1777 2613 1833 administrare
2645 1793 2658 1829 :
2693 1783 2857 1844 atque
2894 1773 2961 1826 ad
3001 1772 3298 1826 Honorium
3325 1770 3540 1838 Augus-

1971 1883 2080 1927 tum
2115 1870 2388 1925 Ravennae
2422 1879 2532 1922 tuin
2561 1876 2810 1934 agentem
2839 1863 3016 1920 foedus
3037 1878 3158 1918 cum
3181 1877 3246 1916 eo
3278 1860 3538 1914 initurum

1969 1965 2138 2025 misit.
2165 1962 2372 2017 Asarus
2406 1960 2520 2031 (57)
2554 1975 2704 2024 vero,
2745 1956 2954 2013 Gothus
2981 1965 3036 2011 et
3059 1957 3196 2025 ipse,
3232 1953 3540 2009 simultates

1968 2056 2229 2110 adversus
2255 2052 2565 2108 Alaricbum
2589 2063 2871 2114 exercens,
2904 2063 3024 2104 cum
3061 2044 3320 2102 trecentis
3341 2045 3540 2115 quibus

1970 2157 2222 2218 praeerat,
2290 2145 2618 2200 llonorianis
2665 2143 2907 2213 partibus
2948 2139 3256 2209 adjunctus,
3309 2136 3541 2206 bellique

1970 2240 2289 2293 societatem
2309 2236 2607 2306 pollicitus,
2642 2234 2878 2289 Alariclti
2912 2229 3540 2300 rebusimpedimentntu

1969 2327 2187 2398 objecit.
2229 2327 2408 2396 Atque
2455 2326 2600 2381 hunc
2644 2324 2785 2381 sexti
2822 2321 3180 2378 Historiarum
3217 2319 3340 2375 libri
3376 2319 3541 2380 linem

1972 2423 2124 2477 facit.
2589 2409 2596 2414 ’

2043 2511 2452 2568 Dixeritantem
2484 2509 2679 2580 aliquis
2708 2508 2852 2562 hunc
2892 2523 3000 2561 non
3041 2521 3194 2561 suam
3234 2505 3532 2560 llistoriam

1972 2604 2279 2674 scripsisse,
2314 2602 2408 2657 sed
2445 2601 2814 2670 Eunapianam
2842 2599 3220 2667 descripsisse,
3249 2607 3303 2653 et
3334 2598 3533 2669 partim

1975 2671 2245 2752 brevitate
2287 2694 2556 2748 duntaxat
2592 2693 2662 2746 ab
2707 2691 2795 2745 illa
2845 2689 3084 2754 diﬁcrre,
3131 2690 3326 2760 partim
3376 2671 3580 2745 etiam.

1973 2789 2115 2858 quod
2158 2784 2409 2840 Zosimus
2455 2800 2582 2848 non,
2639 2791 2700 2838 ut
2747 2782 2854 2848 ille,
2907 2782 3234 2838 Steliconem
3281 2782 3543 2837 conviciis

1975 2880 2308 2950 proscindat.
2338 2877 2546 2933 Caetera
2577 2877 2966 2946 propemodum
3001 2876 3141 2931 idem
3175 2887 3258 2931 est
3288 2878 3339 2930 iu
3367 2876 3543 2930 histo-

1976 2972 2076 3036 ria,
2109 2971 2231 3040 pios
2261 2971 2565 3041 praesertim
2598 2969 2961 3039 imperatores
2991 2969 3351 3024 criminando.
3386 2967 3547 3022 Arbi-

1977 3072 2092 3116 tror
2139 3071 2317 3114 autem
2354 3061 2488 3116 duas
2521 3061 2666 3116 hunc
2697 3073 2936 3130 quoque,
2967 3060 3111 3114 sicut
3139 3068 3194 3113 et
3220 3059 3397 3123 illum,
3428 3057 3545 3112 edi-

1979 3155 2155 3208 tiones
2181 3154 2502 3217 instituisse,
2525 3152 2627 3208 etsi
2657 3151 2890 3221 priorem
2921 3151 3080 3220 hujus
3108 3150 3402 3205 editionem
3434 3166 3543 3205 non

1979 3247 2106 3310 vidi,
2138 3243 2405 3312 conjicere
2437 3254 2618 3299 tamen
2651 3259 2718 3298 ex
2750 3243 3008 3298 editionis
3037 3257 3188 3296 nova:
3219 3241 3357 3312 (38),
3383 3255 3544 3310 quam

1979 3353 2077 3392 uos
2104 3337 2351 3406 legimus,
2385 3336 2739 3404 inscriptione
2761 3335 2908 3398 licet,
2933 3334 3098 3389 etiam
3127 3333 3352 3388 alteram
3377 3335 3545 3401 hunc,
3583 3355 3585 3357 ί

1978 3429 2119 3483 sicut
2166 3437 2221 3481 et
2255 3427 2590 3495 Euuapium,
2624 3425 2949 3496 publicasse.
3012 3426 3209 3480 Verum
3243 3426 3416 3498 magis
3458 3426 3549 3484 hic

1978 3519 2170 3590 planus
2198 3528 2301 3583 est,
2328 3529 2383 3572 et
2406 3519 2643 3584 brevior,
2672 3521 2747 3575 uti
2773 3520 3029 3588 diximus,
3055 3536 3217 3592 quam
3245 3519 3546 3592 Eunapins,

1978 3612 2272 3684 ﬁgurisqne
2311 3612 2527 3668 nonnisi
2558 3628 2686 3668 raro
2713 3613 2901 3668 utitur.

2670 3701 2856 3758 XCIX.

2275 3792 2573 3848 Herodiani
2603 3796 2956 3849 historiarum
2984 3795 3114 3850 libri
3145 3810 3267 3852 vm.

2048 3880 2305 3952 Legimus
2345 3883 2636 3938 Herodiani
2674 3884 3021 3938 historiarum
3070 3885 3240 3940 libros
3283 3892 3428 3940 octo.
3463 3883 3552 3940 ln-

1979 3975 2112 4046 cipit
2139 3991 2170 4029 a
2213 3974 2376 4030 Marci
2409 3973 2649 4046 [Aurelii
2693 3976 2952 4030 Antonini
2994 3976 3345 4049 philosophi]
3384 3977 3548 4034 Rom.
3581 4039 3586 4050 ι

1980 4067 2326 4137 imperatoris
2374 4083 2626 4133 excessu,
2673 4068 2958 4138 pergitque
3002 4075 3165 4139 perro
3205 4085 3457 4139 narrare,
3492 4081 3553 4125 ut

1981 4158 2311 4214 Commodns
2343 4159 2508 4214 Marci
2561 4161 2705 4214 [ilius
2733 4159 2880 4231 85a
2925 4161 3211 4232 imperium
3253 4163 3498 4232 adeptus,
3522 4185 3552 4217 ει

1980 4251 2226 4320 paternis
2254 4252 2515 4321 moribus,
2555 4255 2950 4309 assentantium
2972 4269 3158 4323 opera,
3187 4256 3550 4325 degenerarit;

1983 4344 2312 4412 tandemque
2355 4360 2384 4397 a
2416 4343 2619 4399 Marcia
2650 4345 2861 4413 pellice,
2893 4356 2947 4400 et
2973 4345 3122 4399 Laeto
3150 4356 3314 4414 atque
3345 4345 3551 4410 Electo,

319 4426 459 4490 σθεὶς
483 4424 751 4496 ἀνῃρέθη.
790 4423 902 4476 Καὶ
955 4421 1230 4493 βασιλεύει
1277 4421 1544 4492 Περτίναξ
1572 4421 1872 4493 πρεσϐύτης

1988 4435 2191 4502 paratis
2210 4436 2422 4490 insidiis
2443 4438 2744 4493 exstinctus
2760 4439 2845 4492 sit.
2863 4437 3008 4510 [ιλιι.
3029 4433 3115 4509 IL]
3149 4437 3402 4492 Pertinax
3429 4439 3556 4493 hinc

318 4517 408 4568 καὶ
433 4515 601 4578 καλὸς
629 4514 699 4567 τὰ
719 4512 857 4584 ἤθη·
887 4511 949 4567 ὃν
977 4514 1030 4566 oi
1060 4512 1414 4584 στρατιῶται,
1445 4513 1881 4584 ἀπεχθανόμενοι

319 4608 375 4659 τὸ
400 4605 1047 4676 σῶφρον,είσδραμόντες
1090 4605 1149 4658 έν
1192 4605 1258 4675 τῇ
1293 4603 1546 4677 βασιλικῇ
1581 4604 1885 4659 κτείνουσιν

320 4699 458 4769 nisi;
488 4698 559 4750 ³⁸.
605 4697 716 4749 Καὶ
763 4697 914 4759 ὅπως
957 4694 1247 4759 Ἰουλιανὸς
1277 4695 1384 4749 ὑπὸ
1406 4695 1514 4749 τῶν
1539 4697 1884 4768 στρατιωτῶν

323 4791 564 4861 χρήμασι
595 4787 778 4843 λαϐὼν
806 4789 904 4859 τὴν
925 4789 1122 4859 ἀρχὴν,
1160 4787 1277 4858 μετ’
1303 4790 1365 4843 οὑ
1391 4790 1526 4843 πολὺ
1551 4795 1672 4854 ταῖς
1705 4792 1884 4845 αὐτῶν

323 4879 552 4952 ἀνῃρέθη
585 4878 796 4950 χερσίν.
838 4878 1028 4942 Ὅπως
1068 4894 1130 4931 τε
1182 4878 1408 4951 Νίγρος,
1457 4881 1595 4952 ἀνὴρ
1639 4880 1888 4951 ἐπιεικὴς

327 4967 454 5026 εἶναι
498 4971 697 5035 δοκῶν,
755 4968 959 5035 ζῶντος
1005 4969 1087 5023 ἔτι
1129 4969 1419 5026 Ἰουλιανοῢ
1468 4975 1550 5036 είς
1587 4976 1889 5045 μοναρχίαν

328 5062 482 5134 ῆρθη.
513 5064 625 5116 Καὶ
652 5061 897 5134 Σεϐἦρος
932 5062 978 5094 ³¹
1005 5061 1085 5129 δὲ,
1117 5062 1257 5136 ἀνὴρ
1281 5065 1534 5135 ἀγχίνους
1559 5083 1618 5120 τε
1668 5069 1762 5122 καὶ
1791 5069 1890 5123 πό-

1989 4525 2274 4596 imperium
2311 4527 2504 4594 tenuit,
2547 4515 2866 4597 grandévus
2894 4529 3028 4597 jam,
3066 4529 3420 4598 honestisque
3438 4545 3553 4584 mo-

1991 4615 2163 4670 ribus.
2191 4616 2360 4683 Quem
2395 4617 2615 4682 milites,
2642 4617 2918 4672 modestia:
2959 4617 3177 4672 nomine
3207 4634 3457 4687 exosum,
3498 4620 3554 4675 iu

1991 4709 2200 4762 curiam
2226 4707 2343 4776 ejus
2374 4708 2740 4779 irrumpentes
2768 4711 3116 4766 obtruncant.
3152 4709 3289 4765 Hinc
3311 4710 3558 4768 Julianus

1993 4814 2023 4852 a
2055 4800 2318 4854 militibus
2335 4815 2439 4854 non
2467 4801 2555 4854 diu
2580 4810 2700 4870 post
2727 4811 2967 4870 emptum
2987 4803 3212 4870 pecunia
3246 4805 3555 4873 imperium,

1991 4889 2230 4959 ipsorum
2251 4890 2528 4962 jngulatus
2553 4893 2824 4955 manibus,
2858 4893 3061 4947 amisit.
3089 4892 3234 4966 [ιω.
3271 4895 3352 4968 3.]
3398 4897 3559 4968 Niger

1993 4990 2211 5046 autem,
2265 4981 2416 5035 mitis
2459 4991 2721 5050 quantum
2766 4984 3062 5054 apparebat
3111 4985 3226 5052 vir,
3267 4991 3560 5055 superstite

1989 5074 2284 5127 etiamnum
2317 5071 2532 5130 Juliauo
2584 5077 2650 5130 ad
2684 5076 2969 5147 imperium
3013 5090 3232 5136 evectus
3267 5089 3372 5136 est.
3406 5078 3557 5136 Hunc

1622 5184 1861 5243 VARIAE
1899 5189 2192 5248 LECTION
2199 5192 2304 5248 ES.

392 5278 436 5310 "
468 5277 567 5348 τῆς
589 5279 637 5332 Δ
663 5296 680 5334 :
707 5278 805 5342 τές
833 5296 898 5344 ς.
972 5280 1018 5312 ³⁸
1059 5280 1352 5333 πείσασθαι
1383 5279 1545 5335 εῐετο.
1583 5281 1726 5335 Ἀλλ⁸
1765 5284 2006 5355 Ἀσαρος
2042 5303 2102 5352 ς.
2179 5289 2224 5320 ³⁸
2251 5289 2429 5360 οἰκείᾳ
2454 5309 2515 5356 ς.
2607 5292 2650 5324 ³³
2684 5293 2922 5365 Σευῆρος
2947 5311 3009 5359 ς.

1823 5399 2057 5458 NOTAE.

337 5479 620 5618 in
657 5482 744 5538 his
775 5483 894 5555 lege
933 5485 1394 5560 Olympiodorum.
1444 5507 1604 5564 supra
1638 5493 1760 5550 cod.
1794 5493 1884 5563 80,

399 5621 507 5705 (37)
532 5621 837 5705 Olympiod.
873 5643 1037 5700 supra
1088 5632 1212 5689 cod.
1252 5632 1345 5700 80,
1390 5632 1444 5688 in
1478 5633 1652 5704 princ.
1700 5633 1892 5692 Sarnm

341 5701 585 5762 perpetuo
613 5701 874 5753 nominat.

2072 5465 2186 5567 (38)
2225 5499 2403 5570 Aliam
2447 5497 2606 5570 hujus
2640 5500 2964 5570 epigrapbes
2995 5501 3135 5554 hanc
3159 5503 3428 5570 rationem
3458 5517 3558 5558 [ιο-ι
3592 5517 3596 5522 ·

1996 5571 2127 5638 tavit
2149 5569 2364 5637 quidam
2399 5567 2760 5626 ad‘Zosimum
2789 5586 2805 5622 :
2830 5567 2986 5638 quasi
3015 5579 3256 5626 veterum
3281 5567 3469 5629 Dionis
3505 5585 3561 5631 et

2006 5637 2299 5696 Herodiani
2327 5641 2550 5697 historia
2577 5637 2920 5697 attexuisset.
