3942 6234
349 347 455 414 367

1515 346 1784 410 ΡΗΟΤΙΙ
1821 344 2326 407 ΡΑΤΒΙΑΒΟΗΑΞ
2364 348 2476 409 CP.

3516 346 3627 411 368

349 462 613 531 Severus,
655 463 742 520 vir
777 460 954 519 solcrs
993 459 1405 532 tolerandisque
1430 460 1708 517 laboribus
1736 458 1946 516 exerci-

2049 477 2160 524 νοις
2219 459 2392 524 δεινὸς
2455 459 2813 530 ἐγκαρτερεῖν
2868 456 2966 511 καὶ
3008 456 3381 530 βαθυγνώμων
3423 457 3625 524 άλλως,

351 564 465 621 tus,
497 562 554 610 et
593 555 833 625 alioquin
873 562 1110 618 astutus,
1155 552 1370 623 imperii
1416 561 1614 608 nactus
1663 551 1930 617 habenas,

2034 550 2235 622 ἀνῆλθέ
2267 567 2328 604 τε
2366 551 2447 615 εἰς
2478 551 2580 622 τὴν
2609 550 2881 622 βασίλειον
2903 551 3099 622 ἀρχὴν,
3120 551 3216 604 καὶ
3239 551 3446 622 Νίγρον
3476 551 3627 625 μάχῃ

349 662 530 720 pugna
558 646 763 702 victum
798 646 1046 710 suStulit,
1085 651 1143 702 et
1170 644 1447 700 obstantia
1481 658 1713 715 quaeque
1736 643 1932 713 partim

2049 643 2164 714 νικᾷ
2201 643 2297 696 καὶ
2324 643 2560 714 ἀναιρεῖ,
2585 642 2683 696 καὶ
2715 643 2826 697 πᾶν
2853 643 2915 696 τὸ
2962 643 3322 698 ἀντιστατοῦν
3352 643 3386 714 ἢ
3422 643 3630 715 μάχαις

350 739 545 796 validis
587 738 816 809 prmliis,
869 737 1070 808 partim
1117 735 1334 792 callidis
1365 735 1578 791 artibus
1629 735 1932 805 superavit.

2038 734 2234 806 βιαίοις
2260 735 2295 806 ἢ
2330 733 2551 805 τέχναις
2566 733 2988 804 δυσδιαφύκτοις
3012 733 3356 804 ὑπηγάγετο,
3383 733 3481 788 καὶ
3516 735 3629 788 τῶν

353 827 556 886 Verum
603 831 658 886 in
721 829 972 886 subditos
1029 826 1357 882 insolentior
1414 827 1661 882 redditus
1708 835 1829 892 est,
1883 833 1939 880 et

2049 827 2295 899 ὅπηκόων
2342 827 2438 880 ἐπὶ
2494 827 2556 880 τὸ
2600 825 2980 898 σοϐαρώτερον
3029 820 3169 897 ἦρξε
3227 825 3437 897 προῖὼν
3457 866 3474 892 ,
3530 826 3630 880 καὶ

351 919 546 975 morbo
575 919 906 987 exstinctus,
947 916 1074 973 dum
1097 917 1392 972 Britannos
1425 915 1566 972 bello
1599 916 1934 986 aggreditur.

354 1010 514 1084 [Lib.
555 1007 673 1083 tv.]
733 1008 1043 1065 Antoninus
1116 1007 1244 1064 inde
1316 1007 1554 1064 filiorum
1615 1008 1733 1078 ejus
1811 1017 1936 1062 natu

359 1102 549 1172 major,
581 1103 784 1158 [cedere
829 1117 955 1157 cum
1002 1100 1092 1158 his
1141 1101 1276 1156 inito
1315 1101 1574 1168 revertit,
1621 1101 1941 1169 sociumque

358 1198 616 1264 imperii,
687 1197 771 1251 vel
831 1195 1036 1252 invitus
1113 1195 1349 1266 sumpsit
1415 1193 1606 1252 Getam
1652 1192 1937 1250 fratrem:

357 1307 518 1362 quem
577 1299 696 1361 post
737 1289 895 1360 paulo
941 1289 996 1344 in
1032 1285 1188 1344 Julia:
1229 1288 1515 1358 utriusque
1577 1287 1771 1343 matris
1820 1287 1940 1341 sinu

358 1386 656 1441 interemit.
725 1385 824 1440 Hic
881 1384 1231 1448 crudelitate,
1294 1385 1553 1451 omnique
1608 1379 1944 1451 turpitudine

356 1480 577 1535 vincere
606 1494 796 1535 omnes
825 1476 1181 1542 contendens,
1213 1478 1342 1530 dum
1379 1478 1526 1532 circa
1563 1476 1780 1548 Syriam
1814 1489 1942 1529 ver-

360 1580 538 1637 satur,
587 1571 800 1626 insidiis
849 1570 1072 1641 petitur,
1125 1581 1262 1638 quas
1315 1566 1388 1622 illi
1421 1565 1697 1622 Macrinus
1741 1565 1943 1620 caedem

357 1663 590 1727 veritus,
608 1671 665 1716 et
687 1669 1016 1731 praevertere
1034 1669 1286 1726 conatus,
1305 1657 1667 1729 comparavit.
1713 1653 1943 1728 [Lib.v.]

362 1753 589 1810 Sublato
646 1755 818 1824 igitur
869 1752 1172 1817 Antonino,
1243 1757 1437 1822 regnat
1508 1748 1802 1815 Macrinus,
1862 1747 1947 1801 vir

2036 919 2264 992 τελευτᾷ
2293 919 2433 992 νόσῳ
2461 919 2551 974 τὸν
2609 919 2750 992 πρὸς
2806 919 3144 991 Βρεττανοὺς
3189 919 3234 951 ⁸³
3279 918 3630 991 διαχειρίζων

2040 1013 2300 1082 πόλεμον.
2330 1013 2442 1066 Καὶ
2483 1013 2798 1075 Ἀντωνῖνος
2844 1011 2874 1064 ό
2904 1010 3015 1064 τῶν
3049 1009 3216 1065 αὑτοῦ
3251 1010 3462 1064 παίδων
3486 1028 3626 1082 πρε-

2042 1101 2304 1174 σϐύτερος
2366 1103 2600 1168 σπονδὰς
2651 1103 2791 1174 πρὸς
2832 1103 3033 1166 αὐτοὺς
3061 1101 3291 1174 θέμενος
3323 1102 3621 1172 ἀναχωρεῖ,

2040 1195 2137 1250 καὶ
2167 1195 2636 1266 συμϐασιλεύοντα
2665 1195 2762 1250 καὶ
2803 1195 2954 1250 ἄκων
2983 1193 3254 1266 λαμϐάνει
3285 1194 3380 1248 τὸν
3394 1194 3631 1268 ἀδελφὸν

2041 1287 2233 1354 Γέταν,
2263 1286 2394 1360 [275
2416 1287 2512 1362 8.]
2545 1287 2643 1343 καὶ
2701 1289 2822 1361 μετ’
2864 1288 2927 1342 ού
2957 1288 3093 1343 πολὺ
3140 1287 3372 1352 Ἰουλίας
3398 1289 3502 1359 τῆς
3531 1289 3634 1342 αὒ-

2042 1379 2152 1433 τῶν
2181 1380 2390 1452 μητρὸς
2416 1381 2556 1454 πρὸς
2604 1383 2718 1446 τοῖς
2767 1379 2990 1446 κόλποις
3042 1379 3234 1433 τοῦτον
3275 1380 3512 1452 ἀναιρεῖ,
3532 1381 3632 1432 καὶ

2043 1476 2123 1538 είς
2149 1475 2410 1548 ὠμότητα
2439 1477 2535 1530 καὶ
2569 1476 2909 1547 αἰσχρότητα
2951 1473 3359 1547 ὑπερϐαλέσθαι
3418 1473 3632 1536 πάντας

2045 1569 2429 1642 φιλονεικήσας
2477 1571 2606 1640 περὶ
2664 1568 2866 1641 Συρίαν
2919 1566 3124 1636 διάγων
3171 1564 3627 1620 ἐπιϐουλεύεται’

2045 1661 2324 1730 Μακρῖνος
2339 1660 2383 1714 δ’
2415 1655 2484 1732 ἦν
2501 1663 2530 1714 ό
2552 1661 2650 1732 τὴν
2663 1659 2956 1732 ἐπιϐουλὴν
2977 1657 3329 1722 συσκευάζων
3349 1656 3416 1724 ³⁸,
3442 1655 3632 1720 δεδιὼς

2047 1754 2143 1808 καὶ
2180 1753 2344 1817 αὐτὸς
2377 1753 2606 1808 θάνατον
2629 1753 2726 1807 καί
2750 1751 3160 1824 προλαμϐάνειν
3189 1748 3631 1819 ἀγωνισάμενος.

361 1854 522 1900 aetate
579 1857 798 1915 quoque
894 1841 1246 1913 grandaevus,
1318 1841 1547 1911 ignavus
1609 1839 1939 1907 minimeque

2061 1847 2215 1900 Ἐπεὶ
2239 1846 2298 1900 δὲ
2327 1845 2568 1918 ἀνῄρητο
2608 1845 2946 1910 Ἀντωνῖνος,
2996 1842 3272 1915 βασιλεύει
3327 1842 3631 1912 Μακρῖνος,

365 1936 659 1993 continens
685 1974 702 2001 ,
741 1945 938 1990 caetera
977 1949 1108 1990 vero
1139 1933 1278 1989 lenis
1323 1948 1388 1988 ac
1422 1932 1594 1990 mitis.
1625 1930 1744 1988 Jam
1777 1929 1946 1996 Mesa,

363 2018 484 2101 qua:
539 2025 698 2083 Julia:
748 2041 905 2082 soror
938 2034 1076 2092 erat,
1123 2026 1257 2081 duas
1299 2024 1539 2080 habebat
1570 2022 1734 2087 filias,
1789 2021 1949 2077 Soce-

364 2119 532 2187 mida,
558 2130 612 2175 et
643 2119 979 2174 Mammaaam
1014 2135 1029 2173 :
1070 2132 1301 2189 quarum
1333 2115 1529 2188 majori
1557 2117 1776 2186 quidem
1807 2113 1950 2170 [ilius

363 2221 485 2268 erat
513 2210 758 2268 Bassiani
799 2211 1021 2267 nomine
1051 2228 1068 2267 :
1119 2209 1280 2267 alteri
1329 2224 1462 2267 vero
1490 2208 1754 2266 Alexinus
1783 2226 1798 2264 :
1831 2207 1950 2263 fur-

364 2303 478 2360 tivo
523 2312 751 2373 uterque
787 2301 1080 2358 concubitu
1111 2316 1179 2358 ex
1218 2299 1519 2367 Antonino,
1553 2309 1614 2357 ut
1653 2298 1947 2365 ferebatur,
1993 2341 1996 2346 .

364 2394 554 2468 geniti.
597 2394 886 2450 Exercitus
922 2403 1126 2460 autem,
1168 2392 1396 2448 minima
1451 2399 1609 2463 capta
1638 2391 1946 2457 occasione,

363 2487 688 2544 Bassianum
717 2486 770 2542 in
799 2485 996 2541 castris
1025 2485 1412 2555 imperatorem
1444 2484 1740 2550 renuntiat,
1763 2483 1949 2538 addito

363 2577 623 2634 Antonini
676 2576 793 2649 ('59)
839 2585 1230 2648 cognomento,
1271 2576 1557 2646 victusque
1604 2575 1727 2629 dein
1761 2573 1950 2644 praelio

367 2670 663 2738 Macrinus,
688 2685 755 2726 ac
787 2669 999 2740 fugiens
1028 2685 1060 2726 e
1088 2669 1390 2724 Phoenicia
1435 2678 1596 2739 atque
1621 2668 1794 2739 Syriae
1820 2666 1949 2723 lini-

373 2765 546 2828 timis,
577 2763 973 2819 Cbalcedonem
1001 2775 1062 2817 se
1090 2762 1312 2831 recepit,
1347 2761 1575 2816 Romam
1601 2761 1726 2815 inde
1758 2772 1950 2831 petere

367 2855 641 2926 cogitans.
667 2853 774 2909 Sed
791 2853 884 2925 qui
901 2867 970 2908 ex
991 2853 1248 2908 Antonini
1291 2853 1552 2908 studiosis
1577 2853 1645 2906 ad
1665 2852 1768 2906 boc
1795 2851 1949 2906 missi

369 2945 609 3013 fuerant,
643 2953 1016 3011 antevertunt,
1055 2955 1328 3015 caputque
1357 2953 1630 2999 resectum
1663 2953 1949 2998 reverten-

371 3047 454 3094 tes
491 3043 864 3107 asportarunt.
910 3035 1055 3109 [Lib.
1107 3033 1210 3108 vn]
1240 3039 1418 3105 Atque
1456 3037 1570 3104 ipse
1589 3034 1807 3106 quidem
1837 3036 1950 3088 An-

371 3129 590 3185 toninus
622 3131 747 3184 dmn
785 3129 947 3184 matri
994 3139 1169 3198 paret,
1205 3131 1448 3184 modeste
1472 3128 1609 3183 satis
1635 3127 1945 3202 imperavit,
1974 3168 2020 3229 ο

368 3232 425 3280 et
486 3221 777 3278 Alexinum
830 3219 942 3294 (40)
987 3221 1040 3275 in
1079 3219 1248 3275 illium
1302 3220 1616 3291 adoptatum
1672 3219 1947 3275 Caesarem

367 3314 598 3380 creavit,
645 3313 902 3384 imposito
959 3314 1008 3369 ei
1065 3313 1362 3369 Alexandri
1439 3314 1680 3369 nomine.
1749 3313 1948 3369 Verum

367 3418 655 3480 postquam
692 3406 1065 3462 adulatoribus
1102 3421 1162 3462 se
1211 3406 1506 3474 commisit,
1537 3404 1680 3476 85b
1743 3405 1949 3460 nullum

369 3501 716 3572 turpitudinis
750 3509 911 3569 atque
948 3500 1382 3569 intemperantia:
1427 3514 1603 3570 genus
1651 3497 1952 3570 praetermi-

368 3593 460 3648 sit.
510 3590 650 3659 Quin
702 3601 760 3647 et
798 3593 1109 3647 Alexandro
1140 3592 1392 3647 insidiari
1440 3607 1564 3647 cum
1609 3597 1887 3661 euenisset,
1917 3606 1948 3646 a

367 3685 592 3740 militari
635 3699 798 3738 manu
843 3684 1202 3754 prohibetur,
1244 3698 1382 3754 quos
1434 3683 1551 3752 ipse
1599 3685 1793 3748 punire
1818 3697 1948 3753 pro-

367 3785 553 3844 pterea
579 3773 895 3835 meditatus,
927 3773 994 3827 ab
1021 3771 1216 3827 iisdem
1253 3771 1600 3826 interficitur.
1635 3772 1948 3828 Alexander

366 3878 520 3932 ergo,
565 3863 858 3917 Mammaea:
889 3863 1064 3928 filius,
1096 3876 1270 3917 annos
1306 3862 1594 3932 imperavit
1623 3865 1952 3932 quatuorde—

365 3955 505 4023 cim;
538 3962 687 4010 recte
715 3968 849 4011 sane
886 3965 1048 4024 atque
1090 3952 1408 4022 clementer,
1438 3965 1698 4024 quantum
1728 3956 1946 4025 quidem

357 4047 432 4104 in
451 4048 569 4118 ipso
601 4048 726 4112 fuit,
755 4056 812 4104 et
838 4047 956 4104 sine
986 4045 1096 4103 ullo
1119 4047 1344 4119 omnino
1371 4029 1655 4118 sanguine.
1689 4047 1795 4104 Sed
1828 4066 1948 4105 ma-

367 4141 470 4200 tris
502 4139 818 4206 Mammzeze,
865 4149 924 4196 ut
963 4140 1055 4196 hic
1099 4139 1290 4210 refert,
1345 4142 1698 4214 pecuniarum
1747 4144 1950 4213 cupidi-

367 4242 501 4301 tate,
551 4247 617 4289 ac
656 4232 910 4288 sordibus
958 4232 1160 4288 factum
1191 4242 1297 4300 est,
1339 4242 1402 4288 ut
1431 4243 1682 4305 uterque,
1715 4232 1948 4290 Maximo

365 4326 561 4393 electo,
600 4323 822 4380 militari
853 4323 1122 4380 seditione
1153 4333 1383 4379 necatus
1408 4323 1498 4378 sit.

435 4506 582 4584 [Lib.
608 4505 732 4581 ηπ]
765 4506 1095 4563 Maximinus
1153 4515 1276 4576 post
1308 4506 1454 4562 hunc
1495 4521 1665 4562 annos
1689 4507 1804 4564 fere
1837 4512 1946 4566 tres
1976 4513 2024 4571 Ι)

365 4604 624 4660 ferociter
662 4616 725 4657 ac
768 4600 1052 4673 tyrannice
1101 4599 1413 4670 imperavit,
1451 4601 1613 4655 homo
1643 4599 1944 4668 fastuosus,

365 4696 718 4766 litoribusque
747 4708 946 4750 savus.
989 4691 1355 4760 Quamobrem
1390 4691 1589 4748 Africa:
1627 4691 1942 4764 praefectum

365 4803 396 4841 a
426 4802 487 4843 se
527 4788 907 4851 constitutum,
943 4787 1188 4841 moribus
1215 4784 1474 4850 similem,
1505 4785 1706 4841 milites
1747 4787 1820 4841 ibi
1866 4797 1949 4840 tu-

367 4873 722 4940 multuantes,
783 4886 947 4946 atque
1013 4876 1067 4931 in
1142 4876 1524 4946 imperatorem
1579 4876 1946 4947 insurgentes,

365 4969 700 5025 Gordianum
738 4967 867 5022 olim
920 4968 1326 5037 proconsulem,
1373 4969 1483 5040 jam
1513 4970 1945 5041 octogenarium,

365 5063 748 5133 imperatorem
791 5067 1002 5124 creant,
1040 5059 1124 5113 vel
1167 5059 1436 5128 invitum;
1485 5060 1640 5130 cujus
1685 5076 1806 5116 mox
1837 5062 1945 5118 Ro-

365 5170 451 5210 ma
488 5153 782 5210 libentibus
819 5150 1144 5208 electionem
1195 5152 1394 5208 animis
1429 5155 1662 5224 accepit,
1689 5155 1949 5212 honores-

2049 1937 2191 2009 ἀνὴρ
2227 1935 2544 2008 πρεσϐύτης
2590 1935 2686 1990 καὶ
2737 1934 3007 2007 μελλητὴς
3037 1935 3132 1990 καὶ
3159 1932 3270 1988 οὐδ’
3303 1931 3636 2004 ἐγκράτειαν

2049 2028 2258 2095 ἀσκῶν,
2289 2029 2358 2082 τὰ
2381 2028 2439 2082 δὲ
2459 2027 2596 2083 ἄλλα
2625 2025 2800 2080 δοκῶν
2851 2025 3124 2095 ἐπιεικής.
3169 2022 3285 2093 Τῆς
3327 2021 3384 2076 δέ
3416 2021 3634 2091 Μέσης,

2048 2124 2171 2196 ¹ἣτις
2223 2119 2291 2193 ἦν
2334 2120 2563 2184 Ἰουλίας
2620 2117 2848 2190 ἀδελφὴ,
2900 2115 2995 2171 δύο
3040 2115 3350 2186 θυγατέρας
3379 2111 3633 2186 ἐχούσης,

2051 2213 2315 2285 Σοαιμίδα
2351 2212 2448 2268 καὶ
2475 2211 2760 2282 Μαμαίαν,
2791 2209 2889 2265 καί
2914 2209 3015 2280 τῆς
3041 2208 3140 2279 μὲν
3170 2207 3405 2280 ἐχούσης
3464 2205 3636 2259 παῖδα

2048 2307 2223 2377 όνομα
2247 2305 2550 2360 Βασσιανὸν
2582 2305 2655 2372 ⁸⁸,
2683 2303 2789 2373 τῆς
2835 2301 2896 2357 δέ
2934 2299 3224 2367 Ἀλεξῖνον,
3248 2299 3299 2354 οἳ
3329 2299 3390 2366 ἐξ
3424 2298 3634 2354 Ἀντω-

2050 2397 2196 2452 νίνου
2226 2396 2517 2468 λαθραίαις
2557 2394 2768 2467 μίξεσιν
2829 2393 3082 2462 ἐλέγοντο
3136 2389 3520 2462 γεγεννῆσθαι,
3572 2387 3638 2442 τὸ

2052 2489 2470 2562 στρατιωτικὸν,
2518 2489 2723 2560 μικρᾶς
2748 2485 3039 2556 λαϐόμενοι
3077 2484 3427 2554 προφάσεως,
3451 2484 3511 2536 ἐν
3552 2481 3634 2552 τῷ

2052 2583 2204 2654 σφῶν
2257 2580 2651 2652 ἀναγορεύουσι
2705 2578 3072 2651 ,στρατοπέδῳ
3150 2577 3243 2630 τὸν
3288 2573 3633 2640 Βασσιανδν,

2054 2673 2526 2747 μετονομάσαντες
2551 2673 2596 2705 ³⁸
2636 2672 2952 2726 ’Δντωνῖνον
2973 2687 2989 2703 ο
3014 2669 3111 2724 καὶ
3145 2669 3348 2740 μάχαις
3377 2666 3636 2739 ἡττηθεὶς

2050 2769 2330 2838 Μακρῖνος
2365 2766 2461 2820 καὶ
2493 2763 2714 2835 φεύγων
2763 2765 2829 2818 ἐκ
2854 2763 2964 2818 τῶν
2997 2762 3267 2834 μεθορίων
3291 2759 3544 2831 Φοινίκης
3569 2775 3634 2812 τε

2051 2860 2149 2914 καὶ
2198 2859 2400 2930 Συρίας
2448 2858 2549 2930 τὴν
2606 2856 2931 2928 Χαλκηδόνα
2987 2854 3280 2918 κατέλαϐε,
3340 2852 3476 2924 πρὸς
3530 2852 3633 2924 τὴν

2061 2951 2284 3022 Ῥώμην
2313 2951 2526 3004 ἐκεῖθεν
2575 2947 2874 3018 ἀφικέσθαι
2922 2947 3305 3016 διανοούμενος
3328 2960 3343 2974 ο
3374 2943 3490 2998 ἀλλ’
3512 2947 3634 2996 ἐπι-

2051 3042 2456 3106 καταλαϐόντες
2484 3041 2647 3096 αὐτὸν
2679 3040 2721 3074 ³⁷
2748 3041 2799 3093 oi
2826 3041 2923 3093 τοῦ
2949 3037 3266 3092 Ἀντωνίνου
3284 3035 3378 3088 ἐπὶ
3399 3029 3561 3089 τοῦτο
3588 3032 3635 3066 ³³

2051 3135 2456 3207 ἀπεσταλμένοι
2509 3133 2770 3206 τέμνουσι
2800 3149 2861 3186 τε
2911 3129 3010 3204 τὴν
3043 3129 3285 3202 κεφαλὴν
3328 3129 3425 3183 καὶ
3453 3127 3634 3181 ὀπίσω

2051 3227 2502 3300 ἀποκομίζουσιν.
2540 3225 2862 3288 Ἀντωνῖνος
2887 3223 2968 3287 δὲ,
3009 3221 3117 3286 ἕως
3161 3221 3260 3292 μὲν
3289 3219 3540 3273 ἐπείθετο
3562 3221 3633 3288 τῇ

2054 3321 2278 3394 μάμμῃ,
2334 3318 2659 3392 ἐσωφρόνει,
2711 3317 2809 3372 καὶ⁹
2852 3318 3087 3370 ποιεῖται
3115 3313 3209 3368 καὶ
3244 3313 3337 3367 τὸν
3383 3306 3635 3385 [14911]

2063 3411 2329 3479 Ἀλεξῖνον
2355 3409 2402 3442 ³⁹
2425 3411 2542 3463 υἱόν
2568 3426 2630 3462 τε
2659 3407 2778 3479 ἅμα
2810 3405 2908 3460 καὶ
2945 3405 3219 3475 Καίσαρα,
3255 3405 3336 3466 είς
3379 3401 3636 3466 Ἀλέξαν-

2049 3505 2175 3578 δρον
2208 3503 2624 3576 μετακληθέντα
2648 3517 2663 3531 ο
2692 3501 2820 3554 ἐπεὶ
2841 3499 2899 3553 δὲ
2933 3501 3047 3562 τοῖς
3077 3496 3294 3562 κόλαξιν
3321 3495 3513 3550 ἑαυτὸν
3539 3493 3633 3560 ἐξ·

2051 3596 2276 3663 έδωκεν,
2303 3593 2560 3666 οὐδεμίαν
2573 3591 2880 3664 ὑπερϐολὴν
2901 3590 2946 3623 ⁸ο
2972 3590 3330 3661 αἰσχρότητπ
3348 3588 3442 3642 καὶ
3459 3588 3637 3658 ἀκρα-

2053 3690 2173 3752 σίας
2187 3685 2880 3744 ἀπέλιπεν.Ἐπιϐουλεύειν
2891 3683 2948 3737 δὲ
2966 3682 3062 3737 καὶ⁵
3074 3679 3410 3751 Ἀλεξάνδρῳ
3425 3681 3637 3749 ἐπιχει-

2053 3785 2228 3855 ρήσας
2251 3782 2357 3835 ὑπὸ
2378 3781 2486 3834 τῶν
2517 3777 2870 3851 στρατιωτῶν
2893 3774 3160 3844 ἀνεκόπηο
3182 3775 3212 3826 ό
3240 3773 3296 3827 δὲ
3312 3772 3537 3834 τούτους
3551 3788 3633 3824 τι-

2055 3873 2413 3945 μωρήσασθαι
2438 3868 2741 3939 διανοηθεὶς
2773 3867 2866 3921 ὑπ’
2902 3867 3084 3921 αὐτῶν
3121 3861 3631 3938 ἀνῃρέθη.Ἑϐασί-

2049 3966 2210 4019 λευσέ
2237 3981 2297 4017 τε
2355 3961 2705 4032 Ἀλέξανδρος
2749 3961 2778 4013 ό
2807 3957 3079 4029 Μαμαίας
3111 3957 3154 3989 ⁸⁸
3188 3956 3286 4024 ἐτη
3333 3955 3415 4020 ιδ’,
3445 3956 3542 4007 καὶ
3571 3953 3635 4006 τό

2049 4072 2117 4124 γε
2145 4056 2233 4108 ἐπ’
2252 4054 2404 4126 αὐτῷ
2430 4053 2614 4117 καλῶς
2635 4068 2697 4104 τε
2719 4052 2814 4106 καὶ
2837 4049 3098 4114 ἐπιεικῶς
3129 4049 3324 4122 ἄρξας,
3351 4048 3447 4101 καὶ
3463 4047 3635 4119 χωρὶς

2051 4150 2300 4222 αἱμάτων
2328 4149 2466 4212 ὅλως
2487 4164 2499 4176 ’
2524 4147 2626 4220 τῆς
2653 4145 2711 4200 δὲ
2743 4143 2952 4217 μητρὸς
2973 4143 3260 4214 Μαμαίας,
3285 4141 3361 4206 ὥς
3390 4157 3580 4212 φησιν,
3597 4139 3633 4211 ἧ

2049 4260 2111 4297 τε
2141 4239 2552 4314 φιλοχρηματία
2596 4237 2692 4292 καὶ
2709 4235 2770 4290 τὸ
2792 4235 3116 4310 μικρολόγον
3133 4235 3215 4298 είς
3233 4232 3447 4305 σφαγὴν
3469 4233 3636 4286 αὑτὸν

2048 4334 2149 4404 τὴν
2165 4332 2268 4386 ὑπὸ
2297 4332 2407 4387 τῶν
2429 4327 2780 4404 στρατιωτῶν
2802 4327 2901 4383 σὺν
2927 4327 3090 4400 αὐτῇ,
3122 4324 3436 4396 Μαξιμίνου
3462 4325 3636 4397 ἀναρ-

2051 4423 2330 4497 ρηθέντος,
2361 4421 2695 4492 ἀπήνεγκεν.

2121 4511 2302 4587 *Ηρχε
2318 4514 2376 4568 δέ
2390 4509 2538 4578 Matii
2546 4514 2699 4582 μῖνος
2717 4510 2810 4565 ἐπὶ
2835 4507 2932 4582 έτη
2946 4508 3074 4581 τρία
3088 4507 3366 4582 ἐμϐριθῶς
3391 4523 3454 4560 τε
3476 4505 3524 4538 ⁸⁸
3541 4505 3638 4558 καὶ

2041 4602 2401 4676 τυραννικῶς,
2455 4601 2596 4673 ἀνὴρ
2645 4598 3031 4672 ὑπερμεγέθης
3081 4599 3174 4654 καὶ
3200 4597 3262 4652 τὸ
3283 4593 3416 4670 ἦθος
3458 4596 3634 4667 ὠμός.

2042 4699 2243 4770 Διόπερ
2267 4695 2358 4751 τὸν
2380 4694 2594 4766 Λιϐύης
2623 4695 2943 4766 ὑπάρχοντα
2970 4693 3062 4746 ὑπ’
3092 4691 3258 4748 αὑτοῦ
3284 4692 3637 4746 καταστάντα

2043 4792 2139 4846 καὶ
2166 4792 2352 4862 ὅμοιον
2378 4788 2508 4842 ὅντα
2543 4789 2656 4851 τοῖς
2689 4786 2913 4859 τρόποις
2944 4785 2994 4838 oi
3016 4787 3196 4839 ἐκεῖσε
3239 4784 3637 4850 στασιάσαντες

2043 4886 2141 4940 καὶ
2175 4882 2456 4946 ἀνελόντες
2475 4881 2542 4945 ⁸⁸,
2568 4879 2858 4952 Γορδιανδν
2888 4877 3200 4933 ἀνθύπατον
3242 4877 3508 4946 γεγονότα
3539 4877 3638 4930 καὶ

2043 4976 2401 5048 ὀγδοηκοστὸν
2454 4975 2659 5043 ἄγοντα
2713 4972 2833 5037 ἔτος
2864 4968 3230 5043 χειροτονοῦσι
3284 4972 3380 5023 καὶ
3426 4969 3636 5024 ἄκοντα

2056 5069 2302 5142 βασιλέα.
2334 5067 2445 5121 Καὶ
2482 5068 2517 5136 ἡ
2561 5063 2754 5135 Ῥώμη
2787 5062 3100 5135 περιχαρῶς
3130 5059 3300 5115 αὑτοῦ
3327 5059 3429 5132 τὴν
3463 5060 3637 5134 ἀνάρ-

2058 5165 2218 5234 ρησιν
2259 5158 2564 5232 δεξαμένη,
2598 5159 2779 5224 πάσας
2807 5155 2903 5212 τοῦ
2933 5154 3241 5228 Μαξιμίνου
3270 5155 3438 5226 τιμάς
3491 5154 3631 5208 καθ-

1656 5293 1895 5351 VARIIE
1918 5296 2330 5354 LECTIONES.

439 5385 485 5461 ’_'
516 5383 836 5461 ΒρετςέινούςΔ
861 5400 923 5448 ς.
1002 5381 1047 5414 ³⁵
1083 5385 1620 5461 παρασκευάζων-ς.
1669 5387 1742 5461 ﬂ"
1779 5389 2004 5461 όνόματι
2033 5391 2302 5446 Βασιανόν
2333 5407 2394 5454 ς.
2470 5389 2517 5461 ’,⁸
2549 5402 2808 5461 μετονομ.
2839 5382 3192 5461 acetum.
3230 5397 3291 5461 ςς.

746 5455 930 5533 τούτω.
955 5471 1018 5519 ς’.
1094 5454 1138 5487 ³³
1169 5454 1489 5521 ”Δλεξιανόν
1525 5458 1589 5509 A.
1667 5458 1713 5488 ⁸ο
1770 5454 2081 5532 ὑπερϐολὴν
2120 5472 2240 5533 post
2296 5454 2569 5531 ἀκρατίας
2609 5454 2760 5528 punit
2789 5472 2851 5518 ς.

365 5527 490 5584 add.
525 5525 592 5579 A.
670 5525 718 5557 “
739 5525 1056 5588 ἀνελθόντες
1082 5542 1144 5588 ς.
1252 5573 1256 5578 .

3391 5379 3433 5410 ³⁷
3465 5377 3632 5433 αὑτὸν

2944 5454 2990 5486 ⁸¹
3022 5454 3329 5524 Μαμμαίας
3357 5467 3420 5515 ς’.
3494 5449 3544 5481 ⁸³
3571 5464 3631 5502 τε

455 5731 548 5811 ξφ
573 5731 763 5811 Quem
801 5733 1173 5811 Elagabalutn,
1216 5751 1246 5790 a
1290 5748 1431 5790 novo
1459 5748 1620 5805 quem
1647 5641 2211 5810 colendult‘nogtfcepit
2243 5740 2366 5807 deo,
2397 5740 2842 5811 agnomiuarunt.

453 5803 546 5875 40)
570 5803 760 5861 Melius
789 5803 1128 5860 Alexianum.
