3942 6234
291 294 405 360 369

1383 291 1911 354 BIBLIO’I‘HECA.
1945 317 2016 328 -
2054 294 2269 359 CODD.
2303 296 2499 360 C-CII.

3458 291 3568 362 370

290 410 428 464 εῐλε.
480 408 810 464 Συνανεῖπον
846 409 905 464 δὲ
946 407 1096 480 αύτῷ
1138 408 1233 465 καὶ
1271 406 1387 462 υῐδν
1423 406 1715 478 Γορδιανοῠ
1748 407 1872 478 Γορ-

1987 424 2091 478 que
2136 426 2326 466 omnes
2378 410 2676 467 Maximino
2739 411 2984 468 ademit:
3031 409 3310 470 Gordiano
3343 411 3568 479 insuper

291 502 478 556 διανὺν
540 503 786 574 βασιλέα.
844 503 1154 575 Μαξιμίνου
1208 503 1266 556 δὲ
1324 501 1882 573 παρασκευαζομένου

291 596 436 666 πρὸς
466 596 728 669 πόλεμον,
759 602 856 653 καὶ
885 598 1171 670 Γορδιανὸς
1192 596 1321 669 ἅμα
1357 596 1435 667 τῷ
1460 594 1561 665 υίῷ
1590 596 1689 664 τὴν
1726 596 1883 665 Καρ-

291 687 502 758 χηδόνα
517 688 566 721 ⁸⁵⁸
596 690 917 745 καταλαϐὼν
939 690 1038 745 καὶ
1059 691 1119 744 ὲν
1150 687 1461 758 ἀπογνώσει
1488 688 1599 742 τῶν
1625 687 1761 741 ὅλων
1786 703 1883 756 γε-

290 777 473 846 γονὼς
529 778 711 852 βρόχῳ
750 782 1098 837 ἀνεπαύσατο
1129 778 1226 834 τοῦ
1266 779 1381 851 βίου
1403 795 1418 809 ·
1443 780 1473 832 ὁ
1510 778 1570 833 δὲ
1607 779 1740 841 παῖς
1780 777 1883 846 τῆς

292 868 435 940 πρὸς
514 871 822 943 Μαξιμίνον
885 873 1066 943 μάχης
1134 870 1518 944 κρατουμένης
1572 867 1881 939 ἀναιρεθεὶς

288 962 599 1034 ἠφανίσθη.
630 964 695 1017 Οί
721 963 780 1017 δὲ
814 963 1077 1033 Ῥωμαῖοι
1102 961 1181 1033 τῷ
1210 961 1373 1016 πάθει
1404 959 1611 1014 τούτων
1640 960 1882 1031 ὑπεραλ-

289 1055 590 1124 γήσαντες.
641 1055 738 1110 καὶ
786 1055 1020 1120 δεδιότες
1053 1056 1148 1108 καὶ
1205 1053 1493 1124 μισοῦντες
1550 1052 1878 1123 Μαξιμῖνον,

289 1148 726 1218 ἀναγορεύουσιν
750 1147 811 1201 ὲν
851 1147 1043 1220 Ῥώμῃ
1076 1146 1336 1201 Βαλϐῖνόν
1372 1163 1433 1199 τε
1466 1146 1561 1200 καὶ
1588 1144 1843 1216 Μάξιμον
1862 1161 1877 1176 ’

290 1238 419 1292 καθ’
435 1233 515 1293 ὧν
538 1240 783 1305 στάσεως
802 1239 909 1294 ὑπὸ
935 1239 1047 1292 τῶν
1075 1238 1426 1309 στρατιωτῶν
1451 1239 1880 1309 ἀνεγειρομένης

294 1331 691 1401 συμϐασιλεύει
720 1331 934 1396 τούτοις
964 1330 1063 1385 καὶ
1104 1331 1412 1402 Γορδιανὸς,
1446 1330 1710 1399 ἀπόγονος
1742 1330 1879 1399 Γορο

289 1419 479 1474 διανοῦ
509 1421 606 1475 τοῦ
635 1420 876 1492 πρώτου,
905 1421 1104 1493 κομιδῇ
1131 1424 1284 1487 παῖς,
1318 1419 1587 1490 Θυγατρὸς
1611 1420 1743 1482 υίός.
1769 1417 1881 1472 Καὶ

289 1513 546 1585 Μαξίμου
575 1514 812 1580 ἐξιόντος
839 1511 985 1569 κατά
1016 1513 1329 1584 Μαξιμίνου
1362 1513 1667 1583 ἀναιρεῖται
1698 1511 1876 1576 Μαξι-

293 1608 450 1676 μῖνος
493 1607 600 1661 ὑπὸ
645 1607 757 1662 τῶν
803 1607 1024 1663 οἰκείων
1050 1607 1421 1680 στρατιωτῶν,
1454 1608 1549 1660 καὶ
1591 1605 1878 1676 κομίζεται

290 1698 434 1769 πρὸς
460 1700 715 1771 Μάξιμον
740 1701 775 1772 ἠ
809 1700 1049 1772 κεφαλὴ,
1078 1695 1202 1755 εἶτα
1237 1698 1333 1754 καὶ
1358 1698 1495 1771 πρὸς
1526 1697 1698 1767 αὐτὴν
1740 1696 1877 1751 Ῥώ-

1984 499 2243 556 Gordiani
2286 503 2394 557 lilio
2421 504 2474 557 in
2492 503 2764 559 Caesarem
2790 503 2865 559 illi
2897 503 3116 561 allecto.
3136 506 3203 561 At
3234 506 3361 559 dum
3392 505 3563 560 Maxi-

1986 593 2168 647 minus
2193 593 2397 648 bellum
2428 594 2680 659 adornat,
2716 595 2910 650 videns
2940 594 3272 661 Gordianus,
3302 597 3416 667 (qui
3450 596 3566 664 jam

1982 701 2088 739 una
2121 700 2243 739 cum
2274 684 2385 740 ﬁlio
2410 684 2791 758 Carthaginem
2823 686 2938 757 (41)
2964 690 3278 759 occuparat)
3309 689 3363 743 in
3415 703 3566 744 sum-

1986 791 2132 830 mam
2170 790 2351 831 rerum
2395 776 2638 832 omnium
2683 777 3120 847 desperationem
3147 792 3208 834 se
3244 777 3563 844 adductum,

1982 865 2176 936 laqueo
2223 868 2390 923 vitam
2433 868 2671 940 abrupit.
2702 869 2875 925 Filius
2906 885 3059 934 vero,
3110 871 3404 927 commissa
3434 869 3562 925 dein

1980 973 2103 1014 cum
2131 958 2365 1015 Maximo
2396 975 2597 1031 pugna,
2643 960 2963 1018 interfectus
3009 965 3188 1035 periit.
3214 963 3446 1020 Romani
3475 965 3566 1020 hic

1980 1051 2285 1109 incredibili
2328 1052 2515 1110 dolore
2549 1067 2619 1108 ex
2657 1053 2852 1109 horum
2898 1055 3123 1111 interitu
3174 1058 3442 1128 percussi.
3487 1057 3565 1113 si-

1980 1142 2091 1198 mul
2122 1152 2449 1208 metuentes,
2487 1152 2653 1215 atque
2691 1145 2817 1201 odio
2848 1145 3202 1203 Maximinum
3230 1164 3565 1218 prosequen-

1980 1245 2082 1304 tes,
2128 1238 2487 1309 imperatores
2539 1237 2727 1295 Romae
2777 1240 3094 1295 renuntiant
3142 1241 3453 1306 Balbinum,
3508 1251 3565 1297 et

1980 1328 2296 1385 Maximum.
2334 1330 2396 1385 In
2447 1344 2585 1400 quos
2636 1338 2697 1385 ut
2741 1345 2961 1386 rursum
3020 1330 3276 1387 militaris
3322 1333 3562 1388 excitata

1979 1420 2175 1475 seditio
2221 1429 2329 1485 est,
2381 1420 2669 1489 imperavit
2716 1435 2820 1473 una
2872 1434 2995 1475 cum
3038 1419 3119 1476 eis
3146 1429 3201 1474 et
3228 1420 3562 1488 Gordianus,

1977 1511 2239 1569 Gordiani
2288 1511 2514 1580 majoris
2560 1528 2628 1568 ex
2671 1512 2779 1567 illia
2829 1527 3021 1581 nepos,
3060 1512 3351 1566 admodum
3382 1513 3565 1568 adhuc

1977 1618 2134 1675 puer.
2163 1602 2309 1677 [Lib.
2339 1603 2485 1678 vm.]
2502 1603 2737 1661 Maximo
2761 1616 2879 1676 post
2909 1606 3174 1661 adversus
3204 1604 3562 1661 Maximinum

1978 1695 2245 1769 profecto,
2298 1695 2622 1754 interfectus
2662 1712 2693 1753 tt
2745 1698 2861 1754 suis
2914 1695 3177 1752 militibus
3232 1696 3563 1754 Maximinus

292 1809 425 1862 μην.
459 1792 537 1845 Οὐ
583 1792 719 1847 πολὺ
767 1793 829 1848 τδ
857 1797 917 1849 ὲν
948 1794 1135 1867 μέσῳ,
1164 1794 1262 1848 καὶ
1287 1792 1337 1846 oi
1363 1791 1695 1864 στρατιῶται
1747 1808 1872 1845 στα-

1983 1800 2087 1855 est,
2136 1789 2465 1859 allatumque
2521 1800 2685 1860 caput
2732 1788 2850 1858 ejus
2883 1788 2950 1844 ad
2992 1786 3310 1855 Maximum,
3350 1798 3407 1844 et
3436 1788 3564 1844 inde

289 1885 585 1949 σιάσαντες
633 1884 892 1955 ἐξάγουσι
950 1886 1061 1941 τῶν
1112 1885 1401 1960 βασιλείων
1463 1884 1720 1940 Βαλϐῖνον
1777 1887 1875 1940 καὶ

286 1972 569 2045 Μάξιμον,
595 1973 722 2047 [276
754 1976 847 2049 IL]
872 1978 971 2031 καὶ
1000 1978 1182 2031 πᾶσαν
1211 1977 1409 2041 αὐτοὺς
1436 1978 1623 2033 αίκίαν
1651 1977 1874 2031 αἰκισά-

288 2085 445 2136 μενοι
487 2067 810 2140 ἀναιροῦσι,
844 2070 1006 2141 μόνον
1042 2071 1358 2134 ἀνειπόντες
1393 2070 1617 2140 βασιλέα
1646 2071 1874 2142 Γορδια-

285 2158 400 2224 νὺν,
445 2158 581 2227 περὶ
622 2157 721 2230 ετη
763 2160 1121 2231 τρισκαίδεκα
1171 2161 1469 2230 γεγονότα⁹
1502 2162 1563 2214 ἑν
1610 2155 1693 2225 οἷς
1721 2160 1818 2215 καί⁹
1844 2163 1874 2215 ὁ

283 2250 474 2318 ὄγδοος
510 2250 819 2306 τελειοῦται
845 2242 1021 2321 λόγος.

359 2428 523 2482 Ἔστι
540 2428 601 2482 δὲ
622 2430 724 2501 τὴν
746 2430 949 2502 φράσιν
980 2431 1159 2504 σαφὴς
1181 2432 1276 2487 καὶ
1308 2433 1558 2506 λαμπρὸς
1586 2435 1679 2489 καὶ
1708 2436 1834 2509 ἡδὺς
1852 2476 1868 2505 ,

282 2522 386 2576 καὶ
411 2522 559 2587 λέξει
599 2523 885 2595 χρώμενος
915 2522 1174 2596 σώφρονι,
1206 2526 1343 2596 μήτε
1374 2527 1871 2600 ὑπεραττικιζούσῃ

282 2616 378 2667 καὶ
417 2614 521 2686 τὴν
551 2614 794 2686 ἔμφυτον
824 2615 1186 2691 ἐξυϐριζούσῃ
1215 2617 1378 2689 χάριν
1419 2618 1515 2673 τοῦ
1572 2619 1868 2690 συνήθους,

285 2706 429 2774 μήτε
462 2705 603 2776 πρὸς
627 2704 687 2759 τὸ
714 2706 970 2760 ταπεινὸν
1000 2707 1337 2781 ὲκλελυμένῃ
1368 2710 1464 2763 καὶ
1500 2708 1599 2781 τὴν
1622 2709 1869 2782 ἔντεχνον

282 2795 620 2873 ύπερορώσῃ
677 2798 901 2869 γνῶσιν.
952 2798 1092 2854 Οὔτε
1148 2800 1208 2855 δὲ
1264 2801 1699 2874 περιττολογίαις
1751 2803 1870 2857 ἐστὶ

284 2893 707 2964 σεμνυνόμενος,
738 2893 865 2948 οὔτε
912 2912 966 2949 τι
993 2893 1105 2948 τῶν
1146 2896 1464 2965 ἀναγκαίων
1504 2897 1867 2969 παραλιμπά-

280 3002 412 3047 νων,
445 2985 541 3038 καὶ
568 2986 758 3049 ἁπλῶς
780 2987 824 3019 ⁸⁸
859 2988 919 3043 ὲν
948 2988 1152 3053 πάσαις
1180 2994 1302 3054 ταῖς
1330 2990 1474 3044 κατά
1496 2989 1597 3061 τὴν
1625 2991 1866 3063 ἱστορίαν

279 3078 506 3150 ἀρεταῖς
541 3078 606 3133 ού
632 3077 845 3134 πολλῶν
865 3081 984 3134 ἐστι
1012 3080 1284 3153 δεύτερος.

1006 3264 1091 3320 P'.

398 3354 715 3424 Ἀδριανοῦ
730 3356 837 3411 τοῦ
849 3356 1163 3424 βασιλέως
1189 3358 1438 3427 μελέται
1467 3359 1757 3432 διάφοροι.

364 3446 1009 3521 ’ΔνεγνώσθηἈδριανοῠ
1033 3451 1128 3505 τοῦ
1155 3453 1424 3523 βασιλέως
1454 3454 1870 3527 μελέταιδιάφο·

284 3555 388 3607 ροι,
419 3540 503 3604 είς
547 3539 613 3592 τὸ
659 3539 883 3611 μέτριον
932 3540 1029 3594 τοῦ
1081 3541 1243 3613 λόγου
1284 3546 1592 3617 ἀνηγμέναι
1622 3549 1718 3601 καὶ
1766 3550 1868 3601 οὑκ

284 3631 485 3700 ἀηδεῖς.

993 3726 1123 3781 PA'.

384 3813 720 3883 Βικτωρίου
740 3816 848 3871 τοῦ
877 3818 1230 3887 Λαμπαδίου
1249 3822 1531 3876 ὑπατικοὶ
1559 3823 1759 3894 Λόγοι.

360 3909 820 3982 ’Δνεγνώσθησαν
850 3912 1183 3984 Βικτωρίνου
1219 3914 1312 3968 τοῦ
1344 3918 1666 3987 Λαμπαδίου
1696 3919 1715 3991 (
1746 3921 1868 3974 Ἀν-

280 4009 492 4078 τιοχεὺς
526 4006 585 4061 δὲ
617 4001 805 4077 οὗτος)
836 4007 1094 4061 ὑπατικοὶ
1115 4008 1264 4079 λόγοι
1291 4009 1558 4081 διάφοροι,
1587 4011 1681 4065 καὶ
1716 4011 1871 4083 βασι-

280 4099 416 4153 λικοὶ
446 4099 510 4154 δὲ
539 4102 622 4163 εἰς
651 4100 879 4171 Ζήνωνα
897 4100 991 4155 τὸν
1018 4101 1264 4171 βασιλέα,
1295 4104 1382 4173 ἐφ’
1409 4098 1471 4158 οὗ
1496 4105 1590 4157 καὶ
1615 4105 1697 4170 είς
1727 4105 1868 4177 βαθὺ

281 4192 459 4264 γῆρας
504 4188 576 4263 ἦν
608 4190 737 4264 [150
761 4192 869 4263 H.j
900 4193 1199 4265 ἐληλακὼς.
1234 4196 1349 4267 Τὴν
1370 4196 1427 4249 δὲ
1460 4198 1679 4267 φράσιν
1703 4199 1765 4252 τό
1808 4215 1869 4252 τε

282 4286 449 4357 σαφὲς
482 4287 580 4340 καὶ
609 4286 671 4340 τὸ
692 4286 985 4358 ἀπέριττον
1013 4286 1110 4343 καὶ
1133 4287 1194 4343 τὸ
1228 4288 1459 4361 σύνηθες
1486 4292 1795 4362 ἐπικοσμεῖ.

998 4476 1119 4530 PB'.

284 4567 590 4623 Γελασίου
624 4567 966 4639 ἐπίσκοπον
1000 4570 1362 4636 Καισαρείας
1397 4569 1510 4639 τῆς
1538 4571 1863 4624 Παλαιστι-

347 4655 458 4706 νης
509 4636 666 4692 κατὰ
711 4639 1051 4708 Ἀνομοίων.
1099 4638 1210 4693 Καὶ
1278 4636 1570 4709 Διοδώρου
1631 4642 1862 4709 Ταρσοῦ
1918 4698 1921 4699 ,

347 4710 479 4777 περὶ
510 4709 622 4763 τοῦ
648 4710 826 4780 ἁγίου
870 4709 1219 4779 Πνεύματος
1255 4710 1512 4781 διάφορα
1560 4711 1861 4781 ἐπιχειρή-

340 4797 516 4848 ματα.

359 4871 706 4943 Ἀνεγνώσθη
756 4872 817 4926 ὲν
873 4874 1174 4945 μονοόίϐλῳ
1234 4874 1494 4928 Γελασίου
1555 4874 1864 4928 ἐπισκόπου

284 4963 618 5035 Καισαρείας
634 4965 735 5035 τῆς
757 4964 1144 5038 Παλαιστίνης,
1165 4967 1328 5022 Κατὰ
1341 4967 1683 5038 Ἀνομοίων.
1705 4968 1861 5021 Ἔστι

1978 1883 2231 1939 Romam.
2260 1882 2372 1939 Nec
2403 1883 2565 1953 longo
2597 1882 2886 1954 interjecto
2925 1890 3196 1953 tempore,
3231 1881 3564 1936 tumultuan-

1977 1988 2063 2036 tes
2097 1979 2276 2033 denuo
2323 1978 2545 2043 milites,
2584 1976 2785 2048 palatio
2830 1978 3128 2033 educentes
3168 1974 3481 2041 Balbinum,
3505 1982 3563 2028 et

1973 2070 2293 2139 Maximum,
2361 2070 2619 2125 omnibus
2689 2066 3040 2124 contumeliis
3118 2065 3562 2135 cruciatibusque

1972 2165 2200 2223 affectos
2239 2167 2582 2232 interimunt.
2616 2175 2674 2222 et
2715 2164 2807 2220 uni
2852 2163 3129 2220 Gordiano
3158 2161 3421 2217 tredecim
3451 2159 3561 2214 cir-

1974 2262 2112 2319 citer
2160 2276 2334 2317 annos
2385 2270 2515 2316 nato
2573 2259 2860 2331 imperium
2926 2257 3210 2313 mandant.
3263 2253 3377 2310 Hoc
3432 2252 3557 2309 libri

1973 2355 2150 2413 octavi
2178 2364 2483 2411 extremum
2515 2361 2619 2408 est.

2045 2447 2341 2516 Scriptoris
2368 2445 2525 2513 hujus
2556 2442 2725 2499 dictio
2753 2441 2898 2497 clara
2924 2449 3031 2507 est,
3059 2450 3223 2509 atque
3243 2438 3553 2510 perspicua,

1971 2541 2102 2613 quin
2134 2548 2190 2594 et
2216 2538 2457 2608 jucunda
2495 2554 2507 2588 :
2541 2536 2763 2590 vocibus
2795 2544 2975 2589 autem
3008 2532 3182 2587 utitur
3208 2530 3554 2602 temperatis,

1972 2648 2151 2703 neque
2210 2645 2375 2700 supra
2435 2629 2652 2684 modum
2710 2626 2927 2686 Atticis.
2979 2624 3177 2696 quibus
3226 2623 3412 2679 nativa
3462 2621 3555 2679 illa

1971 2726 2278 2781 communis
2313 2722 2581 2779 sermonis
2612 2720 2788 2792 gratia
2838 2718 3240 2791 quodammodo
3284 2716 3553 2770 violetur:

1971 2835 2072 2875 nec
2102 2832 2296 2873 rursus
2342 2817 2396 2871 in
2434 2813 2794 2870 humilitatem
2829 2811 3124 2882 quamdam
3168 2808 3245 2864 ita
3278 2807 3557 2874 demissis,

1969 2921 2031 2969 ut
2063 2922 2235 2967 artem
2260 2924 2475 2965 omnem
2503 2906 2606 2962 illa:
2631 2906 2832 2977 fugisse
2860 2905 3168 2960 videantur.
3203 2902 3284 2957 Ad
3312 2902 3429 2957 haec
3458 2916 3558 2956 nec

1970 3002 2385 3071 supervacaneis
2436 3005 2631 3064 tumet,
2674 3012 2775 3053 nec
2814 2995 3180 3053 necessarium
3219 2992 3349 3064 quid
3393 2991 3558 3045 omit-

1894 3124 1937 3182 ο
1974 3099 2083 3151 tit:
2133 3095 2249 3159 sed,
2301 3104 2360 3147 ut
2394 3107 2501 3147 uno
2561 3089 2729 3145 verbo
2774 3088 3071 3153 absolvam,
3101 3085 3261 3158 εδει
3304 3084 3558 3140 omnibus

1971 3190 2212 3245 historiae
2242 3187 2534 3243 virtutibus
2564 3184 2755 3256 paucis
2789 3198 2920 3237 sane
2953 3180 3118 3235 cedit.

2743 3278 2805 3332 (Ζ.

2408 3371 2635 3428 Adriani
2668 3370 3109 3423 Declamationes.

2041 3464 2222 3519 Lecta:
2278 3474 2405 3519 sunt
2455 3461 2678 3517 Adriani
2742 3460 2856 3531 (42)
2904 3458 3129 3529 Augusti
3164 3458 3330 3513 variae
3366 3455 3555 3511 Decia-

1968 3559 2247 3622 matioues,
2294 3555 2504 3611 dicendi
2544 3553 2917 3608 moderatione
2961 3558 3300 3622 temperatae,
3347 3564 3447 3604 nec
3470 3549 3556 3603 in-

1963 3650 2235 3720 jucundae.

2720 3735 2808 3793 Cl.

2086 3832 2339 3887 Victorini
2369 3831 2650 3901 Lampadii
2674 3831 2773 3893 ﬁlii
2805 3829 3086 3885 Orationes
3115 3825 3441 3881 consulares.

2044 3925 2221 3981 Lecta:
2265 3936 2391 3981 sunt
2444 3922 2709 3979 Victorini
2758 3918 3040 3991 Lampadi!
3091 3918 3183 3973 lilii
3228 3915 3552 3971 Antiocheni

1971 4019 2249 4075 Orationes
2308 4016 2612 4073 consulares
2658 4016 2845 4079 varice,
2892 4010 3055 4069 simul
3100 4020 3151 4067 et
3197 4008 3555 4079 imperatoria

1967 4114 2024 4169 in
2070 4112 2308 4169 Zenonis
2357 4110 2586 4182 Augusti
2646 4107 2910 4173 laudem:
2955 4118 3064 4177 quo
3108 4103 3430 4173 imperante,
3484 4100 3551 4156 ad

1969 4217 2268 4261 extremam
2332 4205 2422 4261 hic
2473 4208 2793 4274 pervenerat
2837 4205 3193 4256 senectutem.
3249 4193 3549 4249 Dictionem

1969 4298 2109 4367 ejus,
2162 4297 2216 4351 in
2260 4310 2366 4364 qua
2401 4293 2539 4349 nihil
2582 4292 2912 4357 redundans,
2954 4285 3337 4361 perspicuitas,
3379 4284 3553 4339 usita-

1968 4399 2168 4459 ‘tusque
2197 4386 2452 4460 loquendi
2486 4387 2678 4441 modus
2706 4390 2994 4439 exornant.

2708 4474 2817 4530 Cll.

1968 4570 2169 4629 Gelasii
2190 4570 2446 4628 Cwsarea
2469 4568 2777 4690 Paiazztinw
2797 4564 3048 4636 episcopi,
3074 4562 3207 4615 liber
3223 4559 3340 4622 (4'5)
3363 4569 3549 4613 contra

2664 4653 2913 4690 1101111208.

2664 4653 2913 4701 nomwos,

2073 4714 2141 4768 Et
2169 4712 2390 4767 Diodori
2424 4709 2698 4765 Tarsensis
2734 4708 2797 4760 de
2835 4704 3038 4774 Spiritu
3066 4712 3251 4758 sancto
3276 4718 3440 4772 argu-

2656 4789 2848 4831 menta.

2039 4878 2240 4933 Lectus
2274 4887 2357 4930 est
2404 4874 2540 4930 liber
2578 4869 2873 4942 singularis
2915 4866 3118 4925 Gelasii
3160 4867 3423 4925 Caesarea!
3447 4862 3552 4920 Pa-

1970 4970 2191 5024 Ιωειὶιιίε
2243 4966 2482 5037 episcopi
2532 4963 2783 5018 adversus
2841 4960 3120 5017 Anomeeos
3176 4959 3312 5031 (ts).
3380 4956 3556 5028 Hujus
3641 5009 3651 5020 _

1582 5078 1823 5134 VARUE
1852 5078 2256 5137 LECTIONES.

345 5168 389 5197 “
425 5167 750 5241 Χαλκηδόνα
790 5187 852 5233 ς.
927 5170 973 5204 ⁸⁵
1008 5170 1218 5244 ἁπλῶς]
1253 5171 1442 5237 ἁπλῶς
1470 5171 1759 5245 ἱστορικῶν
1786 5173 1852 5227 Α.

1801 5264 2010 5323 NOTAE
2022 5302 2038 5318 .

346 5360 454 5433 (il)
473 5360 612 5433 Diale
622 5361 945 5432 Χαλκηδόνα
960 5360 1241 5433 legebatur
1260 5362 1313 5417 in
1329 5372 1474 5417 textu
1487 5362 1529 5417 G
1540 5362 1866 5417 rmco.Entr.

347 5432 459 5503 (42)
486 5432 634 5501 Lege
690 5434 842 5502 plura
890 5432 1032 5501 apud
1068 5432 1227 5487 Suid.
1263 5442 1319 5488 et
1366 5433 1724 5503 Xiphiliuum.
1754 5434 1867 5488 Ex-

282 5512 414 5557 SIant
442 5502 584 5570 ejus
631 5511 711 5572 et,
740 5504 1023 5559 sententia:
1090 5509 1360 5572 quamam,
1410 5502 1526 5558 sive
1576 5502 1869 5558 δικαστικά

284 5586 526 5639 responsa
560 5576 616 5625 in
672 5571 786 5627 Vel.
824 5572 1060 5629 Glossar.

350 5643 457 5713 (43)
503 5642 698 5698 Exstat
767 5645 1036 5713 hodieque
1075 5643 1234 5699 titulo
1274 5643 1351 5698 De
1384 5642 1602 5713 iduabus
1662 5645 1868 5697 naturis

288 5710 340 5763 in
370 5710 603 5775 Christo,
633 5715 731 5769 sed
754 5714 893 5769 falso
911 5710 1134 5770 Gelasio
1162 5715 1361 5784 pontii.
1383 5712 1544 5768 Rom.
1574 5718 1871 5782 ascriptus,

294 5791 346 5853 ut
385 5785 541 5838 docet
588 5784 870 5843 illustriss.
908 5785 1107 5843 Baron.
1137 5789 1289 5842 card.
1330 5794 1459 5841 tom.
1514 5784 1604 5853 IV,
1632 5784 1697 5840 ad
1734 5802 1863 5838 ann.

294 5849 416 5909 Chr.
440 5854 545 5911 496
571 5854 692 5912 iuit.

2040 5354 2462 5431 (MiNonillos
2500 5355 2869 5411 Eunomianos
2896 5351 3036 5431 apud
3080 5350 3314 5431 Niceph.
3348 5350 3480 5406 ihid.
3510 5369 3551 5419 ι,

1964 5421 2086 5496 cap.
2120 5421 2209 5492 il,
2236 5428 2329 5482 sed
2364 5426 2577 5496 integro
2622 5440 2757 5495 pene
2791 5421 2989 5496 saeculo
3023 5421 3293 5496 posterius
3333 5433 3555 5496 exortus

1968 5490 2733 5571 Eutychi’anps,sic'forsitan
2769 5495 2838 5550 ab
2888 5490 3161 5571 aliquibus
3189 5490 3385 5571 dictos,
3408 5495 3554 5571 quod

1969 5561 2232 5642 negarent
2256 5561 2531 5642 Christum
2565 5567 2818 5642 habuisse
2840 5561 3040 5642 corpus
3060 5561 3352 5633 ὁμοούτιον
3373 5563 3556 5642 nobis.

1966 5632 2072 5710 qua
2096 5640 2509 5710 etiantiratione
2558 5637 2699 5707 apud
2725 5634 2841 5710 _DD_.
2875 5632 3335 5710 Ath_an3_8._atque
3370 5632 3551 5710 Chr):-

1969 5701 2105 5765 sost.
2157 5709 2288 5763 dicti
2346 5701 2609 5762 Anomaei'
2642 5705 2855 5771 Ariani,
2905 5705 2997 5774 qui
3043 5701 3320 5774 Christum
3371 5701 3549 5774 Patris

1968 5781 2314 5848 inaequalem,
2346 5788 2403 5835 et
2428 5777 2595 5849 aliqui
2633 5772 2939 5831 dissimilis
2962 5788 3180 5846 quoque
3205 5772 3552 5839 substantia,

1974 5851 2263 5907 faciebant.
