3942 6234
277 302 378 367 373

1291 279 1819 365 memoratam.
1847 327 1920 341 -—
1954 305 2172 368 com).
2202 304 2511 369 cuum.

3442 301 3550 371 374.

277 420 556 491 ἐπιγραφὴ
612 437 633 473 ι
682 418 844 485 Γάϊος
877 419 1179 492 ψεγόμενος
1235 437 1254 471 ι
1299 422 1394 475 καὶ
1440 439 1460 473 ι
1518 420 1766 485 Φλάκκος
1825 421 1859 491 ἥ

1980 424 2189 489 tensus,
2244 422 2493 493 aliusque
2543 422 2770 479 Flaccus
2818 424 3184 495 reprehensus.
3239 410 3446 492 Quibus
3490 426 3543 479 in

277 512 524 566 Φλάκκον
544 511 852 583 ψεγόμενος
871 529 887 545 ο
910 533 931 566 ι
964 516 1023 567 ἐν
1051 508 1134 576 οἷς
1158 512 1338 582 λόγοις
1381 512 1585 581 μᾶλλον
1621 513 1730 567 τῶν
1759 513 1857 568 ᾶλ-
1894 509 1898 512 ’

276 602 386 657 λων
407 605 443 674 ἦ
486 621 548 657 τε
589 604 733 659 κατὰ
761 603 861 677 τὴν
895 605 1185 676 ῥητορείαν
1230 604 1391 676 ῥώμη
1426 605 1524 660 καὶ
1554 605 1615 658 τὸ
1669 604 1866 668 κάλλος
1896 614 1899 617 ’

280 695 693 764 ἐπιφαίνεται³¹
739 697 908 751 αὑτοῦ
936 697 1047 753 τῶν
1097 698 1292 767 λόγων.
1365 697 1777 769 Ἅμαρτάνειδέ
1807 699 1866 750 ἐν

282 786 536 851 πολλοῖς,
588 787 735 853 ίδέας
784 806 845 842 τε
904 788 1293 860 ὑποτιθέμενος
1314 791 1383 855 ⁸³,
1439 791 1533 844 καὶ
1583 790 1699 844 ἀλλ’
1730 790 1897 857 ἄττα

281 879 386 947 τῆς
425 879 726 951 Ἰουδαϊκῆς
754 879 1075 949 φιλοσοφίας
1103 881 1360 951 ἀλλότρια
1392 884 1864 954 συγγραφόμενος.

294 968 389 1021 Ἐν
433 967 493 1023 δὲ
540 970 653 1032 τοῖς
690 968 905 1039 χρόνοις
948 969 1169 1039 ἤκμασε
1214 970 1375 1024 Γαΐου
1407 970 1501 1024 τοῦ
1550 973 1865 1044 Καίσαρος,

280 1059 421 1129 πρὸς
435 1058 497 1112 ὃν
524 1059 619 1113 καὶ
645 1059 788 1131 ὑπὲρ
811 1058 915 1112 τοῦ
934 1060 1069 1113 ἰδίου
1087 1059 1275 1123 ἔθνους
1298 1063 1503 1133 γράφει
1529 1064 1869 1135 πρεσϐεῦσαι

292 1152 577 1222 Ἀγρίππα
620 1151 723 1222 τῆς
794 1151 1056 1216 Ἰουδαίας
1100 1152 1500 1223 βασιλεύοντος.
1539 1155 1769 1227 Φέρεται
1812 1156 1898 1211 δὲ’

281 1240 449 1297 αὑτοῦ
480 1242 656 1296 πολλὰ
695 1242 792 1297 καὶ
836 1243 1057 1298 ποικίλα
1089 1246 1475 1318 συντάγματα,
1514 1248 1742 1319 ἠθικοὺς
1768 1249 1861 1304 λό-

282 1351 417 1403 γους
448 1334 776 1407 περιέχοντα
804 1336 897 1390 καὶ
935 1338 1036 1407 τῆς
1069 1339 1315 1403 Παλαιᾶς
1366 1342 1764 1414 ὑπομνήματα,
1793 1345 1863 1401 τὰ

282 1427 517 1480 πλεῖστα
568 1426 705 1497 πρὸς
739 1428 1072 1499 ἁλληγορίαν
1103 1430 1200 1485 τοῦ
1241 1433 1570 1504 γράμματος
1622 1435 1874 1499 ἐκϐιαζό⁴

286 1537 445 1590 μενασ
468 1516 626 1585 ἐξοῦ,
651 1517 829 1593 οἶμαι,
860 1524 955 1576 καὶ
972 1525 1080 1587 πᾶς
1100 1523 1131 1577 ὁ
1150 1525 1197 1557 ⁵³
1217 1526 1581 1597 άλληγορικὸς
1605 1531 1705 1599 τῆς
1730 1530 1875 1601 Γρα-

287 1614 402 1682 φῆς
434 1614 495 1666 ἐν
522 1615 592 1685 τῇ
620 1614 919 1688 Ἐκκλησία
937 1616 1097 1684 λόγος
1121 1617 1295 1690 ἀρχὴν
1311 1619 1469 1690 ἔσχεν
1490 1621 1539 1653 ⁸⁸
1563 1623 1869 1695 εἰσρυῆναι.

282 1706 519 1774 Λέγεται
544 1706 602 1760 δὲ
626 1706 792 1762 αὑτὸν
818 1709 1003 1764 καὶτὰ
1030 1711 1374 1782 Χριστιανῶν
1404 1713 1684 1785 μυηθέντα
1710 1715 1870 1770 ὔστε-

286 1815 382 1870 ρον
434 1798 639 1854 τούτων
670 1800 762 1855 διά
815 1819 936 1856 τινα
989 1802 1169 1876 λύπην
1228 1806 1323 1859 καὶ
1368 1807 1540 1877 ὀργὴν
1592 1808 1869 1865 ἐκπεσεῖν.

294 1889 465 1943 Ἀλλὰ
515 1892 783 1963 πρότερόν
811 1909 876 1962 γε
905 1895 1067 1948 αὐτόν
1098 1913 1287 1964 φασιν,
1337 1898 1432 1952 ἐπὶ
1471 1898 1741 1954 Κλαυδίου
1774 1903 1875 1970 τὴν

292 1981 520 2053 Ῥώμην
570 1984 969 2051 καταλαϐόντα,
1035 1986 1226 2059 Πέτρῳ
1278 1989 1357 2058 τῷ
1419 1991 1704 2062 κορυφαίῳ
1764 1992 1877 2046 τῶν

281 2075 600 2128 ἀποστόλων
623 2077 865 2146 ἐντυχεῖν
893 2078 989 2131 καὶ
1020 2078 1213 2147 φιλίως
1240 2080 1574 2151 διατεθῆναι,
1605 2084 1665 2150 ἐξ
1690 2076 1751 2137 οὗ
1781 2087 1877 2138 καὶ

280 2168 411 2231 τοὺς
443 2168 694 2239 μαθητάς
710 2169 755 2200 ⁵⁸
795 2170 1026 2241 Μάρκου
1062 2172 1157 2226 τοῦ
1206 2172 1596 2241 εὐαγγελιστοῦ
1632 2176 1875 2247 (ἀκροα-

282 2260 382 2326 τὴς
428 2259 475 2313 δ’
535 2260 565 2313 6
611 2262 839 2332 Μάρκος
888 2263 1139 2333 Πέτρου)
1180 2266 1403 2336 μνήμης
1445 2266 1541 2319 καὶ
1595 2268 1877 2338 εὐφημίας

283 2345 521 2412 ἀξιῶσαι
540 2363 555 2379 ·
591 2349 835 2413 ἐκείνους
863 2351 973 2421 γὰρ
1016 2352 1200 2421 λέγειν
1236 2355 1400 2408 αὐτόν
1422 2354 1470 2387 ⁵⁸
1498 2373 1629 2424 φασι
1651 2357 1698 2389 ⁸⁷
1727 2358 1877 2428 παρὰ

298 2436 577 2502 Ἰουδαίοις
626 2442 1152 2512 ⁸ιιιεφιλοσοφηκέναι.
1184 2438 1287 2499 Ὧν
1328 2447 1423 2501 καὶ
1454 2447 1557 2511 τὰς
1588 2448 1877 2518 διατριϐὰς

288 2532 637 2603 μοναστήριά
678 2550 739 2586 τε
787 2535 963 2601 καλεῖ,
1018 2538 1113 2592 καὶ
1160 2537 1255 2591 τὸν
1295 2539 1593 2612 ἀσκητικὸν
1638 2539 1877 2595 διανύειν

283 2623 489 2686 αὐτοὺς
520 2625 891 2693 ἁνακηρύττει
921 2627 1055 2698 βίον.
1086 2627 1315 2703 νηστείᾳ
1348 2634 1445 2687 καὶ
1474 2635 1756 2703 προσευχῇ
1784 2632 1879 2686 καὶ

283 2714 533 2786 ἁκτησίᾳ
557 2717 1023 2789 προσανέχοντας.

356 2827 482 2899 {151
522 2828 635 2901 11.]
669 2831 825 2884 Ἐστι
868 2832 927 2885 δὲ
967 2833 1028 2886 τὸ
1050 2832 1208 2901 γένος
1230 2832 1293 2902 ἐξ
1334 2833 1529 2906 ίερέων
1564 2837 1880 2908 καταγόμε-

286 2935 398 2982 νος,
438 2920 829 2992 Ἀλεξανδρεὺς
851 2922 909 2975 δέ
935 2923 1035 2994 τὴν
1056 2925 1318 2997 πατρίδα.
1345 2927 1615 2982 Τοσοῦτον
1640 2930 1684 2982 δ’
1714 2930 1882 2983 αὐτὸν

282 3011 400 3072 τοῖς
431 3007 810 3081 Ἐλληνισταῖς
832 3018 1135 3085 παρασχεῖν
1154 3014 1342 3086 θαῦμα
1363 3017 1461 3088 τῆς
1481 3021 1539 3071 ἐν
1562 3023 1677 3084 τοῖς
1698 3020 1879 3088 λόγοις

1970 515 2126 570 libris
2181 516 2387 584 magis,
2450 531 2611 585 quam
2672 516 2729 571 in
2799 516 2957 583 aliis,
3006 517 3149 589 86b
3198 517 3411 573 dicendi
3464 518 3547 570 vis

1968 608 2087 678 ejus
2127 621 2194 663 ac
2229 616 2487 663 venustas
2539 617 2780 678 apparet.
2836 608 3031 665 Peccat
3060 619 3241 664 tamen
3281 623 3388 663 non
3421 621 3546 662 raro

1970 701 2106 755 ideis
2161 700 2631 767 transmutandis,
2684 701 3003 770 cantet-isque
3048 715 3078 755 a
3124 700 3351 755 Iudaica
3395 707 3546 754 secta

1970 792 2163 848 alienis
2194 791 2589 849 describendis.
2632 792 2845 849 Floruit
2885 793 3003 849 Caii
3038 793 3266 848 Caesaris
3292 792 3550 861 tempori-

1970 885 2101 947 bus,
2131 884 2198 938 ad
2226 898 2385 952 quem
2416 892 2469 938 et
2501 898 2598 952 pro
2655 900 2751 939 sua
2793 893 2953 952 gente
2999 883 3270 954 (Hebraea)
3324 884 3550 953 legatio-

1971 989 2093 1029 nem
2118 989 2177 1029 se
2206 975 2508 1044 suscepisse
2529 975 2739 1039 scribit,
2772 984 3031 1045 regnante
3060 977 3113 1031 in
3143 974 3326 1029 Iudaea
3353 975 3549 1045 Agrip-

1973 1080 2062 1136 pa.
2118 1065 2592 1122 Circumleruntur
2646 1066 2888 1134 ejusdem
2955 1067 3062 1122 alia
3119 1081 3335 1138 quoque
3398 1068 3551 1121 varia

1970 1156 2227 1227 opuscula
2252 1154 2431 1227 (47),
2462 1157 2662 1227 quibus
2690 1156 3082 1225 disputationes
3132 1155 3246 1212 fere
3285 1156 3352 1211 de
3381 1156 3553 1210 mori-

1972 1249 2073 1305 bus
2115 1248 2504 1316 continentur,
2556 1246 2877 1318 Veterisque
2910 1247 3243 1303 Testamenti
3290 1250 3554 1317 explana-

1974 1342 2151 1397 tiones
2180 1380 2196 1406 ,
2247 1340 2314 1396 ad
2371 1340 2683 1410 allegoriam
2732 1349 2796 1395 ut
2838 1337 3149 1410 lplurimum
3206 1339 3322 1408 ipsa
3373 1337 3552 1393 littera

1973 1442 2177 1504 aptata.
2208 1432 2276 1488 Et
2306 1447 2434 1488 vero
2470 1433 2539 1488 ab
2565 1433 2669 1488 hoc
2700 1432 2937 1487 arbitror
2972 1430 3111 1503 (48)
3163 1445 3380 1486 omnem
3422 1430 3553 1485 alle-

1975 1528 2216 1599 goricum
2272 1540 2444 1582 sacrae
2473 1523 2770 1593 Scriptum
2802 1538 3107 1578 sermonem
3155 1522 3209 1576 in
3258 1521 3551 1577 Ecclesiam

1974 1632 2344 1688 promanasse.
2400 1616 2608 1671 Ferunt
2636 1614 2885 1670 eumdem
2918 1613 3243 1669 Christianis
3268 1613 3432 1667 etiam
3469 1627 3555 1666 sa-

1976 1711 2084 1765 cris
2108 1708 2377 1764 initiatum
2396 1747 2413 1772 ,
2449 1707 2518 1761 ab
2552 1707 2639 1762 his
2669 1706 2887 1761 tandem
2910 1705 3098 1761 dolore
3128 1705 3363 1775 quodam
3392 1714 3557 1775 atque

1977 1799 2258 1855 iracundia
2305 1799 2622 1855 descivisse.
2647 1796 2844 1852 Verum
2876 1807 3035 1852 antea
3062 1796 3289 1853 Claudio
3315 1797 3555 1867 Augusto

1976 1893 2277 1963 imperante
2303 1891 2451 1946 adita
2492 1891 2663 1945 Roma
2686 1930 2702 1955 ,
2737 1891 2792 1944 in
2831 1889 3049 1944 beatum
3081 1888 3303 1944 Petrum
3334 1879 3556 1958 aposto‘-

1974 1984 2147 2040 lorum
2196 1983 2496 2053 principem
2526 1981 2785 2037 incidisse
2806 2022 2821 2046 ,
2874 1996 3046 2050 eoque
3084 1996 3241 2035 usum
3272 1980 3557 2034 familiari-

1932 2128 1935 2131 λ
1977 2085 2100 2142 ter;
2137 2085 2303 2145 atque
2329 2075 2459 2130 hinc
2484 2074 2647 2129 etiam
2684 2073 2888 2128 factum
2923 2087 3067 2137 esse,
3104 2080 3166 2127 ut
3210 2081 3267 2128 et
3318 2071 3556 2141 discipu-

1976 2166 2147 2221 lorum
2168 2164 2312 2220 beati
2331 2165 2494 2220 Marci
2515 2165 2881 2235 evangelista},
2897 2163 3069 2219 sancti
3100 2161 3247 2221 Petri
3263 2162 3551 2224 auditoris,

1977 2259 2306 2314 mentionem
2362 2258 2843 2325 laudationemque
2894 2257 3158 2326 posuerit.
3239 2254 3350 2311 Hos
3407 2255 3553 2309 enim

1977 2351 2186 2424 (aiunt)
2215 2352 2354 2421 apud
2389 2348 2607 2405 Judteos
2636 2349 3070 2419 pbiIOSOphicam
3101 2348 3513 2408 duxisse-vitam
3535 2384 3559 2411 ,_

1976 2443 2081 2499 iste
2117 2450 2510 2498 commemorat
2552 2460 2565 2496 :
2610 2441 2805 2495 borum
2854 2441 3169 2504 domicilia,
3219 2439 3555 2499 monasteria

1978 2536 2239 2608 appellat,
2267 2537 2596 2604 eosdemque
2631 2533 2970 2591 meditationi
3001 2532 3238 2588 deditam
3287 2533 3453 2586 vitam
3479 2533 3557 2602 je-

1970 2629 2127 2699 junio
2147 2668 2162 2694 ,
2191 2637 2353 2698 atque
2378 2627 2693 2697 precatione
2723 2627 2922 2697 degere
2939 2665 2963 2691 ι
2980 2624 3123 2681 nihil.
3144 2625 3367 2683 interim
3393 2640 3557 2695 opum

1977 2721 2305 2792 possidendo
2319 2759 2336 2788 ,
2372 2720 2654 2791 praedicat.

2052 2834 2217 2890 Duxit
2249 2843 2429 2889 autem
2472 2832 2625 2888 Philo
2658 2845 2827 2904 genus
2867 2846 2897 2887 a
2931 2829 3305 2887 sacerdotibus
3326 2870 3345 2898 ,
3379 2828 3556 2901 patria

1977 2928 2418 2995 Alexandrinus,
2468 2936 2783 2998 tantamque
2828 2926 2930 2982 sibi
2973 2924 3113 2995 apud
3157 2923 3377 2979 Graecos
3417 2923 3556 2976 artis

1981 3022 2193 3079 dicendi
2218 3022 2411 3091 peritia
2444 3020 2818 3075 celebritatem
2845 3020 3084 3089 peperit,
3121 3026 3177 3069 ut
3210 3016 3368 3084 vulgo
3394 3015 3556 3069 etiam

282 3099 607 3169 δυνάμεως,
635 3100 712 3166 ὡς
740 3104 836 3157 καὶ
861 3104 1039 3173 λέγειν
1071 3104 1290 3172 αὐτούς’
1319 3127 1338 3160 ι
1360 3111 1432 3165 Ἦ
1465 3115 1686 3171 Πλάτων
1710 3118 1758 3150 ⁵⁸
1779 3137 1875 3185 φι.

1982 3127 2237 3169 sermone
2266 3113 2395 3167 illud
2441 3121 2800 3182 usurparetur
2834 3128 2849 3167 :
2879 3113 2985 3165 Aut
3029 3108 3183 3162 Plato
3231 3107 3559 3177 philonizat,

284 3190 530 3259 λωνίζει,
557 3192 593 3264 ἢ
621 3194 797 3249 Φίλων
815 3195 1167 3262 πλατωνίζει.
1204 3216 1225 3252 ι

1006 3313 1145 3382 pq'.

512 3427 898 3498 Θεογνὼστου
930 3428 1368 3498 Ἀλεξανδρέως
1400 3433 1574 3502 λόγοι
1594 3429 1668 3493 ζ’.

361 3541 497 3614 [280
550 3540 657 3616 R.]
721 3542 1165 3616 Ἀνεγνώσθησαν
1212 3543 1560 3614 Θεογνώστου
1637 3545 1885 3612 Ἀλεξαν-

284 3634 463 3705 δρέως
506 3633 659 3703 λόγοι
703 3635 844 3687 ἐπτά
868 3651 882 3667 ο
918 3629 979 3690 οὗ
1009 3637 1044 3707 ή
1076 3638 1382 3709 ἐπιγραφὴ,
1422 3657 1441 3689 ι
1472 3637 1579 3691 Τοῦ
1608 3640 1880 3710 μακαρίου

286 3726 649 3796 Θεογνώστου
690 3727 1086 3801 Ἀλεξανδρέως
1134 3729 1232 3783 καὶ
1281 3727 1553 3799 ἐξηγητοῦ
1592 3729 1883 3783 ὑποτυπώ-

288 3834 430 3880 σεις.
472 3835 494 3869 ι
546 3817 638 3869 Ἐν
692 3816 793 3887 μὲν
836 3812 929 3871 οὖν
967 3818 1045 3889 τῷ
1085 3818 1289 3890 πρώτῳ
1336 3818 1480 3889 λόγῳ
1526 3820 1883 3890 διαλαμϐάνει

291 3909 429 3980 περὶ
451 3908 553 3961 τοῦ
582 3909 816 3980 Πατρὸς,
843 3911 940 3964 καὶ
965 3911 1048 3964 ὅτι
1073 3911 1192 3964 ἐστὶ
1217 3910 1549 3983 δημιουργὸς
1585 3913 1881 3983 ἐπιχειρῶν

293 3998 597 4060 δεικνύναι,
626 3998 722 4051 καὶ
756 3998 899 4051 κατὰ
920 3999 1029 4052 τῶν
1059 4000 1422 4053 ὑποτιθέντων
1455 4002 1722 4056 συναϊδιον
1748 4002 1881 4075 ὓλην

294 4090 375 4161 τῷ
400 4089 547 4160 Θεῷ.
589 4090 679 4143 Ἐν
703 4090 760 4143 δέ
784 4088 861 4159 τῷ
885 4091 1121 4162 δευτέρῳ
1142 4091 1324 4161 τίθησι
1354 4092 1453 4162 μὲν
1475 4096 1883 4165 ἐπιχειρήματα

295 4177 360 4229 δι’
388 4172 467 4232 ὧν
494 4178 607 4231 δεῖν
634 4195 771 4249 φησι
795 4179 887 4231 τὸν
919 4179 1138 4249 Πατέρα
1169 4179 1314 4251 ἔχειν
1343 4183 1496 4247 Υίὸν,
1539 4183 1668 4237 Υίὸν
1700 4185 1759 4237 δέ
1795 4184 1885 4237 λέ-

298 4286 408 4335 γων
430 4270 644 4337 κτίσμα
669 4271 832 4324 αὑτὸν
856 4272 1168 4340 ἀποφαίνει,
1200 4276 1297 4326 καὶ
1320 4275 1429 4328 τῶν
1452 4275 1684 4344 λογικῶν
1720 4277 1885 4347 μόνον

1983 3215 2076 3261 aut
2106 3204 2264 3261 Pbilo
2289 3203 2589 3275 platonizat
2617 3202 2723 3274 (49
2744 3202 2787 3273 ).

2703 3315 2838 3375 ενι.

2037 3431 2351 3503 Theognoui
2387 3431 2743 3487 Alexandrini
2792 3431 3203 3502 Hypotyposeou
3234 3430 3358 3489 libri
3382 3446 3483 3485 vn.

2065 3540 2216 3596 Lecti
2247 3550 2375 3595 sunt
2399 3538 2729 3611 Tbeognosti
2765 3540 3114 3597 Alexandrini
3147 3539 3271 3595 libri
3310 3551 3515 3611 septem
3541 3578 3558 3601 ,

1983 3630 2463 3698 bac-inscriptione
2490 3647 2505 3683 :
2529 3646 2548 3680 ι
2579 3627 2726 3683 Beati
2757 3626 3089 3700 Tbeognosti
3108 3627 3484 3692 Alexandrini,
3503 3639 3561 3683 et

1980 3737 2257 3777 sacrorum
2282 3720 2567 3777 Librorum
2601 3723 2910 3790 interpretis
2930 3719 3311 3791 Hypotyposes.
3338 3740 3360 3774 ι
3376 3718 3559 3775 Primo

1982 3813 2121 3867 libro
2150 3813 2217 3867 de
2252 3811 2412 3866 Patre
2451 3814 2597 3881 agit,
2634 3826 2869 3881 eumque
2924 3826 3045 3867 esse
3088 3827 3265 3866 rerum
3310 3812 3559 3882 Opillcem

1982 3905 2270 3959 ostendere
2324 3905 2514 3958 nititur
2558 3922 2572 3957 :
2617 3906 2782 3961 etiam
2831 3915 3018 3961 contra
3058 3921 3182 3968 cos,
3240 3906 3330 3975 qui
3385 3912 3561 3959 mate-

1990 3998 2125 4053 riam
2151 3996 2294 4069 (50)
2325 3997 2435 4052 Deo
2464 4007 2794 4052 coaeternam
2827 3997 3053 4053 faciunt.
3104 3997 3269 4053 Libro
3300 4013 3427 4052 vero
3472 4013 3561 4053 se-

1989 4091 2165 4147 Cundo
2210 4099 2528 4158 argumenta
2574 4090 2791 4157 quidem
2843 4091 3030 4159 ponit,
3084 4092 3281 4159 quibus
3319 4088 3454 4145 ellici
3488 4090 3564 4143 ait

1990 4182 2299 4237 necessario
2345 4178 2561 4234 Patrem
2614 4180 2817 4235 habere
2844 4180 3063 4235 Filium.
3102 4181 3172 4235 At
3210 4196 3330 4236 cum
3366 4179 3560 4235 Filium

1990 4272 2151 4339 dicit,
2212 4281 2520 4326 creaturam
2566 4285 2685 4327 esse
2724 4271 2899 4341 ipsum
2945 4271 3334 4338 demonstrat,
3370 4280 3426 4326 et
3474 4286 3563 4325 ra-

299 4361 635 4428 ἐπιστατεῖν,
682 4363 776 4417 καὶ
817 4363 934 4418 ἀλλ’
983 4365 1154 4431 ἄττα,
1185 4365 1373 4438 ῶσπερ
1416 4367 1721 4441 κὨριγένης,
1755 4369 1872 4425 ἐπι-

1988 4365 2136 4420 tione
2163 4364 2403 4434 praeditis
2451 4372 2659 4419 tantum
2713 4378 2964 4434 praeesse.
3016 4364 3094 4418 Ac
3121 4365 3272 4434 plura
3312 4364 3364 4419 id
3394 4379 3563 4435 genus

1572 4526 1809 4583 VARle
1859 4527 2269 4585 LECTIONES.

370 4638 700 4721 ³⁸,φαίνετῇι
737 4658 796 4721 ς.
834 4712 847 4721 ¹
893 4644 939 4675 ⁸²
962 4645 1417 4721 ύπερτιθέμενος,
1492 4650 1538 4682 ⁵³
1569 4651 1598 4702 ό
1624 4665 1732 4704 om.
1759 4654 1823 4703 Α.
1901 4650 1949 4682 ⁵⁸⁵
1977 4650 2349 4721 ἐσχειξᾼάρχήν
2378 4667 2440 4721 ς.
2515 4650 2561 4681 ⁸⁸
2587 4650 2712 4712 τοὺς

307 4706 477 4777 θητῶν
499 4726 562 4773 ς.
642 4710 691 4742 ⁵⁵
716 4712 878 4765 αὐτόν
906 4717 1031 4770 add.
1060 4706 1126 4771 Ᾱ.
1217 4706 1261 4748 ⁵²¹
1298 4706 1430 4787 φασι
1467 4736 1605 4789 tng.:
1639 4737 1771 4790 φησι
1805 4739 1865 4785 ς.

1942 4650 2462 4775 sumatur.
3040 4666 3181 4707 °°"-
3214 4651 3414 4718 Αν
3451 4672 3554 4725 μα-

1817 4852 2054 4912 NOTAE.

307 4963 528 5088 ᾱπὲῗέα).
577 4964 906 5033 lnnumera,
951 4971 1126 5040 inquit
1168 4974 1230 5029 B.
1264 4974 1576 5047 Hieronym.
1635 4974 1872 5043 Suidas,

371 5052 967 5193 ίῗξῗίξδθτοιξβεηριη.
985 5120 1043 5165 et
1069 5111 1327 5193 erillum
1358 5117 1772 5193 Alexandr._ut__
1794 5117 1881 5171 in-

311 5185 389 5227 ter
434 5173 663 5231 Latinos
732 5173 796 5232 ΒΣ
849 5173 1169 5239 Ambrosius
1246 5187 1506 5257 pleraque
1567 5204 1598 5243 a
1654 5186 1884 5244 Philone

308 5255 587 5300 mutuatus
614 5256 720 5301 est.

518 5316 1035 5397 Beatum___Petrnnj_
1063 5324 1366 5397 apostolum
1400 5327 1697 5383 innotuisse
1751 5326 1881 5382 Plii-

306 5383 412 5439 loni
445 5387 715 5441 Eusebius
750 5388 845 5443 lib.
881 5404 920 5443 Il
964 5383 1113 5448 Hist:
1148 5396 1272 5451 eccl.
1302 5408 1488 5451 narrat
1513 5414 1527 5450 :
1551 5399 1759 5452 Φίλωνα
1787 5399 1879 5450 λόα

306 5470 397 5539 γ-ος
425 5457 712 5539 ἔχεικατὰ
742 5458 1009 5539 Ιξλαύδιρν
1036 5464 1130 5539 ἐπὶ
1160 5467 1260 5536 τῆς
1288 5466 1507 5539 Ῥώμης
1542 5471 1621 5531 εἰς
1662 5468 1879 5533 ὁμιλίαν

308 5524 690 5609 ἐλθεῖνΠέτρῳ
708 5530 826 5593 τοῖς
848 5532 1024 5609 ἐκεῖσε
1037 5534 1159 5609 τότε
1175 5524 1517 5609 κη’ρύττὸντι.
1537 5524 1671 5592 Tum
1692 5524 1879 5593 beatus

308 5610 518 5679 quoque
548 5597 923 5679 Hieronymus
954 5604 1004 5655 in
1033 5597 1327 5679 Cataloéo:
1358 5609 1525 5679 Aiunt
1550 5611 1712 5675 hunc,
1753 5625 1874 5663 cum

308 5669 536 5722 secunda
576 5669 700 5723 vice
733 5671 974 5725 venisset
999 5676 1066 5728 ad
1093 5669 1374 5731 Claudium
1404 5678 1457 5732 in
1505 5669 1709 5733 eadem"
1746 5681 1877 5733 urbe

304 5733 537 5813 {Hom-,2]
566 5739 817 5800 locutum
851 5756 971 5798 esse
994 5759 1115 5798 cum
1157 5747 1398 5818 apostolo
1428 5748 1589 5805 Petro
1608 5791 1622 5815 ,
1651 5749 1878 5819 ejusque

1985 4979 2238 5054 habuisse
2263 4979 2558 5054 amicitiam
2590 4988 2677 5034 :et
2692 4979 2763 5054 ob
2793 4980 2935 5054 banc
2958 4994 3183 5054 causam,
3210 4983 3374 5035 etiam
3409 4980 3557 5036 Mar-

1987 5051 2060 5114 ci,
2098 5049 2343 5118 discipuli
2380 5047 2545 5114 Petri,
2599 5051 2740 5119 apud
2797 5047 3182 5106 Alexandriam
3263 5059 3561 5106 sectatores

1980 5134 2209 5173 ornasse
2263 5120 2531 5173 laudibus.
2581 5120 2710 5186 Quae
2759 5120 2980 5175 totidem
3018 5121 3194 5175 verbis
3230 5120 3460 5183 Suidas,
3490 5137 3555 5175 ex

1982 5187 2296 5259 Hieronymi
2333 5196 2698 5258 tuetapliraste
2725 5190 3031 5259 Sophmnio
3063 5191 3314 5259 fortasse,
3345 5190 3556 5245 descri-

1979 5255 2409 5330 psitsAéyouat
2456 5255 2661 5323 τοῦτον,
2714 5255 2816 5330 ὅτε
2845 5260 2916 5330 ab,
2944 5261 3193 5330 δεύτερον
3247 5255 3377 5330 ἦλθε
3420 5259 3558 5330 πρὸς

1980 5329 2245 5401 Κλαύδιον
2278 5331 2335 5383 ἐν
2361 5333 2426 5401 τῇ
2457 5331 2591 5401 αὐτῇ
2617 5330 2767 5383 πόλει
2791 5329 3058 5401 [Ῥώμῃ],
3085 5329 3426 5401 διαλεχθῆναι
3469 5329 3556 5399 τῷ

1979 5400 2119 5468 ἁγίῳ
2168 5399 2451 5468 ἀποστόλῳ
2483 5399 2694 5470 Πέτρῳ,
2735 5399 2829 5454 καὶ
2875 5399 3067 5452 τούτου
3133 5399 3421 5470 ἐσχηκέναι
3453 5416 3557 5470 prpr-

1985 5470 2125 5533 λίαν,
2150 5470 2245 5523 καὶ
2275 5470 2363 5523 διὰ
2382 5470 2540 5523 τοῦτο
2564 5469 2690 5532 τοῦς
2717 5470 3050 5529 σπουδαστὰς
3075 5469 3324 5538 Μάρκου,
3364 5469 3554 5539 μαθηφ

1983 5539 2077 5593 τοῦ
2115 5540 2342 5611 Πέτρου,
2365 5542 2424 5593 ἐν
2456 5539 2831 5611 Ἀλεξανδρείᾳ
2856 5540 3009 5592 έπεσι
3040 5539 3463 5610 κεκοσμηκέναι.

2047 5610 2182 5681 (50)
2220 5609 2291 5666 Ut
2324 5611 2627 5681 pliilosOplii
2666 5609 2884 5681 quidam
2924 5621 3166 5675 veteres,
3215 5609 3270 5663 et
3301 5620 3419 5677 post
3459 5609 3553 5663 Se-

1986 5680 2214 5753 leuciani
2265 5680 2745 5753 siveHermiaui,
2805 5680 2872 5735 de
2930 5681 3127 5753 quibus
3186 5682 3413 5751 August.
3474 5681 3553 5741 De

1982 5750 2215 5806 Itwresib.
2258 5767 2371 5822 cap.
2403 5752 2491 5808 59.
