3942 6234
260 295 364 359 377

1344 300 1881 363 BIBLIOTHECA.
1922 330 1993 340 —
2023 304 2189 365 COD.
2232 303 2409 367 CVII.

3441 306 3549 369 378

256 414 349 465 καὶ
374 411 662 482 δικολόγον
691 413 843 484 λέγει
869 415 964 469 καὶ
995 415 1164 487 μυρία
1194 415 1332 471 ἄλλα
1360 418 1529 471 αὐτοῦ
1564 421 1843 492 καταγρά-

1962 431 2000 476 et
2030 422 2133 477 alia
2182 432 2439 477 sexcenta
2466 420 2757 491 impingit:
2787 430 2864 484 ut,
2902 420 2954 474 in
2980 420 3346 489 suspicionem
3378 422 3549 479 Matti-

256 522 375 573 φει,
408 507 492 559 ὅτι
520 524 583 560 τε
613 508 674 561 ἐν
694 508 924 579 ὑπονοίᾳ
952 509 1177 577 γέγονεν
1202 512 1608 581 Μανιχαῖσμοῦ,
1638 512 1731 565 καὶ
1756 513 1839 565 ὃτι

254 600 355 670 τὴν
385 600 549 668 ἁγίαν
579 600 1043 673 Τεσσαρακοστὴν
1079 604 1159 666 εἰς
1196 605 1349 673 τρεῖς
1381 603 1683 671 ἑϐδομάδας
1708 620 1842 671 συγ-

256 692 457 746 κλείων
485 693 609 748 οὐδὲ
634 694 695 746 ὲν
722 694 951 758 ταύταις
981 695 1081 763 τῆς
1113 695 1177 748 ὲκ
1197 694 1245 726 ⁷⁸
1267 694 1382 748 τῶν
1434 694 1655 765 πτηνῶν
1685 712 1843 767 κρεο-

255 786 463 855 φαγίας
491 786 789 857 ἀπείχετο,
833 788 929 840 καὶ
954 786 1030 849 ὡς
1073 785 1413 857 Ἑλληνικαῖς
1443 788 1685 849 τελεταῖς
1715 804 1841 840 συν-

252 880 427 949 ήγετο
449 918 465 943 ,
513 880 610 934 καὶ
634 880 720 933 ὅτι
753 878 830 943 ώς
850 878 1053 932 ὲπίπαν
1076 878 1181 931 ὑπὸ
1213 878 1655 949 γαστριμαργίας
1683 879 1843 931 ὲλαυ-

255 972 495 1043 νόμενος
522 971 781 1025 οὐδεποτε
813 970 1091 1025 ἐκοινώνει
1121 971 1221 1041 τῆς
1263 971 1577 1042 ἱερουργίας
1605 971 1845 1023 τελειου-

258 1065 473 1134 μένης,
520 1064 659 1119 ἀλλὰ
706 1064 847 1135 μετὰ
891 1063 953 1117 τὸ
998 1064 1331 1132 Εὑαγγέλιον
1364 1065 1553 1116 παισὶν
1581 1064 1700 1133 ἅμα
1734 1063 1845 1116 τῶν

258 1154 586 1225 μυστηρίων
619 1153 1035 1224 μετελάμϐανε,
1083 1155 1179 1205 καί¹
1220 1152 1536 1224 παραυτίκα
1570 1151 1709 1222 πρὸς
1745 1152 1845 1220 τὴν

254 1246 545 1317 τράπεζαν
590 1247 883 1318 ἀπέτρεχε.
915 1246 1101 1299 Ταῦτα
1126 1246 1270 1299 κατὰ
1310 1245 1405 1299 τοῦ
1434 1245 1628 1316 ἀνδρὸς
1659 1243 1847 1315 σχεδόν

253 1356 310 1392 τι
334 1339 410 1391 δι’
436 1339 570 1409 ὅλης
600 1338 767 1391 αὐτοῦ
793 1338 894 1408 τῆς
921 1338 1103 1409 βίϐλου
1125 1338 1511 1409 κατασπεερων
1538 1336 1849 1405 ὲνασελγαί-

254 1450 363 1487 νει.
402 1432 479 1485 Τό
504 1433 559 1486 δὲ
583 1432 923 1503 σύγγραμμα
944 1432 1283 1503 δραματικὸν
1311 1432 1601 1486 ποιεῖταιτί
1624 1446 1637 1460 ⁸
1673 1446 1847 1501 προσ-

256 1517 435 1586 φωνεί
462 1520 521 1573 δὲ
555 1520 687 1573 αὐτὸ
730 1523 868 1591 πρός
902 1538 1028 1575 τινα
1054 1522 1307 1575 Λεόντιον
1337 1522 1729 1593 αἰτησάμενον.
1766 1519 1847 1572 Τὰ

255 1610 316 1664 δὲ
361 1610 459 1665 τοῦ
503 1611 781 1682 δράματος
823 1612 1034 1681 εἰσάγει
1081 1613 1349 1682 πρόσωπα
1391 1610 1715 1683 Λαμπάδιον
1750 1610 1848 1678 μὲν

258 1704 695 1775 ὑπερμαχοῦντα
737 1704 903 1758 αὐτοῦ
922 1743 939 1771 ,
994 1706 1239 1776 Μαρῖνον
1270 1704 1330 1758 δέ
1362 1721 1484 1759 τινα
1512 1704 1651 1767 ώςτ²
1687 1703 1848 1775 δῆθεν

1944 513 2106 566 chaste
2141 524 2303 566 sectae
2333 512 2587 568 venisse:
2625 528 2838 566 sacrum
2866 511 3304 582 Quadragesiuue
3337 521 3548 581 tempus

1944 602 2010 655 ad
2038 613 2146 657 tres
2192 603 2402 657 tantum
2457 604 2825 658 hebdomadas
2872 619 3199 671 revocasse,
3245 605 3549 676 iisdemque

1945 707 2045 746 nec
2069 691 2138 746 ab
2158 693 2336 746 avium
2355 694 2611 747 carnibus
2641 692 3005 748 abstinuisse:
3034 694 3099 748 ad
3127 695 3367 763 gentium
3393 710 3547 749 sacra

1944 785 2242 840 accessisse
2294 802 2311 840 :
2357 795 2413 839 ut
2496 785 2788 855 plurimum
2838 796 3097 854 praeterea
3161 788 3304 858 87b
3370 788 3547 842 vcntri

1947 877 2067 947 plus
2104 878 2240 933 satis
2270 878 2537 940 deditum,
2571 894 2675 932 non
2705 879 2952 934 absoluto
2972 878 3082 948 jam
3118 896 3279 936 sacro
3299 896 3548 935 commu-

1948 969 2181 1032 nicasse,
2213 970 2305 1023 sed
2332 978 2455 1037 post
2500 970 2852 1038 Evangelium
2889 987 2993 1025 una
3019 987 3143 1026 cum
3177 972 3362 1041 pueris
3397 987 3545 1042 mys-

1944 1061 2112 1114 steria
2136 1065 2437 1130 sumpsisse
2458 1101 2473 1124 ,
2505 1062 2799 1131 statimque
2834 1062 2901 1117 ad
2952 1078 3197 1117 mensam
3241 1063 3547 1118 advolasse.

1947 1151 2098 1206 Talia
2132 1150 2244 1207 fere
2274 1161 2386 1207 toto
2419 1153 2559 1207 Iihro
2607 1168 2796 1222 sparsa
2841 1170 2904 1209 ac
2951 1155 3340 1222 disseminata,
3385 1165 3547 1226 petu-

1948 1245 2120 1299 lanter
2152 1245 2205 1298 in
2236 1245 2410 1299 virum
2448 1245 2599 1300 illum
2636 1247 2826 1315 iactat.
2864 1246 3012 1314 Opus
3049 1246 3223 1317 ipsum
3280 1248 3547 1302 dramati-

1946 1354 2069 1393 cum
2094 1347 2181 1393 est
2207 1381 2220 1406 ,
2250 1337 2479 1392 Leontio
2505 1339 2722 1392 cuidam
2752 1339 2805 1393 id
2836 1338 3155 1409 eiﬂagitanti
3190 1339 3538 1410 inscriptum.

1948 1430 2215 1485 Personas
2255 1430 2410 1501 lingit
2442 1430 2531 1485 hic
2566 1431 2920 1500 Lampadium
2966 1433 3255 1499 quemdam
3278 1473 3294 1497 ,
3326 1432 3417 1501 qui
3452 1448 3549 1503 pro

1946 1521 2149 1575 Basilio
2196 1530 2407 1584 certet,
2450 1536 2574 1575 cum
2635 1519 2880 1588 Marino,
2936 1520 3027 1589 qui
3080 1519 3306 1576 Joannis
3368 1533 3551 1591 partes

1949 1614 2177 1668 tuendas
2198 1613 2519 1681 susceperit.
2539 1611 2694 1667 Hunc
2723 1623 2845 1683 post
2872 1613 3286 1668 dissertationes
3310 1613 3545 1683 aliquot.

1948 1703 2204 1757 damnato
2249 1719 2348 1770 eo,
2410 1718 2573 1773 quem
2621 1702 3021 1760 defendendum
3078 1716 3431 1774 susceperat,
3482 1706 3548 1760 ad

260 1798 407 1868 ὑπὲρ
433 1797 531 1850 τοῦ
566 1797 813 1852 Ἰωάννου
844 1796 1247 1867 ἀγωνιζόμενον
1266 1836 1281 1861 ,
1306 1796 1366 1860 ὃς
1394 1797 1492 1851 καὶ
1523 1796 1662 1867 μετά
1691 1813 1845 1860 τινας

1962 1796 2306 1864 Lampadium
2334 1811 2458 1851 sese
2485 1797 2878 1867 adjungentem
2915 1797 3165 1863 inducit,
3190 1813 3253 1852 ac
3283 1807 3403 1867 post
3425 1813 3548 1852 eum

255 1884 532 1949 διαλέξεις
560 1885 843 1954 εἰσάγεται
869 1885 1020 1956 αὐτῷ
1048 1886 1482 1955 καταγινώσκων
1514 1887 1613 1955 μὲν
1644 1881 1705 1940 οὗ
1736 1886 1851 1939 ἐδό-

262 1994 350 2029 κει
383 1974 685 2046 προσώπου
712 1977 1183 2049 ύπερασπίζεσθαι
1204 2018 1221 2045 ,
1270 1978 1575 2050 Λαμπαδίῳ
1596 1978 1653 2032 δὲ
1676 1994 1850 2049 προσ-

257 2068 553 2137 τιθέμενος
572 2087 587 2100 ·
622 2067 741 2138 μεθ’
771 2068 832 2123 ὃν
864 2068 1138 2140 Ταράσιόν
1170 2086 1292 2123 τινα
1310 2070 1405 2123 τὸν
1433 2070 1620 2138 ἀγῶνα
1652 2070 1846 2123 ὑπεισ-

260 2159 445 2211 ελθεῖν
477 2160 835 2231 ὑποκρίνεται
862 2200 879 2225 ,
924 2162 1113 2217 ἐκεῖνα
1136 2161 1201 2232 δὴ
1247 2161 1476 2225 τούτους
1516 2163 1609 2215 καὶ
1641 2162 1853 2233 ἐρωτᾷν

260 2252 778 2322 κατασχηματίζων
811 2256 908 2307 καὶ
934 2254 1326 2325 ἀποκρίνεσθαι
1345 2293 1362 2318 ,
1389 2254 1426 2310 ἃ
1449 2254 1717 2308 συνοίσειν
1753 2256 1853 2323 μὲν

264 2342 487 2412 ἑαυτῷ,
522 2342 717 2414 μῶμον
762 2344 820 2399 δὲ
848 2346 943 2400 καὶ
986 2347 1225 2418 ἀπορίαν
1271 2346 1350 2419 τῷ
1400 2348 1861 2419 συνηγορουμένῳι

259 2435 424 2505 δῆθεν
470 2436 620 2506 ἐώρα
659 2439 1163 2504 κατασκευάζοντα.
1225 2438 1549 2503 Ἑξκαίδεκα
1585 2439 1643 2493 δὲ
1674 2439 1855 2509 λόγοις

264 2528 324 2579 τὸ
355 2528 709 2601 σύγγραμμα
759 2530 996 2603 διαιρεῖ,
1035 2532 1129 2586 καὶ
1177 2535 1235 2587 ὲν
1277 2533 1377 2603 μὲν
1408 2535 1521 2596 τοίς
1564 2536 1716 2603 τρισὶ
1762 2534 1858 2587 καὶ

264 2621 397 2676 δέκα
422 2623 520 2676 τὸν
563 2623 873 2694 διαλογικὸν
906 2622 1118 2690 εἰσάγει
1151 2622 1323 2677 τύπον
1344 2662 1360 2687 ,
1397 2623 1537 2677 κατὰ
1568 2622 1664 2675 τοῦ
1701 2621 1855 2693 πρώ-

262 2731 358 2769 του
390 2716 557 2785 μόνου
582 2716 693 2769 τῶν
730 2715 979 2769 Ἰωάννου
1003 2715 1175 2783 λόγων
1201 2714 1470 2785 τοσαύτην
1499 2714 1735 2782 σπουδὴν
1757 2715 1852 2767 καὶ

1950 1889 2155 1943 victum
2188 1887 2471 1942 Tarasium
2496 1890 2787 1958 quemdam
2827 1892 3023 1946 iterum
3060 1903 3339 1948 certamen
3369 1893 3551 1947 redin-

1951 1990 2275 2051 tegrantem.
2309 1980 2408 2035 Ubi
2444 1982 2529 2035 illa
2556 1983 2656 2037 hos
2677 1991 2731 2037 et
2756 1983 3116 2054 interrogare,
3142 1994 3197 2039 et
3222 1986 3551 2054 respondere

1951 2073 2415 2139 comminiscitur,
2464 2088 2585 2143 qua:
2612 2089 2739 2128 cum
2768 2074 2868 2127 sibi
2904 2077 3263 2140 condnctura,
3296 2085 3408 2129 tum
3441 2090 3540 2143 pa-

1953 2166 2243 2219 trocinanti
2276 2167 2600 2220 adversario
2636 2167 3115 2235 reprehensionem
3179 2184 3255 2221 ac.
3280 2166 3548 2238 perplexi-

1955 2263 2120 2309 tatem
2150 2256 2390 2324 paritura
2425 2257 2763 2314 viderentur.
2797 2257 2852 2311 ln
2895 2259 3133 2313 sedecim
3168 2268 3349 2314 autem
3383 2259 3549 2313 libros

1952 2361 2090 2414 opus
2120 2347 2432 2403 universum
2486 2348 2706 2405 divisit:
2757 2365 2989 2419 quorum
3040 2351 3298 2406 tredecim
3338 2352 3550 2419 priores

1955 2434 2155 2503 dialogi
2184 2434 2354 2490 forma
2391 2445 2518 2491 sunt
2553 2438 2621 2491 ab
2650 2452 2753 2503 eo,
2784 2448 2972 2492 contra
3004 2440 3237 2508 primum
3287 2440 3551 2494 duntaxat

1955 2525 2182 2581 Joannis
2225 2528 2454 2594 librum,
2515 2539 2665 2584 tanto
2725 2546 2848 2584 cum
2907 2532 3087 2585 studio
3147 2547 3210 2586 ac
3270 2532 3547 2600 diligentia

1963 2621 2302 2689 conscripti:
2341 2621 2566 2693 reliquis
2594 2638 2723 2678 vero
2763 2625 2935 2679 tribus
2973 2641 3036 2679 ea
3073 2637 3382 2696 oppugnat,
3430 2642 3551 2695 qua:

1960 2714 2012 2767 in
2039 2716 2279 2769 secundo
2309 2730 2409 2769 suo
2431 2725 2486 2769 et
2520 2717 2683 2770 tertio
2714 2717 2854 2771 libro
2883 2716 3126 2773 Joannes
3157 2729 3491 2773 asseruerat.

268 2810 432 2862 πόνον
459 2808 922 2878 εἰσενεγκάμενος
940 2846 956 2872 ,
980 2807 1037 2859 ὲν
1064 2806 1122 2859 δὲ
1150 2808 1264 2867 τοῖς
1288 2805 1495 2867 λοιποῖς
1518 2806 1666 2877 τρισὶ
1690 2806 2042 2877 καταδρομὴν
2079 2808 2315 2861 ποιεῖται
2348 2806 2459 2859 τῶν
2521 2809 2582 2861 ὲν
2627 2808 2705 2879 τῷ
2752 2809 2992 2882 δευτέρῳ
3040 2812 3135 2865 καὶ
3180 2812 3350 2882 τρίτῳ
3407 2812 3552 2885 λόγῳ

272 2902 553 2971 ῥηθέντων
586 2900 668 2970 τῷ
713 2899 960 2971 Ἰωάννῃ.

350 2992 443 3048 Ἑν
480 2993 583 3063 μὲν
611 2987 704 3047 οὖν
730 2992 808 3062 τῷ
829 2992 1031 3062 πρώτῳ
1051 2990 1194 3061 λόγῳ
1214 2988 1305 3043 τὸν
1330 2989 1598 3059 πρόλογον
1622 2988 1856 3059 ἀπαρτί-

274 3102 393 3150 σας,
430 3085 579 3139 κατὰ
605 3083 698 3138 δύο
721 3082 1036 3152 κεφαλαίων
1065 3082 1306 3143 ἵσταται,
1337 3082 1460 3135 καθ’
1496 3081 1615 3143 ἑνὸς
1638 3082 1738 3150 μὲν
1762 3079 1858 3134 τοῦ

271 3176 354 3230 ὅτι
380 3177 481 3229 6"
522 3175 697 3243 Λόγος
725 3173 899 3228 ἔπαθε
931 3174 1099 3243 σαρκί
1124 3214 1140 3236 ,
1168 3172 1290 3227 καθ’
1328 3172 1517 3243 ἑτέρου
1563 3172 1620 3225 δὲ
1649 3172 1745 3225 τοῦ
1774 3174 1857 3226 ὅτι

2038 2987 2224 3043 Primo
2254 2987 2419 3057 igitur
2447 2986 2589 3043 libro
2626 2996 2751 3058 post
2795 2987 3169 3058 praefationem
3210 2988 3551 3061 absolutam,

1965 3081 2179 3135 duobus
2210 3079 2481 3147 capitibus
2505 3079 2888 3150 oppugnandis
2917 3079 3138 3135 insistit.
3166 3079 3407 3134 Primum
3432 3082 3555 3152 qui-

1965 3171 2086 3226 dem
2111 3172 2277 3226 illud:
2306 3189 2326 3223 ι
2362 3170 2597 3225 Verbum
2643 3185 2863 3240 passum
2894 3180 2979 3225 est
3010 3172 3061 3225 in
3089 3173 3314 3227 carne‘.
3350 3192 3368 3223 ι
3400 3174 3553 3227 Alte-

271 3269 471 3321 ταυτόν
496 3268 616 3321 ἐστι
643 3266 705 3319 τὸ
722 3266 771 3298 ⁷⁵
796 3266 978 3335 λέγειν
1005 3264 1241 3335 Χριστὸν
1270 3263 1346 3333 τῷ
1372 3264 1552 3333 λέγειν
1572 3264 1725 3317 Θεόν.
1770 3265 1858 3317 Ἑν

1969 3281 2084 3318 rum
2111 3280 2275 3319 vero:
2305 3263 2482 3319 «Idem
2508 3274 2593 3319 est
2633 3263 2814 3318 dicere
2845 3263 3145 3328 Christum,
3180 3275 3344 3333 atque
3373 3266 3555 3321 dicere

272 3360 328 3414 δὲ
356 3360 437 3430 τῷ
471 3359 519 3430 β’
551 3358 699 3429 λόγῳ
742 3359 827 3413 ὃτι
872 3374 932 3412 τε
993 3356 1170 3427 μάτην
1219 3355 1539 3426 ἐλοιδορήθη
1592 3357 1859 3426 πειρᾶται

272 3453 575 3513 δεικνύναι,
601 3452 697 3505 καὶ
717 3451 798 3505 ὅτι
825 3450 908 3515 τὸ,
946 3469 962 3501 ι
986 3449 1348 3520 Ἀναϐήσεται
1370 3449 1416 3480 ⁷⁵
1450 3448 1643 3520 ῥάϐδος
1672 3450 1736 3502 ὲκ
1766 3451 1867 3517 τῆς

274 3545 433 3617 ῥίζης
479 3542 703 3606 Ἰεσσαὶ,
742 3560 760 3594 ι
798 3540 987 3604 κακῶς
1016 3542 1044 3594 6
1076 3540 1482 3611 Σκυθοπολίτης
1507 3540 1760 3611 Ἰωάννης
1785 3539 1871 3605 ἐξ·

273 3638 525 3692 ελάϐετο.
578 3637 668 3690 Ἐν
699 3635 757 3689 δὲ
797 3633 877 3703 τῷ
914 3641 963 3702 γ’
993 3635 1069 3697 ὼς
1111 3633 1277 3704 δῆθεν
1325 3634 1550 3705 συζητεῖ
1591 3635 1739 3698 ὅπως
1789 3632 1871 3685 δεῖ

272 3732 414 3785 νοεῖν
442 3729 529 3783 τόο
558 3747 579 3781 ε
603 3725 717 3781 Νῦν
730 3728 777 3760 ⁷⁸
811 3725 1074 3799 ἐδοξάσθη
1097 3727 1127 3780 6
1156 3726 1282 3789 Υἱὸς
1303 3726 1398 3780 τοῦ
1428 3724 1741 3796 ἀνθρώπου,
1771 3725 1869 3779 καὶ

271 3824 301 3876 6
329 3822 469 3885 Θεὸς
507 3818 771 3888 ἐδοξάσθη
802 3819 860 3873 ὲν
887 3817 1037 3888 αὐτῷ
1056 3857 1072 3882 ,
1114 3836 1135 3869 ι
1173 3817 1271 3871 καὶ
1296 3818 1367 3870 τὰ
1397 3816 1527 3886 ἑξῆς
1552 3817 1644 3870 τοῦ
1679 3816 1867 3887 ῥητοῦ.

286 3913 375 3965 Ἐν
396 3911 459 3965 δὲ
488 3910 568 3980 τῷ
599 3908 663 3973 δ’,
683 3908 800 3973 πῶς
830 3909 961 3962 ἴδιον
989 3907 1208 3977 λέγεται
1226 3909 1269 3940 ⁷⁷
1292 3908 1387 3961 τοῦ
1421 3907 1557 3960 Θεοῦ
1590 3907 1652 3960 τὸ
1679 3906 1865 3976 σῶμα,

274 4005 369 4058 καὶ
396 4004 532 4071 περὶ
560 4001 842 4065 ὲνώσεως,
870 4002 962 4054 καὶ
984 4002 1114 4071 περὶ
1140 4000 1235 4055 τοῦ
1260 4019 1278 4051 ι
1309 4000 1537 4071 Ἕχρισέ
1558 4017 1618 4053 σε
1643 4001 1672 4053 6
1699 3999 1830 4063 Θεὸς
1851 4039 1866 4064 ,

274 4099 304 4150 6
328 4097 467 4161 Θεός
484 4096 532 4127 ⁷⁸
569 4112 697 4160 σου,
729 4113 748 4146 ι
782 4096 879 4148 καὶ
906 4096 1035 4163 περὶ
1062 4092 1182 4158 τοῦ,
1218 4112 1236 4145 t
1260 4092 1404 4162 Ἐγὼ
1432 4091 1644 4161 ἁγιάζω
1695 4093 1870 4161 ἐμαυ-

277 4190 366 4242 τόν
390 4206 405 4218 ·
438 4207 459 4241 ›
488 4188 548 4242 ἐν
569 4178 615 4255 ᾧ
636 4186 782 4256 λόγῳ
805 4186 900 4238 καὶ
921 4186 949 4236 6
966 4185 1013 4215 ⁷⁹
1047 4185 1290 4253 Μαρῖνος
1317 4187 1417 4254 τῆς
1444 4184 1519 4246 ὼς
1544 4180 1706 4253 δῆθεν
1732 4183 1870 4235 ἀπο-

280 4280 411 4343 στὰς
440 4276 760 4346 ἀντιλογίας
800 4275 880 4346 τῷ
908 4275 1215 4346 Λαμπαδίῳ
1234 4273 1282 4305 ⁸ο
1313 4274 1643 4329 συντίθεται.
1688 4273 1778 4326 Ἑν
1808 4272 1867 4325 δὲ

278 4371 357 4441 τῷ
384 4368 425 4423 ε’
449 4411 466 4435 ,
497 4369 630 4423 ἔνθα
659 4368 752 4421 καὶ
800 4370 829 4421 6
857 4368 1131 4439 Ταράσιος
1159 4366 1517 4437 ἀναδέχεσθαι
1546 4364 1640 4419 τὸν
1678 4364 1867 4433 ἀγῶνα

281 4464 403 4516 ἀντὶ
428 4462 686 4532 Μαρίνου
717 4459 1116 4531 ὑποκρίνεται,
1156 4459 1257 4523 τὰς
1294 4460 1435 4513 κατὰ
1478 4458 1573 4512 τοῦ
1616 4457 1873 4511 Ἰωάννου

282 4554 622 4626 κατηγορίας
663 4552 1038 4623 ἀναλαμϐάνει
1087 4554 1446 4623 πικρότερον,
1502 4552 1601 4605 καὶ
1646 4552 1675 4605 6
1708 4550 1869 4618 λόγος

1969 3355 2194 3410 Deum.»
2219 3353 2339 3410 Jam
2369 3355 2616 3410 secundo
2657 3354 2795 3409 libro
2822 3364 3028 3409 temere
3046 3370 3104 3409 se
3131 3355 3382 3409 allectum
3414 3355 3552 3424 inju-

1968 3448 2048 3502 ria
2082 3447 2371 3501 ostendere
2397 3454 2659 3500 conatur:
2689 3454 2746 3500 et
2786 3444 2951 3499 illud:
2987 3461 3006 3495 ι
3046 3444 3370 3512 Egredietur
3403 3447 3554 3515 virga

1970 3538 2036 3592 de
2066 3536 2247 3591 radice
2272 3534 2439 3589 Jcssa:
2455 3535 2532 3588 ’.ι
2561 3532 2700 3589 Male
2744 3549 2774 3587 a
2801 3533 3178 3604 Scythopolita
3220 3530 3429 3586 Joanne
3464 3535 3548 3584 in-

1972 3630 2242 3686 tellectum
2282 3642 2423 3681 esse.
2460 3627 2646 3682 Tertio
2672 3626 2872 3681 deinde
2905 3627 3065 3693 libro,
3113 3626 3181 3680 de
3228 3625 3318 3679 illo
3345 3625 3556 3681 scilicet

1969 3722 2164 3794 quzerit
2193 3723 2334 3783 loco,
2362 3721 2633 3788 quomodo
2663 3720 3090 3791 intelligendus:
3134 3738 3153 3771 ι
3186 3717 3340 3772 Nunc
3384 3717 3554 3772 clari-

1969 3815 2167 3870 ﬁcatus
2186 3823 2271 3867 est
2299 3812 2471 3867 Filius
2506 3812 2765 3876 hominis,
2783 3822 2839 3865 et
2866 3810 3010 3866 Deus
3030 3811 3360 3865 clariﬁcatns
3391 3818 3474 3865 est
3499 3810 3553 3864 in

1970 3906 2062 3960 illo
2093 3906 2166 3971 ³,»
2205 3914 2259 3957 et
2287 3918 2407 3974 qua:
2431 3902 2503 3958 ibi
2533 3913 2855 3971 sequuntur.
2885 3901 3093 3968 Quarto
3126 3901 3287 3967 libro,
3311 3915 3550 3969 quomo-

1968 3999 2039 4055 do
2065 3999 2275 4053 dicatur
2302 3996 2580 4065 proprium
2610 4009 2731 4050 esse
2772 3993 2869 4051 Dei
2914 4008 3136 4063 corpus,
3168 4002 3283 4047 tum
3336 3995 3405 4048 de
3433 3992 3556 4047 uni-

1971 4102 2103 4157 tate,
2128 4092 2275 4146 etde
2303 4088 2423 4144 illo:
2458 4108 2476 4140 ι
2512 4086 2682 4143 Unxit
2726 4097 2780 4143 te
2815 4087 2957 4142 Deus
2988 4087 3183 4153 tuus‘;
3221 4096 3275 4140 et
3306 4085 3375 4141 de
3406 4086 3501 4141 illo
3537 4104 3552 4142 :

1975 4201 1994 4233 ι
2038 4182 2149 4250 Ego
2178 4180 2464 4235 sanctiﬁco
2496 4178 2824 4247 meipsum“.
2857 4195 2877 4228 ›
2912 4176 3029 4243 Quo
3063 4176 3116 4230 in
3146 4175 3287 4231 libro
3317 4174 3557 4228 Marinus

1970 4273 2376 4331 contradicendi
2409 4281 2592 4340 partes
2619 4270 2928 4337 relinquens
2959 4269 3189 4332 scilicet,
3246 4284 3367 4322 cum
3397 4266 3555 4320 Lam-

1971 4366 2131 4437 padio
2159 4364 2453 4421 consentit.
2483 4362 2684 4429 Quinto
2713 4376 2842 4417 vero
2891 4361 3053 4426 libro,
3082 4360 3173 4415 ubi
3208 4371 3263 4415 et
3297 4358 3557 4414 Tarasius

1970 4469 2247 4515 certamen
2280 4456 2467 4513 subire
2505 4453 2701 4508 Marini
2732 4454 2851 4508 loco
2881 4452 3141 4522 ﬁngitur,
3174 4450 3555 4505 accusationes

1969 4550 2198 4607 Joannis
2238 4549 2489 4605 acerbius
2550 4548 2806 4616 suscipit,
2838 4555 3095 4615 totusque
3124 4545 3261 4599 adeo
3312 4544 3449 4597 liber
3498 4540 3554 4595 in

282 4646 431 4716 αὒτῷ
485 4644 677 4715 σχεδόν
707 4661 765 4697 τι
794 4646 853 4697 ὲν
878 4630 1107 4707 ταύταις
1146 4643 1626 4699 καταναλίσκεται.
1687 4642 1777 4697 Ἐν
1810 4642 1858 4696 δὲ

1974 4643 2041 4698 iis
2082 4642 2197 4697 fere
2231 4639 2597 4697 consumitur.
2627 4637 2797 4693 Sexto
2827 4646 2939 4691 tum
2971 4636 3112 4691 libro
3168 4634 3549 4690 vehementius

282 4737 360 4806 τῷ
386 4745 441 4803 ς’
470 4736 805 4808 δριμύτερόν
833 4752 950 4800 πως
983 4736 1308 4806 κατατρέχει
1331 4735 1430 4802 τῆς
1459 4734 1607 4789 κατὰ
1628 4734 1869 4805 Χριστὸν

286 4830 377 4882 τὸν
406 4831 640 4901 Σωτῆρα
670 4828 829 4900 ἡμῶν
864 4830 1142 4892 ὲνώσεως·
1176 4830 1272 4881 καὶ
1301 4829 1431 4900 περὶ
1454 4828 1570 4894 τοῦ,
1610 4826 1873 4899 «Ἐχρισέ

292 4938 350 4973 σε
381 4924 410 4974 6
436 4922 573 4983 Θεὸς
599 4962 614 4986 ,
660 4923 689 4974 6
716 4921 847 4985 Θεός
882 4939 976 4975 σου
998 4962 1014 4986 ,
1054 4940 1073 4974 ι
1123 4922 1219 4974 καὶ
1264 4921 1415 4984 ὅπως
1453 4921 1488 4991 ἡ
1542 4919 1663 4973 κατ’
1709 4920 1873 4973 αὐτὸν

302 5014 597 5085 Ἐκκλησία
611 5015 739 5083 περί
759 5014 875 5080 τοῦ,
903 5033 921 5066 ι
949 5014 1258 5085 ἐσαρκώθη,
1291 5033 1309 5066 ι
1343 5012 1574 5078 δοξάζει.
1608 5012 1697 5065 Ἐν
1723 5011 1874 5080 δὲτῷ

292 5105 340 5175 η’
362 5109 485 5179 περὶ
510 5108 631 5161 τοῦ·
665 5129 683 5160 ι
706 5107 765 5162 '0
798 5110 969 5178 Λόγος
987 5110 1030 5141 δι
1068 5107 1206 5179 σὰρξ
1245 5107 1512 5176 ὲγὲνετο,ι
1541 5108 1620 5169 εἰς
1640 5106 1874 5168 ἀτοπίας

357 5288 377 5321 ¹
428 5289 445 5342 Ι
492 5288 642 5346 Petr.
688 5305 765 5355 tv,
812 5290 864 5344 1.
938 5291 1091 5348 'Isa.
1141 5306 1225 5354 ιι,
1272 5290 1325 5345 1.
1405 5288 1608 5346 'Joau.
1649 5306 1763 5356 xu,
1815 5288 1905 5343 51.

298 5368 342 5419 l,
410 5359 497 5414 14.

1974 4732 2140 4789 etiam
2211 4730 2483 4786 invehitur
2550 4729 2605 4784 in
2656 4729 2912 4783 unionem
2956 4725 3162 4783 Christi
3250 4724 3559 4781 Servatoris

1974 4825 2167 4881 nostri.
2222 4823 2371 4893 θεά
2417 4819 2495 4875 De
2550 4821 2643 4875 illo
2695 4834 2912 4891 quoque
2982 4818 3225 4889 disputat
3268 4835 3285 4876 :
3321 4836 3341 4871 ι
3395 4817 3561 4873 Unxit

1974 4927 2029 4973 te
2073 4916 2235 4979 Deus,
2281 4914 2424 4968 Deus
2470 4923 2637 4979 tuus;
2668 4931 2687 4963 ι
2739 4911 3011 4981 docetque
3068 4910 3199 4981 quid
3240 4908 3409 4979 ipsius
3455 4909 3559 4962 Ec-

1973 5004 2135 5059 clesia
2178 5009 2399 5057 censeat
2424 5001 2488 5055 de
2529 5000 2621 5056 illo
2656 5018 2669 5055 :
2708 5018 2727 5052 ι
2763 4999 2905 5055 Caro
2929 5000 3132 5056 factum
3160 4999 3306 5062 est“.
3339 5018 3359 5051 ι
3396 4998 3559 5052 Libro

1973 5108 2167 5155 octavo
2186 5096 2240 5150 in
2275 5096 2456 5149 varias
2474 5094 2842 5150 absurditates
2872 5094 3201 5165 praecipitat,
3220 5093 3349 5147 dum
3378 5092 3445 5145 de
3466 5090 3560 5145 illo

2017 5280 2216 5338 ‘Psal.
2275 5294 2503 5345 xxxxrv,
2530 5278 2585 5335 8.
2652 5275 2864 5334 I'Joan.
2926 5292 3078 5345 xm,
3135 5274 3223 5331 19.
3324 5275 3536 5328 σειοειι.

1572 5489 1803 5545 VARUE
1835 5486 2245 5546 LECTIONES.

380 5612 427 5645 ⁷³
458 5615 523 5668 ὲκ
555 5613 684 5669 add.
704 5614 779 5685 Α.
857 5614 899 5645 ⁷⁸
924 5614 1104 5685 Αδραμ.
1134 5613 1235 5685 ἤδη
1264 5614 1501 5685 ποιεῖται
1527 5632 1589 5685 ς.
1678 5614 1722 5645 ⁷¹
1746 5612 1823 5677 ώς
1852 5613 1899 5685 Λ
1920 5630 1934 5668 :
1961 5612 2141 5685 φήσας
2162 5612 2249 5685 ,ὡς
2282 5629 2343 5677 ς’.

2446 5612 2493 5643 ⁷⁸
2516 5611 2545 5664 ὁ
2571 5610 2697 5666 add.
2725 5610 2795 5664 A.
2820 5609 2930 5663 vid.
2958 5606 3151 5663 lPetr.
3188 5620 3264 5670 tv,
3291 5604 3343 5661 1.
3420 5605 3467 5639 ⁷⁵
3490 5606 3551 5659 τὸ

301 5696 402 5757 om.
431 5685 556 5757 ΑΒ
577 5682 939 5757 ἀναϐήσεται]
966 5676 1241 5757 ἰθείης-1.
1306 5684 1364 5757 A'ﬁ‘
1388 5684 1503 5757 νῦν]
1535 5676 1690 5757 Joan.
1712 5676 1833 5757 χιιι,
1868 5676 1994 5757 51(
2024 5676 2079 5716 ’⁷⁷
2111 5682 2328 5757 λέγεται
2358 5677 2498 5757 εἶναι
2524 5680 2654 5734 ίδιον
2688 5696 2749 5757 ςΣ
2777 5750 2791 5757 _
2825 5680 2871 5712 ⁷⁸
2900 5679 2929 5733 6
2954 5678 3087 5743 Θεὸς
3113 5676 3279 5737 semel
3308 5678 3458 5747 ponit
3484 5692 3550 5743 ς.

302 5753 407 5810 rid.
428 5754 573 5813 Psal.
604 5749 808 5825 uv,'8.
888 5749 938 5787 ’ί
957 5757 986 5809 ὀ
1011 5756 1132 5813 add.
1156 5754 1222 5812 A.
1298 5755 1345 5787 '°
1369 5749 1678 5829 Λαρῖπαδίιρ
1713 5755 1837 5812 add.
1862 5768 1940 5811 rc.
1968 5755 2035 5811 A.
2112 5756 2155 5787 ⁸³
2186 5749 2220 5807 ό
2243 5751 2439 5824 Λόγος]
2462 5750 2620 5809 Joau.
2657 5766 2695 5819 ι,
2727 5749 2817 5805 14.
