3942 6234
267 287 366 352 381

1153 293 1676 358 BIBLIOTHECA.
1699 325 1772 334 —-
1806 299 2020 361 CODD.
2061 302 2268 369 CVIII.
2307 303 2456 367 CIX.

3405 266 3511 373 382

268 405 368 474 μὲν
395 402 498 458 οὐκ
525 378 825 462 οἰκειοῦται
845 449 861 474 ,
907 409 1169 481 Διόδωρον
1203 411 1261 464 δὲ
1285 412 1381 465 καὶ
1411 413 1683 484 Θεόδωρον
1715 416 1835 466 sm-

1953 418 2079 469 rium
2109 426 2287 472 tamen
2335 419 2442 473 sibi
2482 433 2819 489 nequaquam
2851 418 3126 484 vindicat,
3161 420 3255 476 sed
3313 421 3510 479 Diodo-

266 493 544 563 γράφεται
595 496 867 566 Πατέρας.
915 499 1026 551 Καὶ
1075 500 1216 552 κατὰ
1271 503 1368 570 μὲν
1419 502 1512 555 τοῦ
1551 503 1839 556 θεσπεσίου

267 587 544 658 Κυρίλλου
570 589 650 651 είς
682 589 976 659 πρόσωπον
1002 589 1174 655 οὕτως
1203 593 1568 664 ἀναισχύντως
1591 595 1651 647 ού
1681 595 1844 666 βλασ-

267 681 479 747 φημείο
503 680 596 734 τὸν
629 679 813 749 μέντοι
842 697 908 751 γε
945 681 1199 752 Ἰωάννην
1219 727 1234 748 ,
1258 685 1381 737 καθ’
1411 679 1472 738 οὗ
1502 687 1601 755 τὴν
1623 687 1844 757 γραφὴν

266 770 602 840 ἐνεστήσατο
622 813 635 836 ,
659 771 849 841 μηδενὶ
877 771 1022 843 ἄλλῳ
1049 773 1165 827 ἀλλ’
1186 774 1219 846 ἢ
1243 777 1356 838 τοῖς
1387 776 1650 847 Κυρίλλου
1681 777 1845 844 φησὶν

264 865 642 935 ἐπερείδεσθαι
673 865 736 936 ιβ’
760 868 1099 936 κεφαλαίοις,
1124 868 1222 921 καὶ
1247 867 1326 938 τῷ
1353 868 1659 939 δωδεκάτῳ,
1688 872 1842 941 φησι,

269 957 512 1026 μάλιστα
535 997 550 1019 ,
570 956 600 1009 ὃ
629 957 956 1026 παρεισάγει
987 958 1088 1028 τὴν
1119 958 1446 1012 θεοπάθειαν
1469 978 1483 988 ·
1509 961 1567 1012 ὲν
1595 955 1676 1022 οἷς
1699 958 1847 1030 αὐτῷ

269 1050 365 1102 καὶ
393 1049 442 1081 ’θ
468 1051 572 1119 τῆς
604 1048 997 1118 ματαιοπονίας
1036 1049 1097 1102 τὸ
1147 1049 1320 1114 τέλος.
1365 1051 1438 1104 Τὸ
1465 1051 1522 1104 δὲ
1560 1051 1846 1122 σύνταγμα

265 1139 419 1211 αὐτῷ
447 1141 587 1212 πρὸς
616 1143 865 1195 Λεόντιον
885 1181 900 1205 ,
934 1140 1009 1204 ὡς
1038 1140 1248 1210 ἔφημεν
1267 1182 1282 1207 ,
1314 1144 1543 1213 ἐποιήθη
1565 1185 1580 1208 ,
1603 1144 1662 1198 ὃν
1689 1143 1848 1198 ὁσιώ-

262 1248 429 1286 τατον
458 1233 556 1286 καὶ
594 1232 1008 1302 θεοφιλέστατον
1044 1233 1140 1288 καὶ
1170 1235 1390 1305 Πατέρα
1423 1236 1807 1306 ἀποσεμνύνει.

982 1502 1116 1560 PH'.

268 1594 580 1662 Θεοδώρου
608 1593 972 1664 μογάζοντος
1028 1593 1468 1662 Ἀλεξανδρέως
1496 1588 1647 1664 κατᾲ
1677 1590 1848 1664 Θεμι-

334 1659 519 1718 στίου
568 1659 771 1732 λόγος.
816 1659 959 1718 Kal’
985 1659 1328 1733 Θεμιστίου
1371 1659 1666 1730 ἀπολογία
1697 1660 1850 1728 ὑπὲρ

335 1735 448 1789 τοῦ
493 1735 558 1788 ἐν
581 1735 771 1802 ἁγίοις
796 1736 1142 1803 Θεοφοϐίου.

349 1825 695 1897 ’Δνεγνώσθη
741 1825 1020 1898 Θεοδώρου
1071 1825 1391 1898 μονάζοντος
1453 1823 1847 1897 Ἀλεξανδρέως

266 1916 426 1971 κατά
466 1918 817 1987 Θεμιστίου,
845 1909 906 1970 οὗ
942 1920 978 1990 ἡ
999 1917 1300 1988 ἐπιγραφὴ,
1339 1915 1628 1987 (Ἔλεγχος
1677 1915 1754 1982 ὡς
1790 1918 1850 1968 ὲν

270 2010 527 2080 συντόμῳ
554 2010 651 2079 τῆς
690 2010 896 2064 ἀνωθεν
927 2010 1021 2062 καὶ
1055 2009 1116 2074 ἐξ
1161 2010 1339 2080 ἀρχῆς
1387 2011 1677 2081 Θεμιστίου
1707 2009 1851 2062 κατὰ

266 2100 380 2152 τῶν
430 2100 631 2170 ἡμῶνι
684 2101 940 2172 Πατέρων
988 2101 1294 2170 προπετοῦς
1351 2101 1450 2154 καὶ
1500 2101 1850 2172 ἀλογωτάτης

267 2190 611 2256 ἐπιστάσεως,
651 2191 716 2242 ἐκ
762 2190 1087 2260 προφάσεως
1124 2189 1220 2242 νῦν
1280 2192 1411 2260 ἡμῖν
1474 2191 1851 2261 πεπονημένος

271 2278 420 2350 [Ξ85
461 2279 530 2334 R.
567 2279 584 2351 j
617 2279 726 2332 τῶν
757 2280 1217 2351 προϐεϐλημένων
1249 2281 1341 2334 ὑπ’
1380 2281 1547 2335 αὑτοῦ
1577 2282 1717 2335 κατὰ
1749 2281 1850 2350 τῆς

271 2371 538 2440 ἀληθείας
568 2371 899 2443 ζητημάτων
932 2391 992 2426 τε
1027 2376 1122 2426 καὶ
1150 2372 1171 2445 [
1196 2374 1300 2428 154
1345 2374 1414 2430 Η.
1443 2375 1462 2445 ]
1498 2375 1847 2444 προτάσεων,

274 2465 371 2516 καὶ
395 2465 576 2534 σαφὴς
599 2465 966 2535 διευγρίνησις
983 2466 1081 2535 τῆς
1093 2465 1461 2537 προκειμένης
1485 2466 1812 2529 ὑποθέσεως.
1827 2487 1845 2516 ι

285 2557 350 2610 Ἦ
384 2558 486 2627 μὲν
517 2552 612 2609 οὖν
636 2557 918 2629 ἐπιγραφὴ
948 2558 1172 2628 τοιαύτη
1199 2557 1404 2628 βιϐλίον
1431 2558 1634 2628 μᾶλλον
1665 2560 1697 2628 ἢ
1733 2563 1852 2612 ὲπι-

283 2650 474 2719 γραφὴ
507 2648 713 2720 βιϐλίου
748 2651 1118 2720 τυγχάνουσα’
1145 2650 1312 2720 ἄμφω
1333 2651 1422 2718 δὲ,
1449 2652 1478 2704 ὃ
1495 2669 1554 2704 τε
1580 2651 1852 2722 Θεόδωρος

276 2741 368 2796 καὶ
407 2741 731 2811 Θεμίστιος,
763 2741 1029 2811 αἱρετικοὶ
1065 2741 1157 2793 καὶ
1185 2743 1283 2811 τῆς
1309 2741 1419 2796 τῶν
1467 2740 1851 2812 Θεοπασχιτῶν

277 2833 497 2902 μερίδος
528 2832 868 2902 ὑπάρχουσι,
915 2832 1140 2902 Σεϐήρῳ
1163 2834 1183 2864 ³
1215 2833 1735 2904 προσανακείμενοι.
1793 2832 1852 2885 '0

277 2925 464 2998 μέντοι
489 2924 779 2993 Θεμίστιος
802 2924 835 2993 ἦ
869 2922 1204 2994 Καλώνυμος
1231 2925 1249 2992 (
1274 2923 1592 2996 ἐξονομάζει
1623 2925 1731 2995 γὰρ
1757 2925 1853 2978 καὶ

276 3018 447 3080 οὕτως
475 3017 639 3079 αὐτὸς
671 3017 894 3087 ἑαυτὸν)
933 3020 1030 3070 καὶ
1059 3017 1156 3087 τῆς
1206 3015 1316 3070 τῶν
1355 3017 1643 3087 Ἀγνοῖτῶν
1667 3019 1687 3050 ³
1717 3035 1852 3088 προ-

1945 521 2063 559 rum
2094 506 2223 578 (56)
2279 519 2442 578 atque
2470 508 2807 564 Theodorum
2839 520 3022 580 patres
3049 511 3250 568 laudat.
3277 513 3343 568 Et
3372 531 3509 570 con-

1945 606 2025 650 tra
2053 598 2288 652 divinum
2319 601 2534 669 quidem
2577 600 2840 671 Cyrillum
2878 617 2988 656 non
3019 610 3126 657 tam
3167 604 3511 672 impudenter

1944 687 1998 741 in
2039 704 2134 743 eos
2188 689 2542 759 blasphemat.
2581 691 2836 746 Attamen
2894 690 3156 748 Joannem
3231 695 3405 759 hunc,
3456 697 3510 750 in

1942 794 2102 847 quem
2126 780 2319 851 stylum
2349 781 2600 844 strinxit,
2637 782 2726 836 alii
2757 793 3018 852 praeterea
3051 785 3182 840 nulli
3213 787 3330 853 rei,
3370 803 3512 857 prae-

1943 881 2189 941 terquam
2229 871 2416 941 Cyrilli
2462 874 2745 928 duodecim
2795 876 3063 945 capitibus
3104 878 3263 932 inniti
3322 879 3508 945 refert,

1945 978 2008 1019 ac
2055 964 2409 1028 duodecimo,
2455 965 2563 1027 ait,
2614 966 2882 1031 maxime,
2913 982 3020 1036 quo
3058 967 3224 1022 Deum
3267 967 3355 1023 ille
3381 985 3510 1039 pas-

1944 1068 2061 1107 sum
2116 1054 2533 1109 subintroducit.
2605 1055 2781 1126 Atque
2828 1057 2881 1110 in
2945 1058 3031 1112 his
3100 1057 3258 1113 linem
3313 1062 3512 1130 accipit

1945 1143 2148 1199 frnstra
2183 1144 2273 1198 ille
2308 1145 2376 1200 ab
2404 1159 2470 1200 eo
2517 1155 2802 1214 susceptus
2837 1146 3010 1202 labor.
3058 1147 3204 1218 Opus
3249 1165 3413 1214 vero,
3453 1163 3514 1205 ut

1945 1252 2106 1305 supra
2166 1237 2346 1292 dicere
2390 1237 2645 1303 memini,
2696 1237 2926 1292 Leontio
2972 1239 3189 1294 dedicat
3257 1241 3513 1304 cuidam.

1945 1343 2104 1397 quem
2167 1327 2606 1389 sanctissimum.
2669 1328 2888 1398 Deoque
2969 1329 3398 1398 charissimum,
3461 1340 3516 1386 et

1947 1419 2162 1475 Patrem
2197 1419 2479 1488 magniﬁce
2515 1420 2792 1488 praedicat.

2636 1509 2819 1566 CVIII.

1950 1601 2211 1656 Theodori
2237 1599 2488 1656 Monachi
2519 1599 2866 1723 Αιεωῖρὶάτὶηὶ
2889 1601 3150 1656 Aduersus
3173 1601 3515 1658 Themistium

2677 1688 2690 1723 ι
2729 1687 2805 1723 er.

2677 1687 2805 1724 ιυεν.

2093 1741 2365 1796 Themistii
2397 1742 2654 1810 Apologia
2680 1757 2775 1810 pro
2804 1750 2987 1796 sancto
3016 1740 3372 1810 Theophobio.

2019 1831 2220 1886 Lectus
2273 1841 2356 1887 est
2389 1830 2663 1888 Theodori
2708 1831 3064 1887 Alexandrini
3117 1833 3366 1886 monachi
3414 1833 3515 1885 ad-

1949 1940 2128 1978 versus
2179 1921 2519 1977 Themistium
2595 1922 2752 1990 liber,
2796 1922 2950 1992 cujus
3000 1923 3116 1978 haec
3175 1922 3457 1992 inscriptio
3497 1939 3512 1975 :

1947 2012 2266 2068 Confutatio
2322 2013 2539 2079 brevis,
2612 2027 2716 2080 qua
2764 2012 3065 2082 superioris
3115 2013 3373 2082 temporis
3420 2013 3516 2067 de-

1951 2121 2060 2160 nuo
2085 2107 2314 2174 repetita
2339 2105 2430 2158 illa
2465 2104 2749 2160 Themistii
2781 2114 2966 2157 contra
2993 2102 3179 2157 Patres
3227 2106 3516 2158 temeraria

1951 2198 2290 2266 maximeque
2334 2197 2565 2251 absurda
2614 2195 2894 2249 contentio
2933 2193 3200 2250 refellitur
3229 2212 3244 2249 :
3277 2209 3308 2249 a
3358 2194 3516 2250 nobis

1951 2303 2096 2343 nunc
2123 2288 2405 2342 elaborata
2426 2327 2442 2354 ,
2470 2287 2756 2341 occasione
2786 2284 3122 2352 objectarum
3151 2285 3218 2338 ab
3250 2286 3365 2353 ipso
3386 2300 3516 2338 con-

1953 2391 2031 2436 tra
2062 2382 2347 2436 veritatem
2387 2379 2787 2448 quaestionum,
2835 2387 2996 2446 atque
3041 2375 3511 2439 enuntiationum,

1950 2488 2070 2526 cum
2117 2470 2351 2525 dilucida
2384 2470 2747 2539 explicatione
2770 2467 2965 2533 objecti
2995 2468 3319 2536 argumenti.
3357 2486 3377 2520 ι
3411 2465 3517 2521 Ta-

1951 2563 2018 2617 lis
2045 2563 2135 2617 hic
2196 2561 2362 2630 igitur
2403 2560 2527 2615 libri
2554 2560 2781 2625 titulus,
2826 2569 2884 2612 ut
2913 2559 3047 2614 liber
3087 2558 3304 2627 potius,
3354 2574 3515 2627 quam

1953 2652 2138 2706 titulus
2160 2651 2281 2706 libri
2307 2649 2571 2705 videatur.
2599 2648 2837 2720 Uterque
2860 2666 2990 2706 vero
3017 2649 3335 2704 Theodorus
3363 2665 3517 2720 teque

1952 2760 2015 2799 ac
2047 2743 2412 2808 Themistius,
2463 2744 2702 2798 hreretici
2757 2755 2812 2797 et
2845 2743 3081 2812 partium
3135 2743 3365 2796 studiosi
3401 2741 3518 2796 fue-

1955 2842 2107 2897 runt,
2151 2845 2339 2885 eorum
2395 2832 2486 2900 qui
2553 2830 2894 2885 divinitatem
2945 2830 3078 2901 (57)
3137 2845 3352 2899 passam
3399 2847 3520 2886 esse

1953 2931 2305 2987 asseverant,
2373 2921 2581 2976 Severo
2638 2922 2896 2976 nimirum
2959 2921 3183 2977 addicti.
3250 2922 3518 2978 Caeterum

1953 3010 2314 3076 Themistius,
2339 3010 2454 3066 sive
2480 3009 2807 3080 Calonymus
2849 3009 2989 3082 (hoc
3019 3011 3162 3064 enim
3192 3009 3294 3065 sibi
3321 3024 3520 3078 cogno—

279 3109 478 3181 στάτης
525 3111 676 3163 ἐστὶν
707 3111 1002 3180 αἱρέσεως,
1038 3111 1134 3164 καὶ
1167 3111 1324 3178 λόγον
1355 3111 1494 3179 ὑπὲρ
1533 3112 1632 3180 τῆς
1662 3109 1846 3164 τοιαύ-

1953 3117 2189 3158 mentum
2237 3118 2453 3172 quoque
2484 3101 2728 3172 addidit)
2783 3104 2948 3158 etiam
3003 3103 3370 3171 Agnoetarum
3401 3099 3514 3172 (58)

275 3218 369 3272 της
393 3202 554 3254 νόσου
577 3201 932 3272 συνέγραψεν,
951 3201 1010 3254 ὃν
1033 3200 1314 3272 ἐπέγραψε
1330 3202 1727 3269 «Καλωγύμου
1745 3200 1851 3254 τοῦ

276 3293 368 3346 καὶ
387 3283 690 3360 Θεςίοίλου
707 3293 1001 3363 ἀπολογία
1019 3293 1174 3360 ὑπὲρ
1198 3293 1304 3348 τοῦ
1333 3293 1403 3346 ἐν
1419 3293 1608 3362 ἁγίοις
1637 3295 1852 3360 Θεοφο-

276 3385 427 3451 6ίου,
477 3388 536 3439 ὲν
556 3379 603 3453 ᾧ
622 3385 715 3438 καὶ
745 3384 983 3456 Σεϐήρου
1015 3424 1030 3449 ,
1075 3377 1119 3451 ᾧ
1137 3384 1559 3454 προσανάκειται
1583 3383 1851 3455 (τοιοῦτον

275 3479 382 3551 γὰρ
413 3479 480 3532 τδ
522 3477 719 3547 ψεῦδος
764 3477 858 3531 καὶ
892 3479 940 3530 οἱ
973 3477 1204 3548 ἐρασταὶ
1249 3476 1346 3529 τοῦ
1375 3477 1665 3547 ψεύδους),
1713 3475 1847 3529 καθ⁴

275 3573 527 3626 ἅπτεται.
547 3568 790 3633 Εύθύνας
805 3570 862 3622 δὲ
882 3569 939 3620 ὲν
963 3568 1098 3639 τῷδε
1118 3570 1195 3638 τῷ
1216 3568 1358 3639 λόγῳ
1375 3567 1524 3636 παρὰ
1540 3569 1561 3600 ι
1575 3565 1850 3636 Θεοδώρου

275 3662 670 3732 εἰσπράττεται
690 3675 706 3689 ⁸
736 3659 804 3712 τά
834 3660 942 3729 γάρ
967 3677 1050 3713 τοι
1092 3659 1186 3713 τοῦ
1229 3658 1522 3729 Θεμιστίου
1569 3659 1850 3728 ἐπιχειρή-

278 3769 422 3820 ματα
451 3751 698 3818 τέσσαρα
733 3749 830 3820 μὲν
863 3748 991 3802 ὄντα
1010 3792 1023 3811 ,
1052 3751 1151 3820 τὴν
1183 3748 1407 3817 ἄγνοιαν
1439 3746 1496 3800 δὲ
1522 3789 1538 3812 ,
1570 3747 1644 3808 ὼς
1682 3745 1847 3816 ᾤετο,

274 3843 365 3894 ἐπὶ
409 3838 658 3910 Χριστοῦ
706 3837 1223 3902 κατασκευάζοντα,
1270 3835 1394 3889 καθ’
1431 3835 1490 3887 ἒν
1518 3821 1548 3887 ό
1575 3834 1848 3904 Θεόδωρος

275 3933 585 4002 ταξάμενος
603 3969 620 3994 ,
650 3929 881 3995 ἕκαστος
915 3930 1139 4000 μυρίαις
1163 3929 1416 3991 ἀτοπίαις
1434 3927 1724 3998 ἐχόμενον⁵
1741 3926 1850 3979 δεί-

275 4039 486 4075 κνυσιν.
524 4018 662 4074 Εἶτα
706 4020 868 4073 πάλιν
907 4022 936 4072 ὁ
968 4021 1289 4090 Θεμίστιος,
1324 4019 1512 4090 ὥσπερ
1541 4020 1640 4090 τὴν
1678 4012 1849 4089 ἧτταν

274 4112 719 4181 ἀνακαλούμενος
743 4151 758 4177 ,
791 4115 932 4164 κατὰ
964 4110 1242 4182 Θεοδώρου
1274 4110 1588 4179 μονόϐιϐλον
1618 4110 1845 4180 ἔγραψε.

279 4208 383 4261 Καὶ
413 4207 444 4260 ό
466 4206 752 4274 Θεόδωρος
783 4204 942 4256 πάλιν
967 4205 1026 4256 ὲν
1054 4203 1202 4274 τρισὶ
1225 4203 1415 4273 τόμοις
1442 4205 1570 4266 τοὺς
1603 4201 1723 4256 κατ’
1753 4203 1848 4254 αὑ-

275 4296 366 4350 τοῦ
411 4297 677 4366 ἐλέγχους
723 4295 1277 4362 ἀποσκευασάμενος,
1327 4295 1425 4364 τὴν
1477 4293 1683 4347 οἰκείαν
1727 4294 1849 4345 ὲπὶθ

277 4385 449 4457 τούτῳ
479 4385 644 4451 δόξαν
689 4385 863 4456 ἀληθῆ
910 4387 1313 4456 παρεστήσατο.
1365 4385 1522 4438 Ἔστι
1561 4385 1617 4437 δὲ
1646 4384 1850 4438 τούτων

280 4476 533 4546 ἑκάτερος
567 4475 665 4528 τοῦ
696 4493 756 4529 τε
786 4476 1118 4546 συγγράφειν
1146 4477 1246 4528 οὐκ
1275 4474 1520 4547 ἀπείρως
1549 4474 1687 4545 ἔχων
1713 4515 1726 4539 ,
1756 4476 1851 4528 καὶ

281 4567 339 4620 τὸ
368 4567 541 4636 σαφὲς
565 4567 709 4637 μετά
742 4567 836 4620 τοῦ
871 4569 1122 4621 συντόνου
1169 4567 1265 4620 καὶ
1303 4566 1398 4620 τοῦ
1451 4565 1850 4637 καθεστηκότος

284 4658 338 4710 ὲν
367 4659 550 4728 λόγοις
580 4658 792 4713 διώκων
811 4659 854 4714 ⁷.

997 4752 1121 4806 ΡΘ’.

281 4841 631 4912 Κλήμεντος
685 4841 1138 4911 Ἀλεξανδρείας
1193 4841 1600 4910 πρεσϐυτέρου
1618 4839 1850 4906 βιϐλία.

360 4934 703 5007 Ἀνεγνώσθη
767 4935 1084 5006 Κλήμεντος
1150 4933 1544 5003 Ἀλεξανδρέως
1604 4931 1848 5002 πρεσϐυ-

1952 3204 2115 3248 sectae
2145 3201 2308 3262 caput
2354 3191 2504 3246 fuit:
2539 3191 2605 3246 de
2654 3206 2760 3262 qua
2812 3201 2865 3247 et
2919 3191 3115 3246 librum
3153 3191 3512 3260 conscripsit,

1953 3281 2108 3336 aﬂixo
2153 3281 2307 3336 titulo
2339 3297 2354 3334 :
2387 3279 2658 3350 Colonymi
2689 3297 2780 3334 seu
2844 3279 3116 3334 Themistii
3141 3279 3384 3351 apologia
3421 3297 3516 3350 pro

1950 3385 2132 3431 sancto
2168 3373 2496 3442 Tlteophobio
2524 3372 2684 3444 (59).
2706 3371 2824 3438 Quo
2847 3373 2899 3427 in
2929 3373 3066 3428 libro
3100 3374 3274 3442 ipsum
3305 3386 3521 3444 quoque

1952 3469 2248 3532 Severum,
2291 3465 2378 3520 cui
2458 3475 2636 3518 tamen
2676 3465 2924 3520 addictus
2975 3465 3296 3534 erat,(tanta
3327 3475 3408 3520 est
3436 3467 3519 3522 vis

1951 3557 2205 3612 falsitatis
2226 3597 2242 3622 ,
2276 3555 2380 3610 tale
2401 3565 2456 3610 et
2486 3557 2754 3611 mendacii
2780 3564 3025 3611 amantes
3049 3554 3068 3625 )
3103 3556 3473 3626 perstringens
3499 3596 3518 3622 ,

1951 3649 2221 3702 dictorum
2280 3662 2310 3700 a
2352 3645 2644 3700 Theodoro
2716 3646 2955 3699 rationes
3002 3645 3190 3716 exigit.
3232 3643 3515 3700 Themistii

1951 3739 2098 3795 enim
2124 3745 2361 3808 quatuor
2395 3746 2713 3806 argumenta
2738 3736 2827 3790 illa
2847 3775 2863 3802 ,
2887 3736 3086 3804 quibus
3136 3753 3196 3791 se
3238 3738 3514 3793 inscitiam

1952 3832 2005 3885 in
2039 3831 2258 3886 Christo
2305 3829 2565 3898 probasse
2609 3829 2998 3895 arbitrabatur,
3050 3827 3369 3884 Theodorus
3399 3830 3516 3883 sin-

1949 3923 2172 3994 gulatim
2209 3923 2518 3990 expendens
2561 3931 2726 3992 atque
2775 3923 3083 3990 aestimans,
3147 3924 3354 3994 singula
3390 3937 3516 3979 sex-

1950 4023 2108 4069 centa
2153 4013 2439 4082 continere
2485 4012 2724 4067 absurda
2781 4013 3044 4068 ostendit.
3105 4013 3244 4069 Hinc
3298 4029 3514 4071 rursum

1950 4102 2285 4158 Themistius
2314 4119 2328 4155 :
2359 4110 2640 4170 acceptam
2666 4103 2831 4156 veluti
2858 4102 3066 4158 cladem
3098 4118 3377 4172 reparans,
3403 4106 3517 4161 sin-

1951 4195 2195 4264 gularem
2223 4193 2422 4247 librum
2455 4193 2508 4246 in
2561 4190 2909 4249 Theodorum
2944 4197 3292 4264 conscripsit.
3334 4193 3514 4251 Theo-

1950 4283 2116 4337 dorus
2161 4291 2351 4335 autem
2407 4281 2578 4335 tribus
2608 4281 2850 4336 vicissim
2888 4282 3076 4345 libris.
3117 4295 3173 4338 et
3209 4285 3369 4354 89a
3397 4300 3515 4355 qua:

1951 4374 2039 4428 ille
2069 4372 2520 4443 reprehenderat,
2547 4372 2782 4441 refutat,
2809 4383 2864 4441 et
2892 4388 3044 4428 suam
3087 4375 3153 4429 de
3196 4379 3295 4430 hac
3328 4392 3385 4431 re
3418 4392 3508 4430 vc-

1954 4480 2068 4520 ram
2139 4463 2451 4534 opinionem
2522 4463 2761 4532 exponit.
2802 4463 3040 4534 Uterque
3081 4465 3350 4520 scribendi
3405 4481 3511 4519 non

1953 4555 2272 4625 imperitus,
2317 4553 2761 4622 perspicuitatem
2810 4554 2986 4610 solida
3018 4569 3140 4609 cum
3176 4555 3516 4610 vehementia

1951 4650 2008 4705 in
2036 4649 2264 4704 dicendo
2294 4655 2537 4703 sectatus
2574 4660 2680 4704 est.

2670 4739 2802 4795 CIX.

2120 4831 2404 4888 Clementis
2431 4830 2786 4885 Alexandrini
2817 4830 3112 4901 presbyteri
3140 4831 3372 4902 Scripta.

2026 4923 2192 4979 Lecta
2221 4933 2347 4978 sunt
2378 4922 2677 4977 Clementis
2701 4922 2814 4994 (59)
2842 4923 3192 4980 Alexandrini
3218 4927 3515 4997 presbyteri

1550 5023 1783 5079 VARIAE
1823 5016 2226 5076 LECTIONES.

348 5121 394 5153 "
425 5121 523 5174 καὶ
547 5133 762 5187 om.pr.
805 5119 871 5172 A.
973 5120 992 5150 ί

1028 5119 1188 5187 ἡμῶν
1222 5118 1344 5172 add.
1387 5117 1450 5171 A.

282 5191 404 5261 περί
435 5209 498 5254 ς.
574 5191 596 5221 ⁵
627 5191 862 5259 ἐχόμενα
893 5187 958 5242 Α.

1032 5189 1474 5251 ⁸ὲπίΑεὲνς.

1552 5118 1574 5146 ¹
1605 5127 1724 5183 post
1760 5113 1985 5182 Σεϐηρῳ
2029 5125 2151 5164 cum
2192 5107 2239 5162 Α
2287 5108 2446 5162 omisi
2483 5105 2561 5162 δέ.

1548 5187 1568 5217 '-"
1595 5185 1809 5238 διώκων
1831 5186 1890 5235 ὲν
1920 5183 2098 5254 λόγρις
2125 5195 2186 5242 ς.

2663 5109 2685 5139 ³
2711 5108 2992 5180 ἀγνοητῶν
3028 5108 3096 5164 Δ.
3191 5109 3215 5142 ⁵
3247 5110 3398 5179 παρά
3450 5111 3515 5163 Δ.

1783 5273 2012 5330 NOTAE.

347 5375 484 5448 (5_6)
521 5372 623 5427 llic
653 5373 967 5438 Tarsensis,
995 5387 1228 5442 sequens
1253 5373 1590 5443 Mopsuestia:
1633 5369 1845 5439 episco-

314 5446 376 5500 us
403 5446 532 5498 fuit.

277 5461 915 5586 Ρυῗῦειῖιϊιιθορεεοῂὶιιε
947 5526 978 5586 a_
1011 5511 1214 5586 Graecis
1247 5512 1519 5586 appellati.
1563 5509 1706 5586 yide
1747 5509 1844 5565 Ni-

278 5581 562 5654 ωρὶιζιῑρ.
593 5581 730 5636 mu
758 5581 1028 5654 historia:
1061 5582 1372 5654 lict-lesiasl.
1404 5598 1524 5652 cap.
1561 5581 1651 5654 51Δῗ

349 5650 461 5724 (58)
493 5651 724 5720 Niceph.
756 5653 851 5724 lib.
885 5666 1022 5724 _x_vm
1076 5651 1280 5724 Eccles.
1317 5652 1439 5706 hist.
1471 5650 1590 5720 cap.
1621 5650 1712 5724 50,
1733 5664 1839 5724 non

280 5721 610 5779 Themistius
642 5724 729 5775 hic
759 5721 861 5775 sub
884 5721 1104 5776 Valente
1137 5723 1486 5790 philosophus
1507 5761 1523 5785 ,
1553 5723 1644 5774 sed
1666 5722 1842 5788 potius

283 5793 520 5852 Cononis
545 5793 637 5850 ille
673 5793 730 5848 in
762 5794 1121 5862 oppugnando
1145 5792 1444 5862 Pbilopouo
1479 5792 1662 5848 socius
1691 5792 1836 5846 vide-

1955 5378 2063 5432 tur,
2102 5361 2256 5432 cujus
2294 5363 2667 5434 sup.__mentio
2710 5364 2837 5434 cod.
2878 5364 2970 5418 23.
3012 5367 3058 5416 A
3106 5379 3212 5433 quo
3255 5365 3512 5434 Agnoetae

1951 5429 2215 5504 primum,
2240 5429 2750 5504 post’Theinistiani
2788 5433 2941 5498 dicti,
2979 5443 3038 5488 ut
3067 5429 3144 5488 aii
3180 5429 3369 5490 beatus
3413 5436 3515 5491 Da-

1961 5518 2132 5560 inasc.
2163 5501 2256 5554 lib.
2291 5501 2365 5554 De
2394 5501 2702 5556 hmresibus.

2023 5571 2316 5644 (59)_Lege
2351 5569 2554 5644 _Ba_ron.
2587 5575 2737 5644 card.
2778 5572 2973 5625 Annal.
3013 5584 3143 5644 tom.
3180 5574 3243 5640 ll,
3287 5583 3340 5631 et
3379 5577 3514 5633 edit.

1949 5640 2650 5769 Lit'ttxgenmilierveti,
2693 5640 2964 5711 Notusque
3030 5643 3086 5700 in
3138 5645 3515 5704 Germanicam

1949 5731 2034 5769 eu
2061 5750 2076 5766 .

1947 5725 2076 5771 eutt.
