3942 6234
426 276 533 342 383

1590 271 1858 336 PHOTII
1892 264 2398 332 PATRIARCHIE
2419 263 2530 326 CP.

3581 249 3696 319 384

425 389 528 442 tria
575 385 841 443 librorum
892 384 1189 451 volumina,
1245 397 1475 454 quorum
1517 386 1681 438 unius
1724 381 2010 452 inscriptio

2118 377 2271 448 τέρου
2309 372 2479 444 τεύχη
2527 369 2748 442 βιϐλίων
2796 369 2948 441 τρία,
2999 358 3079 423 ὧν
3105 365 3170 421 τὸ
3219 363 3324 438 μὲν
3371 363 3696 437 ἐπιγραφὴν

423 487 527 544 est,
562 476 951 549 Hypotyposes;
983 474 1231 538 alterius,
1261 471 1638 535 Stromateus;
1687 469 1833 524 tertii
1873 482 2003 522 vero

2118 469 2296 540 ἔλαχεν
2344 463 2814 529 Ὑποτυπώσεις,
2860 461 2922 516 τὸ
2965 460 3023 516 δὲ
3069 457 3481 532 Στρωματεὺς,
3532 457 3597 510 τὸ
3637 455 3698 509 δὲ

426 567 783 637 Paedagogus.

575 656 1006 729 Hypotyposeon,
1035 656 1137 710 sive
1154 653 1571 724 Dispositionum
1603 651 1724 706 libri
1749 667 1867 705 vm.

499 749 873 824 llypotyposes
923 748 1140 817 quidem
1212 746 1658 816 disceptationem
1725 746 2009 798 continent

2105 560 2486 632 Παιδαγωγός
2515 559 2556 614 ⁸.

2453 650 2923 707 Ὑποτυπώσεων
2973 649 3143 718 τόμοι
3180 643 3354 700 ὀκτώ.

2183 750 2248 803 Αἱ
2279 747 2378 818 μὲν
2409 741 2502 801 οὖν
2526 743 2964 808 ’Υποτυπώσεις
2983 734 3562 809 διαλαμϐάνουσιπερὶ
3593 735 3698 804 ρη-

426 822 666 893 locorum
693 838 896 907 aliquot
942 835 1149 890 Veteris
1189 833 1432 905 Novique
1477 834 1836 898 Testameuti,
1887 847 2009 900 qua

2118 842 2216 895 τῶν
2247 857 2410 894 τινων
2429 838 2532 910 τῆς
2561 855 2621 892 τε
2649 836 2890 899 Παλαιᾶς
2919 833 3015 888 καὶ
3043 833 3190 896 Νέας
3212 831 3461 903 Γραφῆς.
3497 822 3574 883 ὧν
3595 826 3696 881 καὶ

425 931 588 985 etiam
631 929 944 986 summatim
987 929 1262 994 explicat,
1309 937 1365 982 et
1416 926 1837 994 interpretatur.
1892 924 2006 978 Etsi

427 1033 607 1074 autem
640 1030 787 1074 recte
815 1019 868 1072 in
898 1019 1220 1087 quibusdam
1267 1018 1475 1073 sentire
1503 1017 1654 1070 visus
1675 1026 1778 1083 est,
1811 1017 1862 1070 in
1888 1014 2010 1068 aliis

426 1127 615 1166 rursus
643 1111 804 1181 impie
839 1112 1065 1166 omnino
1117 1109 1473 1179 fabuloseque
1519 1108 1758 1162 disserit.
1802 1107 2013 1162 Asserit

424 1205 568 1259 ettim
596 1204 882 1258 materiam
923 1215 1193 1257 aztcrnam
1223 1216 1372 1266 esse,
1401 1211 1456 1256 et
1492 1201 1642 1256 ideas
1665 1199 1827 1253 veluti
1850 1199 2014 1254 certis

426 1295 661 1350 decretis
688 1294 864 1350 induci
894 1293 1065 1364 lingit.
1097 1292 1288 1347 Filium
1330 1307 1542 1362 quoque
1577 1292 1628 1345 in
1669 1291 1831 1346 rebus
1856 1305 2012 1345 crea-

429 1387 498 1440 tis
539 1395 813 1440 numerat.
861 1385 1066 1440 Adhaec
1109 1385 1413 1439 animarum
1448 1383 1820 1452 migrationes,
1873 1381 2014 1437 mul-

428 1487 618 1547 tosque
649 1487 774 1532 ante
801 1477 1064 1532 Adamqu
1092 1476 1324 1531 mundos
1351 1475 1661 1546 prodigiose
1699 1474 2017 1529 comminis-

427 1574 594 1627 citur.
628 1571 794 1626 Evam
821 1579 1110 1642 prwterca,
1141 1585 1206 1626 ex
1237 1571 1470 1634 Adamo,
1501 1586 1606 1624 non
1636 1579 1696 1622 ut
1719 1569 1861 1624 sacri
1885 1565 2012 1622 libri

2110 931 2501 1003 κεφαλαιωδῶς
2544 931 2622 996 ὡς
2664 929 2828 1002 δῆθεν
2859 925 3121 998 έξήγησίν
3153 941 3214 978 τε
3255 923 3351 976 καὶ⁵
3391 919 3696 992 ἑρμηνείαν

2113 1026 2372 1079 ποιεῖται.
2406 1022 2520 1077 Καὶ
2550 1023 2608 1075 ὲν
2639 1021 2752 1074 τισὶ⁵
2786 1019 2886 1091 μὲν
2908 1018 3088 1072 αὐτῶν
3111 1013 3288 1089 ὀρθῶς
3308 1015 3460 1068 δοκεῖ
3487 1012 3695 1081 λέγειν,

2113 1121 2172 1174 ἐν
2200 1119 2311 1174 τισὶ
2334 1117 2391 1171 δὲ
2415 1113 2697 1180 παντελῶς
2721 1115 2802 1178 είς
2829 1112 3047 1174 ἀσεϐεῖς
3071 1110 3167 1164 καὶ
3199 1106 3467 1180 μυθώδεις
3500 1105 3696 1174 λόγους

2115 1209 2432 1280 ἐκφέρεται.
2451 1208 2628 1279 ’Υλην
2655 1223 2717 1260 τε
2756 1205 2871 1277 γὰρ
2899 1205 3127 1276 ἄχρονον
3171 1199 3268 1254 καὶ
3301 1198 3448 1262 ἰδέας
3475 1197 3553 1260 ὡς
3581 1195 3697 1250 άτοό

2113 1320 2278 1356 τινων
2309 1300 2490 1374 ῥητῶν
2518 1297 2882 1370 εἰσαγομένας
2919 1294 3156 1361 δοξάζει,
3203 1291 3298 1347 καὶ
3326 1290 3418 1344 τὸν
3452 1289 3585 1344 Υίδν
3612 1289 3696 1352 είς

2115 1392 2323 1464 κτίσμα
2347 1390 2602 1460 κατάγει.
2637 1389 2761 1444 Ἔτι
2787 1388 2846 1443 δὲ
2887 1383 3310 1458 μετεμψυχώσει
3340 1381 3436 1436 καὶ
3461 1380 3699 1446 πολλοὺς

2116 1484 2226 1554 πρὸ
2265 1483 2358 1538 τοῦ
2418 1483 2590 1552 Ἀδὰμ
2647 1481 2887 1552 κόσμους
2915 1477 3312 1550 τερατεύεται·
3356 1474 3453 1529 καὶ
3491 1474 3556 1528 ὲκ
3597 1470 3698 1525 τοῦ

2129 1577 2304 1648 Ἀδὰμ
2347 1575 2450 1649 τὴν
2494 1574 2675 1638 Εὕαν,
2720 1574 2821 1645 οὐχ
2853 1572 2935 1637 ὼς
2972 1573 3001 1626 6
3038 1567 3494 1641 έκκλησιαστικδς
3534 1565 3700 1636 λόγος

430 1665 672 1729 tradunt,
717 1663 811 1718 sed
845 1662 1082 1718 obscene
1129 1673 1293 1731 atque
1327 1661 1492 1731 impie
1531 1661 1732 1715 educit.
1782 1659 2011 1742 Angelos

2121 1670 2386 1743 βούλεται,
2435 1667 2555 1723 ἀλλ’
2582 1665 2826 1738 αἰσχρῶς
2861 1680 2923 1718 τε
2955 1663 3050 1718 καὶ
3075 1661 3253 1725 ἀθέως
3295 1656 3658 1728 ἀποφαίνεται
3680 1670 3698 1686 °

430 1771 673 1826 quoque,
702 1772 823 1809 cum
853 1755 1068 1810 feminis
1093 1753 1653 1824 congressos,liberos
1670 1753 1794 1808 inde
1816 1734 2011 1807 sustu-

2118 1734 2406 1835 μίγνυσθαί
2433 1777 2493 1814 τε
2515 1761 2643 1825 τοὺς
2675 1734 2943 1829 άγγέλους
2969 1755 3187 1823 γυναιξὶ
3221 1753 3319 1808 καὶ
3357 1749 3702 1806 παιδοποιεῖν

429 1847 559 1902 lisse
587 1847 843 1902 somniat.
877 1845 1018 1914 Quin
1043 1858 1096 1901 et
1125 1847 1355 1901 Verbum
1388 1860 1607 1899 carnem
1641 1860 1744 1900 non
1772 1859 1890 1899 esse
1915 1842 2002 1898 fa-

426 1948 598 2003 ctum,
630 1939 725 1993 sed
771 1937 846 1993 ita
895 1938 1074 1992 visum
1110 1938 1394 1991 duntaxat.
1439 1936 1552 1991 Duo
1583 1936 1648 1991 ad
1692 1935 1806 1992 hmc
1835 1933 2012 1990 Patris

431 2029 606 2085 Verba
644 2030 874 2086 ﬁnxisse
911 2030 1360 2100 deprehenditur,
1385 2044 1614 2098 quorum
1652 2028 1831 2083 minus
1861 2041 2010 2081 mor-

427 2123 627 2180 talibus
678 2124 752 2179 sit
783 2124 981 2179 visum.
1024 2123 1139 2177 lmo
1184 2137 1247 2177 ne
1279 2123 1379 2175 hoc
1428 2121 1681 2190 quidem;
1742 2121 1823 2175 sic
1864 2121 2010 2174 enim

426 2215 658 2270 scribit:
689 2234 708 2268 ι
742 2214 949 2269 Dicitur
986 2214 1206 2279 quidem
1255 2221 1310 2268 et
1343 2212 1518 2268 Filius
1561 2211 1798 2268 Verbum
1841 2213 2013 2281 requi-

431 2323 566 2364 voce
589 2325 710 2363 cum
751 2307 936 2363 Patrio
973 2306 1175 2364 Verbo.
1222 2305 1422 2360 Verum
1449 2304 1566 2378 (60)
1597 2319 1772 2376 neque
1807 2305 1910 2360 hoc
1943 2304 2012 2359 il-

425 2400 516 2454 lud
554 2399 790 2455 Verbum
818 2409 928 2464 est,
962 2401 1105 2469 quod
1132 2414 1261 2456 caro
1288 2399 1490 2453 factum
1521 2407 1627 2461 est,
1659 2411 1832 2466 neque
1847 2397 2012 2450 etiam

427 2490 669 2546 Patrium
702 2491 834 2547 illud
863 2490 1099 2545 Verbum
1137 2508 1150 2545 :
1179 2492 1272 2545 sed
1307 2491 1386 2543 vis
1414 2490 1659 2559 quaadam
1683 2503 1748 2543 ac
1769 2497 2013 2556 potestas

427 2583 542 2649 Dei,
574 2597 833 2656 tanquam
861 2600 892 2640 a
919 2583 1099 2639 Verbo
1128 2585 1246 2656 ipso
1267 2581 1562 2652 profluens,
1597 2596 1750 2634 mens
1793 2579 2010 2646 effecta,

427 2675 708 2731 hominum
751 2677 965 2731 animos
1011 2675 1268 2743 pervasit.
1316 2691 1336 2724 ι
1381 2672 1512 2739 Quae
1563 2672 1778 2743 quidem
1829 2671 2011 2726 omnia

426 2782 596 2822 sacrae
616 2767 914 2839 Scriptum
935 2766 1261 2822 testimoniis
1282 2766 1489 2834 aliquot
1516 2777 1764 2819 aStruere
1786 2763 2006 2818 nititur.

427 2860 748 2930 Quanquam
780 2867 836 2915 et
865 2859 967 2913 alia
995 2859 1048 2912 id
1078 2873 1249 2930 genus
1267 2866 1525 2912 sexcenta
1544 2856 1854 2924 blaSphema
1881 2868 2010 2909 voce

429 2961 684 3024 nugatur,
715 2967 810 3006 seu
845 2951 982 3023 ipse,
1023 2951 1137 3008 sive
1166 2950 1288 3020 quis
1325 2949 1465 3004 alius
1494 2948 1632 3020 (61),
1664 2947 1783 3018 ejus
1823 2962 2012 3018 perso-

2111 1853 2172 1920 ἐξ
2194 1853 2374 1908 αὐτῶν
2402 1849 2756 1925 ὀνειροπολεῖ,
2792 1849 2887 1905 καὶ⁵
2908 1848 2982 1921 μὴ
3008 1843 3466 1919 σαρκωθῆναιτὸν
3491 1841 3691 1910 Λόγον,

2112 1945 2251 2000 ἀλλὰ
2277 1944 2447 2012 δόξαι.
2483 1943 2692 2014 Λόγους
2726 1959 2786 1996 τε
2824 1941 2921 1997 τοῦ
2952 1939 3170 2012 Πατρδς
3203 1937 3298 1994 δύο
3320 1933 3701 2009 τερατολογῶν

2113 2036 2498 2107 ἁπελέγχεται,
2532 2028 2608 2090 ὧν
2650 2035 2744 2089 τδν
2783 2035 2986 2106 ἥττονα
3020 2034 3136 2097 τοῖς
3163 2033 3185 2066 ⁹
3228 2028 3537 2098 ἀνθρώποις
3581 2029 3704 2079 ἑπι-

2113 2128 2368 2197 φανῆναι,
2401 2124 2673 2196 μᾶλλονδὲ
2702 2123 2825 2178 οὐδὲ
2854 2123 3082 2176 ἐκεῖνον’
3109 2120 3246 2193 φησῖ⁷
3264 2121 3394 2190 γάρ·
3415 2137 3433 2169 ι
3460 2118 3702 2186 Λέγεται

2117 2219 2218 2291 μὲν
2248 2219 2345 2271 καὶ
2385 2218 2414 2270 6
2450 2216 2580 2280 Υίὸς
2610 2214 2804 2284 Λόγος,
2835 2213 3151 2286 ὁμωνύμως
3193 2211 3272 2282 τῷ
3305 2207 3566 2282 Πατρικῷ
3589 2206 3702 2262 Λό-

2113 2327 2216 2379 γῳ,
2245 2308 2359 2362 ἀλλ’
2398 2307 2497 2377 ούχ
2519 2306 2566 2339 ¹⁰
2598 2295 2755 2368 οὗτός
2788 2305 2938 2358 ἐστιν
2966 2304 2995 2358 6
3029 2299 3168 2373 σὰρξ
3208 2301 3501 2372 γενόμενος
3520 2317 3536 2331 ·
3571 2299 3702 2352 οὐδε

2117 2401 2223 2474 μὴν
2250 2402 2280 2456 6
2310 2398 2572 2470 Πατρῷος
2613 2399 2786 2467 Λόγος
2805 2435 2821 2460 ,
2871 2395 3008 2451 ἀλλὰ
3033 2394 3262 2466 δύναμίς
3299 2411 3383 2457 τις
3413 2391 3508 2446 τοῦ
3536 2391 3702 2454 Θεοῦ,

2113 2489 2225 2549 οἷον
2261 2492 2535 2564 άπόρῤοια
2569 2489 2666 2544 τοῦ
2699 2489 2875 2558 Λόγου
2907 2487 3096 2555 αὐτοῦ,
3130 2485 3256 2551 νοῦς
3281 2485 3570 2556 γενόμενος
3598 2483 3701 2549 τὰς

2111 2585 2223 2641 τῶν
2284 2583 2593 2654 ἀνθρώπων
2624 2582 2854 2654 καρδίας
2878 2580 3290 2652 διαπεφοίτηκε.
3330 2597 3349 2631 ι
3379 2577 3489 2632 Καὶ
3520 2576 3700 2630 ταῦτα

2115 2659 2298 2732 πάντα
2329 2677 2590 2748 πειρᾶται
2620 2674 2662 2706 ¹¹
2691 2674 2801 2728 ἀπὸ
2837 2671 3019 2746 ῥητῶν
3057 2689 3222 2726 τινων
3258 2667 3702 2732 κατασκευάζειν

2112 2769 2214 2841 τῆς
2248 2767 2490 2840 Γραφῆς.
2520 2765 2634 2820 Καὶ
2660 2765 2796 2822 ἄλλα
2816 2765 2875 2818 δὲ
2899 2762 3074 2836 μυρία
3089 2763 3325 2834 φλυαρεῖ
3342 2763 3436 2815 καὶ
3453 2760 3703 2832 βλασφη-

2115 2863 2294 2935 psi",
2328 2861 2438 2914 εἴτε
2481 2859 2665 2925 αὐτὸς,
2703 2861 2812 2912 εἴτε
2853 2874 2938 2918 τις
2986 2857 3176 2928 ἔτερος
3213 2856 3274 2910 τὸ
3315 2854 3482 2910 αὑτοῦ
3525 2871 3702 2924 προσ-

2112 2973 2264 3010 ωπον
2287 2953 2626 3027 ὑποκριθείς.
2645 2949 3012 3023 Ἑποιήθησαν
3031 2949 3087 3004 δὲ
3114 2947 3264 3019 αύτῷ
3295 2947 3351 3000 αί
3381 2945 3701 3017 βλάσφημοι

430 3059 552 3098 nam
589 3043 844 3110 indutus;
865 3042 1025 3113 plane
1050 3053 1109 3097 ut
1135 3051 1260 3097 octo
1288 3042 1435 3112 ipsos
1465 3040 1631 3095 libros
1662 3039 1812 3095 hisce
1862 3039 2008 3093 blas-

2118 3046 2279 3104 αὗται
2327 3024 2705 3120 τερατολογίαι
2752 3048 2812 3097 έν
2859 3043 3052 3113 τόμοις
3094 3040 3262 3096 ὀκτώ.
3302 3039 3465 3112 Λέγει
3500 3039 3558 3095 δὲ
3604 3041 3706 3094 καὶ

427 3134 771 3206 phemiarum
819 3134 1104 3205 portentis,
1146 3135 1214 3190 de
1264 3131 1458 3188 iisdem
1508 3131 1800 3187 identidem
1844 3129 2015 3184 disse-

431 3228 622 3293 rendo,
678 3242 744 3282 ac
780 3226 1014 3296 sparsim
1065 3236 1230 3297 atque
1283 3223 1532 3290 confuse,
1583 3221 1749 3277 veluti
1791 3229 2016 3290 stupore

431 3321 713 3390 perculsus
744 3319 1060 3391 Scripturas
1109 3318 1479 3389 producendo,
1533 3315 1841 3386 repleverit.
1871 3312 2013 3370 Uni-

430 3409 572 3464 versi
604 3416 783 3463 autem
814 3407 996 3478 operis
1025 3421 1224 3476 scopus
1263 3405 1435 3461 fuisse
1465 3405 1683 3460 videtur
1713 3402 2013 3469 Geneseos,

429 3499 622 3567 Exodi,
669 3498 1030 3567 Psalmorum,
1065 3499 1430 3570 Epistolarum
1455 3497 1596 3552 beati
1633 3495 1806 3563 Pauli,
1836 3506 1890 3552 et
1917 3511 2016 3551 ca-

433 3597 786 3663 tholicarum,
819 3611 886 3650 ac
924 3595 1161 3665 denique
1202 3593 1574 3651 Ecclesiastici
1604 3593 2010 3665 interpretatio.

433 3683 548 3740 Hoc
577 3687 794 3742 interim
828 3687 1032 3741 fatetur
1078 3687 1196 3757 ipse
1225 3685 1550 3758 discipulum
1581 3700 1643 3741 se
1681 3685 1852 3744 fuisse
1871 3685 2014 3743 Pan-

433 3780 580 3833 tazni.
613 3777 720 3832 Sed
755 3777 824 3833 de
855 3777 1277 3849 Hypotyposibus
1310 3780 1599 3836 hactenus.

1173 3869 1290 3926 CX.

788 3963 1040 4033 Ejusdem
1082 3962 1371 4034 Pwdagogi
1415 3963 1538 4018 libri
1573 3979 1658 4021 ιιι.

507 4054 630 4114 Jam
667 4054 1003 4127 Pwdagogus
1047 4056 1222 4112 tribus
1279 4056 1433 4112 libris
1468 4057 1615 4128 δεῖν
1651 4057 2013 4128 conscriptus,

433 4152 600 4207 vitam
626 4166 916 4222 moresque
936 4150 1223 4218 informat;
1252 4152 1451 4221 quibus
1469 4161 1522 4206 et
1540 4151 1704 4205 alimn
1723 4153 2014 4221 quemdam

434 4243 745 4314 prami‘ttit,
803 4239 1154 4314 adiungitque
1204 4241 1532 4310 singularem
1605 4241 1842 4305 librum,
1905 4258 2016 4312 quo

434 4334 676 4404 gentium
702 4332 898 4390 refellit
921 4334 1254 4401 impietatem
1287 4330 1581 4403 (62).Nihil
1608 4343 1790 4387 autem
1830 4334 2012 4390 simile

437 4423 637 4476 habent
680 4422 733 4476 hi
790 4436 982 4477 omnes
1022 4436 1144 4476 cum
1188 4418 1653 4490 Hypotyposibus,
1705 4421 1923 4490 quando
1956 4431 2013 4476 et

435 4512 649 4569 stolidis
675 4513 781 4570 illis
807 4527 872 4569 ac
896 4513 1233 4584 blasphemis
1267 4512 1618 4582 opinionibus
1645 4513 1872 4567 omnino
1911 4528 2010 4566 va-

433 4617 584 4671 cant,
615 4616 672 4661 et
697 4605 869 4662 dictio
900 4606 1014 4676 ipsa
1043 4605 1098 4659 in
1145 4604 1231 4660 his
1271 4603 1516 4659 floridior
1545 4605 1612 4658 ad
1654 4614 2011 4673 temperatam

433 4697 726 4766 quamdam
751 4696 1070 4766 gravitatem
1099 4711 1204 4750 non
1239 4694 1357 4750 sine
1389 4693 1728 4763 jucunditate
1756 4697 2013 4765 assurgit,

433 4799 492 4845 et
519 4791 667 4846 varia
699 4790 814 4856 illa,
860 4806 980 4863 quae
1023 4791 1076 4847 in
1103 4791 1172 4847 iis
1203 4799 1310 4857 est,
1347 4804 1530 4845 rerum
1582 4787 1846 4859 cognitio,
1881 4789 2013 4844 nihil

2118 3140 2377 3213 περὶτῶν
2399 3137 2580 3192 αὐτῶν
2609 3136 2894 3202 πολλάκις,
2935 3135 3033 3190 καὶ
3059 3133 3336 3205 σποράδην
3373 3131 3471 3188 καὶ
3508 3148 3708 3201 συγκε-

2116 3233 2372 3304 χυμένως
2424 3229 2556 3302 [288
2595 3226 2692 3302 Η.]
2739 3229 2931 3300 ὥσπερ
2976 3227 3292 3299 ἔμπληκτος
3349 3225 3590 3296 παράγει
3635 3223 3708 3278 τὰ

2119 3323 2282 3396 ῥητά.
2337 3323 2395 3377 Ὀ
2417 3322 2475 3376 δὲ
2503 3323 2624 3386 ὅλος
2657 3321 2858 3384 σκοπὸς
2892 3319 3098 3374 ὡσανεὶ
3159 3319 3450 3390 ἑρμηνεῖαι
3497 3317 3708 3387 τυγχά-

2119 3432 2273 3469 νουσι
2294 3415 2392 3484 τῆς
2421 3413 2716 3475 Γενέσεως,
2755 3412 2856 3482 τῆς
2901 3410 3136 3476 Ἐξόδου,
3157 3409 3268 3463 τῶν
3299 3408 3572 3478 Ψαλμῶν,
3603 3406 3706 3460 τοῦ

2116 3507 2265 3563 θείου
2281 3509 2325 3541 ³⁸
2357 3506 2574 3561 Παύλου
2595 3505 2704 3559 τῶν
2738 3503 3094 3568 Ἐπιστολῶν,
3118 3501 3337 3556 καὶτῶν
3354 3500 3704 3562 Καθολικῶν,

2116 3603 2213 3658 καὶ
2235 3600 2331 3657 τοῦ
2373 3598 2804 3672 Ἐκκλησιαστοῦ
2837 3597 2903 3654 ⁸⁸.
2941 3596 3208 3667 suam;
3255 3595 3336 3660 δὲ,
3367 3595 3443 3660 ὡς
3479 3595 3577 3649 καὶ
3612 3596 3707 3649 αὖ·

2113 3693 2207 3756 τός
2255 3709 2410 3764 φησι,
2460 3691 2651 3761 γέγονε
2689 3690 3012 3744 Πανταίνου.
3055 3687 3220 3744 ’Λλλὰ
3265 3685 3442 3743 ταῦτα
3497 3686 3602 3758 μὲν
3645 3685 3706 3741 al

2129 3786 2146 3808 ‘
2157 3783 2604 3852 Υποτυπὼσεις.

2828 3872 2941 3930 PI'.

2284 3968 2397 4026 Τοῦ
2433 3966 2621 4024 αὑτοῦ
2645 3968 2678 4021 ό
2718 3965 3105 4038 Παιδαγωγός
3147 3965 3221 4020 ἐν
3254 3964 3461 4038 τόμοις
3486 3961 3562 4033 τ’.

2199 4059 2260 4116 '0
2314 4059 2374 4114 δὲ
2403 4057 2785 4128 Παιδαγωγός
2812 4059 2872 4112 ὲν
2921 4057 3071 4130 τρισὶ
3119 4057 3308 4129 τόμοις
3345 4055 3496 4110 ἐστὶν
3549 4052 3701 4124 αύτῷ

2114 4148 2584 4222 διαπεπονημένος
2610 4188 2626 4214 ,
2707 4147 2872 4220 ἧθους
2929 4147 3026 4202 καὶ
3083 4145 3203 4218 βίου
3273 4143 3699 4218 κατορθωτικός.

2120 4242 2275 4314 Ἔχει
2300 4241 2358 4295 δὲ
2387 4240 2596 4294 τούτων
2623 4241 2720 4293 καὶ
2750 4239 3166 4311 προηγούμενον
3203 4238 3298 4291 καὶ
3337 4236 3696 4306 συνταττόμε-

2117 4349 2206 4386 νον
2263 4330 2422 4400 λόγον
2459 4329 2665 4401 ἕτερον,
2739 4330 2798 4382 ὲν
2854 4321 2901 4398 ᾧ
2949 4328 3050 4401 τὴν
3113 4327 3384 4400 Ἑλλήνων
3434 4326 3703 4398 διελέγχει

2115 4421 2404 4494 ἀθεότητα.
2437 4420 2602 4474 Οὐδὲν
2627 4419 2683 4472 δὲ
2721 4421 2907 4490 ὅμοιον
2928 4418 3113 4490 έχουσι
3142 4418 3280 4490 πρὸς
3315 4417 3418 4482 τὰς
3451 4417 3703 4470 ’Υποτυο

2111 4513 2336 4578 πώσεις
2376 4507 2526 4565 οὗτοι
2582 4510 2633 4563 oi
2669 4509 2857 4579 λόγοιο
2915 4511 3025 4563 τῶν
3057 4527 3118 4563 τε
3161 4509 3272 4578 γὰρ
3315 4507 3566 4580 ματαίων
3611 4508 3702 4560 καὶ

2113 4604 2451 4676 βλασφημῶν
2476 4601 2892 4673 ἀπηλλαγμένοι
2920 4601 3089 4666 δοξῶν
3125 4600 3522 4671 καθεστήκασι,
3543 4597 3639 4653 καὶ
3667 4598 3700 4668 ἡ

2113 4697 2316 4768 φράσις
2344 4694 2558 4767 ἀνθηρᾶ
2583 4696 2678 4748 καὶ
2715 4693 2842 4766 [l55
2870 4691 2967 4765 Η.]
2997 4694 3078 4758 είς
3110 4692 3278 4763 δγκον
3303 4692 3522 4763 ἠρμένη
3556 4690 3700 4762 σύμ-

2116 4803 2314 4860 μετρον
2339 4787 2480 4858 μετὰ
2515 4784 2611 4841 τοῦ
2658 4785 2836 4857 ἡδέος,
2892 4787 2989 4839 καὶ
3028 4786 3066 4857 ἡ
3109 4783 3455 4857 πολυμάθεια
3483 4782 3697 4856 ἐμπρέο

1721 4961 1954 5019 VARle
1991 4959 2395 5021 LECTIONES.

509 5114 532 5148 ⁸
558 5113 662 5168 δὲό
684 5111 835 5167 παιδ.
983 5111 1021 5185 ’_
1035 5111 1171 5185 τοῖς]
1202 5108 1384 5185 αὐτοῖς
1419 5109 1484 5164 Α.
1523 5182 1533 5185 Α
1565 5109 1610 5185 ξθ
1642 5107 1764 5181 οὐχ]
1797 5108 1861 5161 οὐ
1889 5105 1987 5185 νύν
2012 5109 2119 5185 A.__
2155 5107 2198 5185 ξ’
2229 5105 2489 5185 ¹τιςειιρᾶται
2521 5112 2646 5185 post
2670 5102 2835 5159 τινῶν
2868 5103 3024 5175 ponit
3053 5120 3116 5170 ς.
3195 5104 3240 5137 ⁸³
3273 5101 3591 5176 βλασφημεῖ
3611 5103 3702 5158 καὶ

437 5186 673 5257 φλυαρεῖ
701 5201 765 5248 ς.
857 5183 903 5216 ¹³
930 5180 1024 5236 τοῦ
1057 5177 1204 5233 θείου
1235 5209 1305 5220 -
1332 5181 1630 5235 ἐπιστολῶν
1655 5177 1768 5235 om;
1811 5177 1990 5249 pr.,A.

2084 5177 2129 5212 ιδ
2159 5177 2619 5247 ἐκκλησιαστικοῦ
2653 5191 2716 5240 ς.

1837 5340 1840 5342 ⁷
1948 5319 2185 5377 NOTAE.

534 5442 626 5526 ρο)
659 5441 766 5526 ltro
791 5440 890 5526 οιξχ
908 5439 1037 5526 lege
1045 5437 1192 5506 οὐδέ,
1207 5452 1274 5495 eo
1291 5436 1434 5508 quod
1461 5435 1548 5490 hic
1581 5434 1964 5506 praecesserint
1994 5456 2010 5492 :

665 5511 737 5589 δὲ
763 5510 887 5589 ούδὲ
917 5510 1149 5589 ἐκεῖνοντ

517 5582 628 5654 (6i)
657 5583 811 5649 Quod
843 5597 970 5654 vero
993 5580 1226 5654 similius
1255 5579 1503 5654 videatur
1545 5590 1562 5630 :
1605 5575 1838 5654 arianos
1861 5576 2006 5654 enim

445 5647 838 5728 plerosque_(ut
870 5652 1109 5728 haeretici
1134 5651 1332 5728 solent)
1368 5647 1669 5728 Elemenntis
1697 5647 1897 5728 scripta
1921 5647 2015 5728 ip-

447 5715 699 5798 quinasse
726 5715 884 5782 docet
910 5721 1152 5781 Bullinus
1177 5715 1436 5795 Apologia
1459 5732 1558 5789 pro
1575 5715 1828 5789 Origene.
1853 5717 2007 5773 Adde

2122 5447 2178 5519 et
2223 5435 2441 5522 reliqua.
2464 5437 2583 5510 ejus
2611 5436 2820 5509 scripta
2843 5449 2992 5494 sanae
3028 5444 3152 5488 esse
3191 5429 3455 5485 doctrinae
3508 5442 3572 5484 ac
3608 5444 3705 5499 pu-

2121 5507 2636 5706 :-|33|§::§y'{;.bodie
2663 5579 2881 5637 nomine
2915 5574 3236 5647 Ρνοιτεριίεί
3262 5573 3334 5628 πά
3365 5577 3569 5642 9⁸³⁸³⁸³³
3603 5583 3699 5624 ω’

2145 5666 2158 5704 l
2199 5667 2225 5706 r
2371 5665 2403 5706 ἃ
2433 5687 2450 5705 ο

2145 5665 2225 5706 101⁵
2247 5665 2450 5706 exstat.
