3942 6234
213 307 324 371 385

1243 313 1772 376 BIBLIOTHECA.
1813 339 1884 351 —
1919 314 2136 376 CODD.
2161 315 2508 381 CX-CXIII.

3383 323 3489 390 386

213 436 420 474 πουσα.
475 419 830 492 Μνημονεύει
876 422 934 475 δέ
968 423 1103 493 πρὸς
1127 423 1206 496 τῷ
1247 426 1395 479 τέλει
1419 427 1515 480 καὶ
1545 427 1674 498 περὶ
1724 427 1791 480 εἰ·

1910 425 2072 480 habet
2104 429 2285 482 minus
2317 428 2666 483 conveniens.
2702 429 2964 488 Extremo
2997 447 3129 488 vero
3159 432 3301 488 libro
3317 436 3480 488 etiam

210 508 417 564 κόνων.

900 604 1052 661 PIA'.

382 696 497 752 Τοῦ
517 695 710 753 αὐτοῦ
747 699 786 752 ό
827 698 1215 768 Στρωματεὺς
1241 700 1314 754 ἐν
1336 703 1543 772 τόμοις
1566 708 1643 770 η’.

277 790 346 844 υἱ
373 789 434 842 δὲ
471 789 849 860 Στρωματεῖς
877 792 984 844 εἰσὶ
1009 792 1110 863 μὲν
1139 792 1238 848 καὶ
1267 793 1422 848 αὐτοὶ
1452 796 1510 847 ἐν
1543 794 1689 848 ὀκτὼ
1710 797 1800 851 λό-

204 898 327 951 γοις
353 879 482 934 καθ’
520 880 793 953 Ἐλλήνων
826 883 923 936 καὶ
944 883 1210 955 αἱρέσεων
1249 885 1342 939 τὸν
1375 887 1565 956 ἀγῶνα
1588 890 1800 961 εἰσενηο

204 972 491 1042 νεγμένοι,
545 973 827 1045 σποράδην
875 974 932 1028 δὲ
959 975 1054 1029 καὶ
1081 974 1274 1048 ὥσπερ
1293 977 1392 1032 οὐκ
1428 979 1487 1032 ἐν
1511 979 1664 1045 τάξει
1700 982 1800 1054 τὴν

202 1063 316 1118 τῶν
360 1063 684 1133 κεφαλαίων
728 1065 1034 1136 παράθεσιν
1077 1069 1360 1124 κάνταῦθα
1397 1073 1653 1140 ποιεῖται,
1703 1075 1801 1128 καὶ

204 1154 306 1224 τὴν
331 1154 524 1208 αἰτίαν
549 1153 742 1226 ὥσπερ
772 1156 1065 1221 ἀποδιδοὺς
1083 1159 1140 1212 ἐν
1165 1159 1246 1231 τῷ
1273 1161 1415 1215 τέλει
1438 1162 1533 1216 τοῦ
1564 1163 1797 1234 ἑϐδόμου

205 1246 368 1316 λόγου
441 1246 636 1311 αὑταῖς
683 1245 896 1313 λέξεσιν
927 1247 1102 1316 οῦτως
1128 1249 1320 1321 λέγει·
1363 1253 1613 1309 «Τούτων
1662 1257 1798 1327 ἡμῖν

206 1337 728 1409 προδιηνυσμὲνων,
774 1341 869 1394 καὶ
922 1341 1020 1395 τοῦ
1059 1343 1256 1414 ἠθικοῦ
1289 1345 1462 1400 τύπου
1497 1347 1573 1411 ὡς
1608 1349 1667 1402 ἐν
1709 1365 1799 1402 κε-

204 1430 469 1500 φαλαίοις
503 1430 914 1504 ὑπογραφέντος
953 1435 1023 1501 ¹⁸,
1077 1438 1355 1510 σποράδην
1386 1455 1469 1502 τε,
1513 1439 1656 1504 dig“
1698 1440 1799 1492 ὐπ-

201 1525 518 1596 εσχήμεθα,
537 1525 634 1578 καὶ
655 1525 1061 1598 διεῤῥιμμένως
1087 1527 1158 1582 τὰ
1178 1527 1408 1600 ζώπυρα
1430 1531 1530 1601 τῆς
1560 1529 1798 1603 ἀληθοῦς

200 1615 475 1684 γνώσεως
522 1617 1080 1689 ἐγκατασπειράντων
1111 1619 1432 1693 μαθήματα,
1470 1622 1547 1688 ὡς
1579 1622 1654 1696 μὴ
1693 1625 1795 1696 ρᾳ-

198 1709 323 1764 ϐξαν
369 1703 520 1764 εἶναι
556 1708 637 1780 τῷ
684 1711 1038 1782 περιτυχόντι
1083 1712 1196 1766 τῶν
1233 1715 1500 1785 ἀμυήτων
1539 1718 1640 1787 τὴν
1684 1716 1796 1771 τῶν

1904 517 1972 574 de
2000 518 2326 590 imaginibus
2358 522 2731 576 commeminit
2757 522 2896 592 (63).

2631 613 2772 668 CXI.

2244 701 2502 772 Ejusdem
2541 703 2828 759 Stromatei
2859 706 2988 761 libri
3024 724 3146 763 vnt.

1972 793 2309 850 Stromateon
2354 807 2532 851 autem
2563 795 2682 850 libri
2713 811 2931 866 quoque
2960 808 3087 854 octo
3116 809 3265 867 sunt,
3287 802 3484 856 adver-

1901 901 1997 942 sus
2048 902 2287 958 paganos
2326 898 2491 958 atque
2536 889 2768 944 haereses
2806 906 3042 961 pugnam
3083 892 3428 948 instituemus
3465 909 3482 948 :

1903 980 1956 1034 in
1991 979 2186 1048 quibus
2215 980 2340 1033 item
2366 979 2622 1048 sparsim,
2648 989 2702 1034 et
2737 995 2843 1036 non
2873 983 3065 1037 ordine
3089 985 3265 1053 capita
3293 1001 3486 1040 recen-

1900 1087 2113 1132 sentur.
2159 1074 2326 1144 Cujus
2359 1074 2512 1144 quasi
2547 1077 2809 1130 rationem
2865 1079 3094 1134 reddere
3141 1080 3194 1133 in
3235 1091 3485 1137 extremo

1900 1167 2040 1222 libro
2070 1167 2303 1237 septimo
2333 1151 2482 1221 hisce
2509 1167 2622 1221 fere
2647 1167 2826 1222 verbis
2845 1169 3062 1222 videtur
3092 1189 3106 1226 :
3141 1188 3160 1221 ι
3208 1170 3331 1224 Ηαιο
3355 1187 3480 1225 cum

1901 1276 1932 1315 a
1966 1259 2123 1319 nobis
2160 1259 2269 1328 jam
2307 1266 2467 1313 antea
2507 1266 2835 1328 pertractata
2866 1261 2995 1324 sint,
3044 1268 3099 1313 et
3133 1276 3343 1315 morum
3387 1261 3478 1316 illa

1899 1351 2086 1406 rudior
2131 1349 2362 1405 formula
2404 1365 2502 1420 per
2525 1365 2734 1404 summa
2767 1349 2915 1404 velut
2963 1352 3164 1418 capita,
3218 1364 3481 1416 quantum

1897 1440 2122 1511 polliciti
2155 1455 2365 1506 sumus,
2392 1440 2621 1510 Sparsint
2650 1440 2922 1509 descripta
2951 1457 2965 1494 :
3005 1439 3093 1504 iis,
3126 1456 3245 1510 qua:
3277 1445 3342 1496 ad
3380 1458 3480 1496 ve-

1898 1547 2016 1586 ram
2051 1531 2296 1586 excitant
2323 1531 2720 1601 cognitionem,
2771 1533 3120 1601 degmatibus
3147 1533 3218 1586 ita
3250 1533 3340 1589 hic
3372 1535 3482 1589 illic

1899 1621 2183 1690 inspersis,
2232 1632 2291 1675 ut
2328 1635 2416 1676 res
2448 1620 2566 1675 illas
2594 1635 2782 1674 sacras
2816 1631 3008 1674 nactus
3055 1621 3345 1691 quispiam,
3381 1623 3475 1690 qui

1896 1713 2174 1783 mysteriis
2202 1712 2402 1768 nostris
2435 1712 2682 1767 initiatus
2716 1728 2823 1766 non
2855 1713 2948 1775 sit,
2975 1714 3117 1767 haud
3143 1713 3303 1768 facile
3324 1729 3470 1767 coin-

199 1800 378 1870 ἀγίων
417 1800 700 1873 εῦρεσιν,›
727 1803 821 1856 καὶ
846 1780 975 1873 ἐξῆς
1002 1802 1068 1858 ³⁸⁷.
1109 1802 1174 1857 Ἦ
1199 1780 1298 1876 μὲν
1329 1780 1421 1858 οῦν
1447 1807 1542 1860 τοῦ
1572 1780 1618 1837 ¹δ
1647 1807 1791 1880 διεῤ-

1900 1780 2076 1876 periat
2107 1803 2220 1876 (64)
2258 1822 2278 1856 ι
2318 1813 2372 1860 et
2404 1818 2525 1874 qua:
2548 1813 2874 1873 sequuntur.
2908 1801 3035 1857 Haec
3072 1802 3257 1872 igitur,
3288 1803 3482 1871 utipse

202 1892 503 1964 ριμμένως
550 1893 694 1948 αὐτὰ
750 1893 1055 1960 κατατάξαι
1105 1895 1254 1970 αὐτῷ
1318 1897 1467 1952 alsia.
1511 1897 1673 1970 αῦτη,
1719 1900 1796 1964 ὥς

199 2002 363 2056 φησι.
410 1985 663 2056 γέγονεν.
708 1979 883 2059 Εὗρον
913 1988 1102 2060 μέντοι
1135 2005 1200 2059 γε
1242 1987 1301 2044 ἐν
1329 2008 1434 2045 τινι
1465 1991 1679 2062 παλαιῷ
1713 1992 1796 2064 βι-

201 2075 340 2149 ϐλίῳ
363 2076 470 2150 τὴν
486 2076 659 2149 αὐτὴν
675 2077 1070 2149 πραγματείαν
1091 2079 1212 2150 οὐχὶ
1227 2081 1595 2151 Στρωματεῒς
1634 2083 1795 2154 μόνον

202 2168 684 2242 ἐπιγραφομένην,
715 2169 833 2224 ἀλλ’
862 2171 1173 2244 ὁλοκλήρως
1195 2171 1389 2240 οὕτως,
1435 2173 1609 2229 Τιτοῦ
1638 2178 1794 2230 Φλα-

203 2261 340 2316 ϐίου
368 2260 414 2293 ι’
459 2259 815 2331 Κλήμεντος
858 2264 1268 2333 πρεσϐυτέρου
1311 2264 1784 2335 Ἀλεξανδρείας,

200 2352 323 2409 τῶν
368 2354 530 2409 κατὰ
583 2354 701 2423 τὴν
748 2354 952 2425 ἀληθῆ
1007 2356 1385 2425 φιλοσοφίαν
1439 2358 1793 2427 τνωστικῶν

199 2444 656 2516 ὑπομνημάτων
681 2445 1078 2518 Στρωματέων
1101 2453 1175 2514 a',
1202 2447 1286 2515 β’,
1321 2448 1390 2518 1’,
1423 2447 1494 2516 δ’,
1525 2448 1591 2516 ε’,
1615 2455 1690 2516 ς’,
1713 2448 1791 2519 ζ’,

201 2537 406 2609 καὶέηκ
441 2539 589 2593 Ἀλλ’
621 2540 651 2594 ὁ
688 2541 788 2612 μὲν
813 2540 1032 2610 πρῶτος
1067 2541 1114 2573 ⁹⁰
1145 2543 1306 2613 μέχρι
1326 2541 1422 2595 τοῦ
1446 2542 1673 2615 ἑϐδόμου
1692 2545 1793 2616 τὴν

201 2632 374 2706 αὐτὴν
398 2632 619 2704 ἔχουσιν
655 2631 969 2705 ἐπιγραφὴν
1001 2632 1099 2687 καὶ
1127 2634 1316 2688 ἐνιαίοι
1343 2635 1707 2707 τυγχάνουσιν
1733 2639 1794 2692 ἐν

202 2727 380 2782 ἅπασι
423 2728 543 2790 τοῖς
585 2724 812 2796 βιϐλίοις
844 2740 861 2757 ·
903 2727 931 2779 ὁ
978 2725 1164 2796 μέντοι
1211 2725 1398 2796 ὄγδοος
1438 2729 1694 2803 διάφορός
1731 2730 1793 2785 τὲ

201 2822 318 2872 ἐστι
360 2819 462 2871 καὶ
503 2819 572 2889 τῇ
607 2818 894 2888 ἐπιγραφῇ
917 2817 1011 2872 καὶ
1047 2816 1126 2889 τῷ
1156 2817 1364 2888 ἐδάφει.
1412 2820 1502 2874 Ἐν
1537 2822 1652 2876 τισὶ
1691 2821 1792 2894 μὲν

201 2911 330 2982 γάρ’
377 2911 478 2978 Τίς
516 2911 550 2964 ὁ
571 2906 907 2979 σωζόμενος
946 2910 1249 2976 πλούσιος
1277 2911 1664 2983 ἐπιγράφεται,
1692 2913 1788 2967 καὶ

203 3001 433 3074 ἄρχεται
483 3000 658 3065 οὕτως
683 3015 700 3033 ·
733 3001 828 3054 «Οἱ
869 3000 968 3069 μὲν
1001 3002 1128 3064 τοὺς
1174 3003 1650 3073 ἐγκωμιαστικοὺς
1697 3001 1790 3058 λόο

1896 1898 2122 1964 fatetur,
2151 1912 2318 1952 causa
2353 1895 2478 1960 fuit,
2511 1913 2610 1952 cur
2640 1896 2741 1951 ista
2767 1896 2886 1951 sine
2909 1895 3100 1950 ordine
3121 1894 3477 1963 congesserit.

1897 1990 2092 2062 Reperi
2123 1999 2303 2046 autem
2335 1990 2389 2045 in
2433 1999 2718 2060 pervetere
2747 1987 3047 2057 exemplari
3073 1987 3175 2042 hoc
3200 2000 3338 2056 Opus
3372 2001 3486 2040 non

1895 2084 2074 2140 solum
2111 2083 2451 2140 Slromaleon
2497 2083 2718 2136 nomine
2750 2081 3104 2150 inscriptum,
3141 2079 3237 2134 sed
3269 2079 3480 2148 integre

1894 2173 1964 2228 ad
2002 2173 2149 2228 hunc
2210 2171 2423 2226 modum
2458 2191 2472 2227 :
2505 2171 2614 2226 Titi
2643 2169 2825 2224 Flavii
2863 2168 2977 2241 (65)
3008 2168 3292 2224 Clementis
3329 2184 3480 2237 pres-

1894 2263 2060 2334 byteri
2114 2263 2464 2318 Alexandrini
2510 2261 2886 2318 Gnosticarum
2933 2261 3046 2333 (66)
3073 2261 3358 2315 secundum
3393 2277 3480 2314 ve-

1894 2371 2012 2409 ram
2051 2355 2442 2423 philosOphiam
2490 2356 2997 2410 commentationem
3045 2355 3382 2410 Stromateus
3433 2371 3476 2418 ι,

1893 2464 1959 2516 ιι,
1993 2465 2077 2516 ιιι,
2109 2466 2183 2518 tv,
2221 2463 2377 2517 v,vr,
2418 2465 2512 2515 vn,
2549 2464 2672 2505 vm.
2710 2451 2788 2505 Ac
2813 2449 2975 2520 primi
3007 2449 3226 2519 quidem
3267 2459 3476 2518 septem
3569 2473 3574 2478 -

1893 2543 2146 2599 eumdem
2173 2541 2470 2613 przeferunt
2497 2542 2738 2610 titulum,
2773 2541 3048 2611 iidemque
3085 2555 3312 2611 prorsus
3346 2549 3477 2594 sunt

1894 2633 1950 2691 in
1979 2634 2234 2690 omnibus
2256 2633 2556 2689 codicibus.
2591 2633 2792 2688 Verum
2837 2640 3086 2698 octavus,
3120 2648 3242 2686 cum
3275 2631 3475 2687 inscri-

1893 2728 2100 2798 ptione,
2144 2735 2258 2782 tum
2305 2726 2384 2780 rei
2432 2725 2688 2796 subjectae
2727 2725 2978 2788 materia,
3018 2724 3213 2781 variat.
3246 2723 3302 2778 In
3353 2724 3476 2793 qni-

1893 2822 2118 2875 busdam
2141 2820 2290 2874 enim
2327 2819 2645 2874 inscribitur
2674 2837 2688 2873 :
2726 2818 2860 2884 Quis
2888 2817 3031 2871 dives
3074 2815 3303 2872 salvetur
3332 2817 3471 2886 (67),

1891 2912 2117 2982 ejusque
2142 2910 2462 2982 principium
2480 2919 2594 2966 est:
2619 2928 2638 2961 ι
2662 2909 2763 2977 Qui
2783 2909 3116 2965 laudatorias
3128 2910 3424 2972 orationes,
3446 2927 3468 2960 ι

1891 3013 1948 3059 et
1975 3004 2209 3075 reliqua.
2243 3005 2305 3058 ln
2352 3003 2474 3058 aliis
2515 3018 2664 3070 vero,
2704 3001 3036 3058 Stromateus
3068 3013 3304 3068 octavus,
3329 3014 3386 3056 ut
3419 3011 3476 3057 et

203 3111 353 3164 γους,
365 3117 388 3147 ι
413 3095 513 3148 καὶ
529 3093 676 3166 ἐξῆς·
696 3095 755 3148 ἐν
771 3095 880 3148 τισὶ
891 3095 947 3148 δὲ
961 3097 1350 3166 Στρωματεὺς
1371 3099 1585 3168 ὄγδοος
1600 3099 1681 3154 ὥσ
1691 3117 1790 3172 περ

1900 3095 2087 3166 reliqui
2136 3105 2343 3166 septem
2389 3095 2537 3160 libri,
2581 3094 2923 3161 inscribitur,
2961 3102 3017 3150 et
3038 3094 3267 3165 incipit:
3305 3113 3325 3147 ι
3366 3094 3473 3148 Sed

203 3189 294 3241 καὶ
320 3188 372 3240 oi
401 3185 513 3258 πρὸ
537 3186 703 3240 αὐτοῦ
723 3187 887 3252 ἐπτὰ,
913 3188 1305 3260 ἐπιγράφεται,
1331 3190 1427 3244 καὶ
1452 3190 1782 3262 άπάρχεται·

209 3299 225 3329 ι
246 3278 390 3333 Ἀλλ’
420 3278 548 3333 οὐδὲ
572 3279 622 3331 οί
655 3278 980 3333 παλαίτατοι
1001 3279 1112 3333 τῶν
1132 3279 1495 3350 φιλοσόφων,›
1521 3284 1618 3336 καὶ
1634 3281 1784 3354 ἐξῆς.

201 3371 348 3443 Δῦτη
392 3370 452 3425 δὲ
495 3372 531 3442 ἠ
570 3369 682 3424 τῶν
721 3369 1123 3440 Στρωματέων
1170 3370 1352 3444 βίϐλος
1404 3373 1623 3444 ἐνιαχοῦ
1687 3374 1788 3447 οὐχ

203 3463 370 3532 ὑγιῶς
408 3461 796 3533 διαλαμϐάνει,
819 3461 879 3515 οὐ
917 3463 1101 3532 μέντοι
1126 3479 1193 3532 γε
1220 3461 1412 3536 ὥσπερ
1438 3465 1494 3518 αί
1531 3465 1786 3523 Ὑποτυ-

201 3556 428 3623 πτώσεις
448 3597 466 3622 ,
489 3554 630 3610 ἀλλὰ
671 3555 769 3608 καὶ
801 3553 940 3626 πρὸς
963 3555 1136 3610 πολλὰ
1161 3557 1272 3611 τῶν
1299 3556 1419 3612 ἐκεῖ
1435 3558 1783 3630 διαμάχεται.

279 3647 721 3718 Ἐπαγγέλλεται
750 3647 808 3703 δέ
834 3649 929 3703 καὶ
958 3647 1096 3702 ἄλλα
1125 3650 1458 3721 πεποιῆσθαι
1477 3652 1627 3724 αὐτῷ
1659 3670 1788 3721 συγτ

201 3740 508 3812 γράμματα
547 3741 648 3793 οὐκ
686 3738 866 3808 ὀλίγα,
906 3739 1002 3794 καί
1025 3756 1092 3810 γε
1137 3741 1233 3795 καὶ
1254 3741 1346 3812 ὑφ’
1376 3743 1580 3815 ἐτέρων
1603 3761 1789 3798 πεποι-

203 3834 394 3904 ηκέναι
420 3832 850 3905 μεμαρτύρηται
880 3835 1018 3902 Περὶ
1049 3851 1110 3888 τε
1130 3835 1242 3891 τοῦ
1278 3835 1496 3907 Πάσχα
1525 3838 1619 3891 καὶ
1643 3841 1787 3908 Περὶ

205 3925 514 3992 νηστείας,
546 3926 642 3978 καὶ
664 3925 808 3993 Περι
829 3928 1205 3997 κακολογίας,
1226 3927 1366 3996 Περὶ
1389 3931 1666 3983 κανόνων
1685 3930 1786 3984 ἐκ·

207 4013 660 4084 κλησιαοτικῶν
689 4017 843 4072 κατὰ
871 4017 990 4072 τῶν
1027 4019 1524 4075 ἀκολουθούντων
1558 4021 1635 4091 τῇ
1669 4021 1787 4077 τῶν

217 4108 525 4163 Ἰουδαίων
549 4110 780 4178 πλάνῃ,
805 4109 864 4163 ὃν
878 4108 1212 4182 Ἀλεξάνδρῳ
1241 4111 1310 4165 ’Ῑε
1321 4112 1631 4185 ροσολύμων
1663 4115 1784 4168 ἐπι-

211 4203 389 4274 cubum
434 4203 768 4271 προσειπεῖν
790 4202 860 4256 ’⁸.
893 4202 1150 4272 Ἤκμασε
1177 4202 1235 4257 δὲ
1265 4203 1508 4277 Σεϐήρου
1543 4205 1639 4260 καὶ
1664 4207 1785 4262 Ἀν-

209 4292 426 4345 τωνίνου
461 4289 585 4344 υίοῦ
614 4289 782 4345 αὑτοῦ
830 4288 1052 4362 Ῥώμης
1080 4290 1494 4362 βασιλευόντων.

839 4381 988 4452 PlB’,
1016 4383 1163 4459 Pll‘_'.

210 4478 553 4549 Κλήμεντος
581 4478 690 4531 τοῦ
730 4478 961 4544 Ῥώμης
979 4478 1250 4544 (Statura!
1277 4478 1397 4532 τῶν
1425 4479 1565 4548 ἀγίω

413 4550 688 4614 στόλων,
721 4547 1207 4616 Ἀναγνωρισταὶ,
1226 4551 1325 4600 καὶ
1351 4547 1565 4605 τᾶλλα.

281 4648 402 4723 [289
456 4647 555 4719 8.]
623 4644 968 4717 Ἀνεγνώσθη
1033 4643 1352 4716 Κλήμεντος
1401 4644 1494 4698 τοῦ
1563 4646 1782 4723 Ῥώμης

1893 3201 2069 3256 neque
2101 3186 2406 3258 philosophi
2431 3185 2824 3255 antiquissimi,
2849 3205 2870 3238 ι
2902 3200 3131 3257 quaeque
3145 3194 3470 3256 sequuntur.

1893 3278 2233 3335 Stromateon
2269 3288 2447 3334 autem
2473 3278 2610 3333 liber
2637 3279 2728 3333 hic
2753 3279 2950 3334 alicubi
2976 3293 3082 3334 non
3112 3294 3245 3334 sana
3265 3281 3468 3344 tradit;

1892 3388 1996 3428 non
2049 3382 2226 3428 tamen
2255 3381 2316 3426 ut
2350 3369 2737 3442 Hypotyposes.
2769 3368 2906 3426 Nam
2943 3371 3110 3426 multa
3149 3372 3314 3426 etiam
3349 3385 3472 3440 quae

1889 3465 1959 3520 ibi
1986 3463 2128 3519 dicta
2162 3463 2403 3529 fuerunt,
2434 3470 2734 3534 oppugnat.

1957 3665 2232 3721 Feruntur
2290 3673 2469 3720 autem
2505 3665 2572 3720 ab
2609 3665 2798 3721 eodem
2841 3664 2944 3719 alia
2980 3679 3083 3719 non
3128 3678 3296 3735 pauca
3333 3681 3466 3721 con-

1887 3757 2112 3827 scripta.
2144 3755 2210 3809 Et
2248 3770 2377 3810 vero
2402 3756 2566 3810 etiam
2593 3755 2684 3811 alii
2710 3755 2824 3828 (68)
2855 3757 3230 3827 composuisse
3255 3766 3465 3812 testan-

1889 3861 1977 3906 tur
1997 3850 2074 3905 De
2108 3849 2381 3919 paschate,
2429 3849 2506 3906 De
2541 3851 2775 3921 jejunio,
2820 3851 2898 3907 De
2941 3851 3339 3918 obtrectatione,
3389 3852 3467 3908 De

1887 3942 2176 3998 canonibus
2205 3941 2600 4009 ecclesiasticis,
2618 3953 2675 3998 et
2702 3945 2967 3999 Adversus
2994 3961 3081 3999 eos
3131 3946 3222 4014 qui
3242 3944 3464 4000 Judwo—

1886 4050 2004 4088 rum
2059 4050 2288 4088 errorem
2341 4046 2648 4106 sequuntur,
2695 4035 2880 4106 90a,
2945 4052 3104 4109 quem
3153 4037 3465 4093 Alexandro

1884 4125 2383 4196 Hierosolymorum
2414 4129 2669 4198 episcopo
2697 4144 3041 4199 nuncupasse
3065 4129 3302 4186 videtur.
3338 4130 3463 4185 Cla-

1888 4219 1997 4273 ruit
2030 4233 2160 4274 vero
2189 4220 2395 4276 Severo
2432 4231 2488 4276 et
2533 4222 2811 4279 Antonino
2850 4222 2958 4296 (69)
2985 4223 3107 4294 ejus
3133 4224 3246 4280 tilio
3276 4224 3464 4282 Romae

1887 4308 2300 4380 imperantibus.
2555 4308 2558 4312 ’

2485 4405 2644 4473 CXII,
2671 4407 2851 4466 CXIII.

483 4476 690 4572 05.1015
721 4475 961 4572 ’Ῥώμης
979 4475 1250 4572 miratu}
1268 4476 1609 4572 ξρνιιξζίων
1633 4480 1783 4537 ἀπο-

1900 4490 2166 4552 Clementis
2191 4494 2577 4572 Romanipont.
2617 4499 3031 4572 Constitutiones
3076 4503 3458 4572 apostolorum,

2353 4568 2752 4637 Recognitiones
2781 4582 2829 4625 et
2868 4575 3000 4627 alia.

1958 4653 2212 4728 Legimus
2231 4658 2524 4717 Clementis
2547 4660 2778 4717 Romani
2810 4673 2962 4733 pont.
3005 4663 3264 4720 librorum
3312 4667 3461 4720 volu-

1504 4736 1735 4798 VARUE
1781 4743 2077 4805 LECTION
2084 4751 2190 4808 ES.

284 4837 336 4910 "t
356 4836 770 4910 ὑπογράφονῖρς
807 4850 872 4910 c.-
951 4832 996 4910 ‘.‘
1023 4849 1115 4910 ιε’.
1142 4831 1334 4910 ὡς.Α,ε
1357 4832 1496 4898 τέως
1540 4853 1604 4910 ςε

224 4908 262 4941 ι’
285 4901 515 4963 Φλαυίου
533 4901 602 4962 AL
676 4905 723 4938 "
749 4902 994 4977 πρῶτοςι
1022 4905 1058 4958 ᾶ
1087 4901 1134 4958 Α
1164 4920 1178 4958 =
1210 4903 1395 4973 ὄγδοος
1431 4921 1494 4969 ς.

1595 4837 2364 4938 ;.:1:‘.“L.té_?§i5_a:lsie
2403 4847 2883 4938 aiebat???“
2930 4849 3070 4922 αὕτη
3115 4853 3238 4908 θω-
3289 4871 3346 4910 rc
3387 4853 3455 4910 A-

1675 4917 1798 4977 post
1825 4917 2144 4980 προσειπεῖν
2170 4932 2295 4972 cum
2329 4916 2376 4971 A
2406 4919 2566 4974 omisi
2591 4917 2789 4984 ἔδοξεν.

281 5091 580 5170 (65)_Faci_t_
601 5087 1109 5170 libenter_Phot_ius,
1138 5097 1197 5144 ut
1229 5102 1350 5170 quas
1381 5089 1434 5144 in
1472 5090 1578 5160 piis
1611 5000 2344 5170 repiOTﬁomjacientium
2374 5116 2471 5170 per
2503 5118 2593 5158 me
2626 5103 2852 5160 dixeris.

221 5163 285 5217 rit
313 5157 672 5234 scriptoribus
699 5173 818 5234 pro_
844 5159 1139 5234 imaginum
1166 5157 1314 5234 cultu
1347 5157 1592 5234 annotet,
1629 5157 1773 5229 quod

1946 5166 2058 5242 (_67)
2092 5167 2294 5242 Euseb.
2324 5166 2476 5242 supr.
2505 5175 2837 5242 singularem
2854 5177 2998 5233 hunc
3018 5177 3259 5233 libellum
3291 5176 3413 5232 facit
3433 5194 3452 5233 :

217 5226 436 5322 figeret-
458 5243 610 5322 tunc,
643 5226 924 5322 clitu‘hgg
952 5226 1264 5322 sigriggfell
1289 5226 1774 5322 ξερξρξηξξιίιόςορι
1872 5246 1929 5322 et
1953 5226 2020 5322 :i_n
2039 5226 2219 5322 'editis
2241 5226 3455 5322 omnibusillbdalicium-de,abiimus-minis

218 5294 442 5382 δεξεφίε,
459 5294 678 5382 Eliges.
703 5299 827 5381 cod.
853 5299 944 5382 2'9,
973 5307 1029 5354 et
1051 5294 1180 5352 infr.
1213 5302 1267 5354 in
1295 5296 1478 5382 Pierio
1503 5302 1625 5382 cod.
1651 5301 1774 5382 ll_9.
1873 5306 2216 5382 philosophis
2241 5294 2458 5382 initium
2483 5294 2705 5382 ἰέέιὶιῖτζ

282 5375 389 5446 (δι)
439 5373 571 5431 ,Τοῦ
605 5369 801 5442 ἠθικοῦ
827 5367 1025 5437 τύπου,
1076 5383 1174 5438 pro
1219 5385 1328 5440 quo
1373 5370 1463 5426 alii
1493 5371 1659 5426 τόπου
1703 5374 1781 5428 le—

219 5455 389 5582 81Ιῒιέἐ)
406 5514 578 5580 Quem
609 5511 821 5582 titulum
842 5510 1076 5582 totidem
1100 5509 1388 5582 elementis
1417 5513 1556 5582 apud
1575 5513 1774 5570 Euseb.

217 5580 328 5654 lego
357 5580 558 5640 Eccles.
592 5581 802 5637 Hister.
839 5581 931 5634 lib.
958 5595 1033 5654 νι,
1067 5595 1120 5636 c.
1153 5580 1302 5654 7‘.Aex
1335 5580 1503 5654 ipsius
1527 5581 1778 5639 Clemen-

1949 5378 2060 5453 (ϐξ)
2089 5378 2256 5435 Divus
2291 5378 2652 5453 liieronymus
2677 5382 2770 5440 lib.
2796 5384 2874 5440 De
2923 5386 3290 5442 ecclesiasticis
3323 5405 3454 5442 scri-

1877 5449 2116 5518 ptoribus
2152 5464 2280 5524 cap.
2312 5451 2404 5524 58_.
2437 5449 2644 5518 Quibus
2669 5453 2810 5524 adde
2836 5456 2904 5510 ab
2931 5456 3163 5524 ipsomet
3186 5458 3352 5515 citata
3378 5459 3454 5514 Ite

1882 5519 2432 5592 resur_rectione,_De
2487 5524 2714 5592 nuptiis,
2763 5523 2838 5578 De
2883 5519 3227 5592 continentia,
3280 5538 3336 5583 et
3384 5529 3454 5584 ab

1878 5587 2076 5669 Euseb.
2109 5587 2254 5669 Hist.
2291 5588 2496 5669 Eccles.
2547 5587 2644 5649 lib.
2692 5607 2768 5659 Vl,
2797 5609 2918 5666 cap.
2959 5597 3048 5664 il,
3088 5596 3162 5654 De
3187 5587 3450 5669 patientia

221 5649 290 5709 tis
319 5653 478 5728 lib._t,
511 5669 596 5722 ιιι,
623 5663 680 5708 ει
715 5667 772 5716 ν,
797 5649 1062 5707 extremis
1087 5651 1289 5718 verbis,
1321 5649 1452 5707 alibi
1476 5668 1583 5708 non
1603 5655 1774 5711 semel
1875 5659 1947 5712 ad
1989 5675 2166 5712 recens
2199 5661 2518 5728 baptizatos.

220 5735 1113 5868 rel{Egiltﬁlbgnitione,refertarum,
1143 5789 1259 5850 sive
1300 5792 1466 5851 etiam
1496 5793 1763 5865 cognitio-

1943 5729 2057 5790 169)
2085 5729 2456 5802 Cognomcnto
2482 5732 2788 5791 Caracatla.

2130 5875 2166 5928 ε
