3942 6234
473 268 578 333 387
1632 273 1899 335 PHOTII
1930 272 2050 333 PA']

2152 269 2432 332 TARCHE
2470 274 2576 338 (ΖΡ.
3635 273 3742 338 388

477 398 622 438 mina
648 383 775 436 duo.
826 380 1029 437 llorum
1058 381 1216 439 alteri
1249 382 1338 438 hic
1387 391 1473 438 est
1514 382 1703 437 titulus
1733 403 1747 437 :
1781 382 2050 437 Constitu-

2152 382 2318 454 τεύχη
2339 383 2562 454 βιϐλίων
2581 382 2697 451 δύο,
2723 377 2799 438 ὧν
2822 384 2884 438 τὸ
2915 384 3012 455 μὲν
3040 382 3429 454 ἐπιγράφεται,
3455 383 3740 453 Διαταγαὶ

478 479 650 530 tiones
679 477 1035 541 apostolorum
1077 493 1171 545 per
1210 475 1528 530 Clementem
1561 475 1674 547 (70)
1707 477 2050 544 continetque

2161 476 2282 531 τῶν
2313 476 2676 531 ἀποστόλων
2713 477 2812 531 διὰ
2847 476 3214 546 Κλήμεντος,
3245 476 3304 528 ἐν
3341 469 3387 544 ᾧ
3416 477 3512 529 καὶ
3538 477 3589 529 oi
3633 475 3744 529 τῶν

476 567 766 638 synodicos
825 583 1065 623 canones
1121 567 1241 622 illos
1296 569 1387 636 qui
1447 568 1818 638 apostolorum
1889 568 2050 622 coetui

2162 568 2454 621 συναδικῶν
2505 568 2749 621 κανόνων
2791 567 2869 638 τῷ
2915 567 3244 638 ἀθροίσματι
3271 565 3383 620 τῶν
3422 566 3744 622 ἀποστόλων

475 659 841 714 ascribuntur.
861 660 1104 713 Alterum
1143 670 1324 713 autem
1346 659 1864 729 volumenfepistolaa
1880 658 2050 713 forma

2158 661 2384 724 κανόνες
2451 661 2884 732 ἐπιγραφόμενοι
2940 660 3325 730 περιέχονται⁶
3388 659 3451 714 τὸ
3508 659 3568 713 δὲ
3640 661 3743 730 τὴν

471 751 678 806 Jacobo
734 750 888 806 fratri
923 751 1136 805 Dmnini
1177 751 1480 809 dedicatur.
1543 753 1715 808 Habet
1745 754 1849 808 hoc
1899 753 2053 820 Acta,

471 861 593 914 qum
623 845 896 910 dicuntur,
933 843 1082 897 Petri
1115 846 1361 911 apostoli,
1394 855 1439 897 et
1489 861 1608 898 cum
1655 844 1872 899 Simone
1898 844 2055 914 Mago

471 939 869 991 dissertationes
921 954 934 990 :
995 935 1428 1006 Recognitionem
1480 939 1666 992 adliaec
1744 936 2050 1000 Clementis,

471 1028 688 1098 ejusque
712 1029 970 1097 parentis,
995 1040 1106 1082 tum
1142 1028 1373 1082 aliorum
1400 1029 1652 1099 fratrum.
1692 1028 2052 1095 Quamobrem

477 1121 640 1176 etiam
675 1121 727 1173 iu
759 1121 1087 1189 quibusdam
1111 1121 1389 1175 codicibus
1418 1121 1532 1174 haec
1557 1122 1605 1175 ei
1637 1121 1920 1188 inscriptio
1951 1120 2054 1174 tri-

471 1213 654 1266 buitur
683 1229 697 1264 :
730 1211 1012 1266 Clementis
1051 1211 1273 1265 Romani
1325 1212 1654 1281 Ilecognitio,
1709 1213 1760 1266 in
1795 1212 1916 1266 aliis
1967 1220 2052 1265 ta-

473 1316 623 1366 men,
649 1301 724 1353 uti
759 1300 1020 1364 diximus,
1076 1301 1304 1370 epistola
1353 1302 1654 1372 prmﬁgitur
1692 1311 1952 1371 tanquam
1986 1301 2052 1354 ad

475 1394 702 1449 fratrem
736 1393 946 1448 Domini
979 1393 1281 1460 Iacobum;
1350 1403 1406 1448 et
1454 1394 1568 1448 haec
1617 1407 1792 1463 neque
1841 1393 2050 1458 eadem,

474 1501 652 1555 neque
677 1496 736 1538 ut
765 1487 832 1539 ab
859 1489 1046 1540 eodem
1080 1485 1342 1554 profecta,
1364 1485 1457 1539 sed
1483 1486 1533 1539 in
1559 1485 1714 1540 libris
1751 1485 2050 1548 nonnullis,

473 1579 638 1632 veluti
675 1593 704 1630 a
733 1577 894 1631 Petro
945 1578 1188 1646 apostolo
1213 1577 1282 1631 ad
1308 1575 1570 1631 Jacobum
1617 1579 1808 1642 missa,
1841 1578 1896 1632 in
1929 1576 2053 1632 aliis

474 1683 664 1722 rursus
691 1677 946 1734 tauquam
984 1681 1012 1718 a
1037 1666 1318 1720 Clemente
1347 1668 1412 1720 ad
1443 1665 1725 1732 Jacobum,
1752 1666 1857 1720 alia
1890 1674 2052 1735 atque

2159 753 2546 825 προσφώνησιν
2589 754 2665 816 ὼς
2710 755 2769 807 ἐν
2811 753 3097 822 ἐπιστολῆς
3136 753 3266 806 εῖδει
3305 751 3442 824 πρὸς
3482 752 3743 807 Ἰάκωϐον

2154 844 2246 897 τὸν
2286 844 2607 912 άδελφόθεον
2649 847 2904 907 ποιεῖται,
2955 844 3012 896 ἐν
3053 836 3097 910 ᾧ
3133 842 3195 896 αἵ
3229 859 3288 896 τε
3323 841 3615 910 λεγόμεναι
3647 841 3740 894 τοῦ

2155 939 2502 993 ἀποστόλου
2515 938 2740 1006 Πέτρου
2758 937 3012 1006 Πράξεις
3027 938 3121 991 καὶ
3141 937 3198 989 αἱ
3214 935 3372 1005 Πρὸς
3387 937 3622 1006 Σίμωνα
3637 936 3744 988 τὸν

2156 1028 2363 1098 Μάγον
2378 1028 2699 1094 διαλέξεις,
2724 1029 2818 1082 καὶ
2836 1027 2917 1080 ἐτι
2935 1028 2964 1080 ὁ
2977 1027 3456 1096 Ἀνατνωρισμὸς
3467 1026 3743 1094 Κλήμεν-

2158 1138 2259 1186 τος
2290 1119 2390 1174 καὶ
2418 1120 2528 1175 τοῦ
2561 1119 2788 1186 πατρὸς
2824 1120 2920 1174 καί
2949 1119 3068 1173 τῶν
3090 1118 3301 1172 ἄλλων
3333 1116 3634 1186 ἀδελφῶν,
3661 1117 3742 1170 διὸ

2155 1213 2251 1265 καί
2277 1210 2334 1265 ἐν
2359 1229 2466 1265 τισι
2496 1211 2607 1266 τῶν
2641 1211 2911 1282 βιϐλίωνή
2943 1210 3246 1282 ἐπιγραφή,
3270 1208 3617 1280 Κλήμεντος
3632 1209 3740 1261 τοῦ

2165 1302 2454 1371 Ῥωμαίου
2470 1299 2921 1370 ἀναγνωρισμὸς
2948 1301 3332 1371 ἐπιγράφεται.
3353 1302 3412 1352 ἐν
3444 1299 3558 1352 τισὶ
3573 1297 3742 1361 δέ,ῶς

2155 1395 2387 1466 ἔφημεν,
2424 1394 2683 1465 ἐπιστολὴ
2713 1395 3073 1466 προτάττεται
3106 1393 3182 1456 ὡς
3209 1391 3346 1463 πρὸς
3390 1392 3484 1445 τὸν
3512 1389 3738 1459 ἀδελφό-

2155 1487 2279 1541 θεον
2323 1488 2603 1552 Ἰάκωϐον,
2636 1487 2730 1541 καὶ
2757 1485 2899 1556 αὕτη
2927 1485 2984 1540 δὲ
3006 1485 3104 1556 οὐχ
3136 1488 3170 1556 ή
3193 1484 3354 1554 αὑτὴ,
3379 1483 3502 1537 οὐδὲ
3533 1482 3610 1545 ῶς
3631 1480 3741 1534 ἀπὸ

2154 1580 2248 1635 τοῦ
2285 1580 2451 1634 αὑτοῦ
2492 1578 2786 1651 προσώπου
2830 1577 3296 1649 προενηνεγμένη,
3333 1574 3449 1629 ἀλλ’
3489 1576 3585 1628 ἐπὶ
3635 1573 3738 1643 μέν

2154 1690 2315 1725 τινων
2365 1671 2585 1742 βιϐλίων
2631 1671 2707 1734 ὡς
2755 1670 2864 1725 άπὸ
2903 1669 3111 1742 Πέτρου
3142 1667 3237 1722 τοῦ
3267 1667 3566 1724 ἀποστόλου
3601 1665 3739 1737 πρὸς

474 1761 580 1815 alia
615 1769 676 1814 ut
704 1761 862 1814 modo
895 1759 1150 1812 diximus.
1188 1757 1392 1813 Harum
1425 1759 1574 1829 prior
1592 1759 1830 1814 ostendit
1852 1727 2050 1828 ipsa-m-

2171 1727 2425 1818 Ἰάκωϐον
2483 1727 2893 1834 ἐπεσταλμένη,
2957 1727 3045 1832 οβ’
3100 1762 3302 1832 ἐτέρων
3359 1760 3418 1813 δέ
3473 1759 3550 1822 ὡς
3626 1727 3740 1812 alus

473 1863 587 1908 met
605 1853 821 1906 Petrum
859 1866 992 1906 resa
1018 1865 1076 1906 se
1097 1860 1275 1920 gestas
1307 1850 1719 1921 conscripsisse,
1766 1858 1820 1904 et
1856 1849 2059 1905 Jacobo

475 1961 571 2002 eas
593 1945 892 2016 postulanti
930 1945 1145 1999 misisse
1179 1962 1195 1998 :
1232 1943 1399 1998 altera
1430 1958 1557 1999 vero
1607 1942 1774 1998 refert
1808 1942 2059 1998 Clemen-

473 2048 581 2094 tem
609 2037 757 2093 Petri
790 2037 942 2106 jussu
977 2037 1196 2093 easdem
1224 2053 1312 2092 res
1347 2049 1528 2108 gestas
1568 2038 1767 2093 litteris
1790 2039 2056 2109 proditas,

470 2141 754 2202 postquam
787 2129 1002 2198 illejam
1039 2131 1108 2184 ad
1151 2129 1514 2185 immortalem
1537 2130 1953 2201 commigrasset
1977 2131 2058 2185 vi-

472 2232 580 2276 tam
618 2219 821 2275 Jacobo
871 2221 1261 2275 transmisisse.
1321 2219 1402 2274 Ex
1452 2235 1560 2288 quo
1593 2219 1910 2290 conjectura
1964 2233 2058 2274 ca-

470 2315 614 2384 pitur
642 2313 726 2368 bis
768 2314 936 2369 fuisse
975 2329 1062 2367 res
1106 2321 1290 2384 gestas
1319 2311 1495 2366 sancti
1525 2309 1671 2366 Petri
1697 2312 1871 2366 editas
1918 2311 2055 2382 (7t),

470 2422 535 2461 ac
606 2421 730 2461 cum
787 2405 1049 2476 temporis
1121 2403 1513 2474 longinquitate
1569 2404 1822 2472 periisset
1863 2402 2054 2468 altera,

468 2494 614 2558 illam
641 2493 934 2548 Clementis
978 2493 1191 2546 tandem
1224 2491 1395 2546 solam
1423 2491 1767 2561 perdurasse.
1826 2490 1884 2545 In
1939 2505 2058 2546 om-

471 2586 629 2641 nibus
658 2583 803 2639 enim
840 2582 1017 2648 libris,
1057 2596 1192 2650 quos
1223 2582 1444 2650 quidem
1465 2581 1650 2635 videre
1697 2581 1828 2635 mihi
1877 2582 2056 2636 conti-

469 2680 550 2748 git
586 2677 720 2746 (non
759 2688 960 2742 paucos
995 2671 1120 2726 illos
1151 2671 1322 2740 certe)
1368 2681 1492 2742 post
1518 2670 1764 2728 diversas
1810 2671 1929 2727 illas
1949 2672 2057 2742 epi-

469 2765 644 2822 stolas
677 2774 840 2833 atque
879 2761 1291 2830 inscriptiones,
1347 2760 1488 2814 idem
1539 2760 1763 2814 omnino
1810 2763 1929 2815 sine
1956 2776 2055 2814 va-

469 2859 704 2914 riatione
733 2858 837 2910 boc
883 2853 1068 2924 operis
1100 2852 1314 2906 initium
1369 2851 1589 2921 reperi:
1630 2849 1742 2922 Ego
1791 2852 2052 2916 Clemens,

469 2957 525 3002 et
552 2959 674 3016 quae
701 2944 893 2998 ordine
921 2942 1182 3010 deinceps
1205 2949 1538 3006 sequuntur.
1569 2939 1850 2996 Refertum
1871 2952 2052 2997 autem

2159 1853 2474 1923 Κλήμεντος
2509 1854 2645 1924 πρὸς
2685 1853 2962 1916 Ἰάκωϐον,
2989 1850 3117 1924 [156
3145 1849 3256 1924 H.]|
3285 1849 3420 1922 άλλη
3450 1849 3545 1904 καὶ
3576 1848 3736 1920 άλλη,

2159 1944 2344 2008 καθὼς
2375 1944 2731 2015 προείπομεν.
2757 1943 2870 1997 Καὶ
2896 1945 2930 2015 ή
2965 1944 3064 2014 μὲν
3095 1941 3246 2014 δηλοί
3273 1942 3479 2012 Πέτρον
3515 1941 3618 2002 τὰς
3653 1943 3739 1995 ol-

2159 2039 2317 2101 κείας
2375 2036 2859 2110 συγγράψασθαιη
2905 2035 3132 2107 πράξεις
3165 2035 3261 2089 καὶ
3309 2034 3447 2106 πρὸς
3474 2033 3739 2089 Ἰάκωϐον

2157 2129 2524 2200 αἰτησάμενον
2554 2127 2755 2192 ταύτας
2800 2127 3152 2182 ἀποστεῖλαιο
3193 2128 3228 2198 ή
3273 2127 3331 2180 δὲ
3376 2126 3740 2197 διαλαμϐάνει

2156 2223 2234 2288 ὡς
2278 2223 2511 2294 Κλήμης
2540 2221 2746 2286 ταύτας
2798 2222 2940 2276 κατὰ
2986 2221 3321 2291 πρόσταγμα
3351 2221 3564 2290 Πέτρου
3597 2235 3738 2288 συγ..

2156 2315 2408 2387 γράψειε,
2445 2314 2698 2369 κάκείνου
2713 2314 2850 2387 πρὸς
2879 2313 2977 2385 τὴν
3001 2316 3194 2384 ἀγήρω
3227 2314 3668 2384 μεταναστάντος
3689 2311 3737 2345 ⁸⁸

2157 2408 2464 2464 ἀποστείλοι
2479 2407 2712 2478 Κλήμης
2726 2407 2862 2478 πρὸς
2891 2405 3361 2462 ’1άκωϐον.Ἔστιν
3372 2404 3466 2459 οὖν
3483 2405 3739 2476 εἰκασμῷ

2155 2499 2426 2556 διαλαϐεῖν
2455 2500 2531 2563 ὡς
2571 2498 2666 2552 δύο
2713 2498 2810 2568 μὲν
2847 2499 3036 2568 εἴησαν
3065 2496 3178 2550 τῶν
3217 2497 3427 2568 Πέτρου
3470 2497 3738 2568 Πράξεων

2157 2593 2395 2656 ἐκδόσεις
2423 2591 2809 2662 γεγενημέναι,
2833 2589 2912 2660 τῷ
2943 2589 3000 2642 δὲ
3030 2589 3208 2661 χρόνῳ
3233 2590 3332 2657 τῆς
3360 2591 3555 2662 ἐτέρας
3577 2591 3734 2662 διαρο

2158 2685 2382 2757 ῥυείσης
2413 2685 2788 2754 ἐπεκράτησεν
2813 2685 2848 2753 ή
2881 2682 2976 2736 τοῦ
3005 2683 3320 2755 Κλήμεντος
3343 2697 3360 2712 ο
3385 2683 3445 2736 ἐν
3465 2684 3600 2737 πᾶσι
3625 2689 3738 2754 γάρ

2157 2782 2270 2844 τοῖς
2325 2777 2551 2849 βιϐλίοις
2587 2776 2624 2831 ἃ
2677 2776 2912 2846 εἴδομεν,
2949 2775 3125 2830 καίτοι
3163 2777 3264 2830 οὐκ
3299 2776 3496 2844 ὀλίγων
3540 2777 3736 2840 ὄντων,

2159 2870 2418 2944 μετὰτὰς
2438 2871 2728 2940 διαφόρους
2750 2869 2965 2934 ἐκείνας
2985 2869 3278 2934 ἐπιστολάς
3301 2870 3398 2922 καὶ
3416 2870 3737 2940 ἐπιγραφάς

2154 2966 2256 3035 τὴν
2303 2963 2477 3034 αὐτὴν
2541 2961 2774 3034 εὕρομεν
2830 2961 3269 3033 ἀπαραλλάκτως
3323 2963 3734 3033 πραγματείαν,

472 3040 578 3094 hoc
594 3051 732 3107 opus
763 3034 1018 3090 absurdis
1051 3033 1232 3104 nugis,
1261 3047 1368 3087 non
1399 3034 1515 3088 sine
1541 3033 1791 3103 plurimis
1827 3049 1894 3090 ex
1921 3033 2036 3090 A'rii

2152 3033 2449 3130 ὶράομένην
2463 3071 2477 3086 ’
2495 3033 2642 3124 Ἑγῶ
2668 3053 2977 3124 Κλήμηνς,
2993 3052 3176 3109 καὶτὰ
3200 3053 3327 3123 ἐξῆς
3346 3053 3730 3123 ἐνταττόμενα.

469 3131 728 3201 opinione
787 3130 839 3182 in
895 3125 1092 3181 Filium
1167 3124 1541 3195 blasphemiis.
1611 3124 2042 3182 Constitutiones

2152 3124 2378 3220 Μυρίων
2403 3124 2477 3201 ’δὲ
2509 3145 2880 3215 ἀτοπημάτων
2928 3146 2964 3216 ἡ
2994 3145 3347 3217 πραγματεία
3375 3144 3538 3214 γέμει
3565 3142 3729 3214 αὕτη,

469 3235 637 3293 porro
666 3218 780 3291 (72)
830 3217 1005 3272 tribus
1033 3231 1100 3270 ex
1125 3214 1395 3286 capitibus
1433 3214 1699 3269 duntaxat
1750 3217 2049 3284 reprehen-

470 3311 880 3370 sionividentur
907 3306 1178 3362 obnoxia.
1237 3303 1316 3359 Ex
1344 3304 1488 3358 mala
1519 3305 1774 3358 nimirum
1807 3304 2046 3369 fictione,

469 3419 634 3476 quam
671 3399 945 3471 depellere
982 3412 1086 3452 non
1139 3406 1221 3450 est
1269 3396 1558 3450 admodum
1585 3393 2050 3448 diﬂicilezdeinde

471 3497 616 3569 quod
650 3503 841 3548 contra
901 3487 1376 3544 Deuteronomium
1426 3487 1838 3542 criminationes
1879 3500 2046 3556 quas-

471 3593 594 3646 dam
621 3586 918 3649 adducant,
949 3598 1068 3652 qua:
1092 3591 1148 3637 et
1169 3583 1300 3652 ipsa:
1331 3579 1462 3635 dilui
1491 3577 1748 3635 facillime
1775 3589 2002 3650 possunt
2027 3595 2042 3632 :

472 3682 713 3749 denique
751 3693 817 3732 ex
846 3675 1182 3738 Ariauismo,
1220 3687 1382 3742 quem
1411 3671 1538 3726 item
1567 3685 1760 3724 acarus
1789 3670 1946 3739 paulo
1964 3669 2048 3723 in-

472 3773 690 3835 stando,
742 3766 998 3822 refellere
1043 3779 1236 3833 queas.
1273 3763 1449 3830 lLiber
1495 3771 1729 3816 attamen
1784 3762 2044 3816 Actorum

471 3864 622 3922 Petri
659 3862 772 3932 (qui
795 3863 859 3913 de
885 3857 1350 3926 Recoguitionibus
1376 3855 1654 3923 inscriptus
1685 3854 1784 3921 est)
1837 3852 2048 3922 perspi-

471 3958 676 4013 cuitate
699 3967 764 4008 ac
800 3953 1088 4024 gravitate,
1141 3948 1207 4002 ad
1249 3947 1364 4001 haec
1393 3945 1624 4017 puritate
1671 3943 1812 4015 90b
1869 3953 1926 4000 et
1960 3959 2045 4000 ve-

474 4047 776 4113 hementia,
831 4044 1063 4114 aliisque
1113 4040 1382 4097 orationis
1424 4038 1663 4102 dotibus,
1698 4051 1880 4092 rerum
1915 4038 2045 4094 item

471 4138 748 4193 variarum
779 4135 1049 4200 doctrina,
1075 4141 1283 4186 tantum
1307 4129 1744 4186 Constitutiones
1783 4129 1929 4198 ipsas
1953 4145 2046 4185 su-

469 4237 648 4300 perat,
679 4225 822 4282 nulla
853 4235 914 4282 ut
936 4227 1036 4282 bos
1071 4226 1213 4280 inter
1239 4222 1595 4296 comparatio,
1626 4221 1694 4277 ad
1734 4236 2040 4277 sermonem

469 4319 617 4393 quod
658 4319 877 4388 attinet,
904 4318 1020 4373 ﬁeri
1055 4316 1276 4373 debeat.

2149 3236 2248 3291 καὶ⁵
2273 3235 2373 3306 τῆς
2398 3236 2481 3297 είς
2517 3233 2609 3286 τὸν
2640 3232 2770 3288 Υίὸν
2812 3231 3162 3305 βλασφημίας
3198 3234 3340 3287 κατὰ
3364 3233 3464 3304 τὴν
3511 3235 3728 3304 Ἀρείου

2148 3328 2310 3394 δόξαν
2341 3326 2490 3380 ἐστὶν
2522 3326 2829 3389 ἀνάπλεως.
2863 3326 3006 3379 Αίδέ
3039 3343 3102 3394 γε
3131 3325 3409 3396 Διαταγαί
3443 3327 3590 3396 τρισὶ
3627 3327 3730 3396 μό-

2148 3436 2261 3481 νοις
2290 3417 2539 3472 δοκοῦσιν
2561 3417 2864 3489 ἐνέχεσθαι,
2892 3415 3290 3490 κακοπὶαστίᾳ,
3307 3419 3374 3490 ἢν
3398 3419 3459 3473 οὐ
3489 3419 3734 3490 χαλεπὸν

2147 3511 2655 3577 ἀποσκευάσασθαι,
2719 3511 2814 3565 καί⁵
2875 3511 2956 3564 ὅτι
2990 3510 3134 3566 κατὰ
3173 3511 3269 3565 τοῦ
3299 3512 3732 3584 Δευτερονομίου

2148 3604 2340 3676 ὕϐρεις
2371 3605 2526 3668 τινὰς
2567 3604 2892 3675 ἐπαφίησιν,
2923 3602 2960 3657 ἃ.
2991 3603 3086 3657 καὶ
3117 3606 3314 3676 ῥᾷστον
3344 3603 3730 3671 διαλύσασθαι,

2153 3688 2249 3750 καὶ
2266 3695 2749 3768 ἔτιἈρειανισμῷ,
2774 3696 2912 3766 ὅπερ
2934 3696 3000 3751 άν
3018 3712 3102 3759 τις
3129 3697 3224 3752 καὶ
3252 3697 3442 3768 βιαίως
3472 3698 3738 3771 διακρού-

2149 3805 2322 3842 σαιτο.
2363 3789 2427 3842 Ἡ
2455 3789 2639 3860 μέντοι
2667 3806 2730 3858 γε
2780 3789 2891 3843 τῶν
2942 3789 3038 3842 τοῦ
3073 3787 3299 3858 Πέτρου
3329 3791 3617 3860 Πράξεων
3653 3792 3736 3859 βί-

2147 3881 2274 3944 ϐλος
2305 3879 2386 3952 τῷ
2419 3898 2480 3934 τε
2533 3880 2771 3953 λαμπρῷ
2825 3882 2918 3936 καὶ
2944 3885 3010 3954 τῇ
3063 3882 3351 3954 σεμνότητι
3387 3885 3482 3938 καὶ
3527 3884 3609 3938 ἔτι
3651 3886 3736 3958 τῷ

2145 3973 2375 4046 καθαρῷ
2413 3972 2511 4026 καὶ
2551 3975 2786 4046 συντόνῳ
2825 3974 2922 4029 καὶ
2961 3976 3028 4046 τῇ
3082 3974 3218 4048 ἄλλῃ
3285 3977 3454 4048 ἀρετῇ
3498 3975 3595 4030 τοῦ
3645 3978 3738 4030 λό-

2144 4082 2244 4134 γου
2309 4064 2406 4120 καὶ
2469 4064 2811 4138 πολυμαθείᾳ
2893 4067 3151 4120 τοσοῦτον
3215 4066 3327 4137 ἔχει
3399 4068 3540 4140 πρὸς
3623 4071 3734 4135 τὰς

2144 4154 2436 4223 Διατατὰς
2477 4154 2539 4208 τὸ
2568 4155 2967 4226 παραλλάττον,
3015 4155 3091 4221 ὡς
3139 4155 3276 4226 μηδέ
3315 4158 3622 4228 συγκράσει
3659 4163 3733 4231 τῇ

2145 4244 2286 4298 κατὰ
2311 4246 2437 4309 τοὺς
2461 4244 2652 4316 λόγους
2695 4245 2832 4318 πρὸς
2867 4246 3107 4317 ἀλλήλας
3145 4247 3597 4320 παραϐάλλεσθαι
3625 4253 3734 4317 τὰς

2148 4335 2384 4405 βίϐλους.

540 4411 642 4468 llic
669 4411 924 4468 Clemens
949 4409 1061 4482 (7'5)
1096 4409 1186 4466 ille
1216 4417 1324 4476 est,
1373 4407 1441 4463 de
1469 4421 1576 4478 quo
1616 4406 1804 4462 beatus
1843 4405 2042 4463 Paulus

2215 4423 2386 4492 Οὗτός
2421 4427 2571 4482 ἐστιν
2592 4429 2622 4482 ό
2647 4428 2883 4502 Κλήμης
2916 4431 3046 4503 περὶ
3077 4425 3138 4487 οὗ
3179 4449 3346 4504 φησιν
3375 4434 3404 4487 ό
3437 4434 3737 4500 θεσπέσιος

468 4509 524 4562 in
548 4521 611 4562 ea
637 4521 758 4576 quae
786 4515 872 4560 est
897 4504 964 4560 ad
977 4503 1352 4574 Philippenses
1388 4501 1616 4573 epistola
1646 4519 1660 4558 :
1704 4520 1724 4555 ι
1757 4502 1891 4558 Cum
1919 4499 2042 4557 Cle-

469 4607 652 4654 mente
674 4605 730 4652 et
765 4597 989 4667 reliquis
1010 4594 1457 4665 cooperatoribus
1494 4595 1649 4660 meis,
1680 4609 1909 4667 quorum
1943 4610 2045 4650 no-

471 4689 619 4744 mina
654 4689 858 4758 scripta
909 4696 1038 4744 sunt
1092 4688 1145 4742 in
1179 4686 1319 4743 libro
1366 4687 1508 4742 vitae.
1547 4705 1565 4739 ι
1620 4685 1851 4758 Scripsit
1897 4687 2041 4743 idem

471 4783 651 4852 magni
685 4781 994 4838 faciendam
1027 4782 1095 4836 ad
1116 4781 1432 4838 Corinthios
1447 4782 1731 4854 epistolam
1761 4782 1898 4854 (74),
1923 4798 2045 4854 quas

2145 4519 2357 4584 Παῦλος
2376 4521 2434 4574 ἐν
2462 4523 2531 4593 τῇ
2549 4522 2688 4594 πρὸς
2709 4523 3103 4594 ⁴ιιιλιπ-ιι-ησίους
3118 4525 3404 4598 Ἐπιστολῇ
3432 4529 3500 4593 ⁸⁸,
3539 4527 3739 4582 «Μετὰ

2148 4610 2246 4666 καὶ
2279 4611 2600 4684 Κλήμεντος
2636 4614 2867 4668 καὶτῶν
2908 4615 3114 4670 λοιπῶν
3153 4617 3435 4689 συνεργῶν
3483 4636 3617 4690 μου,
3655 4615 3737 4674 ὧν

2142 4703 2215 4757 τά
2264 4703 2503 4777 ὀνόματα
2539 4707 2598 4759 ἐν
2631 4705 2799 4777 βίϐλῳ
2841 4707 3038 4779 ζωῆς.»
3098 4703 3266 4785 Οὗτος
3296 4708 3389 4763 καὶ
3433 4710 3738 4785 ἐπιστολὴν

2147 4794 2430 4868 ἀξιόλογον
2462 4798 2600 4872 πρὸς
2633 4799 2957 4872 Κορινθίους
2981 4781 3206 4873 γράφει,
3229 4802 3354 4874 ήτις
3391 4804 3546 4876 παρὰ
3590 4781 3738 4860 πολ·-

1391 4983 1406 5003 ‘
1745 4923 1979 4982 VARIE
2039 4928 2443 4991 LECTIONES.

566 5021 613 5052 ¹¹
645 5019 958 5091 συγγράψαι
987 5037 1050 5084 ς.
1131 5021 1180 5055 ³³
1211 5019 1577 5094 μεναστάντος
1600 5039 1660 5085 ς’.
1735 5022 2083 5096 "summam
2113 5041 2186 5092 tv,
2219 5027 2274 5082 3.

1979 5135 2209 5194 NOTIE.

540 5231 652 5306 (70)
672 5233 871 5306 Earum
887 5241 1012 5288 octo
1027 5231 1391 5306 librosGrrece
1403 5233 1634 5306 primum
1653 5231 1916 5306 deinde_et
1935 5233 2039 5287 La-

471 5303 583 5360 tine
613 5303 928 5358 doctissime
949 5303 1288 5372 explanatos,
1316 5303 1730 5372 firmissimeque
1773 5304 2026 5359 defensos

471 5374 640 5430 edidit
665 5373 863 5429 Franc.
898 5371 1429 5428 Turriauusnoster.
1480 5371 1706 5426 Eosdem
1733 5372 1860 5427 item
1913 5389 2036 5429 cum

470 5445 517 5500 Χ
542 5442 972 5514 Recognitionunt
1019 5443 1172 5497 libris
1208 5457 1277 5497 ex
1312 5440 1510 5496 Bullini
1533 5510 1545 5514 _
1572 5442 2038 5514 interpretatione,

473 5510 752 5570 additis'et
785 5515 999 5584 caeteris
1045 5529 1166 5584 qua:
1206 5524 1329 5584 tum
1371 5510 1597 5584 reperiri
1657 5510 1946 5582 potuerunt
1972 5514 2037 5568 Β.

473 5584 741 5708 (.JlenrgtgtSi
814 5583 1034 5655 O‘perib.
1062 5580 1079 5584 ’
1117 5583 1386 5640 dederunt
1430 5580 1672 5638 'Latine‘
1726 5584 2040 5640 Colonieus.

513 5670 567 5708 n.
746 5695 759 5707 .

475 5667 567 5710 an.
603 5667 624 5704 ‘l
637 5667 759 5708 599.

547 5721 663 5795 (71)
695 5721 1130 5795 Recognitionum
1171 5726 1277 5784 duo
1309 5723 1479 5783 fuisse
1523 5721 1822 5791 volumina,
1859 5725 1911 5780 in
1941 5724 2043 5781 ali-

2145 5238 2345 5308 quibus
2409 5240 2551 5294 inter
2591 5255 2652 5295 se
2689 5241 2928 5308 diversa,
2988 5252 3218 5300 testatur
3261 5246 3428 5302 etiam
3482 5245 3752 5305 Bullinus

2144 5305 2307 5362 Praef.
2345 5310 2413 5365 ad
2445 5312 2712 5366 Gaudent.

2219 5378 2334 5450 (72)
2350 5379 2675 5452 Franciscus
2694 5381 3016 5449 Turrianus,
3036 5382 3164 5441 Soc.
3183 5384 3333 5452 Iesu,
3352 5385 3406 5440 in
3424 5385 3751 5444 Clementis

2145 5445 2552 5570 Colnsiitutiones
2630 5463 2801 5522 apost.
2873 5445 3281 5525 Prolcgomenis
3319 5445 3457 5512 "haec
3533 5460 3747 5516 eadem

2146 5533 2210 5574 so
2235 5535 2281 5571 vr
2314 5559 2327 5572 .

2243 5589 2332 5665 25)
2371 5590 2514 5665 bege
2537 5590 2597 5665 Β,
2628 5591 2855 5649 Hieron.
2881 5608 3002 5665 cap.
3038 5595 3125 5660 15,
3161 5595 3336 5651 Catal.

2246 5659 2511 5736 74)__‘Vide
2556 5659 2964 5736 lilieronymum'
2999 5666 3076 5724 De
3115 5659 3365 5736 scriptor.
3421 5668 3732 5726 ecclesiast.

2152 5742 2271 5802 cap.
2313 5732 2404 5802 15,
2425 5743 2479 5791 et
2501 5734 2598 5812 inf.
2631 5732 2902 5792 codditi.
