  <div class='ocr_page' id='page_1' title='image "/cluster/home/n/w/nwhite01/storage/ocr_20150623/103 pt.3/mdp.39015061933738/204.png"; bbox 0 0 3942 6234; ppageno 0'>
   <div class='ocr_carea' id='block_1_1' title="bbox 206 271 302 337">
    <p class='ocr_par' dir='ltr' id='par_1_1' title="bbox 206 271 302 337">
     <span class='ocr_line' id='line_1_1' title="bbox 206 271 302 337; baseline 0 0"><span class='ocrx_word' id='word_1_1' title='bbox 206 271 302 337; x_wconf 79' lang='lat'><strong>389</strong></span> 
     </span>
    </p>
   </div>
   <div class='ocr_carea' id='block_1_2' title="bbox 1193 261 2500 336">
    <p class='ocr_par' dir='ltr' id='par_1_2' title="bbox 1193 261 2500 336">
     <span class='ocr_line' id='line_1_2' title="bbox 1193 261 2500 336; baseline -0.005 -9"><span class='ocrx_word' id='word_1_2' title='bbox 1193 264 1718 327; x_wconf 87' lang='lat' dir='ltr'><strong>BIBLIOTHECA.</strong></span> <span class='ocrx_word' id='word_1_3' title='bbox 1747 289 1817 298; x_wconf 89' lang='lat'><em>--</em></span> <span class='ocrx_word' id='word_1_4' title='bbox 1843 262 2062 324; x_wconf 91' lang='lat' dir='ltr'><strong>CODD.</strong></span> <span class='ocrx_word' id='word_1_5' title='bbox 2103 262 2303 336; x_wconf 88' lang='lat' dir='ltr'><strong>CXIV,</strong></span> <span class='ocrx_word' id='word_1_6' title='bbox 2335 261 2500 322; x_wconf 84' lang='lat' dir='ltr'><strong>CXV.</strong></span> 
     </span>
    </p>
   </div>
   <div class='ocr_carea' id='block_1_3' title="bbox 3353 258 3461 322">
    <p class='ocr_par' dir='ltr' id='par_1_3' title="bbox 3353 258 3461 322">
     <span class='ocr_line' id='line_1_3' title="bbox 3353 258 3461 322; baseline 0.009 -1"><span class='ocrx_word' id='word_1_7' title='bbox 3353 258 3461 322; x_wconf 84' lang='lat'><strong>390</strong></span> 
     </span>
    </p>
   </div>
   <div class='ocr_carea' id='block_1_4' title="bbox 206 366 1794 451">
    <p class='ocr_par' dir='ltr' id='par_1_4' title="bbox 206 373 1774 451">
     <span class='ocr_line' id='line_1_4' title="bbox 206 373 1774 451; baseline -0.008 -13"><span class='ocrx_word' id='word_1_8' title='bbox 206 385 306 448; x_wconf 83' lang='grc' dir='ltr'><strong>λοῖς</strong></span> <span class='ocrx_word' id='word_1_9' title='bbox 327 379 606 451; x_wconf 77' lang='grc' dir='ltr'><strong>ἀποδοχῆς</strong></span> <span class='ocrx_word' id='word_1_10' title='bbox 642 377 851 450; x_wconf 76' lang='grc' dir='ltr'>ἠξιώθη</span> <span class='ocrx_word' id='word_1_11' title='bbox 887 377 964 440; x_wconf 86' lang='grc' dir='ltr'><strong>ὡς</strong></span> <span class='ocrx_word' id='word_1_12' title='bbox 994 378 1090 432; x_wconf 78' lang='grc' dir='ltr'>καὶ</span> <span class='ocrx_word' id='word_1_13' title='bbox 1137 376 1376 449; x_wconf 77' lang='grc' dir='ltr'><strong>δημοσίᾳ</strong></span> <span class='ocrx_word' id='word_1_14' title='bbox 1401 373 1774 443; x_wconf 80' lang='grc' dir='ltr'>ἀναγινώσκε-</span> 
     </span>
    </p>
   </div>
   <div class='ocr_carea' id='block_1_5' title="bbox 1897 366 3463 451">
    <p class='ocr_par' dir='ltr' id='par_1_5' title="bbox 1897 366 3463 441">
     <span class='ocr_line' id='line_1_5' title="bbox 1897 366 3463 441; baseline 0.001 -18"><span class='ocrx_word' id='word_1_15' title='bbox 1897 371 2220 441; x_wconf 73' lang='lat' dir='ltr'><strong>tplerisque</strong></span> <span class='ocrx_word' id='word_1_16' title='bbox 2285 379 2436 424; x_wconf 87' lang='lat' dir='ltr'><strong>tanto</strong></span> <span class='ocrx_word' id='word_1_17' title='bbox 2492 375 2544 423; x_wconf 89' lang='lat' dir='ltr'><strong>lu</strong></span> <span class='ocrx_word' id='word_1_18' title='bbox 2597 367 2772 436; x_wconf 89' lang='lat' dir='ltr'><strong>pretio</strong></span> <span class='ocrx_word' id='word_1_19' title='bbox 2821 376 2906 424; x_wconf 90' lang='lat' dir='ltr'><strong>est</strong></span> <span class='ocrx_word' id='word_1_20' title='bbox 2953 366 3159 435; x_wconf 84' lang='lat' dir='ltr'><strong>habits,</strong></span> <span class='ocrx_word' id='word_1_21' title='bbox 3215 367 3463 439; x_wconf 80' lang='lat' dir='ltr'><strong>adeoque</strong></span> 
     </span>
    </p>
   </div>
   <div class='ocr_carea' id='block_1_6' title="bbox 208 465 1776 540">
    <p class='ocr_par' dir='ltr' id='par_1_6' title="bbox 208 465 1776 540">
     <span class='ocr_line' id='line_1_6' title="bbox 208 465 1776 540; baseline -0.005 -12"><span class='ocrx_word' id='word_1_22' title='bbox 208 476 341 528; x_wconf 88' lang='grc' dir='ltr'>σθαι.</span> <span class='ocrx_word' id='word_1_23' title='bbox 377 473 442 525; x_wconf 86' lang='grc' dir='ltr'><strong>Ἦ</strong></span> <span class='ocrx_word' id='word_1_24' title='bbox 487 471 548 525; x_wconf 83' lang='grc' dir='ltr'>δὲ</span> <span class='ocrx_word' id='word_1_25' title='bbox 592 468 862 540; x_wconf 81' lang='grc' dir='ltr'><strong>λεγομένη</strong></span> <span class='ocrx_word' id='word_1_26' title='bbox 887 469 1118 540; x_wconf 85' lang='grc' dir='ltr'>δευτέρα</span> <span class='ocrx_word' id='word_1_27' title='bbox 1147 470 1285 538; x_wconf 78' lang='grc' dir='ltr'>πρὸς</span> <span class='ocrx_word' id='word_1_28' title='bbox 1317 468 1445 530; x_wconf 79' lang='grc' dir='ltr'>τοὺς</span> <span class='ocrx_word' id='word_1_29' title='bbox 1477 467 1674 528; x_wconf 81' lang='grc' dir='ltr'>αὐτοὺς</span> <span class='ocrx_word' id='word_1_30' title='bbox 1698 465 1776 528; x_wconf 85' lang='grc' dir='ltr'>ώς</span> 
     </span>
    </p>
   </div>
   <div class='ocr_carea' id='block_1_7' title="bbox 205 558 1778 632">
    <p class='ocr_par' dir='ltr' id='par_1_7' title="bbox 205 558 1778 632">
     <span class='ocr_line' id='line_1_7' title="bbox 205 558 1778 632; baseline -0.008 -10"><span class='ocrx_word' id='word_1_31' title='bbox 205 565 346 629; x_wconf 80' lang='grc' dir='ltr'>νόθος</span> <span class='ocrx_word' id='word_1_32' title='bbox 394 560 886 632; x_wconf 79' lang='grc' dir='ltr'>ἁποδοκιμάξεται,</span> <span class='ocrx_word' id='word_1_33' title='bbox 939 560 1130 631; x_wconf 83' lang='grc' dir='ltr'>ὥσπερ</span> <span class='ocrx_word' id='word_1_34' title='bbox 1171 563 1200 614; x_wconf 85' lang='grc' dir='ltr'>ὁ</span> <span class='ocrx_word' id='word_1_35' title='bbox 1236 561 1282 592; x_wconf 72' lang='grc'><strong><em>’⁵</em></strong></span> <span class='ocrx_word' id='word_1_36' title='bbox 1338 558 1778 631; x_wconf 77' lang='grc' dir='ltr'><strong>ἐπιγραφόμενος</strong></span> 
     </span>
    </p>
   </div>
   <div class='ocr_carea' id='block_1_8' title="bbox 207 648 1778 724">
    <p class='ocr_par' dir='ltr' id='par_1_8' title="bbox 207 648 1778 724">
     <span class='ocr_line' id='line_1_8' title="bbox 207 648 1778 724; baseline -0.004 -16"><span class='ocrx_word' id='word_1_37' title='bbox 207 654 290 710; x_wconf 77' lang='grc' dir='ltr'><strong>ἐπ’</strong></span> <span class='ocrx_word' id='word_1_38' title='bbox 310 650 721 724; x_wconf 88' lang='grc' dir='ltr'>ὀνόματιαύτοῦ</span> <span class='ocrx_word' id='word_1_39' title='bbox 750 652 962 722; x_wconf 83' lang='grc' dir='ltr'><strong>Πέτρου</strong></span> <span class='ocrx_word' id='word_1_40' title='bbox 1005 652 1102 705; x_wconf 72' lang='grc' dir='ltr'>καὶ</span> <span class='ocrx_word' id='word_1_41' title='bbox 1124 649 1432 713; x_wconf 86' lang='grc' dir='ltr'>Ἀππίωνος</span> <span class='ocrx_word' id='word_1_42' title='bbox 1455 648 1778 718; x_wconf 86' lang='grc' dir='ltr'>πολύστιχος</span> 
     </span>
    </p>
   </div>
   <div class='ocr_carea' id='block_1_9' title="bbox 207 746 1780 818">
    <p class='ocr_par' dir='ltr' id='par_1_9' title="bbox 207 746 1780 818">
     <span class='ocr_line' id='line_1_9' title="bbox 207 746 1780 818; baseline -0.001 -18"><span class='ocrx_word' id='word_1_43' title='bbox 207 747 464 815; x_wconf 78' lang='grc' dir='ltr'>διάλογος.</span> <span class='ocrx_word' id='word_1_44' title='bbox 491 746 696 800; x_wconf 82' lang='grc' dir='ltr'>Τοῦτόν</span> <span class='ocrx_word' id='word_1_45' title='bbox 731 763 893 816; x_wconf 87' lang='grc' dir='ltr'>φασιν</span> <span class='ocrx_word' id='word_1_46' title='bbox 909 747 959 798; x_wconf 81' lang='lat' dir='ltr'><strong>cl</strong></span> <span class='ocrx_word' id='word_1_47' title='bbox 992 746 1090 817; x_wconf 82' lang='grc' dir='ltr'>μὲν</span> <span class='ocrx_word' id='word_1_48' title='bbox 1112 746 1365 818; x_wconf 85' lang='grc' dir='ltr'>δεύτερον</span> <span class='ocrx_word' id='word_1_49' title='bbox 1390 747 1526 817; x_wconf 87' lang='grc' dir='ltr'>μετὰ</span> <span class='ocrx_word' id='word_1_50' title='bbox 1572 746 1780 817; x_wconf 83' lang='grc' dir='ltr'><strong>Πέτρον</strong></span> 
     </span>
    </p>
   </div>
   <div class='ocr_carea' id='block_1_10' title="bbox 218 837 1782 909">
    <p class='ocr_par' dir='ltr' id='par_1_10' title="bbox 218 837 1782 909">
     <span class='ocr_line' id='line_1_10' title="bbox 218 837 1782 909; baseline 0.001 -18"><span class='ocrx_word' id='word_1_51' title='bbox 218 838 428 908; x_wconf 79' lang='grc' dir='ltr'>Ῥώμης</span> <span class='ocrx_word' id='word_1_52' title='bbox 476 839 850 909; x_wconf 79' lang='grc' dir='ltr'>ὲπισκοπῆσαι</span> <span class='ocrx_word' id='word_1_53' title='bbox 877 840 946 904; x_wconf 73' lang='grc'><strong>’⁸,</strong></span> <span class='ocrx_word' id='word_1_54' title='bbox 983 837 1035 891; x_wconf 77' lang='grc' dir='ltr'>οἱ</span> <span class='ocrx_word' id='word_1_55' title='bbox 1079 838 1137 893; x_wconf 81' lang='grc' dir='ltr'>δὲ</span> <span class='ocrx_word' id='word_1_56' title='bbox 1156 838 1414 909; x_wconf 87' lang='grc' dir='ltr'>τέταρτον</span> <span class='ocrx_word' id='word_1_57' title='bbox 1436 855 1453 872; x_wconf 80' lang='grc' dir='ltr'><strong><em>ο</em></strong></span> <span class='ocrx_word' id='word_1_58' title='bbox 1485 838 1644 893; x_wconf 83' lang='grc' dir='ltr'>Λίνον</span> <span class='ocrx_word' id='word_1_59' title='bbox 1673 839 1782 908; x_wconf 86' lang='grc' dir='ltr'>γὰρ</span> 
     </span>
    </p>
   </div>
   <div class='ocr_carea' id='block_1_11' title="bbox 209 922 1782 998">
    <p class='ocr_par' dir='ltr' id='par_1_11' title="bbox 209 922 1782 998">
     <span class='ocr_line' id='line_1_11' title="bbox 209 922 1782 998; baseline -0.003 -16"><span class='ocrx_word' id='word_1_60' title='bbox 209 929 298 982; x_wconf 81' lang='grc' dir='ltr'>καὶ</span> <span class='ocrx_word' id='word_1_61' title='bbox 318 926 652 998; x_wconf 81' lang='grc' dir='ltr'>’Δνάκλητον</span> <span class='ocrx_word' id='word_1_62' title='bbox 672 927 717 958; x_wconf 77' lang='grc'><strong>⁸⁷</strong></span> <span class='ocrx_word' id='word_1_63' title='bbox 760 925 962 995; x_wconf 76' lang='grc' dir='ltr'>μεταξῦ</span> <span class='ocrx_word' id='word_1_64' title='bbox 986 925 1154 980; x_wconf 83' lang='grc' dir='ltr'>αὑτοῦ</span> <span class='ocrx_word' id='word_1_65' title='bbox 1188 926 1286 980; x_wconf 76' lang='grc' dir='ltr'>καὶ</span> <span class='ocrx_word' id='word_1_66' title='bbox 1323 923 1532 996; x_wconf 78' lang='grc' dir='ltr'><strong>Πέτρου</strong></span> <span class='ocrx_word' id='word_1_67' title='bbox 1563 922 1782 994; x_wconf 83' lang='grc' dir='ltr'><strong>Ῥώμης</strong></span> 
     </span>
    </p>
   </div>
   <div class='ocr_carea' id='block_1_12' title="bbox 210 1015 1785 1088">
    <p class='ocr_par' dir='ltr' id='par_1_12' title="bbox 210 1015 1785 1088">
     <span class='ocr_line' id='line_1_12' title="bbox 210 1015 1785 1088; baseline -0.003 -14"><span class='ocrx_word' id='word_1_68' title='bbox 210 1019 536 1082; x_wconf 72' lang='grc' dir='ltr'><strong>ἐπισκόπους</strong></span> <span class='ocrx_word' id='word_1_69' title='bbox 561 1018 964 1088; x_wconf 76' lang='grc' dir='ltr'><strong>διαγεγονέναι·</strong></span> <span class='ocrx_word' id='word_1_70' title='bbox 1002 1017 1324 1088; x_wconf 82' lang='grc' dir='ltr'>τελευτῆσαι</span> <span class='ocrx_word' id='word_1_71' title='bbox 1342 1017 1402 1072; x_wconf 83' lang='grc' dir='ltr'>δὲ</span> <span class='ocrx_word' id='word_1_72' title='bbox 1428 1015 1592 1072; x_wconf 79' lang='grc' dir='ltr'>αὐτὸν</span> <span class='ocrx_word' id='word_1_73' title='bbox 1613 1016 1785 1086; x_wconf 83' lang='grc' dir='ltr'>τρίτῳ</span> 
     </span>
    </p>
   </div>
   <div class='ocr_carea' id='block_1_13' title="bbox 211 1109 628 1182">
    <p class='ocr_par' dir='ltr' id='par_1_13' title="bbox 211 1109 628 1182">
     <span class='ocr_line' id='line_1_13' title="bbox 211 1109 628 1182; baseline 0.007 -18"><span class='ocrx_word' id='word_1_74' title='bbox 211 1111 311 1164; x_wconf 73' lang='grc' dir='ltr'>ἔτει</span> <span class='ocrx_word' id='word_1_75' title='bbox 331 1109 628 1182; x_wconf 81' lang='grc' dir='ltr'><strong>Τραϊανοῦ.</strong></span> 
     </span>
    </p>
   </div>
   <div class='ocr_carea' id='block_1_14' title="bbox 916 1284 1055 1343">
    <p class='ocr_par' dir='ltr' id='par_1_14' title="bbox 916 1284 1055 1343">
     <span class='ocr_line' id='line_1_14' title="bbox 916 1284 1055 1343; baseline 0.029 -4"><span class='ocrx_word' id='word_1_76' title='bbox 916 1284 1055 1343; x_wconf 82' lang='lat' dir='ltr'><strong>PIA&#39;.</strong></span> 
     </span>
    </p>
   </div>
   <div class='ocr_carea' id='block_1_15' title="bbox 214 1377 1784 1446">
    <p class='ocr_par' dir='ltr' id='par_1_15' title="bbox 214 1377 1784 1446">
     <span class='ocr_line' id='line_1_15' title="bbox 214 1377 1784 1446; baseline -0.001 -12"><span class='ocrx_word' id='word_1_77' title='bbox 214 1379 464 1434; x_wconf 82' lang='grc' dir='ltr'><strong>Λευκίου</strong></span> <span class='ocrx_word' id='word_1_78' title='bbox 511 1377 771 1445; x_wconf 77' lang='grc' dir='ltr'><strong>Χαρίνου</strong></span> <span class='ocrx_word' id='word_1_79' title='bbox 817 1379 878 1431; x_wconf 79' lang='lat' dir='ltr'><strong>al</strong></span> <span class='ocrx_word' id='word_1_80' title='bbox 921 1377 1042 1432; x_wconf 76' lang='grc' dir='ltr'><strong>τῶν</strong></span> <span class='ocrx_word' id='word_1_81' title='bbox 1081 1377 1446 1434; x_wconf 78' lang='grc' dir='ltr'><strong>ἀποστόλων</strong></span> <span class='ocrx_word' id='word_1_82' title='bbox 1494 1377 1784 1446; x_wconf 77' lang='grc' dir='ltr'><strong>Περίοδοι.</strong></span> 
     </span>
    </p>
   </div>
   <div class='ocr_carea' id='block_1_16' title="bbox 281 1466 1790 1541">
    <p class='ocr_par' dir='ltr' id='par_1_16' title="bbox 281 1466 1790 1541">
     <span class='ocr_line' id='line_1_16' title="bbox 281 1466 1790 1541; baseline 0 -19"><span class='ocrx_word' id='word_1_83' title='bbox 281 1469 408 1541; x_wconf 67' lang='lat'><strong>[292</strong></span> <span class='ocrx_word' id='word_1_84' title='bbox 447 1467 543 1541; x_wconf 55' lang='grc' dir='ltr'><strong>ἢ]</strong></span> <span class='ocrx_word' id='word_1_85' title='bbox 585 1466 925 1540; x_wconf 89' lang='grc' dir='ltr'>Ἀνεγνώσθη</span> <span class='ocrx_word' id='word_1_86' title='bbox 961 1469 1186 1540; x_wconf 86' lang='grc' dir='ltr'>βιϐλίον,</span> <span class='ocrx_word' id='word_1_87' title='bbox 1228 1470 1284 1523; x_wconf 82' lang='grc' dir='ltr'><strong>αἱ</strong></span> <span class='ocrx_word' id='word_1_88' title='bbox 1319 1469 1609 1539; x_wconf 84' lang='grc' dir='ltr'><strong>λεγόμεναι</strong></span> <span class='ocrx_word' id='word_1_89' title='bbox 1665 1469 1790 1524; x_wconf 78' lang='grc' dir='ltr'><strong>Τῶν</strong></span> 
     </span>
    </p>
   </div>
   <div class='ocr_carea' id='block_1_17' title="bbox 211 1554 1790 1631">
    <p class='ocr_par' dir='ltr' id='par_1_17' title="bbox 211 1554 1790 1631">
     <span class='ocr_line' id='line_1_17' title="bbox 211 1554 1790 1631; baseline -0.002 -15"><span class='ocrx_word' id='word_1_90' title='bbox 211 1561 573 1616; x_wconf 72' lang='grc' dir='ltr'><strong>ἀποστόλων</strong></span> <span class='ocrx_word' id='word_1_91' title='bbox 623 1559 896 1629; x_wconf 79' lang='grc' dir='ltr'><strong>Περίοδοι</strong></span> <span class='ocrx_word' id='word_1_92' title='bbox 916 1599 930 1624; x_wconf 96' lang='grc'><strong>,</strong></span> <span class='ocrx_word' id='word_1_93' title='bbox 985 1561 1042 1614; x_wconf 79' lang='grc' dir='ltr'><strong>ὲν</strong></span> <span class='ocrx_word' id='word_1_94' title='bbox 1075 1554 1164 1625; x_wconf 77' lang='grc' dir='ltr'>αἷς</span> <span class='ocrx_word' id='word_1_95' title='bbox 1193 1561 1532 1631; x_wconf 79' lang='grc' dir='ltr'>περιείχοντο</span> <span class='ocrx_word' id='word_1_96' title='bbox 1563 1560 1790 1628; x_wconf 81' lang='grc' dir='ltr'>πράξεις</span> 
     </span>
    </p>
   </div>
   <div class='ocr_carea' id='block_1_18' title="bbox 1881 458 3457 528">
    <p class='ocr_par' dir='ltr' id='par_1_18' title="bbox 1881 458 3457 528">
     <span class='ocr_line' id='line_1_18' title="bbox 1881 458 3457 528; baseline -0.002 -13"><span class='ocrx_word' id='word_1_97' title='bbox 1881 462 2121 526; x_wconf 83' lang='lat' dir='ltr'><strong>laudata,</strong></span> <span class='ocrx_word' id='word_1_98' title='bbox 2163 461 2406 514; x_wconf 91' lang='lat' dir='ltr'><strong>utetiam</strong></span> <span class='ocrx_word' id='word_1_99' title='bbox 2460 459 2670 528; x_wconf 84' lang='lat' dir='ltr'><strong>publice</strong></span> <span class='ocrx_word' id='word_1_100' title='bbox 2703 458 2804 528; x_wconf 85' lang='lat' dir='ltr'><strong>legi</strong></span> <span class='ocrx_word' id='word_1_101' title='bbox 2855 458 3074 514; x_wconf 88' lang='lat' dir='ltr'><strong>soleret.</strong></span> <span class='ocrx_word' id='word_1_102' title='bbox 3113 461 3180 512; x_wconf 78' lang='lat' dir='ltr'><strong>At</strong></span> <span class='ocrx_word' id='word_1_103' title='bbox 3205 473 3326 528; x_wconf 62' lang='lat' dir='ltr'><strong>quae</strong></span> <span class='ocrx_word' id='word_1_104' title='bbox 3365 473 3457 514; x_wconf 89' lang='lat' dir='ltr'><strong>se-</strong></span> 
     </span>
    </p>
   </div>
   <div class='ocr_carea' id='block_1_19' title="bbox 1880 549 3464 621">
    <p class='ocr_par' dir='ltr' id='par_1_19' title="bbox 1880 549 3464 621">
     <span class='ocr_line' id='line_1_19' title="bbox 1880 549 3464 621; baseline -0.001 -15"><span class='ocrx_word' id='word_1_105' title='bbox 1880 553 2059 606; x_wconf 89' lang='lat' dir='ltr'><strong>cunda</strong></span> <span class='ocrx_word' id='word_1_106' title='bbox 2089 551 2289 606; x_wconf 90' lang='lat' dir='ltr'><strong>dicitur</strong></span> <span class='ocrx_word' id='word_1_107' title='bbox 2317 551 2384 606; x_wconf 89' lang='lat' dir='ltr'><strong>ad</strong></span> <span class='ocrx_word' id='word_1_108' title='bbox 2415 552 2657 612; x_wconf 83' lang='lat' dir='ltr'><strong>eosdem,</strong></span> <span class='ocrx_word' id='word_1_109' title='bbox 2683 564 2741 605; x_wconf 89' lang='lat' dir='ltr'><strong>ut</strong></span> <span class='ocrx_word' id='word_1_110' title='bbox 2763 551 2946 621; x_wconf 86' lang='lat' dir='ltr'><strong>spuria</strong></span> <span class='ocrx_word' id='word_1_111' title='bbox 2963 549 3230 620; x_wconf 82' lang='lat' dir='ltr'><strong>rejicitur.</strong></span> <span class='ocrx_word' id='word_1_112' title='bbox 3261 549 3464 616; x_wconf 80' lang='lat' dir='ltr'><strong>Queru-</strong></span> 
     </span>
    </p>
   </div>
   <div class='ocr_carea' id='block_1_20' title="bbox 1881 641 3464 714">
    <p class='ocr_par' dir='ltr' id='par_1_20' title="bbox 1881 641 3464 714">
     <span class='ocr_line' id='line_1_20' title="bbox 1881 641 3464 714; baseline -0.001 -16"><span class='ocrx_word' id='word_1_113' title='bbox 1881 644 2170 700; x_wconf 83' lang='lat' dir='ltr'><strong>admodum</strong></span> <span class='ocrx_word' id='word_1_114' title='bbox 2204 652 2260 700; x_wconf 88' lang='lat' dir='ltr'><strong>et</strong></span> <span class='ocrx_word' id='word_1_115' title='bbox 2287 644 2444 714; x_wconf 89' lang='lat' dir='ltr'><strong>longa</strong></span> <span class='ocrx_word' id='word_1_116' title='bbox 2488 643 2577 697; x_wconf 89' lang='lat' dir='ltr'><strong>illa</strong></span> <span class='ocrx_word' id='word_1_117' title='bbox 2608 643 2904 712; x_wconf 90' lang='lat' dir='ltr'><strong>disputatio</strong></span> <span class='ocrx_word' id='word_1_118' title='bbox 2941 682 2958 707; x_wconf 92' lang='lat'><strong>,</strong></span> <span class='ocrx_word' id='word_1_119' title='bbox 3016 643 3160 698; x_wconf 91' lang='lat' dir='ltr'><strong>beati</strong></span> <span class='ocrx_word' id='word_1_120' title='bbox 3218 641 3365 696; x_wconf 83' lang='lat' dir='ltr'><strong>Petri</strong></span> <span class='ocrx_word' id='word_1_121' title='bbox 3406 651 3464 697; x_wconf 89' lang='lat' dir='ltr'><strong>et</strong></span> 
     </span>
    </p>
   </div>
   <div class='ocr_carea' id='block_1_21' title="bbox 1881 734 3465 807">
    <p class='ocr_par' dir='ltr' id='par_1_21' title="bbox 1881 734 3465 807">
     <span class='ocr_line' id='line_1_21' title="bbox 1881 734 3465 807; baseline -0.003 -17"><span class='ocrx_word' id='word_1_122' title='bbox 1881 735 2148 807; x_wconf 81' lang='lat' dir='ltr'><strong>Appionis</strong></span> <span class='ocrx_word' id='word_1_123' title='bbox 2195 752 2390 790; x_wconf 84' lang='lat' dir='ltr'><strong>nomen</strong></span> <span class='ocrx_word' id='word_1_124' title='bbox 2449 735 2589 790; x_wconf 87' lang='lat' dir='ltr'><strong>falso</strong></span> <span class='ocrx_word' id='word_1_125' title='bbox 2647 734 2962 803; x_wconf 69' lang='lat' dir='ltr'><strong>praeferens.</strong></span> <span class='ocrx_word' id='word_1_126' title='bbox 3010 734 3164 789; x_wconf 83' lang='lat' dir='ltr'><strong>Hunc</strong></span> <span class='ocrx_word' id='word_1_127' title='bbox 3213 735 3465 790; x_wconf 87' lang='lat' dir='ltr'><strong>Clemen-</strong></span> 
     </span>
    </p>
   </div>
   <div class='ocr_carea' id='block_1_22' title="bbox 1883 825 3464 899">
    <p class='ocr_par' dir='ltr' id='par_1_22' title="bbox 1883 825 3464 899">
     <span class='ocr_line' id='line_1_22' title="bbox 1883 825 3464 899; baseline -0.003 -15"><span class='ocrx_word' id='word_1_128' title='bbox 1883 838 1988 884; x_wconf 91' lang='lat' dir='ltr'><strong>tem</strong></span> <span class='ocrx_word' id='word_1_129' title='bbox 2019 828 2132 899; x_wconf 81' lang='lat'><strong>(75)</strong></span> <span class='ocrx_word' id='word_1_130' title='bbox 2171 827 2401 882; x_wconf 85' lang='lat' dir='ltr'><strong>alterum</strong></span> <span class='ocrx_word' id='word_1_131' title='bbox 2438 842 2467 880; x_wconf 92' lang='lat' dir='ltr'><strong>a</strong></span> <span class='ocrx_word' id='word_1_132' title='bbox 2502 827 2662 881; x_wconf 87' lang='lat' dir='ltr'><strong>Petro</strong></span> <span class='ocrx_word' id='word_1_133' title='bbox 2728 827 2878 882; x_wconf 85' lang='lat' dir='ltr'><strong>urbis</strong></span> <span class='ocrx_word' id='word_1_134' title='bbox 2937 825 3121 881; x_wconf 81' lang='lat' dir='ltr'><strong>Romae</strong></span> <span class='ocrx_word' id='word_1_135' title='bbox 3151 829 3464 896; x_wconf 81' lang='lat' dir='ltr'><strong>episcopum</strong></span> 
     </span>
    </p>
   </div>
   <div class='ocr_carea' id='block_1_23' title="bbox 1883 916 3460 989">
    <p class='ocr_par' dir='ltr' id='par_1_23' title="bbox 1883 916 3460 989">
     <span class='ocr_line' id='line_1_23' title="bbox 1883 916 3460 989; baseline -0.003 -14"><span class='ocrx_word' id='word_1_136' title='bbox 1883 919 2053 976; x_wconf 88' lang='lat' dir='ltr'><strong>fuisse</strong></span> <span class='ocrx_word' id='word_1_137' title='bbox 2073 920 2294 989; x_wconf 85' lang='lat' dir='ltr'><strong>quidam</strong></span> <span class='ocrx_word' id='word_1_138' title='bbox 2329 926 2634 982; x_wconf 84' lang='lat' dir='ltr'><strong>autumant,</strong></span> <span class='ocrx_word' id='word_1_139' title='bbox 2664 918 2754 970; x_wconf 87' lang='lat' dir='ltr'><strong>alii</strong></span> <span class='ocrx_word' id='word_1_140' title='bbox 2782 933 2910 972; x_wconf 86' lang='lat' dir='ltr'><strong>vero</strong></span> <span class='ocrx_word' id='word_1_141' title='bbox 2939 928 3214 987; x_wconf 90' lang='lat' dir='ltr'><strong>quartum.</strong></span> <span class='ocrx_word' id='word_1_142' title='bbox 3263 916 3460 971; x_wconf 87' lang='lat' dir='ltr'><strong>Linum</strong></span> 
     </span>
    </p>
   </div>
   <div class='ocr_carea' id='block_1_24' title="bbox 1883 1009 3464 1078">
    <p class='ocr_par' dir='ltr' id='par_1_24' title="bbox 1883 1009 3464 1078">
     <span class='ocr_line' id='line_1_24' title="bbox 1883 1009 3464 1078; baseline -0.003 -12"><span class='ocrx_word' id='word_1_143' title='bbox 1883 1012 2026 1066; x_wconf 85' lang='lat' dir='ltr'><strong>enim</strong></span> <span class='ocrx_word' id='word_1_144' title='bbox 2060 1020 2116 1066; x_wconf 88' lang='lat' dir='ltr'><strong>et</strong></span> <span class='ocrx_word' id='word_1_145' title='bbox 2146 1009 2462 1064; x_wconf 90' lang='lat' dir='ltr'><strong>Anacletum</strong></span> <span class='ocrx_word' id='word_1_146' title='bbox 2498 1010 2638 1063; x_wconf 90' lang='lat' dir='ltr'><strong>inter</strong></span> <span class='ocrx_word' id='word_1_147' title='bbox 2663 1021 2948 1078; x_wconf 89' lang='lat' dir='ltr'><strong>utrumque</strong></span> <span class='ocrx_word' id='word_1_148' title='bbox 2975 1009 3260 1077; x_wconf 86' lang='lat' dir='ltr'><strong>pontifices</strong></span> <span class='ocrx_word' id='word_1_149' title='bbox 3294 1009 3464 1064; x_wconf 88' lang='lat' dir='ltr'><strong>inter-</strong></span> 
     </span>
    </p>
   </div>
   <div class='ocr_carea' id='block_1_25' title="bbox 1888 1099 3470 1172">
    <p class='ocr_par' dir='ltr' id='par_1_25' title="bbox 1888 1099 3470 1172">
     <span class='ocr_line' id='line_1_25' title="bbox 1888 1099 3470 1172; baseline -0.001 -15"><span class='ocrx_word' id='word_1_150' title='bbox 1888 1104 2144 1169; x_wconf 73' lang='lat' dir='ltr'><strong>cessisse,</strong></span> <span class='ocrx_word' id='word_1_151' title='bbox 2174 1117 2240 1156; x_wconf 86' lang='lat' dir='ltr'><strong>ac</strong></span> <span class='ocrx_word' id='word_1_152' title='bbox 2271 1102 2436 1155; x_wconf 91' lang='lat' dir='ltr'><strong>tertio</strong></span> <span class='ocrx_word' id='word_1_153' title='bbox 2467 1102 2682 1155; x_wconf 85' lang='lat' dir='ltr'><strong>demum</strong></span> <span class='ocrx_word' id='word_1_154' title='bbox 2715 1099 2932 1168; x_wconf 80' lang='lat' dir='ltr'><strong>Trajaui</strong></span> <span class='ocrx_word' id='word_1_155' title='bbox 2961 1101 3306 1172; x_wconf 81' lang='lat' dir='ltr'><strong>imperatoris</strong></span> <span class='ocrx_word' id='word_1_156' title='bbox 3322 1115 3470 1156; x_wconf 81' lang='lat' dir='ltr'><strong>anno</strong></span> 
     </span>
    </p>
   </div>
   <div class='ocr_carea' id='block_1_26' title="bbox 1886 1191 2476 1263">
    <p class='ocr_par' dir='ltr' id='par_1_26' title="bbox 1886 1191 2476 1263">
     <span class='ocr_line' id='line_1_26' title="bbox 1886 1191 2476 1263; baseline 0 -17"><span class='ocrx_word' id='word_1_157' title='bbox 1886 1194 2052 1248; x_wconf 80' lang='lat' dir='ltr'><strong>vitam</strong></span> <span class='ocrx_word' id='word_1_158' title='bbox 2086 1193 2290 1247; x_wconf 71' lang='lat' dir='ltr'><strong>[iniisse</strong></span> <span class='ocrx_word' id='word_1_159' title='bbox 2335 1191 2476 1263; x_wconf 86' lang='lat'><strong>(76).</strong></span> 
     </span>
    </p>
   </div>
   <div class='ocr_carea' id='block_1_27' title="bbox 2589 1281 2776 1338">
    <p class='ocr_par' dir='ltr' id='par_1_27' title="bbox 2589 1281 2776 1338">
     <span class='ocr_line' id='line_1_27' title="bbox 2589 1281 2776 1338; baseline -0.005 0"><span class='ocrx_word' id='word_1_160' title='bbox 2589 1281 2776 1338; x_wconf 84' lang='lat' dir='ltr'><strong>CXIV.</strong></span> 
     </span>
    </p>
   </div>
   <div class='ocr_carea' id='block_1_28' title="bbox 2131 1373 3223 1444">
    <p class='ocr_par' dir='ltr' id='par_1_28' title="bbox 2131 1373 3223 1444">
     <span class='ocr_line' id='line_1_28' title="bbox 2131 1373 3223 1444; baseline -0.001 -15"><span class='ocrx_word' id='word_1_161' title='bbox 2131 1375 2284 1430; x_wconf 77' lang='lat' dir='ltr'><strong>Lucii</strong></span> <span class='ocrx_word' id='word_1_162' title='bbox 2333 1373 2553 1430; x_wconf 78' lang='lat' dir='ltr'><strong>Charini</strong></span> <span class='ocrx_word' id='word_1_163' title='bbox 2602 1373 2815 1428; x_wconf 78' lang='lat' dir='ltr'><strong>Periodi</strong></span> <span class='ocrx_word' id='word_1_164' title='bbox 2843 1374 3223 1444; x_wconf 76' lang='lat' dir='ltr'><strong>apostolorum,</strong></span> 
     </span>
    </p>
   </div>
   <div class='ocr_carea' id='block_1_29' title="bbox 1964 1463 3470 1532">
    <p class='ocr_par' dir='ltr' id='par_1_29' title="bbox 1964 1463 3470 1532">
     <span class='ocr_line' id='line_1_29' title="bbox 1964 1463 3470 1532; baseline -0.001 -12"><span class='ocrx_word' id='word_1_165' title='bbox 1964 1464 2166 1520; x_wconf 81' lang='lat' dir='ltr'><strong>Lectus</strong></span> <span class='ocrx_word' id='word_1_166' title='bbox 2202 1466 2340 1519; x_wconf 89' lang='lat' dir='ltr'><strong>liber</strong></span> <span class='ocrx_word' id='word_1_167' title='bbox 2358 1475 2444 1520; x_wconf 89' lang='lat' dir='ltr'><strong>est</strong></span> <span class='ocrx_word' id='word_1_168' title='bbox 2471 1464 2574 1518; x_wconf 87' lang='lat' dir='ltr'><strong>hoc</strong></span> <span class='ocrx_word' id='word_1_169' title='bbox 2598 1463 2752 1517; x_wconf 87' lang='lat' dir='ltr'><strong>titulo</strong></span> <span class='ocrx_word' id='word_1_170' title='bbox 2784 1481 2799 1519; x_wconf 88' lang='lat'><strong>:</strong></span> <span class='ocrx_word' id='word_1_171' title='bbox 2837 1463 3209 1532; x_wconf 75' lang='lat' dir='ltr'><strong>Apostolorum</strong></span> <span class='ocrx_word' id='word_1_172' title='bbox 3231 1463 3470 1518; x_wconf 82' lang='lat' dir='ltr'><strong>Periodi.</strong></span> 
     </span>
    </p>
   </div>
   <div class='ocr_carea' id='block_1_30' title="bbox 1889 1553 3470 1627">
    <p class='ocr_par' dir='ltr' id='par_1_30' title="bbox 1889 1553 3470 1627">
     <span class='ocr_line' id='line_1_30' title="bbox 1889 1553 3470 1627; baseline -0.001 -14"><span class='ocrx_word' id='word_1_173' title='bbox 1889 1557 2282 1627; x_wconf 87' lang='lat' dir='ltr'><strong>Complectitur</strong></span> <span class='ocrx_word' id='word_1_174' title='bbox 2308 1557 2441 1610; x_wconf 78' lang='lat' dir='ltr'><strong>Acta</strong></span> <span class='ocrx_word' id='word_1_175' title='bbox 2465 1554 2635 1620; x_wconf 87' lang='lat' dir='ltr'><strong>Petri,</strong></span> <span class='ocrx_word' id='word_1_176' title='bbox 2667 1553 2914 1621; x_wconf 86' lang='lat' dir='ltr'><strong>Joannis,</strong></span> <span class='ocrx_word' id='word_1_177' title='bbox 2943 1557 3194 1622; x_wconf 69' lang='lat' dir='ltr'><strong>Andreae,</strong></span> <span class='ocrx_word' id='word_1_178' title='bbox 3227 1555 3470 1624; x_wconf 67' lang='lat' dir='ltr'><strong>Thomas,</strong></span> 
     </span>
    </p>
   </div>
   <div class='ocr_carea' id='block_1_31' title="bbox 213 1646 1794 1724">
    <p class='ocr_par' dir='ltr' id='par_1_31' title="bbox 213 1650 1786 1724">
     <span class='ocr_line' id='line_1_31' title="bbox 213 1650 1786 1724; baseline -0.002 -18"><span class='ocrx_word' id='word_1_179' title='bbox 213 1654 441 1724; x_wconf 82' lang='grc' dir='ltr'><strong>Πέτρου,</strong></span> <span class='ocrx_word' id='word_1_180' title='bbox 470 1651 745 1717; x_wconf 83' lang='grc' dir='ltr'><strong>Ἰωάννου,</strong></span> <span class='ocrx_word' id='word_1_181' title='bbox 782 1651 1054 1721; x_wconf 81' lang='grc' dir='ltr'><strong>Ἀνδρέου,</strong></span> <span class='ocrx_word' id='word_1_182' title='bbox 1083 1651 1277 1720; x_wconf 77' lang='grc' dir='ltr'>Θωμᾶ,</span> <span class='ocrx_word' id='word_1_183' title='bbox 1309 1650 1548 1706; x_wconf 84' lang='grc' dir='ltr'><strong>Παύλου.</strong></span> <span class='ocrx_word' id='word_1_184' title='bbox 1579 1650 1786 1722; x_wconf 79' lang='grc' dir='ltr'>Γράφει</span> 
     </span>
    </p>
   </div>
   <div class='ocr_carea' id='block_1_32' title="bbox 1897 1646 3470 1724">
    <p class='ocr_par' dir='ltr' id='par_1_32' title="bbox 1897 1646 3470 1716">
     <span class='ocr_line' id='line_1_32' title="bbox 1897 1646 3470 1716; baseline 0.001 -14"><span class='ocrx_word' id='word_1_185' title='bbox 1897 1657 1949 1703; x_wconf 90' lang='lat' dir='ltr'><strong>et</strong></span> <span class='ocrx_word' id='word_1_186' title='bbox 1969 1647 2145 1714; x_wconf 86' lang='lat' dir='ltr'><strong>Pauli,</strong></span> <span class='ocrx_word' id='word_1_187' title='bbox 2185 1657 2435 1711; x_wconf 90' lang='lat' dir='ltr'><strong>auctore,</strong></span> <span class='ocrx_word' id='word_1_188' title='bbox 2469 1657 2527 1700; x_wconf 90' lang='lat' dir='ltr'><strong>ut</strong></span> <span class='ocrx_word' id='word_1_189' title='bbox 2553 1646 2824 1716; x_wconf 90' lang='lat' dir='ltr'><strong>Iiberipse</strong></span> <span class='ocrx_word' id='word_1_190' title='bbox 2848 1647 3109 1712; x_wconf 87' lang='lat' dir='ltr'><strong>ostendit,</strong></span> <span class='ocrx_word' id='word_1_191' title='bbox 3135 1646 3303 1703; x_wconf 89' lang='lat' dir='ltr'><strong>Lucio</strong></span> <span class='ocrx_word' id='word_1_192' title='bbox 3323 1647 3470 1704; x_wconf 85' lang='lat' dir='ltr'><strong>Cha-</strong></span> 
     </span>
    </p>
   </div>
   <div class='ocr_carea' id='block_1_33' title="bbox 215 1721 1794 1815">
    <p class='ocr_par' dir='ltr' id='par_1_33' title="bbox 215 1721 1782 1815">
     <span class='ocr_line' id='line_1_33' title="bbox 215 1721 1782 1815; baseline -0.001 -17"><span class='ocrx_word' id='word_1_193' title='bbox 215 1743 269 1798; x_wconf 81' lang='grc' dir='ltr'>δὲ</span> <span class='ocrx_word' id='word_1_194' title='bbox 290 1721 485 1807; x_wconf 42' lang='grc' dir='ltr'>αῖῦτάς,</span> <span class='ocrx_word' id='word_1_195' title='bbox 518 1743 594 1806; x_wconf 90' lang='grc' dir='ltr'><strong>ώς</strong></span> <span class='ocrx_word' id='word_1_196' title='bbox 622 1742 773 1813; x_wconf 86' lang='grc' dir='ltr'>δηλοῖ</span> <span class='ocrx_word' id='word_1_197' title='bbox 795 1743 857 1795; x_wconf 82' lang='grc' dir='ltr'><strong>τὸ</strong></span> <span class='ocrx_word' id='word_1_198' title='bbox 880 1742 1012 1796; x_wconf 82' lang='grc' dir='ltr'>αὐτὸ</span> <span class='ocrx_word' id='word_1_199' title='bbox 1035 1742 1257 1812; x_wconf 84' lang='grc' dir='ltr'>βιϐλίον,</span> <span class='ocrx_word' id='word_1_200' title='bbox 1283 1741 1506 1806; x_wconf 81' lang='grc' dir='ltr'>Λεύκιος</span> <span class='ocrx_word' id='word_1_201' title='bbox 1530 1721 1782 1815; x_wconf 83' lang='grc' dir='ltr'>Χαρῖνος.</span> 
     </span>
    </p>
   </div>
   <div class='ocr_carea' id='block_1_34' title="bbox 1897 1721 3470 1815">
    <p class='ocr_par' dir='ltr' id='par_1_34' title="bbox 1897 1736 3470 1806">
     <span class='ocr_line' id='line_1_34' title="bbox 1897 1736 3470 1806; baseline 0 -13"><span class='ocrx_word' id='word_1_202' title='bbox 1897 1737 2036 1793; x_wconf 91' lang='lat' dir='ltr'><strong>rino.</strong></span> <span class='ocrx_word' id='word_1_203' title='bbox 2097 1737 2276 1792; x_wconf 89' lang='lat' dir='ltr'><strong>Dictio</strong></span> <span class='ocrx_word' id='word_1_204' title='bbox 2344 1736 2462 1804; x_wconf 83' lang='lat' dir='ltr'><strong>ejus</strong></span> <span class='ocrx_word' id='word_1_205' title='bbox 2525 1736 2751 1790; x_wconf 89' lang='lat' dir='ltr'><strong>omnino</strong></span> <span class='ocrx_word' id='word_1_206' title='bbox 2812 1736 3097 1806; x_wconf 64' lang='lat' dir='ltr'><strong>inaequalis</strong></span> <span class='ocrx_word' id='word_1_207' title='bbox 3149 1753 3213 1792; x_wconf 91' lang='lat' dir='ltr'><strong>ac</strong></span> <span class='ocrx_word' id='word_1_208' title='bbox 3261 1739 3404 1792; x_wconf 87' lang='lat' dir='ltr'><strong>varia</strong></span> <span class='ocrx_word' id='word_1_209' title='bbox 3453 1755 3470 1793; x_wconf 89' lang='lat'><strong>:</strong></span> 
     </span>
    </p>
   </div>
   <div class='ocr_carea' id='block_1_35' title="bbox 224 1833 1788 1906">
    <p class='ocr_par' dir='ltr' id='par_1_35' title="bbox 224 1833 1788 1906">
     <span class='ocr_line' id='line_1_35' title="bbox 224 1833 1788 1906; baseline -0.002 -16"><span class='ocrx_word' id='word_1_210' title='bbox 224 1835 283 1889; x_wconf 85' lang='grc' dir='ltr'><strong>Ἦ</strong></span> <span class='ocrx_word' id='word_1_211' title='bbox 313 1835 369 1890; x_wconf 84' lang='grc' dir='ltr'>δὲ</span> <span class='ocrx_word' id='word_1_212' title='bbox 408 1835 614 1906; x_wconf 83' lang='grc' dir='ltr'><strong>φράσις</strong></span> <span class='ocrx_word' id='word_1_213' title='bbox 641 1836 721 1898; x_wconf 86' lang='grc' dir='ltr'><strong>είς</strong></span> <span class='ocrx_word' id='word_1_214' title='bbox 749 1833 810 1887; x_wconf 86' lang='grc' dir='ltr'>τὸ</span> <span class='ocrx_word' id='word_1_215' title='bbox 846 1833 1106 1898; x_wconf 82' lang='grc' dir='ltr'>παντελὲς</span> <span class='ocrx_word' id='word_1_216' title='bbox 1135 1833 1420 1906; x_wconf 82' lang='grc' dir='ltr'>ἀνώμαλός</span> <span class='ocrx_word' id='word_1_217' title='bbox 1436 1852 1496 1889; x_wconf 83' lang='grc' dir='ltr'><strong>τε</strong></span> <span class='ocrx_word' id='word_1_218' title='bbox 1519 1835 1612 1888; x_wconf 78' lang='grc' dir='ltr'>καὶ</span> <span class='ocrx_word' id='word_1_219' title='bbox 1645 1851 1788 1906; x_wconf 87' lang='grc' dir='ltr'>παρ-</span> 
     </span>
    </p>
   </div>
   <div class='ocr_carea' id='block_1_36' title="bbox 216 1921 1790 1996">
    <p class='ocr_par' dir='ltr' id='par_1_36' title="bbox 216 1921 1790 1996">
     <span class='ocr_line' id='line_1_36' title="bbox 216 1921 1790 1996; baseline -0.003 -18"><span class='ocrx_word' id='word_1_220' title='bbox 216 1925 534 1996; x_wconf 81' lang='grc' dir='ltr'>ηλλαγμένη</span> <span class='ocrx_word' id='word_1_221' title='bbox 559 1940 574 1955; x_wconf 72' lang='grc'><strong><em>⁸</em></strong></span> <span class='ocrx_word' id='word_1_222' title='bbox 619 1922 716 1977; x_wconf 76' lang='grc' dir='ltr'>καὶ</span> <span class='ocrx_word' id='word_1_223' title='bbox 746 1921 1030 1987; x_wconf 81' lang='grc' dir='ltr'>συντάξεσι</span> <span class='ocrx_word' id='word_1_224' title='bbox 1063 1923 1174 1994; x_wconf 88' lang='grc' dir='ltr'>γὰρ</span> <span class='ocrx_word' id='word_1_225' title='bbox 1203 1924 1296 1976; x_wconf 77' lang='grc' dir='ltr'><strong>καὶ</strong></span> <span class='ocrx_word' id='word_1_226' title='bbox 1323 1921 1499 1988; x_wconf 82' lang='grc' dir='ltr'>λέξεσι</span> <span class='ocrx_word' id='word_1_227' title='bbox 1525 1923 1790 1995; x_wconf 82' lang='grc' dir='ltr'>κέχρηται</span> 
     </span>
    </p>
   </div>
   <div class='ocr_carea' id='block_1_37' title="bbox 215 2013 1792 2087">
    <p class='ocr_par' dir='ltr' id='par_1_37' title="bbox 215 2013 1792 2087">
     <span class='ocr_line' id='line_1_37' title="bbox 215 2013 1792 2087; baseline -0.002 -16"><span class='ocrx_word' id='word_1_228' title='bbox 215 2018 381 2072; x_wconf 69' lang='grc' dir='ltr'>ἐνίοτε</span> <span class='ocrx_word' id='word_1_229' title='bbox 435 2015 540 2087; x_wconf 84' lang='grc' dir='ltr'><strong>μὲν</strong></span> <span class='ocrx_word' id='word_1_230' title='bbox 581 2015 685 2068; x_wconf 81' lang='grc' dir='ltr'><strong>οὐκ</strong></span> <span class='ocrx_word' id='word_1_231' title='bbox 726 2013 1123 2085; x_wconf 77' lang='grc' dir='ltr'>ἠμελημέναις,</span> <span class='ocrx_word' id='word_1_232' title='bbox 1163 2014 1304 2068; x_wconf 85' lang='grc' dir='ltr'>κατὰ</span> <span class='ocrx_word' id='word_1_233' title='bbox 1349 2015 1406 2067; x_wconf 86' lang='grc' dir='ltr'>δὲ</span> <span class='ocrx_word' id='word_1_234' title='bbox 1439 2014 1506 2067; x_wconf 84' lang='grc' dir='ltr'><strong>’τὸ</strong></span> <span class='ocrx_word' id='word_1_235' title='bbox 1542 2013 1792 2068; x_wconf 85' lang='grc' dir='ltr'>πλεῖστον</span> 
     </span>
    </p>
   </div>
   <div class='ocr_carea' id='block_1_38' title="bbox 216 2104 1793 2179">
    <p class='ocr_par' dir='ltr' id='par_1_38' title="bbox 216 2104 1793 2179">
     <span class='ocr_line' id='line_1_38' title="bbox 216 2104 1793 2179; baseline -0.003 -17"><span class='ocrx_word' id='word_1_236' title='bbox 216 2107 494 2179; x_wconf 72' lang='grc' dir='ltr'>ἀγοραίοις</span> <span class='ocrx_word' id='word_1_237' title='bbox 535 2107 632 2160; x_wconf 73' lang='grc' dir='ltr'><strong>καὶ</strong></span> <span class='ocrx_word' id='word_1_238' title='bbox 662 2106 1100 2177; x_wconf 86' lang='grc' dir='ltr'>πεπατημέναις,</span> <span class='ocrx_word' id='word_1_239' title='bbox 1137 2106 1233 2160; x_wconf 76' lang='grc' dir='ltr'><strong>καὶ</strong></span> <span class='ocrx_word' id='word_1_240' title='bbox 1269 2104 1422 2159; x_wconf 78' lang='grc' dir='ltr'>οὐδὲν</span> <span class='ocrx_word' id='word_1_241' title='bbox 1454 2104 1554 2175; x_wconf 78' lang='grc' dir='ltr'><strong>τῆς</strong></span> <span class='ocrx_word' id='word_1_242' title='bbox 1583 2104 1793 2175; x_wconf 82' lang='grc' dir='ltr'>ὁμαλῆς</span> 
     </span>
    </p>
   </div>
   <div class='ocr_carea' id='block_1_39' title="bbox 219 2196 1790 2269">
    <p class='ocr_par' dir='ltr' id='par_1_39' title="bbox 219 2196 1790 2269">
     <span class='ocr_line' id='line_1_39' title="bbox 219 2196 1790 2269; baseline -0.003 -15"><span class='ocrx_word' id='word_1_243' title='bbox 219 2201 308 2254; x_wconf 82' lang='grc' dir='ltr'><strong>καὶ</strong></span> <span class='ocrx_word' id='word_1_244' title='bbox 341 2197 700 2269; x_wconf 79' lang='grc' dir='ltr'>αὐτοσχεδίου</span> <span class='ocrx_word' id='word_1_245' title='bbox 744 2198 998 2268; x_wconf 86' lang='grc' dir='ltr'>φράσεως</span> <span class='ocrx_word' id='word_1_246' title='bbox 1026 2200 1124 2251; x_wconf 80' lang='grc' dir='ltr'>καὶ</span> <span class='ocrx_word' id='word_1_247' title='bbox 1158 2197 1258 2268; x_wconf 81' lang='grc' dir='ltr'><strong>τῆς</strong></span> <span class='ocrx_word' id='word_1_248' title='bbox 1301 2197 1510 2250; x_wconf 76' lang='grc' dir='ltr'>ἐκεῖθεν</span> <span class='ocrx_word' id='word_1_249' title='bbox 1548 2196 1790 2268; x_wconf 77' lang='grc' dir='ltr'>ἐμφύτου</span> 
     </span>
    </p>
   </div>
   <div class='ocr_carea' id='block_1_40' title="bbox 216 2289 1795 2364">
    <p class='ocr_par' dir='ltr' id='par_1_40' title="bbox 216 2289 1795 2364">
     <span class='ocr_line' id='line_1_40' title="bbox 216 2289 1795 2364; baseline -0.003 -18"><span class='ocrx_word' id='word_1_250' title='bbox 216 2293 456 2364; x_wconf 85' lang='grc' dir='ltr'>χάριτος,</span> <span class='ocrx_word' id='word_1_251' title='bbox 499 2289 626 2343; x_wconf 81' lang='grc' dir='ltr'>καθ’</span> <span class='ocrx_word' id='word_1_252' title='bbox 668 2291 735 2360; x_wconf 80' lang='grc' dir='ltr'><strong>ῆν</strong></span> <span class='ocrx_word' id='word_1_253' title='bbox 761 2291 790 2343; x_wconf 86' lang='grc' dir='ltr'><strong>ό</strong></span> <span class='ocrx_word' id='word_1_254' title='bbox 825 2289 1178 2359; x_wconf 81' lang='grc' dir='ltr'>εὐαγγελικός</span> <span class='ocrx_word' id='word_1_255' title='bbox 1221 2307 1280 2344; x_wconf 91' lang='grc' dir='ltr'><strong>τε</strong></span> <span class='ocrx_word' id='word_1_256' title='bbox 1317 2290 1413 2343; x_wconf 77' lang='grc' dir='ltr'><strong>καὶ</strong></span> <span class='ocrx_word' id='word_1_257' title='bbox 1441 2289 1795 2354; x_wconf 84' lang='grc' dir='ltr'>άποστολικδς</span> 
     </span>
    </p>
   </div>
   <div class='ocr_carea' id='block_1_41' title="bbox 217 2381 1796 2455">
    <p class='ocr_par' dir='ltr' id='par_1_41' title="bbox 217 2381 1796 2455">
     <span class='ocr_line' id='line_1_41' title="bbox 217 2381 1796 2455; baseline -0.003 -17"><span class='ocrx_word' id='word_1_258' title='bbox 217 2385 668 2455; x_wconf 81' lang='grc' dir='ltr'>διαμεμόρφωται</span> <span class='ocrx_word' id='word_1_259' title='bbox 715 2381 895 2451; x_wconf 84' lang='grc' dir='ltr'>λόγος,</span> <span class='ocrx_word' id='word_1_260' title='bbox 935 2382 1044 2436; x_wconf 83' lang='grc' dir='ltr'>οὐδ’</span> <span class='ocrx_word' id='word_1_261' title='bbox 1099 2383 1245 2453; x_wconf 75' lang='grc' dir='ltr'>[χνος</span> <span class='ocrx_word' id='word_1_262' title='bbox 1282 2383 1583 2453; x_wconf 79' lang='grc' dir='ltr'>ἐμφαίνων.</span> <span class='ocrx_word' id='word_1_263' title='bbox 1628 2382 1796 2452; x_wconf 84' lang='grc' dir='ltr'>Γέμει</span> 
     </span>
    </p>
   </div>
   <div class='ocr_carea' id='block_1_42' title="bbox 218 2469 1796 2543">
    <p class='ocr_par' dir='ltr' id='par_1_42' title="bbox 218 2469 1796 2543">
     <span class='ocr_line' id='line_1_42' title="bbox 218 2469 1796 2543; baseline -0.001 -17"><span class='ocrx_word' id='word_1_264' title='bbox 218 2474 271 2527; x_wconf 77' lang='grc' dir='ltr'>δὲ</span> <span class='ocrx_word' id='word_1_265' title='bbox 301 2472 398 2526; x_wconf 79' lang='grc' dir='ltr'><strong>καὶ</strong></span> <span class='ocrx_word' id='word_1_266' title='bbox 434 2471 654 2543; x_wconf 86' lang='grc' dir='ltr'>μωρίας</span> <span class='ocrx_word' id='word_1_267' title='bbox 681 2469 884 2541; x_wconf 80' lang='grc' dir='ltr'>πολλῆς</span> <span class='ocrx_word' id='word_1_268' title='bbox 905 2471 1002 2524; x_wconf 85' lang='grc' dir='ltr'>καὶ</span> <span class='ocrx_word' id='word_1_269' title='bbox 1029 2473 1130 2542; x_wconf 82' lang='grc' dir='ltr'><strong>τῆς</strong></span> <span class='ocrx_word' id='word_1_270' title='bbox 1157 2470 1292 2542; x_wconf 84' lang='grc' dir='ltr'>πρὸς</span> <span class='ocrx_word' id='word_1_271' title='bbox 1320 2470 1511 2524; x_wconf 77' lang='grc' dir='ltr'>ἑαυτὸν</span> <span class='ocrx_word' id='word_1_272' title='bbox 1527 2469 1573 2502; x_wconf 74' lang='grc'><strong><em>’⁸</em></strong></span> <span class='ocrx_word' id='word_1_273' title='bbox 1616 2471 1796 2542; x_wconf 85' lang='grc' dir='ltr'>μάχης</span> 
     </span>
    </p>
   </div>
   <div class='ocr_carea' id='block_1_43' title="bbox 221 2559 1798 2634">
    <p class='ocr_par' dir='ltr' id='par_1_43' title="bbox 221 2559 1798 2634">
     <span class='ocr_line' id='line_1_43' title="bbox 221 2559 1798 2634; baseline -0.003 -14"><span class='ocrx_word' id='word_1_274' title='bbox 221 2567 310 2621; x_wconf 74' lang='grc' dir='ltr'><strong>καὶ</strong></span> <span class='ocrx_word' id='word_1_275' title='bbox 349 2562 751 2626; x_wconf 72' lang='grc' dir='ltr'>ἐναντιώσεως.</span> <span class='ocrx_word' id='word_1_276' title='bbox 802 2563 942 2634; x_wconf 75' lang='grc' dir='ltr'>Φησὶ</span> <span class='ocrx_word' id='word_1_277' title='bbox 995 2562 1104 2634; x_wconf 80' lang='grc' dir='ltr'>γὰρ</span> <span class='ocrx_word' id='word_1_278' title='bbox 1147 2562 1309 2616; x_wconf 75' lang='grc' dir='ltr'>ἄλλον</span> <span class='ocrx_word' id='word_1_279' title='bbox 1349 2559 1489 2616; x_wconf 80' lang='grc' dir='ltr'>εἶναι</span> <span class='ocrx_word' id='word_1_280' title='bbox 1544 2563 1636 2615; x_wconf 82' lang='grc' dir='ltr'>τὸν</span> <span class='ocrx_word' id='word_1_281' title='bbox 1689 2563 1798 2616; x_wconf 87' lang='grc' dir='ltr'>τῶν</span> 
     </span>
    </p>
   </div>
   <div class='ocr_carea' id='block_1_44' title="bbox 234 2647 1798 2726">
    <p class='ocr_par' dir='ltr' id='par_1_44' title="bbox 234 2647 1798 2726">
     <span class='ocr_line' id='line_1_44' title="bbox 234 2647 1798 2726; baseline -0.002 -14"><span class='ocrx_word' id='word_1_282' title='bbox 234 2659 502 2712; x_wconf 79' lang='grc' dir='ltr'>Ἰουδαίων</span> <span class='ocrx_word' id='word_1_283' title='bbox 532 2655 667 2709; x_wconf 82' lang='grc' dir='ltr'>Θεὸν</span> <span class='ocrx_word' id='word_1_284' title='bbox 694 2655 790 2710; x_wconf 78' lang='grc' dir='ltr'><strong>καὶ</strong></span> <span class='ocrx_word' id='word_1_285' title='bbox 821 2655 1012 2722; x_wconf 74' lang='grc' dir='ltr'>κακὸν,</span> <span class='ocrx_word' id='word_1_286' title='bbox 1034 2647 1096 2708; x_wconf 77' lang='grc' dir='ltr'>οὗ</span> <span class='ocrx_word' id='word_1_287' title='bbox 1124 2656 1222 2708; x_wconf 77' lang='grc' dir='ltr'><strong>καὶ</strong></span> <span class='ocrx_word' id='word_1_288' title='bbox 1247 2655 1468 2726; x_wconf 84' lang='grc' dir='ltr'>Σίμωνα</span> <span class='ocrx_word' id='word_1_289' title='bbox 1486 2655 1581 2708; x_wconf 78' lang='grc' dir='ltr'>τὸν</span> <span class='ocrx_word' id='word_1_290' title='bbox 1609 2654 1798 2724; x_wconf 86' lang='grc' dir='ltr'>Μάγον</span> 
     </span>
    </p>
   </div>
   <div class='ocr_carea' id='block_1_45' title="bbox 224 2747 1797 2822">
    <p class='ocr_par' dir='ltr' id='par_1_45' title="bbox 224 2747 1797 2822">
     <span class='ocr_line' id='line_1_45' title="bbox 224 2747 1797 2822; baseline -0.004 -18"><span class='ocrx_word' id='word_1_291' title='bbox 224 2749 503 2822; x_wconf 76' lang='grc' dir='ltr'>ὑπηρέτην</span> <span class='ocrx_word' id='word_1_292' title='bbox 537 2748 891 2812; x_wconf 69' lang='grc' dir='ltr'>καθεστάναι,</span> <span class='ocrx_word' id='word_1_293' title='bbox 923 2747 1080 2801; x_wconf 81' lang='grc' dir='ltr'>ἄλλον</span> <span class='ocrx_word' id='word_1_294' title='bbox 1107 2747 1166 2800; x_wconf 79' lang='grc' dir='ltr'>δὲ</span> <span class='ocrx_word' id='word_1_295' title='bbox 1189 2747 1281 2802; x_wconf 83' lang='grc' dir='ltr'>τὸν</span> <span class='ocrx_word' id='word_1_296' title='bbox 1311 2747 1567 2818; x_wconf 80' lang='grc' dir='ltr'>Χριστὸν,</span> <span class='ocrx_word' id='word_1_297' title='bbox 1599 2749 1658 2800; x_wconf 81' lang='grc' dir='ltr'><strong>ὃν</strong></span> <span class='ocrx_word' id='word_1_298' title='bbox 1693 2763 1797 2817; x_wconf 89' lang='grc' dir='ltr'>φη-</span> 
     </span>
    </p>
   </div>
   <div class='ocr_carea' id='block_1_46' title="bbox 225 2835 1802 2910">
    <p class='ocr_par' dir='ltr' id='par_1_46' title="bbox 225 2835 1802 2910">
     <span class='ocr_line' id='line_1_46' title="bbox 225 2835 1802 2910; baseline -0.003 -17"><span class='ocrx_word' id='word_1_299' title='bbox 225 2857 303 2893; x_wconf 82' lang='grc' dir='ltr'><strong>σιν</strong></span> <span class='ocrx_word' id='word_1_300' title='bbox 325 2837 535 2908; x_wconf 80' lang='grc' dir='ltr'>ἀγαθόν</span> <span class='ocrx_word' id='word_1_301' title='bbox 557 2854 574 2868; x_wconf 78' lang='grc' dir='ltr'>ο</span> <span class='ocrx_word' id='word_1_302' title='bbox 603 2838 698 2890; x_wconf 74' lang='grc' dir='ltr'><strong>καὶ</strong></span> <span class='ocrx_word' id='word_1_303' title='bbox 717 2835 904 2910; x_wconf 86' lang='grc' dir='ltr'>φύρων</span> <span class='ocrx_word' id='word_1_304' title='bbox 923 2839 968 2870; x_wconf 73' lang='grc'>³⁸</span> <span class='ocrx_word' id='word_1_305' title='bbox 1006 2836 1225 2891; x_wconf 77' lang='grc' dir='ltr'>ἅπαντα</span> <span class='ocrx_word' id='word_1_306' title='bbox 1251 2838 1347 2890; x_wconf 75' lang='grc' dir='ltr'><strong>καὶ</strong></span> <span class='ocrx_word' id='word_1_307' title='bbox 1373 2836 1617 2907; x_wconf 83' lang='grc' dir='ltr'>συγχέων</span> <span class='ocrx_word' id='word_1_308' title='bbox 1645 2836 1802 2889; x_wconf 87' lang='grc' dir='ltr'>καλεῖ</span> 
     </span>
    </p>
   </div>
   <div class='ocr_carea' id='block_1_47' title="bbox 225 2926 1803 3000">
    <p class='ocr_par' dir='ltr' id='par_1_47' title="bbox 225 2926 1803 3000">
     <span class='ocr_line' id='line_1_47' title="bbox 225 2926 1803 3000; baseline -0.001 -17"><span class='ocrx_word' id='word_1_309' title='bbox 225 2930 378 2984; x_wconf 77' lang='grc' dir='ltr'>αὐτὸν</span> <span class='ocrx_word' id='word_1_310' title='bbox 411 2931 512 2982; x_wconf 70' lang='grc' dir='ltr'><strong>καὶ</strong></span> <span class='ocrx_word' id='word_1_311' title='bbox 538 2928 761 2999; x_wconf 82' lang='grc' dir='ltr'>Πατέρα</span> <span class='ocrx_word' id='word_1_312' title='bbox 790 2926 887 2981; x_wconf 76' lang='grc' dir='ltr'><strong>καὶ</strong></span> <span class='ocrx_word' id='word_1_313' title='bbox 920 2926 1070 2981; x_wconf 86' lang='grc' dir='ltr'>Υίόν.</span> <span class='ocrx_word' id='word_1_314' title='bbox 1097 2927 1260 2996; x_wconf 82' lang='grc' dir='ltr'>Λέγει</span> <span class='ocrx_word' id='word_1_315' title='bbox 1281 2927 1340 2981; x_wconf 81' lang='grc' dir='ltr'>δὲ</span> <span class='ocrx_word' id='word_1_316' title='bbox 1377 2928 1500 3000; x_wconf 84' lang='grc' dir='ltr'>μηδ’</span> <span class='ocrx_word' id='word_1_317' title='bbox 1528 2928 1803 3000; x_wconf 75' lang='grc' dir='ltr'>ὲνανθρωο</span> 
     </span>
    </p>
   </div>
   <div class='ocr_carea' id='block_1_48' title="bbox 227 3005 1800 3091">
    <p class='ocr_par' dir='ltr' id='par_1_48' title="bbox 227 3005 1800 3091">
     <span class='ocr_line' id='line_1_48' title="bbox 227 3005 1800 3091; baseline -0.002 -16"><span class='ocrx_word' id='word_1_318' title='bbox 227 3005 393 3091; x_wconf 49' lang='lat' dir='ltr'><strong>eam</strong></span> <span class='ocrx_word' id='word_1_319' title='bbox 421 3019 663 3089; x_wconf 80' lang='grc' dir='ltr'>ἀληθῶς,</span> <span class='ocrx_word' id='word_1_320' title='bbox 697 3017 834 3072; x_wconf 82' lang='grc' dir='ltr'>ἀλλὰ</span> <span class='ocrx_word' id='word_1_321' title='bbox 870 3019 1039 3085; x_wconf 80' lang='grc' dir='ltr'>δόξαι,</span> <span class='ocrx_word' id='word_1_322' title='bbox 1072 3019 1169 3072; x_wconf 79' lang='grc' dir='ltr'><strong>και</strong></span> <span class='ocrx_word' id='word_1_323' title='bbox 1208 3019 1381 3073; x_wconf 86' lang='grc' dir='ltr'>πολλὰ</span> <span class='ocrx_word' id='word_1_324' title='bbox 1405 3020 1664 3084; x_wconf 81' lang='grc' dir='ltr'>πολλάκις</span> <span class='ocrx_word' id='word_1_325' title='bbox 1693 3037 1800 3090; x_wconf 89' lang='grc' dir='ltr'>φα-</span> 
     </span>
    </p>
   </div>
   <div class='ocr_carea' id='block_1_49' title="bbox 225 3093 1800 3183">
    <p class='ocr_par' dir='ltr' id='par_1_49' title="bbox 225 3093 1800 3183">
     <span class='ocr_line' id='line_1_49' title="bbox 225 3093 1800 3183; baseline 0 -19"><span class='ocrx_word' id='word_1_326' title='bbox 225 3093 373 3183; x_wconf 74' lang='grc' dir='ltr'>νῆναι</span> <span class='ocrx_word' id='word_1_327' title='bbox 399 3110 449 3142; x_wconf 77' lang='grc'><strong>³⁸</strong></span> <span class='ocrx_word' id='word_1_328' title='bbox 477 3112 592 3172; x_wconf 84' lang='grc' dir='ltr'>τοῖς</span> <span class='ocrx_word' id='word_1_329' title='bbox 641 3111 931 3178; x_wconf 81' lang='grc' dir='ltr'>μαθηταῖς,</span> <span class='ocrx_word' id='word_1_330' title='bbox 976 3109 1094 3162; x_wconf 84' lang='grc' dir='ltr'>νέον</span> <span class='ocrx_word' id='word_1_331' title='bbox 1115 3110 1210 3163; x_wconf 74' lang='grc' dir='ltr'>καὶ</span> <span class='ocrx_word' id='word_1_332' title='bbox 1256 3109 1572 3181; x_wconf 81' lang='grc' dir='ltr'>πρεσϐύτην</span> <span class='ocrx_word' id='word_1_333' title='bbox 1614 3109 1800 3177; x_wconf 86' lang='grc' dir='ltr'>πάλιν,</span> 
     </span>
    </p>
   </div>
   <div class='ocr_carea' id='block_1_50' title="bbox 226 3199 1804 3275">
    <p class='ocr_par' dir='ltr' id='par_1_50' title="bbox 226 3199 1804 3275">
     <span class='ocr_line' id='line_1_50' title="bbox 226 3199 1804 3275; baseline -0.001 -18"><span class='ocrx_word' id='word_1_334' title='bbox 226 3205 314 3257; x_wconf 68' lang='grc' dir='ltr'><strong>καὶ</strong></span> <span class='ocrx_word' id='word_1_335' title='bbox 348 3202 523 3256; x_wconf 79' lang='grc' dir='ltr'>πάλιν</span> <span class='ocrx_word' id='word_1_336' title='bbox 571 3201 761 3267; x_wconf 87' lang='grc' dir='ltr'>παῖδα,</span> <span class='ocrx_word' id='word_1_337' title='bbox 810 3201 907 3253; x_wconf 76' lang='grc' dir='ltr'>καὶ</span> <span class='ocrx_word' id='word_1_338' title='bbox 940 3199 1164 3271; x_wconf 73' lang='grc' dir='ltr'>μείζονα</span> <span class='ocrx_word' id='word_1_339' title='bbox 1216 3202 1314 3255; x_wconf 76' lang='grc' dir='ltr'>καὶ</span> <span class='ocrx_word' id='word_1_340' title='bbox 1353 3200 1482 3274; x_wconf 71' lang='grc' dir='ltr'><strong>ἱ157</strong></span> <span class='ocrx_word' id='word_1_341' title='bbox 1512 3200 1606 3275; x_wconf 68' lang='grc'><strong>5.]</strong></span> <span class='ocrx_word' id='word_1_342' title='bbox 1645 3202 1804 3256; x_wconf 83' lang='grc' dir='ltr'>ὲλάτ-</span> 
     </span>
    </p>
   </div>
   <div class='ocr_carea' id='block_1_51' title="bbox 225 3293 1806 3365">
    <p class='ocr_par' dir='ltr' id='par_1_51' title="bbox 225 3293 1806 3365">
     <span class='ocr_line' id='line_1_51' title="bbox 225 3293 1806 3365; baseline -0.002 -15"><span class='ocrx_word' id='word_1_343' title='bbox 225 3313 345 3350; x_wconf 80' lang='grc' dir='ltr'>τονα</span> <span class='ocrx_word' id='word_1_344' title='bbox 379 3295 482 3348; x_wconf 79' lang='grc' dir='ltr'><strong>καὶ</strong></span> <span class='ocrx_word' id='word_1_345' title='bbox 526 3293 806 3365; x_wconf 84' lang='grc' dir='ltr'>μέγιστον,</span> <span class='ocrx_word' id='word_1_346' title='bbox 858 3293 998 3347; x_wconf 84' lang='grc' dir='ltr'>ὥστε</span> <span class='ocrx_word' id='word_1_347' title='bbox 1041 3293 1142 3364; x_wconf 83' lang='grc' dir='ltr'><strong>τὴν</strong></span> <span class='ocrx_word' id='word_1_348' title='bbox 1178 3293 1419 3364; x_wconf 85' lang='grc' dir='ltr'>κορυφὴν</span> <span class='ocrx_word' id='word_1_349' title='bbox 1449 3295 1656 3365; x_wconf 84' lang='grc' dir='ltr'>διήκειν</span> <span class='ocrx_word' id='word_1_350' title='bbox 1693 3294 1806 3348; x_wconf 70' lang='grc' dir='ltr'>ἔσθ’</span> 
     </span>
    </p>
   </div>
   <div class='ocr_carea' id='block_1_52' title="bbox 1891 1827 3476 1898">
    <p class='ocr_par' dir='ltr' id='par_1_52' title="bbox 1891 1827 3476 1898">
     <span class='ocr_line' id='line_1_52' title="bbox 1891 1827 3476 1898; baseline -0.001 -13"><span class='ocrx_word' id='word_1_351' title='bbox 1891 1828 2305 1885; x_wconf 87' lang='lat' dir='ltr'><strong>constructione</strong></span> <span class='ocrx_word' id='word_1_352' title='bbox 2336 1841 2466 1882; x_wconf 84' lang='lat' dir='ltr'><strong>vero</strong></span> <span class='ocrx_word' id='word_1_353' title='bbox 2489 1842 2554 1883; x_wconf 89' lang='lat' dir='ltr'><strong>ac</strong></span> <span class='ocrx_word' id='word_1_354' title='bbox 2598 1827 2822 1884; x_wconf 87' lang='lat' dir='ltr'><strong>vocibus</strong></span> <span class='ocrx_word' id='word_1_355' title='bbox 2852 1828 3026 1883; x_wconf 89' lang='lat' dir='ltr'><strong>utitur</strong></span> <span class='ocrx_word' id='word_1_356' title='bbox 3057 1830 3327 1884; x_wconf 88' lang='lat' dir='ltr'><strong>interdum</strong></span> <span class='ocrx_word' id='word_1_357' title='bbox 3352 1829 3476 1898; x_wconf 81' lang='lat' dir='ltr'><strong>qui-</strong></span> 
     </span>
    </p>
   </div>
   <div class='ocr_carea' id='block_1_53' title="bbox 1896 1918 3475 1990">
    <p class='ocr_par' dir='ltr' id='par_1_53' title="bbox 1896 1918 3475 1990">
     <span class='ocr_line' id='line_1_53' title="bbox 1896 1918 3475 1990; baseline 0.001 -14"><span class='ocrx_word' id='word_1_358' title='bbox 1896 1920 2024 1976; x_wconf 88' lang='lat' dir='ltr'><strong>dem</strong></span> <span class='ocrx_word' id='word_1_359' title='bbox 2058 1934 2163 1974; x_wconf 90' lang='lat' dir='ltr'><strong>non</strong></span> <span class='ocrx_word' id='word_1_360' title='bbox 2196 1918 2447 1989; x_wconf 74' lang='lat' dir='ltr'><strong>abiectis,</strong></span> <span class='ocrx_word' id='word_1_361' title='bbox 2485 1928 2546 1974; x_wconf 90' lang='lat' dir='ltr'><strong>ut</strong></span> <span class='ocrx_word' id='word_1_362' title='bbox 2594 1920 2888 1990; x_wconf 89' lang='lat' dir='ltr'><strong>plurimum</strong></span> <span class='ocrx_word' id='word_1_363' title='bbox 2925 1929 3106 1975; x_wconf 87' lang='lat' dir='ltr'><strong>tamen</strong></span> <span class='ocrx_word' id='word_1_364' title='bbox 3141 1921 3475 1988; x_wconf 80' lang='lat' dir='ltr'><strong>forensibus,</strong></span> 
     </span>
    </p>
   </div>
   <div class='ocr_carea' id='block_1_54' title="bbox 1898 2011 3477 2082">
    <p class='ocr_par' dir='ltr' id='par_1_54' title="bbox 1898 2011 3477 2082">
     <span class='ocr_line' id='line_1_54' title="bbox 1898 2011 3477 2082; baseline 0.001 -16"><span class='ocrx_word' id='word_1_365' title='bbox 1898 2026 1964 2067; x_wconf 89' lang='lat' dir='ltr'><strong>ac</strong></span> <span class='ocrx_word' id='word_1_366' title='bbox 1989 2011 2240 2082; x_wconf 85' lang='lat' dir='ltr'><strong>protritis</strong></span> <span class='ocrx_word' id='word_1_367' title='bbox 2272 2028 2287 2064; x_wconf 88' lang='lat'><strong>:</strong></span> <span class='ocrx_word' id='word_1_368' title='bbox 2322 2025 2426 2065; x_wconf 93' lang='lat' dir='ltr'><strong>nec</strong></span> <span class='ocrx_word' id='word_1_369' title='bbox 2459 2011 2627 2066; x_wconf 89' lang='lat' dir='ltr'><strong>ullum</strong></span> <span class='ocrx_word' id='word_1_370' title='bbox 2658 2012 2712 2066; x_wconf 92' lang='lat' dir='ltr'><strong>in</strong></span> <span class='ocrx_word' id='word_1_371' title='bbox 2741 2027 2808 2067; x_wconf 88' lang='lat' dir='ltr'><strong>eo</strong></span> <span class='ocrx_word' id='word_1_372' title='bbox 2839 2011 3086 2080; x_wconf 67' lang='lat' dir='ltr'><strong>aequalis,</strong></span> <span class='ocrx_word' id='word_1_373' title='bbox 3119 2023 3175 2068; x_wconf 91' lang='lat' dir='ltr'><strong>et</strong></span> <span class='ocrx_word' id='word_1_374' title='bbox 3200 2013 3477 2068; x_wconf 86' lang='lat' dir='ltr'><strong>subitariae</strong></span> 
     </span>
    </p>
   </div>
   <div class='ocr_carea' id='block_1_55' title="bbox 1895 2102 3477 2175">
    <p class='ocr_par' dir='ltr' id='par_1_55' title="bbox 1895 2102 3477 2175">
     <span class='ocr_line' id='line_1_55' title="bbox 1895 2102 3477 2175; baseline 0 -17"><span class='ocrx_word' id='word_1_375' title='bbox 1895 2102 2178 2169; x_wconf 88' lang='lat' dir='ltr'><strong>dictionis,</strong></span> <span class='ocrx_word' id='word_1_376' title='bbox 2209 2117 2276 2158; x_wconf 89' lang='lat' dir='ltr'><strong>ac</strong></span> <span class='ocrx_word' id='word_1_377' title='bbox 2301 2104 2519 2170; x_wconf 67' lang='lat' dir='ltr'><strong>nativaa,</strong></span> <span class='ocrx_word' id='word_1_378' title='bbox 2553 2118 2674 2173; x_wconf 65' lang='lat' dir='ltr'><strong>qua:</strong></span> <span class='ocrx_word' id='word_1_379' title='bbox 2717 2103 2843 2160; x_wconf 88' lang='lat' dir='ltr'><strong>hinc</strong></span> <span class='ocrx_word' id='word_1_380' title='bbox 2865 2105 3131 2160; x_wconf 77' lang='lat' dir='ltr'><strong>exsistere</strong></span> <span class='ocrx_word' id='word_1_381' title='bbox 3177 2105 3316 2160; x_wconf 89' lang='lat' dir='ltr'><strong>solet</strong></span> <span class='ocrx_word' id='word_1_382' title='bbox 3358 2120 3477 2175; x_wconf 87' lang='lat' dir='ltr'><strong>gra-</strong></span> 
     </span>
    </p>
   </div>
   <div class='ocr_carea' id='block_1_56' title="bbox 1895 2196 3478 2268">
    <p class='ocr_par' dir='ltr' id='par_1_56' title="bbox 1895 2196 3478 2268">
     <span class='ocr_line' id='line_1_56' title="bbox 1895 2196 3478 2268; baseline 0.003 -18"><span class='ocrx_word' id='word_1_383' title='bbox 1895 2197 1985 2252; x_wconf 68' lang='lat' dir='ltr'><strong>tiae</strong></span> <span class='ocrx_word' id='word_1_384' title='bbox 2042 2197 2173 2268; x_wconf 90' lang='lat' dir='ltr'><strong>(quo</strong></span> <span class='ocrx_word' id='word_1_385' title='bbox 2229 2196 2390 2252; x_wconf 90' lang='lat' dir='ltr'><strong>modo</strong></span> <span class='ocrx_word' id='word_1_386' title='bbox 2433 2197 2787 2267; x_wconf 84' lang='lat' dir='ltr'><strong>evangelicus</strong></span> <span class='ocrx_word' id='word_1_387' title='bbox 2831 2206 2887 2252; x_wconf 86' lang='lat' dir='ltr'><strong>et</strong></span> <span class='ocrx_word' id='word_1_388' title='bbox 2939 2198 3267 2268; x_wconf 83' lang='lat' dir='ltr'><strong>apostolicus</strong></span> <span class='ocrx_word' id='word_1_389' title='bbox 3295 2213 3478 2254; x_wconf 88' lang='lat' dir='ltr'><strong>sermo</strong></span> 
     </span>
    </p>
   </div>
   <div class='ocr_carea' id='block_1_57' title="bbox 1895 2287 3474 2359">
    <p class='ocr_par' dir='ltr' id='par_1_57' title="bbox 1895 2287 3474 2359">
     <span class='ocr_line' id='line_1_57' title="bbox 1895 2287 3474 2359; baseline -0.002 -14"><span class='ocrx_word' id='word_1_390' title='bbox 1895 2289 2268 2346; x_wconf 82' lang='lat' dir='ltr'><strong>conformatus</strong></span> <span class='ocrx_word' id='word_1_391' title='bbox 2311 2289 2418 2357; x_wconf 89' lang='lat' dir='ltr'><strong>est)</strong></span> <span class='ocrx_word' id='word_1_392' title='bbox 2466 2289 2761 2358; x_wconf 80' lang='lat' dir='ltr'><strong>vestigium</strong></span> <span class='ocrx_word' id='word_1_393' title='bbox 2825 2297 3073 2359; x_wconf 88' lang='lat' dir='ltr'><strong>apparet.</strong></span> <span class='ocrx_word' id='word_1_394' title='bbox 3123 2287 3308 2343; x_wconf 89' lang='lat' dir='ltr'><strong>Scatet</strong></span> <span class='ocrx_word' id='word_1_395' title='bbox 3345 2289 3474 2342; x_wconf 86' lang='lat' dir='ltr'><strong>item</strong></span> 
     </span>
    </p>
   </div>
   <div class='ocr_carea' id='block_1_58' title="bbox 1896 2379 3474 2449">
    <p class='ocr_par' dir='ltr' id='par_1_58' title="bbox 1896 2379 3474 2449">
     <span class='ocr_line' id='line_1_58' title="bbox 1896 2379 3474 2449; baseline -0.002 -15"><span class='ocrx_word' id='word_1_396' title='bbox 1896 2381 2108 2445; x_wconf 88' lang='lat' dir='ltr'><strong>stultis,</strong></span> <span class='ocrx_word' id='word_1_397' title='bbox 2141 2389 2190 2435; x_wconf 89' lang='lat' dir='ltr'><strong>et</strong></span> <span class='ocrx_word' id='word_1_398' title='bbox 2217 2395 2402 2435; x_wconf 91' lang='lat' dir='ltr'><strong>secum</strong></span> <span class='ocrx_word' id='word_1_399' title='bbox 2443 2379 2806 2449; x_wconf 71' lang='lat' dir='ltr'><strong>pugnantibus</strong></span> <span class='ocrx_word' id='word_1_400' title='bbox 2841 2380 3267 2434; x_wconf 78' lang='lat' dir='ltr'><strong>narrationibus.</strong></span> <span class='ocrx_word' id='word_1_401' title='bbox 3296 2380 3474 2434; x_wconf 83' lang='lat' dir='ltr'><strong>Alium</strong></span> 
     </span>
    </p>
   </div>
   <div class='ocr_carea' id='block_1_59' title="bbox 1902 2471 3474 2541">
    <p class='ocr_par' dir='ltr' id='par_1_59' title="bbox 1902 2471 3474 2541">
     <span class='ocr_line' id='line_1_59' title="bbox 1902 2471 3474 2541; baseline -0.001 -13"><span class='ocrx_word' id='word_1_402' title='bbox 1902 2473 2051 2528; x_wconf 86' lang='lat' dir='ltr'><strong>enim</strong></span> <span class='ocrx_word' id='word_1_403' title='bbox 2082 2471 2392 2526; x_wconf 70' lang='lat' dir='ltr'><strong>Iudaeorum</strong></span> <span class='ocrx_word' id='word_1_404' title='bbox 2422 2473 2616 2538; x_wconf 87' lang='lat' dir='ltr'><strong>Deum,</strong></span> <span class='ocrx_word' id='word_1_405' title='bbox 2655 2485 2888 2541; x_wconf 90' lang='lat' dir='ltr'><strong>eumque</strong></span> <span class='ocrx_word' id='word_1_406' title='bbox 2914 2473 3117 2525; x_wconf 89' lang='lat' dir='ltr'><strong>malum</strong></span> <span class='ocrx_word' id='word_1_407' title='bbox 3160 2486 3284 2526; x_wconf 85' lang='lat' dir='ltr'><strong>esse</strong></span> <span class='ocrx_word' id='word_1_408' title='bbox 3319 2486 3474 2526; x_wconf 83' lang='lat' dir='ltr'><strong>asse-</strong></span> 
     </span>
    </p>
   </div>
   <div class='ocr_carea' id='block_1_60' title="bbox 1908 2561 3483 2632">
    <p class='ocr_par' dir='ltr' id='par_1_60' title="bbox 1908 2561 3483 2632">
     <span class='ocr_line' id='line_1_60' title="bbox 1908 2561 3483 2632; baseline -0.001 -14"><span class='ocrx_word' id='word_1_409' title='bbox 1908 2564 2003 2628; x_wconf 90' lang='lat' dir='ltr'><strong>rit,</strong></span> <span class='ocrx_word' id='word_1_410' title='bbox 2040 2563 2196 2630; x_wconf 83' lang='lat' dir='ltr'><strong>cujus</strong></span> <span class='ocrx_word' id='word_1_411' title='bbox 2218 2564 2406 2617; x_wconf 87' lang='lat' dir='ltr'><strong>Simon</strong></span> <span class='ocrx_word' id='word_1_412' title='bbox 2430 2562 2616 2632; x_wconf 80' lang='lat' dir='ltr'><strong>Magus</strong></span> <span class='ocrx_word' id='word_1_413' title='bbox 2646 2563 2893 2617; x_wconf 88' lang='lat' dir='ltr'><strong>minister</strong></span> <span class='ocrx_word' id='word_1_414' title='bbox 2941 2561 3124 2625; x_wconf 84' lang='lat' dir='ltr'><strong>fuerit,</strong></span> <span class='ocrx_word' id='word_1_415' title='bbox 3164 2562 3328 2616; x_wconf 90' lang='lat' dir='ltr'><strong>alium</strong></span> <span class='ocrx_word' id='word_1_416' title='bbox 3365 2577 3483 2616; x_wconf 84' lang='lat' dir='ltr'><strong>rur-</strong></span> 
     </span>
    </p>
   </div>
   <div class='ocr_carea' id='block_1_61' title="bbox 1897 2653 3480 2724">
    <p class='ocr_par' dir='ltr' id='par_1_61' title="bbox 1897 2653 3480 2724">
     <span class='ocr_line' id='line_1_61' title="bbox 1897 2653 3480 2724; baseline 0 -15"><span class='ocrx_word' id='word_1_417' title='bbox 1897 2667 1995 2709; x_wconf 93' lang='lat' dir='ltr'><strong>sus</strong></span> <span class='ocrx_word' id='word_1_418' title='bbox 2027 2669 2150 2710; x_wconf 88' lang='lat' dir='ltr'><strong>esse</strong></span> <span class='ocrx_word' id='word_1_419' title='bbox 2177 2653 2480 2720; x_wconf 88' lang='lat' dir='ltr'><strong>Christum,</strong></span> <span class='ocrx_word' id='word_1_420' title='bbox 2518 2670 2677 2724; x_wconf 90' lang='lat' dir='ltr'><strong>quem</strong></span> <span class='ocrx_word' id='word_1_421' title='bbox 2702 2655 2905 2709; x_wconf 89' lang='lat' dir='ltr'><strong>bonum</strong></span> <span class='ocrx_word' id='word_1_422' title='bbox 2942 2653 3092 2708; x_wconf 82' lang='lat' dir='ltr'><strong>facit.</strong></span> <span class='ocrx_word' id='word_1_423' title='bbox 3123 2653 3310 2709; x_wconf 88' lang='lat' dir='ltr'><strong>Omnia</strong></span> <span class='ocrx_word' id='word_1_424' title='bbox 3349 2670 3480 2724; x_wconf 83' lang='lat' dir='ltr'><strong>ergo</strong></span> 
     </span>
    </p>
   </div>
   <div class='ocr_carea' id='block_1_62' title="bbox 1901 2745 3482 2818">
    <p class='ocr_par' dir='ltr' id='par_1_62' title="bbox 1901 2745 3482 2818">
     <span class='ocr_line' id='line_1_62' title="bbox 1901 2745 3482 2818; baseline 0 -17"><span class='ocrx_word' id='word_1_425' title='bbox 1901 2746 2196 2817; x_wconf 87' lang='lat' dir='ltr'><strong>inquinans</strong></span> <span class='ocrx_word' id='word_1_426' title='bbox 2217 2759 2382 2818; x_wconf 89' lang='lat' dir='ltr'><strong>atque</strong></span> <span class='ocrx_word' id='word_1_427' title='bbox 2415 2747 2776 2813; x_wconf 86' lang='lat' dir='ltr'><strong>confundens,</strong></span> <span class='ocrx_word' id='word_1_428' title='bbox 2825 2746 3076 2801; x_wconf 89' lang='lat' dir='ltr'><strong>eumdem</strong></span> <span class='ocrx_word' id='word_1_429' title='bbox 3107 2746 3257 2801; x_wconf 87' lang='lat' dir='ltr'><strong>illum</strong></span> <span class='ocrx_word' id='word_1_430' title='bbox 3293 2757 3349 2801; x_wconf 90' lang='lat' dir='ltr'><strong>et</strong></span> <span class='ocrx_word' id='word_1_431' title='bbox 3376 2745 3482 2801; x_wconf 87' lang='lat' dir='ltr'><strong>Pa-</strong></span> 
     </span>
    </p>
   </div>
   <div class='ocr_carea' id='block_1_63' title="bbox 1902 2838 3486 2910">
    <p class='ocr_par' dir='ltr' id='par_1_63' title="bbox 1902 2838 3486 2910">
     <span class='ocr_line' id='line_1_63' title="bbox 1902 2838 3486 2910; baseline 0 -16"><span class='ocrx_word' id='word_1_432' title='bbox 1902 2849 2042 2896; x_wconf 87' lang='lat' dir='ltr'><strong>trem</strong></span> <span class='ocrx_word' id='word_1_433' title='bbox 2095 2851 2259 2896; x_wconf 83' lang='lat' dir='ltr'><strong>vocat</strong></span> <span class='ocrx_word' id='word_1_434' title='bbox 2291 2850 2346 2895; x_wconf 92' lang='lat' dir='ltr'><strong>et</strong></span> <span class='ocrx_word' id='word_1_435' title='bbox 2376 2838 2596 2896; x_wconf 89' lang='lat' dir='ltr'><strong>Filium.</strong></span> <span class='ocrx_word' id='word_1_436' title='bbox 2636 2838 2813 2895; x_wconf 81' lang='lat' dir='ltr'><strong>Jactat</strong></span> <span class='ocrx_word' id='word_1_437' title='bbox 2861 2853 3014 2907; x_wconf 80' lang='lat' dir='ltr'><strong>vero,</strong></span> <span class='ocrx_word' id='word_1_438' title='bbox 3078 2855 3256 2910; x_wconf 90' lang='lat' dir='ltr'><strong>neque</strong></span> <span class='ocrx_word' id='word_1_439' title='bbox 3291 2855 3486 2896; x_wconf 80' lang='lat' dir='ltr'><strong>revera.</strong></span> 
     </span>
    </p>
   </div>
   <div class='ocr_carea' id='block_1_64' title="bbox 1901 2931 3481 3002">
    <p class='ocr_par' dir='ltr' id='par_1_64' title="bbox 1901 2931 3481 3002">
     <span class='ocr_line' id='line_1_64' title="bbox 1901 2931 3481 3002; baseline -0.001 -14"><span class='ocrx_word' id='word_1_440' title='bbox 1901 2932 2178 2988; x_wconf 81' lang='lat' dir='ltr'><strong>hominem</strong></span> <span class='ocrx_word' id='word_1_441' title='bbox 2238 2931 2470 2998; x_wconf 85' lang='lat' dir='ltr'><strong>factum,</strong></span> <span class='ocrx_word' id='word_1_442' title='bbox 2525 2933 2620 2988; x_wconf 88' lang='lat' dir='ltr'><strong>sed</strong></span> <span class='ocrx_word' id='word_1_443' title='bbox 2668 2941 2875 2987; x_wconf 87' lang='lat' dir='ltr'><strong>tantum</strong></span> <span class='ocrx_word' id='word_1_444' title='bbox 2925 2933 3270 3002; x_wconf 86' lang='lat' dir='ltr'><strong>apparuisse.</strong></span> <span class='ocrx_word' id='word_1_445' title='bbox 3322 2931 3481 2987; x_wconf 81' lang='lat' dir='ltr'><strong>Varia</strong></span> 
     </span>
    </p>
   </div>
   <div class='ocr_carea' id='block_1_65' title="bbox 1905 3023 3483 3095">
    <p class='ocr_par' dir='ltr' id='par_1_65' title="bbox 1905 3023 3483 3095">
     <span class='ocr_line' id='line_1_65' title="bbox 1905 3023 3483 3095; baseline -0.001 -16"><span class='ocrx_word' id='word_1_446' title='bbox 1905 3023 2032 3080; x_wconf 88' lang='lat' dir='ltr'><strong>item</strong></span> <span class='ocrx_word' id='word_1_447' title='bbox 2057 3023 2232 3079; x_wconf 87' lang='lat' dir='ltr'><strong>forma</strong></span> <span class='ocrx_word' id='word_1_448' title='bbox 2267 3037 2412 3093; x_wconf 69' lang='lat' dir='ltr'><strong>saepe</strong></span> <span class='ocrx_word' id='word_1_449' title='bbox 2444 3023 2723 3095; x_wconf 90' lang='lat' dir='ltr'><strong>discipulis</strong></span> <span class='ocrx_word' id='word_1_450' title='bbox 2754 3023 2948 3089; x_wconf 74' lang='lat' dir='ltr'><strong>visum,</strong></span> <span class='ocrx_word' id='word_1_451' title='bbox 3019 3039 3160 3079; x_wconf 89' lang='lat' dir='ltr'><strong>nunc</strong></span> <span class='ocrx_word' id='word_1_452' title='bbox 3201 3025 3483 3093; x_wconf 83' lang='lat' dir='ltr'><strong>juvenem,</strong></span> 
     </span>
    </p>
   </div>
   <div class='ocr_carea' id='block_1_66' title="bbox 1907 3115 3484 3186">
    <p class='ocr_par' dir='ltr' id='par_1_66' title="bbox 1907 3115 3484 3186">
     <span class='ocr_line' id='line_1_66' title="bbox 1907 3115 3484 3186; baseline 0.001 -16"><span class='ocrx_word' id='word_1_453' title='bbox 1907 3131 2029 3172; x_wconf 84' lang='lat' dir='ltr'><strong>mox</strong></span> <span class='ocrx_word' id='word_1_454' title='bbox 2054 3115 2251 3172; x_wconf 88' lang='lat' dir='ltr'><strong>iterum</strong></span> <span class='ocrx_word' id='word_1_455' title='bbox 2278 3131 2491 3180; x_wconf 88' lang='lat' dir='ltr'><strong>senem,</strong></span> <span class='ocrx_word' id='word_1_456' title='bbox 2517 3131 2849 3184; x_wconf 73' lang='lat' dir='ltr'><strong>rursumque</strong></span> <span class='ocrx_word' id='word_1_457' title='bbox 2869 3131 3134 3186; x_wconf 84' lang='lat' dir='ltr'><strong>puerum;</strong></span> <span class='ocrx_word' id='word_1_458' title='bbox 3192 3131 3337 3171; x_wconf 89' lang='lat' dir='ltr'><strong>nunc</strong></span> <span class='ocrx_word' id='word_1_459' title='bbox 3363 3131 3484 3171; x_wconf 85' lang='lat' dir='ltr'><strong>ma-</strong></span> 
     </span>
    </p>
   </div>
   <div class='ocr_carea' id='block_1_67' title="bbox 1899 3207 3485 3279">
    <p class='ocr_par' dir='ltr' id='par_1_67' title="bbox 1899 3207 3485 3279">
     <span class='ocr_line' id='line_1_67' title="bbox 1899 3207 3485 3279; baseline 0.001 -18"><span class='ocrx_word' id='word_1_460' title='bbox 1899 3207 2099 3279; x_wconf 87' lang='lat' dir='ltr'><strong>jorem,</strong></span> <span class='ocrx_word' id='word_1_461' title='bbox 2137 3223 2284 3264; x_wconf 90' lang='lat' dir='ltr'><strong>nunc</strong></span> <span class='ocrx_word' id='word_1_462' title='bbox 2318 3208 2607 3272; x_wconf 89' lang='lat' dir='ltr'><strong>minorem,</strong></span> <span class='ocrx_word' id='word_1_463' title='bbox 2645 3209 2912 3263; x_wconf 88' lang='lat' dir='ltr'><strong>interdum</strong></span> <span class='ocrx_word' id='word_1_464' title='bbox 2930 3217 2984 3262; x_wconf 89' lang='lat' dir='ltr'><strong>et</strong></span> <span class='ocrx_word' id='word_1_465' title='bbox 3013 3209 3335 3273; x_wconf 86' lang='lat' dir='ltr'><strong>maximum,</strong></span> <span class='ocrx_word' id='word_1_466' title='bbox 3359 3224 3485 3263; x_wconf 82' lang='lat' dir='ltr'><strong>ver-</strong></span> 
     </span>
    </p>
   </div>
   <div class='ocr_carea' id='block_1_68' title="bbox 1905 3298 3488 3369">
    <p class='ocr_par' dir='ltr' id='par_1_68' title="bbox 1905 3298 3488 3369">
     <span class='ocr_line' id='line_1_68' title="bbox 1905 3298 3488 3369; baseline -0.001 -15"><span class='ocrx_word' id='word_1_467' title='bbox 1905 3299 2012 3354; x_wconf 88' lang='lat' dir='ltr'><strong>tice</strong></span> <span class='ocrx_word' id='word_1_468' title='bbox 2042 3299 2206 3354; x_wconf 91' lang='lat' dir='ltr'><strong>etiam</strong></span> <span class='ocrx_word' id='word_1_469' title='bbox 2237 3298 2432 3354; x_wconf 65' lang='lat' dir='ltr'><strong>caelum</strong></span> <span class='ocrx_word' id='word_1_470' title='bbox 2471 3300 2848 3368; x_wconf 88' lang='lat' dir='ltr'><strong>attingentem.</strong></span> <span class='ocrx_word' id='word_1_471' title='bbox 2883 3298 3084 3353; x_wconf 88' lang='lat' dir='ltr'><strong>Multas</strong></span> <span class='ocrx_word' id='word_1_472' title='bbox 3111 3299 3278 3354; x_wconf 89' lang='lat' dir='ltr'><strong>etiam</strong></span> <span class='ocrx_word' id='word_1_473' title='bbox 3320 3312 3488 3369; x_wconf 81' lang='lat' dir='ltr'><strong>super</strong></span> 
     </span>
    </p>
   </div>
   <div class='ocr_carea' id='block_1_69' title="bbox 226 3385 1794 3472">
    <p class='ocr_par' dir='ltr' id='par_1_69' title="bbox 226 3385 1794 3460">
     <span class='ocr_line' id='line_1_69' title="bbox 226 3385 1794 3460; baseline -0.002 -16"><span class='ocrx_word' id='word_1_474' title='bbox 226 3391 310 3444; x_wconf 73' lang='grc' dir='ltr'>ὅτε</span> <span class='ocrx_word' id='word_1_475' title='bbox 335 3390 538 3460; x_wconf 86' lang='grc' dir='ltr'>μέχρις</span> <span class='ocrx_word' id='word_1_476' title='bbox 559 3386 813 3457; x_wconf 77' lang='grc' dir='ltr'>οὐρανοῦ.</span> <span class='ocrx_word' id='word_1_477' title='bbox 844 3385 1050 3450; x_wconf 84' lang='grc' dir='ltr'>Πολλὰς</span> <span class='ocrx_word' id='word_1_478' title='bbox 1080 3387 1138 3441; x_wconf 80' lang='grc' dir='ltr'>δὲ</span> <span class='ocrx_word' id='word_1_479' title='bbox 1159 3386 1256 3440; x_wconf 69' lang='grc' dir='ltr'>καὶ</span> <span class='ocrx_word' id='word_1_480' title='bbox 1285 3389 1416 3458; x_wconf 75' lang='grc' dir='ltr'>περὶ</span> <span class='ocrx_word' id='word_1_481' title='bbox 1444 3389 1537 3441; x_wconf 80' lang='grc' dir='ltr'><strong>τοῦ</strong></span> <span class='ocrx_word' id='word_1_482' title='bbox 1572 3387 1794 3460; x_wconf 72' lang='grc' dir='ltr'>σταυροῦ</span> 
     </span>
    </p>
   </div>
   <div class='ocr_carea' id='block_1_70' title="bbox 1897 3385 3484 3472">
    <p class='ocr_par' dir='ltr' id='par_1_70' title="bbox 1907 3390 3484 3472">
     <span class='ocr_line' id='line_1_70' title="bbox 1907 3390 3484 3472; baseline -0.001 -27"><span class='ocrx_word' id='word_1_483' title='bbox 1907 3405 2068 3445; x_wconf 92' lang='lat' dir='ltr'><strong>cruce</strong></span> <span class='ocrx_word' id='word_1_484' title='bbox 2097 3405 2270 3460; x_wconf 88' lang='lat' dir='ltr'><strong>nugas</strong></span> <span class='ocrx_word' id='word_1_485' title='bbox 2296 3390 2451 3472; x_wconf 72' lang='lat' dir='ltr'><strong>lingit</strong></span> <span class='ocrx_word' id='word_1_486' title='bbox 2483 3400 2648 3460; x_wconf 89' lang='lat' dir='ltr'><strong>atque</strong></span> <span class='ocrx_word' id='word_1_487' title='bbox 2684 3391 2937 3461; x_wconf 88' lang='lat' dir='ltr'><strong>ineptias,</strong></span> <span class='ocrx_word' id='word_1_488' title='bbox 2989 3405 3168 3460; x_wconf 88' lang='lat' dir='ltr'><strong>neque</strong></span> <span class='ocrx_word' id='word_1_489' title='bbox 3202 3391 3484 3445; x_wconf 84' lang='lat' dir='ltr'><strong>Christum</strong></span> 
     </span>
    </p>
   </div>
   <div class='ocr_carea' id='block_1_71' title="bbox 227 3480 1794 3554">
    <p class='ocr_par' dir='ltr' id='par_1_71' title="bbox 227 3480 1794 3554">
     <span class='ocr_line' id='line_1_71' title="bbox 227 3480 1794 3554; baseline 0 -17"><span class='ocrx_word' id='word_1_490' title='bbox 227 3481 541 3551; x_wconf 85' lang='grc' dir='ltr'>κενολογίας</span> <span class='ocrx_word' id='word_1_491' title='bbox 558 3482 656 3534; x_wconf 72' lang='grc' dir='ltr'><strong>καὶ</strong></span> <span class='ocrx_word' id='word_1_492' title='bbox 683 3480 919 3543; x_wconf 78' lang='grc' dir='ltr'>ἀτοπίας</span> <span class='ocrx_word' id='word_1_493' title='bbox 949 3480 1302 3546; x_wconf 85' lang='grc' dir='ltr'>ἀναπλάττει,</span> <span class='ocrx_word' id='word_1_494' title='bbox 1333 3483 1428 3536; x_wconf 78' lang='grc' dir='ltr'>καὶ</span> <span class='ocrx_word' id='word_1_495' title='bbox 1456 3481 1548 3535; x_wconf 79' lang='grc' dir='ltr'><strong>τὸν</strong></span> <span class='ocrx_word' id='word_1_496' title='bbox 1571 3482 1794 3554; x_wconf 68' lang='grc' dir='ltr'>Χριστδι</span> 
     </span>
    </p>
   </div>
   <div class='ocr_carea' id='block_1_72' title="bbox 1897 3480 3486 3554">
    <p class='ocr_par' dir='ltr' id='par_1_72' title="bbox 1907 3480 3486 3553">
     <span class='ocr_line' id='line_1_72' title="bbox 1907 3480 3486 3553; baseline -0.003 -16"><span class='ocrx_word' id='word_1_497' title='bbox 1907 3482 2074 3538; x_wconf 89' lang='lat' dir='ltr'><strong>fuisse</strong></span> <span class='ocrx_word' id='word_1_498' title='bbox 2103 3483 2252 3538; x_wconf 90' lang='lat' dir='ltr'><strong>cruci</strong></span> <span class='ocrx_word' id='word_1_499' title='bbox 2290 3484 2534 3549; x_wconf 84' lang='lat' dir='ltr'><strong>allixum,</strong></span> <span class='ocrx_word' id='word_1_500' title='bbox 2566 3485 2660 3539; x_wconf 92' lang='lat' dir='ltr'><strong>sed</strong></span> <span class='ocrx_word' id='word_1_501' title='bbox 2682 3483 2846 3537; x_wconf 89' lang='lat' dir='ltr'><strong>alium</strong></span> <span class='ocrx_word' id='word_1_502' title='bbox 2871 3498 2968 3553; x_wconf 89' lang='lat' dir='ltr'><strong>pro</strong></span> <span class='ocrx_word' id='word_1_503' title='bbox 2988 3496 3077 3550; x_wconf 90' lang='lat' dir='ltr'><strong>eo,</strong></span> <span class='ocrx_word' id='word_1_504' title='bbox 3106 3490 3161 3540; x_wconf 88' lang='lat' dir='ltr'><strong>et</strong></span> <span class='ocrx_word' id='word_1_505' title='bbox 3175 3480 3314 3536; x_wconf 81' lang='lat' dir='ltr'><strong>hinc</strong></span> <span class='ocrx_word' id='word_1_506' title='bbox 3339 3481 3486 3535; x_wconf 89' lang='lat' dir='ltr'><strong>illum</strong></span> 
     </span>
    </p>
   </div>
   <div class='ocr_carea' id='block_1_73' title="bbox 227 3567 1794 3646">
    <p class='ocr_par' dir='ltr' id='par_1_73' title="bbox 227 3567 1794 3646">
     <span class='ocr_line' id='line_1_73' title="bbox 227 3567 1794 3646; baseline -0.001 -15"><span class='ocrx_word' id='word_1_507' title='bbox 227 3567 300 3646; x_wconf 79' lang='grc' dir='ltr'>μὴ</span> <span class='ocrx_word' id='word_1_508' title='bbox 333 3572 743 3644; x_wconf 82' lang='grc' dir='ltr'>σταυρωθῆναι,</span> <span class='ocrx_word' id='word_1_509' title='bbox 773 3572 890 3626; x_wconf 80' lang='grc' dir='ltr'>ἀλλ’</span> <span class='ocrx_word' id='word_1_510' title='bbox 932 3571 1119 3645; x_wconf 70' lang='grc' dir='ltr'>ἕτερον</span> <span class='ocrx_word' id='word_1_511' title='bbox 1145 3575 1258 3628; x_wconf 82' lang='grc' dir='ltr'><strong>ἀντ’</strong></span> <span class='ocrx_word' id='word_1_512' title='bbox 1287 3573 1475 3640; x_wconf 81' lang='grc' dir='ltr'>αὐτοῦ,</span> <span class='ocrx_word' id='word_1_513' title='bbox 1500 3576 1594 3629; x_wconf 76' lang='grc' dir='ltr'><strong>καὶ</strong></span> <span class='ocrx_word' id='word_1_514' title='bbox 1633 3592 1794 3630; x_wconf 85' lang='grc' dir='ltr'>κατα-</span> 
     </span>
    </p>
   </div>
   <div class='ocr_carea' id='block_1_74' title="bbox 1897 3567 3486 3646">
    <p class='ocr_par' dir='ltr' id='par_1_74' title="bbox 1908 3572 3486 3646">
     <span class='ocr_line' id='line_1_74' title="bbox 1908 3572 3486 3646; baseline -0.003 -16"><span class='ocrx_word' id='word_1_515' title='bbox 1908 3589 2027 3640; x_wconf 91' lang='lat' dir='ltr'><strong>eos,</strong></span> <span class='ocrx_word' id='word_1_516' title='bbox 2059 3575 2150 3646; x_wconf 89' lang='lat' dir='ltr'><strong>qui</strong></span> <span class='ocrx_word' id='word_1_517' title='bbox 2199 3575 2252 3630; x_wconf 92' lang='lat' dir='ltr'><strong>in</strong></span> <span class='ocrx_word' id='word_1_518' title='bbox 2283 3591 2500 3631; x_wconf 88' lang='lat' dir='ltr'><strong>crucem</strong></span> <span class='ocrx_word' id='word_1_519' title='bbox 2528 3587 2774 3645; x_wconf 87' lang='lat' dir='ltr'><strong>egerant,</strong></span> <span class='ocrx_word' id='word_1_520' title='bbox 2819 3575 3135 3631; x_wconf 89' lang='lat' dir='ltr'><strong>irridentem</strong></span> <span class='ocrx_word' id='word_1_521' title='bbox 3159 3575 3308 3628; x_wconf 81' lang='lat' dir='ltr'><strong>facit.</strong></span> <span class='ocrx_word' id='word_1_522' title='bbox 3341 3572 3486 3628; x_wconf 88' lang='lat' dir='ltr'><strong>Con-</strong></span> 
     </span>
    </p>
   </div>
   <div class='ocr_carea' id='block_1_75' title="bbox 226 3664 1794 3740">
    <p class='ocr_par' dir='ltr' id='par_1_75' title="bbox 226 3664 1794 3740">
     <span class='ocr_line' id='line_1_75' title="bbox 226 3664 1794 3740; baseline 0.001 -20"><span class='ocrx_word' id='word_1_523' title='bbox 226 3668 387 3739; x_wconf 78' lang='grc' dir='ltr'>γελᾷν</span> <span class='ocrx_word' id='word_1_524' title='bbox 409 3665 505 3721; x_wconf 77' lang='grc' dir='ltr'><strong>διὰ</strong></span> <span class='ocrx_word' id='word_1_525' title='bbox 525 3664 686 3720; x_wconf 85' lang='grc' dir='ltr'>τοῦτο</span> <span class='ocrx_word' id='word_1_526' title='bbox 709 3667 818 3718; x_wconf 87' lang='grc' dir='ltr'>τῶν</span> <span class='ocrx_word' id='word_1_527' title='bbox 845 3664 1239 3736; x_wconf 84' lang='grc' dir='ltr'>σταυρούντων.</span> <span class='ocrx_word' id='word_1_528' title='bbox 1269 3667 1486 3738; x_wconf 85' lang='grc' dir='ltr'>Γάμους</span> <span class='ocrx_word' id='word_1_529' title='bbox 1507 3685 1568 3721; x_wconf 90' lang='grc' dir='ltr'>τε</span> <span class='ocrx_word' id='word_1_530' title='bbox 1583 3668 1626 3699; x_wconf 74' lang='grc'>³⁸</span> <span class='ocrx_word' id='word_1_531' title='bbox 1653 3667 1794 3740; x_wconf 83' lang='grc' dir='ltr'>νομί·</span> 
     </span>
    </p>
   </div>
   <div class='ocr_carea' id='block_1_76' title="bbox 1897 3664 3488 3740">
    <p class='ocr_par' dir='ltr' id='par_1_76' title="bbox 1904 3665 3488 3740">
     <span class='ocr_line' id='line_1_76' title="bbox 1904 3665 3488 3740; baseline -0.003 -18"><span class='ocrx_word' id='word_1_532' title='bbox 1904 3665 2054 3738; x_wconf 83' lang='lat' dir='ltr'><strong>jugia</strong></span> <span class='ocrx_word' id='word_1_533' title='bbox 2087 3669 2311 3738; x_wconf 89' lang='lat' dir='ltr'><strong>insuper</strong></span> <span class='ocrx_word' id='word_1_534' title='bbox 2362 3667 2600 3740; x_wconf 88' lang='lat' dir='ltr'><strong>legitima</strong></span> <span class='ocrx_word' id='word_1_535' title='bbox 2636 3667 2834 3737; x_wconf 86' lang='lat' dir='ltr'><strong>rejicit,</strong></span> <span class='ocrx_word' id='word_1_536' title='bbox 2871 3679 3202 3735; x_wconf 87' lang='lat' dir='ltr'><strong>omnemque</strong></span> <span class='ocrx_word' id='word_1_537' title='bbox 3234 3665 3371 3720; x_wconf 84' lang='lat' dir='ltr'><strong>adeo</strong></span> <span class='ocrx_word' id='word_1_538' title='bbox 3392 3679 3488 3734; x_wconf 81' lang='lat' dir='ltr'><strong>ge-</strong></span> 
     </span>
    </p>
   </div>
   <div class='ocr_carea' id='block_1_77' title="bbox 230 3757 1794 3830">
    <p class='ocr_par' dir='ltr' id='par_1_77' title="bbox 230 3757 1794 3830">
     <span class='ocr_line' id='line_1_77' title="bbox 230 3757 1794 3830; baseline 0.001 -18"><span class='ocrx_word' id='word_1_539' title='bbox 230 3778 362 3830; x_wconf 83' lang='grc' dir='ltr'>μους</span> <span class='ocrx_word' id='word_1_540' title='bbox 392 3759 609 3823; x_wconf 81' lang='grc' dir='ltr'>ἀθετεῖ,</span> <span class='ocrx_word' id='word_1_541' title='bbox 651 3757 747 3811; x_wconf 74' lang='grc' dir='ltr'><strong>καὶ</strong></span> <span class='ocrx_word' id='word_1_542' title='bbox 774 3758 958 3812; x_wconf 79' lang='grc' dir='ltr'>πᾶσαν</span> <span class='ocrx_word' id='word_1_543' title='bbox 988 3759 1206 3828; x_wconf 86' lang='grc' dir='ltr'>γένεσιν</span> <span class='ocrx_word' id='word_1_544' title='bbox 1235 3760 1481 3830; x_wconf 86' lang='grc' dir='ltr'>πονηράν</span> <span class='ocrx_word' id='word_1_545' title='bbox 1507 3777 1566 3813; x_wconf 91' lang='grc' dir='ltr'>τε</span> <span class='ocrx_word' id='word_1_546' title='bbox 1592 3760 1688 3814; x_wconf 81' lang='grc' dir='ltr'><strong>καὶ</strong></span> <span class='ocrx_word' id='word_1_547' title='bbox 1715 3759 1794 3813; x_wconf 84' lang='grc' dir='ltr'><strong>τοῐ</strong></span> 
     </span>
    </p>
   </div>
   <div class='ocr_carea' id='block_1_78' title="bbox 1897 3757 3483 3830">
    <p class='ocr_par' dir='ltr' id='par_1_78' title="bbox 1912 3757 3483 3830">
     <span class='ocr_line' id='line_1_78' title="bbox 1912 3757 3483 3830; baseline -0.003 -18"><span class='ocrx_word' id='word_1_548' title='bbox 1912 3757 2251 3816; x_wconf 84' lang='lat' dir='ltr'><strong>nerationem</strong></span> <span class='ocrx_word' id='word_1_549' title='bbox 2309 3759 2506 3815; x_wconf 84' lang='lat' dir='ltr'><strong>malam</strong></span> <span class='ocrx_word' id='word_1_550' title='bbox 2553 3773 2694 3824; x_wconf 85' lang='lat' dir='ltr'><strong>esse,</strong></span> <span class='ocrx_word' id='word_1_551' title='bbox 2743 3758 2888 3830; x_wconf 80' lang='lat' dir='ltr'><strong>91a</strong></span> <span class='ocrx_word' id='word_1_552' title='bbox 2921 3769 2989 3815; x_wconf 93' lang='lat' dir='ltr'><strong>et-</strong></span> <span class='ocrx_word' id='word_1_553' title='bbox 3016 3773 3045 3813; x_wconf 90' lang='lat' dir='ltr'><strong>a</strong></span> <span class='ocrx_word' id='word_1_554' title='bbox 3083 3758 3226 3812; x_wconf 89' lang='lat' dir='ltr'><strong>malo</strong></span> <span class='ocrx_word' id='word_1_555' title='bbox 3265 3757 3483 3822; x_wconf 85' lang='lat' dir='ltr'><strong>asserit,</strong></span> 
     </span>
    </p>
   </div>
   <div class='ocr_carea' id='block_1_79' title="bbox 228 3849 1794 3923">
    <p class='ocr_par' dir='ltr' id='par_1_79' title="bbox 228 3849 1794 3923">
     <span class='ocr_line' id='line_1_79' title="bbox 228 3849 1794 3923; baseline -0.001 -19"><span class='ocrx_word' id='word_1_556' title='bbox 228 3849 473 3923; x_wconf 77' lang='grc' dir='ltr'>πονηροῦ</span> <span class='ocrx_word' id='word_1_557' title='bbox 520 3849 695 3918; x_wconf 87' lang='grc' dir='ltr'>λέγει.</span> <span class='ocrx_word' id='word_1_558' title='bbox 728 3850 839 3905; x_wconf 67' lang='grc' dir='ltr'>Καὶ</span> <span class='ocrx_word' id='word_1_559' title='bbox 887 3850 1137 3921; x_wconf 84' lang='grc' dir='ltr'>πλάστην</span> <span class='ocrx_word' id='word_1_560' title='bbox 1173 3850 1284 3907; x_wconf 81' lang='grc' dir='ltr'><strong>τῶν</strong></span> <span class='ocrx_word' id='word_1_561' title='bbox 1331 3851 1602 3922; x_wconf 87' lang='grc' dir='ltr'>δαιμόνων</span> <span class='ocrx_word' id='word_1_562' title='bbox 1652 3853 1794 3907; x_wconf 50' lang='grc' dir='ltr'>ἄλλοι</span> 
     </span>
    </p>
   </div>
   <div class='ocr_carea' id='block_1_80' title="bbox 1897 3849 3482 3923">
    <p class='ocr_par' dir='ltr' id='par_1_80' title="bbox 1912 3850 3482 3920">
     <span class='ocr_line' id='line_1_80' title="bbox 1912 3850 3482 3920; baseline 0 -17"><span class='ocrx_word' id='word_1_563' title='bbox 1912 3850 2184 3920; x_wconf 89' lang='lat' dir='ltr'><strong>aliamque</strong></span> <span class='ocrx_word' id='word_1_564' title='bbox 2243 3852 2546 3906; x_wconf 68' lang='lat' dir='ltr'><strong>daemonum</strong></span> <span class='ocrx_word' id='word_1_565' title='bbox 2593 3850 2975 3906; x_wconf 87' lang='lat' dir='ltr'><strong>formationem</strong></span> <span class='ocrx_word' id='word_1_566' title='bbox 3018 3851 3482 3907; x_wconf 86' lang='lat' dir='ltr'><strong>comminiscitur.</strong></span> 
     </span>
    </p>
   </div>
   <div class='ocr_carea' id='block_1_81' title="bbox 227 3939 1794 4016">
    <p class='ocr_par' dir='ltr' id='par_1_81' title="bbox 227 3941 1794 4016">
     <span class='ocr_line' id='line_1_81' title="bbox 227 3941 1794 4016; baseline -0.002 -17"><span class='ocrx_word' id='word_1_567' title='bbox 227 3946 456 4016; x_wconf 73' lang='grc' dir='ltr'>ἐκληρεῖ</span> <span class='ocrx_word' id='word_1_568' title='bbox 489 3943 559 3997; x_wconf 82' lang='grc'><strong>³³.</strong></span> <span class='ocrx_word' id='word_1_569' title='bbox 592 3942 820 4014; x_wconf 81' lang='grc' dir='ltr'>Νεκρῶν</span> <span class='ocrx_word' id='word_1_570' title='bbox 843 3941 900 3996; x_wconf 80' lang='grc' dir='ltr'>δὲ</span> <span class='ocrx_word' id='word_1_571' title='bbox 929 3943 1232 4014; x_wconf 84' lang='grc' dir='ltr'>ἀνθρώπων</span> <span class='ocrx_word' id='word_1_572' title='bbox 1266 3943 1361 3997; x_wconf 65' lang='grc' dir='ltr'>καὶ</span> <span class='ocrx_word' id='word_1_573' title='bbox 1399 3943 1538 4014; x_wconf 81' lang='grc' dir='ltr'>βοῶν</span> <span class='ocrx_word' id='word_1_574' title='bbox 1563 3944 1656 3998; x_wconf 76' lang='grc' dir='ltr'><strong>καὶ</strong></span> <span class='ocrx_word' id='word_1_575' title='bbox 1679 3962 1794 4015; x_wconf 75' lang='grc' dir='ltr'>κτηι</span> 
     </span>
    </p>
   </div>
   <div class='ocr_carea' id='block_1_82' title="bbox 1897 3939 3486 4016">
    <p class='ocr_par' dir='ltr' id='par_1_82' title="bbox 1914 3939 3486 4009">
     <span class='ocr_line' id='line_1_82' title="bbox 1914 3939 3486 4009; baseline 0 -15"><span class='ocrx_word' id='word_1_576' title='bbox 1914 3939 2252 3997; x_wconf 79' lang='lat' dir='ltr'><strong>Mortuorum</strong></span> <span class='ocrx_word' id='word_1_577' title='bbox 2282 3941 2470 3997; x_wconf 64' lang='lat' dir='ltr'><strong>adhaac</strong></span> <span class='ocrx_word' id='word_1_578' title='bbox 2485 3941 2790 4009; x_wconf 86' lang='lat' dir='ltr'><strong>hominum,</strong></span> <span class='ocrx_word' id='word_1_579' title='bbox 2820 3944 3002 4009; x_wconf 89' lang='lat' dir='ltr'><strong>boum,</strong></span> <span class='ocrx_word' id='word_1_580' title='bbox 3034 3957 3098 3998; x_wconf 90' lang='lat' dir='ltr'><strong>ac</strong></span> <span class='ocrx_word' id='word_1_581' title='bbox 3115 3940 3486 4008; x_wconf 76' lang='lat' dir='ltr'><strong>iumentorum</strong></span> 
     </span>
    </p>
   </div>
   <div class='ocr_carea' id='block_1_83' title="bbox 227 4033 1794 4108">
    <p class='ocr_par' dir='ltr' id='par_1_83' title="bbox 227 4036 1794 4108">
     <span class='ocr_line' id='line_1_83' title="bbox 227 4036 1794 4108; baseline -0.003 -14"><span class='ocrx_word' id='word_1_582' title='bbox 227 4039 332 4093; x_wconf 85' lang='grc' dir='ltr'>νῶν</span> <span class='ocrx_word' id='word_1_583' title='bbox 349 4038 537 4094; x_wconf 76' lang='grc' dir='ltr'>ἄλλων</span> <span class='ocrx_word' id='word_1_584' title='bbox 561 4036 610 4069; x_wconf 84' lang='grc'><strong>⁸³</strong></span> <span class='ocrx_word' id='word_1_585' title='bbox 641 4036 1108 4106; x_wconf 87' lang='grc' dir='ltr'>παραλογωτάτας</span> <span class='ocrx_word' id='word_1_586' title='bbox 1130 4037 1225 4090; x_wconf 78' lang='grc' dir='ltr'>καὶ</span> <span class='ocrx_word' id='word_1_587' title='bbox 1249 4037 1630 4108; x_wconf 80' lang='grc' dir='ltr'>μειρακιώδεις</span> <span class='ocrx_word' id='word_1_588' title='bbox 1653 4053 1708 4089; x_wconf 89' lang='grc' dir='ltr'>τε</span> <span class='ocrx_word' id='word_1_589' title='bbox 1717 4053 1794 4108; x_wconf 88' lang='grc' dir='ltr'><strong>ρα¹</strong></span> 
     </span>
    </p>
   </div>
   <div class='ocr_carea' id='block_1_84' title="bbox 1897 4033 3492 4108">
    <p class='ocr_par' dir='ltr' id='par_1_84' title="bbox 1917 4033 3492 4104">
     <span class='ocr_line' id='line_1_84' title="bbox 1917 4033 3492 4104; baseline 0.001 -17"><span class='ocrx_word' id='word_1_590' title='bbox 1917 4035 2182 4089; x_wconf 88' lang='lat' dir='ltr'><strong>absurdas</strong></span> <span class='ocrx_word' id='word_1_591' title='bbox 2253 4033 2600 4104; x_wconf 88' lang='lat' dir='ltr'><strong>puerilesque</strong></span> <span class='ocrx_word' id='word_1_592' title='bbox 2680 4034 3120 4090; x_wconf 86' lang='lat' dir='ltr'><strong>resurrectiones</strong></span> <span class='ocrx_word' id='word_1_593' title='bbox 3181 4034 3492 4104; x_wconf 76' lang='lat' dir='ltr'><strong>prodigiose</strong></span> 
     </span>
    </p>
   </div>
   <div class='ocr_carea' id='block_1_85' title="bbox 227 4123 1794 4198">
    <p class='ocr_par' dir='ltr' id='par_1_85' title="bbox 227 4128 1794 4193">
     <span class='ocr_line' id='line_1_85' title="bbox 227 4128 1794 4193; baseline -0.002 -9"><span class='ocrx_word' id='word_1_594' title='bbox 227 4131 448 4185; x_wconf 80' lang='grc' dir='ltr'>τεύεται</span> <span class='ocrx_word' id='word_1_595' title='bbox 501 4128 854 4193; x_wconf 85' lang='grc' dir='ltr'>ἀναστάσεις.</span> <span class='ocrx_word' id='word_1_596' title='bbox 927 4131 1084 4182; x_wconf 87' lang='grc' dir='ltr'>Δοκεῖ</span> <span class='ocrx_word' id='word_1_597' title='bbox 1135 4128 1192 4182; x_wconf 84' lang='grc' dir='ltr'>δὲ</span> <span class='ocrx_word' id='word_1_598' title='bbox 1257 4129 1352 4182; x_wconf 77' lang='grc' dir='ltr'><strong>καὶ</strong></span> <span class='ocrx_word' id='word_1_599' title='bbox 1417 4129 1536 4182; x_wconf 83' lang='grc' dir='ltr'>κατ’</span> <span class='ocrx_word' id='word_1_600' title='bbox 1592 4128 1794 4182; x_wconf 68' lang='grc' dir='ltr'>εἰκόνωε</span> 
     </span>
    </p>
   </div>
   <div class='ocr_carea' id='block_1_86' title="bbox 1897 4123 3490 4198">
    <p class='ocr_par' dir='ltr' id='par_1_86' title="bbox 1918 4123 3490 4198">
     <span class='ocr_line' id='line_1_86' title="bbox 1918 4123 3490 4198; baseline 0.001 -19"><span class='ocrx_word' id='word_1_601' title='bbox 1918 4125 2092 4196; x_wconf 87' lang='lat' dir='ltr'><strong>fingit.</strong></span> <span class='ocrx_word' id='word_1_602' title='bbox 2138 4123 2194 4180; x_wconf 90' lang='lat' dir='ltr'><strong>In</strong></span> <span class='ocrx_word' id='word_1_603' title='bbox 2243 4126 2395 4195; x_wconf 77' lang='lat' dir='ltr'><strong>Actis</strong></span> <span class='ocrx_word' id='word_1_604' title='bbox 2442 4141 2663 4198; x_wconf 84' lang='lat' dir='ltr'><strong>quoque</strong></span> <span class='ocrx_word' id='word_1_605' title='bbox 2723 4128 2868 4183; x_wconf 83' lang='lat' dir='ltr'><strong>beati</strong></span> <span class='ocrx_word' id='word_1_606' title='bbox 2929 4126 3156 4184; x_wconf 79' lang='lat' dir='ltr'><strong>Joannis</strong></span> <span class='ocrx_word' id='word_1_607' title='bbox 3194 4125 3490 4198; x_wconf 87' lang='lat' dir='ltr'><strong>imaginuut</strong></span> 
     </span>
    </p>
   </div>
   <div class='ocr_carea' id='block_1_87' title="bbox 228 4209 1794 4291">
    <p class='ocr_par' dir='ltr' id='par_1_87' title="bbox 228 4209 1794 4291">
     <span class='ocr_line' id='line_1_87' title="bbox 228 4209 1794 4291; baseline -0.003 -16"><span class='ocrx_word' id='word_1_608' title='bbox 228 4225 338 4286; x_wconf 83' lang='grc' dir='ltr'>τοῖς</span> <span class='ocrx_word' id='word_1_609' title='bbox 381 4219 786 4290; x_wconf 79' lang='grc' dir='ltr'>Είκονομάχοις</span> <span class='ocrx_word' id='word_1_610' title='bbox 808 4209 886 4272; x_wconf 83' lang='grc' dir='ltr'><strong>¹ὲν</strong></span> <span class='ocrx_word' id='word_1_611' title='bbox 909 4223 1028 4284; x_wconf 80' lang='grc' dir='ltr'>ταῖς</span> <span class='ocrx_word' id='word_1_612' title='bbox 1058 4219 1307 4274; x_wconf 84' lang='grc' dir='ltr'>Ἰωάννου</span> <span class='ocrx_word' id='word_1_613' title='bbox 1335 4221 1576 4291; x_wconf 80' lang='grc' dir='ltr'>Πράξεσι</span> <span class='ocrx_word' id='word_1_614' title='bbox 1616 4219 1794 4290; x_wconf 77' lang='grc' dir='ltr'>δογμα</span> 
     </span>
    </p>
   </div>
   <div class='ocr_carea' id='block_1_88' title="bbox 1897 4209 3493 4291">
    <p class='ocr_par' dir='ltr' id='par_1_88' title="bbox 1917 4217 3493 4288">
     <span class='ocr_line' id='line_1_88' title="bbox 1917 4217 3493 4288; baseline 0.001 -16"><span class='ocrx_word' id='word_1_615' title='bbox 1917 4231 2074 4272; x_wconf 84' lang='lat' dir='ltr'><strong>usum</strong></span> <span class='ocrx_word' id='word_1_616' title='bbox 2132 4232 2254 4272; x_wconf 90' lang='lat' dir='ltr'><strong>cum</strong></span> <span class='ocrx_word' id='word_1_617' title='bbox 2311 4217 2690 4274; x_wconf 88' lang='lat' dir='ltr'><strong>lconomachis</strong></span> <span class='ocrx_word' id='word_1_618' title='bbox 2744 4221 3054 4288; x_wconf 79' lang='lat' dir='ltr'><strong>vituperare</strong></span> <span class='ocrx_word' id='word_1_619' title='bbox 3109 4218 3344 4274; x_wconf 81' lang='lat' dir='ltr'><strong>videtur.</strong></span> <span class='ocrx_word' id='word_1_620' title='bbox 3395 4217 3493 4274; x_wconf 82' lang='lat' dir='ltr'><strong>Vis</strong></span> 
     </span>
    </p>
   </div>
   <div class='ocr_carea' id='block_1_89' title="bbox 231 4309 1794 4383">
    <p class='ocr_par' dir='ltr' id='par_1_89' title="bbox 231 4310 1794 4383">
     <span class='ocr_line' id='line_1_89' title="bbox 231 4310 1794 4383; baseline -0.003 -15"><span class='ocrx_word' id='word_1_621' title='bbox 231 4313 422 4379; x_wconf 78' lang='grc' dir='ltr'>τίζειν.</span> <span class='ocrx_word' id='word_1_622' title='bbox 447 4315 564 4370; x_wconf 73' lang='grc' dir='ltr'>Καὶ</span> <span class='ocrx_word' id='word_1_623' title='bbox 587 4312 777 4376; x_wconf 84' lang='grc' dir='ltr'>ἁπλῶς</span> <span class='ocrx_word' id='word_1_624' title='bbox 806 4311 946 4382; x_wconf 74' lang='grc' dir='ltr'>αὔτη</span> <span class='ocrx_word' id='word_1_625' title='bbox 973 4313 1018 4382; x_wconf 54' lang='grc' dir='ltr'>,ἡ</span> <span class='ocrx_word' id='word_1_626' title='bbox 1052 4310 1230 4382; x_wconf 82' lang='grc' dir='ltr'>βίϐλος</span> <span class='ocrx_word' id='word_1_627' title='bbox 1275 4311 1444 4383; x_wconf 87' lang='grc' dir='ltr'>μυρία</span> <span class='ocrx_word' id='word_1_628' title='bbox 1475 4310 1794 4382; x_wconf 58' lang='grc' dir='ltr'>παιδαριάῶι</span> 
     </span>
    </p>
   </div>
   <div class='ocr_carea' id='block_1_90' title="bbox 1897 4309 3494 4383">
    <p class='ocr_par' dir='ltr' id='par_1_90' title="bbox 1918 4309 3494 4381">
     <span class='ocr_line' id='line_1_90' title="bbox 1918 4309 3494 4381; baseline 0 -17"><span class='ocrx_word' id='word_1_629' title='bbox 1918 4309 2088 4365; x_wconf 77' lang='lat' dir='ltr'><strong>verbo</strong></span> <span class='ocrx_word' id='word_1_630' title='bbox 2126 4309 2343 4366; x_wconf 84' lang='lat' dir='ltr'><strong>dicam?</strong></span> <span class='ocrx_word' id='word_1_631' title='bbox 2391 4321 2632 4381; x_wconf 87' lang='lat' dir='ltr'><strong>quantus</strong></span> <span class='ocrx_word' id='word_1_632' title='bbox 2665 4319 2750 4366; x_wconf 84' lang='lat' dir='ltr'><strong>est</strong></span> <span class='ocrx_word' id='word_1_633' title='bbox 2789 4309 2948 4377; x_wconf 89' lang='lat' dir='ltr'><strong>liber,</strong></span> <span class='ocrx_word' id='word_1_634' title='bbox 2987 4309 3216 4380; x_wconf 85' lang='lat' dir='ltr'><strong>puerilia</strong></span> <span class='ocrx_word' id='word_1_635' title='bbox 3249 4309 3494 4364; x_wconf 88' lang='lat' dir='ltr'><strong>continet</strong></span> 
     </span>
    </p>
   </div>
   <div class='ocr_carea' id='block_1_91' title="bbox 233 4399 1794 4477">
    <p class='ocr_par' dir='ltr' id='par_1_91' title="bbox 233 4400 1794 4473">
     <span class='ocr_line' id='line_1_91' title="bbox 233 4400 1794 4473; baseline -0.003 -13"><span class='ocrx_word' id='word_1_636' title='bbox 233 4407 327 4460; x_wconf 82' lang='grc' dir='ltr'>καὶ</span> <span class='ocrx_word' id='word_1_637' title='bbox 349 4405 597 4460; x_wconf 84' lang='grc' dir='ltr'>ἀπίθανα</span> <span class='ocrx_word' id='word_1_638' title='bbox 651 4405 749 4457; x_wconf 74' lang='grc' dir='ltr'><strong>καὶ</strong></span> <span class='ocrx_word' id='word_1_639' title='bbox 795 4401 1148 4457; x_wconf 86' lang='grc' dir='ltr'>κακόπλαστα</span> <span class='ocrx_word' id='word_1_640' title='bbox 1185 4401 1478 4472; x_wconf 78' lang='grc' dir='ltr'>καὶψευδῆ</span> <span class='ocrx_word' id='word_1_641' title='bbox 1514 4401 1607 4455; x_wconf 77' lang='grc' dir='ltr'><strong>καὶ</strong></span> <span class='ocrx_word' id='word_1_642' title='bbox 1656 4400 1794 4473; x_wconf 83' lang='grc' dir='ltr'>μωρέ</span> 
     </span>
    </p>
   </div>
   <div class='ocr_carea' id='block_1_92' title="bbox 1897 4399 3491 4477">
    <p class='ocr_par' dir='ltr' id='par_1_92' title="bbox 1919 4399 3491 4470">
     <span class='ocr_line' id='line_1_92' title="bbox 1919 4399 3491 4470; baseline -0.002 -15"><span class='ocrx_word' id='word_1_643' title='bbox 1919 4399 2038 4455; x_wconf 85' lang='lat' dir='ltr'><strong>sine</strong></span> <span class='ocrx_word' id='word_1_644' title='bbox 2057 4415 2306 4467; x_wconf 90' lang='lat' dir='ltr'><strong>numero,</strong></span> <span class='ocrx_word' id='word_1_645' title='bbox 2343 4409 2394 4456; x_wconf 88' lang='lat' dir='ltr'><strong>et</strong></span> <span class='ocrx_word' id='word_1_646' title='bbox 2418 4401 2717 4470; x_wconf 87' lang='lat' dir='ltr'><strong>inopinata,</strong></span> <span class='ocrx_word' id='word_1_647' title='bbox 2741 4399 3084 4470; x_wconf 82' lang='lat' dir='ltr'><strong>maligneque</strong></span> <span class='ocrx_word' id='word_1_648' title='bbox 3123 4402 3378 4465; x_wconf 78' lang='lat' dir='ltr'><strong>conﬁcta,</strong></span> <span class='ocrx_word' id='word_1_649' title='bbox 3423 4413 3491 4452; x_wconf 86' lang='lat' dir='ltr'><strong>ac</strong></span> 
     </span>
    </p>
   </div>
   <div class='ocr_carea' id='block_1_93' title="bbox 234 4480 1794 4564">
    <p class='ocr_par' dir='ltr' id='par_1_93' title="bbox 234 4480 1790 4564">
     <span class='ocr_line' id='line_1_93' title="bbox 234 4480 1790 4564; baseline -0.004 -13"><span class='ocrx_word' id='word_1_650' title='bbox 234 4480 329 4550; x_wconf 63' lang='grc' dir='ltr'><strong>καὶ</strong></span> <span class='ocrx_word' id='word_1_651' title='bbox 357 4497 544 4559; x_wconf 76' lang='grc' dir='ltr'>ἄλλοις</span> <span class='ocrx_word' id='word_1_652' title='bbox 576 4493 624 4526; x_wconf 69' lang='grc'>³⁸</span> <span class='ocrx_word' id='word_1_653' title='bbox 665 4493 948 4564; x_wconf 85' lang='grc' dir='ltr'>μαχόμενα</span> <span class='ocrx_word' id='word_1_654' title='bbox 989 4493 1085 4546; x_wconf 76' lang='grc' dir='ltr'><strong>καὶ</strong></span> <span class='ocrx_word' id='word_1_655' title='bbox 1142 4490 1316 4562; x_wconf 83' lang='grc' dir='ltr'>ἀσεϐῆ</span> <span class='ocrx_word' id='word_1_656' title='bbox 1369 4492 1466 4545; x_wconf 75' lang='grc' dir='ltr'><strong>καὶ</strong></span> <span class='ocrx_word' id='word_1_657' title='bbox 1525 4490 1663 4545; x_wconf 82' lang='grc' dir='ltr'>ἄθεα</span> <span class='ocrx_word' id='word_1_658' title='bbox 1719 4507 1790 4544; x_wconf 86' lang='grc' dir='ltr'><strong>πε</strong></span> 
     </span>
    </p>
   </div>
   <div class='ocr_carea' id='block_1_94' title="bbox 1897 4480 3492 4564">
    <p class='ocr_par' dir='ltr' id='par_1_94' title="bbox 1921 4490 3492 4562">
     <span class='ocr_line' id='line_1_94' title="bbox 1921 4490 3492 4562; baseline -0.002 -16"><span class='ocrx_word' id='word_1_659' title='bbox 1921 4491 2083 4557; x_wconf 88' lang='lat' dir='ltr'><strong>falsa,</strong></span> <span class='ocrx_word' id='word_1_660' title='bbox 2112 4494 2224 4547; x_wconf 91' lang='lat' dir='ltr'><strong>imo</strong></span> <span class='ocrx_word' id='word_1_661' title='bbox 2252 4491 2436 4557; x_wconf 86' lang='lat' dir='ltr'><strong>stulta,</strong></span> <span class='ocrx_word' id='word_1_662' title='bbox 2464 4501 2520 4547; x_wconf 90' lang='lat' dir='ltr'><strong>et</strong></span> <span class='ocrx_word' id='word_1_663' title='bbox 2547 4492 2692 4548; x_wconf 88' lang='lat' dir='ltr'><strong>inter</strong></span> <span class='ocrx_word' id='word_1_664' title='bbox 2719 4506 2780 4547; x_wconf 87' lang='lat' dir='ltr'><strong>se</strong></span> <span class='ocrx_word' id='word_1_665' title='bbox 2804 4491 3122 4562; x_wconf 80' lang='lat' dir='ltr'><strong>pugnantia,</strong></span> <span class='ocrx_word' id='word_1_666' title='bbox 3149 4490 3312 4562; x_wconf 83' lang='lat' dir='ltr'><strong>impia</strong></span> <span class='ocrx_word' id='word_1_667' title='bbox 3335 4490 3492 4545; x_wconf 86' lang='lat' dir='ltr'><strong>deni-</strong></span> 
     </span>
    </p>
   </div>
   <div class='ocr_carea' id='block_1_95' title="bbox 240 4582 1794 4659">
    <p class='ocr_par' dir='ltr' id='par_1_95' title="bbox 240 4582 1794 4659">
     <span class='ocr_line' id='line_1_95' title="bbox 240 4582 1794 4659; baseline -0.003 -18"><span class='ocrx_word' id='word_1_668' title='bbox 240 4589 436 4658; x_wconf 80' lang='grc' dir='ltr'>ριέχει·</span> <span class='ocrx_word' id='word_1_669' title='bbox 495 4588 568 4659; x_wconf 65' lang='grc' dir='ltr'><strong>ἢν</strong></span> <span class='ocrx_word' id='word_1_670' title='bbox 629 4585 801 4639; x_wconf 75' lang='grc' dir='ltr'>εἰπών</span> <span class='ocrx_word' id='word_1_671' title='bbox 828 4601 914 4648; x_wconf 89' lang='grc' dir='ltr'>τις</span> <span class='ocrx_word' id='word_1_672' title='bbox 967 4583 1149 4654; x_wconf 87' lang='grc' dir='ltr'>πάσης</span> <span class='ocrx_word' id='word_1_673' title='bbox 1182 4583 1446 4654; x_wconf 75' lang='grc' dir='ltr'>αἱρέσεως</span> <span class='ocrx_word' id='word_1_674' title='bbox 1496 4582 1677 4655; x_wconf 81' lang='grc' dir='ltr'>πηγὴν</span> <span class='ocrx_word' id='word_1_675' title='bbox 1725 4600 1794 4637; x_wconf 88' lang='grc' dir='ltr'><strong>κα</strong></span> 
     </span>
    </p>
   </div>
   <div class='ocr_carea' id='block_1_96' title="bbox 1897 4582 3495 4659">
    <p class='ocr_par' dir='ltr' id='par_1_96' title="bbox 1932 4582 3495 4654">
     <span class='ocr_line' id='line_1_96' title="bbox 1932 4582 3495 4654; baseline 0.001 -17"><span class='ocrx_word' id='word_1_676' title='bbox 1932 4598 2041 4654; x_wconf 84' lang='lat' dir='ltr'><strong>que</strong></span> <span class='ocrx_word' id='word_1_677' title='bbox 2086 4592 2140 4638; x_wconf 92' lang='lat' dir='ltr'><strong>et</strong></span> <span class='ocrx_word' id='word_1_678' title='bbox 2167 4584 2486 4638; x_wconf 87' lang='lat' dir='ltr'><strong>detestanda</strong></span> <span class='ocrx_word' id='word_1_679' title='bbox 2529 4593 2630 4650; x_wconf 92' lang='lat' dir='ltr'><strong>tot,</strong></span> <span class='ocrx_word' id='word_1_680' title='bbox 2682 4593 2741 4638; x_wconf 93' lang='lat' dir='ltr'><strong>ut</strong></span> <span class='ocrx_word' id='word_1_681' title='bbox 2769 4583 2859 4651; x_wconf 89' lang='lat' dir='ltr'><strong>qui</strong></span> <span class='ocrx_word' id='word_1_682' title='bbox 2891 4597 3014 4638; x_wconf 91' lang='lat' dir='ltr'><strong>eum</strong></span> <span class='ocrx_word' id='word_1_683' title='bbox 3069 4582 3246 4638; x_wconf 89' lang='lat' dir='ltr'><strong>omnis</strong></span> <span class='ocrx_word' id='word_1_684' title='bbox 3273 4582 3495 4638; x_wconf 67' lang='lat' dir='ltr'><strong>haeresis</strong></span> 
     </span>
    </p>
   </div>
   <div class='ocr_carea' id='block_1_97' title="bbox 242 4673 1794 4752">
    <p class='ocr_par' dir='ltr' id='par_1_97' title="bbox 242 4673 1419 4752">
     <span class='ocr_line' id='line_1_97' title="bbox 242 4673 1419 4752; baseline -0.004 -17"><span class='ocrx_word' id='word_1_685' title='bbox 242 4681 452 4752; x_wconf 68' lang='grc' dir='ltr'>μητέρα</span> <span class='ocrx_word' id='word_1_686' title='bbox 482 4679 588 4734; x_wconf 84' lang='grc' dir='ltr'><strong>οὐκ</strong></span> <span class='ocrx_word' id='word_1_687' title='bbox 611 4677 680 4732; x_wconf 84' lang='grc' dir='ltr'>ἂν</span> <span class='ocrx_word' id='word_1_688' title='bbox 701 4675 1048 4748; x_wconf 82' lang='grc' dir='ltr'>ἁποσφαλείη</span> <span class='ocrx_word' id='word_1_689' title='bbox 1069 4673 1164 4730; x_wconf 80' lang='grc' dir='ltr'><strong>τοῦ</strong></span> <span class='ocrx_word' id='word_1_690' title='bbox 1193 4675 1419 4741; x_wconf 82' lang='grc' dir='ltr'>εἰκότος.</span> 
     </span>
    </p>
   </div>
   <div class='ocr_carea' id='block_1_98' title="bbox 1897 4673 3497 4752">
    <p class='ocr_par' dir='ltr' id='par_1_98' title="bbox 1925 4673 3497 4746">
     <span class='ocr_line' id='line_1_98' title="bbox 1925 4673 3497 4746; baseline 0.001 -16"><span class='ocrx_word' id='word_1_691' title='bbox 1925 4676 2132 4731; x_wconf 88' lang='lat' dir='ltr'><strong>fontem</strong></span> <span class='ocrx_word' id='word_1_692' title='bbox 2166 4685 2332 4746; x_wconf 90' lang='lat' dir='ltr'><strong>atque</strong></span> <span class='ocrx_word' id='word_1_693' title='bbox 2358 4685 2636 4732; x_wconf 87' lang='lat' dir='ltr'><strong>auctorem</strong></span> <span class='ocrx_word' id='word_1_694' title='bbox 2669 4675 2888 4744; x_wconf 79' lang='lat' dir='ltr'><strong>dixerit,</strong></span> <span class='ocrx_word' id='word_1_695' title='bbox 2943 4689 3053 4731; x_wconf 87' lang='lat' dir='ltr'><strong>non</strong></span> <span class='ocrx_word' id='word_1_696' title='bbox 3093 4673 3184 4731; x_wconf 90' lang='lat' dir='ltr'><strong>ille</strong></span> <span class='ocrx_word' id='word_1_697' title='bbox 3208 4690 3239 4730; x_wconf 85' lang='lat' dir='ltr'><strong>a</strong></span> <span class='ocrx_word' id='word_1_698' title='bbox 3268 4678 3497 4732; x_wconf 81' lang='lat' dir='ltr'><strong>veritate</strong></span> 
     </span>
    </p>
   </div>
   <div class='ocr_carea' id='block_1_99' title="bbox 1925 4766 2687 4824">
    <p class='ocr_par' dir='ltr' id='par_1_99' title="bbox 1925 4766 2687 4824">
     <span class='ocr_line' id='line_1_99' title="bbox 1925 4766 2687 4824; baseline 0 -3"><span class='ocrx_word' id='word_1_699' title='bbox 1925 4766 2010 4823; x_wconf 77' lang='lat' dir='ltr'><strong>vel</strong></span> <span class='ocrx_word' id='word_1_700' title='bbox 2034 4767 2322 4824; x_wconf 89' lang='lat' dir='ltr'><strong>minimum</strong></span> <span class='ocrx_word' id='word_1_701' title='bbox 2357 4767 2687 4823; x_wconf 87' lang='lat' dir='ltr'><strong>discesserit.</strong></span> 
     </span>
    </p>
   </div>
   <div class='ocr_carea' id='block_1_100' title="bbox 2629 4855 2793 4914">
    <p class='ocr_par' dir='ltr' id='par_1_100' title="bbox 2629 4855 2793 4914">
     <span class='ocr_line' id='line_1_100' title="bbox 2629 4855 2793 4914; baseline 0.006 -1"><span class='ocrx_word' id='word_1_702' title='bbox 2629 4855 2793 4914; x_wconf 77' lang='lat' dir='ltr'><strong>CXV.</strong></span> 
     </span>
    </p>
   </div>
   <div class='ocr_carea' id='block_1_101' title="bbox 1927 4929 3518 5020">
    <p class='ocr_par' dir='ltr' id='par_1_101' title="bbox 1927 4929 3518 5020">
     <span class='ocr_line' id='line_1_101' title="bbox 1927 4929 3518 5020; baseline -0.001 -15"><span class='ocrx_word' id='word_1_703' title='bbox 1927 4950 2084 5006; x_wconf 78' lang='lat' dir='ltr'><strong>Liber</strong></span> <span class='ocrx_word' id='word_1_704' title='bbox 2105 4967 2397 5020; x_wconf 83' lang='lat' dir='ltr'><strong>anonymus</strong></span> <span class='ocrx_word' id='word_1_705' title='bbox 2425 4960 2607 5005; x_wconf 82' lang='lat' dir='ltr'><strong>contra</strong></span> <span class='ocrx_word' id='word_1_706' title='bbox 2641 4950 2859 5006; x_wconf 64' lang='lat' dir='ltr'><strong>Juda&#39;os</strong></span> <span class='ocrx_word' id='word_1_707' title='bbox 2883 4959 2932 5004; x_wconf 76' lang='lat' dir='ltr'><strong>et</strong></span> <span class='ocrx_word' id='word_1_708' title='bbox 2965 4929 3518 5016; x_wconf 35' lang='lat' dir='ltr'><strong>Quartadecimanos,‘</strong></span> 
     </span>
    </p>
   </div>
   <div class='ocr_carea' id='block_1_102' title="bbox 2133 5020 3277 5091">
    <p class='ocr_par' dir='ltr' id='par_1_102' title="bbox 2133 5020 3277 5091">
     <span class='ocr_line' id='line_1_102' title="bbox 2133 5020 3277 5091; baseline 0.002 -16"><span class='ocrx_word' id='word_1_709' title='bbox 2133 5025 2356 5091; x_wconf 79' lang='lat' dir='ltr'><strong>itemque</strong></span> <span class='ocrx_word' id='word_1_710' title='bbox 2390 5021 2678 5076; x_wconf 80' lang='lat' dir='ltr'><strong>Metrodori</strong></span> <span class='ocrx_word' id='word_1_711' title='bbox 2699 5020 2949 5077; x_wconf 83' lang='lat' dir='ltr'><strong>Calculus</strong></span> <span class='ocrx_word' id='word_1_712' title='bbox 2975 5021 3277 5077; x_wconf 76' lang='lat' dir='ltr'><strong>Paschalis.</strong></span> 
     </span>
    </p>
   </div>
   <div class='ocr_carea' id='block_1_103' title="bbox 952 4858 1099 4917">
    <p class='ocr_par' dir='ltr' id='par_1_103' title="bbox 952 4858 1099 4917">
     <span class='ocr_line' id='line_1_103' title="bbox 952 4858 1099 4917; baseline 0.014 -2"><span class='ocrx_word' id='word_1_713' title='bbox 952 4858 1099 4917; x_wconf 87' lang='lat' dir='ltr'><strong>PIE&#39;.</strong></span> 
     </span>
    </p>
   </div>
   <div class='ocr_carea' id='block_1_104' title="bbox 242 4948 1836 5024">
    <p class='ocr_par' dir='ltr' id='par_1_104' title="bbox 242 4948 1836 5024">
     <span class='ocr_line' id='line_1_104' title="bbox 242 4948 1836 5024; baseline -0.001 -16"><span class='ocrx_word' id='word_1_714' title='bbox 242 4954 594 5024; x_wconf 65' lang='lat' dir='ltr'><strong>’Arm-ﬁpov</strong></span> <span class='ocrx_word' id='word_1_715' title='bbox 632 4952 787 5009; x_wconf 81' lang='grc' dir='ltr'>κατὰ</span> <span class='ocrx_word' id='word_1_716' title='bbox 830 4951 1137 5008; x_wconf 75' lang='grc' dir='ltr'>Ἰουδαίων</span> <span class='ocrx_word' id='word_1_717' title='bbox 1171 4949 1266 5024; x_wconf 66' lang='grc' dir='ltr'><strong>καί</strong></span> <span class='ocrx_word' id='word_1_718' title='bbox 1302 4948 1836 5024; x_wconf 57' lang='grc' dir='ltr'>Τεσσαρεσκαιδεε.</span> 
     </span>
    </p>
   </div>
   <div class='ocr_carea' id='block_1_105' title="bbox 315 5018 1828 5093">
    <p class='ocr_par' dir='ltr' id='par_1_105' title="bbox 315 5018 1828 5093">
     <span class='ocr_line' id='line_1_105' title="bbox 315 5018 1828 5093; baseline -0.003 -15"><span class='ocrx_word' id='word_1_719' title='bbox 315 5018 567 5078; x_wconf 67' lang='grc' dir='ltr'>κπιὶὡν</span> <span class='ocrx_word' id='word_1_720' title='bbox 597 5026 804 5093; x_wconf 77' lang='grc' dir='ltr'>λόγος.</span> <span class='ocrx_word' id='word_1_721' title='bbox 831 5024 943 5093; x_wconf 75' lang='grc' dir='ltr'><strong>Καὶ</strong></span> <span class='ocrx_word' id='word_1_722' title='bbox 969 5021 1362 5090; x_wconf 79' lang='grc' dir='ltr'>Μητροδώρου</span> <span class='ocrx_word' id='word_1_723' title='bbox 1401 5019 1534 5088; x_wconf 76' lang='grc' dir='ltr'>περὶ</span> <span class='ocrx_word' id='word_1_724' title='bbox 1575 5018 1688 5088; x_wconf 82' lang='grc' dir='ltr'>τῆς</span> <span class='ocrx_word' id='word_1_725' title='bbox 1719 5019 1828 5074; x_wconf 86' lang='grc' dir='ltr'>τοῦ</span> 
     </span>
    </p>
   </div>
   <div class='ocr_carea' id='block_1_106' title="bbox 313 5092 1043 5169">
    <p class='ocr_par' dir='ltr' id='par_1_106' title="bbox 313 5092 1043 5169">
     <span class='ocr_line' id='line_1_106' title="bbox 313 5092 1043 5169; baseline -0.003 -21"><span class='ocrx_word' id='word_1_726' title='bbox 313 5097 485 5165; x_wconf 74' lang='grc' dir='ltr'>ἁγίου</span> <span class='ocrx_word' id='word_1_727' title='bbox 502 5092 724 5164; x_wconf 76' lang='grc' dir='ltr'>Πάσχα</span> <span class='ocrx_word' id='word_1_728' title='bbox 747 5092 980 5162; x_wconf 79' lang='grc' dir='ltr'>ἑορτῆς.</span> <span class='ocrx_word' id='word_1_729' title='bbox 1036 5161 1043 5169; x_wconf 35' lang='grc' dir='ltr'>ι</span> 
     </span>
    </p>
   </div>
   <div class='ocr_carea' id='block_1_107' title="bbox 333 5175 1794 5260">
    <p class='ocr_par' dir='ltr' id='par_1_107' title="bbox 333 5175 1794 5260">
     <span class='ocr_line' id='line_1_107' title="bbox 333 5175 1794 5260; baseline -0.006 -15"><span class='ocrx_word' id='word_1_730' title='bbox 333 5189 678 5260; x_wconf 79' lang='grc' dir='ltr'>’Δνεγνώσθη</span> <span class='ocrx_word' id='word_1_731' title='bbox 705 5185 914 5260; x_wconf 83' lang='grc' dir='ltr'>βιϐλίον</span> <span class='ocrx_word' id='word_1_732' title='bbox 931 5184 1214 5256; x_wconf 84' lang='grc' dir='ltr'>ἀνώνυμον</span> <span class='ocrx_word' id='word_1_733' title='bbox 1237 5223 1253 5247; x_wconf 88' lang='grc'><strong>,</strong></span> <span class='ocrx_word' id='word_1_734' title='bbox 1283 5175 1345 5238; x_wconf 72' lang='grc' dir='ltr'>οὗ</span> <span class='ocrx_word' id='word_1_735' title='bbox 1374 5183 1410 5255; x_wconf 75' lang='grc' dir='ltr'><strong>ἠ</strong></span> <span class='ocrx_word' id='word_1_736' title='bbox 1440 5180 1684 5253; x_wconf 80' lang='grc' dir='ltr'>ὲπιγαφῆ</span> <span class='ocrx_word' id='word_1_737' title='bbox 1715 5181 1794 5236; x_wconf 82' lang='lat' dir='ltr'><strong>Ad</strong></span> 
     </span>
    </p>
   </div>
   <div class='ocr_carea' id='block_1_108' title="bbox 1897 5175 3494 5260">
    <p class='ocr_par' dir='ltr' id='par_1_108' title="bbox 1995 5177 3494 5251">
     <span class='ocr_line' id='line_1_108' title="bbox 1995 5177 3494 5251; baseline -0.004 -17"><span class='ocrx_word' id='word_1_738' title='bbox 1995 5177 2124 5251; x_wconf 76' lang='lat' dir='ltr'><strong>Legi</strong></span> <span class='ocrx_word' id='word_1_739' title='bbox 2155 5179 2344 5236; x_wconf 86' lang='lat' dir='ltr'><strong>incerti</strong></span> <span class='ocrx_word' id='word_1_740' title='bbox 2370 5179 2610 5236; x_wconf 86' lang='lat' dir='ltr'><strong>auctoris</strong></span> <span class='ocrx_word' id='word_1_741' title='bbox 2637 5179 2862 5246; x_wconf 90' lang='lat' dir='ltr'><strong>librum,</strong></span> <span class='ocrx_word' id='word_1_742' title='bbox 2892 5180 2984 5250; x_wconf 85' lang='lat' dir='ltr'><strong>qui</strong></span> <span class='ocrx_word' id='word_1_743' title='bbox 3001 5179 3211 5234; x_wconf 87' lang='lat' dir='ltr'><strong>titulum</strong></span> <span class='ocrx_word' id='word_1_744' title='bbox 3239 5179 3455 5248; x_wconf 71' lang='lat' dir='ltr'><strong>praefert</strong></span> <span class='ocrx_word' id='word_1_745' title='bbox 3480 5192 3494 5228; x_wconf 88' lang='lat'><strong>:</strong></span> 
     </span>
    </p>
   </div>
   <div class='ocr_carea' id='block_1_109' title="bbox 1533 5293 2208 5352">
    <p class='ocr_par' dir='ltr' id='par_1_109' title="bbox 1533 5293 2208 5352">
     <span class='ocr_line' id='line_1_109' title="bbox 1533 5293 2208 5352; baseline -0.003 0"><span class='ocrx_word' id='word_1_746' title='bbox 1533 5295 1771 5352; x_wconf 68' lang='lat' dir='ltr'><strong>VARIE</strong></span> <span class='ocrx_word' id='word_1_747' title='bbox 1803 5293 2208 5351; x_wconf 73' lang='lat' dir='ltr'><strong>LECTIONES.</strong></span> 
     </span>
    </p>
   </div>
   <div class='ocr_carea' id='block_1_110' title="bbox 316 5381 3502 5466">
    <p class='ocr_par' dir='ltr' id='par_1_110' title="bbox 316 5381 3502 5466">
     <span class='ocr_line' id='line_1_110' title="bbox 316 5381 3502 5466; baseline -0.006 -11"><span class='ocrx_word' id='word_1_748' title='bbox 316 5401 368 5433; x_wconf 80' lang='lat'>&quot;</span> <span class='ocrx_word' id='word_1_749' title='bbox 396 5402 425 5454; x_wconf 83' lang='grc' dir='ltr'><strong>ὁ</strong></span> <span class='ocrx_word' id='word_1_750' title='bbox 451 5402 576 5455; x_wconf 89' lang='lat' dir='ltr'><strong>add.</strong></span> <span class='ocrx_word' id='word_1_751' title='bbox 602 5400 676 5454; x_wconf 78' lang='grc' dir='ltr'>Α.</span> <span class='ocrx_word' id='word_1_752' title='bbox 749 5399 797 5433; x_wconf 76' lang='grc'><strong>’⁸</strong></span> <span class='ocrx_word' id='word_1_753' title='bbox 832 5395 1197 5466; x_wconf 65' lang='grc' dir='ltr'>ἐπισκοπῆς-αι</span> <span class='ocrx_word' id='word_1_754' title='bbox 1240 5392 1459 5464; x_wconf 87' lang='grc' dir='ltr'>Ῥώμης</span> <span class='ocrx_word' id='word_1_755' title='bbox 1483 5409 1584 5466; x_wconf 35' lang='grc' dir='ltr'><strong>ς.--</strong></span> <span class='ocrx_word' id='word_1_756' title='bbox 1626 5391 1702 5466; x_wconf 41' lang='grc' dir='ltr'><strong>λ’-</strong></span> <span class='ocrx_word' id='word_1_757' title='bbox 1718 5388 2046 5466; x_wconf 73' lang='grc' dir='ltr'>ἀνέγκλητον</span> <span class='ocrx_word' id='word_1_758' title='bbox 2074 5388 2156 5466; x_wconf 46' lang='grc' dir='ltr'>Α.</span> <span class='ocrx_word' id='word_1_759' title='bbox 2205 5386 2410 5466; x_wconf 36' lang='grc' dir='ltr'><strong>ξξιιίὺιζί</strong></span> <span class='ocrx_word' id='word_1_760' title='bbox 2437 5388 2713 5466; x_wconf 30' lang='grc' dir='ltr'><strong>ἑαυτήν...⁸</strong></span> <span class='ocrx_word' id='word_1_761' title='bbox 2827 5385 3013 5458; x_wconf 86' lang='grc' dir='ltr'>φυρῶν</span> <span class='ocrx_word' id='word_1_762' title='bbox 3047 5402 3108 5451; x_wconf 83' lang='grc' dir='ltr'><strong>ς.</strong></span> <span class='ocrx_word' id='word_1_763' title='bbox 3184 5385 3229 5417; x_wconf 79' lang='grc'><strong>³⁸</strong></span> <span class='ocrx_word' id='word_1_764' title='bbox 3269 5381 3502 5455; x_wconf 83' lang='grc' dir='ltr'>φανῆναι</span> 
     </span>
    </p>
   </div>
   <div class='ocr_carea' id='block_1_111' title="bbox 247 5456 2897 5538">
    <p class='ocr_par' dir='ltr' id='par_1_111' title="bbox 247 5456 2897 5538">
     <span class='ocr_line' id='line_1_111' title="bbox 247 5456 2897 5538; baseline -0.005 -14"><span class='ocrx_word' id='word_1_765' title='bbox 247 5471 511 5537; x_wconf 61' lang='grc' dir='ltr'>πολλάκις</span> <span class='ocrx_word' id='word_1_766' title='bbox 533 5477 603 5525; x_wconf 77' lang='grc' dir='ltr'>Δ.</span> <span class='ocrx_word' id='word_1_767' title='bbox 683 5471 725 5503; x_wconf 77' lang='grc'><strong>³⁸</strong></span> <span class='ocrx_word' id='word_1_768' title='bbox 767 5469 827 5524; x_wconf 88' lang='grc' dir='ltr'><strong>δέ</strong></span> <span class='ocrx_word' id='word_1_769' title='bbox 861 5487 924 5534; x_wconf 84' lang='grc' dir='ltr'>ς.</span> <span class='ocrx_word' id='word_1_770' title='bbox 1017 5468 1063 5500; x_wconf 76' lang='grc'><strong>³³</strong></span> <span class='ocrx_word' id='word_1_771' title='bbox 1089 5456 1364 5538; x_wconf 62' lang='grc' dir='ltr'>ἔκκληροῖ</span> <span class='ocrx_word' id='word_1_772' title='bbox 1387 5456 1451 5529; x_wconf 62' lang='grc' dir='ltr'><strong>ἐξ</strong></span> <span class='ocrx_word' id='word_1_773' title='bbox 1497 5456 1504 5458; x_wconf 47' lang='grc'><em>’</em></span> <span class='ocrx_word' id='word_1_774' title='bbox 1542 5461 1587 5494; x_wconf 84' lang='grc'><strong>⁸³</strong></span> <span class='ocrx_word' id='word_1_775' title='bbox 1618 5459 1794 5516; x_wconf 81' lang='grc' dir='ltr'>ἄλλων</span> <span class='ocrx_word' id='word_1_776' title='bbox 1823 5456 1953 5514; x_wconf 62' lang='lat' dir='ltr'><strong>add.</strong></span> <span class='ocrx_word' id='word_1_777' title='bbox 1976 5461 2042 5514; x_wconf 83' lang='lat' dir='ltr'><strong>A.</strong></span> <span class='ocrx_word' id='word_1_778' title='bbox 2119 5460 2166 5492; x_wconf 77' lang='lat'><strong>“</strong></span> <span class='ocrx_word' id='word_1_779' title='bbox 2197 5456 2402 5530; x_wconf 74' lang='grc' dir='ltr'>ἄλλοις]</span> <span class='ocrx_word' id='word_1_780' title='bbox 2435 5456 2897 5530; x_wconf 70' lang='grc' dir='ltr'>1ιιιιιιόάλλήλοις.</span> 
     </span>
    </p>
   </div>
   <div class='ocr_carea' id='block_1_112' title="bbox 1753 5551 1988 5610">
    <p class='ocr_par' dir='ltr' id='par_1_112' title="bbox 1753 5551 1988 5610">
     <span class='ocr_line' id='line_1_112' title="bbox 1753 5551 1988 5610; baseline 0 0"><span class='ocrx_word' id='word_1_781' title='bbox 1753 5551 1988 5610; x_wconf 76' lang='grc' dir='ltr'>ΝΟΤιΕ.</span> 
     </span>
    </p>
   </div>
   <div class='ocr_carea' id='block_1_113' title="bbox 317 5647 2628 5730">
    <p class='ocr_par' dir='ltr' id='par_1_113' title="bbox 317 5647 2628 5730">
     <span class='ocr_line' id='line_1_113' title="bbox 317 5647 2628 5730; baseline -0.004 -17"><span class='ocrx_word' id='word_1_782' title='bbox 317 5660 429 5730; x_wconf 84' lang='lat'><strong>(75)</strong></span> <span class='ocrx_word' id='word_1_783' title='bbox 457 5659 592 5715; x_wconf 81' lang='lat' dir='ltr'><strong>Vide</strong></span> <span class='ocrx_word' id='word_1_784' title='bbox 614 5660 681 5714; x_wconf 89' lang='lat' dir='ltr'><strong>D.</strong></span> <span class='ocrx_word' id='word_1_785' title='bbox 711 5658 914 5713; x_wconf 86' lang='lat' dir='ltr'><strong>Baron.</strong></span> <span class='ocrx_word' id='word_1_786' title='bbox 947 5667 1078 5712; x_wconf 90' lang='lat' dir='ltr'><strong>tom.</strong></span> <span class='ocrx_word' id='word_1_787' title='bbox 1108 5656 1150 5721; x_wconf 92' lang='lat' dir='ltr'><strong>l,</strong></span> <span class='ocrx_word' id='word_1_788' title='bbox 1184 5654 1250 5730; x_wconf 84' lang='lat' dir='ltr'><strong>ad</strong></span> <span class='ocrx_word' id='word_1_789' title='bbox 1286 5669 1484 5730; x_wconf 70' lang='lat' dir='ltr'><strong>annum</strong></span> <span class='ocrx_word' id='word_1_790' title='bbox 1512 5650 1717 5730; x_wconf 63' lang='lat' dir='ltr'><strong>Christi</strong></span> <span class='ocrx_word' id='word_1_791' title='bbox 1737 5647 1830 5704; x_wconf 85' lang='lat'><strong>96.</strong></span> <span class='ocrx_word' id='word_1_792' title='bbox 1928 5727 1939 5730; x_wconf 25' lang='grc' dir='ltr'><strong><em>Α</em></strong></span> <span class='ocrx_word' id='word_1_793' title='bbox 1998 5712 2043 5730; x_wconf 61' lang='grc' dir='ltr'><strong><em>η</em></strong></span> <span class='ocrx_word' id='word_1_794' title='bbox 2144 5713 2158 5730; x_wconf 45' lang='grc'><strong>1</strong></span> <span class='ocrx_word' id='word_1_795' title='bbox 2204 5729 2238 5730; x_wconf 13' lang='grc' dir='ltr'>Ἡ</span> <span class='ocrx_word' id='word_1_796' title='bbox 2428 5709 2487 5730; x_wconf 69' lang='lat' dir='ltr'><strong>m</strong></span> <span class='ocrx_word' id='word_1_797' title='bbox 2593 5715 2628 5730; x_wconf 32' lang='grc' dir='ltr'><strong>ι.</strong></span> 
     </span>
    </p>
   </div>
   <div class='ocr_carea' id='block_1_114' title="bbox 313 5709 2786 5805">
    <p class='ocr_par' dir='ltr' id='par_1_114' title="bbox 313 5709 2786 5805">
     <span class='ocr_line' id='line_1_114' title="bbox 313 5709 2786 5805; baseline -0.007 -19"><span class='ocrx_word' id='word_1_798' title='bbox 313 5709 430 5802; x_wconf 58' lang='grc' dir='ltr'><strong>ξίιῶ</strong></span> <span class='ocrx_word' id='word_1_799' title='bbox 458 5709 745 5805; x_wconf 48' lang='lat' dir='ltr'><strong>Early—rio—</strong></span> <span class='ocrx_word' id='word_1_800' title='bbox 758 5709 1077 5787; x_wconf 68' lang='lat' dir='ltr'><strong>coronatum</strong></span> <span class='ocrx_word' id='word_1_801' title='bbox 1111 5709 1376 5784; x_wconf 32' lang='lat' dir='ltr'><strong>ut&#39;docet</strong></span> <span class='ocrx_word' id='word_1_802' title='bbox 1401 5724 1462 5779; x_wconf 90' lang='lat' dir='ltr'><strong>D.</strong></span> <span class='ocrx_word' id='word_1_803' title='bbox 1500 5723 1650 5781; x_wconf 85' lang='lat' dir='ltr'><strong>card.</strong></span> <span class='ocrx_word' id='word_1_804' title='bbox 1681 5721 1878 5778; x_wconf 80' lang='lat' dir='ltr'><strong>Baron.</strong></span> <span class='ocrx_word' id='word_1_805' title='bbox 1924 5727 1964 5776; x_wconf 90' lang='lat' dir='ltr'><strong>t.</strong></span> <span class='ocrx_word' id='word_1_806' title='bbox 1998 5712 2064 5787; x_wconf 86' lang='grc'><strong>11,</strong></span> <span class='ocrx_word' id='word_1_807' title='bbox 2096 5713 2158 5772; x_wconf 82' lang='lat' dir='ltr'><strong>ad</strong></span> <span class='ocrx_word' id='word_1_808' title='bbox 2196 5728 2394 5772; x_wconf 87' lang='lat' dir='ltr'><strong>annum</strong></span> <span class='ocrx_word' id='word_1_809' title='bbox 2426 5709 2630 5773; x_wconf 85' lang='lat' dir='ltr'><strong>Christi</strong></span> <span class='ocrx_word' id='word_1_810' title='bbox 2664 5711 2786 5772; x_wconf 73' lang='grc'><strong>102.</strong></span> 
     </span>
    </p>
   </div>
  </div>
