3932 6240
415 301 520 371 391

1597 291 1863 353 PHOTII
1900 290 2404 354 PATRIARCHIE
2427 290 2538 352 (ΞΡ.

3589 288 3697 352 392

407 416 712 488 Disputatio
750 416 1002 470 adversus
1028 411 1270 475 Judwos,
1309 419 1518 480 unaque
1543 409 1818 463 sentientes
1843 408 2010 462 lucre-

2116 427 2216 478 τος
2237 405 2388 477 πρὸς
2419 405 2756 470 Ἰουδαίους
2775 403 3031 472 καὶτοὺς
3051 406 3206 475 μετὰ
3235 403 3468 460 τούτων
3488 407 3699 476 αίρετι-

409 513 539 566 ticos
567 509 706 580 (77),
740 516 788 560 et
834 500 1364 570 Quartadecimanos,
1395 509 1452 553 ut
1475 510 1688 568 uocant,
1713 500 1805 570 qui
1823 499 1993 568 primo

2116 500 2244 568 ιοὺς
2276 499 2377 554 καὶ
2405 498 2548 565 τοὺς
2592 497 3011 566 καλουμένους
3049 497 3698 566 Τεσσαρεσκαιδεκατί-

412 603 762 658 Hebrazorum
791 612 964 651 meme
1001 603 1246 649 sanctum
1292 590 1512 646 Pasclue
1543 591 1734 661 festum
1784 607 1887 645 non
1915 607 1998 646 ce-

2116 606 2221 655 rac,
2243 589 2330 659 μὴ
2350 587 2434 654 τῷ
2457 587 2666 656 πρώτῳ
2690 589 2821 643 καθ’
2847 588 3160 658 Ἐϐραίους
3177 588 3324 658 μηνὶ
3352 587 3700 643 ἐπιτελοῦν-

411 695 615 750 lebrant
648 690 784 762 (78).
817 687 988 758 llujus
1013 687 1192 742 oratio
1222 685 1518 742 vehemens
1555 694 1664 750 est,
1698 699 1874 754 neque
1908 698 1994 738 re-

414 789 683 849 dundans,
708 783 851 840 fastu
869 782 1242 853 jactantiaque
1269 794 1376 834 non
1395 794 1618 835 vacans.
1643 777 1999 834 Asseritvero

415 896 577 936 sacra
616 879 806 948 quinta
833 875 964 947 (die)
998 874 1172 947 legale
1200 890 1306 930 non
1340 875 1520 931 edisse
1559 875 1766 930 Pascha
1810 873 1997 930 Domi-

415 991 545 1030 num
570 974 756 1028 Jesum
791 971 1066 1027 Christum
1104 970 1305 1042 (neque
1335 971 1478 1026 enim
1511 971 1658 1025 illum
1688 971 1803 1040 ejus
1821 970 2000 1025 edenti

415 1075 678 1121 statutum
715 1063 883 1118 fuisse
909 1061 1098 1131 diem),
1139 1063 1234 1116 sed
1264 1061 1527 1130 sequenti.
1563 1061 1640 1116 Ac
1665 1075 1838 1130 neque
1865 1070 2000 1126 tum,

416 1178 539 1231 quae
569 1161 770 1225 ederit,
801 1174 865 1212 ex
898 1157 1035 1228 legis
1069 1158 1394 1226 praescripto
1419 1157 1618 1210 edisse.
1661 1155 1794 1210 Nam
1829 1169 2006 1223 neque

417 1269 640 1324 agnum.
677 1265 852 1319 neque
879 1264 1101 1320 azyma,
1145 1263 1319 1316 neque
1354 1247 1497 1301 aliud
1519 1248 1791 1316 quidpiam
1816 1261 2003 1299 eorum

421 1344 640 1407 fecisse,
673 1358 794 1411 qua:
828 1341 1002 1410 legale
1023 1349 1310 1394 servantes
1341 1338 1576 1403 Pascha,
1605 1351 1760 1391 more
1788 1339 2004 1405 rituque

421 1437 692 1505 majorum
720 1436 1037 1488 observant.
1071 1430 1259 1500 Itaque
1291 1431 1560 1499 privatam
1625 1439 1856 1492 tantum,
1890 1443 2006 1498 my-

419 1521 613 1576 sticam
646 1519 790 1574 illam
823 1529 1027 1581 tamen,
1064 1517 1182 1573 vult
1222 1531 1436 1572 caenam
1493 1516 1694 1578 edisse,
1751 1524 1914 1584 atque
1938 1527 2006 1567 ex

419 1626 484 1666 ea
517 1607 800 1680 discipulis
825 1623 1046 1678 panem,
1088 1618 1142 1662 et
1171 1607 1396 1661 calicem
1427 1606 1757 1675 porrexisse.

491 1704 648 1757 Alius
681 1701 810 1754 item
847 1699 987 1756 liber
1013 1697 1342 1768 conjunctus
1385 1681 1504 1752 erat
1547 1697 1843 1752 Metrodori
1901 1713 2008 1752 cu-

2098 697 2203 747 τας
2225 680 2332 735 τοῦ
2353 681 2530 750 ἁγίου
2550 678 2769 748 Πάσχα
2789 678 2906 748 τὴν
2926 678 3162 748 ἑορτήν.
3181 673 3350 743 Οὗτος
3373 679 3475 751 μὲν
3492 680 3522 732 ό
3536 679 3702 748 λόγος

2101 775 2364 845 σύντομος
2378 774 2424 806 ³⁸
2446 773 2542 827 καὶ
2563 771 2856 840 άπέριττος
2877 773 2972 827 καὶ
3000 772 3217 844 κόμπου
3242 771 3510 842 μετέχων.
3532 771 3702 838 Λέγει

2103 868 2290 938 μέντοι
2316 869 2383 938 τῇ
2403 866 2536 938 ἁγίᾳ
2555 867 2790 938 Πέμπτῃ
2827 865 2902 937 μὴ
2935 865 2998 918 τὸ
3027 865 3253 936 νομικὸν
3282 867 3480 934 φαγεῖν
3503 865 3701 932 Πάσχα

2100 958 2192 1012 τὸν
2207 957 2414 1029 Κύριον
2431 957 2588 1027 ἡμῶν
2604 957 2809 1028 Ἰησοῦν
2824 956 3060 1028 Χριστόν
3078 971 3090 986 ·
3122 955 3257 1026 μηδὲ
3277 955 3385 1026 γὰρ
3409 951 3549 1008 εἶναι
3571 954 3700 1006 τότε

2102 1049 2195 1104 τδν
2217 1049 2430 1122 καιρὸν,
2450 1049 2590 1103 ἀλλὰ
2607 1052 2673 1119 τῇ
2698 1047 2954 1121 ἐπιούσῃ.
2970 1046 3080 1101 Καὶ
3099 1048 3181 1100 ὅτι
3202 1046 3326 1100 οὐδὲ
3347 1046 3592 1118 νομικῶς
3611 1063 3701 1098 τε-

2103 1141 2212 1194 λῶν
2227 1140 2452 1210 ἔφαγεν,
2468 1139 2669 1211 άπερ³⁶
2686 1141 2910 1209 ἔφαγεν,
2924 1139 3004 1203 εἰς
3019 1139 3118 1207 τὴν
3135 1137 3398 1192 ἐπιοῦσαν
3413 1154 3426 1168 ⁸
3445 1137 3572 1192 οὔτε
3590 1139 3701 1208 γάρ

2105 1229 2266 1300 άρνὸν
2297 1229 2420 1283 οὒτε
2445 1229 2630 1300 ἄζυμα
2664 1229 2787 1282 οὔτε
2821 1228 2951 1282 ἄλλο
2989 1245 3043 1281 τι
3089 1227 3348 1299 πράττων
3370 1269 3385 1294 ,
3428 1228 3531 1280 ὅσα
3553 1229 3603 1281 οἱ
3638 1227 3702 1280 τὺ

2105 1321 2329 1392 νομικὸν
2349 1322 2627 1386 τελοῦντες
2647 1323 2839 1392 Πάσχα
2863 1320 2986 1384 ἔθος
3008 1320 3192 1392 έχουσι
3219 1319 3700 1391 παραφυλάττειν·

2111 1412 2228 1467 ἀλλ’
2262 1413 2394 1467 ἴδιον
2428 1414 2691 1483 μυστικόν
2722 1429 2856 1486 φησι
2885 1412 3100 1466 δεῖπνον
3133 1415 3360 1482 φαγεῖν,
3394 1413 3452 1480 ἑξ
3499 1405 3562 1465 οἶ)
3604 1410 3705 1465 καὶ

2107 1510 2221 1572 τοῖς
2253 1507 2524 1579 μαθηταῖς
2566 1508 2733 1578 ἄρτου
2763 1506 2861 1560 καὶ
2904 1506 3165 1578 ποτηρίου
3205 1505 3553 1577 μεταδοῦναι.

2183 1707 2332 1780 [293
2363 1706 2476 1780 IL]
2535 1707 2850 1778 Ἐνεφέρετο
2881 1706 2939 1761 δὲ
2985 1706 3143 1774 λόγος
3175 1705 3363 1779 ἔτερος
3395 1706 3705 1778 Μητροδὼ-

418 1796 662 1865 justlam,
699 1791 953 1846 Calculus
997 1791 1255 1846 nimirum
1296 1789 1362 1845 de
1410 1806 1563 1844 sacro
1611 1789 1836 1844 Pascha:
1873 1790 2010 1860 festo

2123 1816 2217 1871 pou
2245 1799 2389 1864 τινος
2411 1841 2426 1866 ,
2454 1799 2633 1870 ψῆφος
2653 1798 3312 1869 ἑννεακαιδεκαετηρίδων
3343 1795 3429 1868 κη’
3457 1800 3538 1862 είς
3573 1799 3707 1851 ἑαυο

423 1885 733 1941 celebrando
789 1897 983 1938 novem
1027 1882 1408 1938 decennalium
1457 1881 1756 1953 ’cyclorum
1818 1881 2008 1951 viginti

424 1989 550 2033 octo
601 1979 654 2032 in
705 1976 947 2046 seipsum
1002 1975 1158 2044 quasi
1213 1975 1266 2030 in
1327 1975 1515 2030 orbem
1575 1975 1844 2030 reductus.
1911 1973 2013 2055 llic

425 2075 606 2120 autem
663 2062 1033 2127 Metrodorus,
1093 2062 1409 2132 quicunque
1466 2061 1681 2116 tandem
1733 2073 1817 2116 est
1855 2061 2014 2134 (nihil

429 2159 576 2212 enim
612 2155 759 2210 aliud
799 2156 868 2210 de
901 2155 996 2209 illo
1026 2154 1210 2210 dicere
1240 2151 1434 2225 statui)
1479 2168 1508 2206 a
1545 2153 1903 2220 Diocletiano,
1928 2151 2014 2207 in-

427 2249 680 2303 choando
711 2247 1138 2318 quingentorum
1168 2245 1393 2315 triginta
1421 2246 1586 2299 trium
1608 2258 1872 2299 annorum
1899 2243 2015 2299 dies

428 2339 602 2396 festos
630 2339 873 2410 collegit,
908 2339 1070 2410 idque
1104 2338 1390 2410 (quantum
1435 2334 1673 2406 videtur)
1711 2335 2012 2390 secundum

430 2439 744 2485 accuratam
799 2428 988 2491 illam,
1045 2441 1210 2496 quam
1265 2436 1508 2492 vocant,
1542 2424 2016 2494 quartae-decimae

430 2525 573 2574 lunae
597 2518 1086 2588 computationem.
1125 2517 1344 2572 Etenim
1374 2531 1550 2586 neque
1575 2516 1722 2570 hunc
1753 2513 2013 2580 Ecclesia,

433 2620 608 2675 neque
641 2615 798 2661 vetus
834 2605 1059 2661 traditio
1084 2603 1202 2661 dies
1235 2603 1358 2660 illos
1385 2617 1639 2660 servasse
1670 2602 1944 2657 videntur.

1130 2695 1313 2752 CXVI.

1130 2697 1223 2752 CX
1272 2697 1313 2752 Ι.

434 2793 686 2848 Auctoris
717 2791 902 2846 incerti
948 2791 1014 2846 de
1045 2805 1200 2846 sacro
1223 2697 1468 2844 vPascha:
1497 2788 1629 2856 festo
1659 2787 1899 2842 volumen
1931 2801 2014 2841 ιιι.

506 2973 705 3028 Lectus
757 2985 978 3042 quoque
1036 2970 1175 3026 liber
1234 2975 1342 3034 est,
1405 2967 1499 3039 qui
1560 2966 1843 3036 scriptoris
1910 2979 2018 3020 non

436 3079 694 3133 expresso
715 3065 935 3119 nomine
957 3063 1306 3119 inscribitur:
1327 3061 1407 3117 De
1426 3076 1580 3116 sacro
1619 3060 1844 3115 Pascha:
1883 3059 2020 3128 [esto

437 3161 679 3216 uolumen
707 3159 924 3215 tertium
955 3157 1106 3212 libris
1134 3166 1275 3214 octo.

513 3251 764 3324 Simplici
792 3251 1057 3317 dictione,
1090 3248 1341 3320 styloque
1366 3245 1716 3318 apertissimo
1761 3245 2025 3314 scriptum

439 3359 598 3416 opus,
640 3344 812 3400 multa
857 3343 988 3399 s'ane
1035 3352 1202 3412 atque
1238 3339 1497 3410 prazclara
1545 3353 1710 3396 sensa
1758 3339 2024 3394 continet.

441 3440 690 3509 Scriptor
748 3437 837 3492 hic
889 3436 1033 3492 libro
1082 3444 1281 3505 quarto
1327 3431 1696 3490 Metrodorum
1739 3443 1886 3498 saepe
1938 3442 2026 3484 re-

440 3531 751 3601 prehendit,
773 3542 838 3584 ac
854 3528 982 3584 dum
1013 3526 1190 3583 sacris
1216 3538 1337 3580 sese
1364 3524 1666 3592 Scriptura:
1697 3521 2028 3577 testimoniis

442 3623 766 3688 communit,
804 3635 911 3677 non
954 3634 1150 3691 pauca,
1185 3616 1561 3690 explanatoris
1597 3615 1712 3671 fere
1750 3614 2026 3678 methodo,

442 3714 587 3786 91b
629 3715 684 3770 in
717 3727 814 3769 sex
851 3713 1062 3768 dierum
1122 3725 1260 3781 opus
1293 3709 1445 3764 utilia
1479 3708 1632 3764 hisce
1668 3707 1738 3762 de
1765 3705 2032 3761 Paschate

446 3807 598 3862 libris
625 3806 882 3862 intexuit.
909 3805 1129 3860 Dedicat
1159 3817 1294 3860 vero
1319 3802 1632 3867 Theodoro,
1680 3814 1844 3870 quem
1891 3799 2031 3855 dile-

445 3911 592 3954 ctum
615 3899 950 3968 fratremque
973 3894 1230 3966 appellat.
1257 3892 1487 3964 Scripsit
1510 3893 1699 3949 eadem
1723 3893 1792 3949 de
1813 3907 1872 3948 re
1893 3892 2030 3946 alios

447 4004 669 4059 quoque
697 3988 893 4054 libros,
918 4001 1105 4042 verum
1143 3986 1230 4041 hic
1260 3984 1485 4042 uberior
1508 3993 1595 4041 est
1613 3992 1779 4055 atque
1806 3983 2028 4051 utilior;

456 4091 515 4132 ut
549 4079 642 4148 qui
666 4078 720 4132 in
747 4093 804 4134 re
832 4080 978 4133 tenui
1015 4077 1165 4132 utilia
1189 4092 1424 4148 qumque
1459 4077 1526 4132 ad
1563 4091 1676 4132 rem
1706 4077 2030 4147 pertinentia

457 4168 676 4223 afferat.
722 4166 857 4222 Nam
897 4169 963 4222 de
1005 4167 1248 4224 bissexto
1279 4207 1296 4237 ,
1341 4177 1398 4224 et
1459 4181 1650 4224 mense
1694 4167 2029 4235 intercalari,

449 4260 691 4330 solisque
755 4275 820 4315 ac
857 4258 999 4314 lunae
1043 4259 1275 4330 epactis,
1316 4269 1374 4315 et
1418 4259 2026 4316 enueacredecaeteridi-

450 4357 554 4410 bus
575 4353 715 4426 (79),
738 4363 798 4410 et
817 4353 885 4408 de
918 4353 1130 4408 ratione
1159 4367 1223 4409 ac
1247 4352 1333 4408 via
1353 4353 1471 4408 haec
1503 4352 1885 4424 investigandi,
1915 4353 2034 4408 sin-

2117 1892 2218 1964 τὴν
2235 1891 2685 1962 άνακυκλουμένη
2707 1909 2774 1944 πε
2783 1890 2836 1963 ρὶ
2857 1889 2959 1961 τῆς
2975 1889 3071 1944 τοῦ
3093 1891 3247 1959 ἁγίου
3269 1889 3462 1961 Πάσχα
3479 1891 3705 1962 ἑορτῆς.

2119 1981 2291 2051 Οὗτος
2321 1988 2349 2040 ό
2374 1985 2742 2058 Μητρόδωρος
2761 2023 2776 2048 ,
2807 1985 2957 2048 ὅστις
2997 1985 3128 2038 ποτέ
3159 1985 3274 2038 ἑστι
3303 1984 3401 2053 (οὐ
3431 1984 3540 2054 γάρ
3575 1985 3708 2039 ἀλλο

2118 2097 2170 2133 τι
2214 2077 2385 2148 ἔγνων
2413 2077 2587 2131 εἰπεῖν
2625 2079 2754 2147 περὶ
2777 2074 2943 2130 αὐτοῦ
2963 2075 2981 2146 )
3004 2115 3020 2140 ,
3049 2074 3160 2128 ἀπὸ
3183 2075 3568 2145 Διοκλητιανοῦ
3603 2077 3710 2149 άρ-

2122 2174 2350 2244 ξάμενος
2401 2171 2522 2240 φλγ¹
2575 2170 2712 2225 ἑτῶν
2759 2170 3035 2242 συνήγαγε
3077 2172 3219 2224 κατὰ
3262 2170 3361 2242 τὴν
3402 2169 3709 2241 λεγομένην

2120 2262 2327 2334 ἀκριϐῆ
2352 2263 2450 2332 τῆς
2479 2261 3083 2334 τεσσαρεσκαιδεκάτης
3113 2262 3461 2334 ψηφοφορίαν
3481 2263 3526 2296 ⁸⁷
3566 2261 3710 2334 ὴμέ-

2125 2369 2223 2424 ρας
2242 2393 2257 2417 ,
2288 2352 2389 2406 ὅσα
2419 2350 2497 2421 τῷ
2525 2353 2702 2405 δοκεῖν
2725 2393 2740 2418 ,
2773 2351 3130 2425 ἑορταστικάς
3155 2368 3168 2382 °
3193 2355 3289 2408 καὶ
3315 2353 3424 2426 γάρ
3450 2352 3580 2407 οὔτε
3609 2353 3712 2407 νῦν

2122 2445 2156 2514 ἡ
2201 2441 2498 2514 Ἐκκλησία
2522 2441 2646 2496 οὔτε
2677 2444 2712 2515 ἡ
2747 2443 2961 2499 παλαιὰ
2988 2445 3286 2516 παράδοσις
3316 2445 3546 2510 ταύταις
3576 2443 3710 2516 φαί-

2122 2551 2272 2590 νεται
2298 2534 2635 2606 κεχρημένη.

2834 2711 3002 2766 Ρισν.

2834 2713 2902 2764 ΡΙ
2966 2717 3002 2766 '.

2127 2805 2477 2874 Ἀνωνύμου
2521 2803 2656 2872 περὶ
2689 2713 3034 2929 τῆῧᾶίτῖτξδ
3059 2778 3169 2860 to“;
3216 2807 3433 2874 Πάσῖα
3495 2806 3715 2878 ἑορτῆς

2857 2891 2953 2929 rat
3038 2915 3054 2929 .

2935 2894 3054 2930 ιγ.

2779 2881 2858 2929 λό
2935 2894 2953 2928 ι
3038 2915 3054 2930 .

2208 2966 2550 3037 ’Δνεγνώσθη
2581 2965 2782 3038 βιϐλίον
2806 3007 2822 3031 ,
2851 2881 3098 3022 gavia!
3119 2967 3198 3040 τῷ
3217 2968 3441 3040 ὀνόματι
3467 2968 3564 3024 τοῦ
3589 2989 3718 3025 συν-

2126 3059 2444 3128 τεταχότος,
2495 3059 2868 3130 ἀνεπίγραφον
2890 3073 2907 3091 ο
2945 3058 3042 3112 ἐπὶ
3073 3061 3139 3131 τῇ
3191 3077 3256 3130 γε
3311 3060 3478 3132 βίϐλῳ
3521 3062 3720 3130 ἑπεγέ-

2045 3153 2091 3216 C
2124 3165 2337 3221 γραπτο
2357 3164 2376 3181 ο
2415 3167 2434 3200 ι
2455 3148 2592 3220 Περὶ
2621 3148 2723 3220 τῆς
2761 3148 2923 3219 ἁγίας
2970 3148 3064 3202 τοῦ
3097 3149 3290 3222 Πάσχα
3316 3151 3510 3222 ἑορτῆς
3558 3151 3720 3221 λόγος

2128 3241 2350 3312 τρίτος,
2383 3240 2442 3293 ἑν
2479 3242 2666 3311 τόμοις
2694 3241 2858 3295 ὀκτώ.
2888 3259 2908 3292 ι
2956 3241 3106 3313 Αὕτη
3150 3243 3184 3313 ἡ
3219 3241 3399 3313 βίϐλος
3430 3243 3578 3316 ἁπλῇ
3616 3244 3722 3314 μὲν

2128 3335 2224 3387 καὶ
2252 3333 2563 3406 σαφεστάτη
2597 3334 3015 3405 συγγέγραπται
3059 3335 3260 3406 φράσει
3286 3376 3302 3402 ,
3341 3335 3513 3390 πολλὰ
3539 3337 3597 3390 δὲ
3623 3339 3721 3393 καὶ

2128 3427 2272 3482 καλά
2294 3428 2540 3498 νοήματα
2563 3428 2810 3500 περιέχει
2833 3428 2899 3483 ⁸⁸.
2919 3423 3088 3494 Οὗτος
3108 3431 3138 3483 ό
3171 3431 3526 3501 συγγραφεὺς
3553 3433 3614 3486 ἑν
3635 3433 3718 3503 τῷ

2128 3519 2376 3592 τετάρτῳ
2385 3519 2446 3573 τό
2452 3537 2536 3591 μῳ
2551 3522 2645 3574 καὶ
2657 3520 3070 3594 κατάΜητροδὼ
3077 3538 3168 3592 ρου
3185 3525 3418 3577 ποιεῖται
3431 3523 3720 3595 ἐλέγχους,

2130 3613 2226 3666 καὶ
2243 3615 2365 3676 ταῖς
2394 3613 2700 3685 Γραφικαῖς
2725 3613 2781 3668 δὲ
2797 3615 3123 3686 μαρτυρίαις
3151 3614 3463 3687 ὠχύρωται,
3478 3617 3575 3669 καὶ
3592 3617 3723 3670 πολ.

2129 3705 2199 3760 λά
2213 3705 2322 3760 τῶν
2343 3707 2422 3771 είς
2454 3707 2554 3775 τὴν
2565 3707 2904 3780 Ἐξαήμερον
2922 3708 3232 3779 χρησίμων,
3248 3707 3325 3772 ὡς
3341 3709 3399 3762 ἑν
3416 3709 3723 3780 ἑρμηνείας

2131 3797 2288 3872 τύπῳ
2308 3840 2323 3864 ,
2344 3798 2487 3852 κατὰ
2512 3799 2704 3852 τούσδε
2728 3801 2857 3865 τοὺς
2879 3802 3008 3871 περὶ
3034 3799 3130 3854 τοῦ
3152 3801 3346 3872 Πάσχα
3375 3801 3574 3870 λόγους
3597 3819 3721 3855 συν-

2133 3892 2372 3964 υφαίνει.
2402 3894 2723 3964 Προσφωνεῖ
2760 3893 2817 3948 δὲ
2843 3893 3108 3966 Θεοδώρῳ
3137 3893 3230 3947 τὸν
3255 3893 3412 3964 λόγον
3435 3935 3451 3962 ,
3485 3893 3545 3948 δν
3576 3895 3722 3963 ἀγα-

2133 3985 2306 4057 πητόν
2348 4001 2409 4038 τε
2435 3984 2532 4038 καὶ
2555 3984 2782 4054 άδελφδν
2814 3985 3171 4056 ὑπαγορεύει.
3205 3986 3484 4058 Πεποίηκε
3534 3986 3595 4039 δὲ
3621 3987 3719 4039 καὶ

2137 4080 2332 4152 ἑτέρας
2363 4079 2495 4150 περὶ
2535 4079 2636 4150 τῆς
2681 4079 2858 4152 αὐτῆς
2905 4081 3215 4146 ὑποθέσεως
3250 4081 3516 4154 πρότερον
3548 4081 3596 4113 ³⁸
3631 4081 3719 4150 βί-

2138 4168 2298 4233 ϐλους
2319 4183 2336 4200 ⁸
2367 4168 2485 4223 ἀλλ’
2517 4166 2658 4240 αὕτη
2688 4169 3003 4242 πλατυτέρα
3045 4185 3108 4224 τε
3149 4170 3246 4226 καὶ
3279 4171 3675 4243 χρησιμωτάτη
3703 4213 3718 4236 ,

2135 4259 2211 4324 ὡς
2240 4260 2335 4314 ἐπὶ
2355 4258 2376 4332 [
2397 4259 2501 4314 158
2529 4259 2636 4333 Η.]
2666 4259 2848 4333 λεπτῷ
2875 4262 3055 4318 πάντα
3079 4261 3148 4316 τά
3179 4262 3316 4331 πρὸς
3339 4262 3437 4334 τὴν
3463 4263 3720 4317 ὑπόθεσιν

2138 4352 2385 4424 χρήσιμα
2406 4351 2699 4417 διεξιοῦσα.
2729 4353 2865 4426 Περί
2890 4371 2952 4408 τε
2995 4354 3106 4427 γάρ
3140 4354 3388 4426 βισέξτου
3405 4355 3452 4387 ⁸⁸
3485 4355 3586 4409 καὶ
3618 4357 3723 4426 ἑμ-

450 4447 576 4517 gula
601 4444 931 4501 excutiendo
951 4444 1184 4500 dilucide
1202 4445 1383 4500 tradit.
1406 4443 1481 4497 De
1497 4443 1776 4499 mensibus
1797 4439 1951 4508 item,
1979 4457 2016 4498 επ

2141 4444 2368 4516 ϐολίμου
2395 4445 2562 4517 μηνὸς
2587 4446 2683 4500 καὶ
2707 4447 2962 4502 ἑπακτῶν
2990 4447 3145 4516 ἡλίου
3169 4448 3265 4502 καὶ
3285 4447 3542 4502 ἑπακτῶν
3567 4448 3722 4518 σελίδα

451 4510 760 4603 uectnenia,
779 4546 837 4593 et
859 4535 1222 4602 hebdomade,
1245 4537 1474 4607 ejusque
1501 4535 1714 4600 diebus,
1737 4545 1792 4591 et
1808 4538 2016 4606 quinan

2137 4551 2236 4605 νης
2266 4510 2362 4590 παὶ
2395 4510 3048 4611 ἑννεακαιδεκαετηρίδων
3090 4541 3186 4594 καὶ
3220 4540 3445 4612 μεθόδου
3471 4539 3576 4608 τῆς
3624 4510 3720 4593 εὖ.-

451 4645 774 4686 communes
802 4629 929 4685 anni
961 4629 1330 4700 appellantur,
1354 4630 1559 4700 quique
1584 4628 1849 4697 iuterjecti
1877 4627 2028 4683 anni.

455 4721 531 4775 De
563 4721 841 4776 curriculo
886 4731 1150 4790 praeterea
1184 4720 1319 4778 solis
1356 4731 1483 4777 octo
1516 4733 1573 4777 et
1620 4721 1809 4792 viginti
1861 4735 2032 4774 anno-

451 4827 595 4878 rum,
629 4823 684 4867 et
714 4813 1085 4869 novemdecim
1121 4829 1387 4870 annorum
1423 4815 1586 4882 lunae,
1613 4829 1676 4869 ac
1701 4823 1899 4883 quarto
1939 4816 2032 4866 de-

451 4905 596 4962 cimo
617 4905 861 4975 ejusdem
893 4905 1004 4961 die.
1036 4905 1274 4964 Rursum
1309 4908 1378 4964 de
1421 4908 1700 4964 mensibus
1751 4907 2032 4960 lunaribus

2141 4626 2345 4698 ρὲσεως
2368 4627 2547 4684 αὐτῶν
2571 4629 2927 4702 λεπτομερῶς
2961 4633 3056 4686 καὶ
3101 4632 3287 4703 σαφῶς
3325 4631 3716 4702 διαλαμϐάνει.

2137 4722 2230 4776 καὶ
2252 4723 2383 4794 περὶ
2408 4724 2594 4795 μηνῶν
2621 4725 2716 4779 καὶ
2740 4725 3032 4797 νεομηνίας
3059 4727 3153 4781 καὶ
3177 4726 3470 4798 ἑϐδομάδος
3491 4724 3590 4779 καὶ
3608 4724 3726 4798 τῶν.

2135 4814 2196 4867 ἑν
2235 4814 2375 4886 αὐτῇ
2423 4816 2651 4889 ἡμερῶν
2672 4855 2690 4882 ,
2717 4817 2864 4882 τίνες
2887 4835 2947 4872 τε
2977 4818 3170 4873 κύκλοι
3188 4819 3233 4852 ⁸⁸
3279 4818 3518 4872 ἐνιαυτοὶ
3550 4833 3720 4889 προσ-

2137 4910 2492 4983 αγορεύονται
2519 4913 2614 4967 κα)⁸
2643 4915 2786 4980 τίνες
2817 4915 3106 4988 ἑμϐόλιμοι
3137 4917 3368 4971 ἐνιαυτοὶ
3388 4956 3404 4983 ,
3434 4916 3565 4987 περί
3585 4931 3648 4968 τε
3671 4912 3718 4946 ⁸¹

1750 5064 1984 5121 VARUE
2013 5065 2417 5127 [.ECTIONES.

549 5186 594 5218 ³⁸
629 5184 888 5258 σύντονος
905 5203 967 5251 ς.
1012 5253 1025 5258 _
1041 5185 1092 5258 _“
1124 5185 1268 5258 άπερ
1297 5185 1501 5255 ἔφαγεν
1531 5186 1671 5258 add.
1692 5187 1758 5240 A.

452 5271 578 5311 mox
615 5274 674 5310 τε
709 5257 835 5311 add.
864 5257 932 5311 A.
1010 5253 1060 5288 “
1092 5253 1350 5327 βισέιιτου
1378 5261 1444 5310 Α.

1533 5187 1822 5285 ἓΡἚῑΑπ-.
1859 5187 1904 5285 II
1926 5187 2293 5285 ,ἳιζῖεέηφορίαν
2328 5206 2419 5285 ςη

1611 5257 1826 5309 κύκλιοι
1861 5257 2210 5328 Ιὶυιιιυιιιιιεζ,
2248 5259 2419 5314 κοινοί
2486 5257 2746 5329 Scaliger.
2823 5261 2867 5293 “
2900 5257 2962 5314 τε
2999 5263 3124 5315 add.
3153 5261 3218 5315 Α.

2486 5189 2799 5264 1⁸περιέχει
2825 5191 3099 5264 ,νοήματα
3135 5206 3197 5264 so
3279 5188 3323 5220 ³⁸
3354 5191 3624 5264 πρότερον
3668 5201 3724 5245 «τι

1969 5393 2201 5450 ΝΟΤΛΕ.

525 5505 641 5646 (77;
679 5505 1060 5571 Montanistas,
1079 5505 1429 5572 Novatianos,
1455 5507 1690 5562 Blasium
1717 5515 1771 5563 et
1797 5507 2022 5564 similes.

531 5575 617 5645 ἱ78
646 5577 1338 5646 ίΤεσσαρεσκαιδεκατίτας
1358 5595 1372 5632 :
1390 5578 1480 5646 qui
1501 5593 1604 5633 non
1621 5580 1758 5634 luna:
1784 5594 2022 5644 cursum,

531 5575 1338 5650 ἴ78)-Τεσσαρεσκαιδεπατίσιῖας
1358 5578 1480 5650 :_qtti
1501 5593 1604 5633 non
1621 5580 1758 5634 luna:
1784 5594 2023 5650 cursum,

458 5645 885 5727 more'ludaico',
901 5650 1032 5727 sed
1050 5649 1186 5727 solis
1213 5645 1614 5727 sequebantur,
1632 5659 1774 5704 texte
1796 5647 2018 5727 _Sozom._

456 5715 553 5770 lib.
585 5730 683 5790 vn,
735 5735 856 5790 cap.
899 5719 986 5790 l8,
1012 5718 1103 5790 l9,
1146 5729 1203 5774 et
1229 5733 1261 5774 a
1295 5715 1522 5790 Victore
1577 5719 1722 5790 Papa
1783 5720 2024 5773 damnati

456 5793 602 5844 sunt.
635 5785 916 5861 Legendus
947 5789 1010 5848 Ι).
1045 5787 1244 5848 Baron.
1295 5800 1426 5869 tom.
1474 5789 1542 5859 ll,
1613 5785 1678 5848 ad
1734 5806 1862 5847 anu.
1891 5790 2022 5846 Chr.

2133 5509 2718 5644 fig?,vfg';ll‘)hﬁgdoret.
2751 5524 2918 5586 atque
2951 5515 3245 5588 Epiphan.,
3281 5513 3712 5584 Euseb.quoque

2202 5650 2328 5728 (79_)_
2365 5652 3038 5728 Ἐννεακαιδεκαετερίδων
3083 5675 3098 5728 ;
3145 5671 3374 5728 quarum
3428 5663 3704 5728 auctorem

2132 5718 2450 5802 Eusebium-
2478 5723 2610 5802 facit
2661 5725 2720 5781 S.
2745 5718 3060 5802 llieronytn.
3082 5727 3134 5780 in
3165 5718 3471 5796 Hippolyto,
3508 5726 3611 5802 lib.
3639 5723 3713 5778 De

2131 5794 2312 5862 script.
2341 5794 2656 5864 ecclesiam,
2684 5807 2741 5854 et
2773 5794 3044 5868 Beda,'Dc
3081 5794 3461 5868 teutporc,cap.
3495 5796 3583 5850 Β.
