3932 6240
244 251 352 315 393
1334 250 1859 312 ΒΙΒιΙΟΤΠΕιιΛ.
1898 277 1967 285 -
1999 251 2165 312 COD.
2201 251 2433 313 CXVII.
3408 256 3514 321 394

241 358 935 431 ὀκτωκαιεικοσαετηρίδος
956 359 1108 431 ἡλίου
1134 358 1233 412 καὶ
1254 359 1836 428 ἐννεακαιδεκατηρίου

1961 374 2003 413 te
2034 359 2325 424 solaribus,
2358 369 2413 413 et
2456 360 2743 414 neomenia
2773 360 2975 416 mensis
3004 374 3127 415 cum
3169 359 3373 416 lunaris
3403 375 3513 418 tum

245 457 523 527 σελήνης,
569 454 666 506 καὶ
710 454 811 524 τῆς
842 453 1447 524 τεσσαρεσκαιδεκάτης
1489 452 1693 521 αὐτῆς,
1745 452 1840 505 καὶ

1961 449 2154 513 tolaris,
2191 452 2282 517 qni
2324 448 2502 503 lunari
2533 448 2602 503 sit
2643 464 2763 518 par,
2795 450 2968 517 deque
3008 465 3196 508 mense
3223 461 3417 507 exacto
3452 468 3518 510 ac

244 547 383 614 περὶ
433 545 621 615 μηνῶν
691 543 1029 614 σεληνιακῶν
1070 544 1164 597 καὶ
1202 544 1386 614 μηνῶν
1428 543 1674 614 ἡλιακῶν
1698 583 1713 605 ,
1747 544 1841 595 καὶ

1964 552 2085 597 usto
2120 559 2134 596 :
2172 543 2239 598 de
2279 557 2547 597 annorum
2590 542 2826 613 denique
2866 545 3052 598 mundi
3101 547 3510 615 snpputatione.

242 636 548 707 νουμηνίας
582 636 906 705 σεληνιακοῦ
948 636 1115 707 μηνὸς
1137 635 1184 667 ⁸³
1224 637 1322 689 καὶ
1367 636 1624 704 ἡλιακοῦ,
1675 635 1842 706 μηνός

245 747 313 783 τε
345 729 555 799 ὁμαλοῦ
587 730 687 800 τῆς
720 729 951 799 σελήνης
981 731 1076 781 καὶ
1106 729 1273 799 μηνὸς
1293 729 1555 799 ἀκριϐοῦς
1574 772 1589 790 ,
1614 730 1705 781 καὶ
1740 731 1845 781 ἁπ-

246 823 378 894 αριθ
389 823 608 892 μήσεως
632 820 740 872 τῶν
765 820 901 872 ἐτῶν
922 820 1016 872 τοῦ
1034 820 1080 851 ⁸⁸
1096 820 1323 890 κόσμου.
1348 821 1487 889 Φησὶ
1509 820 1565 873 δέ
1589 812 1742 882 οὗτος
1762 819 1843 872 ὅτι

246 915 394 967 κατὰ
429 915 527 983 μὲν
547 912 675 973 τοὺς
698 910 890 973 ἄλλους
916 911 1018 981 τῆς
1043 909 1347 982 παρουσίας
1371 910 1539 964 αὐτοῦ
1562 912 1846 974 ἐνιαυτοὺς

246 1006 277 1056 ὁ
317 1003 527 1073 Κύριος
560 1001 656 1053 καὶ
705 999 839 1061 Θεὸς
883 999 1041 1069 ἡμῶν
1073 1002 1100 1052 ὁ
1129 998 1364 1069 Χριστὸς
1410 998 1470 1051 τὸ
1501 996 1722 1067 νομικὸν
1750 998 1848 1048 ἐπ-

248 1094 429 1145 ετέλει
454 1093 651 1159 Πάσχα
677 1130 691 1152 ,
723 1090 842 1144 καθ’
867 1090 925 1142 ὃν
954 1090 1010 1142 δέ
1043 1090 1313 1161 παρεδόθη
1343 1088 1563 1142 οὐκέτι·
1595 1087 1693 1141 καὶ
1725 1103 1848 1138 σκο-

266 1187 392 1236 πεῖν
416 1185 547 1255 χρή.
590 1184 646 1235 Ὀ
674 1183 784 1253 γὰρ
813 1184 856 1235 Χ
867 1182 1198 1254 ρυσόστομος
1228 1184 1319 1236 καὶ
1354 1185 1387 1252 ἡ
1434 1180 1731 1251 Ἐκκλησία
1754 1179 1849 1233 καὶ¹

251 1275 378 1325 τότε
411 1273 581 1341 φησιν
614 1272 778 1325 αὐτον
807 1271 1119 1324 ἐπιτελέσαι
1150 1271 1213 1325 τὸ
1244 1272 1467 1343 νομικὸν
1495 1271 1601 1342 πρὸ
1627 1269 1722 1323 τοῦ
1751 1286 1851 1339 μυ-

254 1366 451 1418 στικοῦ
486 1364 733 1418 δείπνου.

975 1452 1120 1507 PIZ'.

266 1542 805 1614 ’ΥπὲρὩριγένους
838 1543 935 1597 καί
970 1544 1089 1667 τεῶν
1114 1542 1299 1597 αὐτοῦ
1320 1540 1651 1613 δογμάτων,
1678 1542 1850 1609 τόμοι

956 1630 996 1666 π
1033 1631 1155 1667 ws.

956 1630 1155 1667 πεντε.

1944 636 2134 692 Refert
2203 637 2343 692 idem
2401 638 2696 692 secundum
2755 638 2874 693 illos
2927 639 3064 696 alios
3120 639 3385 695 adventus
3436 641 3522 695 sui

1944 746 2137 797 annos,
2171 731 2448 787 Chriswm
2494 732 2782 785 Dominum
2830 747 2892 786 ac
2927 731 3094 785 Deum
3124 742 3370 787 nostrum
3405 732 3523 800 lege

1947 826 2317 894 praescriptum
2363 824 2570 879 Pascha
2600 825 2940 890 celebrasse,
2975 840 3081 879 non
3129 827 3259 879 item
3300 842 3386 891 eo,
3417 840 3525 894 quo

1947 918 2220 986 proditum
2273 924 2377 970 est.
2420 915 2575 981 Quod
2622 917 3062 971 consideratione
3104 931 3238 971 sane
3278 917 3522 986 dignum,

1949 1022 2071 1061 cum
2105 1007 2526 1077 Chrysostomus
2557 1015 2611 1061 et
2652 1005 2889 1061 Ecclesia
2928 1015 3053 1061 tunc
3088 1007 3264 1076 ipsum
3297 1007 3528 1059 doceant

1951 1094 2248 1165 legitimum
2294 1094 2501 1149 Pascha
2532 1092 2852 1163 perfecisse,
2898 1105 3187 1163 antequam
3243 1094 3526 1167 mySIiCam

1950 1188 2265 1243 institueret
2296 1203 2533 1243 orenam.

2640 1458 2845 1514 CXVII.

2016 1549 2291 1619 Apologia:
2333 1550 2398 1605 dc
2424 1548 2733 1620 0rigene,et
2755 1552 2868 1621 ejus
2894 1552 3231 1621 dogmatibus
3264 1551 3391 1605 libri
3414 1568 3465 1606 v.

342 1707 690 1778 Ἀνεγνὼσθη
718 1706 921 1777 βιϐλίον
942 1707 1083 1778 ὑπὲρ
1114 1705 1423 1778 Ὡριγένους
1446 1704 1665 1759 καὶτῶν
1681 1702 1843 1757 αὑτοῦ

2021 1707 2275 1779 Legimus
2298 1707 2496 1762 librum
2528 1724 2624 1776 pro
2655 1706 2911 1776 Origene,
2941 1708 3166 1777 ejusque
3208 1704 3316 1760 Deo
3345 1707 3535 1763 invisis

257 1800 574 1868 θεοστυγῶν
588 1800 894 1868 δογμάτων,
910 1800 968 1851 ἐν
982 1800 1173 1869 τόμοις
1191 1804 1253 1851 ε’.
1270 1797 1671 1867 Ἀνεπίγραφον
1683 1796 1855 1865 δὲτὴν

259 1893 574 1963 ὀνομασίαν
592 1894 856 1964 ἐτύγχανε
884 1891 979 1945 τοῦ
1013 1890 1400 1960 συντεταχότος
1421 1931 1436 1955 ,
1462 1889 1560 1960 τὴν
1576 1889 1632 1942 δέ
1655 1889 1854 1957 φράσιν

256 1984 382 2037 οὔτε
409 1984 583 2053 σαεξὲς
612 1983 737 2037 οὔτε
768 1984 1011 2054 καθαρὸν
1032 2023 1047 2047 ,
1070 1982 1195 2036 οὔτε
1223 1985 1303 2045 εἰς
1334 1981 1465 2035 ἄλλο
1496 1998 1550 2033 τι
1580 1979 1856 2045 ἀξιόλογον

260 2077 586 2147 άνηγμένην
612 2077 657 2108 ⁸⁵
690 2076 833 2145 ἕχον.
881 2075 939 2128 Ὁ
984 2075 1041 2128 δέ
1073 2073 1167 2127 τοῦ
1196 2074 1631 2144 συγγράμματος
1672 2073 1856 2141 πατὴρ

263 2167 559 2237 μάρτυρας
590 2168 734 2238 ὑπὲρ
777 2167 1089 2237 Ὡριγένους
1112 2184 1173 2218 τε
1206 2168 1303 2218 καὶ
1332 2166 1441 2217 τῶν
1458 2163 1621 2216 αὐτοῦ
1653 2162 1857 2232 δογμά-

258 2274 371 2310 των
395 2257 677 2310 Διονύσιον
708 2256 1034 2328 προκομίζει
1059 2257 1151 2308 τὸν
1187 2254 1598 2325 Ἀλεξανδρείας
1619 2293 1634 2319 ,
1669 2254 1857 2322 Δημή-

260 2348 416 2420 τριόν
438 2364 503 2400 τε
530 2349 624 2401 καὶ¹
642 2347 757 2419 Κλή
768 2365 937 2418 μεντα
955 2349 1050 2399 καὶ
1072 2347 1292 2417 ἐτέρους
1318 2346 1534 2408 πλείους
1554 2359 1569 2373 °
1601 2343 1799 2415 μᾶλλον
1812 2342 1857 2373 ⁸⁸

272 2441 332 2493 δέ
355 2441 469 2493 τῶν
498 2440 676 2495 ἄλλων
704 2441 962 2494 ἁπάντων
992 2439 1262 2511 Παμφίλῳ
1296 2456 1354 2491 τε
1376 2438 1454 2508 τῷ
1488 2438 1723 2509 μάρτυρι
1755 2437 1826 2487 ἐπ
1844 2463 1861 2476 ο

265 2534 534 2599 ερείδεται
563 2535 655 2585 καὶ
679 2532 756 2601 τῷ
786 2533 1032 2599 Edessa}:
1056 2574 1071 2599 ,
1096 2533 1154 2597 ὃς
1180 2533 1279 2601 τῆς
1315 2532 1456 2586 κατὰ
1486 2530 1852 2600 Παλαιστίνην

280 2626 623 2695 Καισαρείας
650 2625 1049 2693 ἐπεσκόπησεν.
1069 2623 1211 2696 [296
1231 2622 1337 2695 IL]
1367 2623 1432 2675 Ἦ
1455 2622 1510 2675 δὲ
1529 2623 1667 2693 ὑπὲρ
1694 2622 1858 2674 αὑτοῦ

266 2716 541 2782 ἀπολογία
572 2716 679 2767 οὐκ
710 2714 824 2767 ἐστι
870 2713 1022 2777 λύσις
1056 2713 1168 2765 τῶν
1217 2714 1611 2784 ἐπικλημάτων
1646 2713 1720 2776 ὡς
1768 2712 1862 2763 ἐπὶ

268 2809 527 2862 πλεῖστον
542 2808 585 2838 ’⁵⁷
611 2847 626 2871 ,
656 2806 791 2859 άλλὰ
813 2805 1113 2876 συνηγορία
1146 2806 1245 2875 τῆς
1288 2805 1653 2874 κατηγορίας·
1689 2802 1863 2865 οὕτως

266 2900 375 2951 οὐδ’
408 2893 902 2966 οὖτοςάπήλλακτο
954 2895 1062 2948 τῶν
1092 2895 1301 2948 ἐκείνου
1346 2896 1680 2965 βλασφήμων
1697 2892 1863 2957 δοξῶν

268 2987 515 3051 τελείως.
554 2987 756 3057 Ψυχῶν
805 3003 864 3038 τε
905 2986 1013 3057 γὰρ
1066 2987 1412 3059 προῦπαρξιν
1468 2986 1854 3057 συνομολογεῖ,

268 3082 577 3150 Γραφικαίς
620 3081 712 3133 καὶ
772 3080 1073 3149 Πατρικαῖς
1126 3084 1349 3149 φωναῖς,
1402 3080 1477 3142 ὠς
1524 3081 1726 3145 οἴεται,
1770 3082 1859 3134 τὸν

268 3174 439 3245 λῆρον
456 3171 653 3225 τοῦτον
680 3173 1119 3243 ἐπισυγκροτῶν,
1140 3175 1235 3225 καὶ
1263 3173 1532 3243 σωμάτων
1558 3172 1732 3228 ἄλλων
1751 3176 1862 3227 εἱσ-

270 3272 393 3338 ἀγει
426 3268 722 3338 ἀνάληψιν.
752 3268 889 3338 Περὶ
920 3268 1107 3337 μέντοι
1134 3268 1233 3337 τῆς
1255 3269 1419 3336 ἁγίας
1447 3269 1679 3338 Τριάδος
1709 3269 1863 3323 οὐδὲν

269 3356 425 3425 οὗτος
456 3362 566 3414 τῶν
604 3359 959 3430 ἐσφαλμένων
1002 3358 1173 3427 λέγει·
1215 3360 1348 3428 φησὶ
1380 3359 1437 3412 δέ
1468 3361 1563 3412 καὶ
1598 3361 1727 3431 περὶ
1764 3357 1860 3412 τοῦ

282 3450 599 3520 Ὦριγένους
637 3448 805 3516 μηδὲν
838 3447 1001 3500 αὐτὸν
1036 3448 1180 3500 κατὰ
1220 3448 1376 3512 δόξαν
1420 3449 1685 3518 ἐσφάλθαι
1735 3450 1864 3519 περὶ

271 3546 369 3612 τῆς
399 3542 638 3612 Τριάδος
659 3582 676 3605 ,
705 3540 1133 3610 ἀντιφερόμενον
1159 3540 1214 3593 δέ
1248 3544 1312 3612 τῇ
1341 3541 1547 3612 αἱρέσει
1572 3541 1864 3595 Σαϐελλίου

272 3636 350 3697 εἰς
387 3634 536 3704 μέγα
558 3630 735 3685 κακοῦ
760 3632 975 3702 ἠρμένη
1004 3632 1124 3685 τότε
1141 3674 1156 3699 ,
1183 3632 1279 3686 καὶ
1299 3632 1398 3702 τὴν
1428 3633 1536 3685 τῶν
1559 3632 1865 3702 προσώπων

273 3727 485 3797 Τριάδα
520 3727 931 3795 ἐναργεστάτην
960 3726 1056 3778 καὶ
1091 3725 1305 3790 πολλοῖς
1326 3726 1549 3797 τρόποις
1570 3726 1862 3799 διαφέρου-

276 3836 376 3872 σαν
434 3817 843 3886 ἀγωνιζόμενον
893 3818 1279 3887 παραστῆσαι,
1319 3818 1463 3889 πέρα
1498 3818 1592 3871 τοῦ
1620 3816 1665 3848 ’⁸⁸
1695 3835 1866 3889 προσ-

277 3915 502 3980 ήκοντος
533 3911 631 3964 καὶ
662 3911 743 3972 είς
775 3909 1087 3963 τούναντίον
1116 3909 1519 3980 ἀπενεχθῆναι,
1547 3910 1605 3977 ἐξ
1634 3902 1696 3963 οὗ
1717 3911 1865 3975 δόξαι.

278 4004 370 4057 καὶ
422 4003 505 4074 τῷ
574 4003 846 4074 ’Δρειανῷ
911 4003 1309 4073 ὰῤῥωστήματι
1369 4001 1863 4072 προεαλωκέναιδν.

293 4095 467 4164 ’Υπὲρ
502 4093 691 4164 μέντοι
738 4109 803 4161 γε
844 4091 954 4145 τῶν
979 4092 1154 4147 ἄλλων
1189 4091 1354 4145 αὑτοῦ
1394 4092 1698 4162 δογμάτων,
1721 4094 1868 4158 ὅσοις

281 4186 416 4255 μήτε
467 4181 978 4252 συγκαταθέσθαι⁵⁰
1024 4183 1116 4237 τοῦ
1156 4182 1378 4254 θαρρεῖν
1434 4184 1704 4254 πρόφασιν
1753 4184 1867 4255 ἔχει

282 4274 419 4345 μήτε
449 4274 553 4345 τὴν
589 4274 996 4346 προειρημένην
1036 4273 1214 4328 αἰτίαν
1265 4273 1595 4345 πορίσασθαι
1642 4276 1868 4330 δυνατὸν

1958 1801 2320 1870 dogmatibus.
2350 1799 2528 1855 Libris
2576 1802 2815 1869 quinque
2848 1815 2984 1870 opus
3026 1800 3347 1864 absolvitur,
3393 1801 3536 1869 quod

1958 1908 2059 1947 nec
2088 1893 2377 1963 scriptoris
2404 1908 2598 1947 nomen
2628 1892 2681 1946 in
2713 1892 2867 1946 titulo
2896 1892 3136 1946 exhibet.
3162 1893 3337 1948 Dictio
3367 1907 3541 1962 neque

1958 1984 2108 2038 clara
2152 1994 2256 2048 est,
2282 1999 2456 2052 neque
2493 2000 2651 2053 pura,
2688 1998 2787 2038 nec
2831 1982 3155 2038 laudandum
3192 1982 3320 2053 quid
3348 1984 3541 2051 praefe-

1959 2091 2106 2130 rens.
2135 2076 2385 2146 Scriptor
2409 2088 2590 2129 autem
2616 2077 2728 2145 ipse
2759 2091 2855 2145 pro
2884 2076 3121 2146 Origene
3151 2075 3377 2145 ejusque
3423 2092 3543 2130 sen-

1961 2168 2145 2222 tentiis
2176 2167 2276 2221 hos
2301 2166 2418 2220 fere
2449 2177 2620 2221 testes
2650 2167 2851 2227 laudat,
2881 2165 3195 2235 Dionysium
3220 2164 3543 2218 Alexandri-

1962 2274 2113 2326 num,
2150 2258 2481 2313 Demetrium
2509 2274 2723 2327 quoque
2755 2268 2810 2312 et
2840 2257 3174 2311 Clementem
3207 2256 3341 2326 (80),
3378 2256 3542 2309 alios-

1961 2366 2066 2420 que
2108 2352 2392 2422 plurimos.
2436 2350 2554 2405 Prae
2586 2353 2799 2405 αιτιοι-εδ
2824 2365 2957 2404 vero
2982 2349 3268 2419 Pamphilo
3316 2348 3538 2418 martyri

1962 2441 2234 2507 innititur,
2295 2451 2459 2512 atque
2503 2442 2735 2496 Eusebio
2776 2441 3039 2497 CaeSareae
3084 2441 3384 2496 Palaestina:
3427 2443 3544 2511 epi-

1968 2552 2158 2605 scopo.
2198 2535 2469 2590 Caeterum
2520 2536 2633 2589 hmo
2666 2535 2927 2603 Apologia
2971 2550 3077 2588 non
3132 2534 3328 2588 solutio
3373 2545 3456 2589 est
3486 2544 3544 2590 ut

1962 2630 2253 2698 plurimum
2289 2644 2477 2682 eorum
2523 2644 2645 2696 qua!
2687 2626 2905 2696 Origeni
2939 2627 3296 2697 objiciuntur.
3330 2628 3423 2682 sed
3453 2643 3547 2682 ac-

1964 2722 2262 2776 cusationis
2295 2722 2473 2791 potius
2525 2721 2860 2787 astipulatio.
2906 2720 3052 2774 Adeo
3088 2720 3174 2774 hic
3209 2735 3238 2773 a
3286 2719 3543 2787 blasphe-

1965 2812 2069 2865 mis
2098 2811 2241 2866 illius
2268 2812 2615 2880 opinionibus
2645 2812 2783 2865 liber
2823 2814 3045 2866 omnino
3080 2827 3187 2865 non
3229 2820 3331 2865 est.
3360 2812 3544 2882 Itaque

1966 2912 2018 2956 et
2066 2904 2275 2957 animas
2333 2913 2463 2956 ante
2521 2918 2748 2971 corpora
2793 2902 3064 2957 exsistere
3113 2901 3334 2969 fatetur,
3372 2917 3545 2957 sacra:

1965 3010 2185 3066 quoque
2234 2996 2531 3063 Scriptum
2576 3011 2640 3051 ac
2670 3005 2980 3050 sanctorum
3033 2995 3252 3050 Patrum
3297 2997 3543 3049 testimo-

1965 3089 2069 3142 niis
2105 3088 2171 3142 ad
2210 3086 2356 3142 hunc
2396 3102 2638 3142 errorem
2699 3088 3101 3153 stabiliendum,
3136 3098 3195 3143 ut
3241 3099 3414 3157 putat,
3450 3089 3547 3143 ad-

1964 3177 2152 3232 hibitis
2185 3191 2201 3230 :
2241 3186 2297 3231 et
2327 3192 2614 3247 corporum
2650 3192 2867 3247 quoque
2918 3179 3083 3233 aliam
3138 3179 3289 3250 ﬁngit
3334 3196 3549 3237 resum-

1965 3271 2225 3340 ptionem.
2277 3267 2478 3324 Verum
2540 3275 2606 3326 de
2658 3282 2843 3326 sancta
2898 3271 3166 3328 Trinitate
3219 3273 3364 3343 92a
3415 3274 3549 3329 nihil

1964 3374 2268 3417 erratorum
2317 3361 2495 3417 affert.
2521 3362 2660 3429 Quin
2710 3364 2872 3418 etiam
2933 3364 3037 3417 hoc
3090 3366 3288 3418 asserit
3328 3364 3548 3420 (1οοιί-

1974 3470 2132 3523 gene,
2168 3455 2305 3509 nihil
2342 3471 2488 3520 eum,
2512 3455 2657 3523 quod
2693 3456 2909 3524 quidem
2943 3456 3009 3510 ad
3042 3457 3235 3523 dogma
3265 3459 3330 3511 de
3358 3456 3547 3512 Trini-

1966 3555 2078 3602 tate
2106 3549 2322 3610 attinet,
2354 3562 2570 3602 errasse
2604 3561 2620 3599 :
2665 3558 2995 3617 pugnantem
3041 3557 3248 3602 tantum
3278 3565 3400 3604 cum
3443 3550 3548 3604 Sa-

1970 3636 2115 3691 bellii
2148 3636 2263 3707 (81)
2298 3638 2516 3701 haeresi,
2550 3636 2706 3707 cujus
2744 3648 2853 3690 tum
2887 3636 3209 3704 improbitas
3229 3653 3552 3707 magnopere

1966 3744 2089 3783 sese
2115 3728 2398 3792 afferebat,
2420 3739 2476 3783 et
2505 3744 2861 3793 personarum
2898 3727 3177 3796 Triadem,
3201 3731 3549 3787 manifestam

1968 3820 2206 3874 maxime
2246 3819 2542 3887 multisque
2586 3819 2763 3874 modis
2789 3819 3152 3882 dilfereutem,
3179 3821 3554 3873 demonstrare

1967 3920 2278 3975 conantem,
2300 3926 2328 3963 a
2366 3918 2512 3963 recto
2536 3918 2699 3980 atque
2726 3908 2903 3965 officio
2933 3910 3097 3964 etiam
3125 3909 3177 3963 in
3213 3911 3551 3965 contrariam

1968 4013 2176 4070 partem
2230 4005 2516 4072 abreptum
2558 4001 2727 4057 fuisse
2782 4002 3075 4056 videretur.
3110 4002 3404 4058 Enimvero
3453 4019 3553 4073 pro

1969 4096 2091 4148 aliis
2119 4094 2237 4165 ejus
2265 4095 2630 4165 dogmatibus,
2665 4094 2864 4164 quibus
2916 4111 3091 4165 neque
3133 4096 3267 4150 satis
3310 4097 3553 4166 speciose

1970 4187 2231 4257 a.-s_entiri
2265 4185 2451 4252 audet,
2480 4202 2654 4257 neque
2689 4196 2845 4257 putat
2877 4203 3036 4256 posse
3064 4190 3375 4259 pra-dictam
3422 4205 3557 4244 cau-

1971 4293 2088 4332 sam
2125 4278 2328 4347 aptari,
2361 4293 2459 4346 pro
2499 4278 2828 4347 huiusmodi,
2884 4281 3129 4349 inquam,
3184 4282 3552 4349 dogmatibus,

280 4356 408 4431 οἶδε,
444 4367 652 4437 πολλὴν
683 4368 891 4434 εἰσάγει
920 4366 1156 4433 σπουδὴν
1179 4367 1475 4436 ἀποφῆναι,
1499 4369 1533 4438 ἢ
1562 4370 1857 4438 γυμνασίας

1979 4370 2203 4423 multam
2236 4368 2456 4423 adhibet
2501 4384 2746 4440 operam,
2777 4381 2837 4425 ut
2868 4371 3224 4438 demonstret,
3271 4370 3354 4425 vel
3393 4387 3555 4427 exer-

282 4460 427 4529 αὓτῴ
463 4462 631 4529 χάριν
672 4459 949 4528 εἰρῆσθαι,
986 4458 1019 4528 ἦ
1057 4458 1162 4510 ὑπό
1196 4476 1358 4510 τινων
1404 4459 1734 4529 ἑτεροδόξων
1759 4463 1857 4525 τοῖς

1974 4460 2254 4515 citatiouis
2278 4461 2541 4516 duntaxat
2565 4476 2728 4517 causa
2758 4465 2871 4518 haec
2905 4465 2972 4517 ab
3005 4478 3071 4519 eo
3105 4479 3227 4519 esse
3272 4464 3436 4528 dicta,
3471 4465 3554 4518 vel

284 4550 447 4604 αὑτοῦ
503 4550 907 4619 συγγράμμασι
949 4549 1457 4621 παρεμϐεὸλῆσθαι.
1496 4552 1606 4603 Καὶ
1641 4553 1857 4623 προάγει

1970 4561 2120 4607 certe
2154 4553 2224 4606 ab
2266 4554 2411 4620 aliis,
2437 4554 2527 4623 qui
2584 4556 2797 4609 diversa
2838 4558 3130 4619 sentirent,
3176 4553 3292 4624 ejus
3336 4557 3556 4623 scriptis

286 4643 378 4696 καὶ
428 4642 594 4695 αὐτὸν
621 4632 835 4694 ἐκεῖνον
864 4641 1026 4694 τοῦτο
1057 4641 1267 4711 βοῶντα
1296 4642 1394 4695 καὶ
1437 4641 1857 4715 διατεινόμενον

1971 4645 2177 4701 inserta
2203 4644 2394 4701 fuisse.
2434 4645 2649 4701 TeSIem
2675 4646 2834 4715 hujus
2865 4647 3051 4702 laudat
3079 4662 3201 4702 eum
3234 4649 3406 4716 ipsum
3440 4647 3553 4718 (82)

289 4736 535 4805 φωρᾶσαι
566 4735 679 4803 γὰρ
705 4734 870 4787 αὐτόν
900 4752 1035 4805 φησι
1065 4737 1160 4788 καὶ
1190 4734 1271 4786 ἔτι
1302 4734 1482 4797 ζῶντα
1514 4736 1718 4806 ταύτην
1750 4742 1857 4792 κατ

1970 4735 2073 4790 hoc
2091 4736 2414 4792 clatnantem
2452 4747 2614 4805 atque
2647 4738 3096 4803 contendentem,
3128 4754 3252 4794 cum
3283 4738 3554 4795 viventem

290 4826 448 4878 αὖτοῦ
480 4827 584 4895 τὴν
633 4826 1006 4896 ῥᾳδιουργίαν.
1048 4826 1206 4877 Ἐστι
1253 4825 1351 4890 δὲ,
1397 4824 1433 4878 ἃ
1483 4825 1632 4894 λέγει
1690 4827 1857 4900 μάτην

1974 4826 2278 4881 etiamnum
2312 4829 2486 4897 ipsum
2521 4828 2682 4883 talem
2709 4830 3134 4899 deprehendisse
3165 4830 3434 4885 fallaciam
3470 4846 3552 4885 re-

292 4917 447 4969 αὺτοῦ
506 4916 1004 4987 κατηγορηθῆναι,
1080 4917 1355 4985 κεφάλαια
1426 4918 1857 4973 πεντεκαίδεκα.

1978 4920 2104 4977 fert.
2136 4921 2258 4991 Ipsa
2293 4922 2416 4977 dein
2445 4925 2643 4993 capita,
2677 4925 2747 4979 ob
2783 4940 2902 4995 quae
2937 4925 3076 4981 falso
3107 4927 3256 4982 illum
3307 4930 3551 4983 accusari

297 5007 528 5081 [15911.
564 5008 586 5083 ]
628 5011 789 5064 ἅτινα
829 5008 928 5061 καὶ
976 5008 1243 5078 διελέγχει
1297 5007 1548 5072 διαϐολὰς
1600 5001 1775 5070 εἶναι,
1806 5012 1857 5064 ἐι·

1978 5014 2197 5069 asserit.
2230 5015 2539 5085 quindecim
2581 5018 2632 5072 in
2666 5019 2978 5074 universum
3011 5031 3299 5089 numerat;
3335 5022 3557 5076 eadem-

1566 5145 1803 5209 νΑιιιιλΕ
1845 5147 2259 5207 LECTIONES.

357 5241 402 5324 ‘3
431 5241 757 5324 σεληνιακοῦ
794 5239 1347 5324 μηῄςὶσεληνὶιαξιῆς
1368 5242 1438 5296 Α.
1510 5241 1761 5324 διιτοῦιοι
1797 5244 1932 5324 infra
1960 5246 2062 5324 καὶ¹
2083 5258 2198 5315 post
2236 5248 2421 5324 Ὲκκλ.
2449 5250 2572 5304 add.
2602 5253 2649 5306 A
2720 5252 2767 5285 ⁵⁸
2797 5252 3173 5324 ἀνενηγμένην
3202 5270 3265 5318 ς,
3306 5253 3387 5324 γη
3419 5252 3558 5324 μᾶλ.

293 5312 397 5388 λον]
435 5311 675 5386 μάλιστα
701 5317 772 5369 Δ.
797 5311 808 5315 ⁷
843 5314 890 5348 ⁸⁷
918 5311 1015 5367 ἐπὶ
1041 5312 1105 5365 τὸ
1133 5311 1386 5366 πλεῖστον
1415 5330 1478 5378 ς.
1553 5311 1600 5344 ⁸⁸
1626 5313 1838 5385 πέραΛ
1870 5334 1884 5370 ;
1918 5311 2169 5388 παράς.
2245 5321 2291 5353 ⁸³
2321 5321 2625 5377 ἑαλωκέναι
2655 5341 2717 5390 ς.
2792 5325 2840 5357 ⁸⁸³
2871 5311 3412 5393 ιὶυἱοῖ’σνγίιασέσθαι.

1802 5456 2038 5516 ΝΟΤΑι.

497 5572 809 5654 ριηιπιῳιο
835 5572 1474 5654 etiamAlexandrinum.
1974 5578 2162 5654 ___(82)
2207 5578 2447 5652 Epistola
2497 5595 2661 5654 quam
2712 5578 2872 5637 affert
2920 5577 2983 5634 Β.
3045 5576 3274 5634 Hieron.
3326 5574 3550 5646 Apolog.

358 5646 466 5715 (3H)
501 5648 635 5711 Quae
691 5659 1051 5715 personarum
1091 5645 1147 5701 in
1173 5644 1444 5701 Tt‘inilate
1470 5657 1756 5699 numerum
1802 5658 1868 5701 ac
1974 5644 2070 5705 lib.
2102 5644 2163 5706 tt.

293 5712 645 5772 diﬂ'creutiam
668 5712 1065 5769 confundebat.

570 5808 846 5871 Panos.
884 5808 1001 5870 ὓιι.
1035 5810 1193 5875 CIII.
2607 5892 2610 5897 ν
3145 5799 3221 5861 13
