3932 6240
441 267 547 328 395
1609 264 1876 326 PHOTII
1913 266 2022 326 PA?

2130 262 2425 325 [ΑΒΕΗᾹΞ
2462 262 2573 323 CP.
3132 261 3143 285 '
3606 261 3713 325 396

439 392 548 446 que
598 390 777 432 meras
826 390 950 432 esse
970 376 1306 441 .calumnias,
1355 389 1420 430 ex
1482 375 1763 444 ipsiusmet
1801 375 2022 445 scriptis

2130 374 2234 427 τῶν
2279 369 2445 427 αὐτοῦ
2480 372 2690 425 ἐκείνου
2737 367 3193 439 συγγραμμάτων
3222 368 3542 440 ποιούμενος
3578 373 3710 434 τοὺς

440 468 619 522 allatis
644 469 1003 538 argumentis,
1040 468 1180 523 libro
1212 476 1410 536 quarto
1443 467 1721 523 convincit
1754 483 1771 521 :
1805 468 1871 520 ad
1901 480 2021 535 qua:

2130 467 2381 536 ὲλέγχους
2411 467 2469 518 ὲν
2498 463 2576 534 τῷ
2601 462 2848 533 τετάρτῳ
2881 462 3067 532 τόμῳ,
3091 460 3233 514 κατά
3261 459 3316 513 δὲ
3340 460 3433 515 τὸν
3455 461 3711 531 πέμπτον

441 560 567 613 item
599 557 894 613 refellenda
933 558 1023 612 ubi
1056 560 1121 614 ad
1152 560 1401 628 quintum
1427 559 1573 613 venit
1608 558 1828 620 librum,
1856 570 2022 614 εποιε-

2130 559 2418 629 γενόμενος
2451 557 2547 612 καὶ
2576 558 2780 629 ἐτέρων
2808 554 2951 624 ὑπὲρ
2978 552 3144 607 αὑτοῦ
3175 553 3504 625 μαρτυρίαις
3534 556 3712 625 ἀπορ-

440 664 621 702 rorum
658 664 873 718 quoque
905 665 1000 718 pro
1027 651 1146 719 ipso
1186 650 1343 705 affert
1379 650 1710 706 testimonia.
1742 650 1859 719 Ipsa
1889 666 2020 705 vero

439 741 617 809 capita
651 740 765 794 haec
801 751 957 795 sunt:
987 744 1134 795 aiunt
1158 742 1305 795 illum
1337 743 1529 798 docere
1556 759 1570 796 :
1596 744 1649 797 I.
1678 742 1875 798 Filium
1912 757 2018 797 non

439 845 562 885 esse
602 831 986 885 invocantium.
1039 832 1095 886 2.
1138 831 1327 901 Neque
1377 849 1497 888 esse
1544 834 1720 902 ipsum
1775 833 2021 889 absolute

438 923 662 977 bonum.
727 924 782 977 5.
818 921 1003 991 Neque
1037 923 1251 977 Patrem
1282 938 1631 994 cegnoscere,
1657 934 1715 978 ut
1751 927 2014 994 seipsum.

437 1013 495 1068 4.
523 1013 839 1069 Rationales
862 1023 1083 1068 naturas
1113 1014 1167 1069 in
1201 1015 1487 1070 hrutorum
1520 1030 1751 1086 corpora
1785 1017 2015 1084 ingredi.

440 1105 494 1159 5.
526 1106 659 1160 Esse
685 1104 738 1157 in
767 1105 1010 1160 diversas
1036 1120 1323 1175 corporum
1365 1108 1574 1176 species
1603 1109 2009 1178 migrationem.

438 1196 493 1252 6.
530 1196 729 1251 Christi
793 1196 1096 1253 Servatoris
1160 1199 1399 1253 animam
1464 1215 1569 1253 non
1631 1201 1792 1254 aliam
1853 1217 2017 1273 quam

439 1288 728 1357 ipsiusmet
776 1288 969 1342 Adami
1006 1286 1191 1344 fuisse.
1241 1290 1293 1344 7.
1336 1290 1452 1345 Non
1484 1306 1603 1344 esse
1639 1306 1858 1361 poenam
1887 1292 2022 1345 deli-

439 1388 651 1431 ctorum
690 1378 1103 1447 sempiternam.
1130 1379 1183 1434 8.
1214 1379 1398 1447 Neque
1434 1380 1619 1434 carnis
1660 1382 2022 1435 resurrectio—

436 1468 875 1524 nem.9.Adha:c
895 1468 1129 1534 magiam
1167 1469 1360 1523 malam
1395 1486 1501 1523 non
1537 1486 1677 1527 esse.
1708 1470 1795 1529 IO.
1830 1472 2024 1526 Astro-

439 1558 675 1612 nomiam
735 1573 922 1613 eorum
972 1574 1092 1626 quae
1146 1560 1279 1613 ﬁunt
1320 1576 1539 1615 causam
1575 1577 1714 1616 esse.
1775 1563 1861 1615 Η.
1900 1559 2022 1617 Uni-

445 1652 690 1722 genitum
740 1661 1005 1720 praeterea
1074 1667 1299 1722 regnum
1355 1655 1560 1708 nullum
1612 1655 1880 1710 obtinere.
1930 1654 2019 1709 l2.

2124 652 2375 725 ῥαπίζων
2405 653 2600 706 ταῦτα.
2634 651 2715 703 Τά
2745 649 2802 711 δὲ
2842 647 3116 716 κεφάλαιά
3141 648 3258 699 ἐστι
3296 648 3467 699 ταῦτα
3496 664 3513 679 ·
3540 647 3713 700 Φασὶν

2120 748 2283 802 αὐτὸν
2316 744 2722 816 παραγγέλλειν
2747 744 2823 814 μὴ
2853 739 3256 813 προσεύχεσθαι
3273 740 3315 771 ⁸¹
3341 739 3419 808 τῷ
3446 738 3562 807 Υἱῷ
3581 779 3596 799 ,
3615 739 3715 792 καὶ

2125 837 2200 909 μὴ
2224 835 2362 891 εἶναι
2382 836 2545 889 αὑτὸν
2576 833 3001 902 ἁπλῶς-ἀγαθὸν
3022 876 3036 899 ,
3062 831 3157 885 καὶ
3191 832 3266 901 μὴ
3307 827 3599 897 γινώσκειν
3619 828 3714 881 τὸν

2122 930 2345 1000 Πατέρα
2375 927 2451 992 ὡς
2503 927 2666 980 αὐτὸν
2697 926 2924 990 ἑαυτὸν,
2956 925 3051 977 καὶ
3097 923 3198 986 τὰς
3245 920 3472 989 λογικὰς
3519 919 3713 990 φύσεις

2120 1026 2201 1086 εἰς
2236 1022 2448 1091 ἀλόγων
2480 1018 2853 1089 είσκρίνεσθαι
2906 1015 3164 1084 σώματα,
3200 1016 3296 1067 καὶ
3325 1009 3468 1067 εἶναι
3494 1028 3717 1091 μετεν-

2123 1115 2447 1185 σωμάτωσιν
2463 1155 2478 1179 ,
2498 1113 2593 1166 καὶ
2608 1113 2689 1165 ὅτι
2712 1111 2745 1179 ἡ
2772 1109 2866 1163 τοῦ
2891 1110 3144 1179 Σωτῆρος
3172 1106 3321 1176 ψυχὴ
3342 1109 3375 1176 ἡ
3402 1105 3499 1158 τοῦ
3535 1103 3710 1173 Ἀδάμ

2119 1203 2187 1278 ἦν
2208 1250 2222 1272 ,
2257 1206 2350 1260 καὶ
2378 1208 2461 1259 ὅτι
2508 1206 2607 1259 οὐκ
2659 1203 2804 1257 ἔστιν
2841 1201 3060 1265 αἰώνιος
3098 1199 3323 1260 κόλασις
3350 1198 3472 1251 οὐδὲ
3507 1196 3714 1268 σαρκὸς

2122 1300 2421 1361 ἀνάστασις
2444 1339 2459 1364 ,
2513 1298 2609 1351 ιιιαλ⁵
2638 1297 2721 1350 ὅτι
2765 1296 2826 1349 οὐ
2880 1295 3051 1348 κακὸν
3085 1294 3119 1364 ἡ
3157 1290 3451 1362 μαγεία⁸¹,
3484 1290 3582 1341 καὶ
3629 1289 3713 1342 ὃτι

2124 1393 2387 1462 ποιητικὴ
2443 1390 2554 1444 τῶν
2588 1392 2983 1460 πραττομένων
3012 1388 3046 1453 ἠ
3093 1382 3426 1455 ἀστρονομία
3448 1421 3462 1445 ,
3505 1380 3602 1433 καὶ
3629 1380 3714 1432 ὅτι

2125 1482 2365 1537 παύεται
2390 1484 2418 1535 ὁ
2440 1479 2756 1549 Μονογενὴς
2785 1480 2885 1547 τῆς
2913 1474 3324 1547 βασιλείας.κα“ι
3352 1473 3432 1525 ὃτι
3452 1472 3517 1522 ὲκ
3543 1485 3718 1522 κατα-

2126 1572 2387 1635 πτὼσεως
2436 1565 2602 1641 ἦλθον
2631 1569 2681 1622 οἱ
2714 1568 2861 1635 ἆγιοι
2892 1567 2973 1629 εἰς
2999 1564 3089 1617 τὸν
3135 1563 3362 1630 κόσμον,
3399 1559 3516 1613 ἀλλ’
3553 1559 3617 1610 οὐ
3644 1555 3716 1609 δι’

2125 1666 2329 1736 ἐτέρων
2362 1661 2665 1732 θεραπείαν
2691 1699 2705 1723 ,
2738 1659 2837 1712 nati.
2863 1657 2944 1709 ὅτι
2973 1657 3000 1708 ὁ
3030 1652 3219 1723 Πατὴρ
3250 1652 3346 1703 καὶ
3368 1644 3447 1720 τῷ
3476 1645 3596 1717 Υἱῷ
3621 1645 3719 1701 άό-

442 1744 674 1799 Sanctos
719 1743 985 1817 [angelos]
1037 1745 1283 1814 delapsos
1349 1745 1401 1798 in
1456 1747 1713 1801 nmndmn
1787 1746 2019 1813 venisse,

2130 1773 2289 1827 ρατος
2309 1794 2324 1818 ,
2349 1753 2448 1807 καὶ
2479 1753 2561 1806 ὃτι
2594 1752 2662 1804 τά
2690 1747 2972 1819 Χερουϐὶμ
3002 1744 3238 1799 ἐπίνοιαι
3265 1740 3359 1795 τού
3391 1736 3525 1791 Υἱοῦ
3549 1738 3716 1795 είσιν.

440 1850 545 1888 non
582 1834 646 1889 ad
681 1836 912 1889 aliorum
948 1837 1293 1904 obsequium.
1330 1838 1412 1891 I5.
1445 1837 1609 1891 Deum
1644 1835 1857 1893 Patrem
1889 1854 1957 1893 ne
1987 1855 2017 1892 a

441 1927 581 1982 Filio
610 1929 827 1995 quidem
861 1928 1037 1982 videri
1084 1944 1264 1998 posse.
1299 1930 1387 1983 Μ.
1421 1928 1715 1983 Cherubim
1746 1928 1866 1983 Filii
1900 1945 2021 1986 esse

441 2021 683 2090 cegnita.
726 2020 816 2074 15.
850 2022 1112 2086 Rursum,
1160 2020 1304 2088 quod
1354 2020 1446 2073 Dei
1495 2020 1696 2089 imago,
1744 2022 1910 2075 relata
1953 2022 2019 2074 ad

441 2111 588 2165 illum
621 2110 781 2180 cujus
814 2119 898 2165 est
931 2111 1127 2180 imago,
1161 2121 1433 2179 quatenus
1468 2123 1551 2166 est
1589 2111 1788 2181 imago,
1820 2114 2020 2168 veritas

444 2218 549 2257 non
586 2214 688 2257 est.
716 2203 840 2257 Haec
876 2203 988 2259 lere
1028 2203 1271 2273 depellit,
1308 2204 1386 2259 uti
1416 2204 1674 2271 diximus,
1706 2205 1862 2274 quasi
1886 2204 2024 2261 falso

441 2293 662 2364 Origeni
710 2296 945 2365 objecta,
998 2295 1258 2365 omnique
1295 2311 1397 2365 Ope
1443 2295 1873 2351 ecclesiasticum
1902 2310 2026 2350 esse

439 2385 616 2439 virum
668 2393 724 2438 et
786 2385 1151 2439 orthodoxam
1195 2386 1485 2441 ostendere
1531 2387 1743 2441 nititur.
1788 2388 1859 2441 At
1890 2402 2025 2451 non,

439 2477 580 2532 bone
606 2477 711 2541 vir,
734 2477 776 2531 si
798 2476 920 2545 quis
953 2488 1210 2531 ostensus
1240 2486 1324 2532 est
1354 2477 1497 2531 haud
1519 2478 1775 2532 omnibus
1801 2478 2025 2533 omnino

441 2568 619 2621 modis
659 2567 863 2635 impius
889 2582 1034 2630 esse,
1058 2581 1180 2620 mox
1217 2568 1381 2622 etiam
1411 2568 1463 2622 in
1492 2568 1690 2638 quibus
1722 2566 2026 2623 manifesta:

441 2659 792 2727 blasphemia:
825 2668 1062 2725 tenetur,
1096 2673 1312 2727 pmnam
1344 2657 1582 2731 ell'ugict.

1116 2745 1348 2802 CXVIII.

479 2842 746 2915 Pamphili
770 2841 1039 2915 martyris,
1068 2840 1227 2915 simul
1250 2849 1307 2915 et
1332 2838 1566 2915 Eusebii,
1596 2839 1863 2909 Apologia:
1896 2853 1988 2900 pro

996 2910 1222 2980 Origene
1250 2911 1371 2962 libri
1395 2925 1470 2965 Iv.

510 3006 660 3062 Lecti
705 3013 834 3060 sunt
869 3001 1134 3072 Pamphili
1188 3003 1463 3073 martyris,
1513 3012 1569 3057 et
1619 3000 1761 3072 920
1811 2999 2027 3054 Eusebii

2125 1850 2220 1903 καὶ
2253 1850 2337 1902 ὅτι
2366 1848 2399 1917 ἡ
2438 1843 2601 1899 εἰκὼν
2625 1842 2719 1895 τού
2750 1840 2886 1894 Θεοῦ
2919 1838 2995 1901 ὡς
3044 1836 3181 1907 πρὸς
3224 1837 3433 1889 ἐκεῖνον
3462 1826 3525 1887 οὗ
3563 1834 3719 1884 ἐστιν

2123 1939 2286 1994 εἰκὼν
2306 1981 2321 2004 ,
2356 1937 2477 1992 καθ’
2510 1937 2539 1991 ὃ
2561 1934 2723 1990 εἰκὼν
2743 1975 2758 1997 ,
2798 1934 2901 1987 οὐκ
2928 1931 3076 1985 ἔστιν
3110 1930 3352 2002 ἀλήθεια.
3389 1927 3576 1981 Ταῦτα
3609 1926 3719 1979 ἀπ-

2123 2031 2363 2101 ελέγχει,
2395 2029 2470 2092 ὼς
2492 2029 2816 2099 προείρηται
2835 2064 2850 2090 ,
2872 2022 3087 2094 ψευδῶς
3113 2020 3369 2093 εἰρῆσθαι
3400 2021 3542 2072 ica-ci
3573 2016 3721 2086 Ὠρι-

2123 2122 2314 2193 γένους
2334 2162 2349 2186 ,
2374 2123 2469 2176 καὶ
2497 2121 2558 2174 τό
2585 2138 2650 2189 γε
2679 2119 2771 2173 ἐπὶ
2793 2120 2858 2190 τῇ
2889 2116 3057 2171 αὐτοῦ
3090 2114 3295 2185 σπουδῇ
3324 2112 3720 2183 ἐκκλησιαστι-

2126 2218 2220 2272 κὸν
2242 2218 2338 2272 καὶ
2368 2217 2480 2271 τῶν
2513 2215 2817 2288 ὁρθοδόξων
2845 2212 3210 2283 ἀποφαίνεται
3232 2210 3323 2263 τὸν
3346 2207 3538 2279 ἄνδρα.
3568 2205 3721 2259 Ἀλλ’

2124 2312 2227 2365 οὐκ
2276 2311 2330 2364 el.’
2356 2326 2442 2372 τις
2468 2349 2485 2376 ,
2533 2302 2579 2362 ὦ
2631 2307 2913 2377 βέλτιστε,
2941 2303 3018 2374 μὴ
3072 2302 3281 2363 πάντας
3311 2300 3435 2362 τοὺς
3471 2297 3720 2368 τρόπους

2126 2402 2342 2474 ἐδείχθη
2362 2398 2645 2455 δυσσεϐὦν
2661 2439 2677 2464 ,
2700 2396 2811 2452 οὐδ’
2843 2399 2901 2449 ὲν
2922 2396 2969 2427 ⁵³
2986 2388 3065 2459 οἷς
3084 2390 3378 2465 προφανῶς
3397 2387 3723 2463 βλασφημεῖ

2126 2498 2227 2566 τὴν
2257 2496 2415 2566 δίκην
2447 2491 2843 2564 διαδιδράσκων
2870 2488 3194 2567 ὀφθήσεται.

2833 2755 2987 2808 ΡΙΗ’.

2130 2851 2451 2921 Παμφίλου
2474 2848 2583 2904 τοῦ
2604 2847 2913 2921 μάρτυρος
2938 2848 3038 2901 καὶ
3073 2846 3370 2902 Εὐσεόίου
3388 2843 3543 2916 ὑπὲρ
3567 2846 3721 2916 Ὠριο

2662 2919 2877 2988 γένους
2900 2921 3073 2987 τόμοι
3103 2924 3179 2983 ς’.

2218 3012 2561 3084 Ἀνεγνώσθη
2586 3010 2876 3082 Παμφίλου
2900 3010 2996 3064 τοῦ
3026 3010 3300 3083 μάρτυρος
3320 3010 3416 3065 καὶ
3448 3010 3720 3064 Εὖσεϐίου

440 3117 536 3169 pro
566 3098 788 3170 Origene
812 3096 934 3151 libri
963 3112 1057 3150 sex
1083 3113 1098 3149 :
1130 3109 1360 3163 quorum
1389 3096 1625 3164 quinque
1652 3104 1777 3146 sunt
1805 3110 1833 3146 a
1867 3092 2022 3146 Pam-

2133 3106 2286 3176 ὐπὲρ
2312 3080 2867 3176 Ὦριγένουςξτόμοι
2895 3104 2953 3158 δὲ
2977 3080 3040 3158 τδ
3068 3080 3273 3175 sisui...
3297 3112 3373 3171 ς’,
3399 3097 3474 3159 ὧν
3514 3105 3564 3158 οί
3617 3105 3721 3176 μὲν

440 3191 591 3263 philo
630 3193 684 3246 in
726 3202 947 3245 carcere
984 3188 1116 3258 (83),
1152 3196 1419 3257 prasente
1437 3188 1601 3241 etiam
1634 3185 1888 3251 Eusebio,
1917 3184 2027 3239 ela-

443 3284 657 3339 borati:
689 3291 877 3338 sextus
907 3297 1058 3346 vero,
1096 3291 1386 3350 postquam
1440 3280 1555 3349 jam
1601 3289 1811 3349 martyr
1878 3278 2029 3333 ferro

442 3378 687 3447 privatus
722 3374 852 3439 vita,
900 3375 966 3426 ad
1011 3375 1171 3426 unice
1212 3371 1584 3426 desideratum
1617 3369 1788 3423 Deum
1824 3369 2027 3437 migra-

441 3483 546 3538 rat,
589 3474 657 3526 ab
680 3470 917 3527 Eusebio
964 3478 1049 3525 est
1089 3468 1390 3523 absolutus.
1426 3466 1746 3534 Quanquam
1775 3462 1864 3516 alii
1890 3476 2031 3531 quo-

442 3584 548 3637 que
594 3565 816 3636 plurimi
866 3578 931 3618 eo
977 3563 1095 3633 ipso
1142 3572 1384 3631 tempore
1433 3560 1610 3629 magni
1663 3555 1897 3610 nominis
1928 3553 2029 3608 viri

447 3659 710 3728 apologiis
807 3654 1099 3724 Origenem
1184 3652 1578 3708 defendendum
1652 3658 2026 3717 susceperunt.

441 3751 611 3803 Aiunt
664 3747 829 3818 igitur
862 3744 1149 3816 Origenem
1208 3745 1395 3800 Severi
1444 3745 1790 3813 imperatoris
1846 3753 2030 3809 perse-

386 3830 395 3841 ’
443 3845 662 3900 cutione
715 3842 971 3897 Leonidae
1023 3841 1160 3909 patri
1217 3841 1481 3909 scriptmn
1533 3840 1769 3902 misisse,
1824 3851 1931 3906 quo
1960 3835 2028 3890 ad

444 3934 690 4004 martyrii
748 3931 1075 3986 curriculmn
1129 3945 1250 3985 eum
1298 3937 1589 3983 exacueret
1620 3944 1635 3983 :
1667 3937 1720 3980 et
1752 3941 1884 3982 sane
1918 3934 2030 3980 sta-

442 4027 591 4079 dium
637 4025 848 4079 fortiter
887 4024 1182 4078 decurrens
1224 4022 1314 4077 ille
1353 4020 1598 4076 bravium
1647 4021 1855 4090 accepit
1890 4018 2026 4088 (84).

444 4116 665 4171 Addunt
717 4117 1005 4185 ipsutmnet
1072 4114 1359 4184 Urigettem
1405 4127 1620 4169 summo
1656 4113 1837 4166 studio
1886 4111 2026 4165 idem

445 4219 719 4263 certamen
768 4207 1046 4274 suscipere
1097 4213 1352 4260 conatum
1390 4204 1557 4259 fuisse
1605 4203 1746 4276 (85),
1775 4201 1870 4257 sed
1915 4216 2030 4255 ma-

445 4309 581 4354 trem
635 4300 895 4368 impetum
939 4297 1023 4353 vel
1075 4300 1192 4366 ipso
1250 4296 1422 4351 invito
1474 4296 1776 4350 refrenasse
1820 4313 1833 4349 :
1885 4295 2028 4362 quod

444 4393 619 4462 ipsum
653 4391 782 4445 item
818 4389 1044 4460 epistola
1094 4388 1326 4458 quadam
1361 4402 1459 4441 sua
1495 4397 1749 4440 testatum
1781 4385 2022 4454 reliquit.

442 4485 583 4554 Quin
617 4483 933 4553 Pamphilus
983 4493 1211 4553 martyr,
1264 4488 1319 4535 et
1368 4480 1458 4534 alii
1506 4495 1628 4533 cum
1678 4494 1744 4533 eo
1781 4477 2022 4547 plurimi,

442 4595 533 4635 res
570 4577 823 4649 Origenis
858 4593 926 4633 ex
968 4576 1073 4630 illis
1109 4575 1261 4641 ipsis,
1306 4574 1397 4643 qui
1444 4572 1719 4627 hominem
1748 4572 2023 4633 viderant,

443 4673 752 4729 accuratius
791 4672 1140 4743 perscrutati,
1188 4678 1437 4731 narrant,
1489 4682 1611 4721 eum
1641 4664 1838 4719 celebri
1876 4678 2024 4717 mar-

444 4764 585 4836 tyrio
626 4774 741 4818 tum
789 4765 901 4817 vita
950 4761 1274 4825 decessisse,
1321 4774 1443 4813 cum
1506 4756 1773 4813 Cresareae
1826 4754 2024 4810 Decius

444 4871 596 4910 suam
649 4856 702 4909 in
751 4854 1093 4909 Christianos
1129 4850 1505 4907 crudelitatem
1535 4847 1837 4903 effunderet
1866 4844 2021 4916 (85').

442 4947 550 5002 Alii
577 4958 758 5001 tamen
793 4946 979 5001 volunt
1009 4947 1075 5000 ad
1107 4944 1245 5002 Galli
1275 4959 1339 4999 ac
1378 4940 1659 4997 Volusiani
1691 4951 1865 5007 usque
1892 4946 2027 4991 tem-

444 5054 575 5109 pora
622 5038 973 5108 perdurasse,
1025 5045 1081 5091 et
1149 5033 1549 5105 sexagesimum
1596 5044 1797 5086 nonum
1850 5027 2029 5082 aetatis

2057 4433 2104 4489 ι)

2130 3208 2173 3254 ε’
2224 3198 2495 3269 Παμφίλῳ
2523 3197 2585 3252 τδ
2628 3196 3006 3268 δεσμωτήριον
3049 3194 3288 3249 οἰκοῦντι
3335 3196 3722 3268 συμπαρόντος

2132 3291 2395 3346 Εὐσεῦίου
2407 3291 2455 3323 ⁸⁵
2476 3288 2882 3359 ὲξεπονήθησαν
2901 3329 2917 3353 ,
2940 3287 2971 3339 ὁ
3000 3287 3055 3341 δὲ
3084 3287 3242 3350 ἕκτος
3259 3329 3273 3351 ,
3299 3288 3422 3341 ἐπεὶ
3449 3290 3478 3341 ό
3505 3289 3722 3359 μάρτυς

2131 3383 2276 3452 ξίφει
2296 3384 2343 3416 ⁸⁸
2398 3381 2493 3435 τοῦ
2526 3381 2625 3452 ζῇν
2658 3379 2930 3450 ἀπαχθεὶς
2979 3378 3205 3432 ἀνέλυσε
3250 3377 3389 3449 πρὸς
3434 3377 3495 3431 ὃν
3528 3378 3720 3431 ἐπόθει

2130 3473 2264 3527 Θεὸν
2286 3513 2302 3538 ,
2349 3471 2596 3542 Εὑσεὸίῳ
2625 3469 2810 3525 λοιπὸν
2844 3470 3229 3540 ἀπαρτίζεται.
3274 3469 3416 3542 [297
3448 3470 3556 3544 IL]
3610 3473 3724 3525 Καὶ

2131 3550 2283 3622 ἄλλοι
2312 3565 2371 3619 δὲ
2400 3564 2644 3618 πλεῖστοι
2692 3564 2812 3617 κατ’
2857 3563 3035 3616 ἐκεῖνο
3062 3559 3257 3633 καιροῦ
3288 3561 3384 3614 καὶ
3417 3561 3722 3632 ἀξιολογώ-

2132 3675 2286 3712 τατοι
2330 3656 2627 3726 ἀπολογίας
2671 3656 2810 3726 ὑπὲρ
2857 3654 3022 3709 αὐτοῦ
3054 3654 3432 3719 συνετάξαντο.
3472 3656 3612 3710 Φασὶ
3660 3656 3723 3711 δὲ

2131 3750 2223 3804 τὸν
2261 3750 2543 3821 Ὠριγένην
2566 3749 2623 3802 ὲν
2643 3749 2755 3810 τοῖς
2785 3746 2926 3801 κατὰ
2953 3745 3191 3818 Σεὸῆρον
3218 3747 3476 3817 διωγμοῖς
3507 3747 3721 3819 γράψαι

2140 3843 2384 3914 Λεωνίδῃ
2415 3841 2494 3913 τῷ
2507 3842 2553 3873 ³⁸
2578 3840 2749 3912 πατρὶ
2775 3839 3137 3909 ὲπαλείφοντα
3168 3841 3303 3911 πρὸς
3328 3841 3420 3892 τὸν
3444 3841 3538 3893 τού
3575 3859 3722 3913 μαρ-

2130 3932 2319 4001 τυρίου
2354 3931 2555 4001 δρόμον
2575 3971 2586 3993 ,
2610 3931 2669 3984 ὃν
2698 3929 2792 3983 καὶ
2817 3929 2999 3993 καλῶς
3018 3930 3279 4001 δραμόντι
3306 3929 3415 3982 τῶν
3444 3931 3723 4001 βραδείων

2132 4026 2314 4095 τυχεῖν
2338 4022 2617 4090 ἐξεγένετο
2639 4064 2653 4089 ,
2679 4022 2775 4075 καὶ
2800 4022 2961 4075 αὐτὸν
2983 4022 3039 4076 δὲ
3068 4020 3438 4075 ἀποδύσασθαι
3463 4023 3722 4077 σπεύδειν

2132 4116 2271 4187 πρὸς
2321 4116 2381 4168 τὸ
2424 4114 2533 4166 τῶν
2567 4115 2964 4185 ἀγωνισμάτων
3004 4113 3249 4177 στάδιον,
3279 4114 3377 4185 τὴν
3404 4113 3460 4167 δὲ
3502 4116 3723 4185 μητέρα

2132 4208 2228 4260 καὶ
2248 4206 2452 4261 ἄκοντα
2480 4204 2775 4275 δυνηθῆναι
2796 4207 2895 4274 τῆς
2920 4206 3095 4276 ὁρμῆς
3128 4207 3375 4275 ἐπισχεῖν
3400 4221 3414 4236 ·
3437 4206 3534 4259 καὶ
3558 4206 3722 4261 τοῦτο

2133 4298 2227 4353 καλ⁵
2259 4297 2424 4361 αὐτὸς
2454 4300 2512 4350 ἐν
2542 4297 2800 4368 ἐπιστολῇ
2826 4298 3003 4369 οἰκεία
3029 4297 3476 4368 ἐπισημαίνεται.
3501 4298 3643 4351 Φασὶ
3660 4298 3721 4352 δὲ

2130 4391 2295 4445 αὐτὸν
2316 4391 2343 4443 ὃ
2364 4407 2425 4442 τε
2458 4388 2742 4460 Πάμφιλος
2779 4388 2987 4460 μάρτυς
3017 4389 3109 4441 καὶ
3134 4387 3311 4460 ἕτεροι
3339 4388 3583 4443 πλεῖστοι
3600 4432 3616 4455 ,
3637 4389 3722 4443 οἷο

2129 4503 2277 4549 τινες
2304 4484 2401 4540 ἀπ’
2435 4484 2617 4539 αὐτῶν
2658 4484 2766 4537 τῶν
2796 4484 3119 4554 ἑωρακότων
3149 4485 3433 4557 Ὠριγένην
3472 4487 3541 4540 τὰ
3586 4488 3720 4558 περὶ

2127 4577 2222 4631 τοῦ
2258 4578 2453 4649 ἀνδρὸς
2488 4576 2907 4648 ἡκριόώσαντο,
2958 4575 3227 4646 διαϐοήτῳ
3281 4578 3567 4650 μαρτυρίῳ
3622 4580 3718 4632 τού

2131 4669 2249 4741 βίου
2277 4668 2654 4740 ἐξεληλυθέναι
2684 4668 2770 4720 ἐπ’
2804 4668 2975 4738 αὐτῆς
3006 4670 3105 4738 τῆς
3139 4669 3478 4740 Καισαρείας
3520 4672 3717 4726 Δεκίου

2129 4762 2227 4833 τὴν
2256 4762 2400 4815 κατὰ
2425 4761 2534 4814 τῶν
2564 4761 2907 4832 Χριστιανῶν
2937 4760 3197 4831 ὠμότητα
3242 4761 3519 4825 πνέοντος.
3572 4767 3637 4817 υἱ
3660 4764 3720 4819 δέ

2132 4871 2296 4925 φασιν
2322 4853 2485 4907 αὐτὸν
2502 4853 2606 4916 ἕως
2624 4853 2826 4907 Γάλλου
2848 4853 2943 4906 καὶ
2961 4852 3318 4907 Βολουσιανοῦ
3345 4854 3720 4926 διαρκέσαντα

2135 4947 2230 4999 καὶ
2264 4946 2555 5018 ἑξηκοστὸν
2587 4944 2775 4999 ἔνατον
2807 4945 2925 5010 ἔτος
2945 4946 2989 4981 ⁸⁷
3019 4948 3118 5016 τῆς
3145 4948 3363 5018 ἡλικίας
3393 4950 3597 5017 άγοντα
3618 4991 3635 5015 ,
3660 4952 3720 5004 ὲν

2138 5032 2302 5103 Τύρῳ
2346 5033 2441 5086 καὶ
2472 5032 2796 5105 τελευτῆσαι
2842 5033 2938 5087 καὶ
2961 5037 3107 5108 ταφῇ
3136 5037 3527 5109 παραδοθῆναι.
3561 5039 3720 5093 Ἐστι

1751 5183 1993 5243 νΑιιιΑι
2028 5180 2413 5242 LECTIONES

509 5315 551 5346 ⁸¹
586 5311 842 5384 εὔχεσθαι
868 5330 931 5379 ς.
1007 5315 1053 5346 ⁸²
1086 5313 1262 5383 μαγία
1293 5329 1355 5376 ς’.
1430 5311 1477 5343 ⁸³
1509 5311 1568 5364 ὲν
1591 5309 1713 5365 add.
1746 5309 1813 5362 A.
1888 5307 1936 5342 ⁸⁸
1965 5322 2141 5376 συμπ.
2180 5304 2276 5358 καὶ
2303 5304 2502 5359 Εὑσεό.
2538 5323 2599 5370 ς.
2672 5308 2719 5342 ⁸⁸
2747 5305 2890 5373 ξίφει
2914 5322 3024 5363 om.
3055 5323 3136 5377 pr.
3167 5307 3233 5361 Α.
3311 5306 3358 5338 ⁸⁸
3382 5306 3462 5376 τῷ
3491 5305 3619 5359 add.
3651 5306 3717 5359 Δ.

1953 5444 2195 5501 NOTAE.

439 5384 483 5418 ’τ
510 5384 628 5448 ἔτος
654 5400 763 5438 om.
797 5384 862 5437 Δ.

511 5566 635 5636 (85)
664 5567 947 5621 Communi
988 5581 1153 5636 opera
1205 5565 1579 5636 elucuhLatam
1621 5562 1763 5636 hanc
1814 5561 2018 5636 Apolo-

438 5631 578 5760 gia'm
611 5631 808 5692 asserit
837 5638 951 5706 ipse
974 5631 1171 5691 Euseb.
1195 5635 1288 5690 lib.
1314 5651 1362 5688 Vl
1397 5631 1581 5688 Eccles
1620 5631 1767 5686 Hist.
1789 5631 2022 5700 «p.20.

469 5704 577 5760 ’tde
606 5707 756 5760 card.
784 5706 982 5760 Baron.
1017 5706 1213 5760 Annal.
1251 5716 1289 5760 t.
1320 5704 1385 5760 Il.
1411 5707 1478 5760 ad
1509 5720 1640 5760 anu.
1667 5702 1801 5760 Chr.
1826 5701 1956 5758 256.

469 5704 577 5763 fide
606 5707 756 5764 card.
784 5701 982 5764 Barea.
1017 5706 1213 5761 Annal.
1251 5716 1289 5761 ι.
1320 5704 1385 5773 Il,
1411 5707 1478 5763 ad
1509 5720 1640 5760 anu.
1667 5702 1801 5760 Chr.
1826 5701 1956 5758 256.

2200 5557 2312 5639 (ἐξ)
2349 5555 2872 5639 ρορὶιειςυῃουιιιε.
2891 5570 2950 5639 u_t
2975 5558 3139 5615 refert
3165 5558 3362 5616 Euseb.
3393 5558 3579 5623 Νίκη.
3598 5558 3715 5615 ω.

2201 5628 2320 5697 (85)
2348 5627 2478 5697 Ibid.
2518 5627 2716 5684 EuSeb.
2758 5646 2877 5697 cap.
2914 5629 2949 5683 5

2207 5697 2343 5769 (85‘)
2374 5696 2434 5754 S.
2468 5697 2691 5755 Hieron.
2730 5700 2805 5757 De
2832 5696 3038 5770 Script.
3088 5700 3285 5757 eccles.
3327 5715 3450 5768 cap.
3487 5701 3581 5759 54.
