3932 6240
374 268 487 334 391

1477 267 2007 329 BIBLIOTHECA.
2044 292 2115 306 -υ-
2153 268 2317 328 COD.
2357 266 2622 328 CXVIII.

3539 275 3665 345 398-

370 378 436 434 δὲ
468 376 675 450 μᾶλλον
693 369 852 441 οὗτος
878 378 907 430 6
925 376 1094 445 ’λόγος
1124 376 1364 447 ἀληθὴς,
1393 375 1448 430 et
1473 394 1538 445 γε
1568 377 1625 430 ai
1658 376 1951 447 φερόμεναι

2066 390 2266 431 annum
2302 387 2551 448 agentem
2581 374 2709 448 Tyri
2757 386 3051 445 mortuum,
3094 379 3147 435 in
3178 382 3476 456 eademque
3508 393 3643 448 urbe

372 469 543 525 αὑτοῦ
564 470 703 541 μετὰ
720 470 817 523 τὸν
830 468 1019 522 Δεκίου
1042 469 1281 538 διωγμὸν
1295 468 1341 500 ⁵⁸
1358 468 1643 522 ἐπιστολαὶ
1662 469 1762 520 οὐκ
1778 467 1961 537 ἔχουσι

368 562 439 615 τὸ
467 559 728 615 πλαστόν.
764 558 974 621 Παντὺς
1009 557 1067 612 δὲ
1115 557 1439 628 μαθήματος
1469 558 1615 611 ίδέαν
1652 557 1816 626 φασὶν
1863 558 1961 611 αὑ-

368 653 466 705 τὸν
480 653 527 686 ⁸⁹
551 651 647 705 καὶ
698 650 978 723 μετελθεῖν
1000 651 1045 682 ⁸ο
1072 651 1166 703 καὶ
1207 650 1501 705 διδάσκειν.
1533 650 1734 703 Τοῦτον
1779 651 1959 703 τοίνυν

369 743 466 797 τὸν
530 743 847 814 Ὧριγέειην,
884 742 943 795 δν
988 743 1083 795 καὶ
1127 743 1481 813 Ἀδαμάντιόν
1524 742 1958 811 ἐπονομάζεσθαι

369 851 543 902 φασιν
569 876 580 895 ,
609 835 692 888 ὅτι
719 832 1103 904 ἀδαμαντίνοις
1127 833 1343 903 δεσμοῖς
1377 832 1618 904 ἐῴκεσαν
1648 832 1741 897 οὓς
1772 833 1838 886 ἂν
1870 833 1959 904 δή·

370 943 488 978 σειε
518 926 713 994 λόγους
731 967 747 990 ,
777 924 1055 995 ἀκροατὴν
1079 926 1174 979 καὶ
1197 924 1438 995 διάδοχον
1457 925 1676 993 λέγουσι
1701 925 1955 992 γενέσθαι

368 1019 692 1089 Κλήμεντος
720 1017 814 1072 τοῦ
847 1018 1223 1088 Στρωματέως
1248 1023 1343 1071 καὶ
1374 1017 1470 1070 τοῦ
1504 1018 1643 1072 κατὰ
1676 1016 1821 1089 [160
1844 1018 1912 1073 Η.
1936 1016 1954 1089 ]

370 1113 470 1183 τὴν
533 1114 945 1183 Ἀλεξάνδρειαν
1020 1111 1477 1182 έκκλησιαστικοῦ
1543 1112 1953 1167 διδασκαλείουο

368 1204 489 1272 Κλή
500 1221 672 1271 μεντα
696 1203 753 1256 δὲ
782 1202 1086 1256 Πανταίνου
1113 1203 1367 1271 γενέσθαι
1389 1203 1607 1269 λέγουσι
1630 1204 1725 1255 καὶ
1749 1203 1957 1272 ἀκροα-

366 1295 468 1366 τὴν
525 1297 621 1348 καὶ
656 1296 752 1349 τοῦ
796 1294 1173 1349 διδασκαλείου
1219 1294 1495 1364 διάδοχον,
1547 1295 1846 1348 Πάνταινον
1898 1294 1956 1347 δὲ

365 1387 478 1442 τῶν
507 1404 567 1439 τε
597 1388 725 1448 τοὺς
744 1388 1076 1448 ἀποστόλους
1110 1386 1431 1458 ἑωρακότων
1462 1385 1862 1455 ἀκροάσασθαι,
1889 1385 1950 1438 οὐ

371 1479 481 1550 μὴν
510 1479 650 1534 ἀλλὰ
674 1479 770 1533 καί
791 1497 956 1533 τινων
988 1479 1167 1532 αὐτῶν
1192 1477 1418 1531 ἐκείνων
1442 1477 1747 1532 διακοῦσαι.

2065 468 2353 537 sepultum.
2388 467 2519 535 Qua:
2565 470 2784 539 quidem
2840 472 3020 524 verior
3081 476 3326 531 narratio
3388 488 3473 533 est
3517 499 3531 534 :
3591 483 3641 537 si

2066 563 2228 614 modo
2269 575 2540 629 germana:
2581 570 2732 624 sunt,
2760 577 2880 631 qum
2926 563 3196 630 feruntur,
3224 568 3467 636 epistola:
3497 573 3644 630 illius

2064 662 2185 720 post
2214 650 2357 706 Decii
2391 653 2818 719 persecutionem
2843 658 3187 726 conscriptae.
3222 658 3426 716 Omnes
3460 672 3643 719 autem

2064 744 2288 798 omnino
2322 743 2639 812 disciplinas
2673 746 2848 813 ipsum
2893 757 2948 799 et
2993 751 3304 820 percepisse
3336 765 3389 807 et
3422 757 3642 811 docuis-

2063 850 2123 889 se
2173 836 2377 889 ferunt.
2456 834 2611 890 Hunc
2686 837 2813 891 item
2882 836 3171 908 Origenem
3234 846 3417 913 (quem
3478 849 3641 902 etiam

2057 930 2438 983 Adamantium
2497 930 2938 999 cognominatum
2989 947 3057 986 ex
3118 948 3183 988 eo
3226 936 3465 1003 tradunt,
3499 940 3644 1006 quod

2059 1020 2173 1088 (86)
2206 1021 2463 1081 rationes,
2495 1033 2632 1088 quos
2677 1019 2978 1089 colligaret,
3020 1020 3389 1079 adamantinis
3416 1028 3644 1095 quibus-

2057 1113 2182 1166 dam
2205 1112 2358 1181 quasi
2390 1111 2628 1165 vinculis
2663 1125 2769 1164 non
2803 1112 3086 1167 absitnilcs
3114 1115 3449 1188 viderentur)
3484 1119 3642 1173 audi-

2059 1212 2231 1259 torem
2275 1201 2444 1257 fuisse
2473 1201 2768 1256 Clementis
2814 1204 2934 1271 ejus
2985 1205 3074 1273 qui
3109 1203 3437 1261 Stromateus
3464 1209 3641 1264 dictus

2062 1299 2166 1358 est,
2198 1291 2551 1361 ejusdemque
2586 1292 2638 1345 in
2678 1293 3008 1347 catechetica
3047 1296 3229 1350 schola
3259 1313 3377 1365 qua:
3406 1297 3643 1354 Alexan-

2063 1386 2195 1439 dria:
2222 1393 2360 1447 erat,
2390 1397 2787 1439 successorem.
2822 1383 3158 1440 Clementem
3193 1403 3355 1455 porro
3396 1388 3640 1444 Pantzeni

2059 1471 2230 1527 fuisse
2303 1472 2625 1542 discipulum
2703 1474 3008 1544 scholacque
3076 1491 3446 1533 successorem
3508 1498 3523 1534 :
3581 1490 3642 1536 et

367 1568 687 1622 Pantaznnm
720 1583 931 1622 rursum
957 1567 1024 1621 iis
1062 1582 1219 1623 usum
1254 1565 1552 1635 magistris,
1585 1566 1676 1633 qui
1710 1563 1984 1633 apostolos
2011 1562 2274 1617 vidissent
2306 1579 2320 1615 :
2355 1563 2484 1632 quin
2514 1574 2569 1617 et
2599 1563 2819 1618 illorum
2858 1565 3147 1620 nonnullos
3168 1569 3428 1625 audiisse.

434 1662 548 1723 Τάς
578 1660 637 1713 δὲ
666 1660 807 1712 κατὰ
842 1660 1148 1730 Ὠριγένους
1181 1660 1427 1731 κινήσεις
1458 1658 1668 1713 ἐκεῖθεν
1696 1657 1947 1725 λέγουσιν

2120 1654 2388 1710 Caeterum
2446 1656 2574 1711 hinc
2622 1657 2676 1711 in
2734 1655 3025 1727 Origenem
3080 1662 3374 1716 excitatam
3418 1682 3639 1724 omnem

367 1755 655 1824 ἐκρυῆναιο
699 1753 1008 1824 Δημήτριος
1053 1751 1460 1825 Ἀλεξανδρείας
1508 1751 1839 1812 ἐπεσκόπει,
1892 1749 1951 1812 ὃς

379 1847 667 1919 Ὠριγένην
697 1846 765 1899 δι’
797 1846 1035 1898 ἐπαίνων
1075 1838 1191 1916 εἶχε
1224 1846 1319 1899 καὶ
1365 1847 1424 1908 ὲς
1477 1844 1605 1907 τοὺς
1658 1842 1951 1912 φιλτάτους

369 1940 716 1994 συνέταττεν.
761 1939 902 1992 Ἀλλ’
960 1938 1243 2009 Ὠριγένης
1275 1938 1484 2009 μέλλων
1506 1937 1550 1968 ⁶¹
1582 1935 1838 2006 ἀπαίρειν
1870 1934 1951 1997 είς

381 2033 639 2103 Ἀθήνας,
670 2033 838 2103 χωρὶς
865 2033 967 2102 τῆς
997 2031 1092 2086 τοῦ
1116 2033 1316 2085 οἰκείου
1349 2029 1575 2101 γνώμης
1624 2027 1949 2091 ἐπισκόπου,

367 2127 448 2188 εἰς
477 2125 854 2195 πρεσϐύτερον
900 2126 960 2178 οὐ
1004 2125 1121 2179 δέον
1139 2126 1184 2156 ⁵³
1214 2122 1627 2185 ἀναϐιϐάζεται.
1657 2121 1950 2182 Θεότεκνος

366 2216 410 2268 δ’
424 2211 496 2285 ἦν
521 2216 551 2267 6
583 2215 727 2268 κατὰ
754 2215 1092 2285 Καισάρειαν
1114 2216 1210 2286 τὴν
1244 2215 1303 2267 έν
1328 2214 1664 2285 Παλαιστίνῃ
1691 2213 1783 2265 τὸν
1811 2214 1949 2282 ἁρχ-

369 2308 645 2378 ιερατικὶιν
692 2307 946 2378 χειρίζων
982 2306 1145 2376 νόμον
1195 2309 1224 2360 ὁ
1251 2307 1350 2377 τῆς
1386 2307 1691 2379 Ὠριγένους
1718 2305 1949 2374 αὐτουρ-

370 2397 463 2465 Υδς
486 2398 824 2468 χειροτονίας
845 2436 861 2459 .
894 2397 1032 2466 ἔχων
1079 2396 1500 2451 συνευδοκοῦντα
1530 2397 1622 2449 καὶ
1654 2395 1745 2449 τὸν
1788 2394 1950 2465 Ἰερο-

370 2488 623 2559 σολύμων
657 2487 1027 2558 Ἀλέξανδρον.
1059 2487 1334 2558 Τρέπεται
1359 2488 1446 2542 διὰ
1475 2488 1633 2541 τοῦτο
1653 2486 1950 2557 Δημητρίῳ

368 2579 445 2640 εἰς
481 2580 643 2647 μῖσος
669 2577 733 2632 τὸ
756 2578 977 2649 φίλτρον
998 2578 1093 2633 καὶ
1120 2578 1171 2631 οἱ
1192 2577 1401 2631 ἔπαινοι
1424 2577 1559 2647 πρὸς
1578 2577 1705 2639 τοὺς
1722 2574 1947 2645 ψόγους,

369 2672 463 2722 καί
493 2669 717 2732 σύνοδος
748 2670 1059 2741 ἁθροίζεται
1079 2671 1216 2723 κατὰ
1247 2670 1554 2741 Ὠριγένους
1569 2670 1613 2702 ⁸³
1635 2670 1948 2723 ἐπισκόπων

369 2758 460 2812 καί
484 2776 649 2811 τινων
681 2757 1092 2830 πρεσϐυτέρων.
1126 2759 1192 2811 Ἠ
1213 2758 1269 2811 δὲ
1292 2800 1307 2824 ,
1327 2760 1402 2819 ὡς
1430 2760 1459 2811 6
1487 2757 1771 2828 Πάμφιλός
1794 2773 1949 2827 φησι,

367 2844 671 2917 ψηφίζεται
722 2847 1057 2917 μεταστῆναι
1095 2846 1195 2916 μὲν
1244 2846 1354 2900 ἀπὸ
1389 2845 1814 2915 Ἀλεξανδρείας
1858 2844 1950 2898 τὸν

380 2941 669 3012 Ὠριγένην
692 2980 707 3005 ,
740 2942 834 2994 καὶ
865 2942 1002 3012 μήτε
1041 2940 1339 3011 διατρίϐειν
1366 2940 1425 2992 ὲν
1459 2940 1596 3010 αὐτῇ
1633 2941 1771 3010 μήτε
1799 2938 1945 2992 διδά-

2062 1757 2436 1817 tempesmtem
2476 1760 2924 1804 commemorant.
2962 1751 3264 1809 Demetrius
3295 1756 3639 1817 Alexandria:

2059 1840 2257 1909 praesul
2298 1838 2588 1909 Origenem
2633 1840 2862 1893 multum
2909 1841 3157 1909 laudans,
3194 1845 3248 1898 in
3283 1850 3471 1915 paucis
3500 1853 3637 1907 cha-

2059 1933 2334 1987 rissimum
2387 1932 2638 1986 habebat.
2673 1932 2744 1986 At
2775 1948 2897 1987 cum
2948 1935 3034 1989 hic
3073 1937 3279 2006 absque
3329 1941 3464 1994 bona
3519 1946 3629 2014 epi-

2059 2023 2207 2091 scopi
2238 2024 2393 2078 venia
2426 2025 2669 2080 Athenas
2700 2026 3044 2094 profecturus
3091 2042 3260 2095 esset,
3293 2031 3638 2097 Theotecnus

2059 2112 2172 2183 (87)
2208 2112 2468 2167 Caesarea:
2507 2111 2811 2169 Palmstinze
2856 2124 2968 2170 tum
3031 2121 3513 2190 archiepiscopus,
3547 2141 3638 2180 se-

2058 2220 2154 2260 cus
2183 2219 2306 2259 eum
2350 2221 2511 2274 quam
2560 2218 2858 2276 oporteret,
2917 2213 3292 2280 presbyterum
3334 2217 3631 2282 ordinavit,

2058 2314 2165 2353 non
2197 2299 2539 2368 improbante
2590 2298 2788 2353 factum
2836 2301 2937 2354 hoc
2968 2301 3277 2357 Alexandro
3313 2302 3632 2379 Hierosoly-

2057 2404 2270 2444 morum
2320 2390 2596 2459 episcopo.
2660 2390 2806 2460 93a
2864 2391 3001 2447 lliuc
3056 2394 3328 2449 Demetrio
3378 2413 3531 2453 amor
3576 2401 3633 2453 in

2056 2482 2239 2536 odium
2287 2482 2471 2547 vertit,
2529 2482 2823 2553 laudesque
2877 2500 3001 2538 mox
3054 2500 3178 2539 cum
3237 2487 3634 2556 vituperatione

2056 2584 2424 2629 commutatae.
2466 2575 2716 2646 Synodus
2761 2577 2979 2644 insuper
3025 2577 3401 2647 episc0porum
3442 2594 3631 2637 coacta

2056 2673 2112 2718 et
2162 2665 2602 2734 presbyterorum
2657 2665 3016 2735 quorumdam
3061 2677 3248 2721 contra
3294 2668 3631 2739 Origenetn:

2056 2772 2198 2827 quas,
2250 2765 2307 2810 ut
2346 2756 2664 2825 Pamphilus
2710 2756 2895 2822 refert,
2937 2760 3211 2813 decretum
3245 2761 3372 2816 fecit
3401 2764 3633 2819 Alexan-

2057 2849 2176 2904 dria
2222 2850 2438 2918 quidem
2497 2850 2804 2919 pellendum
2857 2850 3168 2920 Origenem',
3220 2871 3396 2924 neque
3459 2858 3512 2910 in
3568 2873 3632 2913 ea

2057 2941 2267 2997 versari
2317 2951 2409 2996 aut
2452 2941 2650 2996 docere
2710 2943 3166 3011 permittendum;
3214 2945 3501 3000 sacerdotii
3551 2957 3634 3001 ta~

368 3046 553 3095 σκειν,
599 3030 705 3100 τῆς
736 3030 916 3098 μέντοι
942 3029 1037 3083 τοῦ
1071 3030 1468 3101 πρεσϐυτερίου
1506 3029 1675 3103 τιμῆς
1702 3029 1951 3100 οὐδαμῶς

2059 3048 2181 3088 men
2230 3032 2498 3102 dignitate
2552 3048 2892 3103 nequaquam
2939 3036 3387 3092 submovendum.
3432 3035 3631 3092 Verum

369 3122 825 3193 ἀποκεκινῆσθαι.
868 3123 1007 3176 Ἀλλ’
1030 3124 1059 3177 ὅ
1092 3141 1153 3191 γε
1178 3126 1489 3195 Δημήτριος
1516 3123 1632 3196 ἅμα
1653 3125 1795 3177 τισὶν
1826 3127 1950 3176 ὲπι-

370 3216 596 3279 σκόποις
650 3216 969 3285 Αἰγυπτίοις
996 3218 1091 3272 καὶ
1135 3220 1233 3286 τῆς
1262 3217 1561 3288 ἱερωσύνης
1595 3217 1910 3289 ἀπεκήρυξε
1934 3258 1948 3280 ,

370 3312 911 3384 συνυπογραψάντων
941 3314 1034 3365 καὶ
1059 3315 1123 3383 τῇ
1161 3311 1433 3381 ἀποφάσει
1481 3309 1591 3365 τῶν
1643 3311 1952 3381 συμψήφων

369 3405 516 3476 αὑτῷ
562 3404 972 3476 γεγενημένων.
1015 3403 1425 3472 Φυγαδευθέντα
1450 3403 1509 3456 δὲ
1539 3404 1640 3473 τῆς
1699 3403 1950 3466 Ἀλεξαν-

367 3498 555 3567 δρείας
608 3495 704 3550 τὸν
771 3497 1053 3567 Ὤριγένην
1075 3498 1122 3534 ⁸⁸
1166 3496 1459 3558 Θεότεκνος
1510 3497 1538 3548 ὁ
1585 3492 1952 3564 Παλαιστίνης

370 3592 624 3662 ἀσμένως
648 3607 710 3643 τε
737 3590 948 3658 διάγειν
977 3591 1034 3641 ἐν
1065 3590 1375 3660 Καισαρείᾳ
1399 3588 1719 3654 ὑπεδέξατο,
1740 3585 1950 3641 καὶτοῦ

370 3683 647 3736 διδάσκειν
678 3685 861 3737 πᾶσαν
912 3682 1160 3746 ἐξουσίαν
1202 3680 1519 3751 ἐνεχείρισε.
1554 3681 1662 3733 Καὶ
1708 3679 1808 3743 τὰς
1851 3680 1951 3750 μὲν

369 3778 588 3840 αἰτίας,
619 3774 682 3841 ἐξ
727 3769 803 3829 ὧν
850 3774 1048 3845 συνέϐη
1092 3775 1190 3839 τὰς
1222 3773 1474 3835 διαϐολὰς
1523 3772 1826 3843 ἐκραγῆναι
1871 3770 1951 3842 τῷ

358 3858 365 3867 ’
382 3869 649 3942 Ὠριγένει
670 3908 685 3933 ,
732 3866 938 3930 ταύτας
977 3867 1160 3936 φησίν.
1816 3906 1827 3928 .

435 3960 551 4031 ¹ΐὴν
579 3959 637 4012 δὲ
670 3959 811 4029 ὑπὲρ
853 3958 1160 4027 Ὦριγένους
1192 3955 1506 4024 ἀπολογίαν,
1537 3957 1613 4020 ὡς
1645 3954 1878 4026 ἔφημεν,
1923 3956 1952 4008 ὁ

372 4051 658 4121 Πάμφιλος
687 4052 784 4103 σὺν
814 4049 1061 4119 Εὑσεϐίῳ
1111 4048 1505 4118 καθειργμένος
1564 4048 1643 4118 τῷ
1687 4047 1950 4118 οἰκήματι

370 4142 774 4213 συνεγράψατο,
801 4143 898 4195 καὶ
930 4141 1132 4211 ταύτην
1163 4140 1298 4209 πρὸς
1321 4140 1449 4203 τοὺς
1484 4140 1542 4191 ἐν
1569 4139 1848 4207 μετάλλοις
1862 4138 1951 4193 διὰ

369 4237 605 4307 Χριστὸν
631 4232 1184 4305 ταλαιπωρουμένους
1211 4231 1339 4303 [500
1370 4231 1462 4304 [1.]
1486 4230 1842 4302 διεπέμψατο,
1873 4224 1949 4285 ὧν

369 4323 439 4399 ἦν
464 4328 527 4380 τὸ
565 4327 878 4399 ἀκροθίνιον
917 4323 1344 4396 Πατερμούθιος,
1384 4327 1413 4378 ὁ
1462 4324 1601 4394 μετὰ
1650 4324 1821 4396 βραχὺ
1846 4324 1947 4393 τῆς

372 4419 661 4489 Παμφίλου
685 4418 997 4481 ἀναλύσεως
1026 4417 1114 4471 διὰ
1143 4417 1315 4487 πυρὸς
1349 4417 1441 4471 καὶ
1468 4416 1629 4480 αὐτὸς
1673 4416 1770 4470 σὺν
1833 4417 1951 4470 ἐτέ-

372 4529 489 4582 pet;
513 4513 607 4564 τὸν
643 4510 759 4581 βίον
781 4508 1114 4572 τελειωθείς.
1145 4504 1255 4561 Ἧν
1283 4509 1341 4561 δὲ
1375 4508 1663 4579 Παμφίλου
1689 4506 1950 4562 διδάσκα-

372 4603 463 4667 λος
493 4605 523 4657 6
548 4604 788 4672 Πιέριος,
819 4600 913 4654 τοῦ
970 4603 1028 4654 ὲν
1068 4598 1445 4671 Ἀλεξανδρείᾳ
1475 4599 1570 4652 καὶ
1595 4598 1758 4662 αὐτὸς
1815 4614 1951 4669 προ-

2051 3125 2358 3181 Demetrlus
2390 3141 2495 3180 una
2527 3142 2649 3180 cum
2698 3123 2935 3198 Egyptii
2982 3127 3252 3197 episcOpis
3283 3128 3511 3198 aliquot,
3542 3146 3633 3184 sa-

2053 3219 2295 3275 cerdotio
2342 3234 2558 3287 quoque
2612 3219 2760 3272 illum
2809 3219 3104 3285 abjudicat,
3160 3221 3632 3276 subscribcntibus

2053 3309 2215 3364 etiam
2273 3309 2452 3363 edicto
2510 3308 2654 3374 huic,
2708 3318 2974 3377 quotquot
3034 3319 3192 3364 antea
3252 3309 3528 3381 sull‘ragati
3579 3312 3629 3365 ei

2054 3400 2303 3456 fuissent.
2348 3399 2423 3452 lta
2462 3400 2624 3468 igitur
2667 3399 2994 3453 Alexandria
3044 3400 3098 3453 in
3134 3400 3384 3454 exsilium
3417 3400 3628 3470 pulsum

2053 3489 2363 3559 Origenem,
2397 3489 2740 3543 Theotecnus
2786 3487 3090 3544 Palaestina:
3142 3491 3427 3559 episcopus
3457 3490 3632 3546 liben-

2054 3592 2137 3637 ter
2165 3581 2427 3638 Czesareae
2466 3591 2521 3636 et
2560 3585 2757 3651 degere
2784 3581 2969 3651 jussit,
3004 3592 3059 3636 et
3101 3583 3167 3637 de
3195 3583 3478 3652 superiore
3510 3583 3630 3639 loco

2055 3674 2281 3727 docendi
2313 3680 2630 3741 potestatem
2667 3669 2815 3725 fecit.
2865 3670 2978 3726 Has
3008 3671 3097 3727 ille
3127 3686 3323 3727 causas
3363 3671 3538 3737 all‘ert,
3562 3689 3630 3729 ex

2052 3765 2253 3836 quibus
2299 3779 2491 3820 omnes
2524 3763 2629 3818 illm
2658 3763 2945 3819 calumnia:
2996 3763 3049 3818 in
3106 3763 3395 3835 Origenem
3434 3762 3630 3833 erupe-

2053 3860 2181 3912 rint.

2123 3946 2255 4018 Ejus
2306 3962 2469 4018 porro
2514 3946 2856 4017 Apologiam,
2901 3957 2959 4001 ut
3009 3947 3263 4013 diximus,
3312 3948 3632 4017 Pamphilus

2051 4055 2158 4094 una
2196 4054 2319 4095 cum
2368 4038 2625 4106 Eusebio,
2675 4039 2948 4093 communi
2981 4055 3205 4095 carcere
3255 4039 3469 4106 inclusi,
3499 4055 3630 4095 con-

2052 4131 2411 4200 scripserunt,
2443 4130 2744 4199 eademque
2777 4130 2843 4183 ad
2871 4145 2985 4193 eos,
3027 4131 3117 4200 qui
3155 4148 3250 4201 pro
3293 4132 3496 4188 Christi
3528 4148 3629 4188 no-

2053 4225 2199 4279 mine
2243 4224 2307 4278 ad
2354 4223 2569 4278 metalla
2619 4224 2857 4279 damnati
2914 4224 3325 4288 exercebantur,
3375 4226 3631 4283 consola-

2055 4317 2188 4370 tioni
2247 4316 2530 4381 miserunt,
2592 4327 2822 4384 quorum
2873 4314 3129 4384 princeps
3181 4325 3300 4370 erat
3349 4316 3632 4371 Paternin-

1985 4395 2029 4450 Ι)
2057 4409 2200 4462 thius
2231 4405 2366 4477 (88),
2406 4408 2495 4476 qui
2534 4417 2652 4474 pos1
2686 4405 2954 4474 Pamphili
2998 4422 3095 4476 per
3142 4409 3458 4479 martyrium
3494 4409 3632 4463 emi-

2049 4499 2375 4567 grationem,
2426 4495 2577 4550 brevi
2628 4495 2913 4565 interjecto
2964 4505 3226 4564 tempore,
3280 4497 3515 4553 ﬂammis
3576 4506 3631 4553 et

2051 4591 2167 4655 ipse
2197 4603 2319 4641 cum
2353 4586 2472 4642 aliis
2506 4588 2619 4640 vita
2672 4587 2864 4655 pulsus
2894 4597 2995 4640 est.
3028 4585 3293 4656 Pamphili
3327 4599 3631 4659 prmeeptor

373 4694 618 4765 εστηκὼς
634 4692 1011 4748 διδασκαλείου
1032 4709 1046 4723 ·
1083 4692 1295 4761 μάρτυς
1322 4691 1379 4743 δὲ
1410 4691 1505 4745 καὶ
1534 4691 1561 4742 6
1592 4691 1808 4761 Πιέριος
1834 4689 1951 4759 ἅμα

2058 4678 2259 4735 Pierius
2289 4680 2406 4745 fuit,
2443 4681 2555 4746 ipse
2599 4693 2815 4747 quoque
2860 4679 3059 4733 schola:
3105 4679 3485 4733 Alexandrina:
3513 4696 3630 4733 tua-

374 4788 453 4856 τῷ
504 4785 719 4855 ἀδελφῷ
775 4782 1032 4855 Ἰσιδώρῳ
1101 4780 1241 4836 τῶν“
1272 4781 1581 4852 ἀθλητικῶν
1633 4780 1954 4845 ἀξιωθέντες

373 4880 676 4950 στεφάνων,
708 4872 813 4942 οἷς,
860 4875 938 4940 ὥς
971 4892 1124 4946 φασι,
1191 4874 1286 4929 καὶ
1338 4873 1475 4937 νεὼς
1519 4873 1614 4928 καὶ
1660 4868 1798 4926 οἴκοι
1846 4871 1953 4924 ὑπὸ

2051 4775 2239 4844 gister,
2293 4781 2605 4842 martyrque
2650 4771 2816 4835 idem,
2859 4786 2965 4826 una
3020 4782 3155 4826 cum
3193 4771 3366 4826 fratre
3425 4772 3631 4828 Isidoro

2059 4865 2372 4920 certaminis
2423 4860 2677 4919 corbnam
2734 4863 2965 4933 adeptus
3021 4874 3159 4918 est:
3219 4864 3415 4934 quibus
3464 4865 3629 4920 etiam

1724 5028 1966 5086 VABltE
2004 5025 2422 5086 LECTIONES.

444 5155 489 5188 ⁸⁸
513 5153 757 5225 διωγμὸν
788 5150 978 5225 Δεκίου
1012 5168 1073 5214 ς’.
1113 5151 1215 5225 “'9
1243 5148 1415 5225 αίρτάν
1436 5163 1571 5225 φασι
1596 5164 1656 5210 ς.

368 5227 488 5282 δέον
510 5241 633 5282 cum
655 5222 702 5280 Ἀ
736 5226 895 5279 omisi
927 5222 1003 5275 δν.

1757 5146 1802 5177 ⁸ο
1833 5145 1929 5198 καὶ
1959 5154 2085 5198 ante
2108 5140 2386 5212 μετελθεῖν
2411 5154 2520 5194 om.

1109 5219 1157 5252 ⁸³
1182 5220 1322 5274 κατὰ
1366 5206 1671 5289 Ὠριγένους
1699 5226 1823 5286 post
1856 5206 2244 5286 πρεσϐυτέρων
2272 5212 2425 5281 ponit
2454 5227 2515 5274 ς.
2558 5206 2571 5209 ’
2591 5210 2638 5242 ⁸³
2669 5211 2762 5265 τὸν
2803 5206 2975 5281 Ὠριγ.
3011 5211 3110 5279 τῆς
3148 5206 3320 5271 Ἀλεξ.
3351 5223 3413 5271 ς.

2558 5155 2637 5209 pr.
2662 5143 2727 5192 A.
2822 5139 2866 5171 ⁶¹
2892 5139 3102 5209 μέλλων
3132 5138 3256 5209 add.
3277 5138 3354 5209 _A.
3429 5137 3474 5169 “
3508 5145 3627 5206 post.

1875 5393 2113 5451 NOTAE.

443 5534 551 5607 (86)
583 5532 647 5607 ξ.
680 5528 954 5607 Epiphan.
990 5523 1213 5607 etalii-_
1410 5604 1459 5607 Ai
1526 5588 1594 5607 ,η
1663 5586 1728 5607 η*

438 5586 550 5676 (ᾖ)
582 5586 985 5676 Thetict'istmn‘
1001 5605 1156 5676 vocat
1271 5591 1490 5676 lliero'n.
1526 5586 1947 5676 lib.illeﬂscrip_t.

369 5656 551 5732 κέιὲεί
582 5656 834 5745 ἐσικὸις
866 5677 922 5724 et
945 5665 1147 5722 Euseb.
1177 5665 1270 5719 tib.
1310 5680 1383 5729 νι,
1420 5659 1561 5716 Hist.
1593 5658 1779 5716 coclea.
1809 5673 1860 5716 c.
1894 5656 1947 5712 7.

2131 5510 2245 5582 (88)
2288 5509 2439 5565 Alius
2465 5509 2557 5582 hic
2593 5508 2830 5582 videtur.
2867 5505 3273 5582 Patermuthius
3315 5508 3383 5560 ab
3407 5519 3506 5582 _eo,_
3530 5506 3625 5582 qui

2056 5583 2111 5637 in
2139 5574 2452 5637 Graacorum
2488 5578 2786 5649 Menologio
2835 5586 2890 5632 et
2936 5574 3089 5630 Rom.
3120 5574 3560 5649 Δ-λιίιινιειιιοίοειὶο
3589 5576 3625 5633 9

2050 5651 2176 5708 Julii
2207 5652 2307 5711 sub
2337 5649 2554 5709 Iuliano
2584 5644 2845 5722 Apostata
2879 5660 3075 5719 passus
3104 5644 3323 5705 dicitur}
