3932 6240
368 287 475 350 399
493 287 500 330 ί

1535 281 1802 344 ΡΗΟΤῙΙ
1855 279 2362 343 ΡΑΤΒΙΑΒΟΗιΕ
2400 282 2511 343 CP.

3541 281 3652 346 400

371 395 656 466 templum,
713 395 1014 465 domusque
1045 409 1075 449 a
1129 394 1234 464 piis
1291 390 1601 448 hominibus
1649 399 1955 444 constructa

2061 393 2170 446 τῶν
2195 394 2564 448 εὐσεϐούντων
2587 393 2881 465 ἱδρύθησαν
2910 397 2978 452 ⁸⁸.
3016 396 3076 450 'O
3104 396 3162 452 δὲ
3187 396 3331 462 θεῖος
3358 396 3654 468 Πάμφιλος

372 489 612 542 referunt
645 485 777 556 (89).
833 485 1032 541 Beatus
1079 495 1260 540 autem
1310 481 1625 552 Pamphilus
1670 481 1957 552 presbyter

368 589 508 644 erat,
563 587 620 632 et
662 577 914 646 Origenis
963 591 1086 631 eum
1143 576 1423 645 pleraque,
1490 573 1689 643 quibus
1743 587 1954 626 sacram

368 669 681 736 explanavit
741 668 1102 738 Scripturam,
1141 681 1238 721 sua
1293 681 1456 720 manu
1517 679 1773 719 exarasse
1819 661 1958 716 scri-

369 763 502 817 bunt
536 760 667 830 (90).

1062 846 1250 903 CXIX.

595 944 762 998 Pierii
791 944 1078 1014 presbyteri
1131 943 1447 1012 scriptorum
1480 943 1603 997 libri
1638 958 1732 997 xtt.

437 1039 658 1094 Lectum
712 1049 795 1092 est
848 1038 1009 1092 Pierii
1066 1038 1371 1109 presbyteri
1423 1036 1624 1107 (quem
1680 1052 1785 1091 una
1832 1052 1954 1092 cum

368 1135 576 1188 Isidoro
625 1133 794 1185 fratre
846 1147 1109 1201 germano
1162 1129 1406 1200 martyrii
1462 1145 1558 1200 pro
1605 1127 1810 1183 Christi
1858 1144 1957 1183 uo-

368 1227 515 1280 miue
568 1235 840 1278 certamen
896 1224 1150 1289 subiisse,
1189 1223 1454 1291 Pamphili
1501 1237 1716 1290 quoque
1753 1231 1957 1293 marty-

368 1316 444 1370 ris
481 1315 534 1369 in
588 1330 866 1369 sacrarum
919 1312 1250 1366 Litterarum
1311 1312 1490 1366 studio
1539 1312 1840 1376 doctorem,
1877 1321 1959 1364 at-

366 1424 472 1478 que
500 1406 883 1461 Alexandrina:
919 1405 1121 1459 schola:
1173 1402 1488 1473 praefectum
1539 1403 1705 1457 fuisse
1752 1401 1955 1472 ferunt)

368 1501 617 1556 volumen
660 1499 922 1553 librorum
977 1497 1284 1551 duodecim.
1332 1495 1517 1565 Stylus
1552 1495 1627 1549 illi
1661 1495 1866 1554 clarus.
1893 1511 1957 1550 ac

367 1591 708 1660 perspicuus.
761 1597 816 1642 et
858 1588 1011 1657 quasi
1059 1597 1254 1656 sponte
1294 1585 1486 1650 fluens,
1546 1585 1680 1638 nihil
1710 1585 1957 1654 exquisi-

366 1694 479 1739 tum
511 1699 621 1753 pra:
657 1698 715 1737 se
751 1683 875 1746 fert,
918 1681 1013 1734 sed
1053 1679 1198 1733 velut
1223 1693 1288 1734 ex
1339 1689 1584 1748 tempore
1628 1677 1805 1742 fusus,
1835 1678 1955 1748 pla-

367 1779 487 1833 cide
514 1793 576 1832 ac
607 1777 821 1842 leniter,
850 1776 1162 1844 sensimque
1209 1775 1466 1827 decurrit.
1515 1772 1952 1845 Enthymematis

368 1882 577 1934 autem,
636 1871 681 1923 si
729 1870 851 1936 quis
903 1867 1063 1930 alius,
1114 1865 1352 1920 maxime
1397 1865 1656 1919 abundat.
1715 1863 1953 1919 Plurima

367 1975 584 2030 quoque
614 1971 808 2026 pra-ter
847 1973 909 2012 ea
957 1973 1077 2028 quae
1110 1957 1162 2010 in
1199 1955 1438 2011 Ecclesia
1475 1956 1635 2010 hodie
1683 1956 1952 2022 obtinent,

367 2054 536 2109 veteri
586 2053 836 2106 fortassis
881 2067 1054 2117 more,
1103 2048 1289 2104 tradit.
1357 2049 1430 2102 De
1475 2046 1636 2103 Patre
1681 2058 1862 2102 tamen
1899 2058 1953 2101 et

367 2146 508 2203 Filio
547 2146 632 2216 pic.
685 2145 829 2216 93b
880 2144 1073 2208 credit,
1121 2142 1224 2196 nisi
1253 2143 1394 2211 quod
1430 2141 1764 2197 substantias
1797 2143 1951 2205 duas,

371 2240 704 2308 totidemque
763 2249 990 2291 naturas
1033 2251 1156 2291 esse
1199 2236 1369 2291 dicit:
1421 2235 1743 2289 substantia:
1775 2246 1829 2289 et
1857 2250 1953 2288 ua-

372 2346 507 2390 turae
569 2334 788 2388 nomine
839 2333 1134 2403 (quantum
1179 2347 1246 2386 ex
1304 2331 1371 2384 iis
1413 2345 1533 2398 quae
1585 2329 1728 2383 hunc
1777 2327 1952 2383 locum

369 2427 696 2482 antecedunt
737 2436 791 2480 et
825 2435 1254 2494 consequuntur,
1301 2421 1610 2492 colligitur)
1644 2435 1742 2490 pro
1787 2420 1955 2491 hypo-

369 2521 496 2574 stasi
551 2534 720 2584 usus;
762 2532 866 2572 non
919 2518 990 2571 ita
1043 2531 1191 2582 vero,
1237 2524 1297 2568 ut
1348 2516 1438 2584 qui
1486 2511 1619 2568 Ario
1650 2513 1948 2568 adhaerent.

371 2609 756 2664 Verumtamen
799 2609 864 2662 de
916 2607 1122 2676 Spiritu
1175 2617 1364 2660 sancto
1411 2604 1715 2673 periculose
1765 2603 1952 2668 nimis,

371 2714 532 2772 atque
560 2718 750 2772 parum
796 2701 883 2770 pie
934 2701 1128 2764 docet,
1167 2699 1290 2752 dum
1337 2699 1484 2752 hunc
1526 2697 1804 2752 inferioris
1833 2708 1954 2750 esse

373 2793 581 2865 gloriae,
626 2806 787 2861 quam
836 2791 907 2842 sit
955 2787 1117 2842 Pater
1166 2797 1220 2841 et
1266 2787 1466 2850 Filius,
1499 2786 1749 2840 atiirmat.
1783 2785 1957 2839 Habet

372 2887 500 2941 item
529 2883 895 2939 testimonium
944 2879 1214 2950 quoddam
1262 2880 1313 2932 in
1369 2894 1435 2933 eo
1468 2878 1607 2933 libro
1639 2878 1726 2946 qui
1765 2877 1955 2932 inscri-

373 2976 518 3030 bitur
554 2994 572 3027 ι
611 2975 662 3029 in
701 2971 1044 3043 Evangelium
1076 2968 1255 3036 Lucae,
1292 2989 1311 3023 ι
1338 2985 1404 3024 ex
1451 2985 1558 3040 quo
1580 2971 1954 3024 demonstrare

1983 1743 2030 1803 B

2058 486 2430 558 πρεσϐύτερος
2456 483 2524 558 ἦν
2547 503 2561 516 ·
2603 489 2697 542 καὶ
2729 489 2897 542 πολλὰ
2945 490 3003 543 δὲ
3031 489 3140 542 τῶν
3198 491 3512 562 Ὠριγένους
3571 493 3655 554 εἰς

2055 579 2154 647 τὴν
2187 579 2338 631 θείαν
2367 579 2407 630 Γ
2413 578 2588 650 ραιρὴν
2616 580 2928 649 ἐξηγήσεων
2953 581 3060 652 ἰδία
3101 582 3246 653 χειρὶ
3270 583 3522 652 λέγουσιν
3545 583 3652 636 αὑ-

2056 673 2148 725 τὸν
2177 673 2538 740 γεγραφέναι.

2767 855 2933 921 ΡΙΘ’.,

2233 947 2475 1016 Πιερίου
2504 949 2914 1015 πρεσϐυτέρου
2956 951 3126 1018 λόγοι
3167 948 3464 1019 διάφοροι.

2141 1041 2483 1112 Ἀνεγνὼσθη
2524 1040 2728 1113 βιϐλίον
2759 1041 2976 1112 Πιερίου
3010 1043 3409 1112 πρεσϐυτέρου,
3463 1043 3525 1096 ὃν
3551 1043 3652 1098 καὶ

2059 1135 2156 1189 σὺν
2183 1134 2262 1204 τῷ
2285 1134 2500 1204 ἀδελφῷ
2539 1132 2796 1205 Ἰσιδώρῳ
2849 1133 2940 1186 τὸν
2979 1134 3122 1205 ὑπὲρ
3159 1135 3398 1203 Χριστοῦ
3445 1136 3651 1204 ἀγωνί-

2060 1225 2256 1280 σασθαί
2284 1243 2449 1294 φασιν
2497 1226 2706 1294 ἀγῶνα,
2760 1226 3047 1296 Παμφίλου
3103 1243 3162 1279 τε
3218 1226 3314 1279 τοῦ
3362 1228 3649 1297 μάρτυρος

2058 1319 2345 1389 ὑφηγητὴν
2372 1318 2482 1371 τῶν
2515 1319 2985 1388 ὲκκλησιαστικῶν
3019 1318 3273 1386 γενέσθαι
3300 1320 3648 1389 μαθημάτων

2057 1414 2276 1467 καὶτοῦ
2325 1413 2466 1468 κατὰ
2531 1411 2938 1484 Ἀλεξάνδρειαν
2987 1413 3303 1484 ἡγήσασθαι
3348 1413 3645 1484 παιδευτη-

2061 1505 2198 1576 ρίου.
2235 1505 2445 1574 Λόγους
2465 1504 2522 1559 δὲ
2551 1506 2614 1559 τὸ
2651 1505 2852 1574 βιϐλίον
2872 1507 3117 1577 περιεῖχε
3149 1506 3240 1574 ιβ’.
3275 1507 3432 1559 Ἔστι
3459 1505 3518 1558 δὲ
3543 1506 3646 1576 τὴν

2058 1598 2258 1669 φράσιν
2289 1600 2466 1668 σαφής
2489 1614 2547 1649 τε
2569 1599 2664 1650 καὶ
2696 1597 2946 1668 λαμπρὸς
2966 1598 3061 1649 καὶ
3084 1597 3130 1628 ⁸⁸
3160 1597 3350 1666 ῶσπερ
3383 1596 3524 1667 ῥέων
3563 1594 3648 1665 τῷ

2058 1692 2220 1762 λόγῳ,
2257 1693 2420 1763 μηδέν
2453 1709 2513 1745 τε
2545 1691 2803 1762 ἐπιμελὲς
2827 1691 3256 1762 ἐνδεικνύμενος,
3312 1690 3426 1745 ἀλλ’
3457 1689 3534 1754 ῶς
3584 1689 3647 1753 ἐξ

2056 1785 2402 1856 αὐτοσχεδίου
2447 1784 2667 1854 ὁμαλῶς
2693 1801 2751 1838 τε
2784 1786 2879 1838 καὶ
2915 1785 3075 1848 λείως
3101 1785 3194 1838 καὶ
3240 1783 3426 1854 ἡρέμα
3475 1781 3645 1852 φερό-

2056 1893 2238 1946 μενος,
2265 1879 2377 1939 τοῖς
2406 1876 2462 1930 δὲ
2493 1875 2895 1946 ἐνθυμήμασιν,
2927 1877 3086 1947 εἴπερ
3115 1893 3198 1940 τις
3249 1875 3430 1938 ἄλλος,
3487 1890 3643 1942 γονι-

2057 1966 2326 2037 μώτατος.
2363 1965 2483 2039 [161
2519 1965 2612 2039 Η.]
2640 1966 2813 2020 Πολλὰ
2835 1967 2893 2020 δὲ
2921 1965 3026 2034 ἔξω
3051 1965 3161 2021 τῶν
3185 1964 3280 2018 νῦν
3313 1967 3372 2018 ὲν
3405 1965 3472 2034 τῇ
3513 1963 3646 2016 Ἐκ-

2060 2059 2260 2130 κλησίᾳ
2292 2060 2730 2131 καθεστηκότων,
2767 2059 3182 2132 ἀρχαιοτρόπως
3209 2058 3360 2122 ἴσως,
3401 2053 3646 2122 ἀποφαί-

2055 2169 2239 2206 νεται·
2293 2151 2429 2206 ἀλλὰ
2483 2152 2610 2222 περὶ
2659 2151 2758 2223 μὲν
2800 2151 3014 2222 Πατρὸς
3063 2152 3159 2204 καὶ
3208 2147 3341 2202 Υἱοῦ
3399 2147 3645 2210 εὐσεϐῶς

2055 2245 2371 2317 πρεσϐεύει,
2405 2245 2546 2313 πλὴν
2574 2246 2656 2298 ὅτι
2685 2245 2876 2307 οὐσίας
2896 2244 2989 2296 δύο
3023 2243 3116 2296 καὶ
3148 2240 3339 2311 φύσεις
3367 2239 3461 2294 δύο
3490 2240 3643 2308 λέγει

2053 2339 2132 2409 τῷ
2162 2339 2259 2408 τῆς
2287 2338 2476 2402 οὐσίας
2514 2339 2609 2391 καὶ
2637 2337 2854 2407 φύσεως
2886 2336 3132 2404 ὀνόματι,
3166 2333 3242 2395 ὠς
3269 2332 3427 2403 δῆλον
3465 2331 3532 2384 ἐκ
3581 2347 3644 2384 τε

2053 2431 2163 2484 τῶν
2196 2430 2478 2498 ἑπομένων
2536 2429 2633 2483 καὶ
2665 2427 3099 2500 προηγουμένων
3120 2424 3213 2478 τοῦ
3242 2424 3469 2495 χωρίου,
3521 2423 3645 2476 ἀντὶ

2054 2524 2152 2590 τῆς
2194 2521 2561 2583 ὑποστάσεως,
2598 2521 2692 2574 καὶ
2723 2519 2823 2588 οὐχ
2862 2519 2938 2581 ῶς
2960 2519 3008 2570 οἱ
3038 2517 3082 2549 ⁸⁷
3125 2517 3322 2586 Ἀρείῳ
3363 2530 3648 2585 προσανα-

2055 2619 2332 2688 κείμενοι,
2396 2615 2698 2687 χρώμενος.
2749 2617 2886 2688 Περὶ
2939 2613 3124 2685 μέντοι
3167 2611 3259 2666 τοῦ
3320 2611 3644 2681 Πνεύματος

2056 2709 2372 2779 ἐπισφαλῶς
2404 2709 2525 2761 λίαν
2557 2709 2650 2762 καὶ
2702 2707 2978 2770 δυσσεϐῶς
3011 2704 3330 2776 δογματίζει
3356 2720 3370 2734 ·
3431 2703 3640 2756 ὑποϐε-

2057 2799 2284 2870 ϐηκέναι
2316 2800 2423 2871 γὰρ
2466 2799 2596 2853 αὐτὸ
2630 2799 2730 2868 τῆς
2772 2797 2869 2851 τοῦ
2925 2797 3138 2868 Πατρὸς
3190 2795 3284 2849 καὶ
3315 2792 3447 2846 Υίοῦ
3501 2794 3644 2846 ἁπο-

2057 2893 2260 2963 φάσκει
2287 2891 2465 2962 δόξης.
2507 2892 2660 2960 Ἔχει
2714 2889 2772 2944 δὲ
2803 2889 3002 2961 χρῆσιν
3032 2889 3112 2950 εἰς
3167 2886 3258 2939 τον
3289 2885 3448 2953 λόγον
3504 2879 3566 2938 οὗ
3596 2883 3641 2916 ⁸⁸

2057 2986 2336 3056 ἐπιγραφὴ
2373 3003 2391 3036 ι
2420 2985 2501 3047 είς
2529 2983 2591 3036 τὸ
2619 2982 2761 3036 κατὰ
2795 2982 3030 3044 Λουκᾶν,
3067 2997 3087 3031 ι
3125 2977 3193 3031 δι’
3233 2974 3304 3050 ἦς
3352 2976 3469 3029 ἔστι
3499 2992 3644 3046 παρ’

373 3067 808 3138 licet,imaginis
862 3066 1122 3120 honorem
1171 3072 1227 3118 et
1277 3062 1711 3127 irreverentiam,
1770 3070 1955 3131 proto-

2061 3080 2213 3150 ιστᾷν
2246 3079 2328 3132 ὃτι
2359 3078 2393 3148 ἡ
2442 3077 2543 3146 τῆς
2606 3074 2810 3138 εἰκόνος
2843 3073 2976 3144 τιμὴ
3010 3073 3104 3125 καὶ
3153 3073 3186 3140 ὴ
3218 3071 3262 3102 ⁸⁸
3297 3069 3494 3139 ἀτιμία
3542 3066 3642 3121 τοῦ

373 3163 480 3234 typi
539 3174 658 3215 esse
693 3159 954 3212 honorem
1013 3157 1129 3210 sive
1168 3154 1604 3208 irreverentiam.
1653 3152 1953 3208 Obscurius

371 3255 566 3308 deinde
595 3252 758 3307 etiam
799 3250 910 3315 hic,
954 3248 1253 3303 secundum
1307 3245 1559 3316 Origenis
1593 3260 1784 3315 nugas,
1818 3245 1955 3299 indi-

369 3359 459 3404 eat
511 3349 720 3401 animas
769 3345 1166 3416 praeexsistere.
1204 3341 1260 3396 lu
1315 3357 1380 3397 eo
1422 3355 1549 3395 vero
1596 3340 1754 3406 libro,
1792 3355 1952 3410 quem

374 3445 425 3496 in
484 3442 715 3508 Pascha,
765 3449 819 3492 et
852 3437 1045 3493 Oscam
1078 3437 1393 3506 prophetam
1425 3434 1538 3506 (9|)
1574 3433 1816 3502 scripsit,
1845 3433 1956 3501 agit

372 3549 598 3604 quoque
635 3535 701 3586 de
743 3529 1035 3584 Cherubim
1083 3527 1199 3597 (9‘2)
1233 3543 1261 3580 a
1298 3527 1444 3580 Mosc
1475 3524 1652 3588 factis,
1683 3533 1738 3578 et
1770 3526 1837 3577 de
1865 3522 1956 3576 Ja-

371 3627 491 3680 cobi
539 3623 738 3694 lapide,
773 3621 862 3676 ubi
896 3620 1072 3676 factos
1119 3621 1340 3689 quidem
1377 3617 1497 3672 illos
1529 3616 1752 3682 fatetur,
1789 3625 1846 3670 at
1872 3615 1955 3669 di-

375 3723 510 3775 vina:
561 3729 770 3773 tantum
824 3715 1179 3785 providentiae
1229 3714 1437 3767 ratione
1473 3711 1640 3765 fuisse
1662 3724 1956 3765 conccssos

374 3822 606 3882 nugatur
640 3827 655 3864 :
704 3810 859 3878 quasi
895 3817 988 3861 aut
1027 3805 1161 3860 nihil
1209 3804 1433 3867 fuerint,
1472 3810 1566 3856 aut
1611 3802 1756 3856 aliud
1801 3803 1956 3872 quid-

374 3907 519 3975 piam
567 3902 789 3966 fuerint,
846 3909 939 3953 aut
985 3896 1128 3950 aliud
1182 3894 1395 3967 [saltem
1453 3892 1540 3947 illa
1580 3892 1806 3964 fuerint]
1836 3906 1958 3961 qua

375 3998 516 4052 facta
567 4003 711 4048 sunt.
764 3991 948 4061 Neque
993 3990 1135 4044 enim
1195 3985 1418 4062 [inquit]
1473 3987 1756 4058 vestigium
1813 3987 1957 4041 aliud

375 4086 735 4159 praeferebant
773 4083 1003 4152 alicujus
1040 4083 1248 4144 formae,
1294 4080 1388 4133 sed
1433 4080 1644 4134 alarum
1695 4080 1958 4134 duntaxat

373 4179 612 4248 speciem
645 4176 924 4231 fabulatur
957 4174 1080 4228 illos
1127 4172 1291 4226 ferre.

454 4272 551 4328 llic
586 4270 799 4326 Pierius
839 4269 950 4340 (95)
986 4269 1269 4338 presbyter
1296 4267 1397 4320 fuit
1428 4265 1687 4321 Ecclesiae
1715 4265 1958 4320 Alexan-

374 4367 570 4429 drinae,
618 4380 742 4418 cum
777 4362 1032 4417 Theouas
1087 4361 1160 4415 illi
1192 4360 1502 4430 patriarcha
1539 4369 1818 4427 praeesset,
1854 4357 1960 4413 Ca-

2055 3173 2411 3244 πρωτοτύπου
2435 3173 2553 3242 ἐστὶ
2578 3168 2712 3241 τιμὴ
2739 3170 2772 3240 ἢ
2803 3168 2964 3222 πάλιν
2986 3164 3197 3237 ἀτιμία.
3233 3163 3645 3218 ’Υπαινίττεται

2054 3264 2110 3318 δὲ
2142 3260 2318 3328 οὗτος,
2350 3265 2492 3317 κατὰ
2520 3262 2612 3315 τὸν
2663 3260 2972 3332 Ὠριγένους
3001 3257 3182 3323 ὕθλον,
3225 3255 3318 3309 καὶ
3348 3254 3644 3326 προΰπαρο

2058 3356 2137 3422 ξιν
2185 3355 2393 3426 ψυχῶν.
2426 3356 2578 3425 Ἔχει
2609 3353 2666 3407 δὲ
2708 3352 2804 3406 καὶ
2829 3353 2888 3405 ὲν
2934 3349 3013 3421 τῷ
3051 3351 3132 3412 είς
3180 3348 3242 3401 τὸ
3297 3347 3491 3418 Πάσχα
3547 3345 3645 3400 καὶ

2055 3451 2146 3503 τὸν
2186 3450 2345 3518 Ὠσηὲ
2369 3447 2514 3518 λόγῳ
2541 3447 2668 3517 περί
2690 3463 2750 3498 τε
2784 3444 2909 3498 πῶν
2964 3441 3304 3512 ποιηθέντων
3357 3439 3645 3510 Χερουϐὶμ

2055 3541 2134 3612 τῷ
2161 3542 2387 3596 Μωῦσεῖ
2411 3540 2458 3572 ⁷⁰
2491 3539 2584 3592 καὶ
2611 3539 2742 3608 περὶ
2769 3539 2869 3606 τῆς
2898 3534 2994 3590 τοῦ
3036 3533 3235 3589 Ἰακὼϐ
3299 3533 3526 3602 στήλης,
3583 3533 3644 3585 ὲν

2056 3629 2138 3696 οἷς
2165 3635 2264 3704 τὴν
2295 3633 2394 3704 μὲν
2420 3631 2635 3703 ποίησιν
2684 3630 2864 3684 αὐτῶν
2889 3629 3165 3701 ὁμολογεῖ,
3201 3627 3520 3697 οἰκονομίας
3583 3623 3642 3678 δὲ

2057 3729 2201 3800 λόγῳ
2257 3725 2682 3798 συγχωρηθῆναι
2739 3722 3110 3794 ματαιολογεί,
3161 3719 3237 3782 ῶς
3273 3718 3429 3772 οὐδὲν
3472 3713 3640 3788 ἦσαν,

2058 3819 2132 3881 ὡς
2159 3818 2346 3888 ἓτερον
2375 3811 2515 3887 ἦσαν
2544 3815 2610 3880 ",
2640 3813 2715 3878 ὡς
2743 3813 2932 3882 ἕτερον
2960 3810 3028 3864 τὰ
3054 3811 3100 3842 ⁷²
3133 3807 3498 3877 γεγενημένα,
3552 3806 3643 3858 οὐ·

2058 3911 2115 3964 δὲ
2141 3909 2186 3941 ’³
2213 3908 2382 3962 τύπον
2407 3907 2564 3962 ἄλλον
2591 3906 2755 3976 ἔφερε
2809 3905 3046 3975 μορφῆς,
3079 3901 3217 3955 ἀλλὰ
3245 3902 3406 3972 μόνον
3439 3897 3644 3970 πτερύ-

2059 4018 2171 4070 γων
2201 4000 2476 4067 κενολογεῖ
2501 3998 2545 4030 ⁷⁸
2585 3999 2772 4069 φέρειν
2795 3996 2936 4049 αὐτὰ
2967 3995 3176 4066 σχῆμα.

2132 4253 2301 4322 Οὗτος
2328 4259 2357 4312 ὁ
2388 4258 2608 4329 Πιέριος
2633 4253 3008 4327 πρεσϐύτερος
3053 4247 3122 4323 ἧν
3169 4251 3266 4322 τῆς
3293 4251 3438 4306 κατὰ
3465 4248 3643 4316 Ἀλεξ-

2063 4353 2313 4424 άνδρειαν
2360 4349 2685 4420 Ἐκκλησίας
2714 4348 2902 4402 Θεωνᾶ
2948 4344 3248 4417 τηνικαῦτα
3287 4343 3493 4414 ταύτης
3542 4344 3644 4413 ἀρ-

373 4475 574 4529 rusque
610 4471 676 4511 ac
720 4454 1086 4509 Diocletianus
1134 4451 1438 4506 licmanum
1492 4460 1738 4505 tenerent
1787 4451 1955 4521 impe-

2063 4445 2502 4518 χιερατεύοντος,
2541 4441 2705 4514 ἡνίκα
2756 4441 2946 4510 Κᾶρος
3003 4438 3098 4492 καὶ
3143 4437 3525 4508 Διοκλητιανὺς
3571 4438 3644 4490 τὰ

373 4554 536 4607 rium.
576 4549 745 4617 Quem
780 4565 846 4604 eo
887 4547 1141 4602 assiduus
1188 4546 1340 4601 labor
1371 4553 1534 4616 atque
1584 4543 1783 4611 ingenii
1836 4541 1955 4597 feli-

373 4653 511 4703 citas
568 4647 839 4716 provexit,
883 4660 1006 4699 cum
1051 4659 1301 4714 magnam
1335 4642 1560 4710 insuper
1607 4655 1715 4706 non
1749 4637 1955 4707 absque

376 4743 608 4796 utilitate
645 4740 973 4809 voluptatem
1019 4737 1072 4792 in
1107 4739 1221 4792 suis
1261 4737 1330 4792 ad
1363 4734 1572 4806 plebem
1599 4733 1956 4789 concionihus

2073 4539 2364 4610 Ῥωμαίων
2407 4537 2664 4606 σκῆπτρα
2715 4535 2933 4606 ἔφερον.
2991 4534 3102 4587 Καὶ
3152 4533 3246 4585 ἐπὶ
3293 4531 3549 4585 τοσοῦτον
3599 4531 3646 4584 δ’

2061 4633 2225 4687 αὐτὸν
2255 4629 2445 4684 ἐλάσαι
2500 4629 2720 4698 λέγουσι
2750 4626 3069 4697 φιλοπονίας
3128 4625 3222 4678 καὶ
3271 4624 3502 4693 εὐφυΐας
3549 4624 3648 4676 καὶ

2065 4726 2163 4797 τῆς
2185 4726 2243 4778 ὲν
2271 4723 2532 4793 πλήθεσιν
2560 4720 2776 4791 ὁμιλίας
2812 4719 3004 4791 τέρψιν
3047 4721 3308 4789 παρέχειν
3351 4717 3450 4770 σὺν
3495 4715 3649 4785 ὠφε-

1667 4865 1908 4922 VARIA‘J
1943 4859 2358 4921 LECTIONES.

448 4996 492 5026 “
526 4993 852 5065 ἱδρύνθησοιν
1030 4991 1075 5022 ⁸⁸
1098 4989 1199 5065 ,θεαὶ
1229 4989 1352 5065 m3"-
1391 4991 1456 5042 Α·
1516 4989 1576 5065 _'_’
1606 4987 1654 5065 9i
1680 4985 1806 5065 a5“-
1837 4985 1904 5036 Α·
1925 5047 1952 5065 .
1982 4981 2027 5012 ⁸⁸
2057 4973 2140 5048 οὗ]
2169 4971 2248 5065 ,ιδ
2282 4977 2316 5065 it
2346 4991 2407 5040 ς’
2442 4969 2866 5065 ..°’.1‘LP£’S_‘2‘E‘
2893 4967 3154 5065 “1129;.
3194 4967 3241 5065 1°
3262 4975 3396 5065 P‘ZE‘.
3417 4965 3650 5065 ἒξίὲῗσξτ

376 5081 496 5120 cum
552 5055 900 5118 liothfomisi
954 5060 1030 5123 ὡς
1059 5061 1211 5114 οὐδὲν
1262 5055 1421 5129 ἦσαν.

375 5137 421 5170 ⁷⁸
454 5135 762 5203 καινολογεϊ
787 5135 854 5186 Α.

1516 5060 1558 5091 ⁷¹
1591 5058 1666 5119 ὼς
1712 5055 1899 5123 ἕτερον
1923 5047 2064 5121 ἦσαν
2114 5047 2240 5104 add.
2273 5051 2337 5098 A.

2442 5043 2487 5075 ’⁸
2519 5035 2684 5113 ἕτερα
2706 5041 2776 5094 τά
2801 5057 2863 5103 ς.
2962 5041 3007 5072 ⁷⁸
3034 5037 3157 5092 οὐδέ
3186 5038 3231 5090 A
3262 5035 3280 5090 ἑ
3319 5035 3396 5098 ὡς
3425 5035 3552 5088 οὐδέ
3584 5052 3647 5099 ς.

1887 5209 2128 5270 NOTAE.

448 5323 559 5396 (89)
593 5322 862 5396 Epiphan.
895 5322 1322 5396 interncaateros,
1353 5318 1549 5396 hzgres.
1583 5314 1676 5396 _69.

450 5385 602 5465 (90)“
623 5385 814 5448 I'n'his
843 5403 899 5446 et
947 5392 1017 5465 S.
1041 5388 1360 5465 Hieronym.
1391 5388 1466 5465 De
1486 5386 1671 5465 eccles.
1707 5385 1952 5464 scriptor.

378 5455 502 5534 cap.
539 5455 607 5519 75
635 5465 724 5519 ubi
755 5468 870 5534 iure
897 5463 1086 5516 addit:
1130 5479 1147 5510 ι
1189 5455 1294 5534 §ed
1328 5459 1458 5534 etin
1510 5455 1793 5534 duodecim
1826 5468 1954 5522 pro-

379 5525 574 5606 pb'etas
628 5549 733 5588 xxv
780 5533 1130 5606 Ἐξηγῄσεων
1184 5530 1432 5600 Origeuis
1481 5525 1755 5606 volumina
1794 5538 1956 5577 manu

381 5598 500 5669 Ejus
529 5616 750 5658 exarata
782 5598 983 5672 reperi,
1027 5617 1149 5672 quae
1199 5598 1350 5653 tanto
1383 5598 1684 5672 amplector
1708 5604 1763 5650 et
1798 5607 1958 5648 servo

383 5675 599 5745 gaudio,
623 5684 686 5745 _u_t
707 5669 882 5745 Croesi
913 5669 1270 5745 opes’liabere
1299 5684 1382 5723 me
1409 5669 1650 5745 credam.
1691 5683 1710 5718 ι

441 5734 812 5818 ‹(91)Ἠιι]υε,
872 5734 1045 5811 inquit
1082 5739 1145 5796 Β.
1189 5740 1436 5805 Hierou.,
1481 5747 1564 5794 est
1608 5734 1959 5805 longissimus

2061 5307 2342 5362 Tractatus
2395 5307 2460 5359 de
2511 5301 2764 5371 prapheta
2824 5299 2980 5367 Osee,
3028 5312 3192 5369 quem
3252 5295 3305 5350 in
3357 5297 3649 5369 pervigilio

2060 5378 2279 5433 Pascha:
2317 5377 2559 5430 habitum
2595 5387 2779 5428 sermo
2817 5373 2932 5440 ipse
2963 5373 3323 5426 demonstrat.

2124 5447 2245 5517 ’(92)
2281 5445 2412 5513 Quae
2443 5454 2622 5517 autem
2651 5438 2925 5517 _deinceps
2965 5449 3303 5517 sequuntur).
3323 5453 3391 5492 ex
3422 5438 3648 5517 supple.

2060 5507 2470 5585 mentofquod
2537 5514 2590 5566 in
2641 5512 2817 5567 Graeci
2864 5507 3203 5578 exemplaris
3256 5507 3650 5563 Notationibus

2060 5584 2353 5650 exstabat,
2373 5584 2632 5640 translata
2660 5593 2809 5639 sunt.

2130 5657 2244 5780 (95)
2285 5647 2562 5712 Laudatur
2594 5664 2650 5710 et
2676 5669 2706 5707 a
2740 5652 2964 5724 Niceph.
3014 5651 3110 5707 lib.
3140 5663 3215 5718 Vt,
3240 5663 3360 5720 cap.
3391 5649 3463 5706 35
3500 5647 3646 5704 Ιιὶει.

2130 5745 2151 5780 τ
2177 5765 2192 5780 ο

2065 5744 2192 5783 εεει.
