3932 6240
325 345 417 411 491
1363 358 1890 421 BIBLIOTHECA.
1930 387 1994 395 —
2029 363 2247 426 CODD.
2278 367 2695 435 CXIX-CXXI.

3495 377 3604 445 402

326 463 464 536 λεία,
495 461 642 516 ὥστε
668 463 765 519 καὶ
798 463 917 519 νέον
940 465 1307 537 ὀνομασθῆναι
1347 468 1629 540 Ὠριγένην
1652 485 1665 498 ·
1714 465 1783 540 ἦν
1806 470 1914 540 γὰρ

2030 475 2256 545 ill'erret,
2272 490 2324 534 ut
2342 478 2602 552 Origenes
2623 484 2760 540 alter
2775 485 3252 556 cognominaretur
3274 505 3289 555 ;
3307 501 3423 545 erat
3441 495 3529 560 qui
3538 509 3600 563 p-

331 555 448 612 τότε
479 559 537 608 ὲν
564 559 681 618 τοῖς
704 557 1154 625 ἀξιολογωτάτοις
1200 560 1500 632 Ὠριγένης.
1553 561 1915 632 Διαλεκτικὴν

332 650 501 702 δὲκαὶ
554 650 853 722 ῥητορικὴν
891 651 1051 704 αὐτόν
1095 669 1260 722 φασιν
1299 653 1630 725 ἀσκηθῆναι,
1679 655 1775 708 καὶ
1827 657 1918 722 ἐγ-

334 740 593 809 κρατείας
627 740 686 792 δὲ
733 742 828 795 καὶ
860 742 1108 796 ἑκουσίου
1166 744 1442 815 πτωχείας
1468 745 1706 818 ἐραστὴν
1762 747 1916 814 γενέ-

336 832 480 886 σθαι.
521 833 632 886 Καὶ
661 833 710 885 oi
743 833 844 902 μὲν
867 834 1030 888 αὑτὸν
1065 837 1158 888 καὶ
1190 837 1473 908 μαρτυρίῳ
1520 838 1611 890 τὸν
1669 836 1784 908 βίον
1825 855 1915 890 τε·

333 921 582 987 λειῶσαι,
611 923 660 974 οί
681 925 727 956 ⁷⁸
751 923 808 978 δὲ
835 925 970 994 μετὰ
994 925 1084 978 τὸν
1108 927 1349 998 διωγμὸν
1387 928 1477 980 τὸν
1505 929 1796 984 ὑπόλοιπον
1822 927 1916 982 τοῦ

333 1017 432 1085 ζῇν
458 1014 650 1085 κράναν
673 1014 732 1069 ὲν
768 1013 955 1086 Ῥώμῃ
983 1016 1356 1084 διαγεγονέναι
1383 1019 1524 1072 ἰθ-⁷⁷.

1039 1106 1172 1162 ΡΚ’.

484 1194 810 1262 Ειρηναίου
831 1195 984 1252 κατὰ
1022 1199 1311 1268 αἱρέσεων
1346 1204 1515 1274 λόγοι
1538 1205 1743 1262 πέντε.

413 1283 759 1359 Ἀνεγνώσθη
793 1289 998 1359 βιϐλίον
1057 1292 1349 1364 Εἰρηναίου
1390 1297 1692 1352 ἐπισκόπου
1741 1301 1918 1370 Λουγ-

331 1371 535 1428 δούνων
561 1377 640 1446 (ὲν
669 1379 895 1444 Κελτοῖς
927 1380 984 1434 δὲ
1015 1381 1085 1434 τὰ
1125 1383 1481 1457 Λούγδουνα),
1515 1388 1663 1457 λόγοι
1695 1397 1736 1442 ε’
1761 1407 1774 1421 °
1802 1387 1864 1446 οὗ
1885 1395 1918 1452 ἡ

333 1468 620 1540 ἐπιγραφὴ
651 1469 936 1540 Ἐλέγχου
964 1473 1062 1527 καὶ
1092 1475 1440 1546 ἀνατροπῆς
1471 1479 1582 1546 τῆς
1611 1481 1922 1549 ψευδωνύ-

325 1571 446 1624 μου
485 1558 801 1628 γνώσεως,
835 1562 994 1616 τοῦτο
1018 1565 1077 1618 δέ
1100 1565 1216 1620 ἐστι
1250 1570 1393 1623 κατὰ
1422 1572 1710 1642 αἱρέσεων.
1743 1568 1842 1629 Ὧν
1893 1578 1922 1629 ὁ

327 1647 572 1718 πρῶτος,
600 1651 984 1722 διαλαμϐάνων
1015 1659 1143 1729 περὶ
1169 1659 1521 1717 Οὐαλεντίνου
1557 1663 1677 1736 [501
1701 1665 1794 1738 R.]
1826 1668 1920 1719 καὶ

326 1740 428 1811 τῆς
459 1742 586 1795 κατ’
617 1743 780 1797 αὑτὸν
810 1746 972 1799 ἀθέου
995 1749 1223 1821 πλάνης,
1249 1753 1559 1825 ἀπάρχεται
1585 1756 1920 1827 ὦσπεράνα-

2019 581 2086 635 pe
2110 579 2237 626 tunc
2256 586 2446 628 eorum
2471 576 2522 628 in
2543 591 2788 640 numero,
2816 580 2907 647 qui
2929 580 3164 634 maximo
3181 580 3232 634 in
3248 582 3420 649 pretio
3441 582 3604 638 habe-

2020 672 2230 726 rentur,
2251 661 2534 732 Origenes.
2554 668 2772 722 Addunt
2795 669 2847 722 in
2885 669 3185 726 dialecticis
3210 682 3376 741 atque
3413 673 3601 728 rheto-

2021 754 2147 808 ricis
2164 767 2462 823 versatum,
2478 761 2844 830 temperantia:
2859 777 3077 832 quoque
3095 773 3152 817 et
3172 763 3312 819 ultro
3329 777 3600 834 suscepta:

2019 850 2357 914 paupertatis
2394 861 2692 905 amatorem
2731 851 2920 907 fuisse.
2954 853 3067 908 Nec
3106 856 3324 924 desunt,
3349 857 3438 926 qui
3470 873 3598 913 eum

2020 938 2282 1006 martyrio
2299 941 2462 992 vitam
2489 940 2693 995 liniisse
2710 943 2943 1010 tradant,
2966 945 3064 998 etsi
3091 946 3179 998 alii
3197 945 3309 1016 (94)
3328 957 3450 1015 post
3479 963 3601 1016 per-

2018 1029 2353 1082 secutionem
2374 1028 2641 1099 reliquum
2662 1031 2780 1084 vita:
2810 1029 2997 1088 Romae
3027 1036 3360 1106 transegisse
3383 1037 3597 1092 malint.

2658 1120 2798 1177 CXX
2811 1167 2824 1180 .

2334 1213 2532 1270 Irenwi
2561 1217 2813 1272 adversus
2843 1220 3066 1275 Ita'resct
3091 1220 3211 1274 libri
3237 1237 3310 1277 tv.

2089 1304 2344 1375 Legimus
2373 1309 2700 1378 scriptorum
2738 1310 2849 1382 (95)
2896 1312 3086 1367 lrenaci
3117 1317 3351 1384 cpiScopi
3387 1314 3602 1385 Lugdu-

2021 1403 2205 1456 nensis
2271 1405 2399 1471 (est
2447 1415 2631 1458 autem
2681 1404 2866 1460 Galliae
2913 1406 3136 1460 Celtica:
3202 1408 3331 1462 urbs
3383 1407 3602 1476 Lugdu-

2022 1495 2173 1564 num)
2202 1493 2367 1550 libros
2397 1497 2635 1566 quinque
2664 1498 2741 1551 sic
2768 1497 3063 1568 inscriptos
3095 1516 3108 1550 :
3145 1497 3404 1551 Elenclms
3445 1509 3602 1569 atque

2022 1582 2331 1653 Confutatio
2376 1586 2528 1651 [alue
2554 1587 2807 1642 doctrinae
2841 1587 2955 1644 sive
2982 1600 3167 1642 contra
3195 1590 3436 1643 ltwreses.
3457 1590 3610 1656 Quo-.

2023 1691 2140 1729 rum
2178 1677 2384 1745 primus
2416 1675 2528 1748 (96)
2560 1678 2628 1732 de
2649 1677 2932 1733 Valentino
2955 1695 3123 1750 agens
3153 1691 3318 1748 atque
3345 1682 3412 1735 ab
3437 1683 3602 1750 impio

2025 1770 2140 1833 ejus
2183 1782 2373 1822 errore
2425 1768 2629 1823 ducens
2681 1769 2914 1833 initium,
2971 1786 3188 1825 rursum
3229 1773 3382 1840 quasi
3431 1771 3604 1825 relato

326 1831 568 1895 ποδίζων
603 1835 699 1887 καὶ
733 1835 938 1890 ἄνωθεν
963 1838 1177 1906 διεξιὼν
1200 1843 1308 1898 ἀπὸ
1330 1845 1576 1916 Σίμωνος
1615 1849 1710 1900 τοῦ
1741 1850 1918 1919 μάγου

2030 1863 2187 1930 pede,
2227 1861 2498 1931 altiusque
2553 1863 2762 1932 origine
2808 1864 3057 1930 repetita,
3110 1874 3297 1917 narrat
3351 1878 3514 1930 porro
3569 1879 3599 1916 a

228 2007 235 2015 Ι
329 1923 501 1994 μέχρι
532 1925 578 1956 ⁷⁸
606 1926 896 1998 Τατιανοῢ,
923 1930 980 1995 ὃς
1008 1931 1075 1986 τὰ
1111 1935 1307 2005 πρῶτα
1348 1937 1596 2009 μαθητὴς
1636 1940 1922 1995 ’1ουστίνου

325 2015 422 2067 τοῦ
491 2015 772 2090 μάρτυρος
805 2024 1156 2092 χρηματίσας
1188 2023 1418 2098 ὕστερον
1452 2031 1531 2092 είς
1572 2030 1783 2104 πλάνην
1837 2033 1924 2099 ἐξ-

324 2107 591 2180 εκυλίσθη
612 2113 658 2142 "
693 2114 978 2183 αἱρέσεως.
1025 2116 1144 2169 Ἔτι
1171 2117 1228 2170 δὲ
1269 2119 1624 2192 διαλαμϐάνει
1661 2124 1789 2194 περὶ
1817 2125 1923 2178 τῶν

325 2199 475 2263 ἰδίως
509 2204 826 2269 γνωστικῶν
857 2207 1205 2278 καλουμένων
1230 2210 1274 2243 ⁸ο
1311 2214 1406 2266 καὶ
1443 2213 1554 2267 τῶν
1589 2216 1829 2280 Καῖνῶν,
1853 2216 1924 2270 τὰ

326 2291 570 2363 βδελυρὰ
597 2295 775 2349 αὐτῶν
832 2297 1069 2362 ἐκτιθεὶς
1125 2300 1372 2371 δόγματα
1397 2319 1413 2334 ο
1462 2306 1520 2358 ἐν
1573 2301 1654 2369 οἷς
1688 2307 1780 2358 καὶ
1818 2311 1846 2361 ὁ
1875 2307 1919 2338 ⁸¹

325 2383 553 2452 πρῶτος
583 2385 764 2455 λόγος.
806 2387 867 2440 Ὀ
893 2388 951 2442 δὲ
995 2389 1246 2461 δεύτερος
1297 2395 1614 2467 ἀνατροπὴν
1669 2398 1922 2468 περιέχει

324 2475 438 2526 τῶν
470 2480 591 2540 τοίς
627 2478 980 2549 αἱρεσιώταις
1033 2483 1247 2548 ἀσεϐῶς
1298 2483 1797 2557 δογματιζομὲνων.
1864 2490 1922 2544 Ὁ

323 2567 385 2620 δὲ
410 2572 603 2637 τρίτος
637 2573 731 2623 καὶ
770 2571 811 2623 Γ
817 2574 1054 2643 ραφικὰς
1083 2576 1204 2627 κατ’
1228 2576 1407 2630 αὐτῶν
1431 2579 1754 2649 προκομίζει
1788 2599 1923 2634 παν-

323 2661 573 2726 τοδαπὰς
630 2667 957 2735 μαρτυρίας.
1008 2666 1068 2720 Ὀ
1094 2669 1152 2721 δὲ
1182 2669 1445 2741 τέταρτος
1477 2673 1576 2736 τὰς
1621 2677 1774 2746 παρὰ
1814 2677 1922 2730 τῶν

323 2753 631 2821 αίρετικῶν
681 2761 1106 2830 προτεινομένας
1156 2764 1394 2837 ἀπορίας
1443 2764 1667 2822 διαλύει.
1727 2768 1837 2822 Καὶ
1893 2772 1922 2823 ὁ

323 2844 588 2915 πέμπτος
613 2847 694 2912 δὲ,
730 2849 831 2903 ὅσα
859 2851 949 2906 διὰ
982 2854 1310 2924 παραϐολῶν
1329 2857 1525 2928 ἐλέχθη
1542 2875 1604 2912 τε
1633 2861 1730 2914 καὶ
1749 2862 1922 2934 ἐπρά-

324 2935 427 3006 χθη
461 2937 572 2992 ὑπὸ
595 2939 692 2993 τοῦ
725 2943 960 3012 Κυρίου.
998 2947 1062 2998 ὲκ
1087 2947 1195 3001 τῶν
1230 2949 1538 3004 ὑπολοίπων
1596 2952 1698 3022 τῆς
1750 2971 1922 3020 σωτη-

327 3030 560 3097 (aediﬁco;
586 3033 754 3086 αὐτοῦ
790 3035 1138 3100 διδασκαλίας
1168 3042 1263 3096 καὶ
1307 3044 1372 3096 ὲκ
1399 3044 1512 3096 τῶν
1542 3045 1920 3100 ἀποστολικῶν

2027 1954 2250 2007 Simone
2301 1953 2458 2024 Mago
2521 1969 2692 2023 usque
2746 1949 2812 2008 ad
2868 1955 3179 2018 Tatiannm,
3246 1957 3338 2023 qui
3403 1952 3600 2009 Justini

2027 2045 2281 2117 Martyris
2318 2047 2552 2115 primum
2601 2046 2927 2115 discipulus,
2983 2048 3036 2100 in
3086 2062 3328 2102 errorem
3383 2050 3598 2101 tandem

2026 2139 2250 2194 haeresis
2296 2138 2677 2208 praecipitavit.
2734 2140 2962 2194 Disserit
2996 2151 3257 2210 prmterea
3291 2141 3356 2194 de
3390 2140 3478 2205 iis,
3507 2139 3600 2210 qui

2024 2230 2241 2297 proprie
2293 2227 2537 2288 Gnostici
2589 2229 2952 2298 appellantur,
3004 2232 3244 2299 itemque
3297 2231 3362 2284 de
3415 2230 3601 2283 Caiuis

2026 2320 2162 2387 (97),
2221 2321 2558 2375 exsecranda
2595 2320 2805 2375 illorum
2848 2319 2991 2392 94a
3021 2323 3272 2390 dogmata
3302 2336 3597 2389 exponens.

2024 2412 2089 2464 Et
2123 2412 2236 2466 hanc
2267 2413 2484 2481 quidem
2526 2412 2662 2468 libro
2710 2414 2907 2483 primo.
2943 2412 3078 2466 Nam
3126 2416 3366 2467 secundo
3408 2429 3473 2466 ea
3513 2428 3599 2468 re-

2027 2503 2158 2557 lellit
2189 2520 2309 2572 qua:
2354 2505 2424 2559 ab
2466 2505 2738 2560 lnereticis
2783 2505 2946 2574 impie
2995 2515 3336 2559 asseruntur.
3383 2503 3602 2558 Tertius

2023 2596 2172 2647 varia
2225 2596 2488 2650 adversus
2525 2596 2648 2651 illos
2697 2594 2855 2651 all‘ert
2901 2611 3070 2651 sacrae
3118 2594 3415 2664 Scriptura:
3448 2597 3602 2648 testi-

2026 2687 2228 2741 monia.
2283 2687 2522 2752 Quartus
2555 2697 2734 2742 autem
2765 2690 2832 2742 ab
2871 2688 3140 2742 haereticis
3175 2687 3416 2754 ohjectas
3456 2701 3603 2753 qua--

2023 2780 2228 2834 stiones
2270 2781 2448 2835 diluit.
2509 2780 2743 2847 Quintus
2817 2780 3076 2843 tandem,
3129 2794 3466 2847 quaecunque
3506 2792 3604 2850 per

2022 2871 2310 2942 parabolas
2343 2887 2372 2925 a
2407 2871 2626 2926 Christo
2663 2871 2807 2925 dicta
2856 2869 3067 2926 laetave
3118 2868 3343 2934 fuerint,
3376 2885 3498 2923 cum
3532 2883 3598 2922 ex

2024 2962 2229 3030 reliqua
2279 2960 2522 3030 ejusdem
2581 2962 2861 3016 salutifera
2905 2961 3174 3023 doctrina,
3213 2969 3324 3013 tum
3375 2974 3441 3013 ex
3473 2973 3602 3026 apo-

2022 3054 2287 3107 stolorum
2335 3053 2602 3123 epistolis,
2657 3055 3038 3108 haereticorum
3069 3050 3398 3121 .imposturis
3438 3050 3600 3105 refel-

335 3123 652 3177 ὲπιστολῶν
703 3129 826 3192 ταῖς
857 3131 1163 3201 αἱρετικαῖς
1211 3134 1525 3205 τερθρείαις
1579 3140 1661 3201 είς
1701 3139 1919 3210 ἔλεγχον

2030 3144 2198 3200 lendis
2232 3146 2514 3214 aptissima
2558 3159 2681 3201 esse
2721 3147 3082 3201 demon5trat.

324 3217 600 3287 ἁρμόζειν
629 3222 956 3292 παρίστησι.

395 3310 586 3364 Πολλὰ
633 3312 693 3364 δὲ
721 3313 814 3366 τοῦ
849 3315 1136 3372 Θεσπεσίου
1154 3320 1452 3392 Εἰρηναίου
1478 3323 1576 3376 καὶ
1604 3325 1919 3380 παντοδαπὰ

325 3406 420 3459 καὶ
476 3406 651 3478 ’ἐτερα
697 3411 1105 3482 συγγράμματα
1161 3416 1254 3470 καὶ
1309 3418 1593 3472 ἐπιστολαὶ
1640 3419 1918 3490 φέρονται,

327 3501 377 3550 εί
415 3502 514 3554 καὶ
544 3501 604 3555 ἔν
628 3520 776 3556 τισιν
817 3505 998 3560 αὐτῶν
1031 3509 1064 3578 η
1094 3512 1193 3580 τῆς
1222 3511 1364 3565 κατὰ
1389 3513 1459 3565 τὰ
1492 3513 1922 3583 ὲκκλησιαστικὰ

324 3590 580 3662 δόγματα
607 3595 870 3666 ἀληθείας
900 3599 1157 3670 ἀκρίϐεια
1191 3605 1370 3669 νόθοις
1409 3605 1692 3678 λογισμοῖς
1728 3609 1919 3678 κιϐδη-

325 3680 573 3748 λεύεται,
604 3685 642 3739 ἃ
667 3687 772 3758 χρὴ
803 3693 1342 3762 παρασημαίνεσθαι.

399 3773 607 3827 Τοῦτόν
637 3793 771 3844 φασι
802 3781 1053 3848 γενέσθαι
1089 3785 1449 3859 Πολυκάρπου
1499 3789 1598 3860 μὲν
1620 3789 1713 3843 τοῦ
1779 3791 1922 3862 ἱερο-

329 3863 618 3936 μὰρτυρος
649 3867 909 3940 Σμύρνης
942 3873 1244 3932 ἐπισκόπου
1285 3880 1559 3952 μαθητὴν,
1615 3883 1922 3954 πρεσϐύτε-

334 3971 428 4024 ρον
461 3955 520 4009 δὲ
560 3957 843 4029 Ποθεινοῦ,
875 3957 936 4017 οὗ
964 3966 1058 4020 καὶ
1084 3968 1184 4038 τῆς
1236 3971 1545 4043 ἐπισκοπῆς
1577 3973 1687 4027 τῶν
1741 3975 1922 4044 Λουτ-

327 4050 535 4104 διιύνων
563 4053 810 4126 διάδοχος
834 4059 1096 4132 κατέστη.
1130 4061 1345 4135 Βίκτωρ
1375 4065 1431 4118 δὲ
1453 4063 1563 4138 ἄρα
1585 4067 1711 4120 κατ’
1742 4067 1920 4120 ἐκεῖνο

331 4144 526 4214 καιροῦ
600 4145 822 4219 Ῥώμης
852 4152 1172 4216 ἐπεσκόπει.
1223 4158 1363 4228 πρὸς
1396 4157 1456 4211 ὃν
1509 4159 1604 4212 καὶ⁹
1653 4159 1924 4224 πολλάκις

333 4237 558 4326 γράφει,
594 4241 878 4309 παραινῶν
910 4245 985 4317 μὴ
1019 4246 1207 4302 ἕνεκεν
1234 4248 1280 4280 ⁸²
1311 4253 1412 4320 τῆς
1434 4252 1563 4320 περὶ
1597 4252 1692 4306 τοῦ
1720 4253 1913 4326 Πάσχα

336 4325 634 4398 διαφωνίας
661 4332 815 4397 τινὰς
846 4335 949 4406 τῆς
979 4339 1304 4409 Ἐκκλησίας
1319 4344 1741 4416 ἀποκηρύττειν.

1023 4426 1203 4484 PKA'.

453 4503 821 4571 Ἱππολύτου
863 4517 1014 4572 κατὰ
1054 4519 1346 4586 αίρέσεων
1379 4522 1767 4590 βιϐλιδάρισν

423 4605 766 4677 Ἀνεγνώσθη
795 4607 1126 4678 βιϐλιδέιριον
1163 4608 1482 4665 Ἱππολύτου
1508 4630 1522 4644 ο
1559 4614 1810 4686 μαθητὴς
1856 4613 1916 4668 δὲ

2093 3327 2250 3381 Plura
2287 3329 2400 3398 (98)
2441 3343 2570 3381 vero
2602 3326 2841 3396 ejusdem
2881 3328 3054 3382 sancti
3095 3326 3280 3381 Irenaei
3327 3339 3392 3378 ac
3449 3325 3598 3378 varia

2022 3422 2220 3490 scripta
2259 3431 2314 3474 et
2361 3420 2600 3488 epistola:
2645 3418 3136 3483 circumferuntur;
3182 3416 3283 3470 etsi
3326 3417 3377 3469 in
3412 3416 3605 3484 aliqui-

2025 3510 2122 3561 bus
2152 3508 2644 3562 ecclesiasticorum
2670 3510 2978 3577 dogmatum
3006 3515 3152 3561 certa
3177 3506 3376 3560 veritas
3404 3506 3603 3574 spuriis

2025 3602 2325 3657 rationibus
2348 3601 2515 3656 fucari
2542 3601 2772 3666 videtur,
2802 3614 2921 3668 qua:
2947 3602 3296 3654 observassse
3324 3595 3600 3652 convenit.

2093 3781 2260 3838 Aiunt
2277 3780 2414 3852 (98‘)
2433 3780 2576 3834 hunc
2590 3777 2870 3849 Polyearpi
2890 3777 3006 3844 ejus
3032 3777 3121 3846 qui
3147 3786 3368 3830 sanctus
3399 3784 3606 3844 martyr

2014 3886 2075 3932 'et
2107 3875 2352 3944 Smyrnae
2391 3873 2678 3940 episcopus
2710 3870 2842 3936 fuit,
2887 3871 3209 3940 discipulum
3247 3869 3432 3933 fuisse,
3484 3885 3606 3938 pre-

2025 3968 2304 4037 sbyterum
2341 3979 2472 4020 vero
2500 3961 2752 4028 Pothini,
2795 3963 2882 4016 cui
2917 3971 2973 4016 et
3009 3964 3061 4015 in
3107 3959 3450 4031 Lugduncnsi
3491 3959 3606 4025 epi-

2024 4069 2251 4127 scopatu
2282 4057 2564 4114 successit.
2601 4053 2787 4110 Victor
2810 4069 2872 4108 ea
2911 4062 3229 4122 tempestate
3250 4050 3435 4105 Romae
3466 4065 3605 4119 pon-

2025 4149 2248 4204 tiﬁcium
2285 4149 2457 4203 tenuit
2489 4166 2503 4202 :
2550 4163 2711 4217 quem
2749 4145 2956 4200 crebris
2999 4145 3191 4199 litteris
3242 4143 3490 4196 hortatus
3523 4149 3608 4194 est

2025 4241 2260 4296 lrenams
2280 4279 2296 4305 ,
2325 4255 2392 4295 ne
2423 4240 2492 4294 ob
2511 4237 2798 4293 Paschatis
2828 4237 3221 4292 dissensionem
3253 4235 3319 4287 ab
3352 4232 3597 4287 Ecclesia

2026 4331 2238 4402 aliquos
2266 4331 2543 4387 abdicaret
2567 4328 2701 4402 (99).

2725 4414 2912 4471 CXXI.

2311 4513 2588 4582 Hippolyti
2613 4510 2818 4565 libellus
2848 4520 3033 4563 contra
3075 4510 3322 4560 hwreses.

2099 4609 2227 4680 Legi
2263 4608 2500 4662 libellum
2531 4605 2796 4675 Hippolyti
2827 4603 2904 4674 (l)
2933 4601 3046 4671 (qui
3091 4601 3276 4653 lrenaei
3313 4594 3607 4666 discipulus

1661 4777 1899 4834 VARIA'J
1941 4773 2352 4834 LECTIONES.

411 4854 456 4886 ’⁸
483 4857 511 4908 ὁ
538 4856 606 4911 Α.
667 4853 788 4930 ’ξς-ἵζ’
807 4850 1053 4930 Οὗτος...
1066 4859 1445 4930 διαγεγονέναι
1463 4866 1588 4920 add.
1616 4869 1682 4921 A.
1717 4871 1904 4923 eadem
1935 4851 1977 4923 C
2008 4867 2171 4921 habet
2200 4865 2253 4916 in
2285 4879 2390 4930 mg.
2423 4861 2592 4929 posita
2625 4875 2636 4908 :
2673 4857 2854 4930 évﬁn

2928 4855 3248 4927 ἀντιγράφω
3274 4854 3447 4916 οὕτως
3484 4852 3606 4926 ἔχον

371 4874 456 4940 ἠ’
483 4874 511 4908 ο
538 4874 606 4911 Α.
673 4874 782 4888 ι’·ἰ
807 4874 1045 4920 υυτος...
1076 4874 1445 4930 οιαγεγονέναι
1463 4874 1588 4920 add.
1616 4874 1682 4921 A.
1717 4874 1904 4923 eadem
1935 4874 1977 4923 C
2008 4874 2171 4921 habet
2200 4874 2253 4916 in
2285 4879 2390 4930 mg.
2423 4874 2592 4929 posrta
2625 4875 2636 4908 :
2673 4874 2730 4910 εν
2757 4874 2899 4958 almis.)
2928 4874 3200 4927 αντιγραφ

339 4941 589 4996 ευρηται.
665 4925 714 4961 ⁷⁸
743 4927 873 5000 ἄχρι
895 4944 960 4992 ς.
1033 4929 1079 4960 ’³
1109 4934 1473 5006 μετεκυλίσθη
1498 4953 1559 5001 ς.
1633 4938 1680 4971 ⁸ο
1705 4938 2016 5010 λεγομένων
2042 4953 2102 5000 ς.
2178 4934 2223 4966 ⁸⁸
2252 4934 2280 4985 ὁ
2307 4943 2429 5002 post
2458 4931 2552 4984 καὶ
2581 4931 2703 4983 add.
2728 4926 2793 4981 A.
2897 4929 2917 4959 ’
2950 4927 3114 4980 ἕνεκα
3141 4943 3202 4990 ς.

1889 5071 2132 5128 ΝΟΤᾸΕ.

410 5159 524 5234 (οι)
558 5160 622 5215 Β.
671 5159 896 5234 Hieron.
947 5177 1066 5234 cap.
1116 5164 1186 5218 76
1217 5163 1485 5232 Calalogi,
1517 5182 1585 5222 ex
1615 5183 1723 5232 quo
1751 5167 1918 5224 etiam

337 5231 1263 5308 hic'locnsconformatus‘videtur.
1311 5236 1379 5291 Et
1411 5231 1563 5291 Rom.
1595 5231 1924 5308 Martyrolo-

336 5304 480 5371 gium
514 5305 550 5357 4
574 5302 801 5358 Novem.

409 5375 521 5445 (95)
555 5373 729 5439 Quem
779 5371 969 5445 Griece
1013 5375 1301 5444 scripsisse
1340 5375 1522 5434 allatis
1565 5393 1634 5432 ex
1665 5376 1919 5443 Eusebio,

337 5441 684 5528 Theodoreto
731 5454 786 5498 et
836 5441 1140 5528 Epiphanio
1182 5445 1527 5528 fragmentis,
1564 5449 1783 5528 .eviﬂcit
1826 5441 1926 5528 do?-

339 5516 489 5569 c-tiss.
556 5514 798 5568 Brisson.
847 5517 918 5570 ad
987 5514 1023 5568 Ι.
1080 5514 1416 5571 Dominicam
1463 5515 1598 5572 Cod.
1659 5517 1918 5572 Theodos.

339 5582 525 5657 quue
577 5583 740 5657 longe
782 5584 1010 5640 uberius
1053 5585 1252 5642 Franc.
1287 5585 1689 5644 Feuardentius
1722 5606 1736 5642 :
1768 5589 1922 5657 cujus

339 5653 606 5708 Irenaeum
631 5653 776 5709 vide.

409 5723 734 5802 (9_6)_ll_uj_us
778 5723 904 5802 libri
944 5724 1106 5802 primi
1152 5742 1406 5802 magnam
1434 5737 1643 5800 partem
1674 5727 1918 5784 invenies

345 5793 482 5865 apud
513 5793 783 5865 Epiphan.
819 5797 1013 5852 haeres.
1046 5795 1136 5851 51.

2090 5164 2232 5237 (97)
2258 5163 2466 5237 A_Cai_n
2492 5163 2660 5237 dictis
2680 5201 2696 5227 ,
2752 5161 3124 5216 commodiore
3172 5159 3342 5213 forma
3363 5198 3380 5220 ,
3444 5171 3604 5224 quam

2029 5236 2075 5290 si
2102 5233 2233 5289 cum
2261 5235 2384 5288 aliis
2411 5233 2645 5288 Caianos
2675 5246 2857 5285 voces.

2102 5307 2214 5377 (98)
2248 5306 2378 5377 Quae
2423 5301 2759 5377 recenset
2811 5301 2956 5355 Hier.
2995 5299 3064 5354 33
3102 5313 3222 5368 cap.
3275 5294 3514 5364 Catalogi
3555 5310 3608 5350 et

2028 5373 2232 5433 Euseb.
2269 5375 2363 5430 lib.
2402 5390 2453 5432 ν,
2489 5388 2610 5442 cap.
2642 5373 2737 5426 25.

2101 5445 2254 5517 (98’)
2287 5445 2485 5499 Euseb.
2523 5435 2617 5498 lib.
2655 5459 2707 5509 ν,
2743 5457 2862 5511 cap.
2910 5440 2964 5504 5,
3022 5451 3076 5494 et
3127 5437 3178 5490 in
3244 5435 3498 5504 Catalogo
3545 5435 3606 5489 Β.

2037 5515 2260 5571 Hiérmi.

2096 5586 2240 5658 (99)
2277 5584 2576 5658 Episcopos
2622 5583 2855 5636 Asianos
2875 5620 2908 5658 ,‘
2929 5589 3002 5658 _nt
3046 5580 3122 5633 ait
3149 5577 3210 5631 Β.
3245 5576 3469 5631 llieron.
3507 5579 3595 5631 ubi

2028 5649 2149 5720 sup.
2191 5649 2247 5709 et
2278 5649 2491 5708 Euseb;
2521 5655 2614 5706 lih.
2651 5667 2704 5712 ν,
2737 5665 2855 5720 cap.
2879 5649 2971 5704 ⁸24.

2095 5717 2168 5796 (l)
2198 5725 2370 5778 Antea
2415 5724 2629 5796 Arabiae
2652 5717 3069 5796 hletropplitani,
3097 5729 3216 5796 post
3244 5735 3364 5796 eum
3385 5717 3609 5796 Romam

2025 5788 2264 5854 venisset
2312 5812 2344 5850 a
2398 5794 2620 5850 Callisto
2651 5788 3165 5848 PontﬁPortuensis
3200 5790 3366 5860 episc.
3414 5788 3609 5851 creati,
