3932 6240
411 289 518 352 407

1578 288 1846 350 PHOTII
1884 288 2396 351 PATRIARCHIE
2435 289 2544 350 (ΖΡ.

3574 289 3687 351 408

414 397 724 459 Corinthios
748 398 1329 470 contiuebantur(l3).
1365 395 1607 464 Quarum
1641 397 1817 465 prima
1842 395 1992 466 ipsos

2114 396 2197 451 iul
2225 397 2376 465 πρὸς
2413 394 2765 466 Κορινθίους
2790 392 2835 466 β’
2860 393 3201 465 ὲνεφέροντο,
3222 387 3296 449 ὧν
3327 395 3358 467 ή
3393 395 3590 468 πρώτη
3615 400 3686 452 δι’

413 505 659 561 accusat,
724 494 871 564 quod
927 492 1324 556 seditionibus,
1378 491 1552 547 turbis
1623 504 1687 544 ac
1735 489 1996 545 schisma-

413 587 485 643 tis
542 586 814 650 violarint,
861 599 1023 653 quam
1059 585 1219 637 inter
1267 597 1363 637 eos
1405 579 1609 637 servari
1658 589 1994 649 oportuerat,

415 692 603 746 pacem
637 675 1098 742 concordiamque
1138 692 1151 726 :
1185 675 1548 742 hortaturque
1591 673 1661 729 ab
1712 675 1816 730 hoc
1854 674 1996 729 man

415 779 740 838 temperare.
763 765 1003 836 Simplex
1031 763 1149 833 ejus
1178 768 1356 820 oratio
1392 775 1474 821 est
1510 782 1573 821 ac
1597 769 1902 836 perspicua,
1928 768 1994 822 ad

413 861 840 916 ecclesiasticam
912 872 966 913 et
1013 859 1405 914 inelaboratam
1464 861 1734 915 accedens
1780 860 1995 915 dicendi

413 954 674 1008 formam.
727 953 1109 1022 Reprehendat
1166 966 1299 1006 vero
1325 952 1428 1006 hoc
1477 952 1529 1006 in
1567 951 1672 1007 illis
1701 952 1992 1021 quispiam,

412 1046 557 1113 quod
602 1057 755 1100 extra
812 1045 1091 1101 Oceanum
1157 1047 1395 1100 mundos
1473 1045 1684 1115 aliquos
1738 1045 1992 1101 collocet.

412 1131 619 1188 Deinde
654 1135 794 1188 forte
829 1145 881 1188 et
913 1135 1076 1199 illud,
1125 1136 1268 1204 quod
1319 1137 1622 1204 phmnicetn
1678 1151 1834 1192 avem
1877 1138 1999 1191 uni-

413 1242 532 1280 cam
554 1237 810 1294 tanquam
836 1242 931 1295 pro
951 1227 1238 1281 verissimo
1266 1227 1492 1281 adhibet
1518 1236 1836 1297 argumento
1857 1226 1994 1297 (I4).

414 1319 623 1382 Tertio,
677 1321 822 1389 quod
873 1335 1146 1375 summum
1199 1318 1540 1374 sacerdotem
1595 1319 1997 1390 praesidemque

413 1415 703 1470 Dominum
738 1425 986 1468 nostrum
1020 1410 1204 1467 Jesum
1241 1411 1519 1467 Christum
1558 1412 1872 1482 appellans,
1929 1427 1999 1468 ne

413 1508 542 1563 illas
588 1507 806 1576 quidem
842 1506 952 1560 Deo
1003 1505 1390 1560 convenientes
1445 1513 1501 1559 et
1543 1504 1889 1560 sublimiores
1929 1505 1998 1559 de

413 1616 480 1653 eo
506 1615 666 1654 voces
711 1599 1048 1668 pronuntiet,
1090 1597 1312 1652 tametsi
1352 1612 1450 1650 nec
1479 1607 1666 1667 aperte
1705 1597 1884 1665 ipsum
1916 1595 1998 1652 ul-

415 1690 510 1746 libi
543 1691 596 1745 in
630 1689 712 1744 his
737 1689 1098 1759 blasphemet.
1149 1687 1330 1740 Altera
1361 1701 1488 1741 vero
1523 1687 1755 1755 epistola
1795 1696 1850 1741 et
1878 1688 1992 1756 ipsa

418 1783 818 1839 institutionem
869 1779 1402 1848 admouitionemque
1443 1779 1569 1833 vitae
1596 1778 1840 1833 coutiuet
1878 1795 1984 1834 mev

416 1870 611 1926 Iioris:
645 1879 813 1940 atque
845 1869 964 1937 ipso
1011 1882 1132 1922 mox
1162 1869 1318 1922 initio
1346 1867 1624 1923 Christum
1669 1869 1837 1924 Deum
1864 1884 2002 1939 pm-

417 1963 585 2026 tlicat,
616 1963 718 2016 etsi
745 1964 891 2016 dicta
944 1962 1190 2030 quaedam
1243 1961 1528 2030 peregrina
1586 1961 1737 2015 velut
1780 1975 1812 2014 e
1847 1975 2002 2015 sacra

420 2055 704 2123 Scriptura
758 2053 1105 2118 subinducit,
1165 2053 1367 2122 quibus
1429 2066 1498 2106 ne
1558 2052 1733 2122 prima
1779 2052 2004 2122 quidem

419 2145 650 2213 epistola
701 2145 924 2198 omnino
973 2152 1153 2198 vacat.
1206 2141 1692 2212 interpretationes
1739 2153 2006 2210 praeterea

418 2237 663 2291 locorum
678 2235 1038 2305 quorumdam
1057 2235 1349 2290 alieniores
1373 2233 1600 2304 profert.
1615 2235 1865 2305 Alioquin
1892 2237 2009 2306 ipsa

419 2345 543 2400 quae
576 2331 631 2384 in
667 2331 751 2385 his
781 2329 1028 2400 epistolis
1057 2329 1244 2383 insunt
1276 2341 1456 2391 sensa,
1489 2327 1734 2382 nonnihil
1776 2329 2009 2399 abjecta,

420 2423 799 2476 continentem
840 2436 1057 2491 quoque
1091 2421 1290 2477 seriem
1319 2433 1384 2474 ac
1417 2421 1870 2490 consequentiam
1901 2437 2013 2478 non

424 2523 662 2569 servant.

497 2606 803 2676 Legebatur
849 2617 1029 2661 autem
1065 2605 1118 2660 in
1167 2607 1358 2661 eodem
1410 2606 1594 2662 libello
1645 2613 1700 2661 et
1758 2606 2016 2678 Polycar-

430 2701 485 2772 pi
517 2700 630 2770 (I5)
664 2698 906 2769 Epistola
935 2699 1003 2754 ad
1035 2699 1434 2769 Philippeuses,
1473 2699 1664 2754 multis
1688 2698 1887 2755 referta
1915 2702 2015 2755 ad-

429 2793 844 2855 monitionibus,
891 2807 1012 2846 cum
1074 2792 1462 2861 perspicuitate
1511 2806 1575 2845 ac
1622 2789 2012 2858 simplicitate,

433 2882 798 2938 ecclesiastici
849 2897 999 2936 more
1026 2881 1358 2950 interpretis.
1383 2881 1571 2935 Refert
1613 2895 1827 2950 quoque
1873 2879 2014 2951 95b

435 2976 606 3031 divini
633 2975 822 3046 Ignatii
844 2973 1152 3039 Iitteras_ad
1176 2973 1299 3028 illos
1327 2988 1386 3028 se
1403 2973 1642 3039 misisse,
1672 2973 2015 3043 postulatque

2097 489 2278 553 αίτίας
2336 489 2534 551 αὐτοὺς
2607 489 2767 556 ἄγει,
2833 488 3060 542 στάσεσι
3112 489 3207 542 καὶ
3267 492 3537 560 ταραχαῖς
3589 495 3687 547 καὶ

2100 581 2363 650 σχίσμασι
2417 580 2517 648 τὴν
2549 581 2870 650 πρέπουσαν
2903 580 3090 642 αὐτοῖς
3137 580 3362 651 εἰρήνην
3406 581 3502 635 καὶ
3546 582 3687 652 rip/5o

2098 687 2248 723 νοιαν
2277 668 2734 740 ἐμπολιτεύεσθαι
2774 668 3080 733 λύσαντας,
3117 673 3215 723 καὶ
3247 674 3508 741 παραινεί
3541 672 3686 726 παύ-

2101 763 2296 817 σασθαι
2321 761 2416 815 τοῦ
2443 761 2637 816 κακοῦ.
2683 760 2914 825 Ἀπλοῦς
2941 761 2998 814 δὲ
3033 763 3176 816 κατὰ
3202 763 3304 831 τὴν
3344 765 3549 833 φράσιν
3589 767 3686 819 καὶ

2101 855 2280 920 σαφής
2312 853 2544 906 ἐστικαὶ
2575 855 2743 922 ἐγγὺς
2783 852 2878 906 τοῦ
2918 853 3378 922 ὲκκλησιαστικοῦ
3413 855 3509 907 καὶ
3542 855 3687 908 ἀπε-

2101 945 2321 1017 ριέργου
2375 945 2743 1016 χαρακτῆρος.
2787 945 3098 998 Αίτιάσοιτο
3137 946 3182 998 δ’
3208 945 3275 1000 ἄν
3301 963 3387 1009 τις
3417 947 3586 1000 αὑτὸν
3624 951 3688 1002 ὲν

2097 1041 2324 1103 ταύταις
2356 1040 2440 1094 ὄτι
2471 1056 2531 1093 τε
2556 1042 2650 1094 τοῦ
2690 1040 2948 1094 Ὠκεανοῦ
2969 1039 3073 1104 ἔξω
3099 1041 3337 1110 κόσμους
3365 1040 3519 1106 τινὰς
3549 1041 3689 1095 ὑπο-

2097 1132 2305 1186 τίθεται
2353 1127 2517 1198 εἶναι,
2558 1132 2651 1186 καὶ
2693 1130 2948 1202 δεύτερον
2982 1133 3115 1195 ἴσως
3159 1133 3239 1185 ὅτι
3267 1133 3344 1186 ὡς
3377 1133 3693 1206 παναληθε-

2099 1226 2280 1296 στάτῳ
2307 1225 2383 1296 τῷ
2412 1225 2554 1279 κατά
2579 1225 2672 1278 τὸν
2720 1225 2940 1294 φοίνικα
2978 1223 3040 1278 τὸ
3093 1224 3281 1295 ὄρνεον
3322 1226 3691 1296 ὑποδείγματι

2099 1318 2410 1388 κέχρηται,
2445 1319 2542 1372 καὶ
2575 1318 2757 1390 τρίτον
2805 1319 2887 1371 ὅτι
2928 1317 3191 1389 ἀρχιερέα
3233 1319 3327 1372 καὶ
3372 1319 3694 1390 προστάτην

2096 1412 2189 1464 τὸν
2220 1411 2426 1483 Κύριον
2455 1410 2612 1481 ήμῶν
2646 1409 2854 1481 Ἰησοῦν
2884 1410 3120 1482 Χριστὸν
3145 1409 3518 1480 ἐξονομάζων,
3565 1411 3694 1464 οὐδὲ

2098 1504 2198 1566 τὰς
2235 1503 2564 1573 θεοπρεπεῖς
2593 1503 2689 1556 καὶ
2742 1502 3082 1573 ὑψηλοτέρας
3127 1503 3308 1574 ἀφῆκε
3340 1503 3470 1575 περὶ
3519 1500 3692 1556 αὐτοῦ

2100 1597 2284 1666 φωνάς
2305 1612 2320 1626 °
2349 1597 2409 1649 ού
2441 1596 2546 1666 μήν
2575 1597 2684 1649 οὐδ’
2717 1596 3204 1665 ἀπαρακαλύπτως
3260 1595 3424 1649 αὐτὸν
3474 1593 3693 1662 οὐδαμῆ

2101 1689 2160 1742 ὲν
2189 1687 2404 1750 τούτοις
2435 1688 2763 1760 βλασφημεῖ.
2803 1688 2871 1741 Ἦ
2898 1688 2957 1741 δὲ
3001 1687 3230 1759 δευτέρα
3259 1687 3356 1740 καὶ
3383 1685 3522 1757 αὑτὴ
3566 1701 3696 1737 νου-

2104 1778 2291 1832 θεσίαν
2311 1779 2408 1831 καὶ
2432 1778 2762 1848 παραίνεσιν
2788 1777 3097 1848 κρείττονος
3120 1777 3330 1844 εἰσάγει
3352 1775 3605 1844 βίου,καὶ
3634 1775 3698 1827 ἐν

2103 1872 2245 1942 ἀρχῇ
2279 1870 2413 1923 Θεὸν
2440 1870 2533 1924 τὸν
2562 1869 2799 1940 Χριστὸν
2818 1871 2861 1902 ⁸³
2895 1868 3164 1939 κηρύσσει
3195 1909 3211 1932 ,
3243 1867 3383 1939 πλὴν
3415 1869 3500 1922 ὅτι
3547 1867 3701 1939 ῥητά

2104 1982 2226 2018 τινα
2253 1962 2327 2027 ὼς
2351 1963 2460 2018 ἀπὸ
2481 1964 2580 2033 τῆς
2604 1962 2756 2026 Θείας
2777 1963 2999 2036 Γραφῆς
3026 1961 3308 2028 ξενίζοντα
3337 1961 3694 2032 παρεισάγει·

2106 2050 2182 2110 ὧν
2226 2056 2337 2109 οὐδ’
2367 2057 2400 2128 ἡ
2450 2055 2644 2128 πρώτη
2689 2055 3010 2124 ἀπήλλακτο
3041 2054 3342 2118 παντελῶς.
3375 2054 3486 2108 Καὶ
3523 2054 3703 2124 ἑρμη-

2108 2148 2258 2211 νείας
2287 2147 2344 2201 δὲ
2377 2149 2558 2218 ῥητῶν
2583 2164 2746 2202 τινων
2768 2147 3094 2209 ἀλλοκότους
3122 2146 3257 2216 ἔχει.
3294 2146 3507 2208 ’Ἄλλως
3547 2161 3609 2197 τε
3642 2143 3702 2196 δὲ

2111 2241 2207 2292 καὶ
2252 2238 2322 2292 τὰ
2363 2240 2422 2291 ὲν
2448 2238 2639 2302 αὐταῖς
2687 2239 2934 2308 νοήματα
2983 2237 3297 2310 ὲρῤιμμὲνα
3341 2254 3460 2300 πως
3506 2235 3608 2291 καὶ
3636 2234 3701 2287 ού

2115 2330 2314 2401 συνεχῆ
2339 2329 2439 2402 τὴν
2465 2329 2792 2386 ἀκολουθίαν
2822 2330 3038 2402 ὑπῆρχε
3070 2330 3429 2400 φυλάττοντα.

2199 2619 2289 2674 Ἔν
2319 2617 2398 2688 τῷ
2435 2617 2584 2687 αὐτῷ
2610 2617 2669 2670 δὲ
2702 2613 3022 2686 βιόλιδαρίῳ
3053 2610 3371 2682 ἀνεγνώσθη
3399 2609 3497 2662 καὶ
3527 2607 3709 2662 Πολυ·

2077 2729 2082 2740 “
2116 2713 2330 2786 κάρπου
2346 2707 2636 2780 Ἐπιστολή
2660 2708 2800 2779 πρὸς
2825 2705 3225 2776 Φιλιππησίους
3247 2743 3263 2769 ,
3299 2702 3555 2771 γέμουσα
3578 2699 3710 2752 πολ-

2113 2807 2214 2876 λῆς
2241 2803 2525 2866 νουθεσίας
2575 2801 2712 2873 μετά
2771 2800 3070 2870 σαφηνείας
3103 2798 3199 2851 καὶ
3226 2796 3534 2863 ἁπλότητος
3565 2795 3710 2846 κατὰ

2117 2899 2210 2952 τὸν
2260 2893 2721 2966 ἐκκλησιαστικὸν
2752 2892 2854 2961 τῆς
2891 2889 3188 2963 ἑρμηνείας
3228 2888 3420 2942 τύπον.
3469 2887 3642 2953 Λέγει
3662 2884 3709 2916 ’³

2117 2990 2175 3043 δὲ
2203 2990 2298 3042 καὶ¹
2331 2989 2429 3052 τὰς
2475 2985 2763 3049 ἐπιστολὰς
2793 2985 2978 3048 αὐτοῖς
3019 2979 3284 3050 Ἰγνατίου
3307 2979 3401 3032 τοῦ
3439 2978 3710 3047 θεοφόρου

436 3069 639 3122 certior
660 3066 902 3122 vicissim
941 3065 1058 3119 fieri
1085 3104 1102 3130 ,
1151 3065 1196 3119 si
1232 3065 1361 3133 quid
1393 3063 1534 3118 forte
1567 3067 1632 3118 de
1673 3079 1740 3119 eo
1771 3065 2003 3120 inaudie-

2119 3078 2561 3140 ἀπεσταλκέναι,
2595 3076 2690 3130 καὶ
2717 3078 2951 3129 αἰτεῖται
2991 3071 3411 3142 ἀναδιδαχθῆναι
3440 3068 3578 3139 παρ’
3611 3067 3714 3120 αύ-

438 3159 572 3215 rint.

1099 3245 1358 3302 CXXVII.

475 3343 696 3400 Eusebii
730 3340 1001 3412 Pamphili
1028 3339 1107 3396 De
1145 3343 1252 3396 vita
1293 3341 1629 3396 Constantini
1651 3339 1731 3398 ll.
1758 3342 1882 3396 libri
1912 3358 1988 3399 tv.

514 3502 794 3574 Leguntur
834 3501 1056 3558 Eusebii
1094 3498 1361 3570 Pamphili
1404 3497 1486 3554 De
1527 3501 1634 3554 vita
1687 3499 2024 3558 Constantini

441 3597 627 3668 Magni
652 3598 880 3668 August.
917 3597 1208 3651 Iaudatorii
1265 3597 1389 3651 libri
1445 3607 1698 3667 quatuor.
1730 3598 2026 3654 Continent

440 3700 626 3746 autem
657 3691 820 3761 hujus
851 3691 955 3744 viri
1001 3705 1126 3744 cum
1179 3701 1432 3744 caeteram
1480 3691 1693 3747 vivendi
1746 3693 2018 3768 formam,

2122 3170 2233 3225 τῶν
2260 3169 2314 3223 εἴ
2342 3186 2398 3223 τι
2429 3167 2562 3240 οπερῖ¹
2596 3168 2808 3221 ἐκείνου
2839 3166 3208 3219 διακούσαιεν.

2829 3260 3006 3313 ΡΚΖ’.

2179 3353 2479 3412 Εὑσεϐἰου
2515 3353 2623 3408 τοῦ
2648 3351 2969 3422 Παμφίλου
3001 3350 3041 3418 ἡ
3072 3352 3161 3416 εις
3193 3345 3663 3422 Κωνσταντῖνον

2382 3425 2493 3479 τὸν
2519 3423 2713 3494 μέγαν
2738 3419 3012 3487 βασιλέα
3040 3419 3440 3490 τετράϐιὸλος.

2205 3513 2550 3583 Ἀνεγνώσθη
2579 3512 2842 3565 Εὖσεὸίου
2886 3509 2979 3564 τοῦ
3012 3509 3301 3581 Παμφίλου
3331 3510 3363 3577 ἡ
3401 3509 3512 3574 Εἰς
3545 3509 3714 3560 Κων-

2119 3605 2444 3660 σταντῖνον
2466 3603 2576 3659 τὸν
2596 3604 2791 3675 μέγαν
2812 3602 3083 3668 βασιλέα
3131 3600 3260 3674 [508
3288 3599 3382 3672 IL]
3423 3601 3704 3668 ἐγκωμια-

2131 3699 2290 3769 στικὴ
2325 3697 2780 3769 τετράὅιϐλος,ὲν
2873 3697 3193 3770 περιέχεται
3225 3695 3262 3767 ἦ
3297 3711 3359 3748 τε
3393 3692 3488 3746 τοῦ
3517 3693 3716 3764 ἀνδρὸς

1732 3834 1969 3894 νΑΒιιΕ
2009 3840 2426 3899 LECTIONES.

1969 3975 2201 4034 ΝΟΤιεΕ.

515 3901 560 3934 ’³
592 3901 826 3971 Χριστὸν
847 3903 939 3956 τὸν
971 3903 1104 3957 Θεόν
1132 3921 1193 3968 ς’.
1264 3903 1311 3934 ⁹¹
1341 3902 1558 3971 λέγεται
1594 3904 1662 3958 Α.

519 4063 630 4135 (ᾗ)
651 4063 724 4117 De
754 4061 1098 4135 qttibussttp.
1133 4078 1352 4133 quoque
1375 4063 1621 4118 Photius.
1645 4077 1769 4133 cap.
1808 4064 1934 4130 H5,
1953 4076 2011 4120 et

448 4134 512 4190 Β.
531 4132 767 4188 Ἠὶετοη.
799 4149 919 4201 cap.
957 4133 1045 4188 14.

523 4203 942 4274 (14)Α‹11ιῑ1)ειιι
984 4213 1183 4274 harum,
1223 4218 1322 4274 pro
1378 4205 1560 4274 carnis
1614 4205 2023 4261 resurrectione

449 4271 672 4332 Patrum
705 4273 956 4342 plurimi:
983 4271 1330 4329 Tertullflih.
1368 4271 1443 4326 De
1471 4286 1748 4328 resurrect.
1777 4289 1898 4341 cap.
1934 4275 2023 4342 I5,

450 4347 540 4401 tthi
568 4344 732 4397 etiam
759 4343 889 4397 illud
912 4343 1053 4416 Ρεειίε
1088 4343 1434 4416 κου-δίκαιος
1464 4344 1538 4408 ὡς
1564 4345 1744 4416 Φοῖνιξ
1764 4345 2025 4416 ἀνθήσει,

456 4417 681 4470 reddere
700 4429 864 4468 ausus
881 4425 984 4477 est,
1013 4412 1162 4466 Velut
1188 4411 1415 4468 Phoenix
1435 4416 1665 4477 ﬂorebit.
1686 4411 2028 4480 B.!Amliros.

455 4489 548 4542 lib.
579 4501 632 4540 νι
665 4484 719 4567 in
753 4475 1212 4567 Ιξρπςίεηιεηεςψε
1249 4485 1343 4551 25,
1373 4475 1678 4567 iterumque
1821 4485 1897 4567 De
1927 4486 2033 4567 ﬁde
2063 4475 2107 4529 D

453 4566 734 4611 resurrect.
779 4554 838 4608 S.
875 4553 1036 4623 Greg.
1081 4553 1339 4609 Nazianz.
1378 4554 1559 4611 Carm.
1592 4553 1674 4608 'ad
1723 4553 1934 4625 Virgin.
1970 4556 2029 4610 S.

457 4627 722 4696 Epiphau.
783 4625 1058 4679 Aucorato
1117 4634 1342 4696 :_atqtte
1393 4627 1688 4696 CXAIPSIIIS
1745 4625 1806 4696 Β.
1856 4625 2030 4682 Clem.

457 4693 684 4752 Cbttstit.
721 4697 904 4767 lib._v,
949 4697 1104 4767 c.76;
1139 4694 1200 4750 Β.
1240 4693 1426 4767 Cyrill.
1470 4693 1744 4767 ϐριεφεδὶ
1774 4695 1862 4761 18,
1924 4711 2035 4767 tne-

460 4768 722 4834 tuinitque
753 4765 911 4834 hujus
940 4766 1055 4819 avis
1088 4763 1409 4820 Eusehilib.
1429 4781 1481 4820 Iv
1509 4764 1584 4820 De
1606 4763 1880 4820 Constant.
1904 4766 2037 4832 vita;

460 4838 546 4888 t-ni
575 4837 710 4889 adde
753 4835 994 4898 gentium
1033 4839 1356 4905 scriptorum
1409 4836 1624 4890 turbam
1665 4852 1680 4890 :
1716 4834 1943 4890 Lucian.
1982 4838 2034 4890 itt

462 4907 653 4969 Sectis,
709 4905 845 4958 Plin.
876 4905 972 4958 lib.
1003 4921 1057 4970 χ,
1094 4921 1214 4969 cap.
1253 4907 1347 4966 Il;
1402 4905 1670 4974 Tacitum,
1722 4907 1917 4960 Annal.
1957 4921 2033 4974 v;

459 4976 644 5030 Aurel.
661 4975 862 5029 Vit-tor.
891 4974 1092 5029 llistor.
1109 4978 1344 5045 Angusta
1361 4993 1378 5038 ,'
1396 4973 1582 5045 Pump.
1598 4975 1813 5039 Melam,
1834 4977 1928 5036 lib.
1948 4973 2034 5040 ut,

461 5064 580 5113 cap.
614 5047 676 5112 9;
721 5046 891 5099 Solio.
928 5047 1168 5116 cap.56;
1195 5045 1560 5116 Clautliatt.§et
1583 5047 1741 5101 Auct.
1769 5047 1950 5104 Carm.
1974 5050 2039 5101 de

462 5118 729 5188 ljliaenice,
765 5118 906 5188 apud
933 5113 1183 5172 Lactant.
1209 5134 1224 5182 ;
1254 5119 1408 5188 et_de
1436 5113 1642 5172 Graecis
1675 5116 1937 5188 Xiphilin.
1983 5119 2036 5188 in

468 5187 719 5252 Tiberio;
771 5185 1028 5256 Herodot.
1062 5187 1157 5242 lib.
1192 5202 1268 5254 tt;
1323 5186 1580 5256 I‘Iorapol.
1609 5189 1702 5242 lib.
1735 5185 1774 5253 ἱ,
1817 5203 1936 5256 cap.
1970 5187 2040 5242 55

465 5270 521 5313 et
548 5258 711 5319 alibi;
756 5255 959 5311 Elian.
1005 5257 1080 5312 De
1109 5257 1332 5310 animal.
1380 5255 1493 5312 nat.
1537 5258 1632 5311 lih.
1671 5273 1746 5322 νι,
1779 5255 1902 5326 cap.
1944 5258 2038 5314 58.

467 5328 582 5383 Etsi
615 5341 742 5383 aute
773 5327 1024 5381 Photium
1049 5327 1348 5382 dubitando
1366 5330 1431 5381 de
1455 5327 1556 5382 hac
1584 5343 1688 5382 ave
1713 5328 1874 5382 locuti
1907 5329 2038 5393 sint,

467 5397 530 5451 Β.
555 5399 729 5454 Clem‘.
764 5414 948 5465 supra,
1000 5413 1121 5452 cum
1152 5397 1211 5452 B.
1245 5397 1403 5466 Greg.
1444 5395 1576 5467 Naz,
1621 5409 1760 5452 orat.
1805 5402 1869 5452 de
1913 5400 2039 5467 Spi-

397 5504 401 5510 -
472 5472 578 5522 ritu
613 5480 804 5539 saneto
827 5483 946 5536 qua:
987 5469 1196 5531 est37;
1239 5467 1300 5520 Β.
1336 5482 1466 5539 vero
1522 5466 1789 5539 Maximus
1834 5466 2043 5539 martyr

469 5542 631 5591 etiam
667 5538 835 5609 logica
866 5539 1244 5592 dissertatione
1272 5538 1520 5592 eamdem
1576 5537 1890 5607 planissime
1945 5537 2044 5594 ne-

471 5609 654 5678 gavit,
688 5609 756 5662 ibi
793 5611 858 5662 ad
890 5609 1110 5662 Petrum
1149 5609 1412 5663 illustrem
1452 5620 1657 5678 contra,
1691 5610 1876 5663 Severi
1944 5612 2042 5664 do-

470 5677 676 5748 minata,
703 5693 861 5748 quem
892 5680 1066 5747 ipsum
1101 5680 1186 5734 hic
1221 5681 1316 5734 tibi
1345 5679 1524 5732 locum
1553 5695 1584 5735 e
1613 5677 1766 5734 Notis
1795 5678 2000 5735 Graécis
2024 5719 2041 5741 .

472 5749 569 5808 sed
585 5747 803 5816 Latine,
828 5750 1134 5822 appendere
1159 5747 1379 5822 placuit.
1404 5751 1557 5817 Quod
1588 5750 1655 5819 si,
1683 5751 1782 5812 ait.
1812 5751 1930 5812 avis
1956 5759 2042 5810 eat

2123 4069 2368 4138 phmnix,
2388 4068 2551 4122 etiam
2573 4066 2776 4121 animal
2808 4066 2900 4128 sit,
2927 4067 3149 4121 omnino
3177 4081 3402 4122 necesse
3428 4079 3534 4125 est.
3561 4069 3717 4138 Quod

2121 4140 2164 4192 si
2199 4138 2408 4192 animal
2433 4153 2553 4193 eam
2583 4151 2704 4192 esse
2731 4139 2984 4191 concedis
3006 4176 3023 4200 ,
3059 4139 3314 4206 primum,
3346 4153 3453 4194 non
3486 4141 3717 4195 omnino

2124 4215 2302 4278 p0test
2335 4209 2464 4262 illud
2494 4222 2615 4261 esse
2639 4206 2952 4278 singulare,
2981 4219 3246 4278 quantum
3279 4210 3474 4264 saltem
3506 4211 3717 4264 animal

2125 4277 2230 4346 est,
2263 4278 2467 4333 nullum
2495 4279 2640 4331 enim
2671 4277 2846 4330 solum
2874 4277 3096 4331 animal.
3147 4277 3374 4345 Deinde,
3412 4279 3456 4333 si
3508 4283 3715 4335 animal

2128 4360 2232 4414 est,
2265 4349 2454 4418 utique
2483 4362 2700 4416 corpus,
2733 4347 3032 4401 animatum
3070 4349 3233 4402 simul
3259 4359 3313 4404 et
3366 4364 3531 4404 sensu
3573 4367 3715 4418 prae-

2134 4421 2329 4473 ditum.
2362 4417 2480 4474 1am
2517 4419 2561 4472 si
2603 4431 2800 4486 corpus
2832 4427 2916 4472 est
2949 4419 3245 4489 animatum
3282 4429 3337 4474 et
3368 4435 3528 4474 sensu
3575 4417 3716 4489 pne-

2139 4489 2336 4550 ditum.
2382 4498 2532 4543 certe
2559 4489 2724 4542 etiam
2777 4488 3111 4558 generationi
3162 4499 3324 4556 atque
3369 4488 3714 4558 corruptioni

2138 4559 2430 4612 obnoxium
2450 4560 2574 4613 erit.
2603 4558 2772 4628 Ipsos,
2799 4558 2843 4612 si
2872 4558 3020 4623 libet,
3054 4560 3330 4626 sapientes
3355 4560 3602 4624 consule,
3635 4575 3719 4614 re-

2141 4645 2258 4682 rmu
2289 4646 2407 4698 quae
2440 4630 2708 4682 exsistunt
2742 4629 3098 4698 inspectores
3121 4667 3135 4691 ,
3180 4630 3370 4683 llerine
3404 4632 3600 4698 possit,
3658 4641 3720 4683 ut

2139 4697 2470 4769 generatioui
2524 4700 2668 4768 quod
2702 4697 2998 4752 obnoxium
3026 4708 3110 4753 est
3170 4710 3334 4766 atque
3379 4697 3719 4767 corruptimti

2140 4784 2359 4837 corpus,
2393 4771 2692 4824 animatum
2731 4770 2859 4822 item
2890 4782 2957 4838 ac
2983 4783 3143 4822 sensu
3175 4771 3486 4838 praztlitum,
3529 4773 3720 4836 singu-

2139 4839 2270 4894 laris
2299 4855 2420 4894 esse
2443 4851 2652 4894 natura:
2677 4839 2763 4908 (ad
2787 4837 3160 4891 exsistentiam
3178 4837 3327 4908 quod
3352 4839 3573 4908 attinet)
3597 4855 3721 4908 pos—

2139 4909 2212 4964 sit
2246 4926 2259 4962 :
2295 4926 2415 4964 cum
2474 4910 2705 4963 aliorum
2761 4909 2813 4961 in
2852 4909 2938 4961 his
2982 4923 3050 4961 ex
3097 4909 3220 4963 aliis
3254 4909 3530 4964 successio
3558 4949 3574 4972 ,
3608 4912 3721 4964 evi—

2139 4980 2520 5034 dentissimum
2549 4981 2616 5033 sit
2643 4979 2937 5032 exsistendi
2963 4977 3724 5044 indicium,certistimusque

2142 5051 2427 5105 terminus.
2486 5048 2952 5117 Quemadmodum
2990 5049 3043 5101 in
3085 5047 3368 5117 Scriptura
3403 5050 3519 5116 ipsa
3561 5065 3722 5103 sacra

2144 5131 2374 5175 testatur
2397 5122 2546 5189 justo
2577 5120 2651 5173 illi
2681 5116 2886 5172 Noemo
2912 5118 3072 5189 hujus
3104 5121 3180 5172 rei
3213 5116 3603 5174 certitudinem
3627 5135 3724 5174 ex-

2140 5191 2356 5256 hibens,
2381 5187 2469 5244 tibi
2504 5191 2642 5244 Gen.
2664 5203 2764 5254 vn,
2787 5189 2864 5241 ait
2889 5204 2904 5240 :
2929 5187 3213 5256 Ingredere
3239 5198 3296 5242 tu
3318 5200 3366 5244 et
3395 5191 3590 5252 omnis,
3615 5201 3721 5243 etc.

2139 5260 2386 5331 Itemque
2435 5277 2500 5316 ex
2540 5259 2780 5314 omnibus
2831 5256 3316 5331 oolatilibus,etc.,
3344 5259 3398 5314 in
3441 5260 3653 5331 quibus
3676 5261 3722 5313 si

2141 5327 2391 5401 phoenix,
2437 5336 2579 5400 quod
2611 5331 2817 5401 alatutn
2849 5327 2941 5382 ille
2969 5331 3042 5401 sit
3069 5329 3292 5391 animal,
3326 5329 3724 5401 numerandus

2141 5399 2245 5466 est,
2303 5417 2437 5457 sane
2458 5399 2783 5470 singularis,
2842 5400 3018 5466 quoad
3051 5399 3468 5470 exsistentiam,
3516 5409 3723 5453 natura:

2142 5486 2250 5526 non
2278 5482 2384 5528 est.
2418 5481 2475 5522 ut
2509 5469 2650 5524 Deus
2685 5471 2800 5538 ipse
2827 5469 3224 5537 pronuntiavit.

2213 5542 2326 5613 (15)
2358 5539 2547 5613 Exstat
2601 5557 2663 5594 ea
2695 5539 2877 5605 hodie,
2909 5539 2996 5613 vel
3029 5538 3509 5613 ex__hic_indicat_is
3552 5537 3724 5613 gignis

2141 5607 2358 5676 nobilis,
2393 5611 2586 5665 Latine
2630 5626 2753 5666 cum
2783 5610 3045 5680 operibus
3092 5607 3154 5663 B.
3208 5608 3507 5667 Clementis
3558 5607 3718 5664 Batti.

2140 5683 2381 5742 Colonia:
2412 5695 2633 5740 excusa.
3025 5717 3040 5728 .
