3932 6240
280 271 386 340 109

1351 289 1884 353 BIBLIOTHECA.
1923 259 1994 326 ὶ-
2031 289 2196 352 con.
2238 292 2524 358 CXXVII.

3458 302 3566 368 410

445 395 707 452 πολιτεία
751 398 812 466 ἐξ
850 399 1025 471 αὐτῆς
1057 399 1284 474 πρώτης
1324 403 1542 473 ἡλικίας
1570 405 1872 475 ἀρχομένην

1988 404 2082 456 iam
2121 405 2246 460 inde
2297 423 2326 460 a
2392 409 2622 476 pueritia
2681 411 3007 482 inchoando,
3059 425 3178 475 tum
3229 435 3566 493 quaecunque

290 484 380 538 κα).
398 485 522 540 ὅσαι
555 489 700 560 πρὸς
725 492 827 560 τὴν
856 491 1321 564 ἐκκλησιαστικὴν
1344 492 1473 567 [164
1503 493 1600 567 Η.]
1632 495 1874 564 ἱστορίαν

295 579 609 633 συντελοῦσι
642 582 876 654 πράξεις
901 623 917 648 ,
975 585 1171 656 μέχρις
1204 580 1266 640 οῦ
1293 587 1385 640 τὸν
1422 587 1536 657 βίον
1579 587 1872 653 ἀπέλιπεν,

296 672 371 732 είς
421 670 724 742 ἑξηκοστὸν
775 674 873 729 καὶ
915 675 1181 746 τέταρτον
1227 677 1618 749 παραταθέντα
1657 677 1874 748 χρόνον.

300 764 450 817 Ἐστι
483 764 580 835 μὲν
614 764 710 818 οῦν
740 766 1022 820 κάνταῦθα
1065 769 1165 840 τὴν
1211 771 1413 842 φράσιν
1456 771 1639 840 ὅμοιος
1671 768 1873 840 ἐαυτῷ,
1934 759 1941 776 ’

297 855 434 925 πλὴν
493 858 692 928 μικρόν
736 876 798 912 τε
828 861 966 931 πρὸς
1007 860 1068 914 τὸ
1105 860 1492 934 λαμπρότερον
1521 860 1874 915 ἐκϐεϐίασται

298 947 443 1016 αὐτῷ
470 951 500 1002 ό
519 947 701 1017 λόγος,
726 951 823 1005 καὶ
850 951 1024 1017 λέξεις
1050 955 1128 1016 εἱς
1158 953 1220 1007 τὸ
1247 954 1612 1026 ἀνθηρότερον
1653 953 1873 1024 ἐνιαχοῦ

301 1035 754 1105 συνελήφθησαν
825 1040 924 1110 τῆς
985 1039 1168 1110 μέντοι
1221 1043 1365 1097 κατά
1420 1041 1520 1113 τὴν
1577 1043 1876 1114 ἑρμηνείαν

299 1125 493 1195 ⁴ἡδονῆς
523 1128 618 1182 καὶ
644 1127 866 1199 χάριτος
897 1130 1050 1184 οὐδὲν
1088 1131 1231 1202 μέγα
1256 1173 1273 1197 ,
1299 1131 1490 1205 ὥσπερ
1523 1133 1644 1187 ούδέ
1675 1135 1733 1187 ἐν
1757 1135 1876 1197 τοῖς

301 1217 502 1287 ἄλλοις,
531 1221 879 1290 ἐμφαίνεται.
909 1225 1371 1294 Καταστρώννυσι
1397 1226 1454 1279 δὲ
1484 1227 1542 1282 ἐν
1570 1226 1746 1298 ταύτῃ
1778 1227 1878 1280 αὑ-

298 1309 388 1362 τοῦ
433 1314 502 1380 τῇ
538 1313 884 1386 τετραϐίϐλῳ
930 1315 1225 1385 πάμπολλα
1269 1317 1447 1389 χωρία
1491 1317 1551 1383 ἐξ
1579 1317 1877 1390 ὁλοκλήρου

297 1401 395 1471 τῆς
431 1400 990 1476 Ἑκκλησιαστικῆς
1021 1409 1187 1462 αὐτοῦ
1213 1410 1507 1478 δεκαλόγου
1539 1410 1829 1479 ἱστορίας.
1905 1461 1920 1470 ,

366 1495 533 1562 Λέγει
564 1497 664 1565 μὲν
691 1495 784 1551 οῦν
813 1499 906 1552 καὶ
939 1499 1104 1563 αὐτὸς
1132 1501 1191 1555 ἐν
1217 1501 1557 1574 Νικομηδεῖς.
1578 1501 1671 1556 τὸν
1705 1503 1880 1572 μέγαν

299 1587 715 1645 Κωνσταντῖνον
767 1591 1165 1662 βαπτίσασθαι,
1215 1595 1380 1667 μέχρι
1412 1597 1536 1650 τότε
1566 1595 1627 1649 τὸ
1653 1597 1879 1668 λουτρὸν

300 1680 760 1753 ἀναϐαλλόμενον,
793 1684 887 1739 ἅτε
930 1686 994 1757 δὴ
1025 1688 1085 1741 ἐν
1112 1687 1378 1760 ἐπιθυμίᾳ
1413 1687 1734 1758 ποιούμενον
1767 1691 1880 1750 τοῖς

311 1745 589 1846 Ἰορδάνου.
624 1777 686 1830 τὸ
723 1745 947 1851 λουτρὸν
976 1745 1370 1846 ύποδέξιπισθαιἰ
1407 1781 1491 1845 τίς
1515 1745 1587 1836 δέ.
1606 1783 1635 1836 ό
1686 1745 1878 1853 βαι-«ντίζ
1905 1745 1953 1804 Β

301 1881 418 1931 σας,
467 1867 623 1920 οὐδὲν
667 1869 941 1938 διασαφεῖ.
976 1873 1116 1943 Περὶ
1150 1873 1336 1942 μέντοι
1361 1890 1425 1941 γε
1458 1873 1558 1942 τῆς
1593 1873 1881 1945 Ἀρειανῆς

301 1959 568 2030 αἱρέσεως
595 1962 751 2018 οὐδὲν
783 1964 948 2031 σαφὲς
983 1966 1350 2036 ἀπαγγέλλει,
1372 1965 1483 2021 οὐδ’
1508 1967 1559 2019 εἱ
1594 1967 1693 2037 τῆς
1723 1965 1881 2038 δόξης

303 2051 521 2122 ἐκείνης
547 2053 746 2121 εἴχετο,
778 2055 890 2109 οὐδ’
919 2057 1000 2110 ὅτι
1038 2057 1486 2128 μεταϐέϐληται,
1516 2058 1633 2113 ἀλλ’
1659 2059 1769 2112 οὐδ’
1798 2061 1881 2112 ὅτι

302 2143 524 2210 φαύλως
548 2145 582 2215 ἢ
612 2146 786 2216 ὀρθῶς
826 2149 1077 2215 ἐδόξαζεν
1104 2150 1340 2222 Ἀρειος,
1401 2151 1606 2223 καίπερ
1636 2150 1882 2222 ἀνάγκην

301 2235 440 2306 έχων
473 2238 533 2290 ἐν
560 2240 752 2311 μνήμῃ
796 2239 970 2294 ταῦτα
999 2241 1353 2314 ποιήσασθαι,
1385 2241 1482 2297 ἆτε
1510 2243 1575 2314 δὴ
1613 2243 1755 2314 μέγα
1788 2244 1884 2312 μέ-

305 2345 396 2396 ρος
444 2329 756 2402 ἐπεχούσης
788 2331 886 2402 τῆς
923 2335 1142 2390 συνόδου
1168 2333 1277 2388 τῶν
1309 2333 1405 2388 τοῦ
1459 2335 1697 2406 μεγάλου
1736 2336 1882 2406 πρά-

303 2421 440 2486 ξεων
473 2422 892 2477 Κωνσταντίνου
919 2464 936 2490 ,
983 2424 1245 2497 κάκείνης
1289 2427 1452 2481 πάλιν
1483 2425 1883 2498 ἐξαπαιτούσης

299 2513 402 2581 τὴν
437 2515 569 2584 περὶ
596 2514 802 2568 τούτων
835 2514 1358 2589 λεπτομερεστάτην
1407 2520 1670 2590 ἱστορίαν.
1722 2519 1885 2575 Ἀλλά

302 2605 496 2660 στάσιν
541 2608 643 2678 μὲν
686 2610 950 2679 ἐμπεσεῖν
997 2611 1203 2681 μεταξὺ
1242 2612 1453 2684 Ἀρείου
1505 2613 1603 2667 καὶ
1638 2613 1886 2681 Ἀλεξάν-

299 2699 454 2768 δρου,
479 2699 580 2771 τὴν
609 2701 822 2772 αἵρεσιν
854 2701 999 2756 οὕτω
1015 2703 1062 2735 ³³
1111 2703 1284 2772 λέγων
1330 2704 1428 2758 καὶ
1462 2704 1886 2776 ὐποκρυπτόμε-

300 2810 410 2856 νος,
439 2793 827 2862 ἀποφαίνεται,
859 2795 952 2848 ἐπί
983 2812 1043 2849 τε
1064 2798 1128 2866 τῇ
1163 2795 1350 2848 στάσει
1376 2794 1497 2849 λίαν
1530 2797 1767 2866 ἀλγῆσαι
1795 2795 1887 2850 τὸν

301 2885 527 2955 θεοφιλῆ
563 2885 811 2954 βασιλέα,
833 2889 926 2940 καὶ
953 2887 1326 2956 ἀγωνίσασθαι
1351 2888 1441 2942 διά
1468 2902 1524 2942 τε
1559 2887 1886 2954 ἐπιστολῶν,

298 2978 390 3030 διά
421 2994 482 3030 τε
506 2977 605 3030 τοῦ
650 2979 855 3046 Ὅσὶου,
888 2979 946 3043 ὃς
971 2980 1288 3051 Κουδρόϐης
1321 2981 1646 3045 ἐπεσκόπει,
1681 2983 1762 3044 εἱς
1793 2999 1886 3051 φι-

1977 497 2046 548 ad
2080 496 2508 554 ecclesiasticam
2534 503 2891 570 {pertinentia
2925 508 3209 564 historiam
3250 512 3339 568 ille
3373 516 3564 583 gessit.

1977 588 2044 640 ad
2071 599 2376 644 extremum
2404 608 2576 661 usque
2606 593 2789 658 finem.
2810 597 2913 654 hoc
2933 609 3038 665 est,
3061 612 3296 672 quatuor
3321 614 3376 659 et
3402 621 3564 660 sexa-

1977 680 2128 748 ginta
2163 698 2430 737 annorum
2460 685 2654 754 spatio.
2686 685 2783 741 Est
2809 704 2974 756 porro
3002 693 3168 746 etiam
3205 694 3256 747 in
3302 694 3404 748 hoc
3433 710 3565 764 ope.

1981 788 2041 826 re
2063 773 2144 827 sui
2177 773 2310 828 satis
2341 775 2394 829 in
2423 777 2658 832 dictione
2683 779 2900 844 similis.
2929 782 3030 836 nisi
3057 784 3198 852 quod
3228 786 3471 840 nonnihil
3498 787 3566 841 ad

1978 864 2325 933 splendorem
2357 869 2526 938 magis
2559 872 2795 926 trahitur
2817 874 3019 936 oratio,
3051 891 3322 944 vocesque
3363 877 3429 931 ad
3465 877 3566 932 llo-

1979 957 2154 1010 ridttm
2186 957 2381 1013 alicubi
2413 975 2582 1029 genus
2644 965 2911 1018 tendunt:
2944 967 3043 1020 etsi
3081 965 3442 1034 jucunditatis
3513 979 3569 1024 et

1979 1050 2169 1117 gratia:
2204 1049 2258 1102 in
2287 1049 2612 1116 explicando
2645 1055 2917 1109 modicum
2946 1057 3229 1123 adhibere,
3268 1070 3330 1113 ut
3359 1061 3410 1113 in
3444 1059 3569 1116 aliis

1979 1152 2195 1207 quoque
2217 1137 2394 1205 libris,
2423 1143 2656 1196 videtur.
2708 1143 3028 1201 Alferuntur
3062 1163 3196 1204 vero
3236 1148 3353 1203 loca
3388 1147 3564 1217 pluri-

1979 1245 2069 1284 ma
2119 1231 2170 1285 in
2213 1232 2298 1286 his
2324 1243 2558 1301 quatuor
2614 1234 2768 1290 lihris
2812 1253 2880 1291 ex
2923 1239 3176 1296 universa
3221 1241 3340 1312 ejus
3380 1242 3567 1297 decem

1979 1322 2239 1378 librorum
2265 1322 2640 1381 Ecclesiastica
2666 1326 2931 1387 Historia.

2051 1502 2240 1558 Refert
2290 1517 2420 1574 ergo
2447 1504 2532 1558 hic
2558 1505 2892 1562 Nicomediae
2929 1507 3266 1578 baptizatum
3307 1524 3566 1580 magnum

1985 1593 2406 1649 Constantinum
2445 1595 2582 1665 (16),
2641 1597 3013 1668 hactennsqne
3059 1600 3334 1656 lavacrum
3390 1601 3570 1658 distu-

1986 1685 2134 1750 lisse,
2163 1687 2306 1755 quod
2347 1685 2400 1740 in
2433 1689 2571 1742 votis
2619 1688 2846 1744 haberet
2903 1691 2956 1744 in
3008 1689 3252 1747 Jordane
3285 1692 3566 1762 baptismo

1985 1777 2115 1848 tingi
2150 1795 2164 1832 :
2203 1778 2327 1848 quis
2368 1793 2497 1833 vero
2543 1781 2835 1849 haptizarit
2861 1822 2876 1846 ,
2923 1782 3144 1838 silentio
3191 1786 3452 1854 praeterit.
3493 1785 3571 1842 De

1980 1870 2166 1924 Ariani
2200 1871 2418 1939 insuper
2440 1871 2631 1926 haeresi
2669 1888 2896 1943 prorsus
2919 1874 3054 1928 nihil
3081 1876 3371 1932 manifeste
3415 1893 3570 1932 com-

1985 1971 2282 2027 memorat,
2348 1978 2524 2032 neque
2581 1979 2649 2018 an
2703 1963 3094 2022 Con5tantinus
3154 1967 3227 2022 illi
3281 1969 3572 2040 aliquando

1985 2057 2302 2121 adhmserit,
2348 2071 2522 2125 neque
2553 2071 2618 2110 an
2649 2072 2768 2111 eam
2801 2057 3098 2128 abjecerit,
3160 2063 3254 2115 sed
3293 2076 3472 2130 neque
3500 2076 3570 2116 an

1984 2157 2153 2212 recte,
2181 2158 2277 2202 aut
2305 2162 2463 2203 secus
2491 2149 2734 2202 senserit
2768 2149 2935 2202 Arius
2966 2167 2980 2204 :
3015 2151 3229 2205 tametsi
3271 2152 3572 2207 necessitas

1984 2255 2107 2294 eum
2130 2240 2480 2308 compelleret
2503 2240 2698 2294 horum
2727 2243 3068 2307 meminisse,
3107 2243 3325 2311 quando
3365 2253 3420 2298 et
3465 2260 3574 2298 ma-

1985 2348 2090 2397 gna
2141 2348 2266 2402 pars
2315 2331 2414 2387 fuit
2471 2333 2709 2403 synodus
2757 2349 2937 2387 rerum
2981 2351 3010 2388 a
3067 2351 3262 2404 magno
3296 2335 3570 2391 Constan-

1988 2425 2101 2479 tino
2130 2436 2426 2494 gestarum,
2466 2434 2520 2478 et
2546 2423 2785 2493 alioquin
2835 2424 2923 2478 illa
2957 2424 3072 2494 ipsa
3111 2425 3354 2480 vicissim
3385 2436 3573 2494 postu-

1986 2515 2125 2568 laret
2167 2513 2574 2568 exactissimam
2613 2513 2698 2567 his
2727 2512 2797 2567 de
2830 2514 2991 2567 rebus
3025 2513 3328 2567 historiam.
3386 2513 3574 2584 Itaque

1985 2607 2384 2665 dissensionem
2413 2605 2632 2675 quidem
2680 2616 2858 2661 ortam
2885 2607 3074 2661 Arium
3101 2605 3242 2660 inter
3265 2615 3318 2660 et
3336 2605 3573 2662 Alexan-

1987 2700 2146 2753 drum
2201 2707 2593 2752 commemorat
2640 2697 2759 2770 (sic
2804 2699 3057 2752 nimirum
3102 2697 3354 2752 haeresim
3390 2698 3573 2769 appel-

1988 2792 2104 2846 lare
2137 2806 2200 2846 ac
2233 2800 2412 2859 tegere
2433 2790 2690 2862 videtur),
2713 2804 2777 2844 ac
2803 2791 3013 2844 dissidii
3039 2789 3201 2857 hujus
3223 2791 3396 2860 gratia
3418 2791 3573 2846 valde

1990 2884 2320 2939 indolentem
2350 2883 2756 2950 pientissimum
2800 2883 3184 2949 imperatorem
3219 2883 3570 2946 allahorasse,

1993 2991 2114 3030 cum
2152 2989 2250 3043 per
2298 2975 2615 3042 epistolam,
2656 2984 2768 3027 tum
2817 2989 2913 3043 per
2959 2975 3184 3029 Ilosium
3209 2975 3574 3032 Corduliensis

298 3069 420 3123 λίαν
449 3067 548 3123 καὶ
577 3070 835 3140 ὁμόνοιαν
870 3070 1127 3139 συζεῦξαι
1179 3070 1242 3124 τὸ
1291 3071 1584 3137 στασιάζον
1615 3073 1714 3142 τῆς
1747 3072 1885 3144 πρὸς

1991 3069 2248 3125 Ecclesiae
2270 3070 2608 3138 episcopum,
2636 3077 2716 3134 ut,
2761 3069 2928 3123 missa
2953 3069 3302 3125 contentione
3335 3069 3423 3124 illa
3457 3085 3574 3122 mn-

299 3160 570 3231 άλλήλους
613 3161 794 3233 ἔριδος
835 3163 1143 3233 ἀφεμένους
1175 3163 1273 3216 καὶ
1301 3161 1410 3215 τῶν
1434 3161 1692 3217 τοιούτων
1723 3162 1890 3233 ζητή-

300 3269 462 3306 σεων·
494 3253 576 3314 ὡς
608 3253 653 3306 δ’
681 3255 784 3308 οὐκ
812 3253 1019 3321 ἐπειθε,
1055 3253 1273 3308 σύνοδον
1320 3255 1659 3324 πανταχόθεν
1705 3255 1890 3324 ἀθροῖ-

301 3363 392 3401 σαι
428 3347 528 3402 xa‘t
558 3346 658 3417 τὴν
719 3346 1070 3416 ἐμπεσοῦσαν
1107 3346 1224 3417 ἔριν
1268 3348 1350 3411 εἱς
1378 3347 1600 3418 εἰρήνην
1633 3345 1891 3399 διαλύσα-

300 3440 464 3493 σθαιο
503 3439 567 3492 οὐ
603 3440 714 3509 μὴν
748 3440 830 3503 εἱς
859 3438 922 3491 τὸ
953 3438 1180 3510 ἀκριϐὲς
1205 3440 1302 3492 καὶ
1351 3438 1606 3509 ἐπίδηλον
1645 3438 1892 3507 ἀναγρά-

297 3549 488 3602 φεται.
517 3525 688 3594 Οὗτος
715 3526 808 3584 οῦν
839 3531 1028 3601 ὥσπερ
1052 3529 1431 3600 αἰσχυνομένῳ
1461 3528 1655 3592 ἐοικὼς
1689 3529 1784 3582 καὶ
1815 3528 1890 3600 μὴ

299 3622 621 3694 βουλομένῳ
646 3622 990 3692 δημοσιεύειν
1010 3622 1231 3693 Ἀρειον
1246 3622 1315 3654 ⁹³⁶
1331 3622 1434 3693 τήν
1453 3639 1514 3674 τε
1535 3621 1638 3691 τῆς
1667 3620 1890 3674 συνόδου

297 3711 746 3783 ἐξενηνεγμένην
775 3712 898 3766 κατ’
923 3711 1088 3766 αὐτοῦ
1120 3711 1304 3780 ψῆφον
1332 3711 1430 3764 καὶ
1458 3709 1568 3763 τῶν
1596 3712 1893 3784 συνασεϐη-

301 3804 523 3858 σάντων
571 3801 725 3874 αύτῷ
761 3803 856 3856 καὶ
891 3799 1334 3865 συνεξωσθέντων
1366 3799 1464 3870 τὴν
1525 3799 1740 3854 δικαίαν
1777 3800 1888 3853 sfa-

299 3895 534 3966 πραξιν,
576 3895 638 3948 οῦ
691 3893 800 3965 μὴν
831 3893 946 3948 ἀλλ’
980 3893 1092 3946 οὐδ’
1117 3894 1184 3964 ἢν
1214 3892 1401 3947 θεόθεν
1443 3894 1552 3956 πᾶς
1611 3893 1892 3964 ὀφθαλμὸς

302 3982 448 4038 εἶδεν
500 3984 713 4038 ἔνδικον
754 3983 966 4053 ’Δρείου
1015 3982 1426 4054 καταστροφὴν,
1481 3981 1636 4036 οὐδὲν
1686 3983 1893 4037 τούτων

1994 3173 2106 3227 tua,
2139 3171 2192 3216 et
2214 3161 2523 3231 huiusmodi
2551 3161 2970 3231 quaestionibus,
3019 3161 3085 3214 ad
3113 3161 3408 3216 amicitiam
3437 3176 3573 3216 con-

1991 3254 2346 3322 cordiamque
2399 3253 2730 3308 dissidentes
2764 3252 3008 3323 adigeret
3055 3270 3070 3307 :
3125 3262 3290 3321 atque
3321 3251 3408 3305 ulti
3465 3267 3570 3304 nutt

1990 3345 2266 3416 persuasit
2306 3345 2577 3415 synodum
2634 3343 2874 3413 undique
2927 3357 3264 3398 convocasse
3304 3352 3360 3396 et
3390 3351 3572 3395 natam

1991 3435 2398 3491 contentionem
2447 3449 2581 3504 pace
2607 3445 2974 3504 permutasse.
3021 3433 3152 3499 Qua:
3179 3443 3359 3486 tamen
3400 3445 3576 3501 neqne

1991 3537 2249 3583 accurate
2280 3542 2452 3598 neque
2475 3527 2763 3597 perspicue
2826 3527 2895 3580 ab
2935 3541 3003 3582 eu
3046 3521 3577 3590 scribuntur.Quare

1991 3635 2104 3692 pra:
2129 3621 2336 3691 pudore
2361 3620 2574 3674 videtur
2604 3619 2692 3673 hic
2720 3619 2934 3682 Arium,
2959 3627 3016 3674 et
3051 3633 3080 3671 a
3110 3617 3325 3687 synodo
3365 3614 3569 3670 factum

1993 3720 2183 3766 contra
2214 3710 2362 3765 illum
2402 3711 2706 3775 decretum,
2749 3709 3031 3780 publicare
3056 3724 3164 3763 non
3207 3708 3480 3770 voluisse,
3520 3715 3579 3761 tit

1994 3816 2098 3857 nec
2155 3801 2271 3869 ejus
2334 3801 2537 3856 erroris
2583 3801 2796 3866 socios,
2863 3811 2957 3854 aut
3020 3800 3182 3856 simul
3227 3799 3578 3870 expulsorunt

1987 3895 2193 3964 justam
2223 3893 2501 3958 ultionem,
2530 3895 2660 3964 quin
2692 3909 2870 3964 neque
2893 3894 3064 3958 illam,
3101 3892 3249 3965 96a
3295 3907 3455 3962 qnam
3491 3891 3577 3945 di-

1994 3987 2198 4042 vinitus
2220 3996 2490 4057 sumptam
2512 3987 2692 4041 omnis
2717 3985 2909 4040 oculus
2930 3986 3084 4050 vidit,
3103 3985 3308 4054 justam
3326 3983 3442 4038 Arii
3461 3983 3582 4036 vin-

299 4075 454 4142 ἄγων
490 4075 575 4138 είς
604 4073 744 4142 φῶς,
773 4074 872 4145 τήν
897 4089 955 4126 τε
985 4074 1115 4143 περὶ
1155 4073 1255 4143 τῆς
1284 4073 1506 4127 συνόδου
1561 4073 1660 4127 καὶ
1689 4073 1800 4127 τῶν
1835 4074 1885 4128 ἐν

1995 4079 2195 4134 dictam
2225 4077 2338 4148 (l7)
2379 4095 2392 4132 :
2434 4079 2653 4148 quando
2702 4078 2894 4132 borum
2952 4077 3086 4131 nihil
3145 4077 3198 4130 in
3241 4073 3415 4129 lucem
3457 4089 3583 4143 pro-

199 4245 204 4247 _
298 4166 446 4238 αὐτῇ
483 4165 847 4236 πραχθέντων
877 4165 970 4218 καὶ
1017 4165 1147 4237 περὶ
1171 4165 1345 4237 αὐτὴν
1367 4165 1420 4198 ⁸⁵
1469 4167 1714 4236 ἱστορίαν
1753 4183 1896 4239 παρ-

299 4258 542 4329 έδραμε.
572 4258 668 4310 Διὸ
695 4258 790 4310 καὶ
831 4258 964 4328 περὶ
991 4257 1086 4311 τοῦ
1147 4257 1438 4312 θεσπεσίου
1471 4258 1775 4312 Εὑσταθίου
1813 4259 1896 4312 δι-

298 4351 569 4420 ηγεῖσθαι
622 4349 899 4420 μέλλων⁹⁸
938 4347 1064 4403 οὔτε
1111 4351 1208 4402 τοῦ
1263 4350 1530 4421 ὀνόματος
1591 4351 1892 4420 μέμνηται,

1997 4171 2218 4234 ferens,
2275 4170 2469 4242 synodi
2520 4169 2691 4238 ipsius
2747 4185 3038 4238 rerumque
3083 4168 3139 4222 in
3197 4181 3261 4222 ea
3307 4174 3582 4237 gestarum

1995 4263 2280 4318 historiam
2316 4265 2492 4318 obiter
2533 4272 2740 4316 tantum
2790 4263 3065 4332 percurrit
3105 4259 3225 4325 Quo
3264 4259 3428 4313 etiam
3480 4257 3582 4322 lit,

1997 4365 2058 4408 ut.
2113 4353 2412 4409 tle-divino
2466 4353 2756 4408 Eustathio
2801 4351 2916 4423 (18)
2965 4360 3329 4412 narraturus,
3375 4365 3442 4403 ne
3487 4364 3586 4402 no-

300 4443 420 4495 οὐδ’
449 4444 556 4496 ὅσα
579 4442 713 4512 περὶ
743 4441 908 4495 αὐτὸν
937 4441 1212 4512 ἐτολμήθη
1256 4443 1354 4495 καὶ
1394 4444 1474 4504 εἱς
1502 4441 1666 4512 ἔργον
1692 4441 1885 4496 ἀποϐέ-

2001 4447 2160 4500 minis
2191 4445 2408 4515 quidem
2444 4445 2790 4510 meminerit;
2840 4454 3048 4498 tantum
3074 4444 3230 4498 abest
3259 4454 3318 4497 ut
3363 4458 3484 4512 qua:
3529 4441 3583 4495 in

302 4535 515 4606 ϐηκεν·
569 4535 687 4589 ἀλλ’
737 4537 823 4599 εἱς
865 4535 1055 4589 στάσιν
1104 4535 1200 4590 καὶ
1240 4535 1488 4607 ταραχὴν
1533 4536 1755 4604 ἀνάγων
1805 4537 1885 4590 κα¹

1999 4537 2174 4606 ipsum
2205 4536 2569 4593 audacissime
2609 4537 2906 4592 machinati
2935 4547 3063 4591 sunt
3089 4537 3228 4606 (19),
3273 4549 3440 4601 reque
3471 4533 3586 4600 ipsa
3653 4558 3666 4571 -

303 4625 513 4691 ταῦτα,
543 4625 812 4695 γαληνὶας
867 4626 962 4678 καὶ
1025 4625 1186 4679 πάλιν
1238 4627 1510 4692 ἐπιλέγει,
1578 4624 1885 4680 ἐπισκόπωη

1999 4630 2391 4698 praestiterunt,
2426 4630 2782 4682 recensuerit.
2841 4625 3008 4698 Igitur
3060 4625 3126 4681 ad
3181 4625 3586 4680 dissensionem

310 4715 462 4768 κατά
503 4716 606 4784 τὴν
642 4715 976 4783 ’Δντιόχειαν
1007 4715 1531 4787 συνδεδραμηκότων
1561 4716 1767 4786 σπουδῇ
1802 4713 1903 4785 βα-

317 4809 514 4872 σιλέως
545 4809 643 4862 καὶ
672 4809 954 4879 συνεργίᾳ,
983 4811 1079 4863 καὶ
1103 4810 1163 4862 τὸ
1196 4809 1487 4873 στασιάζον
1512 4810 1607 4862 καὶ
1636 4809 1902 4880 ταραττό-

2003 4723 2276 4777 duntaxat
2322 4729 2489 4790 atque
2548 4720 2838 4775 tumultum
2879 4733 2944 4774 ea
2977 4717 3250 4782 referens,
3285 4715 3591 4784 tranquilli-

2005 4819 2177 4866 tatem
2232 4824 2448 4864 I'III‘SUIII
2499 4815 2895 4862 commemorat
2947 4807 3328 4874 episcOporum
3377 4817 3591 4868 eorum,

320 4915 484 4968 μενον
513 4903 598 4964 είς
625 4901 686 4955 τὸ
719 4903 996 4972 εἱρηναίον
1033 4902 1545 4974 μεταϐεϐληκότων.
1589 4904 1820 4974 ὀμοίως
1847 4905 1885 4958 δί

2007 4903 2098 4972 qui
2131 4918 2253 4958 cum
2288 4901 2634 4957 Antiochiam
2663 4899 3023 4973 imperatoris
3051 4898 3237 4953 studio
3265 4906 3428 4966 atque
3459 4911 3593 4966 ope-

319 4992 419 5043 καὶ
453 4996 511 5046 ἐν
536 4989 620 5058 οἷς
644 4996 673 5048 ὁ
699 4995 1003 5058 πολύαθλος
1031 4995 1390 5066 ἐσκευωρήθη
1409 4993 1755 5058 .Ἀθανάσιος
1779 5033 1794 5058 ,
1822 4995 1885 5065 εἰς

2010 5008 2070 5048 ra
2099 4993 2512 5056 convenissent,
2543 4991 2870 5045 seditionem
2908 4990 3236 5059 turbamque
3267 5003 3398 5060 pace
3429 5001 3585 5042 com-

318 5083 492 5140 ταῦτα
518 5086 620 5160 τὴν
650 5087 896 5160 ἱστορίαν
921 5089 1173 5160 ὁρμήσας
1198 5089 1510 5157 ἐπαφεῖναι,
1539 5087 1780 5150 στάσεως
1804 5086 1885 5156 μὲγ

2011 5094 2312 5139 mutarunt.
2357 5083 2624 5138 Similiter
2681 5080 2774 5136 ubi
2825 5081 3202 5136 narrationem
3235 5079 3477 5136 instituit
3523 5076 3590 5132 de

1339 5235 1374 5258 ”
1591 5246 1821 5302 VARUE
1867 5245 2274 5303 LECTIONES.

400 5357 448 5392 "
475 5362 619 5417 οὕτω
652 5363 700 5419 Α
734 5383 751 5419 :
782 5364 827 5417 δ’
862 5363 1007 5418 οὕτω
1037 5381 1098 5430 ς’.
1173 5363 1240 5396 ’⁸⁸
1279 5363 1491 5434 Ἀρείου
1519 5363 1588 5418 Δ.
1665 5363 1713 5396 ⁸⁸
1748 5363 1844 5418 καὶ
1874 5365 2006 5435 περὶ
2031 5365 2201 5436 αὐτήν
2233 5363 2357 5420 add.
2384 5365 2448 5419 A.
2521 5363 2570 5396 “
2597 5361 2807 5435 μέλλων
2829 5358 3134 5433 διηγεῖσθαι
3174 5372 3238 5421 ς.

1840 5506 2077 5564 NOTAE.

421 5599 508 5668 16)
543 5598 710 5670 Supr.
743 5599 866 5654 cod.
901 5599 991 5661 88.
1021 5611 1076 5656 et
1113 5600 1184 5654 ibi
1221 5599 1475 5656 Scholion
1510 5601 1562 5657 in
1593 5602 1721 5656 fine.

422 5671 505 5741 l7)
545 5671 679 5725 Eam
719 5671 870 5740 legas
898 5686 1048 5739 supr.
1080 5672 1203 5725 cod.
1235 5671 1325 5734 88,
1351 5673 1504 5741 circa
1544 5675 1801 5727 medium.

397 5740 506 5807 (18)
534 5741 889 5800 Antiocbeuo
915 5743 1086 5812 cpisc.
1120 5757 1229 5813 quo
1249 5745 1316 5798 tle
1346 5740 1545 5799 Baron.
1570 5745 1724 5800 card.
1763 5753 1896 5800 tom.

2003 5601 2070 5656 Ill
2100 5604 2166 5656 ad
2191 5616 2320 5656 ann.
2351 5601 2483 5658 Chr.
2524 5599 2652 5656 540.

2079 5672 2611 5798 (19%iTheodoretus
2663 5686 2729 5728 ea
2773 5667 2943 5725 refert
2984 5663 3080 5720 lib.
3138 5679 3156 5722 ι
3193 5661 3341 5720 Hist.
3377 5660 3587 5724 ποιεί..

2009 5759 2135 5815 cap.
2189 5773 2192 5777 -
2235 5780 2253 5798 .
