3932 6240
405 314 510 384 411

1506 300 1771 363 PHOTII
1807 298 2314 360 PATRIARCIUE
2352 298 2461 359 (ΣΡ.

3562 293 3670 359 412

404 430 476 484 iis
528 440 650 496 quae
702 422 755 477 in
798 434 1053 488 magnum
1115 417 1265 471 illum
1300 413 1560 475 athletam
1616 411 1975 465 Athanasium

2101 407 2466 477 εμπλησθῆναι
2513 406 2677 460 πάλιν
2704 408 2799 461 καὶ
2823 406 3072 479 ταραχῆς
3100 407 3201 478 τὴν
3252 406 3667 479 ’Δλεξάνδρειαν

404 522 519 596 (Ξο)
568 518 812 588 improbe
861 518 1168 581 comparata
1231 506 1473 570 fuerunt,
1537 504 1804 559 seditione
1855 502 1979 572 qni-

407 618 528 667 dem
561 626 625 665 ac
667 608 899 663 tumultu
931 603 1205 670 impletam
1234 601 1430 653 iterum
1466 596 1855 651 Alexandriam
1893 611 1980 650 re.

407 705 538 769 feri,
569 701 662 757 sed
719 715 838 754 eam
859 676 1266 764 episcoporum,
1286 691 1380 760 qui
1415 690 1763 759 imperatoris
1788 699 1980 743 aucto-

406 791 567 846 ritate
618 790 938 849 niterentur,
973 780 1260 851 prasentia
1298 779 1564 848 placatam
1623 775 1810 831 fuisse.
1868 775 1976 830 Ne-

406 893 511 948 que
544 877 758 931 interim
787 874 909 941 quis
957 870 1278 925 seditionem
1332 867 1644 948 concitarit,
1707 877 1801 921 aut
1832 883 1980 936 quaa-

408 986 532 1025 nam
564 968 653 1020 illa
684 966 874 1026 fuerit,
912 978 1086 1029 neque
1118 976 1225 1030 quo
1257 970 1416 1030 pacto
1448 959 1852 1015 contentionem
1887 958 1977 1012 alii

405 1061 672 1124 sedarint,
703 1057 924 1111 omnino
949 1053 1239 1110 manifeste
1264 1053 1521 1108 ostendit.
1544 1052 1684 1120 Quin
1711 1053 1824 1107 fere
1846 1067 1983 1122 quo-

408 1153 727 1218 tiescunque
756 1149 1133 1217 episcoporum
1169 1148 1307 1199 inter
1341 1145 1489 1213 ipsos
1520 1144 1586 1198 de
1615 1144 1737 1199 fidei
1786 1143 1983 1212 capiti-

2088 500 2336 568 λέγει’⁶.
2376 501 2470 554 καὶ
2514 500 2719 572 ταύτην
2768 501 3111 572 πραῠνθῆναι
3156 503 3473 557 ἐπισκόπων
3522 520 3667 574 παρ-

2087 593 2247 663 ουσία
2274 594 2374 665 τὴν
2409 594 2696 663 βασιλικὴν
2745 595 2981 665 ἐχόντων
3029 596 3385 666 συμμαχίαν⁹
3428 595 3554 649 οὗτε
3607 596 3669 650 δὲ

2088 686 2171 749 τίς
2199 681 2268 757 ἦν
2296 689 2323 740 ό
2348 687 2393 719 ⁸⁷
2417 685 2746 752 στασιάζων,
2778 687 2886 740 οὐδ’
2914 687 3036 758 ἥτις
3079 689 3113 756 ἠ
3166 688 3378 751 στάσις.
3410 688 3443 759 ἢ
3481 688 3537 742 τί
3569 688 3669 742 καὶ

2088 775 2397 848 πράξαντες
2418 777 2518 846 τὴν
2539 777 2656 848 ἔριν
2684 778 2983 849 ὲπράῦναν,
3009 779 3163 832 οὐδὲν
3191 779 3303 832 οὐδ’
3332 778 3474 841 ὅλως
3496 780 3671 832 ποιεῖ-

2087 885 2178 923 ται
2207 869 2479 939 ἐπίδηλον.
2519 867 2647 942 [309
2686 869 2777 943 IL]
2810 872 2919 925 Kal.
2953 872 3139 941 σχεδὸν
3200 872 3259 924 ὲν
3291 865 3374 935 οἷς
3406 869 3537 943 [165
3568 871 3668 945 IL]

2087 962 2402 1016 ἐπισκόπων
2422 962 2561 1035 πρὸς
2580 963 2844 1035 ἀλλήλους
2865 964 3191 1033 φιλονεικίαι
3218 966 3347 1035 περὶ
3376 964 3673 1035 δογμάτων

2088 1054 2123 1125 ἢ
2156 1055 2284 1126 περί
2328 1073 2491 1109 τινων
2523 1056 2698 1111 ἄλλων
2728 1055 3019 1124 διαφωνίαι
3050 1057 3329 1125 γεγόνασι,
3378 1058 3473 1110 τὸν
3505 1056 3673 1111 αὐτὸν

2089 1145 2190 1216 τῆς
2222 1145 2571 1216 ἐπικρύψεως
2597 1147 2655 1200 ὲν
2686 1149 2753 1219 τῇ
2778 1148 3027 1218 διηγήσει
3053 1148 3223 1202 τύπον
3242 1147 3618 1217 διαφυλάττει.

403 1245 507 1301 bus
538 1241 937 1302 contentiones,
970 1240 1053 1293 vel
1089 1237 1208 1291 aliae
1237 1236 1472 1303 denique
1502 1235 1870 1290 dissensiones
1892 1234 2132 1303 fuerunt,
2158 1237 2405 1293 eumdem
2430 1246 2612 1294 servat
2642 1239 2694 1293 in
2726 1242 2996 1295 narrando
3019 1240 3228 1297 celandi
3261 1243 3504 1298 modum.

1043 1350 1329 1407 CXXVIII.

879 1446 1101 1501 ΙΛιεὶαηὶ
1140 1445 1315 1512 Opera
1348 1444 1515 1498 varia.

478 1542 757 1611 Legnntur
793 1538 1014 1593 Luciani
1046 1536 1158 1606 (‘27)
1202 1535 1304 1588 Pro
1349 1532 1643 1587 Phalaride
1678 1530 1987 1604 [orationes

406 1633 576 1707 duae],
600 1644 649 1687 et
678 1642 1004 1687 mortuorum
1032 1628 1424 1687 amantiumque
1454 1624 1656 1691 dialogi
1686 1624 1861 1688 varii;
1896 1623 1985 1676 alii

412 1730 536 1779 item
568 1723 796 1779 diversis
833 1724 897 1774 de
927 1721 1085 1774 rebus
1107 1718 1293 1783 libelli,
1322 1719 1375 1771 in
1405 1717 1601 1785 quibus
1628 1714 1739 1770 fere
1762 1715 1990 1781 singulis

412 1822 653 1888 gentium
690 1834 777 1873 res
798 1817 1005 1871 comice
1035 1816 1225 1870 irridet
1255 1831 1269 1867 :
1304 1825 1360 1866 ut
1391 1812 1443 1865 in
1476 1812 1581 1865 diis
1614 1810 1874 1880 fingendis
1903 1825 1990 1863 er-

409 1923 588 1962 τοι-ιη]
608 1907 816 1960 illorum
851 1915 1015 1973 atque
1044 1903 1329 1957 amentiam
1353 1919 1369 1967 ;
1396 1901 1449 1954 in
1474 1900 1749 1955 libidinem
1769 1908 1990 1968 praeter-

406 2015 470 2058 ei
502 1999 907 2054 immoderatum
959 1998 1216 2063 impetum
1269 2002 1431 2062 atque
1488 1993 1990 2060 intemperantiam;

414 2102 695 2161 poetarum
745 2090 871 2144 item
928 2088 1069 2157 apud
1120 2088 1266 2156 ipsos
1308 2086 1647 2156 prodigiosas
1712 2084 1992 2152 Opiniones

412 2201 475 2236 ac
506 2184 772 2247 fictiones,
822 2182 1057 2249 indeque
1098 2192 1280 2231 natum
1308 2178 1360 2231 in
1400 2177 1671 2244 republica
1703 2190 1944 2230 errorem
1973 2191 1989 2240 ;

410 2274 636 2344 reliqua!
677 2274 840 2327 etiam
868 2272 990 2325 vita!
1024 2271 1422 2325 inconstantem
1446 2285 1660 2323 cursum
1708 2278 1869 2338 atque
1905 2282 1996 2321 ca-

411 2380 505 2419 sus
538 2381 552 2418 :
592 2363 1033 2434 philosophorum
1083 2362 1150 2416 ad
1205 2363 1319 2415 haec
1353 2360 1592 2429 ipsorum
1633 2357 1773 2413 fastu
1804 2359 1992 2427 plenos

414 2472 613 2517 nmres,
645 2456 734 2525 qui
761 2454 972 2509 nonnisi
998 2454 1245 2506 ilotarum
1289 2452 1641 2519 inaniumque
1678 2450 1990 2519 opinionum

411 2549 600 2603 referti
619 2548 762 2612 sint;
790 2547 1022 2615 denique
1044 2554 1232 2615 gentes
1249 2553 1502 2613 tanquam
1523 2557 1618 2612 per
1645 2541 1992 2604 comoediam,

412 2640 491 2693 uti
546 2640 804 2701 diximus,
846 2637 1083 2706 pedestri
1135 2636 1482 2704 numerisque
1533 2633 1706 2687 soluta
1747 2633 1995 2686 oratione

413 2732 644 2787 irridere
678 2733 856 2787 studio
902 2732 975 2784 illi
1016 2730 1135 2785 fuit.
1197 2730 1276 2783 Ex
1306 2744 1494 2783 eormn
1555 2735 1736 2780 autem
1769 2737 1996 2779 numero

416 2838 537 2877 esse
556 2823 786 2882 videtur,
812 2823 902 2892 qui
929 2821 1062 2875 nihil
1084 2821 1304 2874 omnino
1324 2819 1457 2873 certi
1488 2818 1839 2886 pronuntiant
1856 2815 1992 2887 (22).

415 2916 658 2970 Aliorum
694 2916 837 2968 enim
866 2914 1237 2983 perstringens
1257 2921 1418 2980 atque
1437 2912 1670 2964 irridens
1691 2910 1993 2978 opiniones,

2803 1356 2894 1408 PK
2904 1353 2985 1411 H'.

2449 1443 2788 1499 Λουκιανοῦ
2826 1445 3098 1515 διάφοροι
3118 1450 3311 1518 λόγοι.

2177 1531 2516 1604 Ἀνεγνώσθη
2539 1537 2837 1591 Λουκιανοῦ
2856 1538 2870 1557 '
2883 1540 3037 1607 Υπὲρ
3065 1543 3422 1611 Φαλάριδος,
3440 1546 3540 1599 καὶ
3560 1550 3676 1602 Νε-

2094 1628 2286 1693 κρικοὶ
2318 1628 2411 1679 καὶ
2440 1625 2755 1696 Ἐταιρικοὶ
2787 1629 3056 1701 διάλογοι
3084 1634 3349 1705 διάφοροι,
3375 1638 3470 1691 καὶ
3492 1639 3679 1711 ἕτεροι

2095 1716 2370 1787 διαφόρων
2399 1717 2711 1773 ὑποθέσεων
2740 1721 2912 1790 λόγοι,
2945 1725 3003 1776 ἐν
3033 1722 3117 1790 οἷς
3173 1728 3360 1799 σχεδὸν
3387 1730 3567 1785 ἅπασι
3605 1733 3676 1786 τὰ

2109 1805 2380 1879 Ἑλλήνων
2410 1810 2667 1880 κωμῳδεῖ
2693 1852 2706 1877 ,
2742 1813 2843 1884 τήν
2870 1831 2930 1866 τε
2961 1815 3059 1883 τῆς
3091 1816 3455 1885 θεοπλαστίας
3489 1822 3676 1876 αὐτῶν

2094 1897 2305 1969 πλάνην
2332 1900 2428 1953 καὶ
2456 1902 2669 1972 μωρίαν
2696 1904 2790 1957 καὶ
2832 1906 2931 1975 τὴν
2978 1908 3059 1971 εἰς
3110 1909 3401 1978 ἀσέλγειαν
3438 1912 3679 1983 ἄσχετον

2093 1989 2270 2059 ὁρμὴν
2308 1991 2401 2044 καὶ
2431 1994 2724 2066 ἀκρασίαν,
2787 1997 2882 2049 καὶ
2925 1998 3033 2051 τῶν
3078 2002 3321 2073 ποιητῶν
3359 2004 3541 2059 αὐτῶν
3574 2006 3678 2071 τὰς

2093 2083 2419 2156 τερατώδεις
2447 2086 2607 2154 δόξας
2636 2091 2730 2142 καὶ
2756 2090 3113 2160 ἁναπλάσεις,
3160 2098 3254 2149 καὶ
3295 2098 3389 2151 τὸν
3420 2098 3680 2153 ἐντεῦθεν

2095 2175 2294 2230 πλάνον
2328 2179 2426 2245 τῆς
2460 2179 2759 2245 πολιτείας,
2797 2184 2893 2235 καὶ
2919 2183 3015 2237 τοῦ
3045 2184 3205 2238 ἄλλου
3235 2186 3351 2257 βίου
3382 2189 3485 2261 τὴν
3528 2190 3679 2244 ἀνώ-

2097 2267 2267 2337 μαλον
2313 2270 2619 2341 περιφορὰν
2676 2274 2773 2326 καὶ
2822 2273 2924 2338 τὰς
2968 2276 3364 2346 περιπτώσεις,
3409 2280 3511 2334 καὶ
3564 2282 3681 2336 τῶν

2094 2357 2401 2426 φιλοσόφων
2444 2359 2625 2414 αὐτῶν
2674 2362 2736 2415 τὸ
2781 2362 3119 2434 φιλόκομπον
3165 2362 3300 2437 ἦθος
3349 2370 3449 2421 καὶ
3505 2372 3681 2441 μηδὲν

2097 2443 2227 2498 ἄλλο
2276 2444 2415 2515 πλὴν
2449 2446 2795 2518 ὑποκρίσεως
2833 2452 2928 2503 καὶ
2972 2451 3147 2505 κενῶν
3183 2451 3543 2523 δοξασμάτων
3582 2474 3681 2527 με·

2097 2536 2220 2590 στόν
2239 2553 2252 2565 ‘
2283 2540 2381 2591 καὶ
2429 2539 2639 2604 ἁπλῶς,
2671 2540 2744 2605 ὡς
2771 2542 3002 2613 ἔφημεν,
3045 2546 3308 2617 κωμῳδία
3340 2548 3450 2601 τῶν
3487 2549 3682 2622 Ἐλλή-

2094 2647 2201 2683 νων
2235 2630 2383 2684 ἐστὶν
2414 2631 2625 2704 αύτῷὴ
2661 2634 2865 2706 σπουδὴ
2896 2636 2954 2688 ἐν
2995 2636 3140 2706 λόγῳ
3180 2638 3351 2709 πεζῷ.
3389 2640 3581 2694 Ἔοικε
3618 2642 3681 2695 δὲ

2093 2723 2256 2787 αὐτὸς
2283 2726 2392 2778 τῶν
2425 2726 2591 2797 μηδὲν
2615 2726 2751 2790 ὅλως
2778 2729 3192 2799 πρεσϐευόντων
3224 2727 3365 2785 εἶναι
3388 2748 3402 2762 ·
3433 2732 3537 2796 τὰς
3568 2733 3682 2803 γὰρ

2095 2815 2269 2869 ἄλλων
2321 2817 2597 2888 κωμῳδῶν
2643 2821 2736 2872 καὶ
2779 2820 3085 2885 διαπαίζων
3131 2823 3310 2889 δόξας,
3373 2825 3542 2889 αὐτὸς
3608 2828 3680 2897 ἣν

2097 2903 2302 2968 θειάζει
2328 2906 2390 2958 ού
2426 2907 2632 2979 τίθησι,
2665 2909 2806 2982 πλὴν
2836 2911 3000 2975 εἴτις
3046 2913 3214 2967 αὐτοῦ
3246 2915 3407 2981 δόξαν
3458 2919 3579 2986 ἐρεῖ
3614 2919 3681 2972 τὸ

418 3007 532 3076 ipse
549 3006 675 3074 quid
702 3007 904 3059 sentiat
943 3014 1084 3060 tacet
1119 3023 1133 3059 :
1168 3004 1271 3058 nisi
1310 3006 1432 3073 quis
1480 3005 1618 3055 hanc
1653 3001 1799 3056 illius
1830 3001 1992 3055 fuisse

2101 2998 2266 3067 μηδὲν
2312 2998 2578 3064 δοξάζειν.
2605 3001 2718 3071 Τὴν
2782 3003 2964 3074 μέντοι
3010 3004 3212 3076 φράσιν
3241 3007 3392 3059 ἐστὶν
3425 3007 3677 3078 ἄριστος,

417 3108 625 3154 certam
686 3098 994 3164 opinionem
1045 3095 1356 3160 contendat,
1420 3094 1558 3152 nihil
1596 3110 1717 3151 esse
1745 3102 1896 3149 certo
1927 3093 1992 3146 de

2101 3087 2241 3153 λέξει
2285 3090 2516 3162 εύσήμῳ
2562 3108 2621 3144 τε
2666 3093 2759 3145 καὶ
2788 3094 2954 3165 κυρίᾳ
2995 3094 3193 3166 καὶτῷ
3238 3096 3530 3167 ὲμφατικῷ
3562 3099 3681 3152 δια-

416 3193 580 3249 rclms
625 3190 747 3248 ullis
794 3191 1164 3247 statuendum.
1227 3191 1307 3245 Ad
1347 3191 1547 3260 stylum
1602 3190 1745 3258 quod
1777 3188 1992 3251 attinet,

2101 3178 2389 3252 πρεπούσῃ
2423 3182 2785 3252 κεχρημένος,
2808 3183 3119 3254 εὖκρινείας
3148 3202 3206 3238 τε
3236 3186 3331 3239 καὶ
3358 3186 3680 3257 καθαρότη-

418 3288 577 3358 longe
606 3287 867 3355 optimus:
885 3285 1118 3339 dictione
1138 3296 1269 3336 usus
1301 3279 1641 3351 signiﬁcante
1668 3293 1732 3333 ac
1754 3278 1992 3347 propria,

2101 3289 2186 3335 τος
2218 3272 2357 3341 μετὰ
2388 3273 2483 3327 τοῦ
2529 3272 2785 3345 λαμπροῦ
2817 3276 2912 3328 καί
2957 3276 3274 3348 συμμέτρου
3307 3277 3597 3348 μεγέθους,
3625 3277 3685 3333 ετ

419 3392 647 3447 quaeque
675 3377 864 3433 eli‘tcax
893 3376 1105 3430 dicendi
1151 3390 1322 3445 genus
1351 3375 1559 3428 deceat.
1626 3370 1992 3424 Distinctionis

2101 3378 2180 3425 τις
2213 3362 2393 3426 ἄλλος,
2437 3367 2693 3435 ἐραστής.
2747 3365 2998 3437 Συνθήκη
3033 3384 3093 3421 τε
3125 3367 3274 3439 αύτῷ
3301 3368 3475 3433 οὕτως
3499 3370 3682 3441 ἥρμο-

421 3470 606 3524 adbzec
646 3480 809 3537 atque
857 3469 1132 3535 puritatis,
1189 3481 1342 3533 mque
1394 3475 1453 3518 ut
1500 3462 1901 3533 perspicaitatis
1944 3472 1992 3516 et

2101 3476 2248 3525 σται,
2279 3458 2420 3513 ὥστε
2448 3461 2629 3515 δοκεῖν
2655 3462 2747 3515 τὸν
2773 3464 3221 3532 ἀναγινώσκοντα
3254 3465 3329 3536 μὴ
3360 3465 3556 3535 λόγους
3589 3466 3682 3520 λέ-

420 3574 559 3635 pptte
608 3562 1011 3632 magnitudinis,
1071 3560 1115 3614 si
1159 3559 1283 3628 quis
1327 3557 1465 3611 alius
1498 3556 1866 3626 perstudiosns
1896 3565 1996 3609 est.

420 3648 878 3718 Compositionem
939 3664 1154 3720 quoque
1202 3649 1336 3702 adeo
1366 3647 1649 3703 commode
1688 3647 1999 3710 concinnat,

421 3755 481 3797 ut
505 3743 674 3797 lector
720 3745 905 3798 credat
935 3758 1040 3795 non
1072 3757 1129 3796 se
1175 3739 1449 3794 orationes
1481 3739 1677 3817 legere,
1722 3737 1862 3809 96b
1908 3737 2002 3792 sed

414 3834 714 3904 jucundum
762 3834 977 3904 aliquod
1025 3848 1269 3893 carmen,
1320 3831 1439 3890 sine
1499 3829 1785 3884 manifesto
1818 3840 2000 3895 cantu,

422 3924 756 3978 audientium
794 3924 1018 3977 auribus
1044 3924 1323 3977 instillari.
1382 3920 1502 3976 Uno
1534 3923 1723 3985 verbo,
1759 3932 1812 3975 ut
1847 3938 2006 3990 repe-

422 4026 557 4078 tam,
590 4016 973 4070 venustissima
1008 4016 1126 4082 ejus
1155 4016 1329 4069 oratio
1358 4025 1459 4078 cst,
1483 4029 1581 4068 nec
1602 4015 1735 4067 satis
1752 4012 2005 4079 subjecta:

423 4106 505 4162 rei
536 4105 756 4173 decens,
805 4122 966 4176 quam
1020 4106 1108 4160 ille
1133 4106 1299 4160 voluit
1333 4105 1561 4160 ridendo
1596 4104 1803 4160 ludere.
1852 4105 2005 4171 Quod

2098 3566 2237 3618 γειν,
2263 3550 2398 3605 ἀλλὰ
2434 3552 2592 3620 μέλος
2608 3552 2655 3584 ⁸⁸
2683 3570 2734 3606 τι
2766 3554 3000 3622 τερπνὸν
3029 3556 3198 3626 χωρὶς
3230 3556 3509 3626 ἐμφανοῦς
3529 3557 3680 3630 ᾠδῆς

2100 3643 2211 3703 τοῖς
2241 3640 2375 3694 ὠσὶν
2423 3643 2816 3708 ὲναποστάζειν
2853 3646 2963 3698 τῶν
3005 3647 3314 3717 ἀκροατῶν.
3364 3649 3475 3703 Καὶ
3512 3649 3676 3717 ὅλως,

2100 3731 2291 3803 ὥσπερ
2321 3733 2554 3805 ἔφημεν,
2599 3736 2822 3806 ἄριστος
2853 3739 2881 3790 ό
2912 3735 3071 3805 λόγος
3112 3737 3262 3807 αὐτῷ
3308 3738 3405 3792 καὶ
3449 3740 3511 3793 ού
3543 3740 3682 3811 πρέ-

2100 3842 2219 3878 πων
2246 3825 2588 3893 ὑποθέσεσιν,
2621 3828 2687 3892 ἃς
2717 3829 2878 3893 αὐτὸς
2916 3828 3059 3899 ἔγνω
3089 3831 3187 3884 σὺν
3217 3830 3293 3899 τῷ
3324 3831 3520 3901 γελοίῳ
3567 3833 3682 3886 δια-

2101 3918 2311 3984 παϊξαι.
2347 3920 2468 3974 Ὀτι
2494 3920 2551 3973 δὲ
2580 3920 2742 3982 αὐτὸς
2785 3922 2894 3975 τῶν
2927 3922 3095 3992 μηδὲν
3140 3918 3210 3994 ἦν
3254 3922 3392 3987 ὅλως
3431 3924 3682 3990 δοξαζόν»

2100 4029 2231 4072 των,
2282 4010 2376 4064 καὶ
2418 4011 2480 4064 τὸ
2522 4012 2621 4080 τῆς
2669 4012 2852 4084 βίϐλου
2902 4015 3233 4088 ἐπίγραμμα
3278 4014 3498 4072 δίδωσιν
3549 4019 3683 4072 ὑπο⁸

2102 4102 2432 4171 λαμϐάνειν·
2463 4102 2579 4173 ἔχει
2611 4105 2720 4177 γὰρ
2752 4100 2853 4159 ὧδε

421 4210 603 4255 autem
626 4201 692 4255 de
715 4202 784 4255 iis
806 4216 944 4255 unus
967 4184 1078 4269 ipse
1102 4201 1287 4265 fuerit,
1305 4201 1395 4271 qui
1421 4200 1553 4254 nihil
1574 4209 1725 4256 certo
1744 4208 2072 4264 assererent,
2096 4199 2179 4252 vel
2198 4200 2334 4254 libro
2353 4201 2672 4269 inscriptam
2695 4202 2797 4257 hoc
2815 4202 3144 4272 epigramma
3163 4206 3295 4258 satis
3316 4207 3555 4260 ostendit
3579 4225 3593 4262 :

424 4311 630 4377 Scripsi
661 4310 771 4365 Itazc
801 4310 1067 4365 Luciunus
1096 4312 1258 4378 prisci
1283 4313 1539 4377 stultique
1566 4312 1765 4377 peritus
1787 4326 1807 4364 :

535 4381 710 4436 Stulta
736 4383 950 4442 etenim,
976 4382 1127 4448 vulgo
1155 4383 1354 4435 credita
1380 4384 1535 4435 docta
1568 4393 1762 4435 tamen.

419 4454 562 4524 Ergo
589 4452 663 4504 nil
686 4452 958 4505 hominum
987 4461 1132 4524 certo
1158 4468 1300 4524 men;
1330 4454 1815 4524 concipitﬂunquam
1842 4467 1863 4517 ;

529 4524 623 4576 Au
647 4526 786 4593 quod
815 4523 1052 4587 miraris,
1085 4521 1369 4575 ridiculum
1394 4531 1471 4576 est
1497 4521 1640 4575 aliis.

1097 4613 1335 4669 CXXIX.

726 4706 882 4761 Lucii
915 4704 1187 4759 Patrensis
1222 4704 1688 4770 Metamorphoses.

498 4802 675 4858 Lect:e
730 4811 858 4855 sunt
914 4798 1067 4853 Lucii
1121 4798 1400 4852 Patrensis
1460 4796 2007 4865 Transformationum

427 4896 757 4949 narrationes
788 4893 969 4946 variae.
1008 4892 1184 4945 Dictio
1230 4890 1348 4957 ejus
1377 4889 1549 4951 clara,
1602 4904 1734 4958 pura
1793 4898 1847 4943 et
1880 4888 1999 4943 dul-

427 4988 623 5041 cedine
644 4986 921 5040 delectans
948 5001 962 5038 :
995 4982 1208 5052 fugiens
1239 4997 1368 5035 vero
1398 4981 1658 5035 orationis
1683 4980 2001 5044 novitatem,

427 5093 588 5145 supra
618 5078 836 5132 modum
867 5076 1206 5145 prodigiosas
1250 5082 1596 5129 consectatur
1645 5071 2003 5136 narrationes,

2108 4313 2442 4385 Λουκιανός
2461 4313 2588 4367 τάδ’
2609 4313 2865 4385 ἔγραψα,
2888 4314 3118 4368 παλαιὰ
3137 4331 3201 4369 τε
3214 4316 3384 4385 μωρὰ
3412 4334 3478 4371 τε
3492 4318 3683 4385 εἰδῶς’

2180 4384 2355 4459 {tropei
2382 4385 2491 4459 γᾴρ
2508 4384 2853 4459 Ϋάῂθρώποιῃς
2880 4386 2975 4438 καί
3002 4387 3073 4459 τὰ
3099 4384 3402 4459 δοκοῦντα
3422 4389 3611 4459 σοφά.

2101 4451 2294 4526 Οὐδὲν
2313 4451 2774 4526 erumpam;
2798 4456 3107 4521 ἃιακριδόν
3142 4458 3274 4510 ἐστι
3302 4451 3543 4526 νόηιια’·

2193 4522 2349 4578 Ἀλλ’
2375 4522 2516 4578 δ’σὺ
2540 4524 2874 4595 θαυμάζεις,
2912 4527 3074 4582 τοῦθ’
3102 4527 3359 4596 ἑτέροισι

2799 4619 2956 4672 ΡΚΘ¹

2232 4705 2494 4759 Λουκίου
2528 4706 2801 4793 Πατρέως
2830 4710 3355 4780 Μεταμορφώσεων
3381 4674 3579 4783 λόγοι.

2190 4796 2530 4867 Ἀνεγνώσθη
2550 4799 2779 4853 Λουκίου
2812 4802 3073 4871 Πατρέως
3096 4805 3686 4875 Μεταμορφώσεων⁹¹

2107 4887 2257 4956 λόγοι
2282 4890 2552 4960 διάφοροι.
2602 4892 2757 4944 Ἔστι
2796 4892 2855 4946 δὲ
2890 4895 2989 4963 τὴν
3036 4897 3236 4967 φράσιν
3263 4900 3442 4967 σαφής
3488 4915 3551 4951 τε
3593 4899 3687 4951 καὶ

2112 4983 2350 5053 καθαρὸς
2396 4985 2492 5036 καὶ
2535 4983 2687 5052 φίλος
2728 4984 3097 5057 γλυκύτητο;”
3141 4990 3361 5057 φεύγων
3409 4989 3469 5043 δὲ
3499 4991 3601 5059 τὴν
3628 4992 3686 5043 ὲν

2112 5072 2293 5139 λόγοις
2346 5075 2715 5144 καινοτομίαν,
2762 5077 2844 5140 εἰς
2889 5076 3196 5149 ὑπερϐολὴν
3249 5077 3439 5133 διώκει
3490 5078 3591 5150 τὴν
3631 5081 3689 5132 ὲν

1736 5207 1976 5264 νΑΒΙᾹΞ
2020 5205 2430 5262 ιΕΟΤΙΟΧΕΞ.

506 5307 552 5338 ⁹⁶
582 5306 704 5359 libri
743 5304 984 5374 λέγεται.
1062 5304 1108 5336 ⁸⁷
1134 5305 1163 5357 ό
1195 5312 1249 5357 et
1278 5302 1416 5357 infra
1445 5304 1597 5357 οὐδὲν
1626 5304 1749 5358 add.
1783 5304 1846 5356 Α.
1922 5303 1968 5335 ⁸⁸
1996 5301 2160 5371 μέρος
2194 5319 2255 5365 ς.
2333 5300 2379 5333 ’⁸
2410 5302 2888 5373 μεταμορφώσεως
2915 5319 2977 5368 ς.

1935 5436 2170 5492 ΝΟΤΑΕ.

510 5529 623 5595 (9.0)
658 5531 822 5597 Cujus
849 5532 1014 5585 vitam
1048 5531 1173 5584 infr.
1211 5530 1326 5591 lege
1357 5529 1476 5583 cod.
1513 5528 1640 5583 258.

507 5602 619 5665 (2i)
663 5601 934 5655 Videndns
965 5603 1030 5654 de
1062 5604 1161 5653 hoc
1189 5600 1459 5665 scriptore
1491 5598 1687 5652 Suidas
1709 5597 1927 5667 aliique.

513 5670 626 5742 (22)
664 5671 860 5738 Quales
890 5670 1172 5742 Pyrrhonii
1196 5681 1249 5725 et
1271 5668 1603 5726 Academici.
1635 5669 1848 5739 utrique
1877 5669 2005 5724 hinc

2113 5528 2397 5603 σκεπτικοὶ
2417 5527 2512 5580 καὶ
2544 5530 2869 5603 ἀπορητικοὶ
2909 5529 3157 5603 appellati
3218 5529 3492 5603 Yidendus
3530 5533 3688 5603 Agel-

2110 5598 2215 5651 Iltts
2240 5598 2335 5655 lib.
2372 5614 2435 5669 tt,
2468 5614 2588 5667 cap.
2618 5600 2671 5664 5,
2691 5598 2741 5653 et
2777 5602 2925 5669 Diog.
2953 5599 3092 5655 Laer
3118 5640 3133 5655 .
3161 5604 3213 5654 in
3238 5601 3539 5669 Pyrrhone.
3564 5598 3686 5658 Sex.

2112 5683 2331 5740 quoque
2366 5668 2673 5739 Euipiricus
2716 5670 2768 5726 in
2805 5668 3238 5742 Hypotyposibus
3277 5668 3686 5746 Pyrrhonianis.
