3932 6240
449 295 565 363 415
1537 305 1805 367 ΡΗΟΤΙΙ
1845 302 2040 367 ΡΑΤΒ

2158 309 2360 369 ὶϐΗίΕ
2398 312 2509 375 CP.
3618 315 3734 382 416

454 423 584 467 ante
607 411 784 482 ipsum
813 409 881 466 de
906 410 1215 467 Alexandro
1257 410 1611 480 scripserunt.
1655 413 1825 469 Tenui
1869 425 2038 485 atque

2158 422 2272 492 περὶ
2305 423 2492 488 αὑτοῦ,
2527 425 2701 495 ἀτόνῳ
2754 415 2821 480 δὲ’
2847 426 2942 480 καὶ
2987 426 3198 499 ὲκλύτῳ
3229 430 3540 503 χαρακτῆρι
3593 431 3734 501 χρῆ..

455 501 657 556 elumbi
690 516 822 556 usus
845 513 929 556 est
957 502 1166 556 dicendi
1203 516 1420 570 genere.
1473 501 1583 557 Etsi
1621 512 1798 558 autem
1831 508 2040 577 perspi-

2158 529 2246 566 ται
2275 513 2318 567 ⁵.
2376 514 2483 567 Τοῦ
2519 516 2702 585 μέντοι
2739 518 2946 587 σαφοῦς
3003 519 3064 572 οὐ
3117 519 3417 586 διαπίπτει,
3470 501 3643 576 πολλά
3674 521 3734 576 δὲ

460 598 665 653 unitate
687 614 792 653 non
819 607 984 660 caret,
1017 599 1246 668 plurima
1275 608 1452 655 tamen
1484 601 1788 656 necessaria
1814 613 2042 672 praeter-

456 687 640 742 mittit.

528 779 760 851 Scripsit
820 781 987 846 idem,
1070 797 1192 835 cum
1253 784 1389 838 alios
1446 799 1552 838 non
1601 784 1762 840 unius
1825 786 2044 854 generis

456 873 652 933 libros.
721 883 830 926 tum
890 874 1022 927 vita:
1070 875 1302 929 invicem
1359 885 1742 944 comparatas;
1802 888 1858 931 ut
1921 877 2045 933 Dio-

457 966 594 1033 nysii
651 976 704 1019 et
743 965 1056 1033 Domitiani,
1116 968 1272 1023 libris
1327 970 1586 1036 duobus;
1635 969 1867 1040 Philippi
1905 987 2040 1041 quo-

455 1072 562 1123 que
611 1056 964 1112 Macedonum
1013 1060 1155 1130 regis
1195 1070 1249 1113 et
1281 1061 1530 1131 Augusti,
1595 1063 1750 1118 libris
1799 1064 2042 1120 totidem.

456 1149 652 1203 Fertur
676 1151 920 1217 ejusdem
953 1161 1010 1206 et
1030 1155 1093 1206 de
1141 1151 1499 1224 Olympiadis,
1526 1153 1823 1212 Alexandri
1854 1158 2044 1211 matris

469 1238 590 1294 Vita
619 1242 759 1297 liber
790 1243 1102 1313 singularis.

998 1334 1530 1403 CXXXII-CXXXV.

625 1420 888 1489 Palladii,
915 1426 1221 1496 Aphthonii,
1265 1428 1500 1496 Eusebii,
1537 1441 1589 1484 et
1628 1429 1858 1486 Maximi

1025 1495 1468 1553 Declamationes.

529 1583 711 1642 Lectae
757 1598 884 1642 sunt
909 1586 1131 1643 Palladii
1164 1589 1275 1660 (26)
1313 1591 1584 1662 δοριιίειτε
1619 1592 2045 1650 Declamationes

457 1681 644 1743 ναι-ἕω,
687 1679 986 1748 Aplttltouii
1044 1683 1156 1752 (27)
1191 1699 1404 1754 quoque
1455 1695 1510 1739 et
1548 1684 1761 1740 Eusebii
1797 1687 1908 1757 (‘28)
1944 1689 2045 1742 So-

2153 607 2262 660 τῶν
2295 607 2614 676 ἀναγκαίων
2656 611 3090 682 παραλιμπάνει.

2239 787 2297 842 '0
2321 789 2483 850 αὐτὸς
2511 788 2568 842 δὲ
2589 790 2684 843 καὶ
2705 789 2927 862 ἐτέρους
2955 790 3145 859 λόγους
3175 790 3383 861 ἔγραψε
3413 793 3731 862 διαφόρους,

2155 880 2250 934 κα)⁸
2279 880 2714 949 παραλλήλους
2745 883 3007 953 συνέθηκε
3024 885 3224 950 βίους,
3243 883 3432 956 ὥσπερ
3454 885 3734 937 Διονυσίου

2153 974 2250 1027 καὶ
2279 974 2598 1043 Δομιτιανοῦ
2623 975 2644 1006 ⁸
2681 975 2739 1027 ὲν
2771 975 2893 1028 δυσὶ
2923 975 3122 1044 λόγοις,
3151 976 3419 1029 Φιλίππου
3443 993 3505 1028 τε
3537 978 3732 1030 Μακε-

2151 1064 2320 1116 δόνων
2347 1065 2442 1116 καὶ
2487 1064 2799 1132 Αὐγούστου
2853 1066 2910 1118 ὲν
2943 1065 3152 1135 ἑτέροις
3183 1066 3355 1121 δυσίν.
3392 1068 3515 1120 Ἔτι
3556 1067 3612 1119 δὲ
3637 1069 3735 1119 καὶ

2153 1161 2295 1227 Περὶ
2328 1155 2726 1226 Ὀλυμπιάδος
2783 1161 2883 1230 τῆς
2927 1159 3280 1230 Ἀλεξάνδρου
3317 1159 3526 1231 μητρὸς
3574 1159 3737 1228 λόγον

2155 1246 2398 1318 ἔγραψεν

2749 1341 2835 1393 ΡΛ
2844 1341 3097 1396 B'-PAE'.

2151 1429 2502 1488 Παλλαδίου
2529 1431 2854 1500 σοφιστοῦ,
2904 1432 3244 1501 Ἀερθονίου,
3281 1433 3603 1498 Εὐσεϐίου,
3633 1433 3738 1488 καὶ

2644 1502 2920 1570 Μαξίμου
2960 1503 3238 1557 Μελέται.

2221 1591 2670 1664 ’Δνεγνὼσθησαν
2705 1594 3001 1649 Παλλαδίου
3028 1595 3282 1666 σοφιστοῦ
3313 1595 3576 1651 Μελέται
3603 1593 3739 1649 διά-

2150 1689 2462 1758 φοροι,καὶ
2505 1688 2787 1758 Ἀφθονίου
2847 1689 2942 1744 καὶ
2995 1691 3257 1744 Εὑσεϐίου
3326 1689 3585 1760 σοφιστοῦ
3640 1689 3739 1743 καὶ

461 1770 800 1837 phistarum,
881 1772 1006 1825 item
1067 1772 1286 1828 Maximi
1345 1775 1601 1844 sapliistze
1664 1776 2040 1832 Alexandrini.

2158 1780 2404 1850 Μαξίμου
2440 1779 2698 1848 σοφιστοῦ
2751 1781 3166 1854 Ἀλεξανδρέως,
3199 1780 3361 1835 Ἀλλά
3391 1781 3503 1834 τῶν
3557 1781 3740 1836 ἄλλων

462 1856 663 1914 Verum
733 1870 958 1917 caeteros
998 1863 1271 1919 Palladius
1324 1865 1473 1920 omni
1534 1865 1751 1923 dicendi
1809 1870 2041 1925 artiﬁcio

459 1954 644 2008 multis
667 1955 911 2023 partibus
940 1958 1240 2026 superavit.

1111 2048 1399 2105 CXXXVI.

973 2141 1162 2212 Cyrilli
1209 2143 1483 2200 Thesauri.

532 2231 810 2302 Leguntur
836 2233 1022 2306 Cyrilli
1052 2235 1331 2289 Thesauri.
1367 2236 1794 2305 Epiclierematis
1808 2238 2040 2294 refertus

459 2326 726 2389 estliber,
774 2337 1084 2397 pugnatque
1119 2329 1292 2384 valide
1351 2346 1415 2384 ac
1462 2332 1612 2386 varie
1655 2347 1777 2386 cum
1808 2333 1923 2386 Arii
1985 2342 2042 2386 et

460 2416 711 2472 Eunomii
737 2417 1026 2474 furibunda
1063 2422 1231 2476 rabie.
1291 2422 1502 2476 Etenim
1565 2433 1621 2477 et
1650 2424 1836 2493 logicis
1877 2439 2042 2493 argu-

459 2511 655 2564 mentis
683 2511 961 2580 sapienter
990 2511 1204 2567 illorum
1236 2515 1462 2570 destruit
1496 2516 1812 2580 amentiam,
1845 2515 2041 2584 quibus

458 2598 586 2653 dum
608 2615 776 2655 sacra:
799 2601 1092 2671 Scriptura:
1119 2603 1361 2658 :mnectit
1384 2605 1682 2674 attexitque
1711 2605 2036 2671 testimonia,

458 2707 620 2759 quam
653 2692 726 2746 sit
756 2691 842 2746 illa
867 2693 1106 2748 doctrina
1145 2694 1311 2750 futilis
1339 2697 1486 2751 omni
1509 2706 1747 2764 exparte
1775 2697 2034 2766 divulgat.

455 2782 693 2838 Adhibet
746 2783 888 2838 idem
935 2785 1076 2838 nuda
1109 2803 1324 2857 quoque
1349 2803 1518 2842 sacra:
1553 2787 1852 2858 Scriptura:
1885 2790 2041 2844 testi-

461 2875 663 2939 monia,
702 2885 761 2929 ut
787 2891 892 2943 quo
923 2891 983 2930 se
1015 2875 1240 2931 fasluosi
1273 2887 1505 2944 vertant,
1545 2881 1755 2948 obsepti
1801 2881 2040 2950 undique

461 2976 626 3035 atque
650 2969 914 3029 conclusi,
942 2983 1047 3022 non
1081 2969 1336 3025 habeant.
1354 2969 1449 3026 Est
1475 2981 1654 3027 autem
1689 2974 1828 3026 inter
1857 2973 2039 3028 omnia

459 3058 580 3128 ejus
612 3060 815 3128 scripta
841 3059 978 3114 liber
995 3061 1086 3116 ltic
1118 3062 1355 3118 maxime
1387 3065 1726 3132 perspicuus,
1783 3064 1851 3120 iis
1874 3066 2039 3134 Potis-

461 3151 684 3214 simum,
703 3150 794 3220 qui
811 3151 1105 3222 logicorum
1124 3139 1572 3224 argumeniorum
1597 3170 1814 3210 sensum
1846 3170 2041 3226 capere

457 3251 708 3314 possunt.

1099 3336 1405 3393 CXXXVII.

870 3426 1120 3483 Eunomii
1145 3430 1376 3485 Itwretici
1403 3430 1632 3486 libellus.

535 3514 661 3587 Legi
693 3516 934 3574 libellum
985 3521 1232 3575 Eunomii
1265 3521 1402 3593 (29),
1433 3536 1540 3591 quo
1568 3521 1711 3593 97b
1741 3537 1893 3579 suam
1926 3523 2040 3594 ipse

459 3609 641 3675 prodit
691 3610 1048 3680 impietatem,
1079 3611 1232 3680 cujus
1268 3612 1356 3668 hic
1400 3613 1588 3668 titulus
1775 3613 2038 3670 Libellum

463 3699 632 3766 hunc,
671 3703 814 3770 quod
863 3701 1216 3758 Eunomianis
1266 3703 1321 3758 in
1371 3703 1732 3758 admiratione
1767 3714 1930 3770 esset,
1972 3705 2040 3760 de

461 3790 750 3860 industria,
794 3805 862 3848 ne
915 3794 981 3848 ad
1022 3795 1158 3850 alios
1204 3795 1533 3863 perveniret,
1574 3796 1904 3850 occultatum
1949 3797 2039 3851 vix

465 3883 682 3940 tandem
733 3895 924 3942 nactus
966 3887 1199 3943 Basilius
1233 3904 1482 3959 magnus,
1529 3888 1747 3947 fortiter
1785 3907 1908 3946 eum
1977 3907 2040 3947 ac

463 3976 762 4045 splendide,
787 3993 1111 4049 omnemque
1135 3981 1272 4036 adeo
1299 3981 1528 4036 dicendo
1556 3981 1662 4036 vim
1709 3997 1775 4036 ac
1811 3983 2040 4038 faculta-

465 4076 572 4120 tem
620 4071 942 4138 pervadens,
995 4073 1192 4127 evertit
1247 4088 1312 4128 ac
1343 4073 1634 4143 iugulavit.
1669 4073 1890 4129 Diceres
1915 4091 2036 4129 eum

463 4158 847 4231 Babylonicum
905 4163 1167 4220 infantem
1226 4165 1293 4220 ad
1363 4166 1576 4220 lirntam
1631 4166 1755 4222 ﬁdei
1828 4176 2039 4238 petram

463 4251 736 4308 allidendo
764 4258 1099 4320 contudisse,
1119 4273 1179 4312 ac
1205 4259 1374 4327 putidi
1416 4259 1696 4314 cadaveris
1732 4260 1903 4313 instar
1927 4260 2037 4313 risu

463 4345 683 4415 dignum
730 4348 1052 4417 ostendisse,
1084 4353 1229 4419 quod
1264 4360 1466 4406 tantam
1503 4361 1660 4406 antea
1686 4353 1770 4407 sui
1799 4351 2038 4406 admira-

463 4437 660 4491 tionem
691 4439 1012 4496 concitarat.

1078 4534 1412 4592 CXXXVIII.

459 4620 713 4692 Ejusdem
747 4621 1001 4707 Eunomii
1031 4626 1380 4707 Refutationis
1508 4631 1699 4707 Basilii
1745 4637 1922 4707 magni
1963 4636 2034 4691 li-

873 4700 952 4751 bri
977 4713 1061 4756 m.
1091 4697 1229 4754 Item
1261 4701 1514 4771 Epistolas
1543 4701 1656 4758 XL.

531 4841 751 4899 Lectum
798 4848 1040 4917 ejusdem
1080 4852 1228 4919 impii
1282 4854 1515 4909 hominis
1551 4865 1662 4910 tres
1701 4854 1870 4911 libros
1903 4873 2035 4913 con-

460 4935 639 4991 tinens
691 4940 961 5005 volumen,
1001 4945 1142 5012 quod
1174 4945 1320 5000 velut
1361 4946 1658 5003 conlutatio
1704 4958 1789 5004 est
1831 4950 2040 5004 illarum

463 5027 824 5098 ineptiarum,
883 5049 1017 5103 quas
1071 5037 1124 5089 in
1179 5038 1348 5107 ipsius
1400 5041 1627 5110 reperiri
1688 5041 2045 5111 blasphemiis

461 5131 685 5180 sanctus
712 5123 945 5182 Basilius
971 5129 1388 5190 demonstrarat.
1429 5132 1545 5191 Iloc
1581 5136 1634 5189 in
1662 5151 1826 5206 opere
1853 5145 2042 5206 partu-

2143 1874 2172 1925 ὁ
2199 1871 2496 1935 Παλλάδιος
2550 1871 2693 1926 κατά
2719 1873 2900 1926 πᾶσαν
2951 1873 3153 1945 ἀρετὴν
3183 1872 3282 1944 τὴν
3313 1874 3373 1926 ὲν
3425 1872 3611 1943 λόγοις
3641 1872 3739 1926 ἐπὶ

2145 1960 2394 2014 πλεῖστον
2422 1960 2754 2032 διενήνοχεν.

2850 2053 3014 2121 PAG’
3022 2094 3036 2107 .

2561 2144 2867 2212 Κυρίλλου
2895 2146 2950 2196 οι
2977 2143 3300 2212 Θησαυροί.

2212 2233 2656 2306 Ἀνεγνὼσθησαν
2685 2235 2956 2305 Κυρίλλου
2986 2237 3036 2289 οἱ
3070 2236 3386 2303 θησαυροί.
3417 2235 3738 2305 Ἐπιχειρη-

2145 2328 2372 2398 ματικόν
2421 2329 2535 2380 ἐστι
2569 2329 2589 2358 ⁷
2620 2328 2680 2380 τὸ
2709 2327 2936 2397 βιϐλίον,
2985 2329 3081 2380 καὶ
3128 2327 3260 2399 [513
3289 2325 3384 2398 R.]
3437 2328 3582 2380 κατά
3633 2327 3736 2396 τῆς

2154 2419 2364 2491 Ἀρείου
2395 2420 2488 2472 κα)⁵
2516 2418 2784 2488 Εὑνομίου
2810 2418 3017 2487 λύσσης
3057 2417 3321 2484 γενναίως
3344 2418 3438 2470 καὶ
3466 2417 3736 2486 πολυτρό-

2143 2529 2258 2574 πως
2313 2509 2748 2582 ἀγωνιζόμενονο
2801 2511 2897 2563 καὶ
2940 2510 3049 2580 γάρ
3107 2510 3203 2562 καὶ
3231 2509 3477 2578 λογικοῖς
3509 2509 3728 2578 ἐφόδοις

2142 2601 2526 2671 ἐπιστημόνως
2555 2600 2736 2655 αὐτῶν
2759 2600 3051 2671 ἀπελέγχει
3079 2599 3176 2670 τὴν
3206 2599 3416 2661 ἄνοιαν.
3464 2599 3563 2652 καὶ
3589 2600 3736 2670 Γρα-

2141 2691 2310 2761 φικάς
2363 2690 2556 2753 αὐταῖς
2589 2688 2922 2758 συμπλέκων
2955 2690 3050 2742 καὶ
3105 2689 3444 2757 συνυφαίνων
3501 2688 3736 2760 χρήσεις

2141 2780 2480 2852 πανταχόθεν
2514 2783 2577 2834 τὸ
2611 2779 2810 2851 σαθρὸν
2841 2779 3020 2834 αὐτῶν
3054 2779 3361 2850 στηλιτεύει
3397 2779 3490 2832 τοῦ
3523 2780 3735 2850 δόγμα-

2139 2891 2250 2939 τος.
2282 2874 2481 2946 Τίθησι
2510 2873 2566 2927 δὲ
2595 2873 2690 2927 καὶ
2721 2873 3032 2944 μαρτυρίας
3059 2871 3248 2936 ἁπλῶς
3280 2873 3380 2944 τῆς
3427 2872 3657 2942 Γραφῆς
3705 2870 3736 2924 δ

2142 2967 2424 3029 θεσπέσιος
2455 2965 2743 3035 Κύριλλος,
2776 2967 2856 3029 εἰς
2909 2965 3219 3036 ἀμηχανίαν
3253 2963 3437 3016 αὐτῶν
3472 2963 3563 3016 διὰ
3595 2963 3737 3016 πάν-

2139 3077 2247 3112 των
2283 3059 2584 3127 συγκλείων
2634 3057 2694 3110 τὸ
2725 3056 3017 3129 φρύαγμα.
3071 3057 3229 3110 Ἔστι
3286 3055 3342 3108 δὲ
3381 3055 3491 3108 τῶν
3527 3053 3732 3108 ἑαυτοῦ

2146 3153 2320 3220 λόγων
2351 3151 2607 3216 ἐνταῦθα,
2663 3151 2758 3204 καὶ
2790 3149 3036 3220 μάλιστα
3094 3151 3208 3211 τοῖς
3251 3146 3462 3202 ἔννοιαν
3505 3145 3736 3200 λαϐοῦσι

2145 3246 2256 3300 τῶν
2281 3245 2514 3312 λογικῶν
2540 3243 2769 3314 ἐφόδων,
2801 3243 3162 3311 σαφέστατος.

2855 3339 2939 3391 ΡΛ
2949 3337 3023 3392 Ζ’.

2323 3431 2626 3497 Εὐνομίου
2654 3429 2762 3485 τοῦ
2789 3429 3134 3493 δυσσεϐοῦς
3151 3429 3554 3500 βιϐλιδάριον.

2217 3521 2343 3594 [I67
2369 3521 2461 3594 IL]
2486 3521 2829 3592 Ἀνεγνώσθη
2857 3521 3185 3592 βιϐλιδάριον
3217 3523 3505 3594 Εὐνομίου,
3537 3522 3640 3593 τῆς
3666 3521 3736 3574 ol-

2146 3616 2300 3678 κείας
2357 3614 2679 3678 δυσσεϐείας
2734 3614 2973 3681 ἔκθεσις,
3035 3607 3097 3666 οῦ
3144 3616 3176 3684 ἡ
3206 3616 3493 3686 ἐπιγραφὴ
3520 3615 3544 3646 ⁸
3565 3656 3581 3671 .
3603 3655 3616 3666 .
3641 3653 3657 3668 .
3678 3653 3693 3669 .
3714 3655 3729 3669 .

2149 3704 2321 3758 Τοῦτο
2347 3705 2408 3758 τὸ
2457 3703 2787 3776 βιϐλιδάριον
2827 3704 2952 3758 ἐπεὶ
2981 3707 3096 3768 τοῖς
3130 3705 3581 3776 συναιρεσιὼταις
3628 3705 3734 3760 Εὑ-

2147 3797 2334 3868 νομίου
2391 3797 2478 3850 διὰ
2531 3796 2808 3868 θαύματος
2865 3797 2964 3868 μὲν
3012 3799 3197 3868 ἥγετο,
3264 3799 3496 3870 κρύφιον
3547 3799 3607 3852 δὲ
3639 3799 3734 3851 καὶ

2147 3890 2446 3961 ἀνέκφορον
2469 3891 2582 3953 τοῖς
2616 3888 2798 3952 ἄλλοις
2817 3886 2958 3943 εἶναι
2979 3890 3387 3955 διεσπούδαστο,
3420 3891 3580 3960 μόλις
3601 3891 3732 3944 ποτὶ

2145 3984 2174 4036 ὁ
2193 3981 2365 4052 μέγας
2391 3979 2670 4044 Βασίλειος
2698 3981 2791 4032 ἐπὶ
2817 3983 3004 4052 χεῖρας
3036 3980 3220 4034 λαϐεῖν
3267 3983 3544 4051 δυνηθεὶς,
3601 4000 3730 4052 γεν-

2147 4075 2313 4137 ναίως
2346 4090 2406 4126 τε
2426 4072 2522 4126 καὶ
2546 4071 2836 4143 λαμπρῶς,
2869 4072 2966 4126 καὶ
2997 4074 3051 4126 εἴ
3089 4090 3172 4137 τις
3211 4075 3382 4144 ἀρετὴ
3406 4074 3585 4144 λογων
3635 4077 3731 4128 καὶ

2149 4165 2322 4234 ἰσχὺς,
2357 4164 2443 4217 διὰ
2471 4161 2663 4217 πασῶν
2695 4163 2886 4227 ἐλθὼν,
2917 4165 3184 4235 ἀνέτρεψὲ
3218 4183 3278 4218 τε
3309 4167 3400 4220 καὶ
3425 4168 3727 4222 ἀνεσκεύα-

2148 4273 2260 4317 σεν.
2294 4254 2528 4325 ὦσπερ⁹
2553 4272 2606 4309 τι
2645 4255 2841 4326 νήπιον
2888 4255 3232 4311 Βαϐυλώνιον
3272 4261 3339 4329 τῇ
3389 4261 3600 4331 στεῤῥᾷ
3628 4260 3728 4330 τῆς

2146 4349 2404 4421 ἀληθείας
2445 4349 2490 4380 ¹⁰
2521 4349 2878 4420 προσαράξας
2921 4349 3118 4422 πέτρᾳ,
3161 4352 3257 4404 κα)⁵
3279 4349 3606 4423 θνησιμαίον
3635 4354 3728 4406 καὶ

2071 4483 2116 4538 D
2145 4443 2356 4512 γέλωτα
2382 4441 2561 4509 δείξας
2591 4443 2652 4496 τό
2685 4458 2818 4496 ποτε
2856 4439 3294 4513 θαυμαζόμενον.

2831 4535 3010 4590 ΡΛΗ’.

2147 4626 2260 4683 Τοῦ
2279 4623 2465 4682 αὐτοῦ
2489 4625 2638 4694 acati}
2665 4624 2777 4692 τῆς
2809 4626 3215 4694 πραγματείας
3255 4625 3363 4678 τοῦ
3405 4625 3584 4694 ἁγίου
3615 4627 3727 4678 Ba-

2214 4698 2470 4767 σιλείου,
2499 4695 2570 4749 ἐν
2594 4690 2634 4767 ᾗ
2655 4690 2956 4767 δυσσεϐὲς
2972 4690 3166 4750 αὐτοῦ
3189 4690 3482 4764 ἆνέτρεπὲ
3510 4696 3721 4757 δόνμαο

2213 4766 2314 4820 καὶ
2354 4765 2708 4821 Ἐπιστολαί
2729 4771 2812 4834 μ’.

2212 4856 2553 4928 Ἀνεγνὼσθη
2571 4856 2664 4910 τοῦ
2688 4856 2850 4910 αὐτοῦ
2873 4856 3164 4920 δυσσεϐοῦς
3194 4858 3460 4928 Εὑνομίου
3494 4856 3721 4926 βιϐλίον.

2139 4949 2198 5002 ὲν
2220 4949 2401 5018 λόγοις
2421 4949 2622 5021 τρισὶν,
2653 4949 2730 5013 ὼς
2761 4949 2922 5019 δῆθεν
2954 4950 3064 5003 τῶν
3089 4950 3558 5019 ἀποδεδειγμένων
3583 4951 3724 5002 κατά

2141 5041 2239 5112 τῆς
2269 5041 2622 5112 βλασφημίας
2680 5041 2845 5094 αὑτοῦ
2880 5041 2963 5110 τῷ
3020 5042 3150 5113 θείῳ
3203 5042 3474 5111 Βασιλείῳ
3504 5043 3722 5096 ἀτόπων

2141 5134 2382 5204 ἐλεγχος.
2409 5133 2630 5204 Ταύτην
2660 5135 2760 5204 τὴν
2808 5133 2990 5204 βίϐλον
3019 5135 3278 5190 ὠδίνοντα
3324 5135 3530 5198 πολλάς
3557 5150 3721 5203 φασιν

1717 5275 1954 5331 VARIZE
1993 5265 2406 5330 LECTIONES.

533 5361 553 5392 ο
579 5359 897 5436 χρῇτᾳιμ-Ας,
924 5361 1230 5436 εγκέχρηται
1258 5381 1319 5428 ς’.
1426 5367 1447 5398 ⁸
1475 5368 1801 5436 Δομετιανοῦ
1837 5388 1897 5434 ς’.

2000 5370 2021 5400 ⁷
2050 5369 2166 5422 ἐστι
2197 5369 2240 5420 Δ
2271 5386 2284 5421 :
2321 5367 2378 5421 δέ
2402 5367 2520 5420 ἐστι
2547 5383 2609 5431 ς’.

2716 5366 2884 5437 llpost
2910 5365 3191 5437 ἐπιγραφὴ
3227 5366 3418 5421 lacuna
3450 5368 3503 5422 itt
3536 5368 3582 5422 A
3610 5381 3723 5420 ver.

462 5443 617 5483 suum
649 5433 683 5483 ‘2
718 5431 839 5502 ιβ,
865 5435 916 5486 in
945 5435 985 5487 (Σ
1018 5431 1320 5488 litterarum
1343 5436 1409 5490 I3
1445 5439 1525 5492 vel
1549 5431 1644 5494 ⁷16.
1718 5441 1738 5471 ⁹
1767 5431 1982 5512 ὥσπερ]
2020 5438 2110 5493 Ps.
2140 5453 2382 5502 cxxxvn,
2418 5437 2474 5491 9.
2551 5437 2596 5468 ¹⁰
2627 5431 2887 5508 ἀληθείας
2913 5437 2958 5489 Δ
2987 5431 3270 5502 ινπίστέως
3301 5453 3341 5502 ς

1947 5549 2182 5606 NOTAE.

540 5615 650 5688 (‘26)
687 5617 882 5674 Snidas
911 5619 1296 5688 Inspicielndus.

538 5687 649 5760 (‘27)
683 5689 846 5760 anus
874 5687 1089 5744 exstant
1114 5687 1468 5760 Progymnas.
1493 5703 1547 5749 ct
1572 5693 1791 5750 Fabulae
1821 5693 2036 5750 (ἔταττο-

467 5759 566 5812 lat.
594 5757 649 5812 in
670 5757 938 5816 Germana
965 5761 1092 5816 edit.
1127 5761 1212 5815 ubi
1230 5757 1404 5830 plura.

2214 5618 2325 5691 (28)
2369 5619 2448 5672 An
2493 5618 2578 5673 hic
2616 5619 2706 5675 ille
2736 5619 2901 5674 Arab.
2953 5636 3111 5689 quem
3143 5621 3599 5679 ἀντισοκεσεῦσαι
3636 5623 3714 5678 ul-

2149 5690 2280 5745 titnn
2317 5691 2541 5752 legimus
2566 5693 2705 5759 apud
2739 5691 2960 5746 Suidam
2990 5692 3014 5744 ?

2221 5759 2332 5833 (29)
2362 5759 2493 5815 Vide
2510 5759 2661 5815 Suid.
