3932 6240
230 279 318 346 ll'l
1069 287 1592 348 BIBLIOTHECA.
1623 314 1696 325 -
1729 285 1945 352 CODD.
1978 285 2659 364 CXXXII-CXXXVIII.

3396 305 3504 374 418

236 399 390 456 αὐτὸν
443 397 590 453 ἑτῶν
632 398 1007 469 Ὀλυμπιάδας
1063 400 1417 471 κατατρῖψαι,
1482 401 1540 452 ὲν
1586 398 1812 469 οἰκίσκῳ

1922 403 2132 472 riendo,
2183 407 2378 463 multas
2417 425 2540 466 eum
2587 427 2853 468 annorum
2884 415 3235 488 Olympiadas
3261 420 3504 479 aedicula:

237 491 424 546 ἑαυτὸν
446 489 872 561 καθειργνύντα,
918 489 1015 542 καὶ
1041 487 1330 556 λαθραίαις
1362 489 1538 558 μίξεσι
1562 488 1622 542 τὸ
1651 505 1818 558 πονη-

238 583 328 652 ρὸν
349 583 528 634 ἐκεῖνο
561 581 731 652 τέρας
761 578 959 634 κύοντα
992 578 1144 649 μόλις
1176 580 1257 641 εἰς
1292 579 1408 648 φῶς
1448 579 1516 633 δι’
1540 580 1678 633 ἐτῶν
1707 581 1816 650 ἀμ-

236 673 552 744 ϐλωθρίδιον
587 671 884 744 ἐκτρῶσαι,
926 671 1150 726 θάλπειν
1178 687 1237 724 τε
1266 669 1500 737 ἐκεῖθεν,
1535 671 1630 726 καὶ
1663 671 1814 742 μόλις

233 767 327 821 καὶ
357 766 545 828 αὐτοῖς
575 767 688 828 τοῖς
723 764 1068 834 συμμύσταις
1102 765 1470 819 ἐπιδεικνύναι
1498 765 1559 818 τὸ
1600 765 1812 836 κύημα,

232 859 440 912 δεδιότα
476 857 710 928 μάλιστα
757 857 832 928 μή
862 874 978 920 πως
1033 858 1128 911 καὶ
1159 858 1294 912 αὐτὸ
1345 861 1469 923 ταῖς
1529 858 1811 911 Βασιλείου

231 951 388 1021 χερσὶ
420 950 720 1020 περιπεσὺν
755 950 795 980 ¹¹
827 950 956 1020 πρὶν
1001 950 1036 1020 ἢ
1079 951 1242 1019 πῆξιν
1289 950 1476 1004 λαϐεῖν
1503 949 1810 1022 διασπασθῇ

231 1040 467 1110 καὶ,πρὸ
515 1038 611 1092 τοῦ
657 1038 892 1106 ἀνθῆσαι
944 1038 1187 1110 ξηρανθῆ
1244 1039 1423 1109 ἄωρον
1465 1039 1809 1110 ἀποφθαρὲν.

226 1133 431 1202 Διόπερ
462 1131 740 1202 ἐπιμελῶς
771 1131 865 1183 καὶ
889 1129 1076 1202 ὥσπερ
1110 1134 1138 1185 ό
1167 1131 1264 1186 τοῦ
1313 1132 1523 1203 Κρόνου
1558 1131 1726 1202 μῦθος
1751 1132 1812 1184 τὸ

225 1226 480 1295 γέννημα
541 1225 840 1277 καταπιὼν
901 1223 1139 1296 ἐκρυπτέ
1193 1242 1252 1278 τε
1289 1227 1382 1278 καὶ
1417 1226 1809 1288 συνεκάλυπτε,

227 1322 425 1392 μέχρις
467 1320 533 1373 ἆν
563 1323 598 1392 ὴ
627 1319 912 1373 Βασιλείου
943 1317 1058 1391 ζωὴ
1085 1319 1164 1390 τῷ
1196 1321 1450 1390 ὲπικήρῳ
1484 1337 1810 1389 παρατεινο-

227 1414 363 1482 μένη
414 1411 519 1482 βίῳ
546 1413 640 1464 τὸν
676 1411 840 1481 φόϐον
864 1413 1136 1466 ὲπέσειεν.
1165 1413 1320 1465 Ἐπεὶ
1343 1413 1399 1465 δὲ
1423 1415 1451 1466 ό
1487 1413 1630 1476 θεῖος
1667 1414 1812 1467 ἐκεῖ·

221 1520 313 1567 νος
342 1503 605 1574 ἀνὴρτὴν
634 1503 928 1574 παροικίαν
975 1501 1150 1556 λιπὼν
1193 1505 1274 1566 είς
1323 1503 1413 1557 τὸν
1473 1506 1673 1558 οἰκεῖον
1717 1505 1811 1558 καὶ

220 1596 487 1665 οὐράνιον
513 1594 715 1666 κλῆρον
747 1594 942 1665 ἀνέδρα
951 1611 1040 1664 με.
1058 1594 1153 1647 τοῦ
1171 1593 1370 1647 πολλοῦ
1392 1595 1644 1658 λυθέντος
1658 1595 1811 1660 δέους

219 1685 320 1755 ὀψὲ
352 1687 396 1716 ¹⁹
422 1684 520 1738 τού
575 1684 794 1754 καιροῦ,
844 1684 1189 1755 δημοσιεύειν
1225 1686 1268 1718 ¹³
1305 1686 1427 1740 οὐδὲ
1455 1688 1577 1740 τότε
1620 1690 1806 1754 πᾶσιν,

1924 497 2193 552 inclusum
2240 513 2352 554 sua:
2389 502 2754 570 absumpsisse
2788 505 3005 571 ferunt;
3038 525 3104 564 ac
3147 511 3236 565 vix
3283 514 3498 567 tandem

1921 599 2045 659 post
2092 590 2388 644 multorum
2439 607 2703 649 annorum
2751 595 3132 665 intervallum,
3178 603 3502 658 abortiendo

1923 681 2228 750 improbum
2253 681 2404 737 illum
2437 697 2500 737 ac
2530 686 2921 755 prodigiosum,
2950 705 3108 759 quem
3140 692 3352 748 furtivis
3368 709 3502 748 con-

1921 776 2199 844 gressibus
2245 785 2614 843 canceperat,
2680 778 2847 832 fetum
2906 781 2960 835 in
3019 782 3192 837 lucem
3246 784 3499 853 eiecisse.

1919 867 2058 934 Quin
2112 881 2239 924 tunc
2279 868 2445 924 etiam
2494 869 2752 924 miserum
2795 872 2907 927 illic
2947 871 3180 929 fovendo
3241 887 3455 946 partum
3481 917 3497 941 ,

1921 963 2052 1030 ipsis
2077 978 2291 1033 quoque
2334 974 2500 1019 sectae
2543 964 2765 1019 asscelis
2795 981 2900 1019 non
2942 975 3143 1021 temere
3163 969 3498 1036 exhibuisse,

1919 1055 2147 1110 veritum
2179 1056 2433 1111 nimirum
2473 1055 2735 1121 maxime,
2773 1059 3058 1126 nequando
3101 1069 3158 1112 et
3201 1059 3304 1114 hnc
3360 1076 3498 1130 opus

1920 1149 1972 1202 in
2004 1147 2185 1202 Basilii
2224 1164 2419 1204 manus
2463 1149 2617 1220 prius
2650 1151 2892 1216 veniens,
2933 1165 3096 1218 quam
3141 1151 3497 1217 coalesceret,

1918 1247 2279 1317 dissiparetur
2317 1285 2333 1311 ,
2391 1257 2445 1302 et
2507 1260 2797 1316 antequam
2852 1247 3113 1314 ﬂoreret,
3173 1260 3498 1318 praemature

1917 1348 2232 1407 corruptum
2283 1349 2667 1392 marcesceret.
2709 1336 2875 1407 [gitur
2907 1338 3169 1405 studiose,
3196 1339 3498 1394 velutalter

1920 1431 1972 1484 in
2007 1429 2200 1484 fabulis
2244 1430 2533 1496 Saturnus,
2578 1441 2760 1483 natmu
2808 1430 3120 1484 devorando
3162 1433 3294 1484 texit
3336 1441 3498 1501 atque

1920 1522 2226 1584 abscondit,
2280 1523 2516 1592 quandiu
2579 1521 2794 1592 quidem
2852 1520 3084 1575 Basilius
3129 1521 3182 1574 in
3213 1521 3355 1577 ﬂuxa
3392 1523 3496 1577 iSIa

1918 1611 2027 1665 vita
2068 1612 2269 1682 degens
2303 1619 2504 1666 metum
2550 1612 2839 1666 incuteret.
2885 1612 3175 1680 Postquam
3233 1629 3360 1667 vero
3417 1615 3500 1666 vir

1918 1701 2008 1756 ille
2040 1701 2278 1765 divinus,
2313 1701 2594 1772 peregrina
2622 1700 2955 1756 habitatione
2991 1701 3200 1765 relicta,
3240 1703 3293 1756 in
3315 1717 3498 1766 suam,

219 1777 360 1832 ἀλλά
393 1779 512 1840 τοῖς
528 1777 700 1844 φίλοις
725 1776 1054 1847 ἐθάρρησεν.
1091 1771 1162 1849 ᾯ
1191 1778 1575 1865 περιτυχόντες
1605 1779 1812 1834 Θεόδω-

1934 1795 2035 1849 Ιιοο
2063 1804 2166 1859 est,
2205 1795 2256 1848 in
2289 1794 2563 1849 caelestem
2604 1795 2984 1865 commigravit
3019 1795 3410 1861 haereditatem,
3439 1804 3499 1850 et

221 1888 318 1943 ρος
343 1870 446 1924 καὶ
476 1869 778 1940 Γρηγόριος
804 1870 1028 1940 Νύσσης
1053 1871 1147 1923 καὶ
1179 1869 1507 1940 Σωφρόνιος,
1536 1864 1610 1924 ὧν
1639 1872 1811 1943 ἐμνή-

221 1965 437 2034 σθημεν
467 1962 698 2026 ἀνωθεν,
727 1963 950 2026 πολλαῖς
982 1964 1186 2028 αἰκίαις
1210 1965 1385 2033 λόγων
1433 1964 1812 2037 λωϐησάμενοι

217 2057 371 2111 οὐδὲν
398 2052 571 2129 ἦττον
598 2057 694 2110 τοῦ
731 2056 999 2128 προτέρου
1033 2058 1228 2130 νεκρὸν
1260 2059 1355 2112 καὶ
1402 2057 1580 2128 πάσης
1609 2059 1811 2123 ἀπόζον

216 2152 570 2223 ἀκαθαρσίας
619 2151 700 2222 τῷ
758 2153 1117 2222 γεγεννηκότι
1185 2154 1516 2226 ἀπέρριψαν.
1575 2155 1655 2208 Τὰ
1711 2154 1810 2226 μὲν

213 2241 323 2297 oin!
333 2246 437 2312 τῆς
478 2241 736 2306 ἀσεϐείας
759 2241 934 2306 οὕτως
951 2243 1122 2298 ἔδωκε
1150 2244 1328 2315 δίκην,
1359 2247 1388 2298 ό
1408 2245 1467 2298 δὲ
1511 2244 1607 2298 τοῦ
1651 2244 1808 2315 λόγου

213 2336 514 2406 χαρακτὴρ
546 2336 770 2406 χάριτος
823 2337 922 2405 μὲν
954 2338 1050 2390 καὶ
1075 2337 1268 2407 ἡδονῆς
1292 2337 1401 2390 οὐδ’
1424 2337 1479 2390 ei
1521 2355 1606 2402 τις
1660 2338 1808 2392 ἐστιν

210 2428 324 2482 οὐδ’
357 2428 406 2460 ⁸⁸
445 2429 616 2497 ἐγγὺς
646 2427 838 2496 γέγονε
875 2429 970 2480 τοῦ
997 2429 1215 2493 είδέναι,
1238 2430 1450 2500 κόμπον
1487 2429 1544 2484 δέ
1575 2447 1696 2484 τινα
1716 2447 1806 2482 τε-

213 2518 443 2592 ρατώδη
471 2521 570 2572 καὶ
619 2519 854 2590 δύσηχον
883 2515 1018 2591 ἦχον
1057 2520 1422 2591 φιλοτιμεῖται
1469 2522 1664 2593 ψοφεῖν
1693 2525 1804 2580 τῶν

210 2629 272 2665 τε
302 2611 622 2682 συμφώνων
643 2614 710 2682 τῇ
741 2611 1043 2685 ἐπαλληλίᾳ
1077 2611 1206 2686 [516
1231 2613 1323 2686 R.)
1359 2615 1454 2668 καὶ
1476 2616 1585 2668 τῶν
1607 2616 1804 2682 λέξεων

209 2712 334 2772 ταῖς
349 2708 796 2778 δυσεκφράστοις
817 2709 912 2761 καὶ
935 2708 1384 2778 πολυσυμφώνοις
1406 2712 1502 2764 καὶ
1531 2712 1624 2764 τοῦ
1651 2727 1809 2783 ποιη-

209 2797 370 2850 τικοῦ
433 2795 635 2860 τύπου,
695 2797 730 2866 ἢ
771 2797 972 2867 μᾶλλον
1017 2797 1410 2870 ἀκριϐέστερον
1467 2801 1663 2866 εἰπεῖν,
1711 2802 1806 2855 τοῦ

209 2888 623 2960 διθυραμϐικοῦ
652 2888 826 2952 είδους
853 2889 1275 2959 τυγχανούσαις.
1307 2891 1556 2961 Συνθήκη
1579 2909 1637 2945 τε
1659 2893 1807 2964 αὐτῷ

211 2982 630 3052 ἑκϐεϐιασμένη
661 2982 756 3035 καὶ
785 2981 1241 3054 συμπεπιεσμένη
1267 2985 1363 3037 καὶ
1410 2985 1692 3056 ἐκκροτος,
1730 2986 1807 3050 ὡς

212 3073 472 3144 ἀνάγκην
516 3068 662 3126 εἷναι
683 3071 762 3142 τῷ
782 3072 1210 3141 ἀναγινώσκοντι
1236 3076 1306 3128 τά
1337 3075 1548 3129 ἑκείνου
1581 3076 1805 3131 τύπτειν

215 3166 476 3237 στοδρῶς
537 3163 630 3217 τὸν
673 3165 813 3236 ἀέρα
841 3167 955 3228 τοῖς
982 3165 1237 3237 χείλεσιν,
1276 3168 1325 3221 εί
1388 3167 1570 3238 μέλλοι
1603 3171 1814 3240 τρανῶς

212 3258 600 3327 ἀπαγγέλλειν
628 3257 665 3311 ἀ
696 3257 1111 3328 περιτραχύνων
1143 3260 1186 3294 ¹⁵
1207 3260 1304 3314 καὶ
1337 3259 1659 3331 συστρέφων
1685 3279 1813 3316 συν-

213 3351 424 3404 θλίϐων
491 3367 557 3403 τε
618 3350 716 3402 καὶ
765 3351 1167 3422 παρεμϐάλλων
1219 3353 1314 3406 καὶ
1369 3353 1805 3424 ἀκρωτηριάζων

210 3444 433 3504 ἐκεῖνος
474 3440 632 3511 μόλις
656 3440 967 3494 συνέταττε.
998 3443 1223 3512 Μακραί
1274 3459 1334 3496 τε
1367 3445 1539 3498 ἐνίοτε
1569 3447 1651 3508 εἰς
1675 3447 1814 3516 ἀμε-

209 3535 374 3602 τρίαν
433 3532 678 3602 ¹ιπρίοδοι
725 3533 1123 3604 ὲκτεινόμεναι,
1187 3535 1282 3588 καὶ
1331 3535 1394 3588 τὸ
1447 3538 1720 3591 σκοτεινόν
1757 3555 1817 3591 τε

211 3626 314 3678 καί
340 3625 550 3695 ἄδηλον
603 3624 672 3677 δι’
697 3625 821 3677 ὅλου
879 3626 1180 3695 κεχυμένον
1213 3626 1308 3680 τοῦ
1361 3630 1814 3700 συγγράμματος,

213 3718 306 3772 ἶνα
338 3719 479 3789 δοκῇ
508 3734 573 3770 τε
604 3719 722 3782 τοῖς
762 3717 980 3781 πολλοῖς
1031 3719 1262 3789 δυνάμει
1287 3719 1589 3790 δεινότητος
1616 3722 1817 3789 ἐκφεύ-

217 3825 340 3878 γειν
376 3810 565 3864 αὐτῶν
614 3809 716 3882 τὴν
755 3809 1083 3881 κατάληψιν,
1146 3812 1243 3864 καὶ
1275 3811 1400 3864 ὅσον
1449 3812 1671 3874 ἀσθενὲς
1708 3813 1818 3866 τῶν

220 3903 530 3973 νοηθέντων
560 3901 678 3972 (καὶ
715 3903 826 3973 γάρ
879 3903 998 3956 ἐστι
1035 3901 1188 3972 πολὺ)
1217 3901 1294 3974 τῷ
1332 3904 1534 3972 ἀσαφεῖ
1571 3906 1664 3958 καὶ
1694 3905 1817 3958 δυσ.

227 3996 567 4066 καταλήπτῳ
627 3994 977 4058 ἐπισκιάζειν
1009 3994 1114 4066 ἔχῃ
1147 3993 1277 4066 [168
1305 3992 1398 4065 Η.]
1431 3994 1524 4047 καὶ
1555 3995 1818 4064 κρύπτειν

231 4087 324 4153 τῆς
348 4085 593 4148 διανοίας
614 4086 684 4138 τά
709 4085 971 4157 ἀρῤωστή
982 4102 1146 4153 ματα.
1196 4086 1356 4138 Δοκεῖ
1381 4084 1438 4137 δὲ
1461 4089 1556 4138 καὶ
1582 4088 1699 4141 ταῖς
1726 4085 1816 4138 λο-

232 4180 411 4243 γικαῖς
457 4176 843 4246 ὲπερείδεσθαι
889 4175 1155 4246 μεθόδοις,
1193 4174 1388 4239 ἀλλους
1429 4192 1489 4229 τε
1543 4176 1818 4249 διασύρων

234 4269 325 4321 ἐπὶ
347 4268 544 4339 τούτῳ,
573 4269 671 4322 καὶ
700 4269 863 4331 αὐτὸς
893 4266 1349 4338 προθυμούμενος
1381 4268 1480 4339 μὲν
1507 4270 1819 4342 ἀποκεχρῆ-

240 4360 359 4414 σθαι
383 4361 598 4425 τούτοις
619 4363 701 4415 ὅτι
739 4361 998 4431 μάλιστα,
1053 4359 1328 4430 ὀψιμαθὴς
1384 4360 1442 4412 δὲ
1474 4361 1580 4414 κάν
1607 4361 1818 4426 τούτοις

1919 1885 2122 1952 ingenti
2147 1883 2239 1938 illo
2269 1895 2415 1939 metu
2448 1885 2712 1949 discusso,
2745 1886 2830 1939 vix
2867 1889 3083 1941 tandem
3131 1902 3255 1942 sero
3301 1887 3494 1942 edendi

1919 1976 2140 2031 advenit
2173 1975 2410 2041 occasio,
2437 1991 2503 2030 ne
2536 1985 2664 2031 tunc
2686 1976 2906 2048 quidem
2935 1977 3208 2043 omnibus,
3240 1979 3334 2033 sed
3355 1979 3496 2033 ami-

1917 2069 1998 2124 cis
2027 2071 2290 2123 duntaxat
2314 2067 2613 2142 [evulgare]
2645 2086 2808 2124 ausus
2840 2079 2942 2124 est.
2977 2068 3032 2123 In
3069 2085 3228 2140 quem
3257 2072 3499 2126 inciden-

1916 2172 2003 2218 tes
2045 2162 2362 2217 Theodorus
2399 2161 2514 2231 (30)
2559 2172 2615 2216 et
2664 2160 2958 2232 Gregorius
3002 2161 3297 2232 Nyssenus,
3335 2175 3498 2234 atque

1919 2255 2261 2326 Sophronius
2317 2256 2570 2324 (quorum
2626 2270 2786 2324 supra
2843 2255 2955 2325 (5i)
2991 2265 3076 2311 est
3111 2270 3142 2310 a
3182 2272 3268 2310 me
3313 2257 3498 2312 habita

1917 2346 2166 2418 mentio),
2204 2345 2390 2401 multis
2428 2347 2718 2402 verborum
2755 2346 2951 2416 plagis,
2999 2363 3107 2400 non
3149 2362 3306 2403 secus
3331 2363 3493 2417 quam

1924 2442 2163 2510 priorem
2205 2437 2378 2511 [illum
2417 2437 2655 2506 ejusdem
2695 2437 2958 2510 libellum]
2993 2439 3267 2504 Basilius,
3325 2442 3498 2494 conli-

1917 2531 2462 2601 cientes,jugulatum
2494 2530 2605 2596 jam
2650 2540 2704 2586 et
2753 2546 2866 2601 prie
2913 2531 3226 2601 impuritate
3268 2533 3494 2598 olidum,

1917 2626 1970 2680 in
2003 2634 2278 2679 auctorem
2311 2635 2466 2678 suum
2499 2622 2872 2690 conjecernnt.
2901 2622 3213 2694 Hasitaque
3249 2634 3359 2678 tum
3389 2625 3495 2678 im-

1915 2717 2093 2788 pietas
2114 2730 2308 2787 poenas
2339 2717 2508 2770 dedit.
2555 2716 2637 2770 Ad
2674 2715 2870 2786 stylum
2923 2717 3066 2784 quod
3127 2717 3342 2779 attinet,
3372 2726 3496 2771 tan-

1915 2819 2027 2863 tum
2064 2807 2112 2862 is
2162 2808 2229 2860 ab
2275 2806 2423 2861 omni
2461 2817 2514 2859 et
2542 2806 2715 2876 gratia
2765 2816 2820 2860 et
2861 2805 3204 2874 iucunditate
3255 2817 3498 2862 remotus

1914 2910 2019 2965 est,
2051 2909 2203 2954 utne
2233 2899 2555 2969 cognovisse
2594 2898 2836 2968 quidem,
2886 2913 2953 2952 an
2998 2899 3102 2952 tale
3154 2900 3283 2968 quid
3312 2909 3497 2954 exsta-

1915 3004 2021 3059 ret,
2072 2993 2340 3048 videatur.
2395 2992 2720 3049 Jactantiam
2777 2991 3149 3046 tantummodo
3207 2993 3498 3062 quamdam

1917 3085 2222 3156 prodigiose
2267 3092 2529 3146 ostentat,
2573 3098 2874 3157 sonumque
2909 3083 3188 3140 dissonum
3219 3085 3500 3140 stridendo

1917 3177 2081 3233 edere
2106 3176 2347 3243 ail‘ectat,
2376 3185 2490 3230 tum
2520 3176 2941 3232 consonantium
2979 3176 3184 3230 alterna
3217 3177 3498 3232 vicissitu-

1917 3268 2064 3331 dine,
2101 3278 2211 3322 tum
2259 3267 2486 3322 vocibus
2529 3267 2880 3336 pronuntiatu
2923 3267 3250 3333 diiilcilibus,
3289 3277 3345 3320 et
3377 3283 3499 3336 quae

1917 3358 2104 3414 multis
2173 3357 2451 3412 abundent
2519 3355 3001 3421 consonantibus;
3062 3356 3226 3424 idque
3283 3358 3499 3426 poetico

1917 3467 2090 3516 more,
2125 3451 2232 3512 vel,
2283 3460 2342 3504 ut
2396 3449 2582 3502 verius
2615 3449 2831 3513 dicam,
2875 3447 3276 3518 ditliyrambico
3317 3449 3498 3516 potius

1919 3543 2048 3596 ritu.
2073 3540 2408 3608 Compositio
2459 3539 2628 3608 ipsius
2648 3548 2836 3593 coacta
2869 3547 2974 3604 εει,
3001 3545 3054 3591 et
3078 3537 3126 3591 vi
3161 3552 3496 3606 compressa,

1914 3634 2062 3704 98a
2107 3639 2272 3700 atque
2309 3639 2522 3697 extusa,
2555 3639 2614 3684 ut
2653 3644 2878 3684 necesse
2910 3629 3266 3684 babeatillius
3293 3630 3496 3698 scripta

1917 3725 2122 3795 legens,
2154 3736 2333 3776 aerem
2363 3721 2715 3775 vehementer
2746 3719 2904 3775 labiis
2937 3721 3247 3783 verberare,
3267 3721 3310 3773 si
3338 3720 3500 3774 modo

1918 3823 2102 3885 aperte
2127 3812 2482 3884 pronuntiare
2505 3811 2654 3878 velit,
2674 3827 2794 3880 quae
2817 3809 2956 3866 forte
2982 3809 3302 3865 nanciscens
3335 3818 3499 3879 atque

1918 3920 2312 3978 contorquens,
2348 3915 2440 3960 aut
2467 3904 2733 3960 collidens
2762 3905 2952 3970 etiam,
2987 3919 3050 3958 c
3082 3913 3289 3957 temere
3326 3904 3500 3957 inter-

1916 4002 2132 4070 jiciens,
2161 4001 2271 4055 imo
2294 4006 2347 4051 et
2384 4007 2666 4064 truncans,
2696 3997 2785 4051 vix
2817 3997 3033 4052 tandem
3063 3995 3150 4050 ille
3189 3993 3500 4062 conjunxit.

1917 4091 2130 4161 Longas
2171 4102 2389 4158 quoque
2433 4087 2704 4142 interdum
2769 4094 2824 4140 et
2862 4083 3152 4138 immodice
3208 4083 3504 4152 productas

1917 4183 2168 4254 periodos
2196 4181 2325 4234 facit
2361 4179 2792 4234 :obscuritalem
2839 4177 3064 4244 insuper
3105 4186 3269 4244 atque
3315 4175 3496 4228 incer-

1917 4277 2204 4330 titudinem
2249 4287 2348 4339 per
2395 4285 2557 4325 omne
2593 4284 2726 4337 Opus
2767 4267 3078 4332 oil'undens,
3099 4282 3222 4322 cum
3259 4274 3318 4320 ιιι
3336 4265 3500 4335 vulgo

1917 4365 2170 4421 videatur
2199 4362 2314 4430 ipsa
2345 4375 2460 4414 sua:
2488 4359 2810 4428 eloquentia:
2854 4359 2905 4412 vi
2935 4373 3125 4413 eorum
3173 4357 3337 4426 longe
3397 4370 3496 4410 ca-

239 4452 329 4502 καὶ
360 4452 467 4504 οὐδ’
495 4454 577 4515 εἰς
609 4451 672 4504 τὸ
703 4446 867 4521 βλθος
909 4449 1091 4504 αὐτῶν
1135 4448 1306 4502 ἐλθὼν
1347 4450 1406 4502 ὲν
1445 4449 1660 4515 πολλοῖς
1684 4450 1812 4505 πολ-

1921 4464 2071 4524 ptutn
2102 4451 2399 4517 excedere;
2433 4459 2542 4504 ttnn
2573 4460 2653 4515 ιιι,
2695 4451 2839 4518 quod
2892 4449 2943 4504 in
2990 4447 3105 4517 ejus
3135 4449 3310 4502 sensis
3331 4455 3500 4516 atque

238 4536 388 4603 λάκις
413 4541 794 4612 ἐλεγχόμενος.

1915 4543 2167 4615 cogitatis
2192 4540 2520 4596 imbecillum
2561 4550 2645 4594 est
2672 4541 2753 4608 (ut
2778 4547 2862 4594 est
2890 4553 3020 4593 sane
3051 4537 3366 4606 plurimum)
3394 4539 3500 4592 hac

245 4636 352 4706 ipsa
381 4637 736 4702 obscuritate,
755 4645 812 4691 et
833 4635 1163 4707 intelligendi
1180 4635 1491 4692 difﬁcultate
1515 4638 1791 4709 obtegere,
1843 4641 2233 4709 sententiaque
2285 4637 2468 4692 celare
2521 4635 2715 4688 vitium
2774 4632 2972 4702 possit.
3015 4629 3238 4685 Videtur
3276 4643 3406 4684 vero
3441 4640 3497 4684 et

249 4727 603 4798 logieisinniti
639 4728 994 4796 argumentis,
1025 4726 1153 4780 dum
1180 4727 1376 4796 partim
1409 4727 1543 4782 alios
1570 4727 1674 4783 hoc
1711 4732 1930 4786 nomine
1957 4731 2284 4793 insectatur,
2343 4728 2537 4797 partim
2597 4726 2714 4794 ipse
2763 4722 3120 4776 libentissime
3169 4723 3236 4776 iis
3301 4722 3493 4786 utitur,

251 4823 448 4876 tametsi
479 4822 794 4889 frequenter
831 4829 986 4889 (cum
1016 4833 1138 4874 sero
1164 4819 1267 4874 hoc
1335 4820 1574 4876 studium
1631 4822 1942 4892 arripuerit.
2001 4837 2181 4892 neque
2234 4823 2298 4876 ad
2342 4819 2458 4888 ejus
2485 4818 2675 4872 intima
2705 4815 3027 4887 penetrarit)
3054 4816 3110 4870 in
3140 4817 3326 4873 multis
3353 4832 3497 4888 saepe

253 4912 434 4967 merito
465 4915 670 4967 erroris
697 4923 936 4967 notatur.

313 5001 754 5076 ’Δνεγνὼσθησαν
799 5005 858 5058 δὲ
905 5005 1002 5059 καὶ
1044 5005 1398 5060 Ἐπιστολαὶ
1443 5003 1612 5059 αὐτοῦ
1666 5003 1817 5072 πρὸς

253 5091 577 5164 διαφόρους,
597 5097 943 5167 μέχριξτεσσα
952 5097 1378 5168 ράκοντα.⁹Αλλά
1393 5099 1488 5150 καὶ
1507 5098 1565 5150 ἐν
1593 5096 1818 5158 ταύταις

255 5185 309 5238 τὸ
328 5187 447 5240 αὐτὸ
470 5189 578 5241 τῶν
606 5189 786 5258 λόγων
830 5183 967 5252 cibo;
994 5189 1368 5260 λεπτουργῶν,
1423 5187 1700 5250 παντελῶς
1720 5185 1815 5239 τοῦ

256 5277 353 5331 τῶν
382 5280 674 5335 ἐπιστολῶν
694 5281 1045 5353 χαρακτῆρος
1090 5281 1214 5334 οὐδὲ
1251 5283 1378 5344 τοὺς
1408 5281 1605 5351 νόμους
1649 5278 1816 5334 ἀκού-

1993 5000 2250 5072 Ejusdem
2274 5013 2492 5069 quoque
2518 4996 2775 5066 Epistolis
2795 4997 2866 5050 ad
2890 4997 3063 5052 vatio:
3093 4997 3248 5054 lecta;
3271 5015 3500 5054 numero

1922 5092 2304 5164 quadraginta.
2337 5090 2404 5144 At
2436 5089 2561 5144 dum
2591 5089 2642 5142 in
2691 5089 2776 5143 his
2825 5090 2953 5143 item
2991 5090 3235 5145 eamdem
3281 5089 3497 5144 dicendi

1924 5185 2155 5240 formam
2182 5181 2454 5238 subtiliter
2471 5180 2711 5245 affectat,
2730 5181 2821 5248 qui
2845 5181 3068 5236 omnino
3096 5180 3393 5251 epistolicae
3415 5180 3497 5234 di-

1922 5277 2120 5334 ctionis
2149 5291 2250 5332 nec
2276 5275 2422 5345 leges
2451 5275 2731 5329 audiverat
2759 5290 3020 5346 unquam,
3059 5289 3162 5330 nec
3207 5275 3262 5329 in
3304 5273 3498 5330 iisdem

1069 5451 1072 5454 ~
1516 5416 1754 5472 VABIA‘I
1777 5413 2181 5471 LECTIONES.

259 5575 299 5608 η
761 5508 834 5627 ζ’
860 5507 958 5580 ὀψέ
985 5507 1070 5564 A:
1102 5508 1192 5563 ὅτε
1223 5527 1285 5574 ς.
1362 5509 1406 5542 ⁸³
1433 5508 1780 5580 δημοσιεύειν
1809 5508 1850 5561 Δ
1879 5525 1892 5562 :
1928 5505 1990 5559 τὸ
2025 5504 2370 5575 δημοσιεύειν
2400 5504 2646 5575 ὑπῆρχεν
2677 5520 2738 5568 ς.
2814 5503 2858 5536 ’⁸
2884 5501 3110 5558 alterum
3141 5498 3250 5554 οὐδ’
3283 5499 3404 5555 add.
3427 5499 3496 5554 Δ.

393 5615 728 5649 ww..."
1711 5645 1948 5708 nom.

320 5719 426 5791 ('50)
456 5720 836 5778 Amiochenus
863 5719 1116 5790 idemque
1147 5718 1487 5791 Mepsuestiae
1517 5718 1688 5788 episc.

1981 5717 2092 5789 (δι)
2119 5716 2255 5774 Cod.
2285 5717 2342 5783 ι,
2375 5716 2428 5784 5,
2465 5715 2516 5770 6.
