3932 6240
449 257 589 322 ’429

1579 253 1842 314 ΡΗΟΤΙΙ
1882 248 2390 311 PATRIARCH/E
2423 248 2532 308 CP.

3633 237 3742 301 420

482 388 542 426 se
567 375 910 434 exercuerat,
943 367 1213 438 publicam
1251 381 1347 437 per
1383 380 1446 420 ea
1485 362 1721 418 infandae
1758 370 1940 415 notam
1969 359 2052 412 iu-

2190 376 2258 422 ἀς
2285 359 2351 423 ³⁸,
2384 358 2459 425 μή
2480 356 2534 407 τί
2557 371 2620 423 γε
2654 351 2862 423 τριϐεὶς
2893 353 2952 404 ἐν
2984 350 3189 414 αὐτοῖς,
3219 350 3299 414 είς
3339 348 3402 404 τὸ
3455 349 3738 419 στηλιτευ-

484 469 680 524 currit.

1125 555 1410 611 CXXXIX.

485 653 643 708 Beati
673 652 951 706 Athanasii
995 653 1045 704 in
1099 649 1459 702 Ecclesiasten
1489 657 1536 700 et
1567 647 1788 702 Cantica
1821 647 2056 701 canticoc

981 737 1093 772 rum
1121 719 1562 772 Commentaries.

561 876 686 944 Legi
720 876 896 942 magni
927 872 1208 925 Athanasii
1248 873 1302 924 in
1346 871 1696 924 Ecclesiasten
1750 879 1798 922 et
1843 867 2062 922 Cantica

488 968 812 1018 canticorum
865 964 1334 1017 Contntcntarium.
1383 963 1626 1016 Dilucide
1682 961 1836 1024 dicit,
1903 971 1961 1013 ιιι
2011 961 2062 1011 in

488 1059 742 1110 munibus
777 1057 889 1110 suis
931 1056 1171 1124 scriptis.
1219 1056 1298 1108 Ad
1335 1069 1525 1108 earum
1577 1064 1756 1107 tamen
1808 1053 1922 1122 (32)
1953 1053 2067 1120 epi-

489 1149 750 1203 s:o|arnm
777 1149 1001 1216 gratiam
1035 1157 1089 1200 ct
1141 1157 1475 1201 venustatem
1501 1187 1516 1211 ,
1553 1147 1748 1214 quibus
1792 1160 2064 1199 secessum

491 1251 714 1295 excusat
740 1256 919 1303 suum,
946 1255 1173 1309 qumque
1207 1241 1272 1292 ad
1306 1239 1557 1293 exsilium
1591 1239 1864 1307 pertinent
1899 1252 2068 1302 expo-

493 1336 594 1397 nit,
633 1348 806 1401 neque
839 1334 925 1386 hic
956 1334 1116 1396 liber,
1147 1347 1322 1400 neque
1354 1332 1494 1384 alius
1525 1332 1642 1402 ejus
1689 1330 1801 1401 (qui
1849 1330 2066 1400 quidem

494 1427 546 1482 in
579 1443 725 1481 meas
753 1427 1004 1481 inciderit
1042 1427 1254 1497 manus)
1294 1426 1532 1493 attingit.

1205 1603 1363 1657 CXL.

804 1696 1050 1766 Ejusdem
1103 1712 1292 1749 contra
1332 1696 1518 1748 Arium
1559 1694 1680 1748 libri
1714 1708 1766 1746 ν.

571 1857 720 1911 Lecti
769 1866 899 1910 sunt
937 1854 1178 1922 ejusdem
1240 1855 1414 1908 sancti
1485 1853 1586 1907 viri
1654 1861 1837 1906 contra
1886 1849 2072 1903 Arium

496 1951 710 2020 ejusque
735 1950 981 2018 dogmata
1011 1948 1131 2003 libri
1169 1949 1434 2016 quinque.

573 2042 743 2112 Hujus
775 2043 939 2096 dictio
980 2042 1292 2111 perspicua,
1327 2051 1384 2094 ut
1417 2051 1471 2094 et
1495 2041 1546 2095 in
1586 2039 1800 2095 caeteris
1827 2038 1942 2106 ejus
1958 2051 2075 2091 om-

502 2135 683 2199 nibus,
707 2135 888 2190 sobria
921 2135 1047 2188 item
1082 2145 1136 2190 et
1161 2134 1414 2200 candida,
1437 2135 1838 2202 vehemensque
1866 2146 1929 2185 ac
1951 2145 2076 2200 pro-

501 2229 690 2292 funda,
737 2239 792 2282 et
841 2237 1160 2297 argumenta
1208 2228 1386 2282 valide
1440 2238 1697 2297 torquens
1740 2243 1754 2280 :
1791 2225 1909 2293 ejus
1947 2238 2076 2278 vero

504 2320 724 2374 ubertas
754 2319 808 2372 in
843 2319 928 2372 his
978 2333 1040 2372 ac
1084 2317 1398 2372 fecunditas
1450 2318 1744 2371 admodum
1803 2330 1935 2369 sane
1977 2314 2079 2368 fuit

503 2412 794 2465 mirabilis.
831 2409 1142 2466 Dialecticis
1182 2410 1370 2464 adhazc
1405 2423 1536 2463 usus
1583 2417 1668 2462 est
1721 2406 2076 2477 argumentis,

503 2519 610 2557 non
669 2503 774 2557 illis
832 2503 977 2558 nude
1007 2503 1328 2573 propositis,
1359 2510 1416 2556 et
1457 2500 1704 2569 ipsismet
1750 2513 1815 2554 ex
1853 2514 1914 2553 ea
1961 2512 2080 2551 arte

505 2595 692 2663 petitis
736 2595 959 2649 vocibus
1019 2593 1186 2664 (quod
1240 2594 1392 2664 pueri
1437 2592 1875 2660 recentioresque
1919 2591 2082 2644 disci-

505 2687 641 2755 puli,
684 2687 999 2757 juveniliter
1030 2702 1151 2741 sese
1197 2701 1259 2740 ac
1307 2687 1542 2755 gloriose
1593 2694 1959 2747 ostentantes,
1995 2697 2083 2736 so-

507 2778 664 2846 lent),
696 2794 882 2832 verum
938 2778 1383 2847 philosophorum
1435 2790 1584 2830 more
1615 2816 1631 2840 ,
1691 2775 2084 2844 magniliceque

508 2871 756 2941 prolatis,
809 2886 872 2926 ac
911 2885 1008 2939 per
1060 2872 1234 2924 nudas
1283 2871 1547 2924 duntaxat
1591 2869 1864 2926 notiones.
1893 2876 1950 2921 et
1987 2867 2085 2920 has

509 2963 728 3032 quidem
764 2964 901 3016 bene
934 2971 1181 3016 ornatas.
1205 2959 1388 3015 Sacra:
1421 2975 1636 3030 quoque
1671 2959 1964 3026 Scriptura:
2009 2969 2086 3012 te-

2155 449 2320 520 θῆναι
2341 447 2612 499 διέπεσεν.

2868 536 3034 590 ΡΛΘ’.

2169 631 2522 688 Ἀθανασὶου
2551 628 2659 683 τοῦ
2681 628 2953 698 μεγάλου
2986 629 3312 696 ὑπόμνημα
3344 625 3575 698 εῑςλτόν
3612 628 3748 698 Ἔκ-

2231 700 2619 768 κλησιαστὴν
2672 694 2778 753 aedi
2816 701 2904 764 εὶς
2958 705 3031 751 τὰ
3085 694 3357 767 "Actiaca
3394 694 3514 750 τῶν
3548 696 3746 766 ᾀσμά-

2229 789 2367 830 των,

2231 859 2576 928 Ἀνεγνὼσθη
2588 858 2680 912 τοῦ
2702 857 3265 928 μεγάλουἊθανασίου
3284 859 3298 877 '
3313 859 3644 926 Υπόμνημα
3660 861 3750 922 εις

2163 954 2270 1006 τὸν
2291 951 2789 1019 Ἐκκλησιαστὴν
2810 950 2906 1003 καί
2927 953 3012 1014 είς
3036 951 3106 1004 τὰ
3127 952 3390 1019 ᾏσματα
3412 951 3532 1003 τῶν
3553 951 3752 1018 ᾀσμά-

2165 1046 2564 1116 των.Σαφὴςι¹⁷
2603 1051 2704 1111 μέν
2735 1047 2904 1108 ἐστιν,
2931 1043 3118 1112 ὥσπερ
3149 1044 3420 1114 πανταχοῦ
3441 1044 3551 1096 τῶν
3578 1043 3752 1110 λόγων

2166 1136 2351 1201 αὐτοῦ,
2369 1140 2442 1199 εἰς
2471 1139 2653 1206 μέντοι
2679 1135 2777 1204 τὴν
2807 1137 2964 1205 χάριν
2982 1137 3076 1187 καὶ
3099 1136 3159 1187 τὸ
3176 1135 3372 1199 κάλλος
3394 1135 3502 1187 τῶν
3529 1138 3753 1186 ἐπιστο-

2168 1227 2296 1291 λῶν,
2331 1229 2387 1281 αἳ
2420 1229 2517 1295 τὴν
2551 1227 2846 1295 ἀπολογίαν
2885 1227 3032 1296 αὐτῷ
3052 1226 3154 1294 τῆς
3180 1229 3357 1297 φυγῆς
3402 1228 3499 1280 καὶ
3522 1229 3592 1279 τά
3623 1227 3755 1295 περὶ

2171 1319 2338 1388 αὐτὴν
2406 1319 2791 1389 ἐξεργάζονται
2827 1318 2892 1384 ³⁸,
2923 1317 3045 1370 οὔτε
3101 1318 3219 1370 τάδε
3257 1320 3318 1370 τὸ
3375 1318 3606 1387 βιϐλίον,
3640 1317 3753 1370 ἀλλ’

2171 1411 2280 1463 οὐδ’
2305 1410 2433 1464 ἄλλο
2462 1429 2536 1474 τι,
2575 1412 2676 1463 ὅσα
2697 1411 2798 1481 ἐμὲ
2831 1410 2940 1462 τῶν
2990 1408 3155 1463 αὑτοῦ
3188 1409 3410 1475 εἰδέναι,
3445 1409 3602 1463 οὐδὲν
3624 1411 3756 1462 ἁνα-

2173 1502 2400 1572 φέρεται
2435 1502 2503 1556 ¹⁹.

2907 1597 3043 1648 PM'.

2109 1700 2152 1755 Β
2183 1687 2294 1742 Τοῦ
2347 1689 2534 1742 αὐτοῦ
2593 1688 2741 1742 κατὰ
2789 1686 2907 1740 τῶν
2957 1689 3063 1741 τοῦ
3086 1689 3314 1756 Ἀρείου
3371 1687 3690 1758 δογμάτων
3719 1688 3756 1757 ἠ

2761 1760 3177 1826 πεντάόιϐλος.

2245 1852 2586 1920 Ἀνεγνώσθη
2619 1851 2713 1905 τοῦ
2747 1851 2913 1905 αὑτοῦ
2962 1853 3175 1923 ἁγίουή
3219 1853 3380 1906 Κατὰ
3407 1852 3630 1920 Ἀρείου
3659 1851 3759 1904 καὶ

2173 1944 2293 2000 τῶν
2307 1946 2494 2000 αὐτοῦ
2519 1945 2828 2016 δογμάτων
2852 1945 3343 2016 πεντάϐιϐλος.Τὴν
3365 1947 3465 2016 μὲν
3481 1946 3527 1976 ¹⁰
3556 1945 3761 2014 φράσιν

2177 2039 2358 2108 σαφής
2387 2038 2447 2092 τέ
2477 2042 2646 2104 ἐστιν,
2673 2040 2749 2102 ὼς
2781 2040 2874 2092 καὶ
2899 2041 2957 2093 ἐν
2998 2040 3155 2102 πᾶσι,
3195 2039 3286 2090 καὶ
3339 2038 3633 2108 ἀπέριττος
3667 2037 3764 2090 καὶ

2175 2133 2404 2203 ἀφελὴς,
2437 2133 2636 2203 δριμὺς
2666 2134 2724 2187 δὲ
2755 2136 2796 2167 ³⁸
2831 2135 2926 2187 καὶ
2979 2134 3145 2204 βαθὺς
3188 2135 3283 2186 καὶ
3320 2133 3440 2185 λίαν
3493 2135 3606 2196 τοῖς
3635 2133 3764 2184 ἐπι-

2178 2228 2508 2297 χειρήμασιν
2562 2227 2797 2291 εὔτονος.
2835 2229 2944 2280 Καὶ
2973 2227 3035 2280 τὸ
3068 2227 3292 2297 γόνιμον
3323 2226 3380 2279 δὲ
3429 2227 3617 2288 αὐτοῖς
3650 2225 3762 2295 ήλὶ-

2179 2336 2274 2372 κον
2343 2321 2465 2373 ὅσον
2531 2321 2627 2376 καὶ
2694 2320 3019 2392 θαυμάσιον.
3081 2322 3344 2389 Λογικαῖς
3397 2337 3458 2372 τε
3517 2318 3767 2387 μεθόδοις

2181 2409 2297 2463 oft-ct
2329 2412 2373 2442 "
2427 2412 2650 2480 γυμνῶς
2709 2415 2804 2465 καὶ
2851 2412 2960 2466 ἀπὸ
3021 2411 3129 2464 τῶν
3179 2411 3224 2442 ’³
3277 2409 3487 2464 ἐκεῖθεν
3538 2409 3764 2473 λέξεων,

2181 2502 2370 2574 ὥσπερ
2395 2505 2445 2557 οἱ
2480 2505 2671 2568 παῖδες
2695 2506 2787 2559 καὶ¹
2816 2505 3142 2576 ἀρτιμαθεῖς
3192 2503 3525 2576 μειρακιώδη
3555 2503 3768 2571 φιλοτι-

2188 2595 2314 2666 μίαν
2342 2595 2776 2668 ἐπιδεικνύμενοι
2833 2597 3190 2666 πράττουσιν,
3239 2595 3352 2649 ἀλλ’
3381 2594 3770 2664 ἐμφιλοσόφως

2182 2703 2243 2738 τε
2270 2688 2363 2739 καὶ
2393 2687 2826 2760 μεγαλοπρεπῶς
2856 2689 2952 2741 καὶ
2998 2691 3119 2750 ταῖς
3166 2687 3394 2749 ἐννοίαις
3431 2686 3646 2754 μόναις,
3675 2685 3771 2738 καὶ

2185 2777 2412 2841 ταύταις
2437 2779 3012 2850 διεσχηματισμέναις,
3030 2780 3425 2849 ἀποκέχρηται,
3457 2777 3767 2846 Γραφικαὴ

2188 2888 2246 2924 τε
2276 2872 2606 2942 μαρτυρίαις
2631 2872 2728 2925 καὶ
2756 2869 3098 2936 ἀποδείξεσιν
3127 2873 3207 2932 εἰς
3239 2871 3300 2922 τὸ
3331 2869 3605 2940 καρτερὸν
3635 2886 3770 2922 κατ-

2189 2964 2496 3035 ωχύρωναι.
2524 2966 2632 3017 Καὶ
2667 2964 2854 3027 ἁπλῶς
2897 2966 3058 3036 ἀρκεῖ
3103 2962 3164 3016 τὸ
3209 2962 3410 3033 βιϐλίον
3441 2961 3604 3014 τοῦτο
3632 2961 3774 3014 κατὰ

510 3054 786 3110 stimouiis
821 3070 886 3110 ac
927 3055 1070 3124 98b
1123 3054 1675 3108 demoustrationibus
1715 3053 1892 3107 valide
1937 3067 2080 3106 com-

2191 3055 2371 3126 πάσης
2398 3054 2683 3125 ’Δρειανῆς
2711 3055 3091 3126 παρατάξεως.
3120 3057 3229 3109 Καὶ
3260 3054 3411 3118 εἴτις
3443 3053 3539 3106 τὸν
3568 3053 3773 3106 65016—

512 3149 754 3202 ntunitur
780 3168 793 3202 :
827 3157 882 3202 et
913 3160 971 3201 ut
1003 3163 1110 3202 uno
1136 3147 1302 3201 verbo
1331 3146 1632 3208 absolvam,
1657 3145 1806 3200 solus
1836 3145 1922 3198 hic
1949 3144 2088 3197 liber

511 3241 581 3294 ad
639 3240 1005 3294 Arianismum
1058 3240 1370 3292 universum
1424 3237 1778 3292 refellendum
1842 3235 2089 3290 sullicere

510 3341 695 3400 queat.
734 3331 846 3386 luto
878 3333 968 3400 qui
1003 3331 1320 3400 Gregorium
1345 3329 1696 3398 Theologum,
1735 3337 2090 3396 sanctumque

511 3421 773 3476 Basilium
823 3423 1022 3476 dixerit
1068 3438 1131 3476 ex
1191 3423 1294 3477 hoc
1355 3434 1612 3490 tanquam
1665 3417 1813 3473 fonte
1867 3420 2090 3474 haustos

510 3513 759 3581 egregios
802 3512 921 3566 illus
962 3522 1016 3566 et
1055 3513 1308 3581 limpidus
1350 3512 1610 3564 librorum
1668 3524 1894 3564 suorum
1941 3511 2090 3564 rivos

511 3611 704 3657 contra
749 3605 997 3656 eumdem
1023 3618 1270 3658 errorem
1319 3600 1650 3672 profudisse,
1682 3615 1816 3656 sane
1857 3615 1886 3653 a
1927 3615 2091 3671 scopo

515 3694 736 3748 minime
762 3693 1048 3747 aberrarit.

1214 3785 1396 3842 CXLI.

803 3871 1038 3926 Basilius
1070 3871 1297 3942 Magnus
1335 3877 1389 3927 in
1424 3873 1808 3930 Hexaemeron.

587 3963 842 4032 Legimus
892 3965 951 4020 Β.
985 3965 1240 4020 Basilium
1288 3970 1342 4020 in
1392 3986 1521 4031 opus
1571 3986 1664 4023 sex
1706 3971 1908 4024 dierum
1955 3968 2091 4040 (5‘3),

517 4055 640 4128 [seu
670 4058 734 4109 de
766 4058 946 4110 mundi
997 4058 1250 4130 fabrica].
1308 4060 1798 4115 Praestantissimus
1839 4071 1922 4116 est
1951 4063 2002 4116 in
2032 4062 2094 4114 li-

521 4149 631 4201 bris
681 4150 951 4204 omnibus.
1007 4150 1145 4203 Pura
1210 4153 1354 4204 enim
1415 4153 1672 4217 dictione,
1729 4153 2088 4223 signiﬁcante,

519 4242 759 4308 prOpria,
780 4250 832 4294 et
849 4243 1070 4295 omnino
1093 4243 1235 4296 civili
1259 4259 1320 4296 ac
1345 4245 1692 4314 panegyrica,
1718 4245 1760 4298 si
1784 4247 1905 4312 quis
1932 4246 2090 4311 alius,

520 4331 594 4384 uti
627 4333 772 4385 novit
811 4351 824 4386 :
859 4348 1225 4402 sensuumque
1253 4335 1441 4388 ordine
1467 4350 1532 4390 ac
1554 4338 1784 4404 puritate
1800 4339 2092 4404 priutus,et

519 4422 721 4475 nemini
759 4424 1029 4477 secundus
1059 4435 1304 4492 apparet.
1331 4423 1451 4478 Jam
1489 4425 1846 4493 persuadendi
1878 4444 2092 4498 quoque

517 4515 651 4578 vim,
685 4515 1150 4584 acjucunditatem
1176 4533 1298 4570 cum
1323 4518 1898 4586 perspicuitatetamat,
1933 4531 2094 4591 atque

521 4617 593 4660 .ta
628 4605 742 4674 ejus
769 4608 886 4662 ﬂuit
936 4611 1136 4673 oratio,
1183 4610 1338 4676 quasi
1378 4609 1540 4676 ultro,
1583 4620 1835 4680 tanquam
1880 4627 1912 4667 e
1947 4615 2096 4670 fonte

519 4699 746 4764 rivulus,
802 4701 1117 4753 scaturiret.
1177 4700 1658 4755 Verisimilitudiue
1707 4715 1885 4757 autem
1925 4721 2096 4772 usque

519 4804 588 4842 eo
605 4801 688 4844 est
721 4806 870 4852 usus.
923 4793 1056 4846 utsi
1093 4793 1218 4862 quis
1260 4793 1380 4862 ejus
1427 4808 1705 4848 sermones
1764 4811 1859 4864 pro
1911 4796 2088 4850 civilis

521 4883 782 4935 orationis
819 4884 1065 4952 exemplo
1110 4885 1210 4938 sibi
1248 4886 1609 4952 proposuerit.
1653 4885 1704 4937 itt
1764 4887 1935 4954 iisque
1969 4902 2088 4942 sese

518 4973 826 5026 exercuerit
875 4972 1061 5042 (modo
1099 4989 1422 5044 ne.eorum,
1452 4989 1571 5043 qua:
1623 4973 1727 5029 huc
1781 4976 2085 5041 conferunt,

2187 3163 2283 3214 γον
2314 3149 2615 3219 Γρηγόριον
2669 3149 2764 3201 καὶ
2804 3147 2895 3201 τὸν
2937 3149 3079 3202 θεῖον
3124 3147 3403 3200 Βασίλειον
3451 3147 3516 3199 ἐκ
3565 3144 3776 3215 ταύτης

2188 3239 2376 3310 ὥσπερ
2402 3241 2510 3293 ἀπὸ
2552 3240 2600 3271 ³⁸
2632 3241 2815 3310 πηγῆς
2845 3240 3226 3310 ἀρυσαμένους
3271 3237 3404 3308 φαίη
3451 3237 3554 3308 τῆς
3590 3237 3773 3306 βίϐλου

2188 3331 2316 3393 τοὺς
2343 3332 2542 3393 καλοὺς
2569 3332 2813 3394 ἐκείνους
2852 3332 2976 3403 [317
3015 3334 3109 3404 IL]
3136 3334 3228 3385 καὶ
3272 3332 3486 3396 διειδείς
3539 3333 3651 3385 τῶν
3695 3335 3775 3386 ol-

2189 3423 2352 3476 κείων
2378 3423 2549 3492 λόγων
2572 3424 2716 3477 κατὰ
2739 3425 2838 3496 τῆς
2869 3426 3080 3495 πλάνης
3107 3425 3298 3496 ῥεῦσαι
3324 3427 3638 3500 ποταμούς,
3673 3428 3776 3479 οὐκ

2190 3515 2280 3580 ἂν,
2308 3510 2498 3586 οῐμαιν
2519 3516 2751 3588 σφαλείη
2785 3515 2880 3570 τοῦ
2910 3517 3377 3588 παραδείγματος.

2886 3785 3068 3839 PMA'.

2261 3874 2584 3929 Βασινὶεἰου
2617 3873 2726 3927 τοῦ
2749 3875 3019 3945 μεγάλου
3055 3878 3142 3941 εἰς
3170 3877 3285 3946 τὴν
3317 3877 3706 3948 Ἐξαήμερον.

2275 3967 2614 4037 Ἀνεγνώσθη
2647 3966 2931 4020 Βασιλείου
2977 3967 3070 4021 τοῦ
3125 3969 3412 4022 Θεσπεσίου
3441 3972 3510 4023 τὰ
3543 3974 3635 4038 εἰς
3665 3971 3780 4037 τὴν

2209 4057 2590 4127 Ἑξαήμερον.
2626 4059 2878 4128 ¹Ἄριστος
2902 4059 3000 4128 μὲν
3018 4061 3061 4091 ⁸⁵
3095 4061 3152 4110 ἐν
3187 4062 3320 4114 πᾶσι
3352 4065 3466 4123 τοῖς
3492 4063 3662 4115 αὑτοῦ
3688 4064 3780 4114 λό-

2193 4166 2310 4216 γοις
2342 4152 2370 4202 ὁ
2411 4150 2584 4219 μέγας
2639 4150 2956 4214 Βασίλειοςο
2990 4151 3132 4215 λέξει
3161 4169 3219 4204 τε
3281 4155 3389 4221 γάρ
3419 4155 3644 4226 καθαρᾷ
3683 4158 3779 4208 καὶ

2195 4243 2421 4313 εὐσήμῳ
2448 4243 2542 4296 καὶ
2578 4244 2746 4316 κυρίᾳ
2781 4247 2877 4298 καὶ
2911 4245 3049 4309 ὅλως
3100 4246 3346 4318 πολιτικῇ
3385 4250 3480 4301 καὶ
3521 4265 3778 4318 πανηγυ-

2197 4338 2323 4406 ρικῇ
2348 4335 2538 4400 δεινὸς,
2571 4337 2732 4402 εἴτις
2763 4338 2939 4404 ἄλλος,
2975 4340 3307 4409 χρήσασθαι,
3369 4344 3664 4411 νοημάτων
3715 4359 3778 4394 τε

2192 4427 2342 4491 τάξει
2377 4429 2469 4480 καὶ
2502 4429 2838 4500 καθαρότητι
2868 4433 3112 4502 πρῶτος,
3144 4433 3260 4486 ἀλλ’
3293 4434 3509 4498 οὐδενὸς
3524 4435 3781 4505 δεύτερος

2191 4518 2458 4589 ᾄδεται²⁶’
2479 4520 2840 4592 πιθανότητος
2865 4524 2921 4577 δὲ
2948 4526 3043 4577 καί¹
3072 4525 3403 4595 γλυκύτητος
3432 4529 3528 4580 καί
3550 4545 3616 4594 γε
3638 4529 3780 4596 λαμ-

2193 4611 2464 4680 πρότητος
2490 4612 2748 4684 ἐραστὴς,
2779 4617 2873 4668 καὶ
2909 4616 3050 4686 ῥέων
3076 4616 3154 4686 τῷ
3180 4617 3344 4686 λόγῳ,
3372 4620 3468 4673 καὶ
3499 4620 3695 4691 ὥσπερ
3717 4622 3778 4687 ἐξ

2192 4702 2541 4772 αὐτοσχεδίου
2576 4706 2840 4773 πηγάξων
2895 4708 2954 4760 τὸ
2983 4711 3215 4778 ῥεῖθρον,
3265 4711 3375 4764 Καὶ
3425 4711 3504 4782 τῷ
3564 4715 3781 4781 πιθανῷ

2192 4795 2250 4847 δὲ
2295 4797 2338 4827 ⁸⁷
2373 4799 2466 4848 ἐπὶ
2494 4799 2746 4851 τοσοῦτον
2786 4795 2920 4869 ἧκεν
2969 4803 3442 4873 ἀποκεχρημένος,
3490 4806 3568 4864 ὡς
3612 4807 3667 4857 εί
3694 4823 3781 4869 τις

2200 4888 2480 4942 πολιτικοῦ
2535 4891 2696 4959 λόγου
2760 4893 2887 4956 τοὺς
2951 4894 3117 4948 αὑτοῦ
3175 4896 3366 4963 λόγους
3419 4898 3780 4968 παράδειγμα

2197 4983 2373 5052 ἐαυτῷ
2404 4983 2546 5054 θείη,
2602 4983 2793 5038 ἔπειτα
2845 4987 3067 5052 τούτους
3101 4988 3438 5061 ἐκμελετῴη,
3479 4991 3616 5061 μηδέ
3671 4993 3783 5044 τῶν

1779 5093 2014 5148 νΑῘίΙΑΞ
2059 5095 2350 5152 LEC'I'ION
2362 5100 2460 5155 ES.

594 5187 638 5218 ¹⁶
664 5185 894 5238 ἀκοῦσαι
937 5187 1002 5238 Α.
1101 5186 1145 5217 ³⁷
1176 5187 1355 5254 σαφής
1385 5187 1472 5254 Ανε
1522 5187 1618 5238 καὶ
1651 5187 1828 5254 σαφής
1862 5205 1922 5250 ς.

519 5258 745 5327 φέρεται
787 5273 847 5318 ς.
924 5259 969 5288 ²⁰
1010 5256 1108 5326 μέν
1132 5260 1217 5308 A:
1267 5253 1362 5323 μὲν
1384 5253 1476 5309 οὖν
1505 5274 1566 5319 ς.
1641 5257 1681 5287 ¹¹
1715 5253 1920 5310 δὲαιίιί.
1956 5256 2020 5309 Α.

517 5329 574 5383 δέ
607 5345 668 5391 ς.
766 5329 812 5358 ⁸⁸
850 5327 1037 5391 ᾅδεται
1067 5344 1133 5380 an
1163 5327 1359 5380 εἴδεται
1409 5329 1602 5380 habeat
1639 5328 1679 5377 Α
1712 5341 1816 5379 non
1845 5328 2010 5391 liquet

2027 5188 2069 5219 ¹⁸
2104 5189 2160 5240 αἳ
2182 5218 2253 5229 --
2281 5191 2671 5262 ἐξεργάζονται
2696 5196 2773 5248 A:
2817 5192 2904 5259 αἷς
2935 5223 3000 5235 -
3037 5197 3391 5269 ἐξεργάζεται
3437 5216 3497 5263 ς.

2109 5259 2154 5288 ’ί
2184 5259 2307 5312 οὔτε
2334 5279 2394 5312 c.
2474 5265 2520 5296 ⁸³
2547 5265 2658 5312 τῶν
2687 5267 2810 5312 add.
2847 5269 2908 5312 Α-
2987 5269 3032 5301 ιι
3061 5271 3172 5312 ἀπὸ
3193 5272 3315 5312 mhi-
3344 5271 3408 5312 Α,
3485 5273 3497 5301 ι

787 5278 847 5318 ς.
927 5278 968 5288 ’⁷
1010 5278 1108 5326 μεν
1132 5278 1217 5308 AI
1267 5278 1362 5323 μεν
1384 5278 1476 5309 ουν
1505 5278 1566 5319 ς’.
1643 5278 1681 5287 ⁸⁵·
1715 5278 1771 5308 οε
1799 5278 1920 5310 καυ.
1956 5278 2020 5309 ﬂ.

766 5329 812 5358 ³⁸
850 5327 1037 5399 ᾄδεται
1067 5344 1133 5380 an
1163 5327 1359 5380 εἴδεται
1409 5329 1602 5380 habeat
1639 5328 1679 5377 Α
1712 5341 1816 5379 non
1845 5328 2010 5397 liquet
2039 5344 2052 5380 :

2190 5278 2307 5313 ουτε
2334 5279 2394 5325 ς.
2476 5278 2520 5296 ὀ
2547 5282 2652 5318 των

2190 5347 2290 5384 atat
2316 5332 2357 5386 Ο
2386 5350 2400 5386 :
2433 5349 2543 5389 om.
2593 5353 2652 5398 ς.

3597 5199 3643 5229 η
3671 5198 3783 5266 ἄρα

2987 5269 3032 5301 ιι
3061 5271 3172 5339 άπὸ
3193 5272 3317 5326 add.
3341 5271 3409 5324 Α.
3485 5269 3536 5301 ι’
3569 5269 3670 5339 μέν
3690 5273 3778 5322 Δ;

2743 5337 2786 5368 ³⁷
2815 5337 2872 5390 δὲ
2905 5353 3014 5392 om.
3042 5337 3110 5393 A.

2474 5265 2520 5296 “
2547 5265 2658 5318 τῶν
2687 5267 2810 5318 add.
2845 5269 2908 5320 A.

2011 5421 2242 5478 ΝΟΤίΕ.

591 5514 703 5586 (32)
732 5515 912 5570 Lectre
939 5523 1062 5586 sunt
1092 5530 1214 5586 sup.
1251 5514 1424 5586 codic.
1446 5514 1534 5567 52.

591 5584 705 5655 (35)
744 5587 1012 5640 Plutarchi
1048 5585 1316 5648 libellum,
1339 5584 1446 5655 iDe
1478 5587 1826 5655 animantium
1867 5595 2085 5652 natura,

525 5654 772 5727 ntagnaut
791 5666 999 5727 partem
1021 5655 1294 5711 aemulum.
1324 5654 1475 5710 Sicut
1499 5654 1740 5710 vicissim
1766 5656 1829 5710 B.
1855 5658 2088 5713 Ambro-

2193 5519 2325 5586 sius,
2354 5520 2430 5575 De
2457 5539 2611 5593 opere
2644 5535 2734 5579 sex
2756 5525 2983 5592 dierum,
3027 5535 3318 5584 traCIatum
3350 5529 3418 5584 ab
3451 5527 3554 5585 huc
3581 5528 3788 5588 Basilio

2195 5601 2279 5647 est
2311 5603 2608 5647 mutuatus.

2229 5608 2279 5647 ει
2311 5608 2608 5648 mutuatus.
