3932 6240
245 268 342 334 421

1180 275 1707 336 BlBLIOTHECA.
1747 299 1818 311 -
1849 274 2064 334 CODD.
2098 275 2419 334 CXXXIX-
2439 275 2685 336 CXLVI.

3422 279 3528 343 422

247 391 328 452 είς
378 386 544 440 τοῦτο
600 387 1007 442 συντελούντων
1058 389 1307 457 δηλονότι
1362 390 1547 460 νόμων
1617 392 1844 460 ἄπειρος

1958 391 2377 460 μτιιξροριίοιιυηι
2436 391 2588 446 rudis
2634 392 2748 460 sil),
2783 390 2989 446 nullum
3030 391 3192 448 alium
3244 406 3527 464 praeterea,

249 479 537 550 ὑπάρχων,
565 480 783 544 οὐδενὸς
812 481 859 513 ³⁸
912 482 1073 534 αὑτὸν
1115 483 1305 554 ἐτέρου
1349 483 1642 552 δεήσεσθαι
1666 479 1842 554 οἶμαι,

256 572 379 625 οὔτε
409 572 698 635 Πλάτωνος
727 571 850 626 οὔτε
881 574 1278 644 Δημοσθένους,
1311 568 1393 639 οἷς
1420 576 1470 627 οἱ
1503 576 1723 629 παλαιοὶ
1762 577 1849 627 ἐν-

253 663 550 734 διατρίϐειν
591 665 1015 734 προτρέπονται,
1072 667 1153 728 εἰς
1185 665 1246 718 τὸ
1303 665 1580 720 πολιτικόν
1630 683 1690 720 τε
1748 667 1844 720 καὶ

256 756 631 827 πανηγυρικὸν
661 759 871 829 ῥήτορα
896 757 1172 826 γενέσθαι.

967 851 1150 906 PMB’.

644 943 756 997 Τοῦ
783 942 970 997 αὑτοῦ
1025 945 1245 999 Ἠθικοὶ
1269 945 1464 1015 λόγοι.

325 1037 454 1110 [169
480 1035 575 1106 HJ
631 1036 1084 1108 ’Λνεγνὼσθησαν
1129 1038 1296 1091 αὑτοῦ
1335 1039 1426 1090 καὶ
1458 1039 1508 1091 οἱ
1556 1037 1840 1108 λεγόμενοι

268 1131 489 1186 Ἠθικοὶ
520 1130 714 1197 λόγοι,
753 1131 812 1182 ἐν
849 1126 930 1193 οἷς
962 1132 1166 1184 ἅπασιν
1201 1131 1635 1202 ἡπροειρημένη
1669 1131 1840 1202 ἀρετὴ

257 1225 361 1278 τῶν
395 1222 570 1290 λόγων
603 1221 839 1292 μάλιστα
864 1222 1227 1291 διαφαίνεται.

971 1318 1148 1370 PMI".

683 1410 795 1465 Τοῦ
822 1409 1011 1463 αὑτοῦ
1054 1407 1410 1461 Ἐπιστολαί
1417 1446 1429 1458 .

330 1503 741 1575 Ἀνεγνώθησαν
761 1503 816 1556 δὲ
839 1503 1003 1555 αὐτοῦ
1022 1503 1116 1554 καὶ
1131 1498 1504 1560 Ἐπιστολαὶ,
1527 1499 1658 1552 αἵτε
1685 1514 1842 1550 κανο-

253 1603 402 1653 Vtra).
423 1601 522 1652 καὶ
551 1599 612 1650 τὸ
642 1597 771 1652 ἄλλο
805 1595 1026 1666 πλῆθος,
1072 1595 1138 1656 ἃς
1169 1595 1450 1663 διαφόροις
1483 1591 1800 1644 ἐπέστειλεν
1821 1606 1836 1621 ο

253 1691 313 1755 ἐξ
341 1684 418 1744 ὧν
444 1690 504 1743 τό
531 1707 591 1742 τε
625 1685 759 1761 ἦθός
787 1690 902 1741 ἐστι
930 1687 1026 1740 τοῦ
1057 1685 1268 1757 ἀνδρὸς,
1293 1685 1478 1738 ὁποῖον
1507 1679 1575 1754 ἦν
1611 1681 1838 1749 ἀξιάγα-

1953 494 2214 552 quantum
2247 484 2465 552 quidem
2497 486 2776 548 existimo.
2822 487 3232 542 desideraturus
3280 505 3400 544 esse
3443 493 3528 546 vi-

1953 573 2182 636 deatur;
2229 588 2336 626 non
2376 575 2549 642 ipsum
2581 589 2797 644 quoque
2833 576 3134 643 Platonem,
3167 580 3280 632 sive
3335 579 3532 635 Demo-

1947 665 2362 732 stbcnem,quns
2376 674 2553 718 tamen
2571 669 2862 721 versandos
2875 669 3079 738 antiqui
3099 671 3417 740 praecipiunt
3439 673 3525 740 iis,

1944 757 2037 825 qui
2057 757 2108 810 in
2127 767 2373 813 oratores
2386 759 2575 814 civiles
2591 775 2652 812 ac
2670 760 3028 831 panegyricos
3043 762 3271 818 evadere
3287 767 3524 833 cupiant.

2633 851 2837 906 CXLII.
3309 851 3314 856 ’

2344 942 2597 1012 Ejusdem
2634 943 2916 998 Orationes
2947 945 3156 999 ethice.

2012 1030 2268 1103 Legimus
2296 1034 2538 1104 ejusdem
2573 1047 2627 1088 et
2660 1038 2885 1090 murales
2911 1039 3176 1091 orationes
3204 1055 3223 1092 :
3251 1039 3302 1092 in
3328 1041 3528 1110 quibus

1941 1127 2196 1180 onmibns
2243 1127 2555 1197 supradicta
2606 1129 2820 1182 dicendi
2890 1132 3061 1184 virtus
3129 1133 3364 1187 maxime
3408 1134 3526 1188 elu-

1942 1220 2136 1273 cescit.

2627 1311 2854 1368 CXLIII.

2465 1402 2720 1472 Ejusdem
2753 1403 3027 1471 Epistolw.

2013 1492 2293 1564 Legnntur
2321 1493 2570 1564 ejusdem
2623 1497 2884 1562 Epistohc
2933 1511 3056 1549 cum
3085 1497 3381 1562 canonicm,
3412 1506 3525 1553 tum

1944 1587 2184 1653 reliquae,
2223 1601 2355 1640 sane
2408 1587 2626 1649 multae,
2664 1588 2729 1639 ad
2765 1589 2946 1639 varios
2991 1588 3186 1641 missae.
3228 1588 3303 1640 Ex
3355 1589 3442 1643 his
3473 1601 3529 1644 et

1943 1679 2046 1732 viri
2100 1694 2302 1744 mores,
2343 1695 2506 1749 quam
2543 1680 2849 1733 admirandi
2901 1679 3124 1743 fuerint,
3169 1679 3329 1732 facile
3359 1696 3528 1751 appa-

255 1801 396 1847 στον,
426 1781 857 1852 χαρακτηρῐσαι,
918 1780 1014 1833 καὶ
1058 1779 1260 1832 κανόνα
1291 1776 1476 1830 λαϐεῖν
1504 1775 1571 1829 ἂν
1596 1773 1772 1838 ἄλλως
1794 1774 1840 1807 ³⁹

1958 1784 2049 1836 ret,
2082 1782 2137 1826 et
2181 1788 2366 1825 norma
2421 1787 2542 1827 esse
2583 1782 2781 1841 queant
2813 1772 2880 1841 (si
2937 1771 3041 1826 alia
3080 1771 3223 1825 nulla
3252 1775 3526 1846 suppetat)

249 1893 335 1939 τις
367 1876 445 1946 μὴ
470 1873 594 1944 ἔχῃ,
623 1872 1034 1941 ὲπιστολιμαίου
1069 1869 1416 1940 χαρακτῆρος
1444 1867 1514 1924 ιο,

955 1965 1130 2018 PMA'.

683 2055 794 2110 Τοῦ
824 2055 1010 2109 αὑτοῦ
1053 2058 1239 2120 Ἀσκη
1248 2054 1400 2108 τικά.

323 2148 672 2218 Ἀνεγνώσθη
698 2149 792 2201 καὶ
813 2147 880 2200 τὰ
907 2148 1255 2212 Ἀσκητικὰ,
1281 2149 1448 2217 ἤγουν
1465 2147 1512 2179 ³¹
1535 2147 1843 2220 ἁσκητικῆς

249 2243 535 2304 πολιτείας
561 2239 855 2309 ὑποθῆκαι,
887 2239 1011 2291 καθ’
1060 2239 1123 2301 ἃς
1146 2256 1231 2302 τις
1256 2239 1404 2309 βιοὺς
1444 2241 1545 2312 τὴν
1593 2241 1844 2314 οὐράνιον

247 2337 465 2406 οἰκήσει
494 2333 797 2406 βασιλείαν.
817 2333 912 2386 Ἐν
939 2333 1121 2402 μέντοι
1151 2332 1196 2363 ³²
1222 2334 1678 2405 παρηλλαγμένον
1695 2334 1844 2388 ἔστιν

250 2428 404 2491 ἰδεῖν,
436 2428 499 2480 τὸ
531 2423 837 2497 κεχρῆσθαι
868 2425 1032 2478 αὐτὸν
1061 2425 1368 2495 ἐμφάσεσιν
1417 2428 1474 2480 ὲν
1507 2427 1724 2491 πολλοῖς
1753 2445 1844 2482 κε-

248 2518 530 2590 φαλαίοις.

966 2611 1150 2664 ΡΜΕ’.

731 2700 1050 2756 Ἐλλαδίου
1094 2699 1370 2765 Λεξικόν.

332 2791 684 2865 ’Δνεγνώσθη
703 2793 956 2858 Λεξικὸν
985 2793 1128 2846 κατὰ
1161 2795 1424 2862 στοιχεῖον
1440 2792 1736 2857 Ἐλλαδίου,
1767 2785 1842 2847 ὧν

247 2887 418 2958 ἴσμεν
447 2885 684 2950 λεξικῶν
737 2884 1229 2955 πολυστιχώτατον.
1273 2885 1348 2937 Ού
1376 2883 1574 2948 λέξεων
1597 2884 1653 2936 δὲ
1681 2886 1844 2955 μόνον

241 2980 279 3048 ὴ
317 2976 650 3045 συναγωγὴ,
682 2974 796 3030 ἀλλ’
825 2977 994 3028 ἐνίοτε
1043 2976 1138 3028 καὶ
1162 2976 1524 3045 κομματικῶν
1552 2993 1714 3030 τινων
1743 2993 1844 3046 χαο

1947 1866 2465 1920 conscribendarum
2501 1865 2881 1934 epistolarum.

2617 1958 2848 2015 CXLIV.

2462 2048 2715 2117 Ejusdem
2749 2053 3009 2109 Asceu'ca.

2016 2139 2269 2207 Legimus
2298 2150 2352 2193 et
2379 2139 2614 2195 Ascetica
2645 2144 2779 2216 (54),
2833 2145 2934 2201 hoc
2959 2160 3041 2202 est
3066 2153 3377 2207 monasticae
3406 2153 3531 2209 vitae

1947 2233 2334 2303 praeceptioncs
2386 2251 2401 2287 :
2457 2249 2521 2289 ex
2569 2251 2799 2305 quarum
2843 2239 3063 2308 quidem
3100 2256 3366 2313 praecepto
3435 2247 3528 2315 qui

1947 2327 2160 2388 vixerit.
2193 2327 2404 2380 caelesti
2432 2338 2581 2382 certe
2609 2345 2772 2398 regno
2799 2333 3091 2401 aliquando
3132 2338 3391 2403 potiatur.
3429 2340 3529 2396 llic

1947 2431 2112 2468 unum
2149 2416 2280 2469 illud
2317 2416 2594 2471 insolitum
2632 2420 2836 2483 videas,
2875 2425 3016 2491 quod
3050 2426 3101 2479 iu
3134 2427 3407 2495 plerisque
3433 2447 3529 2486 ca-

1945 2509 2148 2578 pitibus
2191 2510 2613 2566 ittdicationibus
2647 2512 2762 2581 (55)
2799 2515 2870 2567 sit
2901 2531 3052 2574 usus.

2633 2603 2840 2660 CXLV.

2480 2695 2715 2750 Helladii
2737 2697 2989 2754 Lexicon.

2016 2785 2146 2859 Legi
2180 2787 2412 2843 Lexicon
2440 2788 2576 2860 (ὅδ’)
2607 2789 2835 2846 Helladii
2889 2793 3158 2862 alpliabeti
3207 2797 3348 2849 serie
3392 2812 3527 2852 con-

1946 2882 2236 2951 scriptum,
2293 2884 2587 2936 maximum
2620 2899 2806 2938 eorum
2851 2902 2970 2953 qua:
3012 2888 3256 2941 novimus
3298 2887 3526 2944 Lexico-

1947 2990 2087 3038 rum,
2120 2990 2226 3028 non
2265 2976 2556 3029 verborum
2587 2975 2850 3030 duntaxat
2879 2978 2929 3030 in
2965 2994 3029 3031 eo
3051 2978 3194 3049 99a
3239 2980 3384 3036 facta
3415 2983 3527 3036 col-

244 3070 562 3143 ριεστάτων
613 3067 787 3136 λόγων
818 3069 912 3120 καὶ
960 3069 1039 3131 είς
1071 3066 1246 3121 κώλου
1280 3068 1542 3132 πολλάκις
1594 3069 1872 3135 σύνθεσιν,

1958 3066 2210 3132 lectione,
2239 3067 2336 3122 sed
2373 3068 2643 3122 interdum
2676 3069 2840 3123 etiam
2882 3072 3175 3125 incisoruun
3215 3089 3376 3142 quam
3411 3075 3528 3130 ele-

241 3161 736 3233 ἀπαρτιζομὲνων.
768 3159 939 3222 Πεζοῦ
989 3160 1046 3212 δὲ
1102 3158 1266 3226 λόγου
1308 3158 1427 3212 ἐστὶ⁸
1477 3159 1536 3212 τὸ
1591 3159 1841 3214 πλεῖστον

240 3258 357 3310 τῶν
381 3256 614 3321 λέξεων,
637 3251 752 3306 ἀλλ’
776 3251 900 3321 οὐχὶ
931 3250 1236 3322 ποιητικοῦ,
1274 3250 1463 3321 ὥσπερ
1491 3252 1524 3321 ὴ
1559 3253 1840 3319 Διογενια-

240 3350 324 3420 νῷ
349 3346 728 3417 ἐκπονηθεῶα
756 3344 989 3414 συλλογή
1009 3362 1021 3375 ·
1054 3345 1174 3397 οὐδὲ
1199 3343 1342 3398 κατὰ
1370 3345 1552 3407 πάσας
1579 3346 1678 3408 τὰς
1712 3346 1841 3398 συλ-

237 3441 426 3503 λαϐὰς
441 3439 548 3510 τὴν
576 3437 672 3491 τοῦ
700 3435 968 3506 στοιχείου
1015 3434 1171 3499 τάξιν
1216 3436 1495 3504 φυλάττει,
1522 3436 1656 3488 ἀλλὰ
1703 3437 1846 3490 κατὰ

244 3535 426 3603 μόνην
441 3533 546 3601 τὴν
571 3531 868 3602 ἄρχουσαν.
894 3528 1224 3598 Πολύστιχος
1250 3527 1306 3580 δὲ
1323 3527 1498 3590 οὕτως
1585 3527 1842 3598 συλλογὴ,

240 3627 394 3680 ὥστε
424 3623 552 3696 μηδ’
589 3625 670 3687 εἰς
701 3622 862 3675 πέντε
891 3621 1182 3691 σύμμετρα
1223 3619 1390 3690 τεύχη
1418 3619 1516 3689 τὴν
1543 3620 1670 3688 ὃλην
1703 3637 1846 3690 πρα-

244 3719 532 3789 γματείαν
573 3713 1006 3784 ἀπαρτίζεσθαιο
1050 3715 1213 3782 ἡμεῖς
1261 3713 1305 3765 δ’
1336 3717 1394 3764 ὲν
1431 3712 1572 3765 ἑπτὰ
1599 3711 1844 3780 τεύχεσιν

247 3813 395 3880 αὐτῇ
427 3807 778 3878 ἐνετύχομεν.
815 3805 942 3878 [520
977 3803 1071 3875 IL]
1107 3806 1392 3874 Χρήσιμον
1443 3803 1499 3856 δὲ
1550 3805 1611 3855 τὸ
1641 3803 1844 3872 βιὸλίον

244 3907 364 3966 τοῖς
384 3921 447 3955 τε
479 3902 528 3934 ³³
570 3899 955 3969 συγγράφουσι
1001 3899 1094 3948 καὶ
1124 3898 1237 3957 τοῖς
1291 3895 1465 3958 ἄλλως
1501 3895 1843 3964 πολυμαθίαν

246 3995 490 4066 τιμῶσιν
513 4010 530 4025 ·
561 3994 678 4062 ἔχει
711 3991 822 4063 γὰρ
863 3992 962 4044 καὶ
1020 3988 1322 4059 μαρτυρίας
1371 3989 1616 4058 ῥητόρων
1649 4005 1710 4041 τε
1750 3987 1845 4042 καὶ

250 4086 365 4140 τῶν
396 4089 475 4150 εἰς
509 4083 808 4154 ποιητικὴν
839 4083 979 4153 μέγα
1003 4081 1153 4143 κλέος
1177 4082 1431 4150 ἐχόντων.

971 4351 1167 4418 ΡΜςν.

595 4446 852 4512 Λεξικὸν
877 4443 989 4512 τῆς
1024 4441 1288 4512 καθαρᾶς
1321 4442 1504 4509 ἰδέας.

342 4537 686 4608 Ἀνεγνιὲισθη
741 4535 997 4600 Λεξικὸν
1054 4535 1197 4587 κατὰ
1253 4536 1517 4603 στοιχεῖον
1581 4532 1844 4600 καθαρᾶς

257 4625 443 4692 ἰδέας.
482 4627 647 4693 Μέγα
691 4624 790 4678 καὶ
826 4622 1148 4692 πολύστιχον
1177 4623 1239 4676 τὸ
1284 4622 1509 4692 βιϐλίον,
1541 4623 1740 4693 μᾶλλον
1786 4623 1844 4674 δὲ

254 4717 584 4782 πολύϐιὸλος
622 4720 657 4788 ἠ
703 4716 1078 4787 πραγματεία.
1127 4715 1240 4768 Καὶ
1271 4716 1563 4784 χρήσιμον,
1605 4717 1763 4785 εἴπερ
1791 4731 1844 4767 τι

255 4809 410 4875 ἄλλο,
468 4813 586 4873 τοῖς
629 4809 724 4862 τὸν
783 4807 1110 4878 χαρακτῆρα
1171 4807 1708 4880 μεταχειριζομένοις
1748 4807 1880 4876 τῆςο

253 4901 514 4971 τοιαύτης
549 4901 718 4965 ἰδέας.

1869 4443 1922 4502 D

1947 3161 2426 3227 gantissimorum,
2485 3174 2605 3229 qua:
2667 3171 2723 3214 et
2777 3161 3016 3229 perlecta
3072 3164 3189 3218 cola
3245 3181 3350 3218 non
3402 3182 3528 3222 raro

1948 3251 2251 3320 aquuent.
2299 3250 2472 3306 Voces
2513 3260 2690 3306 autem
2741 3253 2869 3321 ipsa:
2917 3255 3206 3308 maximam
3254 3268 3458 3324 partem
3494 3275 3527 3314 e

1949 3344 2126 3396 soluta
2175 3355 2302 3396 sunt
2333 3346 2601 3408 oratione,
2641 3359 2748 3397 non
2800 3345 3012 3398 evincta
3049 3350 3308 3410 numeris,
3339 3350 3528 3417 quales

1948 3436 2112 3490 habet
2143 3435 2458 3504 Diogeniani
2490 3437 2610 3504 t36)
2647 3437 2915 3491 collectio.
2961 3439 3070 3493 Nec
3100 3440 3225 3493 item
3260 3441 3344 3494 hic
3375 3443 3525 3496 ordi-

1947 3544 2068 3582 nem
2095 3528 2368 3592 alpliabeti
2399 3543 2494 3597 per
2526 3529 2766 3597 singulas
2792 3531 3031 3583 servavit
3053 3530 3312 3600 syllabas,
3345 3533 3441 3586 sed
3473 3535 3525 3589 in

1948 3617 2065 3685 ipso
2119 3617 2379 3670 duntaxat
2437 3618 2681 3672 vocabuli
2733 3618 3019 3688 principio.
3089 3619 3143 3674 In
3199 3621 3523 3676 immensum

1947 3709 2121 3778 plane.
2154 3714 2326 3763 crevit
2379 3711 2493 3765 haec
2525 3712 2827 3778 congeries,
2866 3719 2925 3764 ut
2966 3726 3064 3766 nec
3098 3712 3338 3782 quinque
3363 3715 3526 3783 justis

1948 3801 2315 3855 voluminibus
2369 3816 2504 3868 opus
2544 3802 2814 3868 integrum
2875 3802 3142 3858 contineri
3187 3815 3394 3872 queat;
3427 3822 3527 3860 nos

1948 3893 2077 3946 illud
2115 3894 2166 3946 in
2209 3903 2415 3961 septem
2446 3894 2677 3948 divisum
2721 3905 2903 3962 partes
2936 3895 3075 3948 nacti
3117 3911 3324 3951 sumus.
3375 3898 3527 3952 Scri-

1945 3985 2200 4040 bentibus
2227 4000 2358 4039 sane
2399 3985 2647 4053 perutilis
2674 3985 2834 4049 liber,
2875 3986 3075 4055 quique
3109 3987 3312 4041 variam
3347 4005 3525 4042 rerum

1945 4076 2314 4144 cognitionem
2377 4084 2782 4130 consectantur.
2823 4075 2955 4128 Nam
2981 4085 3036 4128 et
3065 4087 3342 4130 oratorum
3374 4079 3528 4131 adbi-

1946 4168 2038 4222 bet
2069 4167 2401 4230 testimonia,
2443 4177 2494 4222 et
2544 4181 2732 4222 eorum
2782 4178 3078 4234 praeterea,
3110 4170 3201 4240 qui
3235 4173 3289 4223 in
3315 4171 3529 4239 poetica

1947 4273 2199 4329 magnam
2231 4267 2360 4312 sunt
2386 4257 2600 4313 laudem
2634 4260 2939 4315 consecuti.

2619 4347 2852 4403 CXLVI.

2425 4436 2654 4494 Lexicon
2701 4457 2850 4510 purw
2887 4442 3041 4497 idae.

2018 4530 2246 4586 Lexicon
2276 4530 2380 4600 legi
2420 4531 2553 4584 ideae
2577 4546 2725 4599 pum
2743 4531 3047 4585 litterarum
3065 4531 3276 4585 ordine.
3301 4531 3527 4600 Magnus

1947 4635 2001 4678 et
2033 4625 2120 4677 hic
2153 4623 2312 4687 liber,
2343 4632 2404 4675 ut
2427 4622 2580 4676 multi
2609 4623 2808 4691 potius,
2837 4638 2998 4690 quam
3028 4640 3166 4677 unus
3192 4639 3316 4679 esse
3344 4625 3526 4680 videa-

1951 4726 2061 4770 tur.
2108 4715 2264 4770 Utilis
2318 4723 2523 4782 autem,
2554 4715 2598 4769 si
2632 4716 2756 4784 quis
2801 4714 2974 4780 alius,
3011 4715 3078 4770 iis
3121 4725 3227 4784 est,
3261 4716 3353 4785 qui
3386 4718 3527 4772 lianc

1949 4808 2126 4863 idenm
2155 4817 2410 4863 tractant.

1522 5014 1756 5070 VARIIE
1792 5013 2200 5070 LECTIONES.

299 5115 347 5147 ⁸⁸
375 5115 590 5176 οὐδενος
612 5115 655 5167 Α
690 5130 704 5167 :
748 5114 844 5166 καὶ
876 5112 1089 5174 οὐδενός
1123 5129 1183 5176 ς.

1265 5112 1312 5144 ⁸³
1351 5111 1548 5183 ἄλλως]
1582 5112 1740 5167 ἄλλον
1769 5110 2143 5183 Casaubonus.
2216 5110 2264 5183 _'°
2303 5107 2744 5180 επιστολιμαίους
2765 5107 3118 5181 χαρακτῆρας
3146 5125 3207 5173 ς.
3281 5108 3326 5140 ³⁸
3359 5107 3528 5178 ἤγουν

223 5249 232 5268 ι
263 5203 374 5242 om.
398 5189 464 5241 Δ.
543 5186 591 5218 ⁸³
621 5185 682 5238 ἒν
713 5183 923 5256 μέντοι]
956 5187 1012 5235 ὲν
1043 5183 1140 5252 μὲν
1167 5184 1280 5246 τοῖς
1309 5183 1376 5236 Α.
1453 5184 1500 5215 ³³
1526 5180 1586 5236 τε
1614 5195 1668 5238 et
1697 5183 1836 5236 infra
1865 5183 2013 5234 ἐστιν
2043 5180 2168 5234 add.
2201 5181 2265 5236 A.

1811 5299 2044 5358 ΝΟΤᾹΞ.

334 5393 444 5471 (ὅθ)
467 5394 656 5471 Quam
699 5392 885 5471 multis
916 5393 1202 5471 Eustathio
1229 5395 1562 5471 Sebastiensi
1592 5397 1844 5471 episcopo
1943 5405 2176 5471 quatuor
2233 5404 2486 5471 excerpta
2555 5391 2722 5471 babes
2776 5389 2902 5447 infr.
2962 5388 3082 5471 cod.
3147 5386 3296 5471 ΞΕ,

3366 5401 3526 5454 quem

267 5456 436 5518 tribui
476 5456 644 5518 refert
695 5463 928 5534 'Niceph.
985 5465 1080 5520 lib.
1121 5481 1199 5531 ιι,
1255 5481 1376 5535 cap.
1407 5467 1510 5533 10,
1550 5456 1844 5523 θι’ῐυτεὶιε
1943 5456 2264 5535 scriptorem
2292 5456 2522 5518 forsitan
2576 5464 2867 5535 indicatum
2919 5461 3088 5514 voluit
3151 5456 3418 5526 Stephan.
3473 5456 3526 5511 iu

267 5535 357 5591 lib.
391 5552 510 5595 xm.
540 5551 662 5604 cap.
693 5535 790 5590 29.

335 5605 798 5676 (55)Ἑμφάσεσι,
833 5621 954 5674 quae
982 5621 1195 5662 summa
1230 5609 1476 5677 quaedam
1512 5609 1690 5677 capita
1717 5619 1846 5664 sunt

271 5679 616 5744 quzestionum
653 5677 878 5732 brevius
905 5689 992 5730 aut
1022 5677 1198 5732 fusius
1237 5678 1664 5733 tractandarum.

338 5747 468 5819 (ὅδ’)
498 5749 756 5819 Ejusdem
807 5746 1036 5805 Helladii
1067 5747 1538 5820 Χρηστομαθειῶν
1582 5749 1842 5808 librorum

1944 5530 2210 5608 Βηρύτὸς.
2247 5535 2403 5608 Plura
2441 5537 2507 5608 de
2547 5548 2616 5608 eo
2652 5530 2870 5608 Suidas.
2922 5601 2934 5608 _
3259 5596 3290 5608 υ

2014 5594 2127 5678 ζ’ὅϐ)
2158 5594 2503 5678 Libroshuic
2545 5603 2597 5678 5,
2641 5602 2877 5678 redactis
2922 5601 2973 5678 in
3010 5594 3527 5678 compendiumnwg

1942 5690 1997 5732 et
2020 5667 2078 5741 '5,
2105 5667 2373 5749 Pamphili
2405 5676 2690 5747 cujusdam
2718 5673 2784 5728 de
2811 5671 3088 5727 vocabulis
3111 5682 3300 5740 opere,
3333 5667 3524 5723 tribuit

1947 5749 2102 5806 Suid.
