3932 6240
450 252 558 316 423

1116 369 1370 427 CXLVII.

953 460 1181 518 Lexicon
1211 463 1385 533 gravis
1419 463 1563 533 styli.

523 551 656 624 Legi
685 553 818 608 idea:
854 558 1112 622 gravioris
1158 554 1411 620 Lexicon,
1439 558 1581 626 quod
1617 559 1790 627 ipsum
1827 574 2045 629 quoque

455 643 508 698 iu
543 645 870 701 iiutneusum
923 647 1125 714 crevit,
1159 657 1217 702 ut
1267 647 1571 718 legentibus
1599 651 1783 718 aptius
1816 651 1931 706 fore
1954 667 2042 706 ar-

453 735 649 802 bitrer,
683 741 728 794 si
763 742 815 793 in
847 742 979 796 duos
1003 756 1142 809 opus
1187 739 1313 794 illud
1355 753 1448 798 aut
1498 752 1610 798 tres
1646 755 1822 800 tomos
1857 746 2045 800 distri-

453 827 669 884 buatur.
727 832 1006 901 Digestum
1047 833 1176 886 item
1225 843 1308 889 est.
1341 835 1645 890 litterarum
1684 837 1902 904 ordine,
1948 853 2044 908 pa-

455 929 638 990 tetque
668 922 798 976 utile
836 937 958 977 esse
995 923 1062 978 iis
1093 924 1184 992 qui
1223 927 1440 981 sublimi
1478 929 1790 998 tumidoque
1829 928 2040 984 dicendi

456 1033 654 1087 genere
675 1019 946 1075 excellere
979 1023 1163 1078 studio
1195 1023 1421 1077 habent.

1112 1175 1390 1232 CXLVIII.

840 1264 1071 1321 Lezicon
1113 1270 1370 1322 sermonis
1411 1268 1631 1336 politici.

531 1361 781 1416 Vidimus
815 1359 1046 1416 Lexicon
1078 1362 1250 1418 Civilis
1307 1365 1562 1418 sermonis
1591 1365 1844 1430 seorsim,
1873 1363 2044 1420 tribus

455 1453 843 1519 voluminibus,
881 1455 1069 1523 ingens
1101 1455 1259 1523 plane
1303 1469 1438 1525 Opus
1489 1473 1554 1510 ac
1587 1467 1824 1509 vastum.
1857 1454 2044 1510 Utilis-

455 1541 688 1604 simum,
723 1541 767 1594 si
797 1545 941 1609 quod
967 1541 1135 1605 aliud,
1166 1543 1232 1596 ad
1264 1543 1525 1613 praeclare
1550 1559 1664 1598 rem
1694 1559 1849 1598 suam
1882 1561 2045 1614 agen-

456 1635 604 1700 dam,
640 1643 695 1689 et
755 1649 822 1690 ex
873 1651 981 1706 quo
1041 1637 1298 1692 facillime
1351 1638 1692 1708 objectiones
1730 1649 2040 1710 suppetant.

1546 260 1817 322 PHOTII
1878 263 2385 331 PATRIARCH/E
2422 271 2531 332 ΕΡ.

2066 384 2113 438 Α

3619 271 3728 339 424

2859 385 3040 441 PMZ'.

2564 476 2824 541 Λεξικὸν
2856 477 3091 547 σεμνῆς
3123 477 3306 544 ίδέας.

2227 565 2568 637 Ἀνεγνώσθη
2597 567 2854 631 Λεξικὸν
2877 566 3113 636 σεμνῆς
3137 567 3321 634 ἰδέας.
3351 567 3445 631 El;
3496 568 3727 639 μέγεθος

2143 659 2439 724 ὲξετείνετο
2479 659 2541 712 τὸ
2581 658 2792 729 τεῦχος,
2831 658 2905 724 ὡς
2950 660 3173 728 ἄμεινον
3204 654 3344 712 εἶναι
3377 660 3498 712 δυσὶ
3527 661 3732 730 μᾶλλον

2141 753 2392 822 τεύχεσιν
2428 752 2460 822 ἢ
2493 752 2641 823 τρισὶ
2672 755 2783 814 τοῖς
2815 751 3244 820 ἀναγινώσκουσι
3283 751 3347 804 τὸ
3377 752 3732 824 φιλοπόνημα

2145 845 2516 914 περιέχεσθαι.
2559 845 2716 898 Κατὰ
2746 847 3006 914 στοιχεῖον
3049 843 3107 896 δὲ
3137 847 3170 914 ή
3212 845 3588 915 πραγματεία,
3636 847 3733 899 καὶ

2144 937 2304 1007 δῆλον
2339 938 2414 1000 ὼς
2447 936 2692 1007 χρησίμη
2725 940 2833 1000 τοῖς
2867 939 2946 1001 είς
2979 937 3208 1008 μέγεθος
3239 938 3333 990 καὶ
3357 937 3521 1002 ὄγκον
3565 939 3731 992 ἐπαί-

2147 1043 2263 1098 ρειν
2315 1027 2442 1091 τοὺς
2472 1027 2663 1096 λόγους
2712 1028 2893 1082 αὐτῶν
2941 1029 2999 1080 ὲν
3035 1028 3116 1096 τῷ
3148 1028 3486 1098 συγγράφειν
3515 1027 3734 1082 ἐθέλου-

2149 1135 2252 1174 σιν.

2849 1192 3039 1248 ΡΜΗ’.

2453 1285 2710 1350 Λεξίκὸν
2727 1285 2836 1339 τοῦ
2868 1285 3182 1340 πολιτικοῦ
3210 1287 3417 1356 λόγου.

2231 1376 2575 1448 ’Λνεγνώσθη
2613 1378 2868 1442 Λεξικόν
2902 1379 3047 1442 ἰδίως
3075 1380 3262 1448 λόγου
3290 1377 3640 1442 πολιτικοῦ,
3675 1379 3735 1431 ὲν

2145 1473 2294 1542 τρισὶ
2351 1471 2570 1541 τεύχεσι
2627 1471 2994 1543 πολυστίχοις.
3072 1471 3223 1542 Αὕτη
3281 1473 3315 1543 ὴ
3373 1471 3736 1542 πραγματεία

2149 1563 2347 1634 πλήθει
2402 1563 2502 1633 μέν
2530 1565 2646 1620 ἐστι
2686 1563 2876 1637 πολλὴ,
2910 1566 3323 1637 κατορθωθῆναι
3352 1564 3410 1619 δὲ
3441 1581 3737 1636 χρησιμω-

2151 1654 2309 1726 τάτη,
2343 1655 2440 1708 καὶ
2467 1656 2640 1728 ῥᾴστη
2681 1656 2739 1709 δὲ
2789 1659 2870 1720 είς
2911 1657 3215 1729 ἀντίληψιν,
3250 1658 3303 1710 εί
3326 1675 3411 1721 τις
3443 1657 3584 1728 ἄλλη
3611 1673 3625 1688 ο
3669 1657 3734 1711 οὑ

456 1725 573 1781 Non
601 1728 746 1782 enim
776 1743 923 1784 nunc
965 1729 1235 1793 ediscere,
1273 1733 1368 1785 sed
1400 1733 1664 1786 adnotare
1696 1741 1902 1786 tantum
1957 1731 2045 1786 hic

2166 1725 2283 1818 {dtpi
2309 1748 2404 1800 νῦν
2467 1725 2782 1817 μανθάνειν,
2803 1749 2941 1803 ἀλλὰ
2974 1725 3134 1820 μόνον
3198 1725 3736 1821 ἀποσημειώσασθαι

456 1832 642 1884 voces,
674 1819 873 1888 quibus
907 1821 1182 1892 indigeat,
1217 1821 1483 1892 legentem
1514 1832 1728 1892 oportet
1757 1840 1770 1877 :
1797 1825 1888 1892 qui
1920 1825 2042 1894 qui-

457 1910 577 1965 dem
621 1927 726 1966 uon
764 1913 986 1969 omnino
1030 1915 1084 1969 in
1132 1914 1373 1984 antiquis
1399 1915 1758 1983 scriptoribus
1802 1917 2041 1985 legendis

458 2001 655 2072 hospes
688 2004 778 2058 sit.
805 2005 1091 2076 Alpltabeti
1131 2007 1321 2062 ordine
1356 2007 1461 2061 hoc
1490 2007 1618 2062 item
1654 2021 1791 2077 opus
1818 2018 2042 2062 contex-

459 2104 571 2148 tum
602 2104 706 2152 est.

1133 2167 1370 2224 CXLIX.

978 2261 1243 2316 Pollionis
1261 2260 1510 2317 Lexicon.

527 2357 788 2429 Legimus
828 2363 884 2412 et
919 2355 1183 2411 Pollionis
1210 2356 1326 2428 (57)
1355 2355 1588 2410 Lexicon
1616 2355 2037 2428 alphabeticum.

456 2449 727 2506 I‘lurimas
752 2451 969 2519 quidem
1009 2464 1170 2503 voces
1206 2449 1449 2518 poeticas
1477 2449 1719 2504 continet
1756 2467 1770 2505 ι
1816 2454 2040 2521 paucio-

461 2556 546 2594 res
594 2550 772 2594 tamen
803 2554 968 2609 quam
1025 2539 1419 2609 Diogenianus,
1466 2535 1622 2605 cujus
1669 2537 1831 2606 duplo
1867 2539 2044 2608 majus

459 2646 616 2701 opus.

1190 2719 1301 2775 CL.

458 2815 691 2879 Iuliani,
728 2811 1045 2868 Philostrati
1090 2813 1257 2883 Tyrii,
1296 2823 1344 2868 et
1371 2814 1594 2869 Diodori
1618 2814 1846 2870 Lexicon
1888 2832 1916 2872 ε
1951 2817 2045 2871 de-

1012 2901 1122 2937 cem
1159 2886 1482 2939 oratoribus.

2147 1839 2247 1902 τὰς
2279 1840 2338 1892 ὲν
2367 1839 2504 1910 αὐτῇ
2535 1839 2709 1904 λέξεις
2736 1841 2828 1894 τὸν
2855 1841 3301 1910 ἀναγινώσκοντα
3331 1841 3538 1911 δεήσει,
3571 1842 3749 1911 είπερ

2153 1930 2228 2002 μὴ
2259 1931 2606 1985 παντάπασίν
2641 1934 2791 1986 ἐστιν
2819 1933 3052 2004 ἀνήκοος
3086 1933 3332 1988 παλαιῶν
3358 1935 3737 2006 ἀναγνωσμά-

2149 2038 2275 2076 των.
2298 2022 2458 2077 Κατὰ
2479 2025 2740 2094 στοιχεῖον
2759 2023 2817 2078 δὲ
2847 2028 2942 2079 καὶ
2967 2027 2998 2078 ὁ
3024 2026 3190 2090 πόνος
3217 2019 3395 2090 οὗτος.

2856 2179 3036 2236 PMB’.

2605 2275 2864 2340 Λεεικὸν
2893 2276 3263 2343 Πολλίωνος.

2233 2365 2575 2439 Ἀνεγνώσθη
2603 2369 2906 2430 Πολλίωνος
2924 2369 2969 2402 ³⁸
2996 2369 3256 2434 Λεεικὸν
3275 2370 3415 2426 κατὰ
3442 2372 3738 2441 στοιχεῖον.

2153 2463 2308 2534 Ἔχει
2349 2463 2605 2525 πλείστας
2677 2463 2774 2534 μὲν
2805 2462 2852 2495 ³⁸
2901 2463 3192 2534 ποιητικὰς
3222 2463 3418 2531 λέξεις,
3478 2461 3644 2539 ἦττον
3679 2465 3739 2519 δὲ

2149 2553 2496 2624 Διογενιανοῦ
2523 2572 2539 2587 ο
2591 2556 2673 2619 είς
2723 2555 2785 2609 τὸ
2831 2555 3112 2611 διπλάσιον
3152 2556 3210 2609 δὲ
3261 2556 3410 2628 αὐτῷ
3457 2557 3561 2628 τῆς
3594 2558 3742 2612 ὲκεί-

2151 2666 2243 2703 νου
2274 2647 2659 2720 πραγματείας
2689 2647 2750 2702 τὸ
2779 2648 3126 2720 φιλοπόνημα
3156 2651 3575 2721 παρατείνεται.

2895 2741 3025 2794 PN'.

2151 2835 2407 2902 Λεξικὸν
2429 2834 2550 2890 τῶν
2573 2836 2732 2902 παρὰ
2749 2833 2870 2900 τοῖς
2889 2833 3035 2888 δέκα
3049 2833 3304 2902 ῥήτορσι
3324 2838 3738 2906 κεχρημένων,

2223 2906 2328 2961 τοῦ
2364 2907 2722 2970 Ἰουλιανοῦ,
2758 2907 2856 2960 καὶ
2890 2905 3298 2973 Φιλοστράτου
3345 2905 3584 2976 Τυρίου.
3635 2911 3737 2963 καί

2219 2976 2536 3046 Διοδώρου.

531 3063 660 3132 Legi
706 3061 906 3118 Iuliam
949 3060 1200 3129 Lexicon,
1267 3077 1459 3118 vocum
1501 3076 1534 3118 e
1576 3064 1761 3120 decem
1816 3063 2040 3122 Graeciae

2224 3068 2365 3142 [ΠΟ
2427 3067 2539 3140 IL]
2607 3068 2946 3149 Ἀνεγνὼσθη
3005 3067 3226 3135 λεξικδν
3269 3068 3568 3124 Ἰουλιανοῦ
3624 3070 3741 3124 τῶν

461 3158 770 3211 oratoribus
817 3155 1093 3224 alphabeti
1133 3157 1280 3211 serie
1321 3155 1698 3211 collectarum.
1744 3157 2045 3214 Ilnmeusus

2166 3160 2310 3231 παρὰ
2334 3161 2447 3222 τοῖς
2485 3158 2618 3212 δέκα
2653 3159 2878 3229 ῥήτορσι
2909 3156 3110 3221 λέξεων
3142 3157 3284 3211 κατὰ
3311 3159 3598 3228 στοιχεῖον.
3628 3159 3741 3212 Πο-

463 3261 592 3302 vero
619 3246 709 3302 hic
740 3250 869 3300 item
916 3246 1075 3311 liber,
1123 3247 1217 3314 qui
1262 3262 1389 3300 cum
1443 3261 1608 3302 voces
1629 3248 1894 3315 omnium,
1928 3264 2051 3319 qua:

463 3341 605 3410 apud
643 3338 1007 3394 Athenienses
1055 3337 1168 3409 (58)
1219 3337 1374 3418 99b
1427 3349 1579 3394 certa
1626 3350 1790 3408 atque
1842 3342 2050 3395 consti-

467 3442 582 3486 tuta
616 3431 984 3496 habebantur,
1023 3432 1283 3500 explicat,
1332 3441 1445 3486 tum
1475 3433 1736 3502 quidquid
1769 3433 1836 3487 ad
1869 3434 2049 3501 priva-

464 3534 574 3578 tam
608 3525 848 3594 ipsorum
878 3523 1164 3579 historiam
1206 3526 1486 3593 pertinens
1519 3526 1769 3580 rhetores
1808 3527 1863 3579 hi
1896 3525 2050 3580 aditi-

467 3615 727 3678 buerunt,
781 3616 897 3670 sive
926 3616 1100 3685 patrio
1129 3616 1312 3686 aliquo
1339 3631 1491 3671 more
1526 3628 1877 3684 usurparunt.
1915 3615 2050 3670 Illud

465 3715 616 3762 certe
645 3707 1020 3774 manifestum,
1067 3711 1133 3764 ad
1163 3711 1432 3764 oratorias
1461 3711 1760 3766 conciones
1791 3711 2050 3781 legendas

467 3796 571 3852 hoc
594 3812 732 3866 opus
763 3797 1056 3868 plurimmn
1091 3799 1344 3855 conferre
1367 3815 1550 3868 posse.

546 3887 842 3942 lucidimus
896 3897 1114 3952 autem,
1170 3898 1226 3943 et
1279 3889 1331 3943 in
1366 3888 1684 3945 Philostrati
1741 3889 1888 3962 Tyrii
1933 3890 2048 3962 (59)

466 3982 705 4052 ejusdem
731 3981 1035 4051 argumenti
1070 3997 1173 4035 non
1196 3981 1432 4051 ignobile
1453 3997 1588 4053 opus
1613 3999 1630 4038 :
1655 3986 1760 4039 etsi
1785 3994 2051 4054 praestau-

467 4076 576 4130 tior
605 4083 785 4128 tamen
833 4073 921 4126 hic
949 4071 1148 4128 Iuliani
1183 4074 1356 4129 labor.

538 4165 757 4221 Julinuo
783 4174 1044 4234 praterea
1079 4167 1131 4219 in
1185 4166 1332 4221 nullo
1366 4167 1592 4223 inferior
1623 4167 1889 4224 Diodorus
1914 4184 2054 4240 quo-

465 4272 573 4329 que
625 4259 766 4313 idem
823 4268 1203 4328 argumentum
1254 4261 1532 4326 tractavit,
1572 4261 1678 4316 nisi
1724 4262 1866 4331 quod
1901 4262 2053 4318 testi-

469 4352 654 4407 monia
693 4353 1009 4422 plerumque
1029 4351 1276 4407 Julianus
1300 4354 1550 4410 advocat.
1591 4353 1728 4410 Uter
1754 4370 1888 4410 vero
1912 4367 2050 4410 tem-

2151 3254 2401 3323 λύστιχον
2436 3252 2494 3305 δὲ
2529 3251 2625 3304 καὶ
2669 3249 2829 3302 τοῦτο
2859 3248 2922 3301 τὸ
2949 3247 3176 3318 βιῦλίον,
3207 3247 3438 3302 καὶτῶν
3480 3264 3545 3301 τε
3598 3250 3740 3320 παρ’

2151 3345 2461 3415 Ἀθηναίοις
2481 3343 2649 3396 δικῶν
2686 3343 2732 3374 ⁸⁸
2765 3339 3067 3412 ἑρμηνεῦον
3091 3339 3160 3392 τὰ
3182 3341 3444 3409 ὀνόματα,
3476 3341 3575 3394 καὶ
3606 3342 3662 3394 εῐ
3685 3359 3740 3394 τι

2150 3438 2270 3492 καθ’
2305 3438 2548 3506 ἱστορίαν
2579 3435 2890 3500 ἰδιάζουσαν
2914 3433 3101 3497 αὐτοῖς
3119 3434 3168 3486 ol
3209 3434 3440 3504 ῥήτορες
3465 3434 3743 3505 παρειλή-

2151 3530 2378 3602 φασινῆ
2421 3529 2566 3584 κατά
2594 3545 2651 3582 τι
2697 3529 2927 3598 πάτριον
2958 3526 3080 3590 ἔθος
3119 3527 3521 3596 ἑπεχρήσαντο.
3566 3527 3743 3597 Δῆλον

2149 3623 2194 3677 δ’
2223 3624 2305 3676 ὅτι
2342 3622 2420 3684 είς
2448 3623 2545 3684 τὰς
2575 3617 2685 3672 τῶν
2730 3617 3040 3690 ῥητορικῶν
3077 3617 3252 3684 λόγων
3298 3619 3740 3682 συναναγνώσεις

2149 3718 2219 3768 τὰ
2255 3715 2488 3786 μέγιστα
2510 3714 2544 3784 ή
2570 3712 2924 3784 πραγματεία
2950 3709 3303 3780 συμϐάλλοιτ’
3326 3709 3416 3764 ἄν.

2232 3888 2596 3960 Ἐνετύχομεν
2622 3888 2682 3941 δὲ
2711 3887 2810 3942 καὶ
2854 3885 3219 3957 Φιλοστράτου
3263 3885 3466 3958 Τυρίου
3501 3889 3587 3950 εἰς
3637 3889 3743 3958 τὴν

2151 3984 2324 4054 αὐτὴν
2377 3980 2636 4036 ὑπόθεσιν
2687 3980 2790 4033 οὐκ
2841 3978 3116 4049 εὐδοκίμῳ
3143 3977 3528 4049 σπουδάσματι
3560 3996 3576 4013 ο
3616 3982 3743 4036 ἀλλ’

2151 4080 2373 4152 ἄμεινον
2394 4079 2424 4130 ὁ
2465 4073 2751 4135 Ἰουλιανὸς
2781 4072 3122 4141 διεπόνησεν.

2225 4170 2392 4224 οὐδὲν
2439 4167 2496 4220 δὲ
2535 4163 2700 4241 ἦττον
2730 4163 3024 4218 Ἰουλιανοῦ
3073 4164 3171 4218 καὶ⁸
3201 4165 3467 4236 Διόδωρος
3521 4168 3605 4229 είς
3643 4166 3747 4238 τὴν

2153 4263 2326 4334 αὐτὴν
2348 4261 2607 4314 ὑπόθεσιν
2631 4256 3180 4328 διεπραγματεύσατο
3195 4274 3211 4290 ο
3238 4258 3376 4328 πλὴν
3396 4258 3678 4330 Ἰουλιανῷ
3705 4263 3745 4332 ἡ

2153 4355 2266 4409 τῶν
2343 4350 2656 4426 μαρτυριῶν
2712 4352 2908 4420 χρῆσις
2975 4349 3070 4401 ἐπὶ
3119 4349 3284 4402 πλέον
3347 4353 3744 4422 παρατίθεται,

463 4459 598 4519 pore
645 4445 794 4514 prior
835 4444 905 4498 sit
937 4443 1101 4515 (alter
1140 4445 1284 4499 enim
1318 4444 1549 4500 alterum
1581 4446 1957 4516 descripsisse,
1994 4455 2045 4500 et

2166 4447 2347 4510 Ὅστις
2376 4444 2434 4498 δὲ
2488 4443 2666 4514 χρόνῳ
2713 4442 2823 4495 τῶν
2854 4438 2947 4493 δύο
2999 4441 3372 4510 πρεσϐύτερος
3420 4442 3593 4509 (δοκεῖ
3631 4432 3746 4517 γάρ

464 4555 575 4595 non
607 4539 674 4592 ab
703 4549 942 4606 utroque
961 4537 1273 4605 :separatim
1305 4536 1594 4591 collectum
1621 4552 1759 4603 opus
1784 4538 2044 4607 videtur),

467 4639 609 4693 uter,
659 4628 906 4699 inquam,
947 4627 1018 4680 ab
1075 4625 1253 4682 altero
1281 4636 1564 4682 mutuatus
1601 4627 1675 4681 sit
1712 4642 1819 4680 non
1873 4627 2049 4681 habeo

465 4723 671 4778 dicere.

1188 4809 1321 4868 CLI.

679 4904 866 4960 Τίτιιωὶ
897 4903 1127 4959 ιεπὶεοη
1162 4920 1346 4958 vocum
1378 4902 1802 4958 Platonicarum.

537 4997 758 5054 Lectum
814 5007 898 5053 est
945 4997 1132 5052 Tittimi
1189 4999 1256 5052 ad
1314 4995 1641 5052 Gentianum
1695 4996 1774 5051 De
1831 4996 2043 5051 vocibus

2151 4538 2340 4610 ὥσπερ
2409 4533 2739 4607 μεταγραφὴ
2811 4532 3028 4602 θατέρῳ
3087 4531 3150 4586 τὸ
3194 4533 3542 4605 σπούδασμα,
3622 4538 3748 4590 ἀλλ’

2150 4623 2274 4693 οὐχὶ
2299 4621 2405 4692 ἰδία
2437 4622 2686 4692 ἑκατέρῳ
2704 4620 2884 4673 αὐτῶν
2907 4619 2950 4650 ³⁷
2984 4619 3370 4690 συνειλέχθαι),
3391 4623 3533 4679 ἀλλὰ
3563 4628 3652 4690 τίς
3681 4627 3746 4693 ἐξ

2148 4716 2315 4772 ἄλλου
2345 4711 2680 4785 μετέγραφε,
2711 4712 2854 4774 τέως
2886 4711 2986 4764 οὒκ
3010 4711 3120 4780 ἔχω
3152 4711 3351 4780 λέγειν.

2857 4801 3034 4858 PNA'.

2154 4899 2401 4970 Τιμαίου
2427 4895 2684 4961 Λεξικὸν
2703 4897 2837 4965 περὶ
2866 4897 2984 4952 τῶν
3005 4899 3165 4968 παρὰ
3191 4898 3740 4965 Πλάτωνιλέξεων.

2223 4989 2344 5060 (521
2381 4985 2470 5058 IL]
2511 4984 2854 5057 Ἀνεγνώσοη
2911 4987 3146 5058 Τιμαίου
3201 4988 3337 5058 πρὸς
3371 4988 3662 5042 Γαιτιανὸν
3689 4989 3743 5020 ³³

1735 5129 1976 5186 VARUS
2006 5128 2415 5188 LECTIONES.

536 5231 582 5263 “
613 5231 883 5294 ῐιολίωνος
916 5227 1027 5293 AC,
1082 5229 1153 5294 Δ,
1202 5227 1418 5296 quidem
1477 5235 1604 5280 ante
1653 5226 1902 5282 lacunam
1960 5229 2262 5283 litterarum
2296 5227 2364 5281 I2
2400 5223 2796 5297 Ἀλεξανδρέως
2852 5220 3044 5278 inserit.
3093 5217 3472 5279 Hoescltelius.
3551 5219 3602 5253 ⁸⁸
3631 5219 3745 5290 μὲν

462 5319 574 5358 Olll.
604 5303 670 5356 Δ.
749 5303 793 5334 ³⁸
819 5301 1059 5372 δικῶν,Δ
1083 5317 1098 5332 ο
1127 5298 1306 5372 ῥητῶν
1334 5315 1396 5361 ς.

1472 5297 1516 5328 ³⁷
1547 5297 1726 5349 αὐτῶν
1751 5300 1877 5352 add.
1901 5299 1968 5353 Α.
2045 5299 2092 5333 ⁸⁸
2117 5297 2424 5353 Γεντιανόν.

1976 5414 2211 5473 NOTAE.

533 5517 648 5588 (37)
683 5513 1036 5588 Alexandrini
1071 5511 1217 5567 illius
1266 5507 1596 5588 philosophi,
1618 5508 1802 5588 _cujus
1830 5509 2036 5565 mentio

463 5590 612 5659 apud
629 5577 854 5659 'Stiidam
877 5600 975 5659 suo
1011 5583 1150 5659 loco,
1180 5590 1237 5659 et
1266 5577 1320 5633 in
1358 5577 1854 5659 ιξίοέςητιλνιιιςξνίοἶ

533 5658 646 5729 (58)
675 5657 842 5725 Hujus
864 5657 1026 5710 etiam
1049 5647 1330 5729 historiam
1361 5649 1427 5704 de
1453 5647 1568 5729 Vita
1593 5649 1860 5729 ᾼινοιιοιιὶί
1889 5649 2035 5729 Tya-

465 5719 555 5788 nei
589 5719 770 5786 habes
803 5740 954 5797 supr.
983 5724 1106 5781 cod.
1145 5721 1233 5786 ιι,
1254 5732 1310 5778 et
1327 5719 1731 5790 excerptainl‘r.
1749 5719 1990 5776 eam?“
2021 5737 2038 5787 ;

2142 5506 2340 5563 Suidas
2371 5515 2552 5574 tamen
2581 5503 2666 5559 Τὰ
2696 5500 3007 5574 ζητούμενα
3031 5497 3186 5570 παρὰ
3207 5500 3323 5561 τοῖς
3341 5497 3578 5569 ῥήτορσι
3607 5494 3744 5551 Phi-

2142 5577 2354 5635 lostrati
2387 5573 2612 5630 Lemuio
2649 5573 2856 5628 tribuit.

2217 5647 2333 5719 (39)
2355 5645 2728 5719 Cognoniento
2741 5642 3011 5708 Valerius,
3036 5639 3300 5697 Pollionis
3321 5637 3416 5707 F.,
3435 5640 3507 5696 de
3531 5639 3742 5710 quibus

2145 5715 2415 5776 videndus
2441 5715 2659 5773 Suidas.
