3932 6240
1170 265 1691 328 BIBLIOTHECA.
1732 292 1786 300 --
1838 264 2051 327 CODD.
2088 269 2536 335 CXLVII-CLV.

3371 285 3478 350 426

239 377 499 447 περὶτῶν
564 377 723 446 παρὰ
763 378 1033 434 Πλάτωνι
1085 378 1283 444 λέξεων
1347 376 1488 431 κατὰ
1546 377 1793 446 στοιχεῖω

1911 379 2052 445 apud
2096 379 2370 437 Plutonem
2422 384 2691 454 alphabeti
2741 388 2904 454 serio,
2948 390 3109 447 breve
3155 400 3477 464 opusculum

238 469 394 542 βραχὺ
424 470 765 540 πονημάτιον
796 471 854 524 ὲν
884 470 963 524 ἐνὶ
995 470 1158 541 λόγῳ.

919 562 1088 615 PNB’.

237 654 429 709 ALIlov
458 653 779 708 Διονυσίου
803 652 1328 721 Ἀλικαρνασσέως
1346 654 1626 709 Ἀττικῶν
1639 655 1797 710 Ὀνο-

796 724 1001 792 μάτων
1025 726 1219 793 λόγοι.

302 802 603 885 Περιείχετο
632 813 678 845 ³³
718 813 777 866 δὲ
811 814 891 885 τῷ
941 816 1122 885 τεύχει
1171 815 1263 867 καὶ
1294 816 1476 869 Αἰλίου
1521 816 1798 870 Διονυσίου

245 905 699 978 ’Δλικαρνασσέως
740 906 1025 961 Ἀττικῶν
1048 907 1387 976 Ὀνομάτων
1426 909 1525 979 τῆς
1575 908 1799 979 πρώτης

236 998 486 1061 ἐκδόσεως
532 997 685 1066 λόγοι
738 998 923 1057 πέντε.
967 998 1075 1051 ἀπὸ
1116 999 1209 1051 τοῦ
1240 1017 1274 1052 α
1309 998 1467 1072 μέχρι
1508 999 1602 1052 τοῦ
1629 1016 1674 1050 ω
1698 999 1799 1063 τὰς

247 1089 481 1151 Ἀττικὰς
512 1087 682 1153 λέξεις
718 1087 859 1141 κατὰ
890 1091 1153 1158 στοιχεῖον
1183 1089 1611 1160 ἀναγράφοντες.
1660 1088 1798 1141 Σκύ-

237 1200 343 1253 μνῳ
368 1182 423 1236 δὲ
460 1181 521 1233 τὸ
552 1181 840 1250 σύνταγμα
876 1184 1208 1251 προσφωνεῖ.
1238 1180 1672 1252 Χρησιμώτατος
1701 1180 1746 1233 δ’
1769 1182 1798 1234 ὁ

234 1278 381 1339 πόνος
416 1270 573 1337 οὗτος
603 1277 716 1337 τοῖς
748 1291 807 1326 τε
840 1272 1141 1337 ἀττικίζειν
1188 1273 1370 1344 ἔχουσι
1399 1274 1655 1347 φροντίδα
1702 1273 1798 1326 καὶ

233 1373 332 1435 τοῖς
359 1369 466 1422 τῶν
509 1367 767 1421 Ἀττικῶν
810 1367 1239 1438 συγγράμμασιν
1282 1367 1555 1437 ὲνομιλείν
1599 1384 1796 1438 προαι-

233 1463 528 1534 ρουμένοις.
554 1462 718 1515 Ὅσαι
749 1478 810 1513 τε
862 1461 969 1531 γὰρ
1002 1460 1433 1531 ἐπιχωριάζουσι
1464 1458 1637 1525 λέξεις
1678 1462 1797 1524 τοῖς

243 1556 533 1625 Ἀθηναίοις
565 1558 692 1624 περί
715 1572 774 1607 τε
804 1554 901 1615 τὰς
937 1554 1129 1625 ἑορτὰς
1155 1540 1245 1606 καὶ
1272 1556 1368 1617 τὰς
1393 1553 1571 1617 δίκας.
1609 1550 1794 1607 ἐντεῦ-

231 1651 315 1704 θεν
339 1651 481 1704 ἐστιν
510 1649 800 1719 ἐκμαθεῖν⁹
826 1648 922 1701 καὶ
942 1647 995 1700 εί
1014 1665 1066 1700 τι
1097 1646 1225 1701 ἄλλο
1261 1647 1582 1718 ἰδιοτρόπως
1611 1647 1795 1708 αὐτοῖς

1906 469 2024 525 libri
2068 474 2248 528 unius.

2607 570 2760 627 CLII.

1903 654 2043 711 {Elii
2094 656 2334 730 Dionysii
2368 660 2773 787 Halicotl'ubaasei
2828 666 3132 725 Dictionum
3183 672 3479 732 Atticarum

2453 754 2463 771 ι
2600 754 2613 787 ι
2653 753 2695 787 τι
2731 753 2785 787 x.

2600 753 2695 789 wrt
2731 753 2785 791 Χ.

1971 818 2289 875 Continebat
2339 823 2479 878 idem
2527 827 2779 883 volumen
2829 838 2885 884 et
2928 828 3056 885 ᾸΕΙίί
3091 835 3201 903 (40)
3238 835 3478 908 Dionysii

1901 906 2302 967 I‘Ialicarnassei
2344 915 2639 972 Atticorum
2684 918 2971 976 Verborum
3007 925 3193 992 primae
3229 906 3480 985 editionis

1901 998 2069 1055 libros
2105 1004 2346 1074 quinque
2380 1024 2394 1060 :
2434 1008 2486 1062 in
2518 1010 2714 1079 quibus
2749 1027 2776 1064 a
2808 1015 2980 1081 prima
3017 1018 3195 1071 littera
3242 1020 3308 1073 ad
3351 1021 3481 1075 ulti-

1901 1108 2045 1145 mam
2078 1110 2247 1162 usque
2277 1097 2486 1153 Atticas
2527 1116 2687 1157 voces
2721 1105 3111 1161 elementorum
3146 1111 3287 1165 serie
3316 1113 3483 1167 colle-

1900 1185 1998 1253 git.
2047 1185 2271 1242 Dedicat
2317 1206 2455 1257 opus
2502 1192 2628 1246 illud
2681 1196 2941 1267 Srymno,
2985 1200 3244 1271 laborque
3285 1203 3373 1259 hic
3414 1204 3480 1259 iis

1899 1278 2146 1342 perutilis
2182 1280 2421 1345 exsistit,
2456 1282 2544 1350 qui
2595 1284 2787 1341 Atticae
2829 1287 3023 1361 lingua:
3072 1291 3255 1345 studio
3295 1301 3482 1347 tenen-

1900 1375 2006 1434 tur,
2041 1380 2096 1421 et
2135 1371 2186 1424 in
2227 1373 2424 1427 Atticis
2458 1387 2751 1430 versantur
2788 1379 3166 1449 scriptoribus.
3209 1382 3483 1449 Quaecun-

1898 1473 2003 1528 que
2032 1462 2178 1515 enim
2220 1464 2639 1522 Atheniensibus
2672 1471 2851 1538 patrio
2888 1488 3039 1528 more
3070 1475 3327 1530 vocabula
3357 1492 3478 1531 cum

1897 1554 1951 1607 in
2002 1554 2179 1621 festis,
2222 1566 2334 1610 tum
2387 1559 2440 1613 in
2486 1560 2605 1614 foro
2654 1565 2848 1618 usitata
2900 1575 3048 1629 sunt,
3089 1568 3216 1624 hinc
3259 1568 3481 1623 haurire

1897 1643 2057 1713 licet;
2098 1647 2207 1701 imo
2253 1657 2307 1703 et
2357 1649 2400 1703 si
2455 1651 2585 1721 quid
2637 1652 2781 1707 aliud
2823 1657 3036 1726 proprie
3080 1656 3150 1711 illi
3192 1668 3477 1727 usurpant,

230 1745 463 1813 λέγεται.
494 1743 556 1796 οὐ
596 1742 837 1813 χαλεπὸν
862 1741 1065 1810 εὑρεῖν,
1111 1740 1346 1811 μάλιστα
1372 1740 1425 1797 εἰ
1450 1757 1534 1804 τις
1565 1739 1639 1811 μὴ
1667 1742 1790 1802 τοὺς

1905 1737 2056 1792 facile
2106 1738 2198 1795 hic
2244 1741 2510 1809 reperias.
2558 1743 2724 1814 quue
2772 1722 3220 1813 adeo-maxime,
3267 1722 3482 1818 si-quis

228 1837 320 1904 τῆς
344 1835 569 1906 πρώτης
588 1834 856 1896 ἐκδόσεως
892 1833 1051 1902 μόνον
1075 1833 1274 1903 τόμους
1317 1834 1617 1904 διερευνῴη
1661 1833 1797 1886 ἀλλὰ

229 1927 447 1995 καὶτῆς
492 1927 750 1995 δευτέρας
794 1926 1082 1990 ἐκδόσεως,
1130 1926 1228 1978 καὶ
1266 1925 1464 1989 αὐτοὺς
1513 1926 1676 1979 πέντε
1704 1925 1796 1978 τό-

230 2036 354 2089 μους
384 2020 566 2083 ὄντας,
615 2018 708 2070 καὶ
741 2018 849 2071 ἀπὸ
887 2016 979 2069 τοῦ
1008 2034 1044 2070 α
1080 2017 1242 2087 μέχρι
1275 2016 1371 2070 τοῦ
1399 2035 1444 2070 ω
1484 2016 1584 2080 τὰς
1622 2016 1799 2069 Ἀττιρ

228 2112 321 2173 κᾶς
354 2108 527 2173 λέξεις
553 2110 934 2178 περιέχοντας,
981 2107 1103 2159 ὅσαι
1129 2122 1191 2173 γε
1220 2107 1265 2138 ⁸ο
1292 2109 1358 2178 τῇ
1390 2107 1633 2178 προτέρᾳ
1657 2106 1698 2139 δι
1730 2109 1790 2159 οὐ

226 2199 1283 2275 συμπεριελήφθησανῆπεριελήφθησαν
1317 2200 1435 2271 μὲν,
1472 2200 1799 2272 μαρτυρίαις

222 2296 277 2349 δὲ
318 2298 433 2356 ταῖς
471 2292 659 2355 οὔσαις
701 2292 799 2345 οὑκ
840 2290 1280 2362 ἐϐεϐαιώοησαν·
1337 2292 1396 2344 ὲν
1419 2293 1527 2361 γὰρ
1564 2294 1631 2362 τῇ
1678 2292 1799 2345 δευ⁹

222 2386 350 2457 τέρᾳ
370 2386 581 2439 ἐκδόσει
604 2384 933 2456 πλατύτερόν
960 2400 1019 2436 τε
1055 2383 1101 2414 ⁸³
1133 2383 1226 2437 καῖ
1259 2383 1632 2455 ἀφθονώτερον
1665 2384 1708 2416 ⁸³
1734 2387 1791 2439 αἱ

224 2478 519 2549 μαρτυρίαι
550 2475 991 2546 ⁴ιταρατέθεινται.
1021 2469 1121 2528 Ὧν
1176 2475 1226 2528 εί
1253 2491 1336 2538 τις
1373 2478 1471 2539 τὰς
1521 2476 1615 2530 δύο
1654 2494 1799 2546 πραο

217 2570 478 2641 γματείας
511 2571 591 2633 είς
631 2569 689 2621 ἓν
711 2571 1042 2638 συναγαγεῖν
1074 2569 1365 2639 σύνταγμα
1395 2569 1442 2601 ⁸⁵
1483 2569 1796 2641 βουληθείη,

215 2663 628 2736 χρησιμώτερόν
658 2681 716 2716 τε
745 2665 806 2716 τὸ
834 2664 1205 2735 φιλοτέχνημα
1233 2663 1491 2729 ἐπιδείξει
1537 2665 1633 2719 καὶ
1657 2667 1794 2736 μετὰ

218 2755 501 2827 ῥᾳστώνης
533 2755 828 2810 ἑκτελέσει.

904 2847 1075 2901 ΡΝΓ’.

667 2942 1029 2996 Παυσανίου
1053 2940 1335 3005 Λεξικόν.

293 3032 654 3102 Ἀνεγνώσθη
712 3032 769 3084 δὲ
815 3035 873 3085 ὲν
928 3032 1006 3103 τῷ
1062 3033 1210 3104 αὐτῷ
1257 3034 1437 3104 τεύχει
1492 3031 1871 3124 Παυσανίουϐ

203 3125 467 3189 Δεξικὸν
482 3124 627 3177 κατὰ
652 3126 933 3194 στοιχεῖον,
964 3123 1113 3178 οὐδὲν
1141 3127 1361 3178 ἔλαττον
1386 3125 1495 3178 τῶν
1531 3142 1792 3194 προειρη-

202 3220 391 3287 μένων
422 3221 506 3282 είς
525 3218 627 3280 τὰς
670 3218 923 3282 Ἀττικὰς
952 3216 1391 3286 συναναγνώσεις
1419 3217 1712 3288 χρήσιμον,
1743 3218 1794 3270 εί

197 3312 277 3384 μὴ
327 3312 431 3366 καὶ
486 3311 719 3381 μᾶλλον.
767 3312 830 3365 Εἰ
873 3314 981 3383 γὰρ
1011 3312 1107 3364 καὶ
1160 3313 1280 3374 ταῖς
1326 3308 1655 3380 μαρτυρίαις
1707 3309 1795 3361 ὲν-

188 3405 493 3476 δεέστερον
523 3402 659 3473 ἔχει,
692 3394 810 3456 ἄλλ’
850 3398 940 3456 οὖν
974 3402 1029 3454 ἒν
1052 3419 1165 3454 τισι
1192 3400 1301 3454 τῶν
1337 3400 1617 3472 στοιχείων
1652 3400 1791 3453 πολὺ

187 3497 313 3559 ταῖς
368 3494 557 3559 λέξεσι
619 3494 926 3558 πλεονάζει,
978 3494 1053 3556 ὼς
1116 3492 1455 3564 ἀμφοτέραις
1514 3491 1629 3563 ἅμα
1672 3492 1794 3554 ταῖς

185 3586 389 3641 Αἰλίου
425 3587 705 3641 Διονυσίου
751 3585 1226 3656 Ἁλικαρνασσέως
1262 3585 1671 3655 πραγματείαις
1691 3583 1793 3652 τὴν

189 3677 331 3746 μίαν
358 3676 594 3747 ταύτην,
640 3676 843 3745 (καίτοι
888 3675 997 3729 τῶν
1048 3676 1295 3747 χρήσεων
1346 3676 1431 3727 ἐπ’
1472 3674 1689 3727 ἔλαττον
1717 3673 1793 3736 ὡς

189 3767 419 3839 ἔφημεν
468 3767 836 3838 ἀπτομένην,)
918 3764 1261 3831 ὲξισάζεσθαι
1307 3764 1386 3836 τῷ
1432 3767 1531 3836 τῆς
1575 3767 1793 3835 γραφῆς

194 3859 373 3932 δγκῳ.
412 3860 477 3913 El
500 3859 558 3913 δέ
582 3876 664 3922 τις
692 3860 936 3922 ἐκείναις
964 3860 1085 3922 ταῖς
1103 3857 1252 3911 δυσὶν
1277 3856 1550 3910 ὲκδὸσεσιν
1581 3856 1676 3910 καὶ
1695 3855 1793 3927 τήν

195 3949 516 4003 Παυσανίου
536 3948 915 4015 ὲγκατατὰξας
946 3948 1005 4001 ἓν
1020 3948 1391 4019 ἀπεργάσαιτο
1421 3947 1466 3980 ⁴⁵
1506 3945 1791 4016 σύνταγμα

198 4043 431 4113 (ῥᾷστον
450 4042 509 4094 δὲ
531 4041 613 4112 τῷ
648 4040 1009 4111 βουλομένῳ),
1040 4037 1193 4105 οὗτος
1217 4042 1283 4094 ἂν
1312 4042 1398 4111 εἴη
1422 4040 1482 4093 τὸ
1508 4040 1792 4093 κάλλιστον

198 4131 296 4183 καί
327 4130 751 4203 χρησιμώτατον
777 4134 890 4195 τοῖς
924 4133 1362 4201 ἀναγινώσκουσι
1394 4133 1493 4197 τὰς
1538 4132 1789 4197 Ἀττικὰς

200 4222 427 4290 βίϐλους
449 4224 774 4296 σπούδασμα
810 4226 1257 4296 εἰσενηνεγμένος
1282 4226 1347 4280 ⁸⁸.

918 4318 1088 4372 ΡΝΔ’.

346 4408 581 4476 Βοηθοῦ
605 4408 843 4471 Λέξεων
862 4407 1263 4463 Πλατωνικῶν
1291 4409 1638 4479 Συναγωγή.

276 4496 402 4570 [171
437 4499 526 4572 11.]
564 4498 911 4570 ’Δνεγνώσθη
964 4501 1009 4555 δ’
1061 4502 1119 4554 ὲν
1152 4501 1230 4571 τῷ
1276 4500 1445 4572 αὐτῷ.
1468 4503 1652 4571 τεύχει
1690 4500 1787 4555 καὶ

195 4589 416 4662 Βοηθοῦ
432 4592 669 4657 Λέξεων
696 4592 1098 4648 Πλατωνικῶν·
1118 4593 1441 4664 Συναγωγή
1469 4595 1615 4649 κατὰ
1652 4612 1790 4648 στοι-

190 4688 375 4755 χεῖον,
402 4686 577 4758 πολλῷ
607 4688 706 4757 τῆς
726 4686 771 4719 δ’
801 4687 1037 4757 Τιμαίου
1073 4690 1398 4758 συναγωγῆς
1431 4689 1785 4759 χρησιμώτε-

195 4798 319 4850 ρον.
350 4778 753 4851 Προσφωνείῖδὲ
782 4778 1041 4851 Μελάντα
1067 4781 1173 4833 τινὶ¹
1198 4779 1260 4833 τὸ
1287 4779 1711 4851 συνταγμάτων.

905 4875 1002 4929 ΡΝ
1006 4872 1080 4927 Ε’.

196 4962 318 5017 Τοῦ
344 4967 531 5021 αὑτοῦ
562 4969 700 5038 περὶ
732 4969 853 5023 τῶν
873 4968 1035 5102 ﬁgo
1053 4964 1328 5020 Πλάτωνι
1358 4964 1790 5033 ἀπορουμένων

993 5053 1128 5091 εων.

993 5053 1128 5091 εων.

269 5125 553 5200 Συνετάγη
607 5129 665 5184 δὲ
722 5127 872 5199 αὐτῷ
932 5128 1026 5182 καὶ
1072 5125 1260 5197 ἕτερόν
1318 5142 1372 5179 τι
1435 5126 1783 5202 Ἀθηναγόρᾳ

1812 4416 1859 4470 Ι)

1900 1844 2004 1884 non
2056 1833 2242 1898 prima:
2282 1833 2537 1888 editionis
2572 1844 2779 1891 tantum
2825 1846 2999 1892 tomos
3042 1848 3336 1904 scrutetur,
3385 1842 3480 1911 sed

1898 1932 1954 1978 et
1986 1924 2260 1986 secundae,
2299 1941 2417 1994 quae
2457 1935 2512 1980 et
2560 1926 2675 1994 ipsa
2724 1926 2892 1981 libros
2932 1929 3171 1997 quinque
3215 1931 3477 1994 continet,

1899 2022 1954 2067 et
1995 2013 2063 2067 ab
2103 2016 2147 2071 A
2181 2030 2355 2085 usque
2390 2016 2457 2071 ad
2496 2027 2538 2071 Ω
2577 2017 2755 2072 Attica
2810 2018 3031 2072 nomina
3075 2018 3479 2089 complectitur,

1898 2121 2021 2175 qua:
2069 2107 2244 2177 prima
2296 2109 2466 2163 editio
2519 2124 2623 2164 non
2680 2110 2995 2165 continebat
3048 2112 3265 2181 quidem
3318 2128 3332 2164 :
3381 2111 3479 2166 sed

1901 2200 2041 2268 aptis
2093 2214 2156 2253 ea
2202 2200 2529 2269 scriptorum
2583 2202 2913 2258 testimoniis
2951 2218 3056 2258 non
3095 2201 3473 2258 conﬁrmabat.

1899 2289 2183 2359 Cepiosius
2226 2290 2371 2345 enim
2423 2292 2479 2345 in
2532 2292 2770 2347 secunda
2823 2292 3093 2362 editione,
3148 2292 3476 2361 uberiusque

1900 2392 2138 2436 veterem
2176 2382 2292 2439 loca
2325 2384 2537 2438 laudata
2579 2385 2925 2440 adhibentur.
2968 2385 3147 2454 Quare
3175 2387 3219 2439 si
3252 2386 3376 2453 ouis
3405 2399 3473 2445 ex,

1902 2485 2128 2543 utraque
2175 2475 2413 2530 editione
2448 2492 2606 2530 unam
2656 2477 3018 2542 fabrefecerit,
3062 2493 3142 2533 na:
3174 2478 3261 2539 ille
3303 2477 3475 2533 utilis-

1901 2572 2096 2623 simum
2127 2585 2263 2639 opus
2293 2570 2439 2625 nullo
2467 2573 2683 2641 negotio
2715 2571 3043 2627 exhibuerit.

2606 2836 2780 2894 CLIII.

2391 2930 2674 2987 Pausania:
2704 2931 2955 2986 Lexicon.

1975 3025 2099 3096 Legi
2137 3027 2189 3081 in
2228 3028 2329 3082 hoc
2361 3027 2482 3097 ipso
2512 3028 2786 3084 volumine
2829 3029 3023 3100 ιοοα
3057 3028 3291 3085 Lexicon
3330 3032 3473 3087 Pau-

1902 3122 2068 3173 sania:
2118 3121 2255 3189 (41),
2303 3120 2606 3175 litterarum
2655 3122 2797 3176 serie
2844 3125 3254 3189 concinnatum,
3304 3127 3474 3183 nihilo

1897 3216 1999 3269 illis
2050 3216 2321 3284 prioribus
2368 3217 2545 3270 minus
2582 3218 2774 3270 Atticae
2811 3218 3005 3286 linguae
3041 3220 3302 3275 studiosis
3341 3221 3473 3277 utile

1893 3308 2161 3374 futurum,
2200 3310 2306 3363 imo
2356 3318 2412 3364 et
2466 3310 2657 3378 magis.
2689 3309 2803 3364 Etsi
2842 3311 2986 3365 enim
3037 3312 3470 3367 testimoniorum

1895 3402 2074 3455 minus
2129 3399 2340 3466 all‘erat,
2374 3401 2427 3455 in
2462 3402 2782 3469 quibusdam
2818 3410 2995 3455 tamen
3027 3402 3296 3471 alphabeti
3331 3404 3471 3457 litte-

1894 3495 1967 3548 ris
1997 3494 2178 3564 plures
2223 3494 2388 3549 habet
2417 3509 2604 3559 voces,
2634 3504 2693 3547 ut
2732 3508 2853 3547 cum
2890 3504 3120 3563 utroque
3152 3493 3284 3549 Elii
3339 3498 3464 3550 Dio-

1892 3585 2463 3657 nysiillalicarnassei
2497 3600 2664 3654 opere
2708 3600 2870 3638 unum
2905 3585 3005 3639 hoc
3050 3584 3174 3656 (etsi
3224 3588 3468 3641 teSIimo-

1895 3680 2107 3733 niornm
2147 3677 2349 3738 minus,
2383 3686 2441 3730 ut
2483 3676 2739 3741 diximu’s,
2770 3677 3047 3744 adhibeat)
3097 3678 3237 3732 mole
3274 3680 3464 3733 saltem

1893 3770 2006 3837 ipsa
2057 3771 2347 3839 adaequare
2396 3769 2575 3824 liceat.
2631 3770 2687 3823 Si
2751 3784 2881 3823 vero
2919 3772 3043 3837 quis
3084 3769 3215 3824 IElii
3260 3771 3467 3827 duabus

1892 3863 1999 3917 illis
2032 3862 2365 3916 editionibns
2396 3860 2677 3915 Pausania:
2707 3876 2924 3930 quoque
2970 3862 3163 3915 librum
3204 3861 3466 3932 adjiciens

1891 3970 2057 4008 unum
2090 3970 2286 4024 corpus
2315 3953 2556 4009 ell'ecerit
2587 3956 2667 4026 (et
2694 3952 2852 4008 facile
2878 3954 3094 4008 conanti
3127 3954 3314 4023 fuerit)
3346 3955 3464 4022 pul-

1891 4047 2221 4103 cherrimum
2279 4048 2365 4101 hic
2425 4061 2597 4114 opus,
2657 4055 2713 4100 et
2767 4045 3115 4101 utilissimum
3172 4046 3466 4115 scriptores

1890 4140 2099 4197 Atticos
2129 4140 2362 4195 versanti
2384 4182 2400 4207 ,
2432 4139 2819 4195 elaboraverit.

2584 4313 2760 4368 οων.

2047 4407 2231 4461 Boethi
2281 4406 2474 4462 Vocum
2512 4407 2915 4461 Platonicorum
2947 4407 3302 4461 Collectanea.

1960 4499 2215 4569 Legimus
2272 4501 2323 4554 iu
2375 4514 2440 4553 eo
2486 4499 2602 4568 ipso
2654 4499 2864 4563 codice,
2916 4509 2971 4551 et
3019 4499 3210 4553 Boethi
3272 4497 3463 4551 Vocum

1893 4592 2294 4648 Platonicorum
2329 4590 2683 4654 Collectanea,
2714 4590 2858 4643 serie
2900 4590 3225 4642 litterarum.
3271 4588 3464 4643 Utilius

1891 4685 2050 4754 longe
2082 4686 2179 4737 hoc
2203 4699 2341 4752 opus
2370 4681 2556 4737 Timaai
2587 4682 2942 4747 Collectione,
2971 4680 3217 4734 Melania:
3249 4681 3461 4734 cuidam

1895 4777 2235 4846 inscriptum.

2572 4864 2725 4922 CLV.

1922 5026 1925 5027 ν
2002 4960 2255 5030 Ejusdem
2283 4958 2589 5029 opusculum
2618 4959 2879 5083 debdubiis
2909 4960 3050 5027 apud
3085 4958 3361 5015 Platonem

2557 5046 2664 5083 voc:
2706 5046 2788 5083 us.

2557 5046 2788 5084 vocwus.

1963 5125 2298 5193 Conscripsit
2343 5132 2399 5180 et
2449 5124 2677 5178 alterum
2727 5123 3054 5193 Opusculum
3101 5122 3465 5192 Athenagora:

1465 5268 1702 5325 VAItl/E
1744 5266 2147 5324 LECTIONES.

274 5385 322 5416 ³⁹
352 5387 690 5459 περιείχοντο
714 5404 775 5451 ς.
885 5384 937 5417 ⁸⁸
960 5384 1049 5457 γε]
1074 5383 1193 5440 libri
1217 5402 1298 5439 τε.

203 5525 395 5593 ἀγῶνα
423 5525 881 5598 εἰσενηνεγμένα.
980 5526 1024 5558 ⁸⁷
1055 5526 1150 5596 τῆς
1177 5527 1301 5583 add.
1334 5528 1402 5584 A.

1396 5386 1443 5464 ξί
1472 5392 1780 5464 προτεραίᾳ
1808 5409 1848 5455 ς

198 5453 394 5536 pharii.
426 5453 514 5536 '_“
532 5453 835 5536 ὀὖνταγμα
882 5453 1242 5536 συναγαγεῖν..
1266 5527 1278 5536 _
1315 5455 1363 5536 λξ
1390 5453 1773 5536 ἀπείργασατο
1799 5453 1841 5515 Ᾱ

1966 5388 2013 5419 ’⁵³
2047 5406 2107 5442 τε
2145 5389 2267 5441 add.
2300 5390 2365 5442 Α.
2432 5388 2479 5419 ⁸³
2500 5388 2893 5458 ἁφθονέστερον
2948 5374 3468 5458 apographumSte-

1942 5458 1989 5490 “
2021 5460 2477 5529 εἰσενεγκάμενος
2511 5444 2572 5523 ς’.
2628 5444 2905 5530 supra'(p.
2933 5444 3000 5511 89
3032 5444 3183 5521 610)
3235 5449 3344 5501 εἰσὶ
3376 5444 3467 5500 τὸν

1732 5618 1969 5677 NOTAE.

212 5714 247 5721 "
281 5712 392 5783 (40)
427 5715 590 5779 Quem
629 5710 828 5778 saepius
858 5711 1086 5765 advocat
1116 5712 1367 5769 Eustath.
1403 5712 1455 5769 in
1489 5710 1646 5767 Hom.

609 5806 881 5866 PATROL.
918 5803 1037 5864 Οιι.
1071 5803 1233 5866 CIII.

1976 5708 2087 5781 (41)
2121 5708 2335 5766 Citatur
2365 5709 2653 5766 identidem
2689 5709 2756 5763 ab
2787 5708 3032 5762 Eusmth.

2949 5801 3023 5861 1ῖι
