3932 6240
443 5199 453 5228 l

481 306 586 370 42⁸1

1653 297 1918 360 ΡΗΟΤΙΙ
1947 299 2451 359 PATRIARCH/E
2489 299 2596 360 CP.

3629 299 3736 365 428

480 427 876 489 nuncupatum,
928 417 1013 472 cui
1065 416 1300 472 titulus:
1335 414 1412 469 De
1458 413 1632 468 dubiis
1685 415 1827 482 apud
1872 413 2055 468 Plato-

2173 406 2648 485 προσφωνούμενον
2681 413 3136 484 σπουδασμάτιον,
3183 413 3212 467 ὃ
3261 413 3399 482 Περὶ
3434 407 3555 467 τῶν
3576 415 3738 484 παρά

475 530 595 568 τερηι
643 512 875 567 vocibus.
927 509 1130 564 llorum
1185 506 1486 562 libellorum
1532 506 1576 562 si
1627 507 1748 576 quis
1791 506 2049 560 vocabula

476 605 529 659 iu
580 619 744 658 unum
796 602 1081 657 conferens
1127 608 1441 669 componat,
1477 599 1919 670 compositasque
1953 598 2050 650 Ti-

477 711 613 750 meo
640 693 929 757 addiderit,
955 691 1002 746 is
1031 706 1163 746 sane
1194 704 1447 761 magnam
1481 689 1719 744 Platonis
1759 689 2052 744 lectoribus

477 790 766 845 utilitatem
803 785 1062 843 attulerit.

1150 1003 1155 1008 ι
1182 964 1362 1021 CLVI.

544 1060 794 1115 Πονοιὴρὶ
829 1061 892 1114 de
930 1059 1502 1182 vocibuslegtflruorum
1535 1073 1679 1111 more
1712 1055 1980 1126 usurpatis

1171 1147 1186 1182 l
1225 1148 1250 1182 e
1297 1147 1377 1182 us.

1171 1147 1377 1184 erllllS.

547 1224 746 1279 Lectus
794 1223 992 1278 ibidem
1046 1221 1350 1276 Dorolheus
1395 1220 1472 1275 De
1528 1230 1862 1275 externorum
1910 1237 2054 1274 more

476 1319 746 1386 usurpatis
800 1317 1044 1380 vocibus,
1103 1314 1371 1382 alphabeti
1435 1314 1660 1378 ordine;
1721 1315 1864 1383 quod
1925 1316 2049 1369 item

477 1408 824 1463 utilissimum
855 1419 977 1461 esse
1003 1404 1263 1462 studiosis
1294 1419 1428 1474 opus
1462 1415 1706 1474 apparet.

1145 1586 1347 1642 CLVII.

993 1678 1230 1733 Hmridis
1264 1680 1533 1734 Atticisla.

549 1771 750 1827 Lectus
795 1772 861 1824 ad
911 1773 1024 1826 haec
1089 1773 1251 1824 etiam
1313 1771 1554 1826 Mneridis
1607 1770 1720 1840 (42)
1760 1762 2005 1826 Atticista
2035 1787 2052 1826 :
2083 1781 2131 1842 Β

477 1867 568 1938 qui
605 1865 820 1920 libellus
852 1875 906 1918 et
940 1864 1054 1933 ipse
1085 1863 1387 1916 litterarum
1421 1864 1562 1918 serie
1596 1863 1860 1918 decurrit.

1149 1954 1381 2011 CLVlll.

553 2049 844 2119 Plirynlchi
870 2047 1035 2100 Αναὺὶ
1065 2049 1362 2116 Apparatus
1391 2048 1616 2100 oratorii
1646 2047 1765 2100 libri
1799 2062 1984 2103 χχχιιι.

550 2224 680 2296 Legi
731 2223 1031 2295 Phrynichi
1086 2223 1202 2295 (45)
1256 2223 1442 2279 Arabii
1495 2222 1739 2278 Oratorit'
1775 2234 2061 2293 apparatus

481 2316 652 2372 libros
691 2331 787 2372 sex
832 2325 889 2372 et
939 2315 1183 2386 triginta.
1229 2313 1498 2371 *Collectio
1531 2324 1616 2369 est
1656 2329 1848 2369 vocum
1898 2327 2063 2384 atque

483 2411 809 2474 mcisorum,
861 2409 966 2464 etsi
1011 2423 1080 2463 ex
1122 2407 1227 2464 his'
1258 2408 1463 2478 aliqua,
1509 2423 1628 2478 quae
1670 2409 1924 2462 nimirum
1966 2423 2062 2462 ve-

481 2509 662 2564 nuste,
694 2509 752 2555 et
791 2513 918 2554 cum
956 2500 1199 2554 novitate
1229 2515 1339 2553 non
1373 2499 1689 2553 indecenter
1721 2499 1864 2553 dicta
1901 2508 2065 2569 atque

481 2593 780 2662 composita
824 2589 1000 2655 fuere,
1035 2591 1102 2646 ad
1142 2591 1386 2646 membra
1425 2593 1590 2646 etiam
1632 2592 1840 2658 integra
1870 2601 2063 2646 exten-

481 2688 698 2740 dantur.
733 2683 936 2738 Horum
969 2684 1225 2754 pleraque
1259 2695 1314 2739 et
1349 2685 1400 2738 in
1440 2683 1668 2738 Helladii
1707 2683 2066 2740 Collectaneis

481 2775 723 2845 reperias
758 2773 923 2830 licet:
951 2775 1046 2828 sed
1078 2789 1140 2828 ea
1173 2774 1375 2845 passim
1418 2774 1490 2828 ibi
1528 2773 1581 2828 in
1613 2782 1764 2826 vasta
1807 2773 1892 2826 illa
1935 2788 2065 2827 con-

483 2870 632 2939 gerie
671 2869 914 2940 dispersa
939 2869 1142 2936 iacent,
1177 2871 1264 2924 hic
1300 2884 1433 2924 vero
1471 2869 1628 2924 simul
1665 2869 1714 2922 id
1749 2883 1920 2936 genus
1953 2867 2065 2921 col-

486 2961 646 3018 lecta.
682 2959 910 3028 Quando
943 2971 997 3016 et
1028 2959 1335 3032 Phrynicho
1363 2961 1490 3014 talia
1529 2975 1822 3030 congerere
1866 2975 2063 3030 propo-

485 3051 649 3107 situm
694 3050 820 3113 luit,
859 3061 915 3106 et
963 3049 1260 3116 lli-lladius,
1301 3053 1344 3106 si
1391 3051 1520 3121 quid
1565 3050 1896 3118 huiusmodi,
1933 3050 2058 3103 dum

2164 506 2436 562 Πλάτωνι
2486 507 2916 577 ἀπορουμένων
2949 507 3179 574 λέξεων
3209 507 3526 577 ἐπιγράφει.
3559 499 3664 561 Ὧν
3689 509 3740 561 εί

2159 614 2242 662 τις
2278 598 2379 661 τὰς
2431 597 2606 662 λέξεις
2653 600 2734 662 εἰς
2767 598 2825 651 ἒν
2859 598 3180 667 συναγάγοι,
3232 599 3614 652 συνεντὰσσων
3643 600 3738 652 καὶ

2157 690 2255 751 τὰς
2283 691 2631 759 συνηγμένας
2648 689 3310 762 Τιμαίῳ,ἀπηρτισμένην
3344 690 3444 759 τὴν
3471 689 3737 759 ὠφέλειαν

2160 783 2434 854 παράσχοι
2449 782 2495 815 ³⁸
2541 783 2657 846 τοῖς
2707 785 2777 836 τὰ
2829 782 3115 846 Πλάτωνος
3172 782 3572 848 ἀναγινώσκειν
3617 780 3735 834 ἐθέ-

2160 875 2366 931 λουσιν.

2840 968 3026 1037 PNq'.

2159 1062 2458 1130 Δωροθέου
2511 1062 2643 1132 περὶ
2693 1062 2813 1117 τῶν
2865 1063 3051 1128 ξένως
3103 1060 3432 1131 είρημένων
3482 1060 3729 1126 λέξεων.

2241 1219 2371 1291 [524
2403 1218 2494 1290 3.]
2534 1220 2876 1290 ’Λνεγνώσθη
2911 1221 2968 1274 δὲ
2999 1221 3058 1272 ἐν
3103 1220 3181 1291 τῷ
3227 1221 3378 1289 αὐτῷ
3409 1239 3505 1274 και
3555 1225 3735 1292 Δωρο-

2161 1312 2286 1364 θέου
2306 1313 2447 1379 Περὶ
2468 1312 2591 1366 τῶν
2616 1314 2803 1378 ξένιος
2831 1313 3156 1382 εἰρημένων
3169 1313 3397 1378 λέξεων
3414 1317 3554 1368 κατὰ
3595 1333 3706 1368 στοι
3725 1345 3736 1355 -

2161 1411 2325 1476 χείον.
2360 1406 2526 1476 Δῆλον
2552 1405 2608 1459 δὲ
2640 1407 2714 1467 ὡς
2742 1407 2842 1459 οὐκ
2879 1408 3150 1478 ἄχρηστον
3179 1409 3292 1469 τοῖς
3325 1407 3640 1474 φιλοπόνοις
3677 1408 3736 1461 τὸ

2162 1500 2467 1570 σύνταγμα.

2865 1592 3014 1646 PNZ'

2612 1687 2890 1754 Μοίριδος
2919 1685 3288 1754 ἀττικιστής.

2230 1778 2354 1830 Ἔτι
2379 1778 2436 1831 δὲ
2466 1778 2562 1832 καὶ
2584 1779 2842 1850 Μοίριδος
2871 1778 3243 1846 Ἀττικιστής
3261 1794 3276 1808 ⁶
3306 1777 3449 1837 κατὰ
3475 1781 3742 1850 στοιχεῖον

2158 1866 2217 1921 δὲ
2249 1867 2347 1922 καὶ
2379 1867 2536 1921 τοῦτο
2566 1867 2630 1920 τὸ
2665 1870 3022 1940 πονημάτιον.

2870 1961 3046 2014 PNH'.

2161 2052 2463 2122 Φρυνίχου
2531 2053 2874 2179 Ἀραϐίουλό
2894 2055 3261 2178 σοςίίιοῑτικῆς
3336 2053 3740 2126 Παρασκευῆς

2877 2143 2967 2179 τοι
3029 2146 3068 2179 c-
3091 2167 3104 2179 .

2877 2143 2967 2194 γοι
2996 2143 3076 2194 Ag‘
3091 2167 3104 2181 .

2247 2217 2697 2290 Ἀνεγνώσθησαν
2740 2221 3007 2291 Φρυνίχου
3033 2219 3290 2292 Ἀραϐίου
3302 2221 3347 2255 δ’
3372 2220 3744 2290 σοφιστικῆς

2161 2309 2566 2379 Παρασκευῆς
2586 2310 2737 2379 λόγοι
2758 2311 2866 2375 lg"
2901 2311 3017 2365 ἔστι
3045 2313 3100 2365 δὲ
3128 2312 3190 2365 τὸ
3218 2312 3420 2383 βιϐλίον
3448 2311 3651 2378 usus»
3682 2328 3742 2365 τε

2167 2401 2465 2473 συναγωγὴ
2500 2401 2595 2455 καὶ
2621 2402 2799 2471 λόγων
2829 2403 3216 2473 κομματικῶν,
3249 2404 3411 2457 ὲνίων
3447 2404 3504 2458 δὲ
3536 2403 3632 2457 καὶ
3663 2404 3744 2466 εἰς

2166 2493 2319 2546 κῶλα
2345 2494 2826 2565 παρατεινομένων
2851 2495 2964 2547 τῶν
2996 2495 3296 2566 χαριέντως
3342 2512 3405 2549 τε
3433 2495 3528 2548 καὶ
3554 2511 3742 2549 καινο-

2166 2581 2394 2656 πρεπῶς
2423 2586 2732 2656 εἰρημένων
2758 2603 2818 2639 τε
2845 2587 2942 2640 καὶ
2984 2585 3455 2657 συντεταγμένων.
3483 2587 3666 2641 Πολλά
3683 2587 3743 2640 δὲ

2163 2678 2344 2730 αὐτῶν
2393 2679 2508 2731 ἔστι
2557 2680 2650 2731 καὶ
2683 2680 2740 2732 ὲν
2771 2682 2840 2751 τῇ
2878 2679 3155 2734 Ἑλλαδίου
3187 2679 3298 2733 τῶν
3331 2679 3530 2748 λέξεων
3559 2680 3743 2750 εὑρεῖν

2168 2771 2426 2842 συλλογῇ,
2471 2771 2585 2826 ἀλλ’
2633 2773 2754 2825 ἐκεῖ
2786 2773 2886 2843 μὲν
2916 2772 3295 2845 διεσπαρμένα
3327 2773 3386 2826 ὲν
3425 2772 3505 2843 τῷ
3543 2772 3743 2843 πλήθει

2165 2864 2262 2930 τῆς
2297 2863 2644 2933 συναγωγῆς,
2693 2863 2929 2917 ἐνταῦθα
2957 2863 3012 2917 δὲ
3045 2865 3181 2932 ὁμοῦ
3223 2867 3291 2920 τὰ
3335 2864 3560 2918 τοιαῦτα
3611 2882 3741 2918 συν-

2165 2952 2403 3022 ηγμένα,
2434 2953 2557 3006 ἐπεὶ
2592 2953 2686 3006 καλ⁵
2723 2954 2972 3026 Φρυνίχῳ
3004 2956 3103 3024 μὲν
3131 2955 3199 3008 τὰ
3243 2955 3468 3008 τοιαῦτα
3499 2971 3743 3022 συναγα-

2165 3048 2284 3113 γεῖν
2315 3045 2509 3113 γέγονε
2543 3045 2776 3111 σκοπὸς,
2820 3045 3094 3110 Ἐλλάδιος
3140 3048 3199 3100 δὲ
3247 3046 3423 3112 λέξεις
3469 3047 3744 3118 ἁθροίζων

483 3145 746 3200 vocabula
776 3144 1108 3214 simpliciter
1132 3144 1455 3207 accumulat,
1495 3144 1685 3214 100b
1736 3145 1787 3197 in
1825 3160 2058 3197 commu-

2173 3137 2372 3202 ἅπλῶς,
2419 3138 2514 3190 καὶ
2559 3138 2612 3192 εί
2643 3155 2697 3192 τι
2723 3139 2833 3192 τῶν
2864 3139 3122 3194 τοιούτων
3157 3140 3436 3204 συνέταξε,
3467 3140 3546 3210 τῷ
3576 3139 3745 3212 κοινῷ

485 3251 610 3292 nem
651 3236 1036 3291 vocabulorum
1092 3237 1288 3290 librum
1337 3237 1537 3300 retulit,
1576 3237 1625 3289 id
1677 3246 1883 3290 tantum
1934 3249 2058 3288 cum

486 3325 698 3381 caeteris
739 3341 842 3379 una
892 3327 1182 3392 inclusum,
1219 3329 1401 3398 ibique
1450 3330 1695 3384 relictum
1739 3331 1929 3384 voluit.
1964 3331 2059 3384 ΑΙ-

487 3417 703 3488 phabeti
734 3429 913 3473 autem
951 3420 1065 3473 haec
1093 3421 1252 3473 etiam
1287 3421 1479 3475 ordine
1509 3423 1846 3492 digeruntur.

560 3511 768 3565 Floruit
821 3513 908 3566 hic
965 3513 1220 3580 scriptor,
1277 3514 1577 3582 imperante
1634 3514 1819 3571 Romae
1876 3517 2058 3573 Marco

484 3603 760 3657 Antonino
816 3604 1058 3672 Augusto
1124 3605 1349 3674 ejusque
1414 3607 1527 3660 ﬁlio
1589 3608 1914 3677 Commodo,
1971 3611 2056 3676 cui

486 3695 649 3749 etiam
698 3695 880 3764 operis
960 3695 1173 3750 initium
1229 3697 1300 3751 ita
1350 3697 1652 3754 inscribit:
1695 3720 1713 3751 1
1761 3700 2058 3758 Commodo

484 3785 685 3846 Caesari
740 3785 1078 3856 Phrynichus
1132 3787 1393 3841 Salutem.
1447 3808 1466 3840 1
1521 3790 1818 3846 Commodo
1875 3794 2058 3863 itaque

487 3876 684 3929 librum
734 3878 1008 3940 dedicans,
1041 3877 1165 3929 dum
1213 3878 1263 3930 in
1312 3893 1405 3932 sua
1447 3881 1511 3932 ad
1559 3897 1680 3934 eum
1734 3880 2058 3939 Prml‘atioue

487 3967 554 4020 ad
600 3967 842 4020 discendi
885 3968 1121 4021 studium
1169 3968 1435 4034 hortatur,
1467 3981 1520 4024 et
1557 3989 1692 4040 opus
1733 3975 1834 4028 hoc
1879 3977 2058 4030 verbis

485 4055 715 4120 extollit,
757 4065 962 4125 septem
1015 4071 1134 4111 sese
1180 4058 1257 4110 ait
1322 4075 1485 4128 supra
1537 4063 1754 4131 triginta
1806 4065 1859 4117 in
1907 4065 2054 4120 illum

486 4162 658 4216 usque
685 4147 828 4202 dictu
861 4150 1231 4219 composuisse
1263 4151 1450 4217 libros,
1483 4169 1616 4221 quos
1656 4167 1708 4208 et
1744 4157 2054 4226 imperatori

483 4239 764 4303 obtulerit,
797 4254 961 4309 seque
993 4241 1128 4294 alios
1161 4245 1380 4296 tmidem
1423 4255 1618 4313 praeter
1652 4247 1748 4302 hos
1784 4249 2052 4304 editurum

483 4331 777 4398 promittit,
827 4332 874 4386 si
927 4331 1136 4401 longior
1183 4336 1304 4389 vitm
1355 4350 1517 4389 usura
1570 4337 1806 4393 daretur.
1851 4340 2053 4398 Horum

484 4441 585 4480 nos
637 4440 730 4480 sex
783 4435 990 4480 tantum
1043 4437 1099 4480 et
1151 4431 1368 4496 triginta
1411 4431 1544 4502 (44),
1581 4434 1654 4486 11ιί
1703 4434 1900 4489 dictum
1950 4447 2052 4500 est,

484 4524 733 4594 legimus,
765 4539 795 4580 a
829 4527 1004 4597 prima
1056 4527 1234 4582 littera
1289 4529 1353 4580 ad
1395 4539 1692 4582 extremam
1743 4542 1912 4596 usque
1959 4529 2053 4584 de'-

482 4616 701 4672 ductos.

557 4801 670 4855 Etsi
726 4814 854 4854 vero
902 4799 1214 4869 imperatori
1265 4814 1359 4854 eos
1405 4799 1572 4854 libros
1616 4816 1675 4856 se
1721 4801 1916 4857 ol'lerre
1955 4803 2053 4869 ait,

480 4895 649 4949 variis
710 4903 890 4948 tamen
946 4894 1164 4948 eosdem
1226 4905 1569 4964 nuncupasse
1618 4905 1853 4950 constat.
1909 4894 2054 4952 Con-

478 4988 659 5044 l'eStim
687 4986 834 5042 enim
880 4987 1112 5056 primum
1156 4986 1369 5040 illorum
1397 4986 1646 5042 Aristocli
1677 4988 1889 5043 cuidam
1921 4990 2048 5044 mit-

479 5083 570 5149 tit,
608 5093 843 5150 eumque
883 5078 1032 5134 velut
1086 5077 1269 5133 ludum
1320 5078 1605 5148 quemdam
1645 5079 1810 5134 natali
1843 5081 2052 5136 Aristo-

2166 3232 2309 3302 λόγῳ
2333 3232 2441 3286 τῶν
2475 3234 2674 3300 λέξεων
2706 3236 2801 3288 καὶ
2829 3235 3004 3288 ταῦτα
3035 3233 3520 3304 συμπεριειληφὼς
3568 3237 3744 3289 ἐναπ-

2166 3325 2516 3380 έθετο.Κατὰ
2545 3331 2810 3398 στοιχεῖον
2839 3327 3012 3381 δὲκαὶ
3035 3327 3174 3399 αὕτη
3209 3329 3243 3400 ἡ
3279 3329 3593 3400 συναγωγή.

2239 3512 2495 3580 Ἥκμασε
2527 3511 2585 3564 δὲ
2613 3511 2642 3564 ό
2668 3510 2808 3581 ἀνὴρ
2845 3511 2902 3564 ὲν
2925 3513 3040 3574 τοῖς
3079 3511 3294 3580 χρόνοις
3319 3512 3551 3585 Μάρκου
3584 3513 3744 3583 βασι-

2167 3603 2307 3667 λέως
2341 3603 2631 3674 Ῥωμαίων
2671 3605 2768 3656 καὶ
2812 3603 2908 3656 τοῦ
2962 3603 3153 3666 παιδὸς
3200 3604 3368 3659 αὐτοῦ
3414 3607 3738 3677 Κομμόδου,

2164 3696 2302 3766 πρὸς
2326 3695 2386 3747 ὃν
2421 3696 2518 3749 καὶ
2545 3696 2647 3768 τὴν
2672 3695 2928 3766 ἀπαρχὴν
2944 3696 2992 3728 ⁸⁸
3023 3695 3119 3750 τοῦ
3152 3699 3532 3769 συντάγματος
3564 3705 3742 3754 ποιεῖ·-

2162 3805 2253 3842 ται
2279 3788 2606 3858 ἐπιγράφων
2631 3805 2644 3818 ·
2685 3807 2703 3839 ι
2742 3788 3015 3859 Κομμόδῳ
3041 3789 3283 3860 Καίσαρι
3308 3791 3572 3862 Φρύνιχος
3611 3795 3738 3864 χαί-

2167 3899 2352 3954 ρειν.)
2428 3881 2589 3936 Ἀλλὰ
2647 3881 2920 3952 Κομμόδῳ
2973 3882 3036 3935 τὸ
3089 3881 3293 3952 βιϐλίον
3356 3887 3738 3955 προσφωνῶν,

2167 3975 2406 4044 κάκείνῳ
2439 3971 2952 4044 προοιμιαζόμενος,
3007 3972 3103 4027 καὶ
3149 3975 3470 4046 παραίνεσιν
3497 3977 3738 4048 φιλομα-

2163 4066 2284 4130 θίας
2304 4065 2346 4098 ⁸³
2379 4065 2804 4133 κατατιθέμενος
2828 4105 2843 4129 ,
2879 4065 2973 4118 καὶ¹
3001 4063 3232 4136 ἐξαίρων
3258 4065 3336 4137 τῷ
3369 4066 3513 4139 λόγῳ
3551 4069 3616 4122 τὸ
3657 4069 3740 4140 βε..

2163 4159 2330 4222 ϐλίον,
2371 4159 2428 4212 ὲν
2461 4155 2542 4219 οἷς
2573 4158 2721 4226 λέγει
2755 4157 2832 4220 λζ’
2876 4157 3025 4228 αὐτῷ
3058 4158 3222 4228 μέχρι
3250 4159 3344 4213 τοῦ
3363 4158 3410 4190 ⁸²
3444 4161 3564 4214 τότε
3611 4180 3740 4217 και-

2165 4246 2260 4318 ροῦ
2297 4246 2655 4316 συντετάχθαι
2682 4245 2896 4314 λόγους,
2918 4245 3012 4309 οὓς
3041 4247 3134 4300 καὶ
3161 4247 3455 4303 ἀναθέσθαι
3479 4250 3632 4316 λέγει
3659 4252 3742 4322 τῷ

2164 4338 2396 4410 βασιλεῖ,
2443 4337 2842 4406 ἐπαγγέλλεται
2890 4339 2988 4392 καὶ
3018 4338 3213 4402 ἄλλους
3256 4339 3548 4404 τοσούτους
3579 4341 3740 4411 φιλο-

2163 4429 2462 4503 πονήσεθαι
2519 4430 2620 4499 τῆς
2697 4429 2846 4498 ζωῆς
2903 4428 3065 4484 αὐτὸν
3112 4431 3275 4484 οὺκ⁸³
3319 4431 3741 4502 ὰπολιμπανού-

2161 4540 2281 4594 σης.
2327 4521 2520 4590 Ἡμεῖς
2548 4520 2626 4587 δὲ,
2671 4519 2748 4582 ὡς
2794 4519 3030 4590 ἔφημεν,
3082 4519 3140 4586 ἓξ
3173 4521 3268 4573 καὶ
3295 4522 3596 4591 τριάκοντα
3635 4524 3738 4593 μό-

2157 4633 2286 4679 νους
2315 4615 2655 4686 ἀνέγνωμεν,
2688 4612 2797 4667 ἀπὸ
2823 4611 2919 4666 τοῦ
2945 4630 2981 4667 α
3014 4613 3524 4685 περιλαμϐάνοντας
3569 4616 3739 4688 μέχρι

2157 4709 2254 4765 τοῦ
2286 4727 2352 4762 ω.
3202 4710 3204 4713 ’

2244 4800 2386 4856 Ἀλλ’
2413 4801 2462 4855 εί
2487 4801 2582 4854 καὶ
2617 4800 2697 4872 τῷ
2732 4795 2938 4871 βασιλέι
2971 4817 3104 4872 φησι
3135 4786 3489 4868 τοὺςλόγους
3516 4801 3739 4856 ἀναθεῖ-

2158 4914 2270 4962 ναι,
2299 4897 2451 4966 ὅμως
2479 4893 2763 4963 διαφόροις
2788 4893 2985 4956 αὐτοὺς
3035 4893 3289 4962 φαίνεται
3322 4911 3735 4966 προσπεφωνη-

2166 4988 2302 5053 κὼς.
2346 4986 2555 5041 Αὐτίκα
2583 4985 2631 5020 ⁸⁸
2661 4985 2752 5038 τὸν
2797 4985 3015 5056 πρῶτον
3057 4985 3222 5038 αὐτὸν
3259 4985 3450 5039 τοῦτον
3477 4987 3522 5018 ⁵⁵
3570 4986 3737 5056 λόγον

2178 5079 2515 5151 Ἀριστοκλεῖ
2545 5095 2652 5133 τινι
2680 5077 2918 5149 γράφει,
2947 5075 3166 5132 παιδιάν
3200 5093 3322 5130 τινα
3368 5080 3434 5148 τῇ
3467 5079 3734 5150 γενεθλίῳ

1748 5219 1986 5278 VARl/E
2023 5221 2426 5278 LECTIONES.

576 5323 621 5355 ⁸⁸
659 5321 999 5394 παράσχοιτο
1045 5316 1146 5387 τὴν
1189 5314 1602 5394 ᾠφέλειανβι,
1669 5317 1716 5394 ii
1743 5317 2100 5394 ᾇρῤαδίου-ςο

886 5388 1007 5458 ὅσης
1039 5385 1111 5453 ς(
1197 5386 1246 5418 ⁸⁸
1271 5385 1492 5457 αὐτίκα]
1521 5390 1614 5442 καὶ
1649 5385 1847 5442 adstiti:
1874 5406 1936 5454 ς.
2023 5391 2069 5425 ⁸⁵
2101 5391 2282 5446 αὐτῶν
2306 5385 2509 5446 τόῦτων
2538 5409 2600 5458 ς.

479 5394 902 5465 καταλιμπανού
910 5405 1007 5460 σης
1039 5405 1100 5453 ς’.

2205 5320 2251 5354 ⁵ο
2279 5321 2452 5392 ἀρχὴν
2481 5339 2542 5386 ς.
2621 5319 2664 5353 ⁸¹
2698 5316 3050 5389 φιλομαθείας
3078 5333 3138 5380 ς.
3213 5316 3260 5349 ⁵⁸
3290 5313 3387 5368 τοῦ
3414 5329 3531 5375 om.
3569 5317 3637 5373 Α.
3667 5317 3734 5370 οὐ

2001 5502 2231 5560 NOTAE.

535 5602 662 5684 μᾷ)
705 5600 936 5656 Exstare
993 5600 1168 5658 fertur
1219 5600 1273 5655 in
1324 5598 1584 5655 Vaticana
1630 5598 1904 5670 pontiﬁcis
1951 5600 2045 5656 Bi-

474 5673 844 5814 Μ’ῗὶὲῗθιῗὲεθ
868 5739 1014 5798 Petri
1042 5737 1299 5795 Nunnesii
1327 5737 1540 5796 Prml'at.
1574 5737 1640 5796 ad
1667 5737 1916 5813 Phrynici
1951 5740 2048 5821 At:

2153 5602 2345 5658 ticistaa
2376 5601 2681 5671 Epitomen,
2712 5610 2764 5658 et
2799 5601 2953 5660 Suid.

2227 5673 2338 5745 (41)
2380 5673 2578 5732 Suidas
2654 5683 2860 5747 septem
2916 5684 2970 5731 et
3028 5671 3381 5746 quadraginta
3454 5683 3732 5730 numerat.
