3932 6240
240 327 346 391 429

1205 329 1728 392 B'IBLIOTHECA.
1767 355 1838 366 -—
1872 328 2088 390 CODD.
2127 325 2585 390 CLVI-CLVIII.

3390 323 3498 388 430

241 437 424 510 ἡμέρᾳ
453 437 550 493 τοῦ
588 438 1000 510 Ἀριστοκλέους
1031 440 1408 510 ἁρμόττουσαν
1439 441 1818 510 φιλοτιμούμε-

1925 440 2024 494 clis
2072 438 2185 510 (45)
2229 438 2318 494 die
2367 437 2777 493 accommodum
2823 434 2940 491 ﬁeri
2987 443 3231 504 exoptat,
3264 449 3373 505 quo
3410 435 3502 492 ille

239 551 326 596 vo;
356 532 617 601 γενέσθαι
644 533 742 603 τὴν
761 532 976 603 γραφὴν
1001 532 1095 584 καὶ
1123 531 1470 603 συμπαίστην
1495 533 1539 564 ⁸⁸
1557 533 1824 604 ὑπάρχειν

207 626 428 702 αὐτόν.
478 626 757 690 Ὡσαύτως
789 628 847 680 δὲ
881 629 975 682 καὶ
1037 629 1130 682 τὸν
1172 628 1426 699 δεύτερον
1475 629 1633 698 λόγον
1675 629 1822 700 αὐτῷ

201 5475 216 5553 ,l

243 719 584 788 προσφωνεῖ,
636 719 732 772 καὶ
758 719 821 789 δὴ
857 719 954 771 καὶ
983 721 1076 772 τὸν
1107 721 1310 790 τρίτον.
1346 720 1450 774 Τὸν
1479 721 1534 774 δὲ
1563 721 1823 793 τέταρτον

254 810 533 881 Ἰουλιανῷ
564 828 670 864 τινι
699 811 1007 882 συμπολίτῃ
1043 815 1138 865 καὶ
1164 813 1304 883 φίλῳ
1353 816 1686 883 προσφωνεῖ,
1728 813 1822 867 καί

242 920 412 976 φησιν
445 904 529 956 ὅτι
572 903 910 974 Ἀριστοκλεῖ
959 906 1057 973 μὲν
1083 905 1142 970 ἐξ
1174 906 1348 976 ἀρχῆς
1391 906 1593 976 ὥριστο
1623 907 1654 976 ἡ
1683 923 1823 974 πρα-

242 994 487 1064 γματεία
544 994 964 1065 προσειρῆσθαι,
1011 997 1135 1049 ἐπεὶ
1197 997 1254 1050 δὲ
1301 998 1508 1060 ἐκεῖνος
1561 998 1822 1069 βασιλικῷ

240 1088 477 1157 δόγματι
523 1088 628 1157 τῆς
669 1087 726 1139 ὲν
761 1087 948 1158 Ῥώμῃ
994 1088 1239 1158 μεγάλης
1289 1089 1487 1160 βουλῆς
1532 1091 1754 1158 ἐγένετο
1774 1092 1816 1125 ⁵⁷

241 1179 524 1244 κοινωνὸς,
570 1179 759 1234 τοῦτον
803 1180 916 1234 ἀντ’
949 1180 1161 1234 ἐκείνου
1199 1181 1298 1234 καί
1349 1181 1502 1251 φίλον
1553 1185 1646 1236 καὶ
1700 1201 1825 1236 συν-

241 1273 540 1342 ουσιαστὴν
562 1271 670 1324 τῶν
693 1272 872 1325 καλῶν
895 1271 1102 1336 λαϐεῖν,
1122 1273 1217 1326 καὶ
1249 1274 1397 1344 αὐτῷ
1420 1276 1513 1328 καὶ
1539 1280 1699 1344 κριτῇ
1729 1279 1824 1329 καὶ

240 1362 584 1433 ἑπιγνὼμονι
617 1363 849 1434 χρῆσθαι
886 1363 996 1417 τῶν
1040 1365 1530 1434 συγγραφομένων.
1567 1365 1695 1437 [172
1730 1366 1822 1437 IL]

255 1454 399 1508 Ἀλλ’
443 1453 620 1518 οὕτως
659 1455 831 1508 είπὼν
879 1457 973 1510 καὶ⁸
1020 1457 1392 1529 ὑποσχόμενος
1435 1457 1527 1511 τὸν
1572 1459 1824 1529 πέμπτον

242 1547 398 1614 ὅμως
437 1547 598 1616 λόγον
627 1547 941 1620 Μηνοδώρῳ
989 1550 1098 1602 τινὶ
1130 1550 1266 1620 φίλῳ
1302 1567 1363 1602 τε
1396 1550 1492 1604 καὶ
1527 1553 1823 1605 πεπαιδευ-

246 1641 399 1708 μένῳ
443 1640 602 1712 ἀνδρὶ
651 1643 1003 1710 προσφωνεῖ,
1038 1640 1098 1704 ὃς
1149 1641 1245 1694 καὶ¹
1287 1641 1467 1696 αἰτίαν
1516 1642 1823 1712 ἐπήνεγκεν

243 1732 398 1804 αύτῷ
423 1730 522 1785 τοῦ
560 1731 754 1796 ἐνδεῶς
797 1733 1046 1803 εἰρῆσθαι
1090 1733 1152 1786 τὸ
1184 1733 1291 1804 πρὸ
1313 1733 1505 1788 τούτου
1533 1734 1662 1806 περὶ
1701 1735 1824 1805 κρίο

1924 543 1984 584 se
2032 529 2289 583 oblectet.
2339 528 2603 583 Similiter
2651 537 2707 582 et
2751 529 2981 582 alterum
3035 526 3250 589 librum,
3285 527 3396 580 imo
3443 535 3502 580 et

1926 624 2142 679 tertium
2183 623 2357 678 eidem
2383 621 2650 677 inscribit.
2682 621 2944 688 Quartum
2978 621 3100 675 dein
3129 617 3348 674 Juliano
3378 619 3500 674 cui-

1924 715 2047 769 dam
2074 713 2180 769 civi
2216 729 2333 780 suo,
2365 723 2527 783 atque
2561 715 2778 768 amico:
2812 714 3014 768 addens
3063 712 3115 767 id
3157 727 3223 767 eo
3272 711 3498 775 factum,

1923 809 2068 872 quod
2128 807 2384 860 Aristocli
2438 807 2652 876 quidem
2716 807 2784 860 ab
2839 806 2992 860 initio
3045 821 3183 875 Opus
3243 806 3506 860 exhibere

1924 901 2281 968 destinasset;
2329 909 2386 953 at
2433 909 2718 969 postquam
2772 898 3006 955 Catsaris
3049 901 3268 954 decreto
3317 898 3504 953 llomte

1925 991 1976 1045 in
2011 993 2260 1046 intimum
2304 993 2592 1048 consilium
2633 994 2838 1047 ascitus
2881 1001 3046 1058 esset,
3083 992 3225 1046 hunc
3265 989 3367 1045 sibi
3403 1005 3502 1060 pro

1924 1086 2014 1141 illo
2061 1088 2294 1141 amicum
2337 1085 2656 1155 sociumque
2699 1087 2910 1141 honesti
2953 1086 3156 1140 laboris
3191 1084 3500 1154 adoptasse,

1923 1196 2032 1248 quo
2085 1190 2139 1234 et
2191 1180 2406 1248 judice,
2459 1188 2516 1234 et
2566 1180 2844 1250 cognitore
2892 1194 3113 1234 suorum
3173 1179 3498 1247 scriptorum

1923 1282 2067 1326 esset
2103 1288 2324 1328 usurus.
2368 1273 2567 1327 Verum
2605 1273 2702 1326 ista
2748 1273 2980 1338 locutus,
3015 1282 3175 1342 atque
3207 1272 3498 1342 pollicitus,

1924 1365 2174 1434 quintum
2224 1375 2398 1419 tamen
2445 1364 2676 1418 subinde
2722 1363 2916 1418 librum
2953 1363 3244 1420 Menodoro
3285 1365 3500 1420 cuidam

1925 1458 2126 1522 amico,
2155 1466 2212 1512 et
2251 1458 2466 1512 erudito
2507 1459 2625 1512 viro
2667 1458 2886 1512 exhibet
2917 1475 2930 1512 :
2967 1456 3058 1526 qui
3102 1467 3160 1512 et
3203 1457 3502 1526 reprehen-

1925 1549 2098 1614 derat,
2129 1549 2274 1618 quod
2317 1551 2533 1618 parcius
2582 1559 2740 1604 antea
2790 1549 2932 1602 illam
2982 1549 3050 1604 de
3094 1550 3370 1604 nominum
3416 1550 3499 1602 itt-

1925 1639 2158 1696 ﬂexione
2192 1641 2546 1710 quaestionem
2583 1643 2861 1710 agitasset.
2893 1638 3127 1696 Jubente
3159 1655 3289 1708 ergo
3319 1640 3502 1696 Meno—

1927 1735 2060 1788 doro
2113 1735 2438 1789 sententiam
2486 1736 2690 1799 dicere,
2724 1735 2868 1790 hunc
2912 1749 2972 1789 se
3020 1736 3098 1789 ait
3142 1734 3338 1789 librum
3371 1749 3502 1790 con-

245 1841 387 1888 σεως
407 1824 460 1856 ³⁸
500 1823 782 1895 ὀνομάτων
810 1825 1108 1897 πρόϐλημα
1127 1844 1139 1858 ·
1178 1825 1306 1899 [525
1329 1824 1422 1899 3.]
1463 1827 1818 1892 ἐπιτάξαντος

1927 1825 2235 1894 scripsisse.
2276 1823 2463 1880 Serius
2513 1836 2693 1880 autem
2746 1826 2796 1879 id
2854 1825 3193 1896 praestitisse,
3247 1826 3388 1895 quod
3445 1825 3500 1880 in

239 1918 296 1970 δὲ
326 1916 659 1988 Μηνοδώρου
699 1917 847 1984 λέγει
875 1918 969 1972 τὸν
1002 1918 1159 1987 λόγον
1212 1919 1551 1983 συντάττειν,
1585 1921 1819 1992 ὑστερῆ-

227 2003 340 2063 ’σαι
368 2009 451 2077 δὲ,
475 2011 561 2065 ὅτι
592 2010 724 2082 τρία
758 2010 1046 2082 νοσήματα
1074 2010 1225 2082 αὑτῷ
1264 2015 1568 2084 συμπεσεῖν
1591 2015 1815 2085 συνέϐη,

240 2102 344 2172 τὴν
367 2100 671 2172 σύντροφον
697 2101 776 2173 τῷ
809 2103 959 2174 γήρᾳ
984 2120 1043 2154 στ
1054 2105 1405 2176 ραγγουρίαν,
1425 2106 1520 2158 καὶ
1539 2105 1820 2174 διωλύγιόν

240 2213 369 2249 τινα
397 2195 497 2248 καὶ
525 2194 744 2266 μακρὰν
779 2199 1042 2266 φρενῖτιν,
1073 2198 1166 2250 καὶ
1196 2197 1284 2249 διὰ
1316 2196 1551 2267 γαστρὸς
1585 2197 1822 2266 αἵματος

243 2289 429 2358 ῥύσιν,
465 2287 558 2340 καὶ
588 2286 670 2339 ἔτι
701 2285 758 2339 δὲ
805 2287 900 2340 καὶ
942 2286 1105 2358 ἕτερα
1137 2288 1363 2343 πλεῖστα
1393 2290 1502 2342 τῶν
1533 2291 1821 2362 ἀρρωστη-

242 2379 466 2447 μάτων·
501 2378 568 2432 ἂν
603 2378 786 2448 μέντοι
827 2377 936 2430 τῶν
971 2380 1296 2450 νοσημάτων
1335 2382 1670 2450 ἀπαλλαγεὶς
1699 2384 1820 2436 ἐπι-

239 2469 406 2540 6ιῴη,
461 2470 555 2522 καὶ
584 2469 646 2522 τὸ
672 2468 768 2522 νῦν
821 2469 1103 2540 ἐπίταγμα
1133 2472 1190 2533 ἐς
1232 2472 1406 2543 πέρας
1443 2475 1674 2542 ἀγαγεῖν
1713 2478 1820 2529 ὑπ-

242 2565 534 2632 ισχνεῖται,
555 2563 648 2616 καὶ
672 2564 724 2616 εἰ
741 2581 794 2617 τι
814 2563 942 2617 ἄλλο
960 2564 1285 2633 προστάττοι
1310 2565 1626 2634 φιλοκαλίας
1641 2584 1702 2621 τε
1725 2569 1820 2621 καὶ

237 2653 617 2724 πολυμαθείας
643 2655 739 2708 καὶ
776 2655 1092 2728 καινότητος
1118 2657 1396 2728 ἐχόμενον.
1414 2658 1575 2712 Ἀλλὰ
1599 2659 1698 2712 καὶ
1723 2660 1815 2713 τὸν

235 2745 405 2798 ἓκτον
461 2743 620 2813 λόγον
678 2745 778 2816 τῆς
831 2749 1149 2818 σοφιστικῆς
1197 2747 1405 2817 ταύτης
1464 2751 1820 2822 παρασκευῆς

233 2836 388 2906 ἄλλῳ
414 2837 525 2888 τινὶ
555 2836 718 2890 πάλιν
755 2836 1020 2908 Τιϐερίνῳ
1055 2839 1384 2907 προσφωνεῖ.

307 2929 424 2982 Καὶ
449 2930 513 3000 δὴ
546 2930 640 2983 καὶ
668 2930 760 2982 τὸν
809 2928 1038 3000 ἕϐδομον
1067 2931 1240 3001 ἑτέρῳ
1270 2931 1591 3003 Μηνοφίλῳ,
1625 2932 1684 2986 ὃν
1721 2934 1817 2988 καί

236 3037 373 3091 φησι
397 3021 647 3082 παιδείας
676 3023 757 3084 είς
783 3022 952 3091 ἄκρον
987 3022 1190 3092 ἥκοντα
1238 3024 1332 3076 καὶ
1364 3025 1553 3095 ῥήσεις
1591 3026 1819 3096 ὁλοκλή-

1924 1916 2028 1970 tria
2073 1919 2382 1971 morborum
2433 1933 2631 1988 genera
2689 1918 2988 1980 incidisset,
3027 1917 3079 1973 iu
3121 1919 3290 1973 urinae
3335 1918 3502 1974 nimi-

1924 2021 2042 2062 rum
2073 2007 2430 2073 Stillicidium,
2461 2010 2756 2063 senectutis
2785 2009 3061 2076 comitem,
3093 2008 3146 2061 in
3180 2008 3499 2062 diuturuttm

1923 2112 2194 2167 grachue
2249 2100 2454 2154 mentis
2483 2099 2766 2166 delirium;
2801 2109 2856 2154 et
2887 2100 3172 2168 sanguinis
3225 2114 3256 2154 e
3309 2109 3500 2153 ventre

1921 2190 2150 2258 ﬂuxum,
2207 2197 2530 2263 morbosque
2563 2192 2697 2247 alios
2730 2192 3182 2262 quamplurimas.
3221 2195 3496 2262 Siquidem

1924 2293 2104 2337 autem
2157 2283 2242 2338 his
2289 2285 2585 2354 aliquando
2625 2285 2888 2340 liberatus
2931 2297 3262 2354 superesset,
3299 2297 3355 2341 et
3398 2289 3500 2343 hoc

1921 2387 2057 2442 opus
2102 2374 2168 2445 ad
2227 2376 2430 2429 exitum
2478 2377 2832 2431 adducturum
2882 2393 2941 2434 se
2988 2379 3293 2448 pollicetur,
3351 2390 3406 2435 et
3451 2381 3498 2436 si

1922 2462 2049 2532 quid
2093 2463 2234 2517 forte
2260 2463 2404 2518 aliud
2462 2463 2576 2533 ipse
2600 2465 2788 2532 jubeat
2844 2464 2914 2520 ab
2971 2465 3196 2522 honesta
3233 2468 3502 2538 doctaque

1922 2553 2162 2609 novitate
2201 2569 2306 2608 nou
2355 2555 2612 2610 alienum.
2684 2556 2880 2628 101a
2929 2557 3002 2612 At
3029 2568 3244 2614 sextum
3297 2561 3501 2617 nihilo-

1923 2646 2101 2702 minus
2154 2646 2349 2702 librum
2401 2648 2660 2704 rhetorici
2715 2653 2872 2718 hujus
2928 2660 3260 2721 apparatus,
3301 2653 3498 2710 iterum

1921 2738 2010 2794 alii
2047 2739 2261 2796 cuidam
2298 2740 2558 2798 Tiberino
2595 2744 2825 2799 dedicat.

1991 2925 2065 2984 Ut
2111 2935 2166 2982 et
2193 2925 2481 2996 septimum
2520 2927 2673 2983 alteri
2707 2927 3038 3000 Menophilo,
3069 2945 3228 3000 quem
3257 2933 3324 2986 ad
3355 2949 3504 2989 sum-

1924 3033 2067 3070 mum
2108 3018 2432 3073 eruditionis
2457 3018 2668 3074 culmen
2717 3021 3028 3088 pervenisse
3055 3023 3149 3090 ait,
3181 3033 3237 3078 et
3265 3025 3504 3091 integras

238 3129 372 3183 ρους
421 3110 562 3182 πρὸς
610 3111 710 3174 τὰς
752 3110 1054 3176 ἀποδείξεις
1097 3112 1458 3179 συντελούσας
1513 3117 1606 3169 τοῦ
1657 3118 1816 3170 ἕκτου

1923 3109 2083 3162 etiam
2126 3108 2377 3179 loquendi
2421 3109 2684 3165 formulas
2723 3113 3114 3181 suppeditasse,
3167 3130 3271 3169 non
3313 3132 3502 3185 parum

232 3205 399 3272 ὶόγου
420 3203 524 3274 τῆς
543 3203 916 3273 Σοφιστικῆς
946 3206 1702 3281 Παρασκευῆς-παραθεῖναι,
1725 3217 1818 3268 καὶ

1925 3202 2235 3270 profuturas
2283 3203 2351 3257 ad
2400 3217 2464 3258 ea
2519 3205 2942 3273 comprobanda,
2990 3221 3111 3274 quae
3150 3219 3307 3263 sexto
3346 3209 3504 3277 hujus

230 3297 579 3368 προτρέπειν
608 3297 704 3352 καὶ
735 3297 897 3350 αὑτὸν
925 3299 1020 3351 ἐπὶ
1039 3299 1293 3353 πλεῖστον
1317 3303 1520 3366 ταύτας
1545 3305 1760 3375 ἀθροίξε
1771 3325 1818 3360 ιν

229 3392 350 3453 τοῖς
384 3390 806 3460 συγγράμμασι.
837 3390 939 3443 Τὸν
967 3390 1149 3458 μέντοι
1172 3393 1358 3460 ὄγδοον
1385 3395 1548 3448 πάλιν
1595 3397 1816 3451 Ἰουλια-

230 3481 312 3553 νῷ
344 3481 662 3551 ἀνατίθησι,
685 3482 782 3536 καὶ
816 3485 1052 3538 αἰτεῖται
1097 3484 1290 3550 αὑτὸν,
1323 3487 1377 3541 ετ
1413 3506 1465 3541 τι
1517 3490 1722 3552 ἀτελῶς
1748 3493 1818 3544 εἵ-

230 3591 424 3646 ρηται,
463 3574 562 3629 ἅτε
583 3574 648 3645 δὴ
680 3577 773 3628 καὶ
815 3576 956 3645 μετὰ
1001 3577 1160 3632 νόσον
1190 3580 1476 3650 γράφοντι,
1499 3583 1669 3635 ταῦτα
1708 3583 1820 3637 δια-

227 3671 410 3722 θεῖναι
470 3668 610 3738 πρὸς
661 3667 972 3737 διόρθωσιν.
1028 3671 1134 3723 Τὸν
1186 3671 1243 3724 δὲ
1275 3673 1468 3726 ἔνατον
1530 3673 1814 3745 Ῥουφίνῳ,

225 3762 465 3831 ςάςκων
494 3759 672 3814 αἴτιον
707 3761 808 3830 μὲν
847 3762 940 3815 τοῦ
967 3764 1012 3796 ⁸⁸
1041 3765 1394 3836 ἀπάρξασθαι
1443 3769 1544 3837 τῆς
1578 3785 1819 3840 συγγρα-

225 3853 340 3922 φῆς
395 3849 754 3920 Ἀριστοκλέα
793 3851 1068 3918 γενέσθαι,
1094 3852 1191 3906 τοῦ
1229 3854 1285 3906 δὲ
1307 3855 1400 3907 ἐπὶ
1430 3856 1605 3924 πέρας
1645 3854 1817 3908 ἐλθεῖν

223 3946 398 3998 αὑτὸν
427 3945 604 3997 αῖτιον
619 3943 664 3975 σθ
700 3943 942 4009 ἔσεσθαι,
971 3948 1052 3999 ὅτι
1084 3946 1323 4017 ἐντυχὼν
1352 3950 1466 4012 τοῖς
1495 3950 1818 4019 γεγραμμέ-

224 4055 343 4100 νοις
369 4038 432 4090 τό
457 4053 518 4089 τε
548 4039 822 4107 χρήσιμον
842 4038 1074 4091 συνιδεῖν
1103 4039 1236 4110 ἔσχε
1265 4042 1359 4094 καὶ
1388 4042 1694 4094 ἐπαινέσειε
1727 4042 1817 4096 τὸν

224 4127 416 4182 πόνον.
447 4126 553 4178 Τὸν
595 4125 651 4178 δὲ
683 4125 908 4178 δέκατον
959 4128 1123 4180 πάλιν
1182 4130 1624 4200 ἐπαναστραφεὶς
1679 4131 1816 4202 πρὸς

237 4219 609 4290 Ἀριστοκλέα
660 4219 970 4275 συντάττει.
1017 4220 1074 4273 Ὀ
1129 4222 1186 4274 δὲ
1246 4223 1447 4292 ἐφεξῆς
1501 4224 1818 4296 Μηνοδώρῳ

224 4309 704 4382 προσπεφώνηται
753 4312 939 4375 πάλιν,
991 4295 1048 4366 ἓν
1079 4307 1123 4382 ᾧ
1168 4314 1262 4367 καὶ
1326 4315 1661 4384 Ἀριστείδου
1703 4319 1816 4381 τοῖς

222 4405 411 4473 λόγοις
444 4404 544 4474 (ὥς
575 4406 768 4473 φησιν)
812 4405 1050 4476 ἐντυχὼν
1100 4407 1244 4478 ἄρτι,
1295 4407 1416 4461 τότε
1453 4409 1813 4477 ἀκμάζοντος,

1921 3295 2161 3351 Orator-ii
2196 3296 2496 3364 Apparatus
2520 3295 2658 3349 libro
2687 3297 2989 3351 traduntur.
3041 3297 3324 3368 Exhortari
3375 3316 3506 3372 ergo

1917 3391 2078 3442 etiam
2105 3388 2246 3441 hunc
2275 3389 2340 3440 ad
2372 3403 2529 3442 voces
2561 3386 2861 3456 hujusmodi
2889 3392 3311 3460 quamplurimas
3363 3395 3504 3448 scri-

1919 3479 2027 3545 ptis
2051 3477 2477 3545 amplilicandas.
2499 3477 2762 3531 Octavum
2791 3493 3003 3534 rursum
3025 3481 3240 3536 Juliano
3267 3484 3500 3549 dedicat,

1921 3576 2182 3635 rogatque
2217 3566 2262 3619 si
2302 3567 2428 3634 quid
2470 3567 2646 3621 minus
2689 3569 2989 3638 perfectum
3017 3572 3281 3628 exciderit
3313 3576 3504 3631 morbo

1921 3658 2212 3722 laboranti,
2264 3660 2540 3728 corrigere
2589 3676 2658 3716 ne
2711 3673 2982 3731 gravetur.
3036 3664 3246 3720 Nonum
3290 3667 3504 3726 Rulliuo

1920 3749 2248 3815 inscribens,
2294 3751 2614 3806 Aristoclcm
2645 3754 2723 3806 ait
2773 3753 2897 3809 huic
2953 3769 3170 3810 causam
3220 3759 3501 3829 scriptioni

1919 3844 2130 3899 dediSse
2162 3863 2176 3912 ;
2218 3845 2359 3914 quod
2390 3855 2567 3899 autem
2600 3848 2666 3900 ad
2706 3847 2867 3902 linem
2902 3849 3088 3904 eadem
3135 3851 3364 3906 deducta
3407 3854 3500 3920 sit,

1920 3937 2092 4004 ipsum
2149 3946 2424 3992 auctorem
2467 3936 2704 3992 futurum
2740 3957 2756 4004 ;
2808 3949 3089 4010 propterea
3136 3945 3276 4011 quod
3313 3953 3503 3998 nactus

1917 4044 1980 4084 ea
2014 4045 2134 4098 quae
2172 4033 2434 4086 hactenus
2471 4042 2628 4085 erant
2666 4031 2834 4095 edita,
2867 4042 2923 4087 et
2975 4035 3261 4088 utilitatem
3313 4053 3500 4092 eorum

1921 4124 2220 4192 agnoverit,
2253 4134 2307 4177 et
2336 4123 2576 4178 laborem
2618 4125 2945 4192 probaverit.
2982 4125 3258 4183 Decimum
3313 4146 3500 4200 porro,

1919 4215 2086 4284 gradu
2121 4216 2310 4268 iterum
2343 4218 2584 4280 reducto,
2603 4222 2668 4270 ad
2683 4217 3006 4274 Aristoclem
3035 4221 3215 4276 refert.
3254 4221 3502 4292 Sequens

1918 4321 2135 4376 quoque
2169 4305 2458 4363 Menodoro
2493 4325 2707 4365 rursum
2762 4310 3033 4367 oil'ertur:
3087 4316 3172 4369 ubi
3205 4326 3259 4370 rt
3290 4317 3341 4371 in
3376 4319 3501 4372 Ari-

1918 4401 2073 4454 stidae
2094 4402 2256 4454 etiam
2288 4410 2397 4455 tum
2423 4403 2652 4472 vigentis
2671 4405 2945 4461 orationes
2967 4403 3082 4475 (46)
3101 4423 3221 4462 sese
3246 4409 3501 4466 incidisse

221 4498 400 4551 πολὺν
421 4495 518 4550 τοῦ
543 4497 739 4568 ἀνδρὸς
769 4497 993 4550 ἔπαινον
1047 4501 1309 4560 ποιεῖται,
1346 4500 1441 4553 καὶ
1493 4499 1814 4572 Μαρκιανόν

1923 4492 2168 4560 aliirmat,
2199 4508 2262 4549 ac
2286 4494 2461 4548 virum
2501 4495 2750 4550 laudibus
2779 4497 2831 4550 in
2872 4499 3066 4554 cmlum
3115 4502 3270 4557 tollit.
3316 4503 3502 4560 Refert

224 4599 364 4655 φησι
402 4583 500 4634 τὸν
528 4583 836 4653 κριτικδν⁶¹
868 4587 1190 4657 συγγραφέα
1219 4588 1494 4660 ὑπερορᾷν
1533 4589 1634 4659 μὲν
1673 4589 1814 4645 Πλά-

223 4692 395 4739 τωνος
426 4676 524 4728 καὶ
552 4675 956 4745 Δημοσθένους,
991 4679 1090 4741 τὰς
1117 4679 1174 4732 δὲ
1205 4678 1443 4752 Βρούτου
1471 4681 1566 4734 τοῦ
1610 4681 1814 4736 Ἰταλοῦ

224 4764 529 4828 ἐπιστολὰς
561 4768 886 4836 προκρίνειν
905 4769 1001 4822 καὶ
1032 4770 1235 4823 κανόνα
1268 4771 1368 4837 τῆς
1391 4773 1450 4824 ὲν
1501 4771 1644 4844 λόγῳ
1678 4774 1814 4842 ἀρε-

226 4859 326 4928 τῆς
337 4859 694 4933 ἀποφαίνειν.
719 4860 906 4914 Ταῦτα
929 4862 986 4915 δὲ
1003 4855 1160 4926 οὗτός
1182 4881 1347 4935 φησιν
1369 4865 1492 4937 οὐχὶ
1518 4867 1616 4937 τὴν
1630 4868 1816 4923 τοιαύ-

225 4970 326 5022 την
363 4953 555 5024 κρίσιν
578 4954 1008 5025 ἀποδεχόμενος,
1045 4957 1160 5010 ἀλλ’
1185 4959 1266 5022 είς
1299 4959 1362 5012 τὸ
1407 4959 1484 5030 μὴ
1513 4960 1813 5026 θαυμάζειν

223 5046 280 5098 ετ
295 5063 445 5109 τινες
473 5045 574 5100 καὶ⁵
599 5047 698 5117 τῆς
724 5047 1060 5118 Ἀριστείδου
1088 5051 1248 5124 δόξης
1280 5052 1541 5107 ἐλάττονα
1593 5053 1686 5107 τδν
1718 5053 1812 5106 ἄν·

1921 4596 1977 4640 et
2019 4586 2344 4641 Marcianum
2381 4601 2505 4642 eum
2534 4590 2623 4656 qui
2660 4587 2858 4644 Critica
2903 4594 3246 4662 conscripsit,
3277 4596 3501 4654 Platone

1923 4689 2084 4748 atque
2133 4679 2494 4735 Demomhene
2547 4681 2822 4748 despecto,
2855 4682 3004 4738 Bruti
3029 4685 3257 4744 Romani
3291 4693 3500 4759 cpisto-

1923 4773 2001 4826 las
2023 4773 2133 4844 (47)
2168 4774 2378 4829 οωιοιιὶε
2415 4783 2764 4842 anteponere,
2807 4786 2969 4847 atque
3002 4778 3146 4835 hunc
3179 4799 3276 4851 pro
3311 4802 3499 4842 norma

1923 4867 2102 4921 omnis
2137 4867 2190 4920 in
2221 4866 2454 4921 dicendo
2502 4866 2719 4922 virtutis
2748 4877 3008 4926 statuere.
3060 4873 3190 4940 Qua:
3222 4878 3440 4946 quidem
3469 4898 3500 4936 a

1921 4957 2234 5030 Phrynicho
2266 4959 2426 5012 allata
2459 4967 2603 5023 sunt,
2643 4975 2746 5013 non
2778 4963 2921 5031 quod
2949 4964 3051 5020 hoc
3076 4967 3338 5036 judicium
3391 4974 3501 5040 ipse

1919 5054 2176 5121 probaret
2211 5069 2228 5117 ;
2269 5062 2324 5105 at
2353 5068 2421 5107 ne
2454 5053 2576 5122 quis
2623 5053 2865 5123 miretur,
2899 5057 2946 5112 si
2987 5060 3203 5130 quidam
3249 5064 3502 5120 Aristidis

1543 5165 1781 5222 VARUE
1841 5165 2248 5224 LECTIONES.

370 5254 825 5345 fuitregixqgg.
847 5328 874 5341 η
903 5260 950 5292 "
975 5261 1187 5345 ἐγίνετο
1206 5279 1280 5345 νς.
1307 5261 1404 5345 κα]ζ
1433 5271 1559 5345 ante
1585 5262 1978 5345 cpilo_y_add:_A.
2057 5262 2370 5345 ηλιρίσεως
2397 5262 2490 5345 “AC
2518 5282 2532 5318 :
2573 5267 2832 5345 κινῄσιως
2859 5285 2918 5332 ς.
2949 5336 2976 5345 _
2995 5268 3040 5301 δ’
3061 5269 3166 5345 τού
3191 5300 3261 5310 -
3296 5289 3500 5345 συγρα-

231 5323 402 5405 φῆς-Α
435 5323 567 5405 τῷ
591 5356 669 5405 _—_
689 5323 914 5401 γραφῆς
954 5323 1029 5396 ςξ
1093 5331 1139 5362 ⁸⁸
1168 5323 1340 5386 αἴτιον
1371 5323 1617 5404 Scaliger
1645 5352 1659 5388 :
1700 5333 1822 5389 libri
1852 5333 2024 5402 ἄξιον.

232 5394 404 5446 τικῶν
439 5394 749 5452 FIbriciuS.

2116 5333 2160 5366 “
2179 5333 2454 5406 κρητικὸν
2482 5352 2626 5391 corr.
2653 5333 2718 5392 Α.
2753 5336 3017 5406 κριτικῶν
3057 5339 3334 5407 Schottns,
3362 5333 3501 5416 κρη-

1783 5492 2021 5550 NOTAE.

304 5580 416 5651 (45)
467 5580 589 5648 Quo
641 5583 708 5636 de
753 5584 1136 5642 mittendorum
1187 5603 1471 5644 munerum
1519 5589 1686 5644 natali
1729 5590 1818 5644 die

227 5649 496 5724 glexand.
549 5652 806 5724 abAlex.
851 5656 942 5709 lib.
996 5675 1031 5712 ll
1079 5658 1288 5714 Geninl.
1341 5674 1458 5724 rap.
1503 5657 1610 5723 2'2;
1650 5671 1697 5714 et
1741 5659 1812 5713 ibi

227 5721 505 5799 Tiraqttel:
545 5721 670 5799 Gul:
709 5723 987 5799 studius,
1029 5729 1120 5782 lib.
1159 5746 1172 5781 t
1205 5721 1497 5784 Conririal.
1551 5721 1668 5799 cap.
1724 5731 1812 5793 '16,

227 5791 416 5846 noster
451 5791 607 5846 Mart.
636 5792 714 5850 de
739 5794 850 5850 lioa
883 5796 1046 5853 Cord.
1078 5800 1332 5870 singulari
1367 5800 1565 5854 libello.

1998 5590 2108 5662 (46)
2142 5589 2220 5662 pe
2251 5590 2441 5662 quibus
2474 5592 2600 5646 infr.
2631 5592 2750 5646 cod.
2783 5593 2908 5649 246.
2944 5604 2998 5649 et
3044 5611 3158 5662 seq.

1996 5660 2106 5731 (47)
2128 5659 2270 5731 ριιμε
2287 5679 2312 5710 ει
2335 5661 2595 5731 brevitate
2611 5667 3014 5720 COIIIIIIOIIdzllaS
3035 5659 3200 5723 rel‘ert
3216 5667 3492 5727 Plutarch.

1921 5731 1974 5784 in
1997 5728 2111 5797 ejus
2133 5728 2251 5785 Vita
2285 5730 2403 5784 ittit.
2430 5740 2750 5798 exstantque
2769 5733 2834 5787 70
2870 5751 2898 5788 a
2918 5735 3228 5793 Mithridate
3245 5743 3372 5795 olnu
3393 5746 3496 5796 col-

1919 5801 2070 5857 lectae
2086 5809 2139 5858 et
2156 5816 2326 5873 nuper
2345 5799 2530 5858 Graece
2547 5817 2608 5858 ac
2629 5803 2817 5860 Latine
2834 5807 3092 5880 evulgatus
3112 5813 3164 5866 in
3181 5811 3490 5870 Germania.
