3932 6240
487 365 590 432 431
699 425 708 433 .

1643 364 1910 426 ΡΗΟΤΠ
1947 364 2458 426 PATRIARCHZE
2491 366 2600 427 CP.

3636 363 3739 429 432

487 481 656 550 gloria
703 487 1016 550 superatum
1057 475 1368 533 existiment
1405 477 1551 532 hunc
1597 475 1776 531 virum
1802 516 1820 542 ,
1866 476 1957 546 qui
2001 476 2064 531 ad

2170 477 2272 548 δρα
2296 477 2630 549 νομίζουσιν,
2655 476 2802 531 οὕτω
2822 472 3013 540 κλέους
3041 475 3137 530 τοῦ
3165 475 3223 529 ἐν
3243 475 3423 546 λόγοις
3451 477 3532 541 εἰς
3573 476 3738 550 ἄκρον

482 588 754 628 summum
800 574 852 628 in
884 570 1222 626 orationibus
1269 569 1453 640 gloria:
1503 568 1671 623 decus
1706 571 2065 634 pervenisseto

484 661 649 717 Laesit
701 663 846 718 enim
908 659 1287 716 nonnullorum
1362 659 1563 714 invidia
1619 658 1794 728 ipsum
1852 675 2069 730 quoque

482 753 797 817 Aristidem,
830 762 892 806 ut
919 761 972 808 et
996 751 1132 806 alios
1166 749 1432 821 plurimos
1459 751 1708 806 doctrina
1736 750 2069 806 excellentes

482 847 650 901 viros.
685 845 1015 902 Undecimus
1057 859 1278 914 quoque
1308 844 1451 899 idem
1496 845 1708 899 dicatur
1747 843 2067 899 Menodoro.

486 936 839 1008 Sequentium
880 951 1010 991 vero
1041 936 1132 1008 (ne
1161 947 1217 992 et
1244 951 1344 991 nos
1375 935 1463 991 hic
1503 935 1845 1004 loquacitatis
1882 935 2071 989 nimiae

482 1042 605 1083 cum
657 1029 750 1083 illo
798 1030 1146 1100 incuscmttr)
1188 1028 1328 1083 alios
1373 1029 1590 1098 quidem
1638 1027 1775 1082 liber
1814 1026 2071 1096 Rhiglno,

483 1122 622 1176 alius
660 1121 938 1188 Aristocli,
989 1137 1203 1177 rursum
1253 1120 1393 1178 alius
1441 1119 1678 1175 Basididi
1717 1119 1924 1175 Milesio
1966 1117 2070 1173 So-

483 1214 677 1282 phistat
724 1216 1067 1284 nuncupatur
1103 1231 1118 1269 :
1169 1214 1221 1268 in
1251 1228 1357 1283 quo
1396 1213 1498 1277 ait,
1543 1211 1705 1266 simul
1739 1222 1796 1265 ut
1825 1227 1854 1265 a
1883 1209 2072 1265 morbo

484 1315 763 1361 recreatus
783 1317 947 1374 esset,
983 1307 1126 1361 hunc
1156 1321 1217 1362 se
1255 1307 1321 1360 ad
1352 1306 1499 1360 illum
1531 1303 1811 1374 scripsisse
1841 1320 1856 1358 :
1890 1312 2073 1372 postu-

482 1380 668 1468 latque
703 1407 907 1462 errata,
939 1413 1058 1467 qua:
1109 1398 1277 1452 morbi
1309 1398 1460 1461 vitio,
1491 1408 1552 1453 ut
1598 1397 1676 1461 ﬁt,
1727 1395 2071 1460 accidissent,

483 1492 609 1545 lima
640 1506 734 1546 sua
758 1493 1026 1546 emendet.
1062 1490 1316 1559 Reliquos
1351 1505 1540 1544 omnes
1569 1489 1756 1550 libros,
1791 1501 1928 1554 quos
1953 1485 2073 1554 qni-

485 1585 604 1637 dent
651 1599 747 1639 nos
797 1585 1050 1651 vidimus,
1107 1583 1413 1654 Menophilo
1457 1597 1670 1637 rursum
1725 1595 1896 1652 usque
1920 1578 1986 1634 ad
2027 1579 2070 1632 Ω

485 1678 704 1734 obtulit.

557 1767 700 1826 Utile
752 1781 882 1822 sane
911 1766 1013 1822 hoc
1057 1781 1192 1836 opus
1218 1779 1340 1821 esse
1372 1771 1608 1828 constat,
1648 1777 1770 1818 cum
1795 1761 2067 1818 scribendi

485 1870 598 1914 tum
643 1859 781 1914 bene
810 1859 1018 1914 dicendi
1050 1858 1326 1913 studiosis.
1381 1856 1650 1912 Collectas
1699 1865 1878 1910 autem
1925 1869 1954 1908 a
2007 1869 2068 1910 se

481 1963 644 2005 voces
679 1950 868 2020 101b
903 1950 969 2004 ad
1024 1950 1167 2005 hunc
1199 1950 1415 2003 modum
1447 1950 1756 2004 discernere
1787 1962 1846 2002 se
1883 1948 1978 2013 ait,
2009 1957 2070 2001 ut

482 2039 603 2093 alias
643 2041 948 2096 oratoribus
981 2039 1310 2105 tribuantur,
1350 2037 1469 2092 alia:
1505 2038 1777 2094 historicis
1805 2038 2066 2092 addican-

483 2139 593 2195 tur,
613 2131 732 2185 alia:
753 2131 1006 2186 familiari
1035 2140 1290 2202 aptentur
1306 2131 1543 2187 sermoni
1569 2147 1586 2197 ;
1617 2129 1872 2185 nonnulla
1903 2128 2065 2184 etiam

482 2224 742 2278 vocabula
776 2224 1029 2279 convitiis
1079 2223 1444 2288 subserviant,
1479 2224 1546 2278 ad
1576 2223 1713 2304 hach
1739 2230 1794 2278 et
1836 2222 1888 2276 in
1921 2237 2069 2274 ama-

483 2317 638 2370 toriis
669 2315 1047 2370 adhibeantur.
1078 2314 1290 2371 Sinceri
1317 2317 1510 2371 deinde
1557 2327 1610 2371 et
1666 2317 1785 2386 puri
1817 2325 1871 2371 et
1900 2313 2064 2370 Attici

480 2407 750 2463 sermonis
786 2408 1054 2477 regulam,
1093 2422 1336 2462 normam
1387 2417 1551 2478 atque
1596 2407 1902 2476 exemplum
1946 2419 2067 2462 esse

477 2499 987 2571 praestantissimum
1029 2499 1165 2564 vult,
1215 2498 1496 2554 Platonem
1543 2509 1708 2568 atque
1746 2497 2066 2553 Demosthe-

479 2608 627 2658 nem,
667 2607 788 2647 cnm
826 2591 1034 2662 reliquo
1067 2608 1256 2646 novem
1296 2591 1518 2647 Graeciae
1549 2602 1822 2647 oratorum
1875 2593 2065 2657 choro,

477 2684 847 2757 Thucydidem
901 2699 1115 2755 quoque
1162 2696 1218 2738 et
1271 2683 1706 2755 Xenophontem,
1748 2693 1802 2738 et
1853 2681 2068 2737 Eschi-

479 2785 603 2834 item
622 2777 735 2848 (48)
757 2778 904 2831 illum
929 2775 1149 2848 Lysanii
1170 2775 1338 2831 lilium
1362 2775 1698 2832 Socraticum
1721 2775 2064 2845 appellatum.

476 2867 703 2924 Critiam
751 2869 882 2923 item
915 2868 1205 2924 Calmschri
1263 2869 1430 2922 lilinnt
1461 2878 1517 2924 et
1543 2867 1916 2923 Antisthenem
1943 2880 2065 2919 cum

477 2960 752 3032 aerumnis
783 2958 900 3026 ejus
929 2959 1265 3014 orationibus
1299 2960 1506 3015 duabus
1529 2959 1598 3015 de
1628 2958 1755 3030 Cyri
1783 2966 1838 3012 et
1861 2955 2066 3028 Ulyssis

477 3052 746 3107 laudibus.
793 3051 834 3105 E
867 3051 1115 3116 comicis,
1143 3053 1560 3122 Aristophanem
1610 3065 1731 3104 cum
1782 3051 1896 3103 suis
1925 3048 2061 3117 (49),

2173 571 2446 625 ἐλάσαντα
2471 569 2695 641 ὀἥψατο
2719 571 2828 641 γὰρ
2855 571 2883 623 6
2905 568 3102 638 φθόνος
3132 569 3224 623 ὑπ’
3267 571 3426 625 ἐνίων
3448 571 3738 642 πεμπόμε-

2170 678 2264 725 νος
2297 661 2395 715 καὶ
2435 660 2790 729 Ἀριστείδου,
2817 659 3005 733 ὥσπερ
3035 660 3131 714 καὶ
3154 660 3331 715 ἄλλων
3361 661 3575 715 πολλῶν
3609 680 3739 717 πα.-

2171 753 2287 825 δείᾳ
2317 751 2728 822 διενεγκόντων.
2773 751 2916 805 Ἀλλ’
2947 753 2977 806 6
3011 752 3111 822 μὲν
3128 752 3411 817 ἑνδέκατος
3429 753 3740 826 Μηνοδώρῳ

2173 844 2608 916 ἐπιπεφώνηται’
2630 843 2740 898 τῶν
2758 844 2815 898 δέ
2835 843 3053 916 ἐφεξῇς,
3092 844 3180 898 ῐνα
3207 845 3281 916 μὴ
3309 845 3406 898 καὶ
3433 846 3597 916 ἡμεῖς
3618 845 3741 899 κατ’

2173 937 2378 991 ἐκεῖνον
2401 935 2723 1005 πολυλογίας
2742 937 2921 990 αἰτίαν
2940 936 3224 1008 λάϐοιμεν,
3238 939 3266 990 6
3287 937 3384 1006 μὲν
3414 936 3650 1007 Ῥηγίνῳ
3672 938 3736 1004 ⁸⁸,

2173 1030 2201 1083 6
2226 1029 2283 1084 δὲ
2312 1029 2474 1083 πάλιν
2516 1027 2875 1099 Ἀριστοκλεῖ,
2909 1031 2936 1082 6
2967 1029 3025 1082 δέ
3057 1027 3341 1100 Βασιλείδη
3370 1028 3450 1101 τῷ
3488 1029 3740 1100 Μιλησίῳ

2175 1123 2401 1190 σοφιστῇ
2474 1120 2874 1192 προσεφωνήθη
2902 1119 2969 1185 ⁸³,
2999 1122 3058 1174 ἐν
3107 1113 3151 1188 ᾧ
3181 1136 3348 1190 φησιν
3401 1120 3601 1175 αὐτίκα
3646 1121 3739 1174 τοῦ

2172 1205 2447 1281 ἀνακύψαι
2463 1211 2563 1281 τῆς
2588 1211 2747 1266 νόσου
2768 1211 3099 1282 ποιήσασθαι
3122 1212 3220 1283 τὴν
3247 1211 3383 1282 πρὸς
3412 1213 3575 1268 αύτδν
3607 1230 3742 1284 γρα-

2175 1304 2304 1375 φὴν,
2337 1305 2433 1358 καὶ
2455 1305 2688 1359 αἰτεῖται
2717 1304 2828 1359 τῶν
2854 1305 2944 1359 διὰ
2976 1303 3074 1375 τὴν
3096 1304 3250 1358 νόσον
3279 1303 3377 1374 (ὡς
3396 1304 3566 1375 εἰκός)
3592 1303 3741 1372 αὐτῷ

2171 1397 2232 1449 ἐν
2280 1395 2360 1467 τῷ
2413 1397 2701 1468 γράμματι
2763 1396 3234 1468 παρασφαλέντων
3306 1395 3576 1450 ἐπιθεῖναι
3644 1394 3740 1466 τὴν

2170 1486 2480 1558 διόρθωσιν.
2519 1488 2583 1542 Ol
2608 1487 2666 1542 δὲ
2691 1485 2870 1542 λοιποὶ
2899 1487 3217 1556 σύμπαντες
3242 1485 3414 1555 λόγοι,
3451 1483 3547 1548 οὓς
3579 1485 3739 1555 ἡμεῖς

2170 1580 2509 1651 ἀνέγνωμεν,
2541 1579 2619 1650 τῷ
2645 1579 2942 1652 Μηνοφίλῳ
2960 1578 3124 1634 πάλιν
3152 1577 3316 1651 μέχρι
3351 1575 3495 1632 τοῦω
3550 1574 3741 1630 ἀνετέ-

2172 1671 2369 1742 θησαν.
3577 1701 3580 1704 ~

2243 1766 2530 1838 Χρήσιμον
2557 1764 2616 1819 δὲ
2642 1763 2884 1836 δηλονότι
2909 1763 2972 1819 τὸ
3003 1763 3206 1836 βιϐλίον
3237 1765 3351 1827 τοῖς
3390 1781 3451 1819 τε
3493 1764 3739 1837 συγγρά-

2097 1837 2141 1895 B
2171 1875 2293 1930 φειν
2320 1859 2418 1912 καὶ
2453 1857 2772 1932 ῥητορεύειν
2802 1858 3098 1913 ἐθέλουσιν.
3151 1857 3281 1930 [1⁸15
3328 1855 3422 1929 Η.)
3457 1858 3628 1920 Αὐτὸς
3681 1858 3739 1912 δὲ

2166 1949 2543 2022 διακρίνεσθαί
2574 1967 2708 2021 φησι
2739 1950 2840 2016 τὰς
2883 1949 3310 2021 συνειλεγμένας
3360 1948 3509 2020 αὐτῷ
3556 1949 3739 2020 φωνὰς

2165 2041 2359 2095 τοῦτον
2386 2041 2480 2096 τὸν
2523 2041 2729 2113 τρόπον
2760 2058 2775 2073 ο
2839 2040 2939 2105 τὰς
2974 2041 3074 2112 μέν
3105 2041 3215 2114 γὰρ
3256 2040 3436 2096 αὐτῶν
3480 2043 3738 2113 ῥήτορσιν

2167 2135 2544 2202 ἀποδεδόσθαι,
2606 2135 2707 2199 τὰς
2750 2135 2806 2190 δέ
2851 2139 2966 2200 τοῖς
3020 2137 3395 2207 συγγράφουσι
3415 2137 3482 2199 ⁸⁸,
3537 2135 3639 2198 τάς
3679 2134 3736 2188 δέ

2169 2229 2477 2294 συνουσίαις
2505 2230 2859 2299 ἐφαρμόζειν,
2892 2229 3039 2293 ἐνίας
3067 2230 3122 2283 δὲ
3175 2230 3270 2283 καὶ
3306 2229 3386 2292 είς
3440 2228 3540 2292 τὰς
3592 2244 3739 2280 σκω-

2167 2319 2369 2382 ’κακὰς
2394 2318 2704 2388 ὑπάγεσθαι
2728 2319 2938 2383 λαλιὰς,
2958 2319 2991 2390 ἢ
3013 2320 3109 2373 καὶ
3136 2321 3217 2382 εἰς
3240 2319 3425 2382 τοὺς-⁸⁵
3440 2317 3739 2390 ἐρωτικοὺς

2167 2408 2495 2480 ἐκφέρεσθαι
2515 2409 2775 2480 τρόπους.
2806 2408 3149 2480 Είλικρινοῦς
3171 2408 3340 2463 δὲκαὶ
3368 2406 3616 2478 καθαροῦ
3647 2407 3740 2462 καὶ

2183 2503 2436 2556 Ἀττικοῦ
2467 2503 2627 2570 λόγου
2658 2502 2891 2566 κανόνας
2938 2501 3035 2556 καὶ
3069 2502 3321 2572 στάθμας
3349 2500 3446 2555 καὶ
3476 2501 3741 2571 παράδειο

2167 2595 2285 2666 γμά
2312 2611 2476 2666 φησιν
2502 2594 2722 2665 ἄριστον
2735 2594 2999 2649 Πλάτωνά
3019 2610 3076 2647 τε
3096 2592 3191 2648 καὶ
3218 2592 3570 2665 Δημοσθένην
3604 2591 3742 2662 μετὰ

2168 2687 2263 2740 τοῦ
2297 2687 2590 2761 ῥητορικοῦ
2621 2686 2729 2742 τῶν
2779 2687 2934 2740 ἐννέα
2962 2685 3149 2758 χοροῦ,
3197 2685 3528 2756 Θουκυδίδην
3557 2702 3620 2738 τε
3650 2684 3742 2739 καὶ

2167 2779 2489 2850 Ξενοφῶντα
2515 2780 2611 2833 καὶ
2645 2777 2904 2849 Αἰσχίνην
2934 2777 3027 2831 τὸν
3059 2777 3326 2831 Λυσανίου
3360 2777 3452 2830 τὸν
3507 2776 3742 2846 Σωκρα-

2165 2871 2340 2936 τικὸν,
2377 2870 2508 2943 [528
2527 2868 2621 2941 R.]
2653 2869 2882 2942 Κριτίαν
2916 2885 2976 2923 τε
3017 2868 3108 2922 τὸν
3146 2867 3527 2939 Καλλαίσχρου
3561 2868 3611 2900 ⁸⁸
3645 2867 3742 2922 καὶ

2179 2962 2527 3032 Ἀντισθένην
2561 2961 2698 3033 μετά
2715 2961 2824 3015 τῶν
2845 2961 3088 3033 γνησίων
3115 2960 3278 3015 αὐτοῦ
3295 2961 3386 3014 δύο
3414 2961 3618 3029 λόγων,
3647 2960 3741 3014 τοῦ

2166 3055 2297 3124 περὶ
2321 3052 2508 3124 Κύρου
2531 3054 2628 3107 καὶ
2655 3054 2750 3106 τοῦ
2775 3054 2903 3125 περὶ
2951 3053 3266 3117 Ὀδυσσείας
3289 3054 3357 3086 θ’·
3393 3053 3507 3106 τῶν
3557 3051 3742 3124 μέντοι

481 3145 570 3198 ubi
590 3145 804 3214 quidem
821 3145 1032 3200 Atticos
1055 3145 1357 3201 imitentur.
1384 3145 1458 3200 De
1480 3143 1718 3212 tragicis,
1743 3140 2062 3213 Eschylum

2170 3145 2448 3218 κωμῳδῶν
2495 3146 2891 3217 Ἀριστοφάνην
2943 3146 3081 3217 μετά
3131 3145 3229 3199 τοῦ
3275 3145 3501 3209 οἰκείου,
3547 3146 3611 3198 ἐν
3661 3139 3742 3210 οἷς

476 3237 626 3292 illum
659 3238 892 3292 maxime
919 3237 1328 3308 grandiloquum
1359 3253 1423 3292 ac
1462 3237 1785 3307 Sophoclem
1817 3248 2060 3300 suavem,

475 3341 527 3384 et
557 3346 948 3399 usquequaque
1001 3330 1300 3401 sapientem
1356 3331 1690 3407 Euripidem.
1722 3330 1832 3385 Hos
1853 3329 2064 3384 czeteris

477 3424 730 3478 omnibus
774 3425 1054 3491 anteponit
1086 3424 1201 3479 sive
1246 3416 1574 3490 oratoribus,
1625 3423 1740 3479 sive
1789 3422 2063 3477 historicis

471 3514 590 3567 sive
637 3517 828 3582 poetis.
877 3513 956 3568 Ex
989 3513 1075 3568 his
1117 3525 1292 3568 tamen
1325 3529 1539 3569 rursum
1568 3513 1780 3568 caneris
1822 3510 2062 3582 praefert,

475 3620 630 3674 quos,
655 3606 750 3670 ait,
777 3621 843 3660 ne
873 3606 987 3674 ipse
1016 3606 1232 3676 quidem
1265 3607 1472 3662 Momus
1501 3605 1926 3675 reprehenderit,
1963 3615 2056 3659 aut

473 3697 697 3752 omnino
746 3698 1036 3753 accesserit
1064 3715 1080 3764 ;
1111 3713 1216 3752 non
1256 3699 1422 3753 etiam
1451 3699 1496 3753 si
1527 3699 1759 3752 maxime
1787 3697 1917 3751 deus
1951 3696 2058 3761 ille,

473 3808 635 3863 quem
666 3791 976 3863 Corycmnm
1005 3793 1117 3863 (50)
1150 3793 1343 3850 fabulae
1368 3795 1677 3865 indigitant,
1716 3793 1819 3848 illis
1852 3793 2060 3848 inhias-

473 3894 576 3940 set.
595 3883 870 3938 Platonem
896 3884 1116 3951 indicat,
1132 3885 1563 3951 Demosthenem,
1579 3897 1632 3940 et
1655 3885 1872 3957 Lysanii
1891 3884 2056 3939 lilium

474 3975 815 4042 Eschinem,
848 3989 1070 4049 propter
1115 3979 1273 4049 hujus
1312 3989 1515 4048 septem
1568 3978 1914 4046 Dialogorum
1942 3974 2055 4047 (51)

471 4069 843 4122 excellentiam
896 4087 910 4124 :
968 4085 1106 4139 quos
1165 4072 1327 4126 etiam
1379 4070 1596 4140 quidam
1658 4068 1878 4138 scriptis
1940 4065 2057 4136 ejus

473 4162 795 4228 eximenles,
837 4162 904 4217 ad
939 4161 1219 4220 Socratem
1247 4163 1511 4219 referunt.
1557 4161 1663 4218 Sed
1709 4161 1822 4216 haec
1871 4161 2057 4216 hacte-

471 4267 594 4308 nus.

543 4343 789 4414 Scriptor
833 4343 944 4409 hic,
981 4345 1026 4399 si
1059 4345 1178 4414 quis
1210 4344 1370 4411 alius,
1404 4343 1555 4400 varia
1599 4344 1797 4399 tinctus
1829 4352 1912 4399 est
1957 4346 2054 4399 dod

469 4435 662 4499 ctrina,
699 4435 959 4492 verbosus
986 4437 1204 4506 alioqui,
1258 4447 1314 4492 et
1364 4439 1578 4492 modmn
1621 4438 1930 4494 excedendo
1975 4454 2054 4494 re—

2089 3193 2136 3252 C

2164 3239 2524 3304 ἀττικίζουσι,
2559 3237 2744 3310 χοροῦ,
2763 3239 2858 3291 καὶ
2894 3239 3002 3291 τῶν
3030 3236 3312 3307 τραγικῶν
3349 3237 3622 3307 Αἰσχύλον
3650 3237 3741 3290 τὸν

2167 3331 2681 3402 μεγαλοφωνότατον
2712 3330 2805 3384 κα)⁸
2831 3330 3106 3400 Σοφοκλέα
3144 3329 3235 3383 τὸν
3283 3329 3490 3397 γλυκὺν
3521 3331 3620 3382 καὶ
3650 3329 3740 3382 τὸν

2163 3425 2437 3494 πάνσοφον
2465 3424 2784 3495 Εὐριπίδην.
2817 3423 3055 3488 Τούτους
3087 3423 3397 3492 προκρίνων
3421 3420 3530 3474 τῶν
3561 3420 3739 3474 ἄλλων

2160 3517 2419 3572 ἁπάντων
2443 3517 2540 3571 καὶ
2562 3516 2806 3589 ῥητόρων
2835 3515 2930 3570 καὶ
2965 3513 3326 3587 συγγραφέων
3345 3514 3441 3567 καὶ
3471 3513 3735 3583 ποιητῶν,

2160 3611 2221 3677 ἐξ
2245 3611 2424 3665 αὐτῶν
2471 3611 2635 3664 πάλιν
2667 3609 2978 3681 προτάττει,
3013 3607 3107 3672 οὓς
3139 3607 3227 3672 ἂν,
3263 3606 3448 3678 φησὶν,
3478 3605 3590 3659 οὐδ’
3640 3605 3738 3661 αὖ-

2159 3706 2250 3770 τὸς
2277 3706 2306 3759 6
2335 3705 2543 3776 Μῶμος
2576 3702 3023 3774 καταμέμψαιτο,
3078 3700 3186 3755 οὐδ’
3216 3700 3268 3754 εἰ
3309 3718 3392 3764 τις
3445 3699 3661 3770 δαίμων
3707 3700 3738 3752 ό

2163 3796 2622 3868 μυθολογούμενος
2676 3796 2999 3866 Κωρυκαῖος
3053 3794 3104 3846 εἰ
3157 3792 3475 3862 ἐπεγχὰνοι,
3533 3791 3737 3863 χαιρή-

2162 3905 2305 3941 σειεν
2331 3887 2376 3920 “
2407 3904 2423 3920 ο
2458 3879 2602 3940 οὗτοι
2633 3885 2679 3939 δ’
2709 3885 2816 3939 εἰσί
2845 3885 3068 3938 Πλάτων
3124 3883 3218 3937 καὶ
3249 3882 3605 3954 Δημοσθένης
3638 3881 3736 3934 καὶ

2156 3980 2185 4032 6
2210 3979 2304 4033 τοῦ
2336 3979 2603 4033 Λυσανίου
2633 3977 2896 4048 Αἰσχίνης
2921 3975 2990 4029 δι’
3027 3974 3225 4046 ἀρετὴν
3261 3974 3371 4027 τῶν
3423 3972 3565 4026 ἑπτὰ
3604 3976 3736 4025 Δια-

2159 4072 2352 4141 λόγων,
2383 4071 2419 4126 ἀ
2451 4070 2546 4124 καὶ
2576 4069 2965 4140 ἀφαιρούμενοί
3023 4083 3168 4129 τινες
3201 4065 3311 4120 τῶν
3362 4065 3738 4136 συγγραμμά-

2157 4181 2264 4216 των
2299 4163 2580 4235 Σωκράτει
2602 4160 3026 4234 προσνέμουσιν.
3060 4157 3204 4212 Ἀλλ’
3235 4161 3292 4212 ἐν
3311 4157 3552 4228 τοσούτῳ
3603 4157 3739 4229 περὶ

2154 4254 2379 4310 τούτων.

2232 4348 2392 4402 Ἐστι
2423 4344 2482 4399 δὲ
2527 4346 2556 4398 6
2589 4343 2959 4416 συγγραφεὺς,
2994 4345 3047 4397 εἰ
3092 4359 3200 4408 τις,
3229 4339 3736 4411 πολυμαθέστατος,

2155 4439 2330 4501 ἄλλως
2359 4437 2417 4491 δὲ
2460 4435 2620 4498 λάλος
2656 4436 2753 4489 καὶ
2779 4435 3034 4506 περιττός
3066 4450 3082 4466 ο
3113 4435 3209 4488 καὶ
3250 4431 3358 4502 γὰρ
3393 4431 3486 4485 καὶ
3521 4429 3739 4500 ταύτην

467 4527 733 4582 dnndans.
772 4528 1060 4584 Enimvero
1095 4531 1266 4600 ipsum
1299 4530 1400 4585 hoc
1431 4544 1587 4600 opus,
1623 4530 1757 4584 nihil
1798 4545 2052 4585 necessa-

2170 4535 2256 4602 τὴν
2295 4530 2702 4601 πραγματείαν,
2769 4529 2908 4599 μετά
2955 4526 3050 4581 τοῦ
3084 4526 3250 4598 μηδὲν
3273 4527 3382 4578 τῶν
3413 4522 3740 4591 ἀναγκαίων

469 4617 672 4672 riorum
697 4621 1017 4688 omittendo,
1050 4623 1234 4692 quinta
1285 4624 1448 4678 totius
1475 4632 1629 4693 parte
1668 4625 1842 4693 potuit
1871 4624 2049 4680 absol-

2159 4625 2507 4695 παραλιπεῖν,
2561 4622 2678 4676 ἐνὸν
2747 4620 2867 4693 μηδ’
2910 4621 2990 4682 εἰς
3036 4619 3284 4689 πέμπτον
3310 4617 3354 4650 ⁸⁸
3410 4617 3574 4686 μέρος
3635 4612 3737 4666 τοῦ

467 4711 632 4776 visse,
658 4727 779 4767 cum
814 4715 1031 4770 interim
1064 4717 1198 4787 ipse,
1224 4717 1596 4788 intempestiva
1632 4732 1728 4771 sua
1755 4717 2046 4772 verborum

2170 4717 2276 4770 5).ου
2305 4715 2736 4786 συγγράμματος
2763 4713 3085 4785 ἀπαρτίσαι,
3127 4709 3290 4774 αὐτὸς
3351 4705 3739 4778 ἀκαιρολογῶν

465 4805 802 4876 profusione,
839 4809 1081 4866 inutilem
1139 4812 1443 4867 extenderit
1493 4811 1545 4866 in
1598 4812 1923 4866 vastitatem.
1966 4809 2044 4866 Ita

2170 4811 2235 4872 εἰς
2297 4807 2500 4878 πλῆθος
2553 4807 2784 4872 ἐξέτεινε
2843 4804 3200 4875 δύσχρηστον,
3261 4801 3357 4855 καὶ
3401 4797 3570 4853 καλοῦ
3633 4798 3736 4851 καὶ

441 4895 594 5010 ¹«ιιιηι
646 4898 910 4970 elegantis
979 4917 1043 4957 ac
1069 4915 1309 4959 venusta:
1361 4906 1624 4973 oratipnis
1679 4905 1868 4959 silvam
1923 4903 2045 4960 aliis

2170 4901 2356 4975 bpalou
2429 4901 2590 4971 λόγου
2644 4899 2777 4971 ὓλην
2858 4898 3040 4962 ἄλλοις
3117 4893 3485 4966 συναθροίζων
3565 4891 3737 4954 αὐτὸς

1744 5058 1980 5116 νΑιιιΑζ
2005 5058 2389 5116 LECTIONES
2428 5093 2450 5114 .

586 5149 632 5180 “
702 5145 922 5232 Ῥιγλίνῳ
976 5168 1037 5214 ς.
1107 5151 1179 5232 cf:
1237 5151 1441 5232 Vales.“
1483 5153 1610 5208 add.
1669 5151 1738 5232 _i_n
1810 5162 2000 5232 auuol.
2052 5152 2120 5232 ad
2170 5151 2398 5232 socrat._
2431 5166 2487 5232 ιχ.
2531 5148 2619 5204 44.
2700 5148 2763 5204 C.
2813 5149 3095 5232 ed.“Ams.1

462 5219 598 5291 νήθη
637 5237 696 5284 ς.
792 5211 836 5252 δ’
864 5211 1238 5292 σύγγραφεῦσι
1300 5223 1562 5291 Scaliger.
1669 5222 1713 5254 ⁸⁵
1743 5222 1869 5279 τοὺς
1899 5223 2022 5277 add.
2051 5225 2117 5277 Α.
2223 5224 2270 5255 ⁸⁸
2295 5211 2638 5292 Καλαίσχρου
2671 5237 2732 5284 ς.
2832 5219 2876 5250 ⁸⁷
2907 5219 3105 5288 ὸδυσσῆ
3147 5213 3238 5297 τζιν
3264 5242 3338 5254 --
3360 5211 3630 5283 κωμῳδον
3663 5227 3731 5273 ς·-

461 5291 507 5321 ⁶⁸
547 5291 860 5361 χαιρήςιειεν
885 5292 928 5343 Α
994 5303 1206 5362 t-tcorr.
1242 5291 1302 5353 (Ξ,
1346 5293 1435 5362 qui
1478 5307 1559 5359 pr.
1590 5292 1920 5362 χαρῥήσειεν
1967 5311 1980 5346 :
2035 5295 2336 5362 χωρήσειεν
2371 5311 2430 5357 ς.
2466 5290 2713 5346 Leichius
2743 5289 3048 5361 χωρίσειεν,
3085 5299 3288 5343 omisso
3313 5284 3460 5354 (ante
3485 5281 3734 5350 ἐπεγχά-

461 5293 507 5321 ⁶⁸
547 5293 860 5375 χαιρήσειεν
885 5293 928 5343 Α
994 5303 1206 5374 t-tcorr.
1242 5293 1302 5353 ϐ,
1346 5293 1435 5362 qui
1478 5293 1920 5373 ιηκχαρῥήσειεν
1967 5311 1980 5346 :
2035 5295 2336 5375 χωρήσειεν
2371 5311 2430 5374 ς.
2466 5293 2713 5346 Leichius
2743 5293 3048 5361 χωρίσειεν,

457 5375 548 5414 νοι
575 5378 643 5416 ει.
738 5362 786 5394 ⁸⁸
813 5362 1064 5432 πέμπτον
1113 5361 1172 5414 ἐν
1208 5377 1354 5418 corr.
1395 5365 1461 5426 A,
1494 5379 1584 5430 qut
1631 5361 1760 5432 qutd
1792 5377 1875 5432 pr.
1913 5362 2183 5427 habuerit,
2209 5379 2316 5417 non
2359 5363 2544 5432 hqnet.

2009 5477 2243 5533 NOTAE.

2957 5149 3129 5202 Amst.
3254 5143 3302 5177 “
3357 5156 3735 5214 προσεπεφω-

2147 5570 2201 5624 In
2242 5569 2435 5638 quibus
2458 5578 2512 5624 et
2541 5570 2834 5631 Axiochus,
2863 5583 2956 5622 seu
2982 5568 3058 5622 De
3082 5576 3279 5638 morte,
3316 5564 3390 5638 ab
3419 5559 3731 5638 Harpocra-

2142 5631 2286 5709 tione
2310 5654 2526 5709 quoque
2559 5643 2732 5694 eidem
2754 5640 3036 5709 tributus;
3063 5637 3161 5709 etsi
3226 5634 3406 5709 hodie,
3437 5633 3532 5709 sed
3566 5631 3731 5688 lalso,

2138 5700 2348 5767 Platoni
2377 5700 2720 5768 adscribitur.
2753 5707 2886 5766 Vide
2921 5719 2976 5766 et
3005 5706 3222 5763 Suidam
3251 5709 3302 5759 in
3326 5700 3620 5759 Eschine.

528 5564 642 5638 (48)
673 5565 747 5638 De
768 5580 875 5636 quo
905 5566 1032 5622 item
1062 5583 1213 5638 supr.
1239 5570 1359 5626 cod.
1385 5568 1474 5624 61.

529 5635 642 5701 (49)
675 5635 886 5690 Veteris
919 5635 1197 5694 comoedia:
1226 5641 1601 5704 scriptoribus.

671 5704 803 5779 Vide
836 5705 1054 5779 Suidam
1080 5719 1134 5779 et
1161 5711 1384 5779 Atlagia.

523 5774 642 5846 (5|)
667 5774 812 5841 Quos
851 5775 904 5831 in
930 5777 1046 5848 ejus
1079 5778 1198 5834 Vita
1227 5774 1410 5839 Laert.
1438 5781 1699 5852 Diogenes
1731 5787 2034 5837 enumetat.
