3932 6240
300 284 398 350 433
1389 289 1911 357 BIBLIOTHECA.
1940 319 2008 336 -
2043 297 2255 360 CODD.
2287 299 2485 361 CLIX.
3474 310 3571 375 431

314 396 370 449 οὐ
430 392 551 447 λίαν
603 394 842 467 τοιούτῳ
894 396 1021 468 περὶ
1069 396 1245 452 αὐτῶν
1306 398 1664 469 ἀπαγγέλλων
1726 404 1860 476 ὲχρή

2017 409 2322 478 tccumnlat,
2388 426 2455 466 ne
2503 410 2592 465 illa
2639 412 2856 481 quidem
2910 415 3048 484 ipsa,
3100 419 3166 474 de
3214 434 3318 488 qua
3364 429 3570 483 casteria

312 491 520 546 “701”
1992 510 2259 570 praecepta
2296 501 2476 566 tradit,
2508 510 2654 558 recte
2691 507 2824 559 satis
2861 502 3203 578 Phrynichus
3230 522 3315 567 est
3348 528 3498 570 usus.

1023 586 1195 643 PNG'.
2690 594 2873 653 CLIX.

321 675 703 746 Ἰσοκράτους
726 676 835 732 τοῦ
857 677 1117 802 ῥήτοῖοὶς
1132 679 1330 802 (βόα-οι
1371 686 1486 743 κα’,
1515 679 1615 734 καί
1641 680 1874 736 emoto-

1034 768 1072 802 a
1187 790 1200 802 .

1838 699 1890 736 9-
2162 679 2419 737 Isocratis
2461 682 2742 739 Orationes
2780 701 2894 741 ut.
2942 698 2988 741 et
3023 688 3284 758 Episton
3316 709 3391 753 IL

376 842 772 913 Ἀνεγνὼσθηη
792 844 1130 915 Ἰσοκράτους
1147 845 1242 898 τοῦ
1266 846 1493 917 ῥήτορος
1506 850 1681 919 Λόγοι
1701 847 1784 904 κα⁹
1798 853 1889 904 καὶ

2060 834 2311 906 Legimus
2361 839 2613 894 Isocratis
2671 844 2903 898 oratoris
2951 861 3109 898 unam
3168 865 3333 916 supra
3387 852 3568 918 viginti

310 933 627 989 Ἐπιστολαὶ
659 934 723 992 Θ’.
742 936 1202 1007 Συμϐουλευτικοὶ
1238 939 1336 1009 μὲν
1364 940 1471 992 τῶν
1500 942 1665 995 αὐτοῦ
1716 943 1863 1011 λόγω

2012 930 2291 996 ὶναιὶοηεδ,
2330 943 2379 986 et
2417 931 2685 1001 Epistolas
2729 952 2927 991 novem.
2976 937 3316 995 Dcliberativi
3350 945 3565 1012 quidem

308 1028 444 1079 εἰσὶν
489 1028 521 1082 ὃ
573 1045 635 1080 τε
689 1028 828 1100 πρὸς
858 1029 1164 1100 Δημόνικον
1216 1032 1312 1085 καὶ
1362 1034 1391 1087 ό
1418 1032 1553 1103 πρὸς
1590 1034 1861 1088 Νικοκλέα

2022 1021 2202 1077 eueris
2224 1024 2499 1078 orationes
2527 1026 2687 1079 habet
2727 1028 2793 1080 ad
2828 1028 3175 1084 Demonicum
3202 1042 3254 1085 et
3291 1034 3358 1085 ad
3410 1033 3570 1091 Nico-

309 1120 617 1189 χρησίμους
655 1122 1007 1189 παραινέσεις
1050 1124 1418 1193 περιέχοντες,
1451 1127 1542 1178 καὶ
1572 1125 1651 1178 ἔτι
1687 1129 1715 1180 6
1769 1128 1860 1180 δεύ

2021 1116 2148 1179 lem,
2207 1132 2327 1185 qua:
2375 1118 2773 1172 admonitiones
2820 1123 3098 1176 continent
3154 1126 3454 1194 perutiles;
3515 1140 3569 1184 et

308 1228 463 1281 τερος
494 1214 635 1282 πρὸς
669 1214 942 1267 Νικοκλέα
968 1215 1063 1268 καὶ
1083 1216 1111 1268 6
1131 1218 1172 1247 τ’
1204 1216 1341 1284 Περὶ
1374 1215 1480 1284 τῆς
1494 1219 1757 1286 εἰρήνης.
1781 1221 1861 1272 Κα

2010 1206 2211 1261 ιιιοτειιιι
2264 1207 2391 1261 item
2432 1209 2497 1263 ad
2543 1208 2839 1275 Nicoclem,
2872 1226 3143 1283 unamque
3177 1214 3287 1286 (52)
3323 1215 3396 1269 De
3418 1235 3563 1285 pace.

306 1300 771 1370 ὀΠανηγυρικὸς
796 1304 851 1356 δὲ
876 1305 1078 1358 σκοπὸν
1108 1306 1255 1376 ἔχειν
1290 1308 1599 1363 ὑποτίθεται
1627 1309 1726 1378 τὴν
1750 1328 1859 1381 συμ

2016 1297 2316 1370 ’anegyrica
2338 1313 2514 1356 autem
2539 1304 2639 1356 etsi
2654 1303 2740 1356 illa
2759 1306 3031 1374 proposita
3054 1306 3370 1363 deliberatio
3389 1312 3569 1365 videa-

307 1391 533 1464 ϐουλὴν,
560 1395 631 1447 δι’
649 1389 717 1467 ἦς
740 1396 967 1465 ὁμόνοιά
985 1416 1045 1451 τε
1074 1400 1209 1470 πρὸς
1231 1400 1496 1471 ἀλλήλους
1518 1405 1630 1466 τοῖς
1662 1402 1860 1473 Ἐλλησ

2011 1408 2092 1459 ur,
2123 1408 2227 1462 qua
2271 1393 2498 1460 Grmcis,
2523 1396 2815 1450 concordia
2850 1398 2992 1452 inter
3022 1399 3165 1468 ipsos
3194 1402 3347 1468 inita,
3380 1404 3564 1458 sociali

305 1488 399 1540 καὶ
433 1488 616 1552 κοινὸς
666 1490 695 1542 6
729 1489 865 1560 πρὸς
920 1492 1049 1555 τοὺς
1098 1492 1415 1564 βαρϐάρους
1469 1490 1858 1566 καταπραχθείι

2007 1486 2126 1540 pello
2181 1485 2449 1541 Barbaros
2505 1502 2624 1542 esse
2684 1491 3073 1557 oppugnandos
3129 1494 3560 1561 persuadeatur,

301 1578 545 1649 πόλεμος
575 1597 590 1612 '
633 1581 693 1633 τὸ
750 1582 807 1635 δὲ
851 1583 1104 1639 πλεῖστον
1176 1585 1272 1639 τοῦ
1311 1586 1471 1654 λόγου
1521 1588 1602 1649 εἰς
1653 1586 1721 1641 τὰ
1776 1588 1851 1641 τῶ

2009 1578 2183 1646 [02a
2208 1578 2363 1647 longe
2417 1588 2590 1633 tamen
2621 1581 2853 1633 maxima
2887 1581 3026 1635 illius
3065 1584 3324 1637 orationis
3352 1600 3475 1652 pars
3510 1587 3562 1641 in

311 1670 618 1741 Ἀθηναίων
649 1674 901 1746 ἐγκώμια
926 1678 1334 1747 κατατρίϐεται.
1383 1680 1494 1732 Καὶ
1537 1681 1566 1731 ό
1610 1682 1864 1747 Ἀρεοπα·

2004 1670 2390 1723 ttheniensium
2419 1669 2664 1725 laudibus
2719 1673 3064 1726 recensendis
3099 1684 3419 1742 consumpta
3454 1684 3557 1728 est.

298 1762 531 1831 τιτικός
588 1763 646 1816 δὲ
674 1765 783 1823 τῶν
830 1767 1306 1837 συμϐουλευτικῶν
1363 1770 1499 1831 ἐστὶ,
1553 1771 1848 1841 προτρέπω

2007 1760 2372 1830 lreopagiticus
2451 1776 2666 1831 quoque
2727 1761 2778 1815 in
2851 1764 3216 1817 suasoriarum
3287 1778 3560 1832 numero,

294 1854 423 1919 τοὺς
466 1856 785 1925 Ἀθηναίους
814 1858 900 1910 ἐπ’
929 1860 1132 1929 ἀρετὴν
1153 1859 1212 1926 ἐξ
1234 1860 1459 1913 ἐπαίνου
1496 1862 1596 1932 μὲν
1618 1864 1727 1918 τῶν
1748 1881 1847 1935 προ

2006 1854 2339 1911 ttheuienses
2383 1859 2448 1908 ad
2490 1856 2739 1910 virtutem
2792 1855 3003 1923 incitat,
3050 1874 3172 1912 cum
3222 1873 3250 1911 a
3296 1858 3559 1925 majorum

292 1947 629 2014 γεγονότων,
665 1951 1017 2020 καταδρομῆς
1044 1951 1101 2004 δὲ
1127 1951 1236 2004 τῶν
1267 1952 1346 2006 ἔτι
1375 1954 1453 2025 τῷ
1476 1955 1634 2024 ﬂigi"
1668 1957 1845 2029 περιόν

2006 1946 2247 2013 audihus,
2303 1957 2414 2001 tum
2487 1962 2674 2001 eorum
2724 1952 3188 2018 reprehensione,
3238 1951 3328 2020 qui
3383 1950 3559 2005 adhuc

291 2055 423 2092 των.
458 2041 573 2093 Καὶ
594 2044 621 2094 ὁ
637 2043 974 2109 Πλαταϊκός
1006 2044 1063 2096 δὲ
1088 2046 1542 2114 συμϐουλευτικός
1565 2050 1700 2103 ἐστι.
1722 2051 1831 2103 Καὶ

2003 2042 2297 2108 ηυροτδιίιθε
2330 2049 2529 2095 essent.
2580 2040 2859 2095 Plataicus
2917 2042 3043 2096 item
3093 2043 3404 2097 deliberatio
3449 2054 3556 2107 est,

288 2134 741 2203 ἐπιγραφόμενος
770 2137 825 2189 δὲ
844 2139 1203 2207 Ἀρχίδαμος
1240 2158 1300 2192 συ
1311 2118 1694 2209 μϐουλευτικός
1715 2145 1830 2197 ἐστι

2003 2133 2055 2185 Iti
2105 2141 2158 2186 et
2206 2132 2554 2186 Archidamus
2599 2136 2686 2201 qui
2742 2134 3073 2199 inscribitur,
3119 2134 3556 2190 Lacedzemonios

286 2229 667 2298 παρακαλεῖτδ
698 2229 1161 2299 Λακεδαιμονίους
1189 2231 1284 2283 ἐπὶ
1313 2231 1404 2283 τὸν
1424 2230 1545 2284 κατ’
1580 2232 1839 2301 Ἀθηναίω

2000 2223 2045 2278 ,ει
2080 2224 2276 2279 bellum
2321 2242 2441 2280 cum
2472 2227 2893 2283 Atheniensibus
2924 2228 3035 2300 (55)
3067 2244 3229 2298 super
3271 2228 3553 2285 Messcniis

284 2322 533 2391 πόλεμον
557 2322 700 2393 ὑπὲρ
730 2323 1051 2392 Μεσσηνίων
1073 2326 1138 2377 ⁷⁸.
1185 2325 1242 2377 '0
1271 2325 1328 2377 δὲ
1363 2324 1524 2379 Κατὰ
1548 2323 1668 2378 τῶν
1696 2330 1837 2395 Σοφι

2001 2316 2268 2383 :erendum
2302 2319 2569 2374 hortatur.
2598 2321 2667 2375 At
2702 2323 2878 2376 oratio
2925 2322 3011 2375 illa
3043 2320 3238 2375 Contra
3279 2322 3554 2387 Sophistas

282 2413 452 2467 στῶν
484 2414 932 2484 ἐπιγραφόμενος
958 2415 1263 2486 κατηγορία
1307 2416 1417 2467 τῶν
1469 2418 1835 2471 ἀντιπολιτευι

2003 2409 2255 2477 Inscripta,
2287 2411 2502 2465 eosdem
2539 2427 2566 2463 a
2595 2427 2653 2465 se
2684 2412 3008 2467 dissidentes
3040 2420 3282 2466 accusat.
3310 2411 3556 2481 Sequens

287 2503 476 2571 μένων
508 2502 661 2572 αὐτῴ
682 2503 799 2555 ἐστὶ
830 2504 1119 2573 σοφιστῶν.
1166 2505 1221 2558 ’0
1244 2505 1301 2557 δὲ
1331 2504 1532 2575 ἑφεξῆς
1553 2505 1711 2574 λόγος
1736 2506 1838 2559 Βου

2000 2500 2189 2567 leinde,
2250 2503 2390 2571 quod
2423 2503 2604 2558 titulus
2671 2504 2785 2572 ipse
2835 2503 3071 2572 praefert,
3120 2503 3405 2558 Busiriden
3442 2504 3553 2572 (54)

282 2597 497 2668 σίριδος
528 2596 679 2667 αὐτῷ
712 2598 862 2650 ἐστὶν
884 2597 1179 2667 ἐγκώμιον,
1223 2598 1412 2668 ῶσπερ
1441 2600 1535 2652 καὶ
1575 2600 1835 2669 ὲπιγὲγρα

2000 2594 2183 2648 audat.
2220 2592 2517 2649 Undecima
2573 2595 2867 2648 encomium
2896 2606 2979 2649 est
3014 2593 3251 2649 Helena’.
3290 2594 3553 2649 Duodeci-

276 2706 443 2745 πται.
463 2690 526 2743 '0
545 2689 604 2742 δὲ
637 2689 921 2752 ἑνδέκατος
936 2689 1187 2757 Ἑλένης
1223 2689 1530 2760 ἐγκώμιον.
1564 2692 1673 2744 Καὶ
1706 2694 1733 2745 ό
1772 2692 1829 2745 δυ

1999 2702 2061 2739 na
2092 2701 2220 2740 vero
2262 2684 2519 2756 Evagoraz
2550 2686 2684 2751 laus,
2719 2687 2863 2741 unde
2893 2696 2947 2740 et
2995 2685 3266 2755 Evagoras
3298 2685 3552 2742 inscribi-

277 2782 519 2845 δέκατος
551 2781 834 2851 Εὐαγόρου
868 2781 1163 2851 ἐγκώμιον,
1193 2782 1251 2845 ὃς
1279 2784 1590 2852 Εὐαγόρας
1636 2783 1830 2853 ὲπιγρό

2000 2791 2081 2835 ur.
2115 2774 2318 2830 Nicocli
2361 2775 2601 2846 ejusdem
2636 2776 2746 2830 lilio
2767 2776 3033 2831 dedicata.
3072 2775 3258 2831 Oratio
3295 2792 3551 2847 sequens,

279 2891 471 2941 φεται,
506 2874 1046 2945 προσπεφωνημένος
1094 2874 1351 2929 Νικοκλεῖ
1413 2874 1492 2946 τῷ
1536 2876 1661 2929 υίεί.
1704 2875 1762 2928 ὐ
1817 2875 1832 2928 ἰ

1997 2870 2059 2923 :ui
2111 2866 2341 2940 Philippi
2378 2867 2563 2924 titulus
2613 2879 2719 2934 est,
2766 2870 2995 2924 suasorii
3049 2886 3261 2923 rursum
3315 2872 3550 2939 generis,

280 2967 738 3038 ἐπιγραφόμενος
767 2968 1063 3034 Φίλιππος
1111 2967 1569 3037 συμϐουλευτικός
1617 2969 1755 3032 ἐστι,
1784 2968 1833 3020 Φξ

1998 2961 2278 3031 ἸιίΙίιὶρυιιι
2310 2961 2652 3027 adhortatur,
2681 2971 2739 3015 ut
2766 2970 2819 3015 et
2850 2959 3162 3015 Graecorum
3188 2962 3401 3036 studeat
3425 2978 3551 3017 cou-

281 3056 480 3128 λέππῳ
513 3056 905 3128 συμϐουλεύων
961 3059 1059 3127 τῆς
1087 3076 1145 3110 τε
1177 3058 1283 3111 τῶν
1331 3058 1600 3127 Ἐλλήνων
1650 3060 1834 3129 φροντί

1998 3056 2192 3120 :ordire,
2237 3063 2295 3108 et
2343 3055 2409 3109 de
2461 3054 2734 3109 communi
2789 3053 3052 3109 adversus
3092 3053 3363 3127 barbaras
3409 3053 3551 3110 Asiae

275 3149 829 3222 ζεινόμονοίαςμη
859 3149 960 3222 Η.]
1000 3150 1092 3203 καὶ
1146 3151 1246 3220 τῆς
1300 3149 1445 3204 κατὰ
1466 3150 1576 3203 τῶν
1620 3152 1677 3204 ὲν
1717 3150 1828 3203 Ἀσί

1998 3146 2518 3216 :eutesexpeditione
2543 3145 2843 3213 adjuvanda
2879 3148 3097 3217 cogitet.
3126 3144 3551 3201 Panathenaicus

275 3240 586 3311 βαρϐαρων
620 3243 1000 3310 συστρατείας.
1050 3241 1106 3293 '0
1129 3242 1185 3295 δὲ
1212 3240 1670 3308 Παναθηναΐκύς
1693 3241 1828 3309 ὲγκιὶ

1997 3238 2209 3293 audatio
2264 3248 2344 3294 est
2392 3240 2542 3294 urbis
2593 3240 2951 3305 Athenarum,
3007 3239 3381 3310 maiorumque
3434 3240 3550 3309 ejus

275 3337 411 3403 μιόν
433 3336 557 3385 ἐστι
571 3334 673 3401 τῆς
714 3333 1010 3403 Ἀθηναίων
1046 3334 1264 3395 πόλεως
1297 3333 1525 3387 καὶτῶν
1563 3334 1828 3404 προγόνωπ

1995 3330 2259 3385 llustrium
2307 3349 2323 3386 :
2379 3346 2538 3401 quam
2601 3346 2660 3387 se
2711 3334 2951 3388 scribere
3009 3332 3119 3405 (55)
3171 3332 3400 3403 coepisse
3451 3332 3547 3395 ait,

266 3426 338 3478 ὃν
359 3424 725 3495 ἀπάρξασθαι
765 3424 863 3495 μέν
892 3443 1024 3496 φησι
1060 3425 1404 3495 συγγράφειν
1430 3426 1754 3495 ἐνενήκοντα
1776 3443 1819 3479 κε

1994 3437 2145 3476 mnos
2195 3419 2305 3489 jam
2354 3431 2536 3476 natum
2586 3434 2820 3491 quatuor
2861 3435 2917 3478 et
2958 3426 3300 3495 nonaginta;
3357 3428 3547 3480 morbo

266 3519 569 3586 τεττάρων
602 3516 742 3569 ἐτῶν
772 3517 922 3586 ἄγων
947 3517 1183 3586 ἠλικίαν,
1213 3519 1368 3570 νόσου
1395 3518 1452 3569 δὲ
1476 3518 1724 3587 χαλεπῆς
1753 3536 1819 3589 τρ

1994 3523 2152 3566 intem
2191 3514 2339 3583 gravi
2373 3514 2662 3568 triennium
2698 3526 2950 3580 vexante,
2984 3516 3143 3572 tertio
3178 3517 3395 3571 demum
3421 3527 3547 3573 aute

265 3609 432 3662 ετίαν
461 3608 859 3678 κατασχούσης
888 3611 944 3661 ἐν
971 3608 1049 3679 τῷ
1078 3609 1417 3680 ἐνενηκοστῷ
1446 3609 1661 3680 ἑϐδόμῳ
1682 3611 1762 3671 εἰς
1781 3628 1818 3663 π

1987 3605 2321 3658 :entesintum
2340 3606 2517 3659 aetatis
2536 3620 2739 3660 annum
2769 3608 2836 3661 ad
2858 3608 3060 3663 exitum
3081 3624 3200 3663 eam
3229 3610 3540 3664 adduxisse.

268 3718 381 3772 ρας
404 3702 647 3769 ἀγαγεῖν
679 3700 771 3753 τὸν
802 3700 979 3769 λόγον.
1019 3701 1078 3754 Ὀ
1105 3701 1163 3755 δὲ
1189 3702 1329 3769 Περὶ
1362 3700 1474 3770 τῆς
1504 3700 1821 3756 ἀντιδόσεα

1992 3695 2155 3751 )ratio
2195 3711 2344 3759 vero.
2396 3697 2481 3751 cui
2514 3696 2591 3751 De
2618 3698 2997 3766 permutatione
3039 3699 3246 3763 titulus,
3274 3699 3545 3767 iudicialis

264 3792 737 3863 ἐπιγραφόμενος
781 3792 939 3862 λόγος
976 3793 1256 3857 δικανικός
1277 3811 1360 3857 τις
1404 3789 1544 3847 εἶναι
1574 3793 1741 3859 δοκεῖ,
1776 3811 1817 3846 κ‹

1993 3802 2090 3842 :sse
2131 3785 2363 3850 videtur,
2387 3788 2732 3859 continetque
2766 3794 3135 3859 purgationem
3181 3807 3395 3854 eorum,
3424 3791 3546 3861 qui-

264 3884 587 3950 ἀπολογίαν
616 3883 758 3954 ἔχων
784 3877 858 3937 ὧν
876 3885 1194 3955 Λυσίμαχος
1220 3884 1405 3949 κακῶς
1433 3881 1585 3937 εἷπεν
1624 3885 1817 3954 Ἰσοκρι

1991 3894 2070 3935 ius
2098 3877 2385 3935 Isocratem
2409 3878 2763 3951 Lysimachus
2794 3889 2938 3934 esset
2976 3880 3361 3935 calumniatus.
3395 3880 3544 3935 lianc

262 3991 401 4047 την.
425 3975 567 4047 [529
587 3972 682 4049 8.]
704 3975 811 4029 Δύο
843 3976 899 4029 δὲ
927 3978 1019 4030 καὶ
1037 3977 1368 4049 ὀγδοήκοντα
1399 3976 1540 4031 ἑτῶν
1572 3976 1688 4031 ὄντι
1713 3971 1815 4031 οὗτε

1990 3988 2114 4027 ιηηο
2150 3971 2327 4026 aatatis
2369 3971 2699 4041 octogesimo
2743 3972 2981 4027 secundo
3006 4012 3022 4038 ,
3069 3974 3376 4028 orationum
3429 3973 3543 4042 (56)

264 4067 429 4137 αὐτῷ
449 4068 498 4099 ⁷⁸
523 4067 786 4137 μέγιστος
827 4066 901 4120 ῶν
933 4067 1043 4121 τῶν
1092 4068 1268 4122 ἄλλων
1312 4071 1339 4121 6
1371 4067 1529 4136 λόγος
1571 4069 1817 4137 συνετάγπ

1989 4074 2282 4118 aeta-rarum
2334 4064 2626 4118 maximam
2673 4065 3017 4132 conscripsit,
3052 4075 3107 4119 et
3156 4067 3369 4120 mistam
3421 4065 3542 4134 qui-

264 4160 389 4213 ἐστι
417 4160 467 4214 δ’
499 4162 529 4213 6
551 4160 715 4226 λόγος
741 4161 788 4192 ""
823 4160 1131 4231 σύμμικτος
1159 4150 1254 4215 και
1289 4161 1546 4225 ποικίλος.
1591 4161 1795 4231 μᾶλλον

1988 4159 2088 4211 lem
2116 4172 2233 4211 eam
2265 4156 2539 4227 magisque
2564 4159 2797 4221 variam.
2822 4175 2984 4229 quam
3019 4173 3051 4213 e
3080 4159 3301 4229 reliquis
3355 4160 3541 4223 ullam,

262 4253 320 4305 οἱ
349 4252 509 4308 ἄλλοι
537 4269 553 4283 ·
594 4253 959 4322 παρατίθεται
996 4252 1052 4306 δὲ
1082 4254 1176 4308 καὶ
1211 4252 1319 4307 τῶν
1348 4253 1524 4308 ἄλλων
1573 4253 1738 4307 αὐτοῦ
1778 4253 1815 4306 λ‹

1991 4248 2186 4303 nsertis
2235 4248 2453 4319 insuper
2484 4249 2709 4304 aliarum
2736 4250 2853 4319 ejus
2899 4253 3207 4305 orationum
3246 4255 3542 4321 segmentis

265 4362 391 4415 γων
414 4345 735 4417 περικοπὰς
766 4362 938 4409 τινας,
974 4345 1031 4411 ἐξ
1056 4340 1131 4399 ὦν
1158 4346 1221 4399 οὐ
1252 4345 1493 4418 φθείρειν
1522 4345 1652 4410 τοὺς
1711 4343 1818 4401 νέοι

1983 4338 2121 4409 57).
2163 4340 2359 4410 quibus
2413 4358 2516 4395 non
2566 4356 2915 4413 corrumpere
2952 4358 3012 4397 se
3043 4342 3396 4408 iuventutem.
3445 4348 3536 4397 sed

262 4440 389 4494 ἀλλ’
410 4440 655 4509 ὠφελεῖν
688 4440 749 4491 τὸ
767 4439 944 4493 κοινὸν
975 4437 1344 4492 ἐπιδείκνυσιν
1378 4437 1593 4492 ἑαυτόν.
1643 4441 1809 4492 Δικαν

1985 4451 2079 4488 'em
2112 4432 2304 4501 juvare
2336 4436 2606 4505 publicam
2650 4437 2909 4491 ostendit.
2964 4436 3219 4492 Foreosis
3267 4454 3418 4503 a-qne
3457 4445 3538 4491 est

263 4490 371 4595 ag
396 4490 457 4585 ἐξ
478 4490 1257 4599 ;..‘gnng.‘kmg.gxa.
1280 4530 1482 4600 ὁμοίως
1520 4490 1590 4582 δὲ
1604 4490 1816 4584 an“.

1985 4531 2023 4578 ξι
2053 4523 2140 4578 illa
2189 4490 2389 4579 Contra
2413 4523 2796 4578 Callimachum
2822 4541 2841 4589 ;
2872 4525 3123 4578 similiter
3151 4533 3205 4576 et
3234 4522 3538 4593 IEginetica

266 4622 589 4690 τινητικὸς
608 4623 651 4654 ⁷⁸
686 4622 827 4693 ὑπὲρ
857 4622 1058 4692 κλήρου
1084 4622 1509 4691 ἀγωνιζόμενος.
1552 4622 1595 4673 Τ
1597 4620 1673 4675 ῶν
1706 4620 1819 4675 δικα

1982 4613 2034 4669 ie
2061 4614 2374 4670 luereditate
2415 4612 3117 4669 contendensJudiciorum
3139 4628 3356 4683 quoque
3387 4625 3535 4676 sunt,

265 4710 442 4764 νικῶν
463 4711 521 4764 δὲ
548 4713 645 4764 καὶ
673 4714 702 4765 ό
731 4712 883 4779 Πρὸς
904 4713 1218 4765 Εὑθύνουν
1254 4709 1408 4779 ὑπὲρ
1445 4712 1675 4775 Νικίου,
1709 4713 1803 4765 καὶ

1987 4706 2142 4760 πειίο
2177 4706 2289 4776 (58)
2316 4706 2574 4759 Adventu
2600 4704 2921 4775 Eatltymum
2949 4721 3045 4775 pro
3074 4705 3232 4760 Nicia
3260 4715 3315 4761 et
3345 4704 3540 4773 Trape-

273 4802 715 4869 Tpasreéitmoc,
732 4806 827 4856 καὶ
848 4804 877 4855 6
903 4802 1055 4871 Πρὸς
1069 4803 1346 4874 Λοχίτην,
1369 4802 1582 4873 ὕϐρεως
1606 4805 1700 4857 καὶ
1719 4804 1826 4875 πλη

1981 4799 2146 4863 tilica,
2181 4807 2236 4852 et
2260 4798 2523 4851 Adversus
2560 4796 2846 4862 Lac/citem,
2889 4796 3209 4867 injuriarum
3237 4796 3534 4867 plagarum-

270 4893 390 4960 γῶν
405 4892 567 4962 δίκην
596 4894 864 4949 ἀπαιτῶν.
901 4893 1056 4947 Οὕτω
1090 4895 1188 4965 μὲν
1220 4893 1314 4947 καὶ
1343 4893 1632 4957 τοσούτους
1683 4893 1823 4962 ἔγνω

1988 4904 2068 4959 μισ
2111 4904 2327 4957 pinnam
2361 4903 2668 4959 reposcens.
2718 4888 2825 4943 llas
2856 4889 3071 4958 quidem
3116 4890 3368 4945 [socratis
3415 4904 3541 4944 ora-

1552 4988 1782 5043 VARIIE
1823 4982 2230 5041 LEGTIONES.

343 5079 880 5156 "'ﬁxpﬁaaeoladd.
925 5100 986 5147 ς.
1011 5084 1361 5156 όᾷΦρύνιχος.
1424 5155 1431 5156 7
1492 5079 2031 5156 T‘_‘A\szvd)60qcav
2050 5077 2236 5156 C_or:es
2263 5075 2488 5156 Isocrat.
2512 5077 2569 5156 2,
2594 5093 2648 5147 p.
2685 5076 2792 5156 μζ’.
2838 5078 2913 5156 _'_”
2947 5077 3124 5156 dante
3148 5077 3276 5156 napi
3316 5076 3439 5156 add.
3472 5076 3537 5156 Δ.
3634 5132 3635 5135 η

269 5151 323 5182 ’³
353 5148 594 5223 ﬁlia-VA}
622 5222 625 5223 ν
649 5148 837 5222 βιϐλίῳ
886 5170 946 5217 ς.
1046 5154 1096 5185 ⁷⁵
1117 5148 1434 5223 παρακαλεῖ
1485 5152 1571 5205 AC
1606 5170 1619 5205 :
1673 5153 1764 5204 καὶ
1791 5148 2098 5219 παρακαλεί
2127 5166 2190 5215 ς.
2288 5148 2336 5180 ’⁸
2365 5148 2638 5217 μεσηνίων
2675 5151 2743 5205 Α.
2838 5148 2885 5180 ⁷⁸
2913 5148 3064 5218 αὐτῷ
3094 5150 3178 5204 Α;
3211 5148 3375 5212 αὐτὸς
3417 5164 3478 5212 ς.
3512 5150 3541 5200 6

270 5224 405 5275 add.
434 5222 505 5277 Δ.
582 5222 628 5253 ’⁷
660 5222 815 5292 λόγος
850 5223 947 5277 καὶ
977 5224 1155 5296 σύμμ.
1190 5222 1283 5278 καὶ
1323 5225 1387 5277 Α.
1462 5224 1508 5255 ⁷⁸
1530 5223 1791 5292 αἰγινικδς
1821 5225 1885 5273 Α.
3538 5276 3545 5283 .

350 5405 463 5476 (52)
492 5405 663 5476 Hujus
708 5422 813 5461 non
839 5421 962 5461 esse
990 5406 1131 5462 hanc
1155 5404 1608 5476 Pamnesin,_s_ed
1638 5406 1858 5475 alterius
1962 5405 1999 5459 ἓ
2024 5415 2285 5462 extremo.

272 5471 589 5545 cujusdam'
614 5475 893 5541 Isocratis,
930 5477 1170 5547 disputat
1211 5479 1284 5531 M.
1334 5478 1459 5529 Ant.
1494 5474 1733 5532 Muretus
1763 5474 1856 5531 lib.
2036 5477 2147 5545 (55)
2184 5478 2298 5547 βῆς.
2332 5477 2405 5531 De
2433 5486 2730 5541 senectute,
2759 5488 2813 5531 et
2848 5477 2979 5530 Luc.
3020 5478 3078 5530 ἐν
3112 5471 3442 5544 Μακρόϐιος.

276 5547 406 5602 lcet.
452 5557 505 5600 et
536 5548 645 5601 alii.
1021 5545 1033 5547 “
2041 5546 2153 5612 (56)
2188 5545 2428 5617 Intellige
2455 5549 2812 5615 judicialium.
2862 5548 3115 5617 Alioquin
3146 5547 3388 5599 nuinium
3424 5548 3523 5599 lon-

352 5617 465 5685 (55)
496 5618 603 5672 hno
639 5618 939 5685 Thebanis,
964 5632 1099 5686 pene
1130 5616 1271 5671 nulla
1295 5617 1607 5673 Grtrcornm
1634 5618 1862 5670 eicrnen-
1970 5617 2189 5687 gissima
2228 5616 2651 5687 Pariathenaica,
2683 5629 2737 5670 et
2768 5618 2893 5670 hinc
2920 5616 3279 5687 Panegyrica.

280 5695 457 5742 10mm
489 5690 817 5752 mutatione,
857 5685 997 5741 κατὰ
1026 5688 1299 5757 Θηϐαίων.
1331 5688 1419 5742 hic
1464 5690 1819 5742 reSIituendo.
1974 5685 1995 5687 “
2041 5686 2150 5757 (57)
2178 5686 2481 5757 Praesertim
2508 5685 2871 5756 Panegyric-ee,
2899 5700 2955 5740 et
2988 5686 3056 5741 de
3082 5685 3230 5755 pace.

356 5756 463 5831 (54)
506 5760 578 5817 De
626 5776 739 5832 quo
778 5760 1040 5816 videndus
1072 5756 1225 5816 Diod.
1276 5759 1490 5816 Siculus
1526 5759 1615 5814 lib.
1670 5772 1707 5847 II,
1738 5774 1859 5829 cap.
2041 5756 2154 5830 (58)
2195 5756 2322 5825 Quae
2353 5766 2407 5813 ct
2452 5759 2792 5831 Ἀμάρτυρος
2823 5758 2983 5827 vulgo
3011 5757 3343 5833 inscribitur.
