3932 6240
417 288 528 354 435

1569 286 1841 363 ῬΗΟΤΙΙ
1877 303 2391 369 PATRIARCH/E
2428 310 2537 372 ΟΡ.

3579 313 3688 382 436

417 407 601 458 tiones
626 415 789 458 unam
816 413 871 460 et
911 404 1099 476 viginti
1142 405 1368 488 legimus
1421 405 1557 478 (59).
1587 407 1704 462 Jnm
1751 426 1782 466 e
1816 424 2008 469 novem

2131 435 2217 472 tsv
2257 420 2600 492 Ἰσοκράτους
2621 422 2666 456 ’⁸
2713 421 2928 490 λόγους,
2971 423 3070 478 ἕνα
3118 425 3213 479 καὶ
3257 426 3462 482 εἴκοσιν
3491 427 3676 494 ὄντας.

421 495 593 564 ipsius
624 495 887 564 epistolis,
919 512 1023 552 uua
1052 508 1137 553 est
1165 500 1231 553 ad
1261 499 1570 569 Dionysium
1601 501 1800 555 Sicilia!
1824 514 2008 575 tyran-

357 611 364 618 -
422 603 577 654 num,
617 588 786 642 altera
835 591 900 643 ad
948 590 1358 656 Archidamum,
1409 594 1527 646 dum
1561 594 1626 646 ad
1675 594 2006 665 Philippum,

423 693 528 731 una
581 681 644 732 ad
679 681 1068 748 Alexandrum,
1115 683 1217 737 alia
1253 686 1319 737 ad
1371 684 1737 752 Antipatrum.
1780 687 1917 754 Quin
1953 698 2008 743 et

425 771 494 826 ad
555 771 936 840 Timotheum,
974 786 1027 830 et
1069 779 1136 832 ad
1178 776 1602 848 lllitylenmorum
1657 780 2007 850 magistratus

425 879 589 918 nona.

495 1045 762 1100 Czeterum
813 1060 999 1102 orator
1047 1051 1147 1106 iste
1187 1053 1471 1109 rhetorica:
1515 1057 1648 1111 artis
1688 1061 2006 1127 praeceptio-

424 1150 522 1190 nes
585 1137 772 1206 ιοἎὸ
809 1139 1090 1209 discipulis
1135 1147 1348 1198 tradere
1390 1146 1597 1212 maluit,
1629 1164 1791 1218 quam
1826 1158 1882 1201 ut
1915 1164 2006 1202 re-

425 1229 557 1298 liqui
606 1246 796 1285 novem
825 1231 1049 1288 Graeciaa
1076 1243 1344 1301 oratores,
1383 1254 1520 1308 quos
1547 1241 1688 1295 inter
1713 1249 1768 1294 et
1803 1241 2002 1295 Demo-

423 1322 667 1385 sthenes,
714 1325 1099 1393 rempubliram
1129 1343 1360 1396 gerere:
1392 1333 1607 1386 tametsi
1649 1344 1705 1386 ut
1739 1343 1864 1387 ante
1912 1333 2010 1387 ho-

426 1429 545 1467 rum
579 1423 819 1484 tempora
857 1417 1068 1471 dicendi
1102 1419 1257 1474 laude
1291 1420 1551 1484 clarehat,
1583 1425 1655 1476 ita
1687 1439 1786 1479 nec
1821 1439 2006 1478 eorum

427 1508 766 1578 temporibus
812 1510 904 1564 ulli
946 1511 1113 1582 gloria
1161 1517 1400 1569 cederet.
1441 1515 1669 1569 Maxima
1706 1528 1786 1572 est
1822 1519 1875 1573 in
1919 1534 2008 1582 eo,

429 1606 490 1651 ut
513 1596 688 1652 cuivis
731 1598 927 1669 legenti
959 1603 1144 1655 statim
1195 1613 1380 1670 patet,
1425 1607 1688 1661 orationis
1734 1610 2010 1664 distinctio

429 1704 494 1743 ac
528 1690 776 1757 puritas;
825 1701 1138 1764 tantamque
1179 1697 1231 1748 in
1261 1698 1450 1752 eadem
1487 1699 1815 1755 elaboranda
1847 1716 2009 1755 accu-

2120 511 2239 564 Τῶν
2269 512 2314 566 δ’
2335 514 2492 567 ἐννέα
2517 515 2819 568 ἐπιστολῶν
2863 517 3030 571 αὑτοῦ
3090 519 3188 590 μία
3245 519 3344 590 μέν
3399 521 3519 574 ἐστι
3550 523 3689 592 πρὸς

2111 601 2391 655 Διονύσιον
2428 603 2518 656 τὸν
2576 605 2828 669 Σικελίας
2903 606 3193 678 τύραννον,
3243 608 3405 680 ἑτέρα
3450 609 3509 662 δὲ
3550 611 3688 680 πρὸς

2124 693 2474 764 Ἀρχίδαμον,
2519 695 2613 747 καὶ
2659 698 2796 768 πρὸς
2845 697 3112 751 Φίλιππον
3162 698 3278 761 δύο,
3333 699 3432 769 μία
3465 700 3524 753 δέ
3553 701 3689 770 πρὸς

2123 786 2494 856 Ἀλέξανδρον,
2515 791 2611 840 καὶ
2628 789 2764 858 πρὸς
2805 789 3162 862 Ἀντίπατρον
3191 791 3347 861 ἄλλη.
3379 791 3476 845 καὶ
3501 791 3566 860 δὴ
3595 792 3691 844 καὶ⁵

2112 878 2250 948 πρὸς
2288 878 2573 949 Τιμόθεον,
2618 881 2711 932 καὶ
2747 881 2883 952 πρὸς
2921 880 3048 944 τοὺς
3080 881 3463 953 Μιτυληναίων
3493 881 3694 953 ἄρχον-

2112 986 2210 1031 τας
2238 971 2269 1037 ἡ
2296 970 2480 1036 ἐνάτη.

2187 1055 2354 1126 Οὗτος
2388 1063 2486 1135 μέν
2515 1064 2608 1118 οὖν
2628 1067 2655 1118 ὁ
2693 1066 2876 1138 ῥήτωρ
2896 1065 3237 1136 σοφιστεύειν
3270 1065 3470 1136 μᾶλλον
3493 1065 3528 1136 ἢ
3580 1065 3694 1118 τῶν

2111 1153 2308 1206 κοινῶν
2343 1157 2722 1226 προστάττειν,
2765 1156 2952 1229 ὥσπερ
2975 1159 3026 1211 οἱ
3049 1158 3198 1214 ἄλλοι
3229 1158 3387 1213 ἐννέα
3439 1159 3691 1229 ῥήτορες,

2112 1236 2187 1296 ὧν
2216 1247 2307 1298 καὶ
2333 1247 2682 1317 Δημοσθένης
2713 1244 2802 1319 ἦν,
2839 1251 3035 1316 εἵλετο,
3069 1250 3247 1303 καίτοι
3289 1249 3507 1320 κα“ιπρὸ
3548 1249 3714 1320 ἐκεί-⁴

2112 1354 2218 1390 νων
2251 1341 2364 1402 τοῖς
2391 1339 2491 1409 τῆς
2527 1341 2823 1412 ῥητορικῆς
2856 1342 3122 1412 ἀκμάζων
3188 1342 3388 1411 λόγοις,
3443 1342 3539 1395 καὶ
3569 1343 3695 1394 κατ’

2111 1429 2354 1492 ἐκείνους
2399 1432 2498 1501 τὴν
2546 1430 2634 1483 ἐπ’
2694 1433 2878 1497 αὐτοῖς
2928 1433 3084 1499 δόξαν
3129 1433 3229 1486 οὐκ
3279 1433 3694 1503 ἐλαττούμενος.

2112 1518 2395 1588 Κέχρηται
2420 1519 2477 1572 δὲ
2509 1520 2747 1590 μάλιστα
2774 1522 2893 1592 μὲν,
2925 1521 3000 1586 ὡς
3035 1522 3231 1575 αὐτίκα
3271 1524 3386 1586 τοῖς
3419 1518 3693 1593 ἀναγινὼ-

2114 1626 2301 1662 σκουσι
2337 1608 2514 1681 δῆλον,
2563 1611 2844 1682 εὐκρινείᾳ
2876 1615 2969 1692 καὶ
2999 1614 3353 1685 καθαρότητι,
3393 1613 3601 1682 πολλὴν
3636 1628 3695 1663 τε

2115 1701 2434 1770 ἐπιμέλειαν
2475 1705 2604 1774 περὶ
2652 1705 2752 1774 τὴν
2806 1705 3071 1775 ἐργασίαν
3113 1705 3221 1758 τῶν
3272 1705 3445 1773 λόγων
3493 1703 3702 1756 ἐπιδεί-

427 1783 696 1839 rationem
725 1785 941 1854 praefert
973 1787 1109 1856 (60),
1132 1799 1187 1841 ut
1216 1791 1268 1842 in
1301 1805 1766 1858 supervacaneum
1792 1808 2008 1862 quoque

2131 1809 2326 1856 ινυται,
2377 1790 2516 1846 ὥστε
2549 1793 2644 1846 καὶ
2699 1795 2778 1857 είς
2811 1797 3068 1865 περιττὸν
3102 1793 3252 1864 αὐτῷ
3267 1793 3313 1824 ⁸ο
3355 1791 3700 1845 διεκπίπτειν

431 1875 634 1930 incidat
688 1889 936 1932 ornatum
1016 1881 1478 1951 diligentiamque.
1549 1883 1686 1950 Quin
1743 1900 2010 1954 operosus

432 1965 595 2020 nimis
624 1967 710 2022 hic
734 1968 855 2037 ejus
883 1982 1131 2036 conatus,
1160 1987 1265 2025 non
1299 1982 1404 2026 tam
1451 1977 1784 2044 argumentis
1817 1976 2008 2032 fecun-

431 2057 584 2122 dum,
609 2073 772 2128 quam
812 2061 1023 2116 dec0ris
1061 2066 1310 2119 servandi
1341 2080 1530 2134 parum
1555 2068 1855 2122 studiosum
1885 2085 2008 2124 eum

433 2151 689 2206 declarat.
745 2151 863 2208 Jam
911 2170 1090 2225 neque
1136 2157 1308 2212 lenior
1347 2161 1541 2214 saltem
1593 2159 1818 2216 allectus
1845 2162 2008 2227 ullus,

432 2258 610 2313 neque
646 2245 995 2302 simulatione
1031 2265 1226 2304 carens
1251 2251 1560 2319 sinceritas,
1596 2269 1771 2322 neque
1817 2255 2013 2308 incita-

433 2336 544 2391 tior
600 2338 760 2406 paulo
805 2339 1018 2395 dicendi
1069 2342 1178 2398 ulla
1231 2344 1312 2398 vis
1360 2345 1412 2399 in
1464 2361 1528 2400 eo
1572 2347 2014 2415 deprehenditur.

432 2426 774 2486 Granditatis
822 2433 1086 2488 duntaxat
1140 2444 1372 2500 tantum,
1410 2446 1674 2506 quantum
1707 2439 1772 2492 ad
1802 2439 2013 2492 civilem

431 2521 737 2577 orationem
785 2525 920 2580 satis
971 2535 1076 2590 est,
1121 2543 1225 2582 non
1283 2528 1446 2593 male,
1491 2540 1547 2583 et
1585 2530 1700 2598 pari
1755 2528 1867 2585 fere
1894 2545 2017 2584 cum

433 2613 825 2684 perspicuitate
856 2615 926 2670 ab
971 2631 1038 2672 eo
1083 2619 1392 2673 adhibetur.
1436 2619 1552 2675 Etsi
1603 2621 1748 2691 justo
1804 2621 2018 2691 langui-

2113 1884 2205 1938 τὸν
2244 1885 2449 1954 κόσμον
2503 1885 2600 1938 καὶ
2632 1885 2693 1938 τὸ
2736 1886 3019 1957 ἐπιμελές.
3050 1887 3163 1939 Καὶ
3211 1884 3341 1938 αὐτὸ
3387 1883 3445 1936 δὲ
3505 1881 3564 1935 τὸ
3598 1881 3701 1948 τῆς

2116 1975 2380 2046 ἐργασίας
2409 1975 2702 2042 πλεονάζον
2726 1977 2856 2049 παρ’
2882 1977 3032 2048 αὐτῷ
3056 1978 3117 2030 οὐ
3155 1977 3217 2029 τὸ
3246 1977 3469 2045 γόνιμον
3497 1971 3701 2043 μᾶλλον

2116 2067 2227 2119 τῶν
2271 2068 2719 2140 ἐπιχειρημάτων
2769 2070 2802 2140 ἢ
2865 2070 2927 2123 τὸ
2985 2069 3353 2140 ἀπειρόκαλον
3427 2068 3697 2139 παριστᾷ.

2116 2155 2288 2222 Ἧθος
2311 2160 2366 2212 δὲ
2406 2161 2500 2214 καὶ
2543 2159 2768 2230 ἀλήθεια
2803 2161 2897 2214 καὶ
2948 2161 3219 2231 γοργότης
3273 2159 3394 2215 οὐδὲ
3448 2161 3703 2228 μέτεστιν

2121 2252 2352 2323 αὐτῷθι,
2397 2253 2663 2324 μεγέθους
2715 2253 2769 2307 δὲ
2798 2253 2946 2324 αὐτῷ
2995 2255 3120 2307 ὅσον
3160 2255 3240 2317 εἰς
3291 2254 3380 2306 τὸν
3422 2251 3705 2304 πολιτικὸν

2121 2345 2418 2416 ἐναρμόζει
2449 2346 2630 2415 λόγον,
2660 2346 2858 2418 ἄριστα
2883 2349 2978 2401 καὶ
3005 2346 3408 2418 παραπλησίως
3428 2346 3703 2416 κέκραται

2122 2440 2189 2508 τῇ
2223 2437 2512 2510 σαφηνείᾳ.
2536 2441 2763 2502 Ἀτονος
2794 2439 2850 2492 δὲ
2870 2439 3035 2492 πλέον
3063 2439 3158 2492 τοῦ
3215 2438 3427 2500 δέοντος
3447 2439 3475 2491 ὁ
3511 2436 3698 2504 λόγος.

2125 2531 2236 2600 Οὐχ
2266 2531 2470 2602 ἥκιστα
2499 2531 2558 2585 δὲ
2593 2531 2760 2585 αὑτοῦ
2798 2531 3189 2603 σμικρολογίαν
3222 2529 3317 2584 καὶ
3364 2528 3427 2582 τὸ
3455 2544 3704 2600 προσκο-

2121 2623 2218 2694 ρές
2242 2623 2353 2677 τῶν
2386 2623 2750 2695 παρισώσεων
2778 2626 3036 2678 αἰτιᾶται.
3087 2624 3248 2678 Ἀλλὰ
3305 2623 3478 2678 ταῦτά
3519 2638 3708 2691 ⁴φαμεν

435 2704 556 2758 dior
589 2705 710 2775 ejus
757 2707 830 2762 sit
873 2709 1074 2775 oratio,
1117 2726 1216 2765 nec
1265 2727 1456 2780 parum
1509 2712 1598 2766 illa
1648 2715 2016 2767 membrorum

2131 2715 2256 2787 πρὸς
2284 2716 2384 2787 τὴν
2414 2716 2472 2768 ἐν
2495 2716 2678 2785 λόγοις
2711 2717 2877 2770 αὐτοῦ
2903 2718 3099 2790 ἀρετὴν
3118 2716 3181 2770 τὸ
3203 2717 3265 2769 ἐκ
3277 2719 3466 2769 πῖπτον
3488 2713 3535 2746 ⁸³
3563 2713 3710 2767 ἐκεί-

435 2796 726 2864 ωίιυοιίιιιη
757 2800 824 2853 ad
857 2797 1136 2856 fastidium
1183 2818 1353 2873 usque
1382 2804 1561 2873 copia,
1605 2805 1866 2859 minutam
1901 2806 2018 2872 ejus

2131 2825 2214 2877 IT];
2246 2808 2339 2860 καὶ
2366 2807 2619 2878 ἀνόμοιον
2653 2808 3076 2880 ἐνδεικνύμενοι,
3109 2809 3231 2862 ἐπεὶ
3260 2808 3399 2878 πρός
3427 2824 3492 2876 γε
3525 2805 3709 2868 ἐνίους

437 2887 766 2958 anxiamque
810 2891 1146 2963 diligentiam
1185 2906 1402 2964 arguat.
1435 2895 1637 2951 Verum
1679 2897 1792 2952 haec
1823 2899 2016 2952 adver-

2131 2898 2225 2951 τῶν
2250 2899 2298 2931 ⁸³
2329 2899 2564 2969 γράφειν
2593 2898 2785 2968 λόγους
2837 2902 3217 2972 ἐπαιρομένων
3259 2901 3454 2974 ἀρεταὶ
3502 2900 3569 2954 ἂν
3617 2899 3711 2952 δό-

437 2993 534 3035 sus
561 2979 679 3049 ejus
727 2983 780 3037 in
825 2985 1054 3040 dicendo
1101 2981 1474 3054 przestautiain
1506 2989 1648 3044 dicta
1679 2991 1812 3056 sint,
1855 2990 1921 3043 ad
1951 3004 2016 3044 ea

2131 2989 2252 3056 Ξωσι
2273 2989 2368 3042 καὶ
2389 2989 2460 3043 τὰ
2487 2990 2698 3044 ἐκείνου
2721 2991 3099 3064 ἐλαττώματα.

438 3077 814 3133 tantummodo
862 3077 1176 3144 indicanda,
1232 3082 1286 3134 in
1344 3082 1540 3152 quibus
1585 3083 1760 3154 lapsa,
1814 3083 2028 3155 sibique
2049 3083 2332 3140 dissimilis
2385 3084 2504 3154 eius
2547 3087 2720 3140 virtus
2777 3085 2898 3141 fuit.
2948 3087 3082 3141 Nam
3165 3103 3288 3142 cum
3380 3085 3710 3157 quibusdam

439 3176 614 3235 certe,
683 3170 776 3241 qui
834 3172 1112 3229 orationes
1161 3177 1406 3232 scribere
1472 3178 1785 3246 instituunt,
1851 3191 2218 3250 comparatus,
2276 3182 2440 3236 etiam
2509 3181 2637 3235 vitia
2703 3181 2872 3253 ipsius
2933 3181 2987 3236 in
3056 3181 3348 3238 virtutibus
3430 3181 3712 3237 numerari

440 3274 666 3336 queant.

512 3355 692 3413 Habes
738 3360 1006 3430 syllabam
1054 3365 1315 3420 [socratis
1353 3364 1691 3433 Orationum,
1720 3377 1770 3422 et
1803 3367 2191 3438 Epistolarum.
2281 3365 2629 3422 Intercidisse
2703 3377 2882 3422 autem
2933 3367 3210 3437 qua'dam,
3270 3369 3487 3422 idoneos
3558 3371 3715 3422 teste‘

441 3453 630 3511 habeo.
665 3454 944 3513 Orationes
991 3461 1129 3513 enim
1195 3475 1424 3530 quatuor
1486 3463 1752 3517 desiderat
1823 3463 2106 3534 Dionysius
2136 3462 2602 3526 Halicarnasseus,
2631 3458 2880 3517 Ctecilius
2922 3461 3193 3516 Romanus
3214 3473 3428 3530 septem,
3468 3462 3716 3516 undecim
3778 3517 3796 3540 .

444 3549 666 3608 Suidas.
713 3551 1072 3620 Epistolarum
1111 3574 1227 3610 vero
1269 3573 1431 3610 unam
1459 3559 1528 3610 ad
1574 3557 1915 3628 Antipatrum
1949 3559 2068 3629 legit
2134 3557 2377 3624 Photius,
2441 3575 2535 3612 nos
2582 3560 2893 3626 quaerimus.
2971 3556 3115 3611 Nam
3178 3559 3247 3610 ad
3301 3558 3715 3620 Archidamum,

443 3661 561 3715 qua:
589 3645 841 3702 hactenus
866 3647 1018 3703 latuit
1043 3667 1070 3704 e
1111 3649 1244 3705 Cod.
1277 3649 1401 3704 Ful.
1438 3649 1624 3706 Ursini
1661 3651 1817 3706 Rom.
1852 3654 2077 3707 hominis
2152 3651 2444 3705 doctissimi
2521 3652 2864 3720 descriptam.
2933 3661 2981 3705 et
3030 3651 3150 3720 jam
3201 3649 3390 3704 Latine
3434 3655 3720 3722 utcumque

447 3743 766 3809 loquentem,
799 3744 1020 3796 volentes
1057 3747 1268 3799 damus.
1329 3745 1471 3798 Duas
1510 3759 1684 3800 autem
1723 3749 1792 3800 ad
1827 3743 2154 3816 Philippum,
2206 3754 2254 3799 et
2317 3747 2387 3800 ad
2439 3745 2654 3801 Jasonis
2705 3743 2898 3800 liberos
2943 3744 3194 3809 alteram,
3243 3744 3439 3798 invisas
3502 3743 3718 3808 Plioa'o,

445 3832 684 3904 vulgatos
714 3839 946 3889 observo.

549 3926 814 3982 Isocrates
847 3928 1170 3984 Archidamo
1209 3928 1729 3987 Lacsdazmoniorum
1794 3934 1919 4004 regi.

519 4021 773 4092 Cognito,
820 4021 1173 4089 Archidame,
1205 4039 1365 4093 quam
1411 4024 1563 4080 multi
1596 4036 1669 4090 te,
1725 4039 2026 4096 parentem-

450 4128 558 4186 que
603 4124 752 4169 tuum
801 4113 936 4185 (6|),
964 4129 1090 4170 cum
1140 4127 1324 4171 vestro
1381 4132 1579 4187 genere
1618 4119 1874 4172 universo
1909 4118 2024 4188 (62)

452 4208 705 4264 laudibus
733 4224 933 4264 ornare
967 4209 1207 4278 aggressi
1242 4218 1425 4264 essent
1449 4248 1465 4272 ,
1501 4225 1620 4265 eam
1655 4211 1788 4281 ipsis
1814 4210 2024 4266 dicendi

454 4298 763 4365 materiam,
793 4314 916 4355 cum
981 4297 1156 4355 facilis
1194 4301 1504 4370 ladmodum
1557 4311 1702 4356 esset
1749 4310 1803 4356 et
1846 4303 2029 4369 obvia,

455 4391 864 4463 relinquendam
899 4393 1106 4463 putavi.
1134 4393 1270 4446 Illud
1299 4394 1441 4447 enim
1468 4395 1597 4448 mihi
1629 4395 1682 4448 in
1722 4395 1904 4449 animo
1924 4403 2031 4461 est,

456 4486 665 4542 hortari
698 4494 770 4550 te,
807 4501 910 4541 non
942 4486 1006 4540 ad
1052 4485 1317 4556 ejusmodi
1368 4485 1768 4554 expeditionem
1796 4485 2032 4556 aliquam

458 4580 649 4652 quales
698 4579 802 4635 hoc
850 4588 1089 4648 tempore
1132 4579 1541 4648 suscipiuntur:
1587 4579 1681 4632 sed
1731 4578 1797 4631 ad
1837 4593 1923 4640 ea.
1967 4592 2033 4631 ex

459 4673 659 4744 quibus
688 4672 895 4728 civitati
927 4687 1032 4727 non
1068 4671 1246 4726 minus
1276 4681 1403 4734 tuae,
1435 4685 1596 4739 quam
1627 4669 1850 4724 Gracche
1880 4668 2037 4739 plane

463 4767 733 4820 universa!
758 4765 1167 4820 commodorum
1203 4764 1560 4818 maximorum
1609 4771 1797 4816 auctor
1828 4762 2039 4816 futurus

377 4837 385 4863 ι’
465 4859 561 4914 sis.
595 4855 780 4926 Neque
807 4873 935 4911 vero
970 4857 1109 4912 istud
1140 4855 1411 4912 scribendi
1435 4863 1812 4924 argumentum
1842 4851 2037 4919 delegi,

466 4948 613 5021 quod
662 4948 950 5012 nescirem,
996 4949 1252 5017 quidnam
1300 4956 1444 5003 esset
1479 4946 1545 5000 ad
1595 4945 2034 5016 pertractandum

465 5039 720 5097 lucilius:
778 5041 872 5096 sed
925 5055 992 5094 ex
1043 5055 1108 5094 eo
1164 5041 1361 5110 potius,
1393 5041 1550 5109 Tquod
1615 5047 1767 5094 certo
1818 5037 2039 5102 scirem,

465 5149 629 5205 quam
661 5132 889 5188 arduum
945 5131 1086 5188 foret
1132 5147 1432 5201 parumque
1462 5130 1678 5186 obvium
1725 5129 2043 5184 adinvenire

468 5225 592 5294 tibi,
643 5239 782 5296 quas
833 5239 992 5296 geras
1054 5239 1162 5289 res,
1189 5223 1502 5294 praeclaras,
1559 5237 1806 5292 magnas,
1860 5220 2045 5287 utiles,

2056 4254 2110 4313 D

2133 3929 2472 3998 Ἰσοκράτης
2505 3926 2874 3998 Ἀρχιδάμῳ,
2911 3923 3396 3995 Λακεδαιμονίων
3439 3922 3716 3988 βασιλεῖ.

2203 4021 2391 4089 Εἰδὼς,
2426 4015 2471 4073 ὧ
2503 4020 2818 4092 Ἀρχίδαμε,
2867 4017 3094 4081 πολλοὺς
3130 4015 3498 4087 ὡρμημένους
3526 4017 3711 4081 ἐγκω-

2135 4115 2350 4186 μιάζειν
2375 4131 2454 4180 σε,
2487 4114 2582 4168 καὶ
2611 4113 2701 4166 τὸν
2733 4110 2966 4182 πατέρα,
2995 4107 3090 4162 καὶ
3122 4108 3183 4161 τὸ
3215 4107 3372 4176 γένος
3408 4105 3565 4176 ὑμῶν
3599 4123 3614 4137 ·
3646 4106 3726 4158 εἱε-

2133 4209 2307 4279 λόμην
2341 4206 2532 4261 τοῦτον
2583 4206 2681 4276 μὲν
2715 4203 2807 4256 τὸν
2837 4203 3016 4272 λόγον,
3044 4200 3232 4268 ἐπειδὴ
3265 4198 3384 4252 λίαν
3408 4197 3592 4269 ῥᾴδιος
3627 4191 3720 4265 ἦν,

2141 4302 2372 4363 ἐκείνοις
2405 4298 2737 4369 παραλιπεῖν
2771 4313 2785 4327 ο
2819 4295 2982 4358 αὐτὸς
3007 4294 3064 4348 δέ
3091 4310 3150 4346 σε
3179 4290 3502 4361 διανοοῦμαι
3536 4306 3723 4360 πσραο

2140 4393 2324 4448 καλεῖν
2369 4391 2463 4444 ἐπὶ
2511 4388 2842 4460 στρατηγίας
2890 4386 2984 4439 καὶ
3031 4383 3318 4454 στρατείας
3351 4381 3503 4434 οὐδὲν
3531 4381 3729 4451 ὁμοίας

2141 4489 2260 4550 ταῖς
2290 4485 2385 4538 νῦν
2443 4481 2846 4551 ἐνεστηκυίαιςο
2901 4479 3015 4533 ἀλλ’
3053 4478 3112 4542 ἐξ
3151 4470 3226 4530 ὧν
3277 4475 3528 4547 μεγάλων
3585 4476 3726 4539 ἁγα-

2145 4577 2252 4630 θῶν
2281 4575 2450 4637 αἴτιος
2487 4575 2691 4645 γενήσῃ
2721 4572 2815 4625 καὶ
2846 4573 2912 4642 τῇ
2960 4569 3198 4640 πόλειτῇ
3224 4569 3441 4632 σαυτοῦ,
3473 4569 3567 4620 καὶ
3615 4567 3730 4630 τοῖς

2145 4667 2364 4737 ’ἐλλησιν
2402 4667 2591 4719 ἆπασι·
2625 4663 2831 4733 ταύτην
2863 4661 2922 4716 δέ
2967 4661 3313 4730 ἐποιησάμην
3342 4659 3440 4728 τὴν
3490 4658 3730 4729 αἵρεσιν,

2149 4759 2250 4812 οὐκ
2311 4757 2521 4826 ἀγνοῶν
2576 4756 2669 4808 τὸν
2719 4755 2880 4824 λόγον
2926 4754 3020 4806 τὸν
3067 4749 3684 4822 εὐμεταχειριοτότερον
3713 4766 3728 4779 ⁸

2152 4851 2268 4904 ἀλλ’
2302 4848 2544 4920 ἀκριϐῶς
2585 4845 2762 4909 εἰδὼς.
2809 4847 2890 4899 ὅτι
2922 4844 3150 4917 πράξεις
3187 4844 3283 4905 μὲν
3336 4844 3522 4914 εὑρεῖν
3559 4841 3733 4904 καλὰς

2149 4945 2244 4996 καὶ
2286 4941 2528 5013 μεγάλας
2558 4939 2652 4992 καὶ
2685 4935 3070 5006 συμφερούσας
3104 4933 3336 5004 χαλεπὸν
3363 4931 3456 4985 καὶ
3504 4931 3734 4985 σπάνιόν

2149 5035 2336 5104 ἐστινξο
2361 5030 2641 5086 ἐπαινέσαι
2671 5029 2728 5082 δὲ
2745 5031 2842 5091 τὰς
2875 5030 3072 5102 ἀρετὰς
3099 5029 3197 5091 τὰς
3232 5025 3505 5097 ὑμετέρας
3538 5025 3736 5096 ῥᾳδίως

2152 5123 2266 5190 οἷος
2309 5127 2356 5179 τ’
2387 5124 2452 5177 ἂν
2500 5121 2791 5191 ἐγενόμην.
2825 5123 2900 5175 Οὐ
2944 5123 3052 5192 γὰρ
3082 5121 3190 5173 ἔδει
3222 5138 3289 5191 με
3321 5119 3453 5189 παρ’
3491 5117 3735 5188 ἐμαυτοῦ

2160 5216 2480 5288 πορίζεσθαι
2501 5214 2570 5266 τὰ
2601 5213 2976 5282 λεχθησόμενα
3013 5213 3144 5283 περὶ
3173 5210 3503 5274 αὐτῶν,ἀλλ’
3528 5213 3600 5264 ἐκ
3630 5210 3739 5263 τῶν

1764 5352 2000 5410 νΑιιῐλΕ
2031 5353 2321 5409 LECTION
2331 5352 2412 5407 ES

541 5459 906 5534 ’νισοκράτου
933 5457 1003 5515 Α.
1078 5455 1126 5490 ⁸⁸
1148 5453 1298 5527 αὺτῷ
1317 5454 1361 5510 Α
1393 5473 1408 5510 :
1437 5453 1518 5525 τῷ
1553 5471 1613 5519 ς.
1686 5453 1732 5485 ⁸⁸
1771 5469 1897 5524 μετ.
1921 5451 2053 5523 παρ’
2104 5449 2255 5522 αὑτῷ
2280 5467 2342 5515 ς.
2419 5449 2465 5482 ⁸²
2489 5448 2766 5518 ἐμπίπτον
2798 5465 2839 5512 ς
2867 5484 2886 5502 .

2985 5441 3211 5507 ⁸³ἐνίους
3233 5439 3341 5494 τῶν
3365 5438 3410 5494 Δ
3435 5451 3452 5490 ε
3483 5436 3648 5494 ἐνίων
3682 5452 3741 5500 ς.

1989 5544 2221 5602 ΝΟΤᾸΕ.

547 5647 664 5718 (59)
731 5644 850 5704 Una
895 5655 1078 5701 tamen
1121 5646 1211 5718 hic
1246 5646 1363 5718 sive
1403 5642 1612 5698 auctori
1652 5641 1786 5718 sive
1830 5639 2054 5718 librario

479 5712 714 5794 excedit,
731 5719 868 5794 μερὶ
887 5719 1136 5794 ζεύγους,
1167 5716 1242 5772 De
1260 5715 1419 5794 bigis,
1451 5724 1628 5794 elutius
1652 5712 2052 5794 itemepis‘tola.

554 5788 669 5864 (00)
700 5780 1213 5858 'ln'eompositione
1257 5780 1386 5842 adeo
1433 5785 1679 5855 diligens,
1723 5785 1795 5840 ait
1825 5780 2051 5850 Quintil.

2161 5638 2254 5692 lib.
2293 5653 2350 5699 κ,
2381 5644 2438 5690 ιιι
2477 5649 2608 5690 cura
2641 5633 2756 5702 ejus
2783 5627 3229 5702 reprehendatur.

2235 5692 2350 5776 (6t)
2380 5692 2687 5776 Agesilaum
2709 5707 2776 5759 de
2810 5692 2965 5773 cujus
2996 5701 3103 5755 vita
3133 5695 3384 5766 Xenopb.
3413 5703 3473 5752 et
3498 5692 3748 5752 Plutarc.

2241 5775 2350 5850 (6‘2)
2377 5775 2804 5834 llcraclidarum.
