3932 6240
260 278 359 343 437

1372 296 1894 359 BIBLIOTHECA.
1933 324 2003 334 —
2040 302 2205 364 COD.
2270 305 2463 365 CLIX.

3401 296 3505 369 138

262 392 386 492 ὑμῖν
398 397 825 492 πεπραγμένων
863 401 1131 467 τοσαύτας
1160 402 1226 458 ἂν
1250 407 1346 459 καὶ⁹
1373 409 1626 471 τοιαύτας
1654 410 1823 481 ἀφορ-

1939 427 2050 467 cum
2091 424 2271 469 tamen
2305 418 2529 470 virtutes
2564 426 2771 472 vestras
2813 417 3031 473 laudare
3064 414 3173 475 non
3203 422 3277 477 ita
3306 435 3499 492 magna

262 481 371 569 μῖὰς
398 483 610 546 Ελαόον.
644 487 788 543 ὥστε
813 490 912 555 τὰς
940 497 1195 565 περὶτῶν
1224 498 1398 553 ἄλλων
1423 503 1674 572 εὐλογίας
1703 508 1839 577 μηδὲ

262 577 403 668 κατὰ
434 579 631 647 μικρὸν
661 582 984 651 ἐναμίλλους
1022 588 1279 654 γενέσθσι
1303 593 1368 662 τῇ
1396 594 1523 660 περὶ
1555 568 1715 665 ύμᾶξ
1745 568 1841 668 ρη-

260 666 441 739 θείσῃ.
464 671 590 734 Πῶς
613 672 724 743 γὰρ
747 672 813 726 ἄν
839 692 922 737 τις
952 676 986 747 ἢ
1013 678 1112 748 τὴν
1133 681 1412 747 εὐγένειαν
1441 666 1839 756 ὑπερεϐάλλετο

258 757 373 810 τῶν
411 763 718 827 γεγονότων
751 766 845 834 ἀφ’
885 768 1218 838 Ἡρακλέους
1252 775 1346 826 καὶ
1378 775 1518 843 Διὸς,
1542 778 1608 848 ἢν
1638 780 1839 844 πάντες

262 848 414 944 ίσασι
441 852 623 921 μόνοις
647 855 776 924 ὑμῖν
803 858 1247 931 ὁμολογουμένως
1272 865 1624 937 ὑπάρχουσαν
1642 888 1655 901 ο
1680 872 1712 941 ἢ
1735 872 1838 944 τὴν

258 942 471 1013 ἀρετὴν
496 944 605 997 τῶν
638 947 695 998 ὲν
729 950 1085 1023 Πελοπονήσῳ
1120 953 1218 1018 τὰς
1241 955 1478 1027 δωρικὰς
1503 960 1686 1024 πόλεις
1718 942 1836 1016 κτι-

262 1033 496 1099 σάντων,
562 1036 659 1088 καὶ
719 1039 819 1108 τὴν
894 1041 1077 1112 χώραν
1136 1044 1339 1116 ταύτην
1403 1050 1782 1121 κατασχόντων
1816 1068 1831 1083 '

259 1120 294 1191 ἢ
360 1124 447 1176 τὸ·
491 1126 698 1193 πλῆθος
765 1130 871 1182 τῶν
935 1133 1195 1189 κινδύνων
1247 1139 1487 1194 καὶτῶν
1535 1145 1832 1213 τροπαίων,

256 1212 370 1263 τῶν
469 1216 559 1269 διὰ
640 1219 739 1290 τὴν
810 1220 1081 1292 ὑμετέραν
1153 1227 1451 1297 ἠγεμονίαν
1512 1212 1609 1287 καὶ
1675 1235 1830 1305 βασι-

258 1305 411 1360 λείαν
461 1312 762 1367 σταθέντων
792 1333 805 1381 ;
843 1319 925 1381 τίς
952 1319 995 1372 δ’
1027 1322 1094 1374 ἂν
1141 1324 1388 1394 ἠπόρησε
1421 1326 1672 1390 διεξιέναι
1709 1328 1832 1397 βου-

256 1398 453 1467 ληθεὶς
474 1402 575 1472 τὴν
605 1406 857 1478 ἀνδρείαν
894 1410 1022 1481 ὅλην
1055 1413 1153 1481 τῆς
1184 1415 1389 1479 πόλεως
1422 1418 1516 1470 καὶ
1549 1420 1832 1491 σωφροσύ-

255 1507 360 1559 νην
387 1493 485 1545 καὶ
513 1496 787 1552 πολιτείαν
814 1500 913 1571 τὴν
958 1503 1063 1555 ὑπὸ
1094 1506 1373 1575 προγόνων
1402 1507 1511 1561 τῶν
1555 1510 1830 1580 ὑμετέρων

258 1583 696 1653 συνταχθεῖσαν;
730 1590 866 1661 πρὸς
892 1591 973 1655 οἷς
1002 1593 1046 1646 δ’
1078 1594 1144 1648 ἂν
1168 1596 1347 1664 λόγοις
1381 1598 1656 1666 ἐξεγένετο
1689 1602 1828 1671 χρή-

258 1675 462 1727 σασθαι
502 1680 628 1749 περὶ
658 1680 755 1751 τὴν
791 1684 1049 1753 φρόνησιν
1081 1687 1174 1740 τοῦ
1210 1689 1302 1742 σοῦ
1338 1690 1561 1760 πατρὸς,
1589 1696 1684 1745 καὶ
1730 1694 1829 1764 τὴν

1942 519 2063 558 eum
2097 506 2408 561 dilIicultate
2450 510 2763 576 potuissem.
2791 508 2978 579 Neque
3006 513 3148 564 enim
3193 513 3256 567 de
3287 527 3406 566 meo
3434 513 3505 566 al'b

1941 595 2103 659 ferre,
2137 614 2256 666 qua:
2282 599 2347 652 de
2380 600 2462 652 his
2493 601 2822 666 dicerentur,
2862 614 2996 672 opus
3028 602 3259 657 fuisset:
3290 604 3508 673 quando

1940 704 2006 742 ex
2044 689 2175 758 ipsis
2214 706 2307 759 per
2346 705 2439 743 vos
2471 695 2638 759 gestis
2674 693 2859 757 rebus,
2916 693 3040 747 talis
3075 696 3205 749 mihi
3246 710 3309 750 ac
3356 704 3507 750 tanta

1940 781 2169 835 dabatur
2205 782 2456 837 laudandi
2500 783 2752 848 facultas,
2801 795 2859 839 nt
2898 801 3015 854 qua:
3058 787 3124 840 de
3166 787 3285 841 aliis
3312 788 3508 855 praedi-

1941 882 2135 926 cantur
2190 873 2397 938 laudes,
2451 891 2518 927 ne
2570 875 2648 929 vel
2699 877 2963 930 tantillum
3010 892 3131 930 cum
3176 894 3237 931 ea
3270 877 3505 933 conferri

1938 964 2169 1033 possint,
2193 981 2297 1031 qua
2326 980 2420 1019 vos
2446 965 2703 1020 celebrati
2749 971 2903 1024 estis.
2937 970 3194 1036 Quisnam
3226 972 3369 1024 enim
3402 970 3503 1022 ali-

1938 1052 2155 1121 quando
2188 1054 2270 1107 vel
2306 1055 2374 1107 ab
2407 1054 2641 1109 Hercule
2674 1054 2915 1127 Joveque
2963 1059 3078 1126 ipso
3107 1074 3274 1128 genus
3305 1060 3506 1113 ducen-

1938 1143 2071 1197 tium
2111 1142 2446 1198 nobilitatem
2482 1154 2719 1213 superet,
2765 1163 2926 1215 quam
2959 1163 3150 1202 omnes
3197 1164 3347 1217 aaque
3376 1164 3507 1201 con-

1934 1234 2177 1289 sentiunt
2207 1234 2258 1287 in
2310 1236 2464 1289 vobis
2511 1237 2642 1291 solis
2674 1238 2903 1292 inveniri
2934 1256 2949 1293 :
2997 1240 3081 1293 vel
3127 1241 3379 1293 virtutem
3408 1254 3504 1294 eo-

1935 1340 2077 1386 rum,
2107 1326 2200 1394 qui
2233 1326 2454 1380 Doricas
2480 1327 2533 1381 in
2567 1327 2900 1397 Peloponeso
2936 1331 3097 1383 urbes
3124 1331 3503 1395 condiderunt;

1933 1426 2096 1482 atque
2146 1416 2285 1469 banc
2334 1418 2607 1483 regionem
2680 1419 2987 1472 universam
3045 1429 3380 1473 tenuerunt:
3420 1421 3506 1473 vel

1933 1507 2076 1561 illam
2112 1507 2415 1573 prteliorum
2447 1516 2880 1577 tropznorumque
2942 1509 3361 1573 multitudinem,
3388 1527 3507 1580 qua}

1932 1608 2110 1652 vestro
2145 1600 2303 1651 ductu
2336 1608 2495 1667 atque
2524 1601 2777 1667 auspiciis
2812 1600 2955 1655 facta
2986 1610 3300 1670 statutaque
3326 1614 3453 1656 sunt
3482 1604 3506 1656 ?

1930 1690 2158 1756 Quinam
2190 1691 2353 1744 etiam
2402 1692 2613 1747 dicendi
2670 1694 2891 1747 materia
2946 1695 3134 1748 deesse
3193 1696 3364 1761 possit
3428 1695 3503 1757 ei,

256 1765 320 1816 ἐν
352 1769 474 1829 ταῖς
508 1775 814 1840 συμφοραῖς
851 1774 1139 1846 διοίκησιν,
1171 1780 1265 1832 καὶ
1293 1780 1390 1851 τὴν
1421 1782 1600 1851 μάχην
1636 1784 1733 1854 τὴν
1770 1786 1830 1837 ἐν

1939 1778 2023 1846 qui
2066 1778 2192 1831 velit
2220 1794 2340 1832 cum
2374 1778 2742 1834 fortitudinem
2776 1796 2840 1836 ac
2879 1785 3290 1851 temperantiam
3338 1785 3505 1837 totius

252 1858 325 1925 τῇ
366 1858 523 1911 πόλει
553 1864 879 1933 γενομένην;
908 1860 1015 1929 Ἧς
1053 1871 1145 1923 καὶ
1190 1871 1411 1941 ἡγεμὼν
1440 1874 1503 1925 σὺ
1535 1875 1829 1941 καταστὰς,

253 1947 356 2002 καὶ
390 1951 512 2019 μετ’
548 1952 742 2021 ὀλίγων
768 1958 903 2027 πρὸς
934 1958 1160 2024 πολλοὺς
1201 1962 1569 2028 κινδυνεύσας,
1590 1968 1684 2018 καὶ
1707 1966 1835 2019 πάν-

253 2055 373 2094 των
418 2041 734 2113 διενεγκὼν,
773 2049 942 2113 αῖτιος
992 2052 1178 2120 ἐγένου
1220 2057 1282 2124 τῇ
1327 2056 1477 2107 πόλει
1518 2057 1615 2124 τῆς
1655 2075 1832 2128 σωτη-

257 2132 408 2203 ρίας,
455 2127 516 2188 οὗ
565 2138 784 2193 κάλλιον
829 2143 988 2210 ἔργον
1016 2144 1188 2207 οὐδεὶς
1218 2145 1283 2197 ἂν
1330 2147 1662 2211 ἐπιδείξειεν.
1698 2127 1835 2202 Ούτε

248 2224 367 2295 γὰρ
402 2226 589 2291 πόλεις
603 2229 764 2296 ἑλεῖν,
786 2230 906 2284 οὔτε
933 2234 1160 2298 πολλοὺς
1191 2237 1507 2289 ἀποκτεῖναι
1526 2238 1636 2290 τῶν
1674 2238 1832 2291 πολε-

248 2318 571 2386 μίων,οὖτω
602 2323 744 2391 μέγα
773 2327 866 2378 καὶ
890 2328 1083 2396 σεμνόν
1107 2330 1277 2395 ἐστιν,
1306 2329 1381 2393 ὡς
1402 2329 1509 2400 εἴη,
1537 2330 1643 2383 τῶν
1660 2330 1830 2385 τοιού-

244 2424 363 2460 των
393 2410 658 2463 κινδύνων
703 2414 875 2467 σῶσαι
907 2417 1004 2487 τὴν
1031 2419 1262 2488 πατρίδα
1291 2420 1365 2489 μὴ
1411 2421 1509 2491 τὴν
1534 2421 1828 2488 τυχοῦσαν,

242 2501 392 2555 ἀλλὰ
422 2502 521 2572 τὴν
551 2506 805 2560 τοσοῦτον
839 2511 924 2561 ἐπ’
952 2510 1116 2581 ἀρετῇ
1151 2512 1556 2580 διενεγκοῦσαν.
1589 2514 1725 2583 Περὶ
1754 2507 1829 2566 ὧν

244 2592 331 2664 μὴ
389 2596 639 2664 κομψῶς,
698 2598 813 2651 ἀλλ’
867 2600 1051 2664 ἁπλῶς
1100 2602 1321 2655 διελθών
1351 2620 1367 2637 ο
1403 2604 1540 2673 μηδὲ
1582 2607 1648 2674 τῇ
1692 2603 1832 2667 λέξει

241 2686 540 2755 κοσμήσας
566 2689 747 2757 μόνον,
773 2690 885 2743 ἀλλ’
919 2692 1289 2764 ἐξαριθμήσας
1312 2697 1405 2748 καὶ
1429 2697 1592 2767 χύδην
1620 2694 1789 2749 εἰπὼν
1813 2734 1830 2762 ,

1929 1870 2186 1936 civitatis,
2215 1878 2326 1924 tum
2359 1888 2390 1925 a
2417 1872 2613 1925 vestris
2635 1873 2930 1940 majoribus
2976 1875 3283 1929 institutqu
3320 1876 3506 1943 reipu-

1932 1962 2084 2017 blica:
2111 1972 2309 2017 statum
2352 1962 2710 2031 percensere?
2742 1964 2910 2029 Quam
2946 1965 3069 2019 item
3114 1982 3217 2019 non
3261 1965 3506 2022 licuisset

1933 2053 2192 2107 adhibere
2237 2053 2538 2106 orationem
2594 2055 2658 2106 ad
2690 2054 3069 2122 explicandam
3117 2071 3236 2111 cum
3270 2057 3507 2126 parentis

1936 2146 2009 2199 tui
2065 2146 2431 2214 prudentiam,
2470 2155 2578 2198 tum
2611 2147 2729 2215 ejus
2765 2148 2816 2199 in
2873 2146 3116 2201 adversis
3149 2148 3226 2202 rei
3259 2150 3507 2215 gerendae

1938 2236 2230 2302 rationem,
2262 2245 2374 2288 tum
2412 2235 2565 2298 illud,
2593 2238 2733 2305 quod
2765 2250 2830 2288 eo
2864 2247 3124 2303 regnante
3160 2236 3213 2289 in
3241 2237 3351 2304 ipsa
3375 2240 3508 2291 urbe

1936 2327 2287 2381 commissum
2328 2333 2410 2381 est
2446 2326 2732 2395 praelium?
2760 2327 2812 2381 In
2838 2343 2943 2394 quo
2972 2336 3097 2381 tunc
3124 2327 3339 2395 quidem
3367 2342 3510 2396 prte-

1936 2418 2030 2483 lio,
2063 2428 2342 2486 postquam
2378 2418 2482 2472 dux
2527 2428 2580 2470 tu
2629 2418 2745 2485 ipse
2790 2428 3007 2473 creatus
3042 2433 3163 2472 cum
3196 2418 3378 2487 paucis
3414 2420 3510 2472 ad.

1935 2526 2124 2565 versus
2163 2510 2359 2563 multos
2395 2509 2679 2579 pugnando
2726 2510 2977 2563 omnibus
3001 2508 3382 2573 antecelluisti,
3416 2524 3509 2563 ur-

1934 2603 2056 2658 bem
2095 2602 2251 2657 simul
2292 2603 2461 2669 ipsam
2501 2602 2748 2655 servasti.
2778 2600 2896 2667 Quo
2930 2602 3057 2669 quid
3099 2602 3411 2671 praeclarius
3441 2602 3510 2656 ab

1935 2694 2046 2749 ullo
2082 2693 2260 2747 all'erri
2311 2693 2529 2762 possit?
2574 2693 2760 2762 Neque
2809 2694 2954 2747 enim
2996 2694 3079 2747 vel
3130 2695 3290 2747 urbes
3337 2708 3509 2761 expu-

237 2777 429 2841 οὐδεὶς
488 2780 641 2843 ὅστις
696 2782 795 2836 οὐκ
854 2783 920 2837 ἂν
968 2788 1404 2857 εὐδοκιμήσειεν.

1939 2799 2125 2855 gnare,
2162 2782 2243 2837 vel
2300 2783 2533 2837 hostium
2581 2798 2834 2851 magnum
2882 2797 3163 2838 numerum
3199 2782 3509 2837 interimere

238 2885 509 2941 magnum
539 2876 675 2930 adeo
695 2888 800 2944 est,
840 2887 932 2931 aut
960 2878 1339 2945 honoriﬁcum,
1372 2888 1428 2933 ut
1467 2877 1566 2933 fuit
1615 2894 1645 2934 e
1684 2877 1845 2933 tantis
1902 2876 2159 2946 periculis
2215 2874 2445 2929 liberare
2496 2874 2746 2945 patriam,
2779 2890 2884 2930 non
2919 2874 3063 2930 illam
3108 2875 3383 2945 vulgarem
3410 2872 3511 2931 ali-2

235 2982 443 3039 quam,
488 2968 585 3021 sed
617 2983 737 3036 qua:
769 2979 1048 3038 tantopere
1075 2971 1290 3025 virtutis
1343 2987 1505 3026 causa
1548 2970 1832 3024 emineret.
1879 2966 2199 3038 De..quibus
2249 2981 2407 3020 nemo
2450 2982 2552 3020 non
2619 2965 2741 3021 dico
2804 2982 2929 3021 cum
2979 2967 3362 3027 ostentatione,
3414 2973 3510 3028 sed

234 3058 407 3127 plene
460 3060 738 3114 narrando
794 3060 1131 3128 disseruerit,
1186 3076 1288 3116 nec
1351 3077 1473 3116 cum
1539 3062 1826 3115 verborum
1881 3068 2096 3122 ornatu,
2162 3058 2257 3113 sed
2304 3058 2676 3112 enumerando
2737 3058 3021 3124 duntaxat,
3054 3070 3109 3114 et
3146 3058 3264 3113 sine
3316 3059 3513 3115 discri-

234 3151 390 3206 mine
430 3150 649 3219 quidvis
702 3150 1024 3207 eHundendo
1076 3154 1310 3216 dixerit,
1368 3153 1460 3223 qui
1503 3169 1607 3207 non
1656 3168 1719 3207 ex
1749 3167 1813 3205 eo
1843 3165 2092 3218 magnam
2125 3150 2224 3204 sibi
2257 3148 2467 3201 Iaudem
2495 3150 2785 3216 paraverit.

332 3241 461 3307 Εγὼ
489 3239 671 3293 τοίνυν
693 3240 939 3313 δυνηθεὶς
966 3244 1030 3295 ἂν
1048 3243 1289 3315 καὶπερὶ
1314 3242 1518 3297 τούτων
1534 3244 1627 3309 ἐξα
1637 3244 1824 3314 ρκούν-

2011 3240 2125 3311 Ego
2156 3241 2357 3309 itaque,
2400 3242 2492 3310 qui
2532 3239 2614 3295 vel
2646 3241 2711 3295 de
2761 3241 2844 3295 his
2888 3251 3128 3310 poteram
3178 3244 3312 3298 satis
3343 3245 3509 3299 multa

233 3351 351 3395 τως
390 3333 767 3404 διαλεχθῆναι,
796 3337 1015 3388 κάκεῖνο
1049 3335 1300 3403 γινώσκω
1320 3352 1334 3366 ⁶
1368 3336 1580 3408 πρῶτον
1610 3336 1730 3407 μὲν,
1752 3337 1832 3388 ὅτι

237 3427 377 3497 ῥᾷόν
402 3427 658 3498 ἑστιπερὶ
689 3426 801 3491 τῶν
827 3428 1209 3497 γεγενημένων
1232 3428 1829 3500 εύπόρωςὲπιδραμεῖν,

235 3520 277 3590 ἢ
312 3521 444 3590 περί
474 3520 585 3572 τῶν
611 3519 915 3590 μελλόντων
939 3520 1357 3590 νουνεχούντως,
1387 3522 1658 3574 είπεῖν.¹Ἐ
1671 3521 1830 3585 καθ’,

233 3612 325 3665 ὅτι
361 3612 569 3675 πάντες
606 3611 885 3683 ἄνθρωποι
927 3613 1093 3665 πλείω
1143 3614 1303 3684 χάριν
1333 3613 1514 3684 ἔχουσι
1539 3616 1649 3677 τοῖς
1674 3616 1832 3667 ἐπαι-

234 3705 452 3769 νοῦσιν,
496 3704 531 3775 ἢ
566 3708 680 3770 τοῖς
736 3706 1186 3775 συμϐουλεύουσι.
1239 3706 1379 3770 Τοὺς
1438 3706 1538 3777 μὲν
1595 3707 1704 3776 γὰρ
1754 3707 1830 3771 ὡς

236 3797 437 3860 εὔνους
504 3797 902 3868 ἀποδέχονται·
958 3800 1085 3861 τοὺς
1127 3798 1171 3851 δ’
1214 3798 1281 3852 ἂν
1337 3797 1415 3871 μὴ
1451 3797 1832 3865 κελευσθέντες

238 3888 621 3961 παραινῶσιν,
661 3890 896 3961 ἐνοχλεῖν
923 3891 1253 3960 νομίζουσιν.

333 3982 483 4034 Ἀλλ’
503 3983 655 4051 ὅμως
683 3980 900 4036 ἅπαντα
926 3984 1098 4037 ταῦτα
1129 3983 1413 4056 προειδὼς,
1430 3984 1539 4039 τῶν
1572 3985 1670 4057 μὲν
1694 3986 1832 4057 πρὸς

240 4075 407 4143 χάριν
438 4073 507 4127 ἂν
535 4072 922 4144 ῥηθησομένων
971 4076 1312 4146 ἀπεσχόμην·
1344 4078 1471 4146 περὶ
1492 4077 1550 4131 δὲ
1572 4077 1832 4131 τοιούτων

242 4163 434 4231 μέλλω
496 4162 701 4230 λέγειν,
727 4164 855 4234 περὶ
897 4157 971 4217 ὧν
1012 4166 1184 4229 οὐδεὶς
1201 4165 1267 4219 ἂν
1301 4167 1457 4231 ἄλλος
1487 4168 1829 4239 τολμήσειενο

240 4254 556 4323 ἡγούμενος
600 4255 710 4307 δεῖν
748 4256 872 4319 τοὺς
921 4255 1120 4330 [περὶ]
1163 4260 1463 4325 ἐπιεικείας
1495 4262 1591 4315 καὶ
1631 4262 1833 4333 φρονή-

243 4362 390 4409 σεως
415 4346 920 4416 ἀμφισϐητοῦντας,
943 4350 1017 4419 μὴ
1046 4351 1172 4415 τοὺς
1190 4353 1422 4423 ρᾴστους
1452 4354 1832 4424 προαιρεῖσθαι

242 4436 356 4488 τῶν
398 4436 598 4504 λόγων,
641 4438 776 4491 ἀλλὰ
803 4442 926 4504 τοὺς
958 4444 1395 4512 ἐργωδεστάτους
1420 4463 1433 4475 ·
1478 4447 1613 4517 μηδὲ
1646 4448 1771 4510 τοὺς
1798 4449 1831 4519 ἡ

240 4531 461 4595 δίστους
494 4536 609 4596 τοῖς
664 4536 969 4603 ἀκούουσιν,
996 4539 1111 4593 ἀλλ’
1155 4540 1214 4604 ἐξ
1248 4534 1321 4594 ὧν
1359 4541 1700 4613 ὠφελήσουσι
1736 4546 1833 4598 καὶ

1939 3333 2145 3388 dicere.
2178 3332 2307 3385 illud
2340 3346 2554 3399 quoque
2603 3331 2803 3394 sentio,
2855 3330 3067 3386 facilius
3094 3333 3146 3386 in
3178 3334 3366 3401 primis
3389 3350 3511 3390 esse

1940 3424 2005 3478 de
2049 3424 2336 3493 praeteritis
2384 3424 2599 3491 copiose
2656 3425 2943 3487 disserere,
2992 3440 3151 3492 quant
3193 3427 3260 3480 de
3315 3426 3510 3481 futuris

1939 3515 2301 3580 admonendo,
2340 3518 2505 3570 verba
2549 3515 2752 3570 facere.
2791 3514 2992 3571 Omnes
3037 3517 3229 3572 deinde
3262 3519 3510 3579 homines

1940 3607 2199 3674 majorem
2233 3606 2433 3661 habere
2473 3607 2705 3677 gratiam
2742 3610 2856 3663 suis
2903 3608 3296 3673 laudatoribus,
3320 3676 3323 3679 _
3346 3626 3509 3680 quam

1940 3697 2162 3753 consilia
2211 3697 2645 3766 suggerentibus,
2702 3699 2919 3768 quando
2990 3699 3109 3754 illos
3159 3710 3219 3753 ut
3254 3701 3338 3757 sui
3394 3713 3511 3758 sm-

1940 3789 2123 3845 diosos
2154 3787 2383 3843 libenter
2414 3788 2709 3857 excipiunt,
2742 3790 2840 3843 hos
2878 3805 3025 3856 vero,
3056 3792 3102 3846 si
3142 3791 3284 3849 forte
3320 3794 3509 3865 injussi

1938 3881 2252 3948 admonent,
2278 3896 2374 3951 pro
2408 3882 2777 3937 turbatoribus
2815 3881 3038 3939 habent.

2008 3972 2138 4037 Quae
2176 3972 2277 4026 etsi
2314 3972 2493 4025 omnia
2545 3974 2679 4026 satis
2729 3973 2933 4041 providi
2982 3985 3162 4038 antea,
3207 3974 3377 4030 nihilo
3433 3986 3511 4031 ta-

1941 4078 2064 4121 men
2101 4064 2281 4119 secius
2321 4064 2389 4118 ab
2423 4064 2531 4129 his,
2576 4079 2695 4133 quae
2740 4066 2805 4117 ad
2840 4066 3069 4134 gratiam
3102 4069 3392 4122 ineundam
3425 4069 3510 4122 di-

1939 4157 2105 4211 cenda
2149 4165 2354 4219 essent,
2407 4156 2679 4210 abstinuere
2710 4157 2990 4222 volui;de
3024 4159 3089 4213 iis
3139 4163 3510 4215 tantummodo

1939 4249 2202 4311 dicturus,
2234 4265 2353 4318 quae
2389 4266 2545 4303 nemo
2600 4250 2734 4303 alius
2768 4251 2945 4304 ausit:
2980 4261 3127 4307 ratus
3167 4254 3360 4307 decere
3393 4270 3508 4320 eos,

1938 4343 2030 4413 qui
2083 4344 2148 4397 de
2190 4345 2444 4411 aequitate
2500 4353 2663 4412 atque
2704 4344 2989 4410 prudentia
3036 4360 3158 4398 cum
3213 4346 3509 4414 a'qualibus

1938 4442 2167 4499 certant,
2203 4450 2539 4503 nequaquam
2585 4435 2672 4488 illa
2702 4435 2806 4489 sibi
2838 4436 3097 4505 deligere,
3145 4452 3263 4506 qua:
3292 4439 3391 4505 ipsi
3427 4438 3508 4489 fa-

1939 4527 2139 4581 cillime
2167 4527 2413 4580 oratione
2457 4526 2706 4595 persequi
2742 4528 2974 4597 possint,
3017 4529 3114 4583 sed
3139 4544 3257 4597 quae
3285 4529 3508 4584 dillicili-

240 4624 346 4687 τὰς
385 4624 573 4690 πόλεις
623 4626 723 4690 τὰς
790 4629 988 4695 αὐτῶν,
1021 4631 1118 4684 κα)⁵
1166 4634 1293 4696 τοὺς
1339 4604 1540 4699 ἄλλους,
1580 4635 1831 4707 ἔλληνας,

1939 4635 2025 4675 me
2074 4620 2387 4689 persuaderi
2427 4629 2664 4688 queant:
2698 4635 2873 4687 neque
2920 4637 3131 4675 rursum
3170 4637 3233 4675 ea
3265 4636 3384 4690 quae
3410 4638 3509 4675 au~

244 4714 338 4785 ἐφ’
361 4709 564 4788 οἷσπερ
589 4717 703 4786 ἐγὼ
737 4720 991 4790 τυγχάνω
1013 4720 1109 4776 νῦν
1163 4724 1502 4795 ἐφεστηκὼς.

316 4960 605 5030 Θαυμάζω
651 4960 710 5014 δὲ
757 4962 853 5015 καὶ
898 4962 1007 5017 τῶν
1073 4964 1247 5019 ἄλλων
1311 4968 1420 5021 τῶν
1478 4970 1736 5041 πράττειν
1790 4970 1825 5043 ἢ

241 5050 433 5118 λέγειν
499 5052 851 5122 δυναμένων,
910 5057 958 5109 εί
1019 5056 1155 5128 μηδὲ
1223 5058 1435 5113 πώποτ’
1485 5063 1669 5126 αὐτοῖς
1736 5064 1831 5115 ἐπ-

242 5142 418 5211 ῆλθεν
447 5141 841 5214 ἐνθυμηθῆναι,
886 5147 1015 5217 περὶ
1062 5149 1171 5201 τῶν
1223 5150 1419 5204 κοινῶν
1461 5158 1828 5224 πραγμάτων,

246 5234 385 5307 μηδ’
426 5236 649 5306 ἐλεῆσαι
697 5241 796 5302 τὰς
845 5240 947 5309 τῆς
995 5241 1213 5307 ὲλλάδος
1263 5244 1601 5316 δυσπραξίας
1658 5247 1829 5311 οὕτως

243 5328 495 5397 αἰσχρῶς
516 5328 614 5381 καὶ
653 5328 843 5394 δεινῶς
878 5332 1279 5405 διατιθεμένης,
1310 5333 1421 5401 Ἧς
1443 5338 1618 5402 οὐδεὶς
1649 5357 1828 5409 παρα-

242 5416 532 5472 λέλειπται
563 5420 749 5485 τόπος,
790 5420 848 5485 ὃς
889 5424 950 5477 οὐ
985 5425 1145 5495 γέμει
1173 5427 1268 5480 καὶ
1306 5430 1502 5496 μεστός
1528 5430 1644 5483 ἐστι
1670 5432 1830 5484 πολέ-

249 5526 364 5579 μου
389 5512 484 5564 καὶ
507 5513 756 5569 στάσεων
786 5516 883 5569 καὶ
918 5519 1143 5587 σφαγῶν
1188 5521 1284 5574 καὶ
1313 5522 1499 5575 κακῶν
1524 5524 1832 5595 ἀναριθμή-

247 5619 390 5654 των.
415 5596 515 5655 Ὧν
540 5605 796 5661 πλεῖστον
825 5610 989 5680 μέρος
1015 5614 1411 5682 μετειλήφασιν
1437 5616 1486 5667 οἱ
1509 5615 1604 5684 τῆς
1649 5617 1827 5680 Ἀσίας

250 5694 362 5763 τὴν
422 5697 696 5765 παραλίαν
746 5702 1043 5768 οἰκοῦντες.
1094 5703 1202 5769 Οὓς
1255 5707 1315 5759 έν
1361 5709 1479 5771 ταῖς
1546 5708 1836 5779 συνθήκαις

1935 4712 2048 4766 ditu
2093 4712 2205 4766 sint
2243 4710 2661 4779 iucundissima,
2713 4712 2808 4767 sed
2830 4728 2896 4766 ex
2930 4713 3126 4780 quibus
3154 4714 3504 4769 emolumenti

1935 4802 2223 4872 plurimum
2250 4800 2636 4866 alIerant,cum
2670 4802 2984 4859 civitatibus
3011 4807 3147 4869 suis,
3171 4815 3279 4859 tum
3306 4805 3509 4864 Graecis

1936 4893 2210 4959 omnibus,
2255 4907 2487 4961 quorum
2517 4906 2616 4961 ego
2645 4894 2804 4947 modo
2844 4909 3006 4949 causa
3045 4896 3111 4949 ad
3163 4906 3215 4948 te
3272 4899 3505 4952 accessi.

2006 4982 2252 5053 Magnam
2283 4992 2461 5037 autem
2499 4984 2585 5037 hic
2621 4983 2749 5037 mihi
2784 4984 3195 5039 admirationem
3231 4987 3504 5042 concitant

1936 5075 2141 5140 carteri,
2192 5073 2389 5142 quibus
2439 5075 2519 5128 vel
2570 5076 2762 5145 agendi
2809 5083 2913 5139 est,
2964 5078 3056 5130 vel.
3081 5076 3294 5131 dicendi
3326 5078 3505 5145 aliqua

1940 5163 2188 5228 facultas,
2218 5165 2358 5232 quod
2393 5165 2531 5218 nulla
2570 5182 2805 5235 unquam
2853 5169 2917 5221 de
2937 5170 3314 5223 communibus
3348 5169 3505 5221 rebus

1938 5258 2148 5311 Illorum
2204 5260 2414 5312 animos
2466 5260 2722 5326 cogitatio
2771 5262 2984 5325 subeat,
3037 5276 3209 5329 neque
3271 5257 3505 5314 iulelieis

1936 5348 2159 5404 Graeciae
2191 5348 2663 5401 counuiseratione
2712 5350 2995 5409 ducantur,
3051 5349 3204 5415 cujus
3231 5346 3339 5411 jam
3391 5357 3503 5399 sta-

1947 5451 2033 5492 tus
2058 5438 2426 5493 miserandum
2476 5441 2526 5491 iu
2561 5440 2774 5493 modum
2809 5441 2942 5493 adeo
2974 5439 3303 5491 deformatus
3335 5443 3419 5488 est
3448 5445 3505 5489 ut

1935 5528 2165 5595 angulus
2199 5531 2249 5584 in
2281 5546 2343 5585 ea
2377 5530 2553 5583 nullus
2592 5531 2914 5596 reperiatur,
2943 5529 3031 5597 qui
3082 5546 3187 5582 non
3221 5527 3501 5594 bellorum,

1934 5622 2285 5687 seditionum,
2336 5624 2583 5683 ca-dium,
2616 5630 2671 5676 et
2713 5623 3057 5675 inﬁnitoruut
3094 5622 3357 5675 malorum
3393 5622 3505 5689 ple-

1931 5728 2031 5768 nus
2080 5714 2165 5768 sit.
2201 5712 2439 5779 Quorum
2482 5716 2697 5784 quidem
2748 5722 2956 5783 partem
3003 5713 3157 5784 longe
3213 5713 3501 5767 maximam
