3932 6240
434 286 544 356 439

1622 290 1887 357 ΡΗΟΤΙΙ
1923 291 2424 355 PATRIARCHE
2461 294 2569 355 ΟΡ.

3593 284 3700 352 M0

445 401 719 457 sustinent
745 401 779 455 ii
810 400 900 470 qui
931 401 1072 458 Asiae
1108 402 1378 458 maritima
1432 401 1696 468 incolunt,
1725 414 1778 460 et
1805 419 1833 458 a
1865 404 2022 460 nobis

2132 401 2363 466 άπαντες
2389 400 2780 471 ἐκδεδώκειμεν
2803 401 2866 455 οὐ
2892 399 3052 472 μόνον
3070 400 3182 464 τοῖς
3210 396 3527 470 βαράρϐοις,
3558 396 3698 451 ἀλλὰ

441 492 695 548 omnibus
724 494 1020 549 foederibus
1065 494 1289 560 exclusi,
1345 509 1454 550 non
1500 495 1748 550 barbaris
1779 504 2018 549 tantum-

445 587 606 639 modo
659 584 906 655 gentibus
947 585 1197 655 permissi
1224 593 1369 654 sunt,
1402 585 1496 642 sed
1537 586 1604 643 iis
1630 587 1759 643 item
1793 586 2017 651 Graecis,

441 676 532 746 qui
562 677 664 732 etsi
699 676 874 748 lingua
893 676 1176 732 nobiscum
1205 685 1430 733 utantur
1465 680 1683 745 eadem,
1720 695 1751 734 a
1778 680 2018 736 moribus

442 778 590 822 rerte
621 767 980 824 Barbarorum
1029 769 1166 824 nihil
1211 759 1541 842 discrepant.
1570 771 1718 840 Quos
1745 773 2017 841 equidem,

441 860 486 916 si
542 861 836 933 quidquam
888 861 940 916 in
987 861 1141 917 nobis
1173 874 1322 918 esset
1353 864 1550 919 mentis
1593 865 1885 934 reliquum,
1917 879 2020 920 ne-

441 967 712 1021 quaquam
753 952 1060 1009 sineremus
1102 969 1198 1024 per
1228 965 1432 1010 tantam
1460 965 1700 1011 nostram
1735 956 2016 1027 negligen-

441 1043 570 1096 tiam
624 1042 794 1107 coire,
857 1044 1198 1112 aquibusvis
1257 1045 1312 1100 iu
1383 1046 1781 1116 expeditionem
1837 1046 2016 1110 educi,

445 1132 755 1205 maioraque
781 1144 834 1190 et
864 1135 1122 1191 validiora
1147 1137 1325 1208 colligi
1353 1139 1566 1208 agmina
1592 1154 1623 1194 e
1651 1139 1822 1210 vagis,
1853 1154 2017 1210 quam

442 1225 682 1297 legitimo
737 1228 964 1297 imperio
1017 1230 1333 1298 gubernatis
1388 1231 1723 1287 hominibus.
1755 1233 2011 1300 Quicum

440 1319 688 1386 exiguam
722 1321 1013 1376 admodum
1053 1323 1292 1392 regionis
1330 1323 1446 1392 ejus
1489 1334 1719 1392 partem,
1753 1339 1874 1394 qua)
1904 1325 2015 1393 regi

443 1420 619 1481 paret,
676 1414 872 1468 damno
931 1413 1184 1480 alliciant,
1242 1413 1465 1470 Graecas
1515 1417 1713 1484 potius,
1755 1417 1819 1470 ad
1855 1432 2020 1487 quas-

443 1519 658 1573 minque
703 1506 1036 1561 accesserint
1095 1507 1369 1571 civitates,
1428 1509 1735 1574 devastant,
1792 1512 1918 1566 dum
1965 1511 2016 1565 in

447 1597 533 1652 his
573 1599 708 1653 alios
773 1599 1132 1666 interficiunt,
1180 1600 1317 1655 alios
1362 1599 1476 1655 suis
1523 1601 1739 1656 sedibus
1792 1601 2017 1672 pellunt,

447 1689 583 1744 alios
614 1689 770 1744 bonis
809 1702 1032 1744 exuunt.
1070 1689 1255 1747 Taceo
1295 1707 1583 1761 puerorum
1628 1708 1691 1748 ac
1726 1693 2015 1749 mulierum

2123 492 2220 546 καὶ
2246 492 2356 546 τῶν
2398 490 2638 561 ἐλλήνων
2667 493 2780 554 τοῖς
2808 491 2908 560 τῆς
2932 489 3032 561 μὲν
3069 491 3252 559 φωνῆς
3277 491 3378 559 τῆς
3420 486 3698 556 ἡμετέρας

2123 583 2465 649 κοινωνοῦσι,
2496 583 2574 652 τῷ
2603 583 2660 636 δέ
2691 582 2882 653 τρόπῳ
2910 581 2990 652 τῷ
3013 580 3124 634 τῶν
3151 579 3438 652 βαρϐάρων
3480 577 3701 648 χρωμέ-

2125 694 2260 742 νοις.
2293 676 2421 743 Οὒς,
2449 677 2496 729 εί
2519 675 2645 730 νοῦν
2667 677 2906 746 εἴχομεν.
2927 675 3028 728 οὐκ
3059 673 3122 728 ἂν
3143 671 3488 744 περιορῶμεν
3509 670 3697 740 ἀθροι-

2127 772 2409 841 ζομένους,
2445 769 2554 824 οὐδ’
2597 771 2702 824 ὑπὸ
2733 771 2843 824 τῶν
2869 769 3141 840 τυχόντων
3166 768 3697 838 στρατηγουμένους,

2119 863 2242 917 οὐδὲ
2291 863 2509 934 μείζους
2551 863 2645 916 καὶ
2673 863 2954 934 κρείττους
2989 859 3268 925 συντάξεις
3319 860 3701 930 στρατοπέδων

2118 956 2452 1026 γιγνομένας
2471 958 2536 1008 ἐκ
2557 955 2667 1008 τῶν
2695 954 3064 1022 πλανωμένων
3094 953 3127 1024 ἢ
3157 951 3613 1021 πολιτευομένων.
3635 949 3699 1003 Οἶ

2120 1047 2221 1116 τῆς
2257 1047 2357 1118 μὲν
2393 1045 2659 1117 βασιλέως
2687 1045 2871 1117 χώρας
2897 1044 3095 1116 μικρὸν
3127 1044 3290 1115 μέρος
3322 1042 3699 1113 λυμαίνονται,

2123 1139 2222 1203 τὰς
2266 1139 2324 1193 δὲ
2373 1138 2556 1202 πόλεις
2598 1139 2696 1201 τὰς
2729 1137 3010 1208 ἐλληνίδας
3042 1138 3124 1201 είς
3146 1138 3212 1207 ἢν
3254 1136 3320 1191 ἂν
3360 1134 3700 1200 εἰσέλθωσιν,

2121 1234 2455 1297 ἀναστάτους
2481 1233 2757 1298 ποιοῦσιν,
2793 1234 2921 1299 τοὺς
2955 1233 3053 1304 μὲν
3095 1231 3532 1294 ἀποκτείνοντες,
3574 1229 3704 1292 τοὺς

2120 1327 2178 1380 δὲ
2214 1326 2632 1395 φυγαδεύοντες,
2674 1324 2783 1379 τῶν
2815 1325 2872 1379 δὲ
2911 1327 3010 1390 τὰς
3058 1325 3246 1388 οὐσίας
3286 1323 3698 1395 διαρπάζοντες.

2126 1417 2248 1472 Ἔτι
2289 1418 2346 1472 δὲ
2375 1417 2573 1482 παῖδας
2620 1417 2714 1473 καὶ
2759 1419 3027 1487 γυναῖκας
3071 1415 3384 1486 ὑϐρίζοντες
3419 1429 3434 1445 ⁶
3477 1417 3573 1469 καὶ
3603 1417 3703 1478 τὰς

2126 1510 2226 1580 μὲν
2255 1509 2707 1582 εὐπρεπεστάτας
2729 1508 3204 1580 καταισχύνοντες,
3239 1507 3348 1561 τῶν
3373 1507 3420 1560 δ’
3442 1506 3642 1572 ἄλλων,
3666 1505 3703 1560 ἃ

2121 1601 2250 1674 περὶ
2293 1604 2405 1666 τοῖς
2452 1601 2708 1672 σώμασιν
2745 1600 2929 1673 ἔχουσι
2978 1599 3374 1672 περισπῶντες,
3429 1599 3592 1664 ῶστε,
3637 1597 3701 1662 ἃς

2122 1695 2390 1766 πρότερον
2422 1693 2544 1748 οὐδὲ
2570 1694 2990 1765 κεκοσμημένας
3009 1688 3076 1765 ἦν
3109 1693 3236 1747 ἰδεῖν
3261 1695 3372 1755 τοῖς
3401 1691 3701 1762 ἀλλοτρίοις

445 1782 678 1850 injurias
702 1799 717 1849 ;
743 1791 798 1837 et
827 1783 996 1837 forma
1019 1785 1069 1837 in
1097 1784 1181 1840 his
1201 1786 1436 1840 maxime
1458 1795 1779 1856 praestantes
1803 1787 2012 1852 violari,

2132 1785 2324 1848 ταύτας
2350 1785 2456 1838 ὑπὸ
2482 1785 2692 1839 πολλῶν
2712 1785 2942 1856 ὁρᾶσθαι
2982 1785 3194 1853 γυμνάς
3214 1801 3228 1814 ·
3261 1781 3405 1844 ἐνίας
3432 1781 3477 1835 δ’
3523 1779 3705 1834 αὐτῶν

446 1886 673 1931 crateras
699 1877 862 1931 etiam
895 1877 966 1932 iis
1011 1877 1210 1946 quibus
1251 1892 1477 1948 corpora
1507 1893 1604 1933 sua
1641 1887 1846 1949 tegunt,
1871 1880 2014 1944 exui,

448 1978 509 2022 ut
539 1967 820 2035 nudaejam
855 1985 884 2022 a
935 1968 1118 2024 multis
1147 1970 1582 2038 conspiciantur,
1615 1987 1747 2039 quas
1779 1971 1831 2025 in
1860 1986 2018 2040 pere-

449 2059 610 2130 grina
661 2070 816 2115 veste
865 2070 1022 2114 antea
1077 2077 1354 2132 nunquam
1421 2077 1490 2117 ne
1536 2073 1763 2119 ornatus
1803 2064 2018 2133 quidem

451 2152 622 2224 gratia
653 2153 907 2220 vidisses,
943 2163 1305 2222 praeterquam
1337 2155 1478 2224 quod
1526 2154 1720 2223 aliqua;
1750 2155 1800 2208 in
1826 2155 2022 2210 vilibus

449 2253 562 2314 pra:
609 2244 787 2315 inopia
839 2246 1034 2315 pannis
1104 2256 1395 2315 pereuntes
1453 2246 1672 2300 obeant.
1718 2245 1849 2312 Quae
1899 2261 2021 2300 cum

451 2345 605 2391 tanto
627 2336 889 2392 hactenus
931 2345 1172 2406 tempore
1215 2336 1355 2390 mala
1398 2337 1628 2402 durent;
1662 2336 1807 2390 nulla
1841 2345 2021 2392 tamen

451 2429 566 2484 haec
592 2427 673 2483 vel
703 2428 895 2484 civitas
947 2442 1013 2482 ex
1040 2430 1107 2483 iis
1159 2442 1278 2498 quae
1319 2428 1538 2484 Graecos
1577 2430 1718 2484 inter
1748 2429 2021 2499 principa-

449 2531 564 2577 tum
590 2521 818 2586 obtinet,
848 2521 932 2576 vel
967 2521 1052 2576 vir
1083 2522 1148 2575 de
1179 2521 1514 2592 principibus
1532 2522 1727 2592 aliquis
1747 2521 2028 2578 molestius

450 2613 573 2666 tulit
603 2631 618 2667 :
647 2629 813 2668 unum
861 2612 1075 2682 excipio
1129 2623 1405 2681 parentem
1447 2621 1619 2666 tuum.
1678 2611 1836 2666 Solus
1883 2613 2025 2666 enim

451 2705 768 2774 Agesilaus,
826 2704 969 2774 quod
1033 2703 1377 2767 noverimus,
1439 2704 1492 2758 in
1554 2717 1749 2774 magno
1815 2717 2032 2772 semper

453 2796 589 2850 vixit
615 2796 904 2859 desiderio,
947 2805 1056 2847 tmn
1114 2792 1331 2848 Graecos
1384 2795 1434 2847 in
1491 2793 1791 2846 libertatem
1853 2791 2031 2845 vindi-

452 2883 637 2947 candi,
673 2893 783 2936 tum
829 2883 954 2937 belli
1008 2881 1264 2936 Barbaris
1312 2881 1600 2935 inferendi.
1645 2880 1744 2947 Qui
1777 2889 2035 2935 tamenet

454 2973 574 3042 ipse
606 2988 714 3027 una
765 2974 953 3028 saltem
999 2974 1175 3028 adhuc
1208 2974 1262 3028 in
1296 2987 1354 3026 re
1395 2972 1680 3027 aberrasse
1733 2972 1880 3026 visus
1923 2982 2028 3027 est.

457 3064 644 3134 Neque
681 3065 894 3121 mireris
925 3065 1108 3130 velim,
1133 3065 1177 3120 si
1208 3074 1385 3120 tecum
1417 3078 1518 3133 ego
1548 3064 1844 3131 disserens,
1876 3081 2029 3119 meu-

458 3159 659 3214 tiouem
690 3159 886 3214 faciam
910 3173 1120 3224 eorum,
1153 3174 1273 3229 qua:
1315 3159 1493 3214 minus
1524 3158 1614 3214 ille
1646 3169 1793 3214 recte
1831 3161 2022 3215 sensit.

2121 1880 2180 1932 ἐν
2197 1877 2389 1947 ῥάκεσι
2405 1876 2728 1948 περιφθειρο
2736 1877 2923 1947 μένας,
2942 1876 3009 1931 δι’
3027 1876 3230 1930 ἔνδειαν
3246 1875 3354 1928 τῶν
3365 1873 3702 1942 ἀναγκαίων.

2133 1968 2303 2039 ’Υπὲρ
2331 1959 2408 2021 ὧν
2447 1967 2617 2021 πολὺν
2659 1966 2775 2036 ἡδηξ
2800 1967 2988 2038 χρόνον
3025 1963 3361 2035 γιγνομένων
3401 1962 3523 2016 οὔτε
3551 1961 3706 2024 πόλις

2121 2060 2345 2132 οὐδεμία
2387 2060 2497 2115 τῶν
2526 2061 2826 2132 προστῆναι
2850 2060 2958 2118 τῶν
2995 2059 3233 2130 έλλήνων
3263 2056 3530 2124 ἁξιουσῶν
3569 2058 3703 2122 ἢγα-

2122 2153 2391 2226 νάκτησεν
2417 2171 2434 2187 ο
2479 2151 2594 2208 οὔτ’
2625 2154 2763 2226 ἀνὴρ
2807 2152 2917 2207 τῶν
2958 2151 3350 2224 πρωτευόντων
3394 2149 3570 2212 οὐδεὶς
3605 2147 3701 2218 βα-

2124 2247 2264 2318 ρέως
2288 2247 2516 2318 ἤνεγκε.
2558 2247 2707 2317 Πλὴν
2739 2248 2768 2300 ό
2813 2246 2904 2310 σὸς
2939 2247 3143 2317 πατήρ.
3179 2243 3356 2307 Μόνος
3387 2242 3497 2314 γάρ
3534 2241 3700 2311 Ἀγηο

2129 2340 2334 2406 σίλαος,
2357 2333 2432 2395 ὧν
2457 2341 2621 2410 ἡμεῖς
2643 2339 2823 2410 ἴσμεν,
2849 2337 3134 2408 ἐπιθυμῶν
3166 2338 3381 2392 ἅπαντα
3402 2335 3493 2390 τὸν
3513 2335 3707 2406 χρόνον

2127 2430 2395 2485 διετέλεσε
2438 2433 2570 2495 τοὺς
2609 2431 2708 2502 μὲν
2752 2432 2978 2502 ἓλληνας
3021 2428 3422 2497 ἐλευθερῶσαι,
3464 2425 3607 2497 πρὸς
3651 2425 3709 2478 δέ

2123 2521 2250 2585 τοὺς
2289 2520 2598 2592 βαρϐάρους
2655 2522 2890 2590 πόλεμον
2941 2519 3246 2587 ἐξενεγκεῖν
3271 2535 3285 2550 ο
3327 2517 3388 2569 ού
3437 2521 3544 2586 μὴν
3570 2514 3710 2567 ἀλλὰ

2128 2617 2384 2680 κάκεῖνος
2405 2615 2520 2680 ἐνὸς
2551 2615 2876 2686 πράγματος
2907 2613 3174 2684 διήμαρτε
3204 2626 3221 2645 ο
3263 2610 3358 2664 καὶ
3389 2607 3463 2680 μὴ
3494 2606 3711 2677 θαυμά-

2131 2719 2304 2772 σειας,
2349 2707 2398 2761 εί
2448 2707 2584 2778 πρός
2631 2723 2694 2759 σε
2733 2705 3113 2775 διαλεγόμενος
3167 2701 3552 2772 μνησθήσομαι
3603 2698 3714 2751 τῶν

2129 2799 2230 2852 οὐκ
2258 2798 2432 2870 ὀρθῶς
2470 2799 2562 2852 ὑπ’
2591 2797 2755 2852 αὑτοῦ
2785 2796 3138 2866 γνωσθέντων
3160 2810 3175 2825 ο
3215 2790 3457 2862 εῐθισμαί
3501 2803 3564 2842 τε
3603 2787 3714 2855 γὰρ

2135 2888 2273 2960 μετὰ
2300 2887 2617 2959 παρρησίας
2642 2888 2731 2942 ἀεὶ
2767 2887 3038 2942 ποιεῖσθαι
3065 2885 3194 2947 τοὺς
3219 2881 3430 2950 λόγους.
3471 2878 3584 2933 Καὶ
3612 2876 3714 2930 δε-

2131 2978 2334 3051 ξαίμην
2356 2979 2422 3034 ἂν
2445 2979 2672 3043 δικαίως
2700 2979 3036 3050 ἐπιτιμήσας
3059 2973 3398 3046 ἀπέχθεσθαι
3428 2969 3653 3042 μᾶλλον,
3675 2967 3711 3039 ἢ

2131 3071 2285 3142 παρὰ
2306 3069 2368 3126 τδ
2389 3071 2670 3144 προσῆκον
2691 3071 2984 3135 ἐπαινέσας
3011 3067 3360 3142 χαρίσασθαι.
3385 3065 3460 3120 Τὸ
3487 3062 3591 3136 μὲν
3620 3058 3717 3115 οὖν

2135 3165 2268 3235 ἐμὸν
2311 3163 2485 3228 οὕτως
2521 3166 2645 3236 ἔχον
2687 3166 2856 3220 ἐστίν.

457 3249 593 3306 Nam
637 3261 694 3304 et
746 3249 913 3305 libere
954 3265 1168 3319 semper
1223 3249 1386 3304 animi
1445 3265 1600 3304 sensa
1660 3250 1906 3316 proferre
1951 3254 2140 3319 soleo,
2191 3265 2247 3312 et
2301 3259 2482 3312 malim
2547 3260 2618 3314 ob
2662 3257 2864 3328 justam
2921 3257 3400 3327 reprehensionem
3446 3249 3713 3307 invidiam

457 3343 748 3410 sustinere,
777 3358 938 3412 quam
967 3357 1063 3412 per
1105 3343 1432 3398 immeritam
1466 3341 1678 3398 laudem
1704 3344 2020 3414 gratificari.
2054 3346 2137 3401 Me
2169 3347 2333 3418 igitur
2362 3365 2482 3419 quae
2515 3351 2808 3420 attingunt,
2835 3352 2934 3405 hoc
2959 3366 3080 3405 sese
3104 3351 3263 3405 modo
3297 3347 3517 3403 habent.

531 3439 727 3495 Verum
776 3437 890 3501 ille,
926 3437 1016 3508 qui
1055 3436 1107 3492 in
1139 3438 1353 3493 caeteris
1403 3436 1537 3494 alios
1577 3439 1866 3508 superabat
1903 3455 2021 3493 om-
2049 3445 2091 3502 c

457 3547 574 3599 nes,
609 3545 733 3588 cum
762 3538 909 3587 esset
936 3530 1171 3585 maxime
1204 3539 1533 3600 temperans,
1565 3531 1812 3601 idemque
1835 3531 2024 3601 justis-

457 3627 651 3688 simus,
683 3637 748 3679 ac
784 3622 1090 3693 reipublicae
1130 3620 1581 3689 studiosissimus,
1613 3622 1879 3692 duplicem
1915 3638 2024 3690 prae

458 3731 520 3773 se
545 3715 664 3772 tulit
689 3716 1059 3784 cupiditatem,
1084 3714 1394 3784 praeclaram
1419 3714 1560 3768 illam
1582 3716 1795 3784 quidem
1825 3724 2023 3768 utram-

459 3823 565 3879 que
593 3823 688 3879 per
715 3821 796 3872 se,
835 3814 896 3860 ut
924 3807 1248 3875 apparebat;
1275 3805 1366 3860 sed
1398 3805 1469 3860 ita
1498 3804 1729 3859 invicem
1761 3804 2027 3860 dissiden-

355 3891 366 3899 ’
463 3912 565 3966 tes,
600 3914 871 3968 nunquam
903 3908 962 3952 ut
993 3898 1153 3953 simul
1204 3899 1374 3952 amhze
1416 3899 1602 3953 confici
1649 3908 1885 3968 possent.
1921 3895 2028 3951 Cu-

463 3993 642 4062 piebat
678 3991 860 4060 itaque
899 4001 954 4045 et
983 4005 1104 4045 cum
1151 4005 1276 4061 rege
1321 3989 1653 4062 [Persarum]
1702 3991 1897 4045 bellum
1938 4005 2031 4060 ge-

460 4097 604 4149 rere,
636 4093 693 4138 et
713 4084 940 4149 amicos,
973 4082 1062 4152 qui
1095 4083 1161 4137 ad
1190 4097 1250 4138 se
1280 4081 1671 4151 confugissent,
1697 4082 1750 4136 in
1783 4082 2028 4137 civitates

463 4191 591 4233 suas
611 4176 890 4243 reducere,
925 4191 990 4232 ac
1017 4176 1246 4247 negotiis
1277 4175 1350 4230 ibi
1401 4175 1632 4244 publicis
1656 4191 1865 4230 summa
1907 4190 2028 4228 cum

465 4275 730 4339 potestate
751 4268 1043 4338 praeficere.
1089 4267 1230 4338 Ergo
1271 4267 1401 4320 illud
1447 4267 1570 4321 inde
1594 4269 1941 4335 sequebatur,
1976 4273 2034 4320 ut

464 4370 521 4416 et
544 4359 613 4415 ob
643 4361 878 4415 studium
910 4373 1037 4430 erga
1069 4360 1228 4423 alios,
1265 4361 1318 4413 in
1364 4358 1516 4414 bellis
1540 4373 1603 4413 ac
1635 4359 2034 4414 calamitatibus

465 4449 639 4506 ϐταιεί
672 4461 1041 4515 versarentur,
1084 4459 1139 4504 et
1167 4461 1386 4519 proltter
1421 4461 1665 4505 exortam
1699 4452 1821 4506 inde
1853 4467 2032 4507 rerum

466 4544 950 4614 perturbationem,
989 4557 1166 4610 neque
1200 4541 1294 4596 otii
1345 4542 1498 4609 satis,
1532 4557 1706 4612 neque
1737 4543 1930 4598 virium
1968 4544 2032 4597 ad

467 4637 809 4691 lacessendos
855 4635 994 4691 bello
1040 4634 1312 4690 Barbaros
1371 4634 1691 4690 invenirent.
1737 4635 1912 4702 Quare
1952 4635 2034 4691 vel

469 4745 535 4785 ex
586 4730 651 4785 iis
701 4743 820 4799 qum
863 4738 990 4783 tunc
1049 4727 1310 4798 temporis
1370 4727 1731 4798 contigerunt,
1797 4745 1901 4785 non
1955 4739 2036 4785 est

469 4820 686 4876 diﬂicile
713 4819 1032 4887 intelligere,
1065 4833 1172 4874 non
1209 4820 1463 4889 expedire
1493 4818 1512 4890 (
1543 4821 1630 4874 ubi
1668 4830 1813 4876 recta
1846 4821 2034 4876 saltem

471 4912 752 4968 obtineant
785 4910 1048 4980 consilia)
1084 4910 1280 4966 bellum
1307 4909 1508 4967 inferre
1535 4913 1646 4984 regi
1677 4914 1841 4982 prius.
1874 4930 2034 4982 quam

471 5004 692 5060 Grzecos
732 5004 998 5074 quispiam
1039 5005 1178 5060 inter
1225 5019 1284 5060 se
1319 5005 1641 5061 conciliatos
1673 5007 1740 5060 ab
1773 5007 1873 5061 hoc
1902 5023 2034 5061 cou-

421 5106 429 5172 γ
477 5096 728 5152 tendeudi
761 5100 942 5151 lurore
973 5096 1284 5152 abduxerit.
1317 5096 1433 5163 Qua
1464 5099 1530 5152 de
1563 5113 1639 5164 re,
1675 5109 1734 5152 ut
1755 5099 1891 5152 alias
1923 5102 2034 5154 dis-

472 5195 642 5258 serul,
707 5191 779 5247 ita
862 5205 1038 5260 neque
1100 5189 1260 5243 modo
1335 5190 1720 5258 supersedebo.
1801 5190 2036 5248 Tametsi

473 5287 708 5342 maxime
745 5283 965 5355 quidam
1022 5299 1087 5338 ex
1136 5283 1201 5337 iis
1234 5284 1322 5352 qui
1375 5282 1509 5336 alios
1557 5283 1751 5337 docere
1782 5299 1839 5338 se
1885 5300 2041 5354 posse

474 5377 814 5447 pollicentur,
841 5391 964 5432 cum
990 5377 1098 5430 siut
1141 5375 1241 5442 ipsi
1271 5375 1529 5428 doctrinae
1561 5375 1740 5429 omnis
1769 5388 2040 5445 expertes,

475 5477 530 5521 et
561 5482 678 5522 mea
724 5483 950 5538 carpere
988 5467 1211 5530 audent,
1245 5480 1364 5534 qua:
1396 5474 1571 5519 tamen
1603 5466 1802 5522 imitari
1830 5469 2044 5524 deside-

477 5566 618 5619 rant,
651 5560 880 5614 amentis
907 5557 1130 5613 forsitan
1163 5572 1282 5612 esse
1309 5556 1512 5622 dicant,
1545 5558 1688 5627 quod
1715 5557 1934 5615 Graecia:
1959 5575 2046 5616 me

479 5647 843 5701 calamitatum
895 5664 1024 5704 cura
1081 5655 1266 5718 tangat
1312 5645 1510 5716 aliqua,
1557 5649 1707 5719 quasi
1747 5665 1865 5705 mea
1919 5666 2044 5706 ora-

480 5740 626 5797 tioue
653 5738 842 5796 meiius
873 5756 995 5796 cum
1042 5739 1130 5795 illa
1165 5738 1248 5810 agi
1297 5739 1547 5813 deinceps
1585 5743 1756 5812 possit
1777 5753 1870 5799 aut
1898 5745 2043 5802 dete-

2205 3443 2440 3508 Ἐκεῖνος
2464 3443 2508 3498 δ’
2524 3445 2583 3497 ὲν
2604 3443 2777 3498 ἅπασι
2801 3447 2914 3506 τοῖς
2943 3443 3122 3508 ἄλλοις
3159 3441 3474 3511 διενεγκὼν,
3503 3440 3603 3495 καὶ
3625 3456 3718 3508 γε·

2129 3535 2353 3606 νόμενος
2375 3537 2826 3623 ἐγκρατέστατος,
2852 3537 2946 3590 καὶ
2972 3536 3330 3599 δικαιότατος,
3348 3536 3442 3588 καὶ
3470 3533 3714 3602 πολεμιο

2127 3624 2388 3689 κώτατος,
2413 3621 2596 3689 διττὰς
2629 3626 2786 3696 ἔσχεν
2807 3625 3124 3695 ἐπιθυμίας.
3173 3626 3357 3696 Χωρὶς
3387 3623 3485 3694 μὲν
3517 3621 3714 3675 ἐκατέ-

2127 3733 2230 3788 ραν
2249 3716 2416 3787 καλὴν
2429 3712 2568 3771 εἷναι
2586 3716 2866 3777 δοκοῦσαν,
2880 3718 2940 3773 ού
2962 3733 3024 3768 συ
3032 3715 3252 3786 μφωνού
3261 3731 3356 3778 σας
3369 3715 3414 3767 δ’
3429 3713 3716 3783 ἀλλήλαις,

2127 3809 2235 3862 οὐδ’
2249 3808 2367 3879 ἃμα
2385 3810 2718 3880 πράττεσθαι
2734 3808 3040 3879 δυναμένας
3058 3825 3073 3840 ·
3100 3807 3360 3878 ἠϐούλετο
3383 3805 3491 3875 γὰρ
3503 3803 3715 3875 βασιλεῖ

2128 3919 2189 3954 τε
2229 3901 2507 3973 πολεμεῖν,
2541 3902 2638 3955 καὶ
2667 3900 2775 3954 τῶν
2805 3901 2975 3970 φίλων
3006 3899 3134 3964 τοὺς
3169 3900 3470 3970 φεύγοντας
3499 3897 3582 3961 είς
3617 3896 3718 3958 τὰς

2131 3990 2316 4056 πόλεις
2373 3993 2728 4062 καταγαγεῖν,
2781 3991 2876 4045 καὶ
2923 3991 3150 4063 κυρίους
3207 3989 3549 4059 καταστῆσαι
3603 3985 3714 4040 τῶν

2131 4083 2496 4156 πραγμάτων.
2545 4083 2866 4137 Συνέϐαινεν
2907 4078 3000 4138 οὖν
3051 4085 3114 4136 ἐκ
3169 4081 3269 4151 μέν
3311 4081 3412 4152 τῆς
3456 4095 3719 4150 πραγμα-

2132 4175 2304 4240 τείας,
2339 4179 2437 4248 τῆς
2470 4177 2612 4248 ὑπὲρ
2633 4177 2740 4230 τῶν
2762 4177 2985 4246 ἐτέρων,
3017 4179 3076 4229 ἐν
3103 4178 3294 4238 κακοῖς
3321 4174 3416 4227 καὶ
3437 4172 3716 4236 κινδύνοις

2136 4263 2276 4321 εῖναι
2314 4268 2439 4331 τοὺς
2468 4268 2693 4340 ἓλληνας
2714 4285 2728 4300 ο
2773 4269 2861 4322 διὰ
2893 4269 2948 4322 δὲ
2977 4269 3076 4340 τὴν
3103 4267 3370 4338 ταραχὴν,
3400 4264 3499 4336 τὴν
3525 4263 3716 4317 ἐνθάδε

2135 4361 2482 4430 γιγνομένην,
2518 4360 2592 4432 μὴ
2630 4361 2824 4432 σχολὴν
2851 4360 3006 4428 ἄγειν
3026 4401 3041 4421 ,
3094 4359 3230 4429 μηδὲ
3258 4356 3520 4411 δύνασθαι
3551 4356 3717 4410 πολε-

2138 4452 2261 4520 μεῖν
2286 4452 2398 4512 τοῖς
2431 4450 2744 4522 βαρϐάροις.
2788 4452 2940 4504 Ὦστ’
2973 4451 3038 4503 ἐκ
3076 4449 3186 4502 τῶν
3227 4447 3345 4501 κατ’
3375 4447 3586 4499 ἐκεῖνον
3624 4445 3716 4498 τὸν

2137 4542 2330 4614 χρόνον
2359 4544 2540 4615 ῥᾴδιον
2588 4543 2945 4612 καταμαθεῖν,
2995 4543 3076 4596 ὄτι
3109 4541 3192 4594 δεῖ
3216 4541 3345 4604 τοὺς
3374 4538 3552 4611 ὀρθῶς
3594 4539 3718 4610 βου-

2137 4634 2465 4702 λευομένους
2511 4635 2584 4706 μὴ
2621 4636 2886 4708 πρότερον
2913 4634 3166 4705 ἐκφέρειν
3189 4633 3325 4705 πρὸς
3354 4632 3583 4703 βασιλέα
3618 4631 3719 4685 πό-

2137 4727 2323 4797 λεμον,
2351 4727 2480 4796 πρὶν
2503 4727 2569 4780 ἂν
2597 4726 2850 4799 διαλλάξῃ
2873 4741 2956 4790 τις
2982 4727 3106 4790 τοὺς
3134 4725 3380 4796 ἓλληνας.
3417 4724 3510 4778 καὶ
3529 4723 3718 4795 παύσῃ

2141 4821 2242 4891 τῆς
2273 4819 2466 4888 μανίας
2501 4819 2598 4872 καὶ
2630 4819 2730 4888 τῆς
2754 4817 3114 4888 φιλονεικείας
3136 4818 3306 4888 ἡμᾶς.
3340 4817 3477 4886 Περὶ
3504 4811 3575 4885 ἧς
3608 4815 3718 4883 ἐγὼ

2143 4915 2239 4968 καὶ
2270 4915 2534 4986 πρότερον
2589 4913 2807 4985 εἴρηκα,
2853 4912 2950 4965 καὶ⁹
2993 4910 3089 4964 νῦν
3119 4912 3420 4980 ποιήσομαι
3462 4909 3594 4970 τοὺς
3637 4907 3718 4960 λό-

2143 5021 2294 5075 γους.
2355 5005 2464 5060 Καί
2509 5004 2592 5058 τοί
2646 5019 2792 5068 τινες
2845 5002 2954 5056 τῶν
3009 5002 3275 5073 μηδεμιᾶς
3338 4999 3440 5071 μὲν
3467 4997 3719 5060 παιδείας

2146 5095 2581 5168 μετεσχηκότων,
2631 5093 2890 5150 δύνασθαι
2939 5092 2996 5147 δὲ
3038 5091 3315 5148 παιδεύειν
3353 5090 3483 5154 τοὺς
3524 5088 3717 5151 ἄλλους

2148 5187 2622 5258 ὑπισχνουμένων,
2661 5187 2750 5240 καὶ
2775 5185 2963 5256 ψέγειν
3003 5183 3102 5255 μὲν
3131 5185 3199 5238 τά
3219 5182 3329 5253 ἐμά
3359 5180 3716 5252 τολμώντων,

2150 5280 2434 5353 μιμεῖσθαι
2476 5279 2534 5333 δὲ
2582 5279 2920 5350 γλιχομένων
2951 5293 2965 5308 ⁸
3017 5277 3160 5348 τάχα
3224 5275 3289 5329 ἂν
3339 5273 3541 5344 μανίαν
3582 5268 3716 5326 εἶναι

2145 5375 2378 5446 φήσαιεν
2410 5373 2472 5426 τὸ
2505 5371 2690 5444 μέλειν
2721 5372 2844 5442 ἐμοὶ⁵
2869 5370 2981 5424 τῶν
3008 5369 3108 5440 τῆς
3147 5367 3362 5430 ἐλλάδος
3398 5365 3714 5435 συμφορῶν.

2135 5466 2335 5538 ’ῶσπερ
2359 5465 2512 5538 παρὰ
2538 5465 2663 5530 τοὺς
2721 5465 2888 5534 ἐμοὺς
2915 5463 3109 5533 λόγους
3164 5462 3197 5532 ἢ
3231 5461 3438 5530 βέλτιον
3473 5459 3507 5529 ἧ
3542 5461 3718 5529 χεῖρον

2147 5560 2317 5630 αὐτὴν
2353 5555 2662 5631 πράξουσαν
2691 5573 2706 5587 ·
2750 5551 2826 5610 ὧν
2871 5556 3096 5619 δικαίως
3133 5554 3199 5609 ἂν
3235 5553 3474 5616 ἅπαντες
3519 5549 3717 5619 πολλὴν

2149 5651 2440 5724 ἀνανδρίαν
2485 5651 2580 5705 καὶ
2622 5649 2992 5720 μικροψυχίαν
3045 5648 3366 5716 καταγνοῖεν
3414 5646 3498 5698 ὅτι
3551 5658 3715 5713 προσ·

2155 5743 2468 5816 ποιούμενοι
2509 5742 2850 5812 φιλοσοφεῖν,
2881 5741 3034 5796 αὐτοὶ
3057 5739 3158 5813 μὲν
3186 5739 3280 5793 ἐπὶ
3323 5737 3543 5810 μικροῖς
3569 5732 3708 5804 ιριλο-
