3932 6240
307 259 400 324 441

1430 259 1947 322 BIBLIOTHECA.
1986 282 2059 298 ’-
2094 262 2260 327 COD.
2292 262 2458 325 CLX-

3441 261 3548 324 442

305 371 578 442 τιμοῦνται
619 386 637 404 ο
666 366 794 433 τοὺς
829 368 889 423 δὲ
931 367 1258 440 δυναμένους
1292 370 1419 441 περὶ
1455 370 1562 425 τῶν
1593 373 1862 441 μεγίστων

1973 373 2106 427 rius.
2163 373 2309 439 Quos
2368 371 2565 429 merito
2617 387 2750 429 Sane
2790 372 2969 443 pusilli
3022 373 3206 441 nimis,
3247 386 3311 428 ac
3355 388 3543 442 parum

306 457 689 534 συμϐουλεύειν
723 457 1043 528 φθονοῦντες
1073 456 1425 512 διατελοῦσιν.
1462 452 1620 513 Οὗτοι
1647 459 1742 528 μὲν
1769 454 1863 513 οὖν

306 550 621 623 βοηθοῦντες
671 551 791 613 ταῖς
832 546 1011 601 αὐτῶν
1050 545 1376 611 ἀσθενείαις,
1423 548 1518 602 καὶ
1567 547 1863 620 ῥᾳθυμίαις

304 644 429 705 ἴσως
464 638 671 694 τοιαῦτ’
724 637 958 709 ἐροῦσιν.
1007 637 1147 706 Ἐγὼ
1191 636 1247 690 δὲ
1289 635 1462 694 οὕτως
1515 639 1602 691 ἐπ’
1638 638 1864 710 ἐμαυτῷ

305 734 444 806 μέγα
483 732 686 803 φρονῶ,
722 718 936 802 καίπερ
959 730 1054 801 ἐτη
1087 730 1324 800 γεγονὼς
1362 731 1718 801 ὀγδοήκοντα,
1770 733 1865 785 καὶ

299 824 644 879 παντάπασιν
690 820 1047 895 ἀπειρηκὼς,
1128 820 1268 874 ὥστε
1329 815 1481 891 οἶμαι
1542 822 1636 873 καὶ
1688 821 1865 888 λέγειν

297 915 420 984 ἐμοὶ
470 914 768 983 προσήκειν
815 912 1050 980 μάλιστα
1103 911 1232 980 περὶ
1280 910 1505 976 τούτων,
1549 912 1643 963 καὶ
1685 910 1866 974 καλῶς

298 1005 687 1078 βεϐουλεῦσθαι
722 1006 857 1076 πρὸς
891 1005 951 1057 σὲ
981 1004 1301 1073 ποιούμενον
1345 1002 1471 1063 τοὺς
1499 1003 1688 1071 λόγους
1714 1020 1728 1034 ·
1773 1004 1867 1057 καὶ

294 1100 457 1170 τυχὸν
486 1098 579 1153 ὑπ’
607 1098 788 1152 αὐτῶν
808 1094 1138 1166 γενήσεσθαί
1163 1112 1214 1148 τι
1236 1095 1344 1152 τῶν
1374 1095 1621 1150 δεόντων.
1674 1094 1866 1161 Ἡγοῦ-

297 1207 397 1257 μαι
434 1187 490 1243 δὲ
521 1189 615 1242 καὶ
642 1190 768 1252 τοὺς
797 1186 992 1249 ἄλλους
1020 1186 1271 1256 ἓλληνας,
1314 1186 1361 1238 εἰ
1394 1186 1631 1255 δεήσειεν
1671 1186 1867 1248 αὐτοὺς

292 1280 351 1348 ἐξ
400 1282 659 1336 ἁπάντων
716 1278 1033 1343 ἐκλέξασθαι
1073 1278 1164 1331 τόν
1211 1294 1269 1331 τε
1313 1277 1389 1348 τῷ
1420 1277 1562 1347 λόγῳ
1608 1277 1869 1332 κάλλιστα

290 1374 592 1444 δυνηθέντα
636 1370 1018 1442 παρακαλέσαι
1050 1370 1177 1431 τοὺς
1225 1368 1452 1440 ἔλληνας
1495 1370 1587 1423 ἐπὶ
1632 1369 1729 1439 τὴν
1760 1369 1869 1422 τῶν

294 1464 589 1535 βαρϐάρων
630 1462 942 1533 στρατείαν,
988 1460 1193 1514 καὶτὸν
1226 1462 1453 1530 τάχιστα
1486 1461 1744 1530 μέλλοντα
1771 1460 1871 1523 τὰς

292 1556 527 1625 πράξεις
586 1554 856 1609 ἐπιτελεῖν
929 1552 1026 1615 τὰς
1092 1553 1393 1622 συμφέρειν
1447 1551 1675 1617 δοξάσας
1705 1591 1719 1613 ,
1769 1550 1870 1605 οὐκ

290 1650 355 1704 ἂν
382 1650 583 1713 ἄλλους
612 1649 729 1702 ἀνθ’
766 1648 921 1720 ἡμῶν
950 1646 1332 1718 προκριθῆναι.
1366 1646 1475 1699 Καί
1508 1662 1588 1698 τοι
1628 1644 1747 1709 πῶς
1770 1645 1871 1698 οὐκ

1967 463 2141 518 virilis
2172 464 2337 518 animi
2384 480 2573 520 omnes
2617 480 2771 535 aeque
2810 475 3105 531 censeant;
3155 466 3298 535 quod
3326 481 3387 519 se
3417 465 3540 534 phi-

1964 553 2218 623 los0phos
2241 555 2576 623 iactitantes,
2612 573 2717 611 non
2749 557 2924 613 solum
2979 559 3076 627 ipsi
3107 557 3285 626 parvis
3319 570 3349 610 e
3382 555 3544 610 rebus

1965 645 2243 717 gloriolam
2276 648 2511 717 aliquam
2548 658 2836 715 venentur,
2868 649 2961 703 sed
3014 649 3134 704 aliis
3174 663 3410 717 quoque,
3451 648 3541 716 qui

1963 737 2032 793 de
2081 738 2375 807 majoribus
2401 740 2626 795 consilia
2666 755 2958 811 suggerere
2984 741 3214 810 possint,
3249 756 3355 793 non
3390 739 3541 795 desi-

1966 840 2097 884 nant
2140 832 2399 888 invidere.
2445 832 2621 901 Atque
2664 832 2741 887 illi
2789 834 3028 902 quidem,
3076 832 3431 887 imbecillitati
3488 842 3546 886 et
3642 820 3643 823 “

1968 923 2197 992 ignaviae
2223 926 2588 1002 obsequentes
2614 939 2723 978 suae
2770 925 2899 978 talia
2937 923 3121 979 forsan
3154 924 3347 977 dicturi
3379 930 3542 978 sunt:

1965 1028 2065 1083 ego
2101 1029 2250 1080 vero,
2297 1029 2607 1084 quanquam
2657 1016 3047 1084 octogesimum
3092 1015 3204 1083 jam
3260 1022 3419 1068 natus
3448 1028 3547 1067 an-

1966 1120 2095 1158 num
2138 1105 2352 1175 penitus
2400 1105 2593 1172 defeci,
2633 1107 2917 1174 magnifice
2968 1114 3147 1159 tamen
3188 1105 3324 1159 adeo
3356 1106 3422 1158 de
3451 1120 3537 1159 me

1966 1192 2143 1246 adhuc
2169 1193 2362 1254 sentio,
2393 1202 2450 1244 ut
2479 1200 2661 1261 putem
2690 1207 2795 1245 non
2838 1201 3045 1245 tantum
3096 1192 3200 1246 mei
3233 1191 3317 1246 vel
3348 1192 3401 1245 in
3431 1191 3545 1260 pri-

1968 1284 2072 1339 mis
2103 1285 2271 1339 fuisse
2310 1286 2554 1339 muneris
2582 1287 2647 1340 de
2683 1285 2766 1339 his
2798 1285 3001 1347 dicere.
3032 1287 3125 1339 sed
3156 1285 3319 1339 etiam
3361 1291 3541 1339 tecmn

1970 1376 2175 1445 agendo
2221 1375 2478 1444 praeclara
2527 1375 2860 1445 suggessisse
2913 1375 3163 1436 consilia,
3214 1390 3277 1429 ac
3314 1373 3545 1428 fortasse

1969 1481 2067 1534 per
2098 1469 2208 1521 haec
2235 1467 2415 1536 aliqua
2451 1477 2596 1522 recte
2622 1483 2743 1522 esse
2779 1467 3035 1535 gerenda.
3074 1465 3212 1531 Quin
3239 1476 3289 1519 et
3317 1476 3545 1520 caeteros

1969 1569 2070 1625 ego
2094 1554 2311 1610 Graecos
2356 1556 2628 1620 existimo,
2673 1556 2718 1611 si
2772 1572 2834 1610 ex
2884 1557 3028 1608 omni
3060 1571 3284 1609 suorum
3318 1570 3546 1609 numero

1972 1647 2234 1714 deligendi
2262 1648 2394 1716 ipsis
2424 1658 2754 1712 essent,cum
2777 1648 2866 1716 qui
2892 1646 3109 1702 Graecos
3136 1655 3318 1717 posset
3343 1648 3547 1716 optime

289 1744 357 1795 ἂν
411 1741 643 1811 αἰσχρὸν
681 1741 1030 1810 ποιήσαιμεν,
1082 1736 1253 1801 οὕτως
1295 1736 1531 1807 ἐντίμων
1570 1736 1760 1799 ὄντων,
1798 1728 1872 1790 ὧν

1975 1738 2221 1792 oratione
2243 1753 2338 1791 sua
2374 1738 2603 1794 incitare
2628 1740 2692 1793 ad
2727 1740 3055 1795 invadendos
3078 1740 3217 1793 bello
3249 1738 3545 1804 Barbaros,

289 1834 534 1898 ἅπαντες
562 1832 629 1886 ἂν
663 1832 809 1901 ἡμᾶς
828 1829 1148 1899 ἀξιώσειαν;
1186 1830 1248 1882 τὸ
1290 1829 1387 1899 μὲν
1433 1825 1529 1883 οῦν
1562 1829 1692 1899 ἐμὸν
1719 1830 1877 1882 ἐλατ-

287 1927 380 1979 τόν
416 1929 570 1979 ἐστιν
597 1941 613 1955 ο
653 1923 1034 1994 ἀποφήνασθαι
1059 1924 1167 1994 γὰρ
1195 1922 1231 1977 δι
1260 1922 1518 1990 γινώσκει
1550 1940 1656 1989 τις,
1684 1924 1744 1976 οὐ
1772 1924 1876 1978 πά-

289 2035 350 2069 νυ
392 2015 506 2068 τῶν
553 2012 809 2084 χαλεπῶν
860 2012 1093 2081 πέφυκε.
1138 2013 1230 2065 Σοὶ
1266 2011 1323 2065 δὲ
1385 2012 1655 2082 προσήκει
1704 2030 1873 2083 προσ-

287 2107 469 2177 έχοντι
492 2104 585 2158 τὸν
607 2103 733 2157 νοῦν
752 2105 863 2166 τοῖς
886 2102 977 2155 ὑπ’
992 2101 1126 2171 ἐμοῦ
1150 2101 1460 2171 λεγομένοις
1486 2102 1875 2173 βουλεύσασθαι

286 2195 531 2264 πότερον
578 2190 943 2262 ὀλιγωρητέον
985 2190 1103 2243 ἐστὶ
1144 2189 1255 2242 τῶν
1283 2189 1581 2258 ἑλληνικῶν
1615 2192 1877 2259 πραγμά-

286 2304 423 2348 των.
460 2285 711 2355 γεγονότι
750 2283 849 2354 μὲν
879 2282 1067 2353 ὥσπερ
1097 2281 1264 2352 ὀλίγῳ
1298 2280 1562 2353 πρότερον
1597 2280 1708 2349 ἐγὼ
1730 2281 1878 2351 διῆλ-

287 2381 381 2435 θον
415 2396 432 2411 ⁶
484 2375 717 2448 ἡγεμόνι
756 2375 813 2429 δὲ
863 2373 1295 2444 λακεδαιμονίων
1344 2373 1461 2426 ὖντι
1497 2387 1511 2402 ⁶
1568 2371 1775 2441 βασιλεῖ
1820 2370 1878 2425 δὲ

290 2468 828 2542 προσαγορευομένῳ
862 2482 877 2498 ·
920 2466 1186 2536 μεγίστην
1216 2465 1273 2519 δὲ
1304 2463 1413 2518 τῶν
1438 2464 1675 2535 ὲλλήνων
1700 2463 1878 2535 ἔχοντι

286 2562 451 2626 δόξαν
481 2577 496 2593 ·
552 2561 586 2633 ἢ
626 2560 735 2614 τῶν
769 2559 868 2629 μὲν
925 2555 1237 2612 ἐνεστώτων
1319 2557 1660 2627 πραγμάτων
1711 2556 1881 2628 ὑπερ-

287 2653 512 2716 οπτέον,
548 2652 765 2723 μείζοσι
793 2650 837 2703 δ’
867 2649 1264 2723 ἐπιχειρητέον.
1295 2647 1436 2714 Ἐγὼ
1479 2647 1577 2717 μὲν
1604 2647 1712 2716 γάρ
1736 2663 1879 2717 φημι

288 2739 496 2811 χρῆναί
528 2755 589 2792 σε
617 2739 834 2792 πάντων
862 2739 1135 2808 ἀφέμενον
1162 2736 1271 2789 τῶν
1292 2736 1487 2801 ἄλλων,
1509 2735 1651 2788 δυοῖν
1670 2735 1881 2789 τούτοιν

291 2832 591 2903 προσέχειν
617 2831 709 2884 τὸν
751 2829 875 2884 νοῦν
914 2846 927 2861 ο
957 2830 1106 2892 ὅπως
1141 2830 1268 2892 τοὺς
1317 2827 1416 2897 μὲν
1447 2826 1677 2897 ἓλληνας
1708 2828 1883 2882 ἁπαλ-

288 2923 465 2993 λάξῃς
525 2923 636 2976 τῶν
693 2922 968 2991 πολέμων,
1012 2920 1110 2974 καὶ
1147 2919 1256 2974 τῶν
1295 2919 1470 2973 ἄλλων
1514 2919 1723 2980 κακῶν,
1774 2921 1882 2973 τῶν

290 3016 392 3069 νῦν
421 3016 612 3078 αὐτοῖς
670 3016 957 3085 παρόντων
984 3030 999 3046 ·
1045 3013 1173 3077 τοὺς
1215 3013 1272 3066 δὲ
1316 3013 1623 3083 βαρϐάρους
1666 3013 1881 3083 παύσῃς

1976 1837 2087 1882 tum
2147 1828 2238 1895 qui
2297 1830 2581 1886 celerrime
2661 1831 2929 1886 conficere
2973 1842 3187 1901 posset,
3249 1846 3368 1899 qua:
3448 1833 3548 1883 titi-

1973 1918 2097 1974 liter
2126 1925 2357 1991 gerenda
2384 1924 2713 1989 viderentur,
2763 1924 2938 1977 rmllos
2970 1924 3191 1977 omnino
3226 1923 3360 1976 alios
3393 1922 3547 1975 nohis

1972 2015 2375 2084 praeposituros.
2416 2016 2481 2070 Et
2524 2031 2656 2071 vero
2691 2018 2960 2087 quomodo
2992 2031 3099 2069 non
3160 2014 3365 2084 alioqui
3428 2022 3549 2066 tur-

1974 2122 2093 2175 pem
2124 2120 2345 2175 prorsus
2381 2122 2492 2163 rem
2536 2109 3016 2171 committeremus,
3075 2122 3198 2162 cum
3251 2104 3546 2159 honorifica

1978 2200 2156 2255 forent
2190 2202 2324 2254 adeo
2354 2200 2466 2265 illa,
2522 2201 2722 2270 quibus
2762 2216 2858 2255 nos
2885 2202 3124 2254 omnium
3148 2199 3354 2268 judicio
3383 2212 3550 2251 orna-

1978 2292 2202 2345 remur?
2248 2292 2359 2346 Etsi
2409 2309 2438 2345 a
2483 2307 2567 2346 me
2606 2293 2748 2362 quod
2783 2293 3052 2363 proﬁcisci
3089 2301 3288 2361 potest,
3324 2289 3551 2344 minoris

1976 2382 2031 2437 id
2058 2398 2189 2437 sane
2213 2383 2470 2438 momenti
2512 2396 2621 2450 est;
2657 2401 2777 2439 cum
2814 2401 2928 2439 non
2961 2386 3033 2439 ita
3063 2384 3233 2439 soleat
3281 2398 3401 2439 esse
3460 2396 3553 2435 ar-

1976 2476 2161 2539 duum,
2194 2489 2344 2528 suam
2400 2475 2465 2529 de
2515 2490 2573 2530 re
2622 2475 2871 2545 quapiam
2915 2476 3242 2531 sententiam
3287 2473 3550 2542 proferre.

1976 2563 2113 2619 Cum
2157 2573 2305 2617 tuum
2342 2564 2412 2618 sit
2465 2566 2530 2618 ad
2566 2580 2626 2619 ea
2648 2567 2908 2630 animum,
2934 2580 3053 2635 qua:
3083 2564 3240 2619 modo
3296 2560 3556 2617 indicavi-

1978 2667 2120 2716 mus,
2186 2655 2552 2709 advertentem
2622 2655 2907 2723 dispicere,
2958 2654 3250 2710 Graaciaene
3317 2668 3406 2708 res
3459 2665 3556 2705 ne-

1980 2744 2238 2813 gligenda:
2286 2745 2377 2798 tibi
2423 2746 2551 2810 sint,
2574 2761 2639 2800 eo
2679 2748 2821 2816 quod
2867 2745 3026 2816 paulo
3048 2755 3174 2800 ante
3216 2744 3326 2800 dixi
3359 2755 3560 2813 genere

1984 2847 2133 2902 nato,
2160 2836 2686 2893 Lacedaemoniorum
2711 2838 2854 2903 duci,
2885 2839 2995 2910 regi
3024 2852 3236 2907 quoque
3262 2836 3561 2899 declarato,

1980 2935 2036 2979 et
2086 2927 2379 2981 maximum
2432 2929 2574 2983 intel‘
2623 2928 2839 2984 Graecos
2871 2944 3065 2984 nomen
3122 2925 3433 2989 sustinenti,
3493 2938 3561 2977 an

1986 3016 2165 3085 potius
2217 3020 2501 3086 praesentia
2553 3019 2665 3073 sint
2712 3018 3009 3073 omittenda
3057 3018 3301 3086 negotia,
3328 3030 3439 3086 quo
3469 3015 3558 3069 bis

289 3076 648 3178 ὑϐρίζοντας,
693 3076 863 3159 πλείω
895 3104 1268 3175 κεκτημένους
1316 3076 1509 3171 haec;
1559 3100 1656 3155 τοῦ
1713 3076 1872 3172 προσ-

1987 3076 2196 3175 tnajora
2217 3076 2510 3179 suspicias.
2544 3108 2625 3164 De
2651 3109 2851 3179 quibus
2873 3123 3007 3164 sane
3033 3076 3299 3180 egovillud'
3346 3076 3557 3167 .seutio,

290 3202 549 3271 ήκοντος.
598 3199 687 3262 Ὠς
710 3199 756 3253 δ’
792 3199 909 3252 ἐστὶ
944 3197 1119 3251 ταῦτα
1150 3196 1371 3260 δυνατὰ,
1395 3197 1527 3267 ἐμὸν
1552 3195 1711 3268 ἔργον
1737 3195 1881 3250 διδά-

292 3289 388 3354 ξαι
416 3290 547 3361 περὶ
574 3289 757 3343 αὐτῶν
786 3290 954 3343 ἐστίν.

1988 3197 2041 3252 in
2067 3199 2181 3253 haec
2213 3200 2320 3255 duo
2347 3201 2710 3270 potissimum,
2734 3202 2944 3257 casteria
2958 3201 3210 3257 omnibus
3230 3199 3565 3270 praetermis-

1988 3292 2084 3355 sis,
2157 3305 2278 3347 esse
2328 3293 2425 3347 tibi
2509 3294 2952 3362 incumbentium,
3010 3302 3070 3349 ut
3130 3292 3348 3347 Graecos
3416 3288 3570 3343 hisce

293 3383 478 3448 bellis,
530 3398 598 3438 ac
649 3382 906 3446 miseriis,
951 3382 1269 3452 quibuscum
1318 3382 1477 3437 hodie
1519 3382 1921 3449 conﬂictantur,
1979 3383 2228 3441 liberes:
2271 3394 2434 3450 utque
2466 3385 2819 3441 barbarorum
2882 3400 3138 3441 coerceas
3202 3381 3568 3445 insolentiam,

295 3478 390 3544 qui
422 3476 533 3545 jam
591 3476 860 3546 pluribus,
905 3490 1066 3544 quam
1111 3489 1206 3545 par
1249 3475 1341 3542 sit,
1384 3473 1542 3531 bouis
1579 3473 1875 3530 abundant.
1907 3472 1962 3531 ld
1992 3489 2175 3532 autem
2206 3477 2428 3533 confieri
2461 3474 2646 3548 posse,
2683 3492 2832 3533 meas
2880 3487 3062 3548 partes
3089 3475 3221 3531 duxi
3254 3485 3571 3531 commone-

296 3570 503 3627 facere.

1010 3658 1132 3715 ΡΞ’.

2059 3684 2067 3693 -
2709 3655 2869 3713 CLX.

298 3756 586 3822 Χορικιου
610 3751 911 3834 Σρςοέ-σερῦ
925 3753 1097 3834 λόγοι
1115 3751 1410 3834 διάφοροι,
1433 3750 1532 3832 καὶ
1554 3753 1872 3834 ﬂamonio,

1993 3747 2225 3834 Chorifti
2256 3748 2518 3834 Scyreist
2553 3746 2962 3832 declamationes
3007 3746 3189 3834 υτίεὶω,
3237 3755 3292 3834 ςι
3325 3743 3575 3815 Procopii

374 3815 921 3893 ὃοριστοῦΤάζης
961 3815 1191 3892 στίχων
1215 3815 1550 3892 ’Ὁμηρικῶν
1586 3815 1872 3893 Μεταφρά

2135 3815 2750 3876 ϐαιωὶᾞοηιενὶεοτιιηι
2780 3834 3022 3873 versuum
3048 3815 3431 3888 Hetaphrases.

373 3910 532 3959 σεις.

373 3985 506 4061 [556
540 3984 633 4058 R.]
651 3984 993 4058 Ἀνεγνώσθη
1011 3986 1268 4059 Χορικίου
1295 3986 1548 4058 σοφιστοῦ
1570 3986 1749 4056 Γάζης
1771 3989 1872 4041 Μει

2063 3977 2243 4036 Lecta:
2265 3987 2397 4033 sunt
2428 3976 2670 4055 Choricii
2704 3976 2976 4046 SOphistze
3004 3975 3183 4031 ϐοιτεὶ
3217 3974 3576 4031 Declamatio-

304 4082 475 4134 λέται
500 4077 600 4133 καὶ
620 4078 946 4146 Συντάξεις
966 4080 1165 4149 λόγων
1191 4079 1481 4149 διάφοροι.
1514 4073 1682 4144 Οὗτος
1713 4078 1866 4150 χαίρε

2003 4090 2090 4127 nes
2150 4072 2560 4141 Orationumque
2607 4070 2804 4124 classes
2860 4070 3024 4123 varia:
3071 4067 3207 4139 (63).
3253 4066 3463 4123 Gaudet
3489 4068 3578 4122 hic

312 4170 412 4241 μὲν
436 4171 723 4241 εύκρινείᾳ
766 4172 861 4225 καὶ
895 4170 1251 4243 καθαρότητι,
1286 4175 1365 4236 είς
1409 4172 1472 4225 τὸ
1521 4173 1793 4243 χρήσιμον
1838 4169 1872 4222 δὲ

2002 4173 2257 4220 accurata
2281 4164 2626 4218 distinctione
2669 4170 2830 4231 atque
2869 4161 3109 4229 puritate
3143 4176 3157 4214 :
3191 4174 3254 4213 ac
3287 4160 3331 4213 si
3361 4159 3578 4228 quando

310 4263 407 4315 καὶ
450 4263 520 4332 τῇ
570 4261 831 4335 περιϐολῇ
876 4263 1213 4335 κεχρημένος
1256 4262 1335 4335 τῷ
1396 4281 1454 4317 τε
1515 4265 1760 4333 εὐκαίρῳ
1800 4265 1872 4316 κα

2005 4257 2254 4311 utilitatis
2291 4255 2518 4324 alicuius
2564 4254 2737 4323 gratia
2763 4253 2925 4307 etiam
2967 4250 3442 4305 circumductione
3475 4250 3580 4303 nti-

312 4354 389 4425 τῷ
407 4353 455 4385 ⁸⁵
495 4353 574 4426 μὴ
602 4356 681 4418 είς
704 4354 879 4425 μῆκος
912 4356 1161 4426 περιόδου
1197 4355 1401 4423 ταύτην
1428 4356 1782 4425 παρατείνειν
1806 4354 1867 4407 οὐ

1973 4359 2111 4415 .tur,
2191 4358 2300 4402 tam
2363 4362 2484 4400 eam
2563 4354 2865 4414 opportune
2937 4340 3180 4408 adhibet,
3242 4342 3295 4394 in
3367 4340 3576 4410 periodi

315 4446 398 4501 δὲν
447 4449 517 4517 τῇ
553 4446 826 4517 σαφηνείᾳ
882 4447 1222 4518 λυμαίνεται,
1262 4446 1382 4518 ἤθει
1431 4463 1488 4500 τε
1533 4447 1629 4500 καὶ⁵
1673 4444 1872 4515 ἀληθεί‹

2007 4438 2396 4509 longitudinem
2434 4450 2774 4506 nequaquam
2805 4434 3165 4496 excurrendo,
3194 4432 3327 4486 nihil
3360 4442 3419 4485 ut
3451 4446 3575 4499 per—

320 4538 728 4612 συγκέκραται,
776 4537 896 4591 οὐδὲ
953 4539 1053 4608 τῆς
1111 4538 1523 4608 γνωμολογικῆς
1568 4535 1615 4570 ⁸³
1666 4534 1867 4604 σπουδῆ

1999 4530 2338 4601 spicuitatent
2375 4529 2552 4582 laedat.
2587 4526 2765 4581 Mitior
2795 4526 2921 4579 item
2974 4524 3201 4578 affectus
3229 4524 3369 4592 apud
3406 4525 3576 4589 ipsum

321 4628 587 4702 ἀποχῶν.
606 4630 670 4684 Ἦ
700 4630 757 4684 δέ
787 4647 851 4698 γε
884 4629 1025 4695 λέξις
1054 4629 1202 4698 αύτῷ
1233 4629 1342 4682 τῶν
1376 4628 1615 4695 λογάδων
1637 4627 1772 4699 [175
1803 4626 1868 4681 Η.

1999 4624 2218 4692 egregio
2261 4621 2499 4676 candore
2550 4628 2904 4687 temperatur,
2942 4632 3115 4683 neque
3167 4625 3344 4667 tamen
3378 4614 3497 4666 idco
3546 4629 3574 4664 a

322 4721 453 4775 οὖσα
486 4723 545 4774 ὲν
585 4720 800 4783 πολλοῖς
829 4721 931 4773 οὐκ
957 4720 1045 4773 διεδ⁹
1075 4720 1135 4773 τὸ
1161 4720 1381 4790 γνήσιον
1402 4718 1589 4771 διώκει
1621 4734 1637 4749 ο
1663 4718 1778 4770 ἐσθ’
1806 4717 1872 4770 ὅτι

2002 4717 2159 4769 ducta
2196 4712 2400 4767 recedit
2430 4710 2734 4779 diligentia.
2785 4707 3013 4762 Selectis
3051 4708 3220 4758 utitur
3265 4703 3581 4773 plerumque

323 4815 429 4885 γὰρ
455 4814 544 4869 διὰ
592 4813 693 4884 τὴν
738 4813 977 4883 ἄκρατον
1007 4812 1107 4881 τῆς
1148 4811 1358 4881 τροπῆς
1400 4810 1448 4842 ⁸⁵
1498 4809 1773 4881 ἐκτροπὴν
1815 4811 1866 4862 εί

2009 4805 2251 4871 vocibus,
2277 4803 2381 4857 etsi
2428 4818 2532 4855 non
2564 4814 2779 4868 semper
2807 4797 3098 4868 genuinum
3145 4794 3247 4849 illa:
3278 4808 3433 4849 suum
3468 4807 3584 4847 ser-

325 4905 686 4978 ψυχρολογίαν
708 4905 985 4960 ἐκπίπτει.
1016 4904 1124 4957 Καὶ
1152 4902 1285 4973 πρὸς
1310 4903 1372 4955 τὸ
1396 4902 1823 4973 ποιητικώτερον
1848 4900 1872 4953 δ

2011 4908 2137 4951 vent
2184 4912 2359 4950 usum.
2412 4892 2683 4947 lnterdmu
2720 4891 2862 4945 enim
2912 4890 2982 4945 ob
3042 4888 3238 4942 nudant
3293 4886 3590 4957 figurarum

330 4998 471 5052 ἔστιν
517 4990 581 5051 οὗ
638 4996 1045 5067 παρασύρεται.
1097 4996 1384 5065 Χρήσιμος
1434 4993 1491 5045 δέ
1542 4995 1691 5045 ἐστιν
1744 4991 1872 5045 αὐτὸ

2011 4988 2361 5043 deﬂexionem
2408 4987 2460 5039 in
2512 4984 2764 5050 frigidam
2812 4983 2999 5035 incidit
3045 4982 3374 5035 dictionem:
3426 4987 3481 5031 et
3506 4986 3590 5034 est

333 5089 520 5143 ἑαυτοῦ
564 5090 766 5159 μᾶλλον
822 5089 1122 5156 ἐκφράσεις
1169 5086 1265 5139 καὶ
1318 5085 1571 5155 ἐγκώμια
1621 5083 1872 5153 διερχόμε

2015 5081 2105 5135 ubi
2155 5080 2222 5135 ad
2280 5078 2550 5146 poeticum
2596 5076 2776 5145 potius
2818 5074 3018 5146 stylum
3070 5071 3361 5127 delabitur.
3415 5067 3591 5121 Vincit

335 5201 419 5246 νος
442 5184 511 5238 ⁸⁷.
547 5185 702 5237 Ἔστι
727 5183 785 5236 δὲ
807 5182 902 5235 καὶ
928 5181 1025 5251 τῆς
1054 5180 1338 5243 εὐσεϐείας
1370 5180 1630 5250 ἐραστὴς,
1673 5179 1739 5228 τὰ
1770 5177 1872 5245 Χρι

2014 5181 2194 5226 autem
2229 5170 2488 5238 scipsnm,
2526 5167 2971 5237 praestantiorque
3004 5177 3110 5227 est,
3140 5169 3264 5217 dum
3306 5164 3356 5216 in
3384 5162 3588 5216 descri-

339 5274 561 5330 στιανῶν
615 5274 783 5347 ὄργια
840 5274 936 5328 καὶ
984 5272 1191 5344 τεμένη
1238 5270 1413 5343 τιμῶν
1444 5287 1459 5301 ·
1510 5269 1651 5339 πλὴν
1686 5267 1785 5321 οὐκ
1812 5261 1872 5320 aii

2022 5262 2299 5334 ptionibus
2330 5278 2395 5316 ac
2423 5259 2826 5316 laudationibus
2842 5269 3108 5316 versatur.
3133 5254 3430 5325 Religionis
3460 5253 3588 5309 item

1647 5406 1883 5465 VARle
1922 5404 2322 5462 LECTIUNES.

405 5506 453 5544 ⁸⁸
479 5507 556 5581 τῷ
585 5517 704 5579 post
724 5507 823 5561 καὶ
849 5521 960 5564 om.
984 5510 1048 5563 Α.
1126 5507 1172 5540 ⁸⁵
1200 5501 1545 5575 γνωμονικῆς
1566 5502 1606 5558 C
1631 5518 1692 5566 ς.
1765 5500 1811 5531 ⁸⁸
1834 5495 2147 5570 προτροπῆς
2172 5511 2231 5562 ς.
2310 5494 2353 5530 ⁸⁷
2386 5492 2787 5567 διεξερχόμενος
2822 5508 2885 5557 ς.

1811 5608 2046 5666 ΝυΤᾹῘ.

415 5714 522 5785 {65)
574 5714 862 5781 Συντάξεις
889 5715 1077 5786 quales
1110 5728 1229 5770 mox
1262 5724 1499 5783 quinque
1531 5714 1903 5766 numerantur.
