3932 6240
341 235 449 306 ω

1465 241 1726 304 ΡΗΟΤΙῙ
1758 241 2258 304 ΡΑΤΒΙΑΒΕΗίΕ
2289 240 2395 301 CP.

3451 231 3560 298 444

345 363 556 411 amans,
603 348 1031 405 Christianorum
1075 364 1229 403 sacra
1276 349 1520 417 ritusque
1575 359 1905 406 veneratur:

2033 350 2158 412 ἰπως
2202 349 2478 418 ὀλιγώρως
2523 347 2617 400 καὶ
2667 345 2809 418 λόγῳ
2845 346 2942 401 σὺν
2995 332 3194 401 οὐδενῖ
3219 346 3421 418 μύθους
3475 350 3575 404 καὶ

348 441 452 494 nisi
485 441 628 503 quod
662 441 847 495 nescio
869 458 971 511 qua
991 441 1328 510 negligentia,
1363 451 1413 496 et
1444 442 1560 494 sine
1592 442 1695 494 ulla
1727 456 1908 505 causa,

345 546 471 585 cum
525 531 743 585 minime
789 531 965 595 decet,
990 530 1196 584 fabulas
1243 531 1605 598 historiasque
1631 531 1910 599 gentilium

350 620 567 688 Scriptis
619 619 732 673 suis
774 619 1118 673 admisceat:
1163 618 1428 672 interdum
1478 617 1640 671 etiam
1684 632 1804 670 cum
1849 618 1916 670 de

353 713 513 764 rebus
566 711 736 764 sacris
773 711 1010 764 disserit.
1055 708 1214 762 Varia
1255 717 1432 762 autem
1472 708 1810 778 plurimaque
1849 706 1916 760 ab

353 803 448 857 illo
511 803 816 856 litterarum
869 801 1228 855 monumentis
1285 800 1494 870 prodita
1567 799 1620 851 in
1668 797 1917 850 manibus

354 903 658 948 versantur.
701 893 959 960 Reperias
997 893 1140 946 enim
1172 891 1286 958 ejus
1332 889 1579 944 lictorum
1613 887 1726 957 (64)
1756 901 1915 956 argu-

353 995 656 1040 mentorum
687 987 956 1038 orationes
984 986 1333 1054 panegyricas
1360 981 1494 1052 (65),
1524 980 1916 1043 lamentabiles,

356 1075 640 1142 nuptiales,
698 1074 1085 1137 refutationes,
1123 1085 1174 1126 et
1212 1074 1262 1126 id
1308 1088 1477 1142 genus
1507 1071 1628 1124 alia.
1669 1069 1918 1139 IEqualis

355 1166 458 1219 fuit
501 1164 792 1219 Justiniani
846 1165 1098 1234 Augusti,
1151 1165 1444 1230 discipulus
1488 1177 1617 1216 vero
1671 1159 1917 1226 Procopii

358 1255 591 1308 rhetoris
639 1253 768 1322 (non
806 1252 946 1306 illius
994 1252 1104 1324 (6(5)
1133 1252 1478 1306 Caesariensis
1511 1251 1921 1320 tamen)103a

362 1345 520 1399 unius
561 1360 592 1399 e
629 1345 854 1399 summis
897 1344 1022 1397 viris
1059 1361 1073 1398 :
1119 1344 1206 1410 qui
1258 1344 1583 1412 temporibus
1616 1344 1720 1394 Illis
1756 1342 1922 1394 ιιιιιΙιιι

360 1444 416 1489 et
479 1435 628 1487 utilia
691 1436 1014 1498 scribendo,
1074 1443 1384 1502 perpetuam
1453 1436 1535 1486 sui
1607 1433 1920 1485 memoriam

363 1525 671 1578 hominibus
721 1525 992 1593 paululum
1038 1524 1198 1576 modo
1238 1522 1648 1576 humanioribus
1687 1523 1922 1590 reliquit.

364 1613 551 1667 Altero
580 1613 691 1682 (67)
737 1613 861 1666 item
897 1615 946 1666 in
977 1629 1038 1666 ea
1072 1614 1181 1680 ipsa
1223 1629 1318 1666 sua
1352 1613 1522 1680 patria
1548 1614 1767 1664 doctore
1796 1625 1924 1662 usus

364 1717 468 1768 εει,
501 1707 724 1774 perinde
755 1707 986 1768 rhetore,
1025 1707 1108 1758 cui
1132 1707 1241 1773 jam
1280 1715 1437 1758 mtate
1467 1703 1656 1758 affecta
1684 1703 1924 1770 gratissi-
1957 1685 1999 1738 Β

366 1815 511 1854 mum
566 1799 759 1854 accidit
803 1799 1124 1866 discipulum
1163 1815 1317 1852 suum
1358 1799 1544 1850 videre
1578 1798 1798 1851 docendi
1829 1811 1924 1864 pro

365 1907 426 1947 se
478 1907 672 1945 muuus
716 1902 1086 1957 occupantem.
1137 1889 1304 1954 Hujus
1349 1904 1562 1958 quoque
1614 1887 1734 1941 libri
1774 1886 1925 1940 multi

367 1985 479 2054 (68)
511 1984 779 2053 varia-que
803 1983 1062 2036 doctrinae
1089 1980 1568 2044 circumferuntur,
1597 1979 1732 2032 lectu
1759 1989 1926 2048 atque

369 2075 668 2130 imitatione
697 2076 862 2143 digni.
901 2075 995 2128 Est
1029 2075 1154 2126 item
1186 2073 1320 2125 liher
1353 2072 1466 2140 ejus
1499 2072 1706 2139 integer
1741 2070 1938 2126 Home-

369 2168 597 2220 ricorum
652 2182 892 2220 versuum
948 2163 1303 2232 Metnpltraser
1338 2163 1470 2231 (69),
1510 2163 1676 2215 variis
1723 2162 1935 2216 dicendi

371 2258 561 2313 formis
591 2268 954 2320 commutata},
990 2272 1107 2322 qua:
1134 2270 1401 2308 summam
1443 2255 1540 2306 viri
1571 2269 1694 2306 cum
1725 2253 1937 2307 dicendi

371 2347 706 2412 facultatem,
771 2357 880 2400 tum
937 2345 1318 2398 declamitandi
1372 2345 1476 2396 vim
1535 2345 1672 2398 satis
1730 2359 1824 2412 per
1881 2359 1942 2400 se

370 2448 572 2508 queant
613 2439 917 2500 ostendere,
964 2452 1126 2506 quam
1188 2437 1461 2497 virtutem,
1522 2437 1695 2504 quoad
1741 2436 1857 2506 ejus
1901 2451 1934 2491 a

371 2528 636 2597 discipulo
665 2528 779 2583 fieri
824 2535 1018 2598 potest,
1059 2529 1111 2580 in
1146 2526 1493 2581 Orationibus
1522 2526 1806 2582 Choricius
1839 2543 1936 2582 ex-

373 2622 590 2691 pressit.
625 2620 866 2691 Uterque
900 2620 1155 2689 pius_est,
1196 2632 1260 2672 ac
1298 2633 1664 2686 saepenumero
1713 2619 1766 2672 iu
1821 2619 1936 2673 suis

372 2713 734 2778 orationibus,
783 2728 955 2780 neque
1001 2711 1097 2766 abs
1149 2727 1225 2773 re,
1275 2711 1342 2764 de
1381 2724 1536 2763 sacro
1573 2710 1935 2764 faciendarum

2016 439 2252 509 ἱστορίας
2297 438 2630 509 Ἑλληνικὰς,
2661 439 2720 491 ού
2753 439 2871 491 δέον
2915 439 2981 499 ⁸⁸,
3007 437 3438 508 ἐγκαταμίγνυσι
3463 442 3576 502 τοῖς

2012 529 2205 584 ἑαυτοῦ
2241 530 2667 599 συγγράμμασιν
2707 530 2832 602 [557
2869 529 2964 602 IL]
3007 530 3149 583 ἔστιν
3181 531 3268 583 ὅτε
3301 531 3394 583 καὶ
3433 533 3574 599 ἱεροο

2013 622 2207 690 λογῶν.
2232 621 2455 674 Ποικίλα
2477 621 2532 674 δὲ
2554 621 2716 674 αὐτοῦ
2739 623 2833 674 καὶ
2855 621 3027 682 πολλὰ
3051 621 3458 692 συγγράμματα
3484 620 3578 689 φέ-

2017 731 2170 784 ρεται
2197 714 2633 783 ’πλασματικοῖς
2663 729 2723 765 τε
2763 713 2868 785 γὰρ
2909 713 3004 766 καὶ
3044 714 3438 784 πανηγυρικοῖς
3481 712 3578 765 καὶ

2019 801 2305 873 μονῳδίαις
2333 804 2425 854 καὶ
2453 801 2836 873 ὲπιθαλαμίοις
2863 804 2957 856 καὶ
2982 803 3386 873 ἀντιρῤητικοϊς
3428 801 3578 855 ἐστιν

2017 893 2178 946 αὐτοῦ
2205 893 2383 962 λόγοις
2412 894 2648 963 ἐντυχεῖν
2675 897 2768 947 καὶ
2790 893 3048 955 τοιούτοις
3075 894 3298 964 ἑτέροις.
3322 894 3579 962 Ἧκμασε

2016 985 2072 1037 δὲ
2103 987 2160 1038 ἐν
2184 988 2294 1048 τοῖς
2333 985 2707 1039 ἰουστινιανοῦ
2748 987 2978 1057 χρόνοις.
3015 988 3206 1056 Γέγονε
3241 988 3297 1040 δὲ
3329 988 3583 1058 μαθητὴς

2018 1074 2324 1144 Προκοπίου
2360 1077 2604 1146 ῥήτορος,
2636 1076 2754 1139 ὲνὺς
2782 1077 2891 1129 τῶν
2942 1077 3200 1149 ἀρίστων,
3229 1079 3291 1132 ού
3327 1078 3421 1131 τοῦ
3445 1079 3584 1130 Και-

2021 1165 2227 1234 σαρέως
2251 1165 2325 1229 δὲ,
2357 1165 2413 1228 ὃς
2436 1167 2518 1226 είς
2551 1167 2692 1236 μέγα
2721 1169 2906 1238 κτῆμα
2933 1169 3024 1222 καὶ
3046 1169 3236 1238 ὄφελος
3258 1169 3378 1223 κατ’
3407 1171 3585 1223 ἐκεῖνο

2021 1255 2212 1326 καιροῦ
2234 1255 2330 1319 τὰς
2363 1258 2638 1327 ἱστορικὰς
2660 1259 2704 1288 ⁸⁹
2733 1259 2950 1329 γραφὰς
2978 1260 3236 1326 συντάξας
3254 1261 3585 1332 ἀείμνηστον

2021 1345 2185 1399 αὑτοῦ
2219 1347 2371 1410 κλέος
2395 1350 2505 1410 τοῖς
2537 1349 2972 1420 σπουδαιοτέροις
3006 1350 3393 1404 καταλέλοιπεν
3426 1368 3441 1382 ο
3469 1353 3588 1404 ἑτέ-

2024 1457 2102 1510 ρῳ
2127 1440 2182 1491 δέ
2235 1457 2342 1491 τινι
2390 1441 2805 1511 προσωμίλησεν
2853 1444 2910 1494 ὲν
2939 1445 3004 1512 τῇ
3037 1444 3170 1513 αὐτῇ
3229 1443 3452 1513 πατρίδι
3492 1444 3588 1496 καὶ

2023 1530 2171 1600 αὐτῷ
2207 1530 2419 1600 λαχόντι
2454 1534 2814 1600 σοφιστεύειν,
2850 1534 2908 1598 ὃς
2937 1535 3030 1586 καὶ
3060 1537 3136 1597 είς
3166 1536 3340 1605 γῆρας
3385 1535 3587 1598 ἐλάσας

2026 1621 2198 1691 ἡδέως
2237 1617 2384 1692 εἶχεν
2413 1624 2543 1693 όρᾷν
2573 1623 2688 1676 ἀνθ’
2721 1624 2913 1676 ἑαυτοῦ
2933 1627 3023 1678 τὸν
3055 1625 3318 1696 ὁμιλητὴν
3343 1625 3442 1695 τῆς
3468 1643 3591 1694 σχο-

2029 1713 2126 1781 λῆς
2161 1712 2538 1784 ὲξηγούμενον.
2565 1714 2767 1766 Τούτου
2795 1715 2942 1783 λόγοι
2969 1715 3214 1768 πολλοί⁹⁰
3232 1734 3291 1768 τε
3318 1717 3414 1769 καὶ
3448 1733 3591 1768 παν-

2029 1804 2252 1856 τοδαποὶ
2279 1792 2554 1874 φέρονται,
2577 1804 2724 1870 ἀξιον
2746 1805 2912 1876 ζήλου
2941 1808 3035 1858 καὶ
3065 1808 3347 1878 μιμήσεως
3377 1807 3590 1878 χρῆμα.

2032 1896 2124 1948 καὶ
2155 1895 2218 1964 δὴ
2244 1896 2335 1948 καὶ
2367 1895 2568 1966 βιϐλίον
2605 1897 2746 1962 ὅλον,
2787 1898 3012 1966 στίχων
3054 1896 3381 1966 Ὁμηρικῶν
3407 1900 3594 1952 Μετα-

2032 1985 2284 2055 φράσεις
2313 1987 2393 2046 είς
2425 1987 2674 2050 ποικίλας
2706 1987 2880 2055 λόγων
2917 1989 3060 2051 ἰδέας
3097 1988 3595 2058 ἐκμεμοριρωμέναι

2035 2077 2089 2129 αἳ
2119 2075 2350 2144 μάλιστα
2379 2075 2475 2145 τὴν
2503 2075 2595 2128 τοῦ
2636 2077 2826 2146 ἀνδρὸς
2869 2077 3002 2147 περὶ
3036 2075 3328 2148 ῥητορικὴν
3365 2076 3596 2144 δύναμιν

2037 2169 2134 2220 καὶ
2167 2167 2395 2236 μελέτην
2431 2169 2614 2220 ἱκαναὶ
2650 2168 2952 2236 πεφύκασιν
2977 2169 3340 2238 ἀπαγγέλλειν
3371 2187 3384 2200 ·
3416 2163 3478 2222 οὗ
3514 2186 3600 2220 τι-

2037 2275 2144 2322 νος,
2171 2258 2244 2320 ὡς
2265 2257 2378 2310 ἔστι
2397 2258 2617 2310 δυνατὸν
2649 2259 2883 2329 μαθητῇ,
2910 2260 3160 2329 Χορίκιος
3189 2259 3430 2329 μιμητὴς
3455 2258 3600 2310 κατὰ

2035 2351 2163 2412 τοὺς
2191 2349 2377 2417 λόγους
2396 2350 2637 2416 γέγονεν.
2674 2351 2873 2418 Ἀμφω
2891 2351 2946 2404 δὲ
2973 2351 3142 2421 ἤστην
3177 2350 3474 2414 εὐσεϐἐε⁹¹,
3504 2351 3600 2401 καὶ

2041 2441 2307 2511 πολλαχοῦ
2335 2445 2447 2504 τοῖς
2492 2442 2668 2510 λόγοις
2714 2442 2912 2506 αὐτῶν,
2961 2444 3082 2496 οὐδὲ
3113 2443 3426 2514 παρέργως,
3471 2441 3602 2509 περ)⁸

2037 2533 2136 2601 τῆς
2169 2533 2320 2601 ἱερᾶς
2344 2532 2736 2604 κείκονουργίας
2784 2534 3258 2604 διαλαμϐάνουσιν.
3313 2534 3507 2601 Γέγονε
3545 2532 3604 2584 δὲ

2036 2624 2278 2696 Χορικίῳ
2323 2625 2424 2680 καὶ
2473 2627 2506 2697 ἡ
2553 2623 2649 2678 τοῦ
2683 2624 3004 2681 διδασκάλου
3054 2627 3279 2698 τελευτὴ
3313 2623 3605 2694 ἐπιταφίου

2039 2715 2316 2781 ὑπόθεσις.

376 2807 666 2875 imaginum
745 2821 842 2860 usu
879 2806 1173 2861 disserunt.
1225 2805 1306 2859 Ex
1348 2801 1601 2874 Procopii
1650 2819 1778 2860 vero
1823 2810 2170 2879 praeceptoris
2249 2812 2404 2868 obitu
2452 2814 2712 2886 epitaphii
2794 2820 3169 2883 argumentum
3223 2809 3476 2865 Choricio
3523 2818 3608 2864 est

374 2900 638 2956 oblatum.

1055 2988 1239 3046 CLXI.

551 3084 768 3155 Sopatri
804 3083 1181 3148 Excerptorum
1215 3083 1476 3136 variorum
1503 3081 1627 3136 libri
1657 3097 1754 3136 ιιι.

450 3179 631 3234 Lectae
656 3188 783 3231 sunt
823 3173 1033 3244 Eclogw
1072 3175 1231 3228 varia:
1272 3174 1525 3226 doctrina:
1559 3172 1712 3228 libris
1739 3173 1944 3228 duode-

379 3271 488 3327 cim
541 3268 760 3338 Sopatri
827 3267 1083 3338 s0phista:
1136 3265 1270 3335 ('70).
1334 3264 1561 3335 Collegit
1616 3275 1794 3319 autem
1845 3265 1948 3320 hoc

380 3379 520 3435 Opus
547 3377 578 3418 e
608 3361 790 3416 multis
827 3369 880 3414 et
922 3358 1154 3413 diversis
1194 3357 1490 3422 historicis,
1519 3370 1679 3426 atque
1716 3359 1946 3425 scripto-

384 3457 551 3510 ribus.
583 3453 795 3507 Primus
825 3453 1007 3520 itaque
1035 3450 1169 3504 liber
1199 3453 1264 3504 de
1289 3448 1547 3503 fabulosis
1575 3449 1808 3516 gentium
1847 3447 1950 3502 diis

383 3547 518 3616 agit.
570 3545 747 3598 Electa
807 3544 921 3597 lure
969 3557 1032 3596 ex
1087 3541 1393 3610 Apollodori
1439 3539 1549 3609 (7|)
1606 3538 1741 3592 libro
1791 3540 1949 3592 tertio

386 3638 465 3691 De
505 3635 631 3697 diis,
666 3633 756 3703 qui
807 3633 980 3704 patria
1026 3631 1372 3686 Atheniensis
1421 3630 1821 3698 grammaticam
1856 3631 1951 3683 do-

381 3728 519 3784 cuit.
551 3725 662 3781 Nec
698 3741 824 3779 vero
855 3741 884 3779 e
924 3724 1088 3778 tertio
1128 3724 1390 3777 duntaxat
1419 3723 1555 3776 libro
1586 3722 1698 3776 haec
1729 3720 1948 3790 selegit;

387 3823 483 3879 sed
524 3832 580 3876 et
606 3836 638 3876 e
677 3832 896 3890 quarto,
927 3819 1137 3889 quinto,
1176 3834 1239 3872 ac
1286 3833 1449 3872 nouo.
1498 3816 1628 3870 Item
1674 3831 1706 3872 e
1754 3817 1948 3886 primo,

389 3912 730 3978 duodecimo,
763 3912 973 3967 decimo
996 3911 1204 3980 quinto,
1235 3919 1288 3964 et
1333 3909 1542 3964 decimo
1581 3920 1753 3970 sexto,
1786 3924 1953 3978 usque

389 4005 459 4058 ad
511 4013 760 4073 quartum
815 4011 870 4057 et.
921 4002 1253 4057 vicesimum.
1301 3999 1508 4066 Quibus
1574 4001 1951 4068 eollectaueis,

392 4110 514 4164 qua:
543 4093 611 4148 de
641 4093 740 4147 diis
783 4091 1025 4146 fabulose
1068 4091 1187 4145 ficta
1242 4101 1389 4154 sunt,
1432 4105 1658 4160 quaeque
1701 4091 1956 4145 historice

392 4193 706 4247 narrantur,
732 4182 1402 4252 complectituruniversa,
1429 4191 1486 4234 ut
1511 4191 1565 4235 et
1591 4181 1656 4234 de
1681 4182 1951 4247 heroibus,

393 4290 460 4330 ac
505 4273 780 4328 Dioscuris
828 4273 978 4344 (72),
1019 4273 1084 4327 de
1133 4274 1198 4327 iis
1244 4274 1391 4336 item,
1439 4272 1526 4341 qui
1571 4273 1706 4339 apud
1756 4272 1957 4328 inferos

2684 2992 2836 3049 ΡΞΑ.

1967 3048 2013 3109 C
2117 3085 2438 3156 Σωπάτρου
2463 3087 2736 3156 Ἕκλοταὶ
2769 3086 3041 3158 διάφοροι
3062 3086 3134 3140 ἐν
3154 3085 3418 3150 βιϐλίοις
3441 3086 3539 3149 ιβ’.

2127 3177 2567 3251 Ἀνεγνὼσθησαν
2608 3179 2883 3249 Ἐκλογαὶ
2904 3178 3174 3248 διάφοροι
3206 3179 3264 3230 ὲν
3297 3177 3524 3245 βιϐλίοις
3549 3179 3600 3222 θ’

2049 3269 2114 3340 ιβ’
2173 3271 2470 3342 Σωπάτρου
2523 3271 2801 3340 σοφιστοῦ.
2859 3270 3206 3324 Συνείλεκται
3254 3271 3312 3323 δὲ
3360 3268 3512 3340 αύτῷ
3555 3268 3617 3321 τὸ

2049 3361 2251 3433 βιϐλίον
2303 3363 2368 3415 ἐκ
2427 3362 2635 3416 πολλῶν
2699 3363 2795 3416 καὶ
2870 3361 3142 3432 διαφόρων
3211 3359 3460 3431 ἱστοριῶν
3521 3361 3618 3412 καὶ¹

2047 3451 2410 3523 γραμμάτων.
2440 3453 2513 3506 Τὸ
2545 3453 2641 3522 μὲν
2664 3448 2756 3505 οὖν
2785 3453 3004 3523 πρῶτον
3026 3451 3154 3520 περὶ
3203 3450 3313 3503 τῶν
3365 3448 3618 3518 παρ’·ἒλ-

2048 3543 2172 3613 λησι
2213 3543 2693 3613 μυθολογουμένων
2744 3543 2895 3596 Θεῶν
2942 3541 3296 3610 διαλαμϐάνει
3324 3557 3338 3572 ο
3372 3540 3401 3593 ὃ
3439 3541 3620 3592 συνεί-

2049 3636 2236 3688 λεκται
2265 3637 2326 3688 ὲκ
2354 3635 2461 3688 τῶν
2503 3633 2902 3704 Ἀπολλοδώρου
2962 3634 3101 3702 Περὶ
3162 3629 3322 3687 Θεῶν
3376 3630 3425 3701 γ’
3459 3631 3620 3699 λόγου

2053 3729 2364 3799 (Ἀθηναῖος
2392 3728 2448 3781 δὲ
2481 3728 2508 3779 ό
2549 3726 2964 3795 Ἀπολλόδώρος,
2994 3726 3088 3778 καὶ
3116 3723 3500 3796 γραμματικὸς
3521 3723 3622 3792 τὴν

2050 3820 2288 3890 τέχνην).
2310 3821 2423 3873 Ούκ
2446 3821 2508 3872 ὲκ
2545 3818 2638 3872 τοῦ
2665 3821 2849 3890 τρίτου
2882 3818 2939 3870 δὲ
2967 3818 3124 3888 μόνον
3149 3818 3182 3887 ὴ
3214 3817 3436 3886 διαλογὴ
3472 3815 3622 3884 αύτῴ

2056 3911 2366 3982 πεποίηται,
2401 3910 2537 3963 ἀλλὰ
2583 3909 2648 3980 δὴ
2680 3911 2774 3964 καὶ
2803 3911 2864 3962 ὲκ
2887 3908 2928 3963 δ’
2956 3911 3049 3964 καὶ
3073 3915 3112 3959 ε’
3149 3909 3243 3960 καὶ
3270 3906 3336 3971 θ’,
3362 3905 3458 3958 τοῦ
3489 3923 3548 3958 τε
3579 3906 3623 3936 ⁸³

2053 4001 2102 4054 α’
2130 4000 2290 4054 πάλιν
2323 4001 2415 4052 καὶ
2451 4000 2514 4070 ιβ’
2544 4006 2605 4052 ιε’
2637 3999 2683 4030 ⁹¹⁵
2711 4016 2768 4052 τε
2798 3998 2892 4052 καὶ
2929 4003 3002 4063 ις’
3035 3997 3080 4029 ’⁸
3099 3994 3372 4064 καὶμέχρι
3396 3993 3490 4046 τοῦ
3516 3995 3622 4048 κδ’.

2067 4089 2154 4141 Ἐν
2255 4088 2483 4159 συλλογῇ
2524 4087 2593 4142 τά
2629 4105 2688 4140 τε
2747 4087 2989 4158 μυθικῶς
3033 4087 3158 4150 περὶ
3199 4084 3336 4137 θεῶν
3363 4083 3408 4115 ’⁸
3440 4083 3629 4136 διαπε-

2057 4179 2360 4250 πλασμένα,
2402 4181 2492 4232 καὶ
2521 4179 2574 4232 εἴ
2623 4197 2675 4231 τι
2719 4179 2842 4232 καθ’
2875 4176 3116 4248 ἱστορίαν
3144 4175 3378 4248 εἴρηται,
3416 4175 3628 4245 περιεί-

2055 4271 2216 4340 ληφε,
2250 4271 2376 4343 περί
2405 4290 2460 4324 τε
2493 4271 2600 4324 τῶν
2630 4273 2760 4340 παρ’
2789 4271 2971 4334 αὐτοῖς
3005 4269 3202 4340 ἡρώων
3246 4269 3340 4321 καὶ
3370 4265 3626 4320 Διοσκού-

393 4365 623 4435 degunt,
683 4363 894 4432 aliaque
951 4363 1002 4417 id
1055 4377 1221 4433 genus
1276 4362 1524 4430 plurima.
1575 4361 1792 4428 Colligit
1845 4363 1933 4417 “$1

2061 4378 2203 4429 ρων,
2238 4361 2331 4413 καὶ
2384 4363 2512 4431 περὶ
2544 4362 2652 4414 τῶν
2686 4364 2744 4414 ὲν
2772 4361 2941 4425 ἁῒδου,
2972 4361 3064 4413 καὶ
3105 4360 3203 4412 ὅσα
3245 4359 3629 4430 παραπλήσια.

395 4470 612 4527 quoque
658 4469 690 4511 e
727 4455 963 4511 secundo
1015 4455 1151 4509 libro
1197 4453 1345 4508 Jubae
1382 4453 1495 4523 (7'5)
1531 4452 1604 4506 De
1645 4454 1870 4522 picmra,
1903 4461 1958 4507 et

2069 4453 2187 4504 Ἔτι
2216 4453 2273 4505 δὲ
2323 4455 2415 4506 καὶ
2465 4453 2802 4507 συνείλεκται
2834 4453 2982 4524 αὐτῷ
3009 4455 3042 4524 ἡ
3092 4451 3271 4523 βίϐλος
3321 4451 3416 4505 καὶ
3442 4453 3511 4504 ὲκ
3538 4449 3632 4504 τοῦ

1691 4609 1923 4664 ΥΑΒΙίΕ
1963 4608 2359 4664 LECTIONES.

473 4708 519 4741 ⁸⁸
545 4708 662 4762 δέον
683 4707 742 4759 δν
770 4707 890 4774 ὲγκ.
923 4723 984 4769 ς.
1061 4704 1106 4737 ⁸⁹
1140 4703 1416 4772 ἱστορικὰς
1439 4702 1559 4756 add.
1591 4702 1657 4757 Α.
1735 4702 1782 4734 ’⁸
1809 4701 1956 4768 λόγοι
1990 4699 2196 4772 πολλοί]
2225 4703 2333 4757 vid.
2371 4703 2688 4757 Boissonad.
2722 4701 2786 4755 ad
2817 4701 3013 4755 Marin.

473 4777 554 4830 δέε
583 4793 724 4830 corr.
759 4779 820 4830 A.
921 4778 966 4808 θ’
1010 4774 1213 4842 βίϐλοις
1255 4775 1321 4830 Α.
1429 4773 1474 4806 ⁸³
1498 4789 1560 4826 τε
1594 4779 1712 4842 post
1741 4771 1834 4824 τοῦ
1861 4786 1974 4827 om.
2007 4773 2072 4826 Α.
2173 4773 2220 4805 ³⁸
2251 4790 2307 4826 νε
2333 4775 2374 4825 Α
2412 4791 2426 4825 :
2459 4775 2551 4826 καὶ
2589 4779 2652 4826 ιε’
2686 4790 2748 4837 ς.
2846 4771 2892 4803 ’⁸
2926 4772 3013 4824 καὶ

400 4777 554 4830 σεϐέε
583 4793 724 4847 corr.
759 4779 820 4830 A.
921 4778 966 4808 ⁹²
1010 4774 1213 4847 βίϐλοις
1255 4775 1321 4830 Α.

395 4849 442 4880 ⁹⁶
472 4845 629 4919 θεῶν]
649 4847 848 4900 αὐτῶν.
889 4847 958 4900 A.

3042 4714 3095 4768 p.
3123 4698 3208 4754 76.
3287 4697 3330 4732 ⁹¹
3368 4715 3426 4750 εε
3458 4698 3513 4750 in
3543 4696 3636 4748 εύ-

2173 4767 2220 4805 5‘
2251 4790 2307 4826 νε
2333 4775 2374 4825 Α
2412 4791 2426 4825 :
2459 4775 2551 4826 καὶ
2589 4779 2652 4826 ιε’
2686 4790 2748 4837 ς.
2846 4771 2892 4803 ’⁸
2926 4772 3021 4824 καὶ
3050 4767 3174 4825 Mle
3216 4767 3379 4839 μέχρι
3406 4768 3536 4822 Μίδα
3569 4768 3633 4818 Α·

1892 4973 2126 5030 NOTAE.

471 5074 584 5145 (64)
617 5069 918 5145 Μονῳδίας,
947 5085 1082 5139 quas
1114 5069 1367 5145 d_es_e_ribit
1391 5067 1607 5145 Suidas,
1635 5066 1849 5136 aliique.

471 5139 586 5214 (65)
616 5139 792 5214 Quem
836 5142 1094 5195 Illustrem
1127 5140 1323 5214 Suidas
1356 5139 1618 5214 nominat.

469 5207 686 5340 ἓὸϐἔξι
738 5213 1094 5266 Historiarum
1159 5209 1360 5274 libros,
1412 5208 1479 5262 de
1539 5207 1733 5277 quibus
1815 5221 1962 5276 supr.

397 5301 524 5341 co.
636 5325 649 5336 .

483 5355 596 5423 (67)
629 5351 893 5423 ProcOpio
925 5349 1136 5423 Gazam,
1167 5345 1408 5423 exilit};
1439 5344 1698 5423 Illargnnii
1739 5344 1966 5400 scholio.

501 5416 590 5492 68)
622 5424 766 5488 Quos
796 5416 1114 5492 habesinfr.
1149 5418 1270 5492 cod.
1298 5416 1411 5492 206
1436 5427 1489 5470 et
1520 5416 1643 5492 207.

501 5429 590 5492 68)
622 5429 766 5488 Quos
796 5429 959 5474 habes
991 5429 1114 5472 intr.
1149 5429 1270 5472 cod.
1306 5429 1411 5470 zuo
1436 5429 1489 5470 et
1520 5429 1643 5470 ‘ZU'I.

479 5429 594 5565 itii!)
628 5494 846 5565 Qualem
877 5490 1159 5565 scripsisse
1186 5489 1468 5565 Doriopem
1496 5485 1738 5565 meminit
1759 5483 1965 5565 Seneca

411 5555 598 5618 rhetor
654 5555 877 5619 Suasor.
929 5555 1079 5625 t,‘ad
1138 5573 1296 5628 quem
1347 5557 1520 5612 locum
1579 5555 1758 5628 plures
1814 5563 1969 5608 nota-

412 5634 606 5689 vimus.

2143 5062 2255 5133 (70)
2294 5063 2460 5128 Quem
2505 5060 2656 5116 Suid.
2703 5061 3114 5128 Apameeusem,
3151 5056 3267 5110 sive
3309 5054 3638 5109 Alexandri-

2070 5148 2197 5188 num
2235 5136 2410 5199 potius
2445 5143 2614 5199 putat.

2142 5193 2256 5272 (Ἠ)
2299 5205 2388 5256 Εδι
2433 5193 2819 5272 hujusmentio
2855 5197 2982 5272 Ψιί·Γ
3017 5196 3136 5272 cod.
3167 5194 3292 5272 _186.,
3335 5194 3387 5246 in
3427 5193 3640 5272 finget

2073 5277 2126 5330 in
2151 5264 2558 5337 'Prolegomen'is
2590 5271 2789 5326 Bened.
2832 5268 2974 5336 lEgii
3022 5268 3087 5320 ad
3132 5265 3370 5334 ejusdem
3415 5264 3638 5332 Apolla-

2072 5345 2188 5401 dori
2221 5343 2625 5396 Bibliothecam.

2145 5412 2256 5480 (72)
2292 5410 2539 5480 Castore,
2571 5420 2623 5464 et
2655 5409 2886 5480 Polluce.

2145 5473 2256 5553 (75)
2291 5479 2430 5550 Lege
2469 5480 2708 5553 ASnidam
2756 5481 2824 5553 de
2851 5479 2979 5553 hoc
3009 5488 3194 5553 regum
3228 5473 3556 5553 doctissimo
3589 5481 3641 5528 ct

2077 5545 2259 5613 multis
2288 5545 2649 5608 eruditissime
2682 5548 2895 5617 scriptis
2930 5547 3078 5602 libris
3108 5545 3436 5600 clarissimo.
