3932 6240
318 253 434 330 4‘45
1417 261 1943 326 BIBLIOTHECA.

2073 263 2239 328 COD.
2275 262 2475 329 CLXI.
3470 259 3577 326 446

321 371 576 442 δευτέρου
602 370 768 441 λόγου
785 371 895 438 τῶν
916 371 961 404 ⁸⁷
992 370 1130 440 Περὶ
1167 369 1460 442 γραφικῆς
1489 372 1649 432 Ἰόϐα.
1678 372 1775 426 καὶ
1800 371 1906 443 μὴν
1935 397 1947 433 λ

2050 389 2138 428 ero
2169 376 2334 430 etiam
2373 391 2440 430 ex
2471 371 2714 428 Athenaei
2745 371 3074 428 Naucratitae
3099 371 3194 428 lilii
3228 371 3579 442 Dipnosophi-

324 467 422 519 καὶ
450 465 497 496 ⁸⁸
528 464 594 518 ἐκ
622 465 735 518 τῶν
773 463 1064 536 Ἀθηναίου
1110 463 1205 517 τοῦ
1241 463 1626 537 Ναυκρατίτου
1669 468 1908 518 Δειπνο-

2050 469 2122 521 fis.
2169 467 2235 521 Et
2275 483 2341 521 ex
2379 468 2463 521 his
2511 466 2729 536 quidem
2784 467 2994 534 primus
3040 466 3176 520 liber
3223 465 3578 534 compositus,

329 556 668 627 σοφιστῶν.
693 557 807 611 Καὶ
827 559 856 610 6
891 557 988 628 μὲν
1009 556 1225 629 πρῶτος
1245 557 1402 626 λόγος
1422 558 1486 610 ἐκ
1504 557 1708 611 τούτων
1724 557 1910 629 ἡθροί-

2050 561 2455 628 mtumdeuique
2489 559 2914 630 comprehendit.

329 651 430 722 σθη
461 652 559 704 καὶ
592 650 719 704 τάδε
749 651 1170 722 περιλαμϐάνει.

411 743 473 796 '0
529 743 590 796 δὲ
632 742 884 814 δεύτερος
937 742 1001 796 ἐκ
1051 761 1110 796 τε
1155 742 1262 796 τῶν
1284 742 1576 814 ’Σωτηρίδα
1616 740 1911 813 Παμφίλης

2081 744 2252 798 Aliter
2277 742 2472 797 deinde
2504 741 2643 796 liber
2675 757 2706 798 e
2739 740 3044 810 Pamphiles
3065 739 3174 812 (76)
3198 741 3460 796 Soteridae
3487 740 3582 796 ﬁlii

337 833 677 903 Ἐπιτομῶν
707 834 924 906 πρώτου
975 834 1134 904 λόγου
1190 838 1284 890 καὶ
1335 835 1571 905 καθεξῆς
1604 835 1764 904 μέχρι
1815 833 1910 886 τοῦ

2050 835 2380 906 .‘pilomarum
2405 835 2546 890 libro
2591 834 2788 902 primo,
2821 849 2883 888 ac
2910 834 3164 902 deinceps
3207 834 3274 887 ad
3315 835 3581 887 decimum

325 928 584 992 δεκάτου,
603 929 696 980 καὶ
715 925 845 998 [176
870 925 938 998 Η]
964 928 1028 979 ὲκ
1056 925 1166 978 τῶν
1191 926 1534 997 ’Δρτέμωνος
1555 924 1648 978 τοῦ
1684 925 1912 996 Μάγνη-

2050 945 2204 999 sque,
2223 938 2277 984 et
2302 946 2365 984 ex
2395 929 2703 982 Artemouis
2756 927 3018 994 Magnetis
3049 927 3141 980 lilii
3175 926 3583 980 Narrationibus

327 1037 422 1083 τος
462 1018 588 1074 Τῶν
613 1019 740 1072 κατ’
770 1017 992 1087 ἀρετὴν
1023 1019 1260 1088 γυναιξί
1290 1017 1914 1087 πεπραγματευμὲνων

2051 1039 2078 1076 e
2110 1033 2245 1075 recte
2281 1022 2437 1090 factis
2477 1020 2775 1073 mulierum.
2811 1022 2885 1073 Ad
2931 1021 3043 1073 haec
3077 1019 3240 1072 etiam
3274 1034 3304 1072 e
3338 1017 3587 1085 Diogenis

329 1110 734 1180 διηγημάτων,
759 1110 915 1164 ἔτιδὲ
947 1108 1044 1164 καὶ
1075 1111 1140 1164 ὲκ
1164 1109 1274 1163 τῶν
1297 1110 1581 1178 Διογένους
1609 1106 1702 1162 τοῦ
1742 1110 1912 1161 Κυνι-

2050 1116 2204 1185 lynici
2236 1114 2726 1182 Apophthegmatis,
2747 1112 2971 1182 aliisque
2999 1111 3246 1166 diversis.
3271 1109 3408 1178 Quin
3437 1118 3490 1164 et
3519 1123 3587 1162 ex

330 1202 434 1256 κοῦ
475 1201 995 1272 Ἀποφθεγμάτων,
1031 1202 1130 1255 καὶ
1169 1200 1274 1272 μὴν
1307 1201 1405 1255 καὶ
1437 1199 1496 1265 ἐξ
1523 1200 1698 1254 ἄλλων
1724 1199 1915 1269 διαφό-

2051 1219 2206 1265 ctavo
2229 1208 2367 1264 libro
2392 1207 2660 1278 Sapphus.
2685 1206 2812 1273 Quae
2843 1205 3062 1260 secundi
3093 1203 3216 1259 libri
3260 1203 3590 1258 collectanea

337 1313 466 1368 ρων,
501 1295 639 1348 ἀλλά
667 1311 732 1363 γε
765 1296 859 1348 καὶ
880 1294 987 1348 ἀπὸ
1009 1293 1194 1363 ὀγδόου
1215 1294 1377 1362 λόγου
1410 1294 1458 1326 ⁹⁹
1487 1293 1588 1362 τῆς
1616 1290 1873 1360 Σαπφοῦς
1893 1305 1913 1323 ⁸
2018 1311 2163 1358 sum,

335 1391 393 1442 ἐν
419 1384 501 1452 οἷς
531 1387 630 1442 καὶ
655 1389 687 1458 ἠ
730 1386 960 1458 δευτέρα
993 1385 1176 1457 βίϐλος
1203 1385 1313 1440 τῶν
1342 1383 1636 1452 συλλόγων.

418 1572 481 1626 '0
511 1571 572 1626 δὲ
604 1571 788 1644 τρίτος
826 1570 984 1637 λόγος
1019 1569 1336 1638 συλλέγεται
1380 1566 1528 1640 αὒτῷ
1558 1570 1622 1622 ἐκ
1670 1567 1768 1637 τῆς
1809 1567 1918 1619 Φα-

2094 1567 2283 1639 1036
2323 1566 2540 1621 Tertius
2590 1573 2700 1618 tum
2749 1561 2888 1618 liber
2952 1561 3152 1630 legitur
3199 1575 3266 1615 ex
3297 1558 3590 1629 Omnigena

339 1665 572 1736 ϐωρίνου
605 1662 1002 1732 Παντοδαπῆς
1022 1663 1204 1729 Ὕλης
1232 1663 1272 1726 ²,
1307 1661 1372 1715 ἐκ
1401 1679 1462 1715 τε
1495 1661 1590 1714 τοῦ
1616 1678 1643 1712 ν
1677 1660 1771 1714 καὶ
1785 1659 1918 1712 τοῦ²

2050 1661 2272 1714 I‘avorini
2306 1657 2455 1713 Silva
2493 1655 2628 1728 (75),
2661 1669 2729 1710 ex
2768 1655 2906 1724 ejus,
2938 1655 3180 1721 inquam,
3211 1649 3276 1716 N,
3304 1649 3366 1713 Ξ,
3407 1661 3461 1705 et
3504 1665 3593 1705 or-

342 1719 490 1822 ξιίαὶ
550 1755 802 1827 καθεξῆς,
836 1719 1116 1827 ullis-1:05
1250 1719 1413 1826 μέχρι
1473 1753 1568 1807 τοῦ
1605 1772 1670 1820 ω,
1723 1756 1780 1807 ἐν
1832 1749 1915 1818 οἷς

2050 1753 2146 1807 line
2198 1751 2584 1821 sequentibus,
2639 1762 2749 1802 uno
2798 1756 3025 1814 excepto
3078 1743 3145 1808 Τ,
3192 1755 3363 1813 usque
3415 1741 3481 1796 ad
3530 1741 3592 1794 ο.

340 1849 589 1918 διάφοροι
621 1849 852 1918 ἱστορίαι
881 1849 976 1902 καὶ
1010 1848 1121 1901 τῶν
1150 1848 1293 1902 κατὰ
1325 1847 1395 1900 τὰ
1442 1847 1682 1918 ὀνόματα
1717 1847 1922 1901 θέσεων

2050 1847 2196 1902 (urite
2239 1846 2324 1901 hic
2351 1844 2648 1899 alferuutur
2693 1843 2956 1905 historiae,
2998 1849 3052 1894 et
3088 1839 3464 1907 impositorum
3497 1851 3598 1889 no-

343 1937 666 2008 αἰτιολογίαι
701 1941 796 1992 καὶ
845 1939 1072 1993 τοιαῦτα
1115 1939 1281 2011 ἕτερα
1305 1955 1320 1971 ·
1364 1941 1444 2004 εἰς
1475 1939 1511 1994 ἃ
1537 1939 1630 1993 καὶ
1668 1939 1698 1991 6
1737 1939 1925 2010 τρίτος

2050 1942 2230 1995 uinum
2271 1940 2531 2002 rationes,
2570 1948 2732 2006 atque
2772 1935 2823 1989 id
2868 1949 3036 2002 genus
3078 1932 3205 1999 alia,
3234 1932 3287 1984 in
3318 1944 3437 2000 quae
3472 1937 3597 1982 ter-

342 2031 488 2100 αὕτῷ
516 2049 582 2084 συ
590 2049 700 2101 μπε
709 2032 946 2102 ραίνεται
978 2032 1154 2100 λόγος.

2052 2038 2134 2089 ius
2162 2034 2366 2089 desinit
2396 2034 2551 2086 liber.
3451 2095 3455 2100 ι

421 2120 486 2174 ’0
513 2121 574 2175 δὲ
601 2120 864 2193 τέταρτος
893 2122 1043 2194 αὐτῷ
1066 2122 1223 2191 λόγος
1257 2121 1321 2175 ἐκ
1349 2139 1408 2175 τε
1429 2121 1805 2192 ἀνεπιγράφου
1831 2121 1928 2174 αύ-

2098 2127 2337 2193 Quartus
2368 2135 2547 2178 autem
2592 2136 2658 2176 ex
2691 2120 2881 2174 incerti
2937 2117 3174 2170 auctoris
3211 2113 3350 2167 libro
3381 2110 3600 2167 concin-

343 2215 420 2288 τῷ
450 2215 663 2287 βιϐλίου
692 2215 1054 2288 συνηθροίσθη
1085 2215 1434 2285 (Θαυμὰτων
1465 2215 1526 2269 δὲ
1581 2215 1743 2286 μόνον
1800 2217 1925 2267 ἐπι-

2050 2233 2209 2286 Iatns,
2237 2218 2390 2285 cujus
2415 2215 2604 2270 titulus
2629 2221 2711 2267 est
2735 2229 2751 2265 :
2776 2209 3222 2264 Admirandorum
3247 2205 3599 2270 Collectauea,

345 2309 621 2380 γράφεται
645 2308 971 2380 Συναπωγὴ
988 2309 1048 2362 τὸ
1075 2307 1204 2381 [540
1237 2307 1332 2380 8.]
1363 2307 1588 2382 βιϐλίον)
1613 2309 1706 2361 καὶ
1726 2309 1790 2360 ὲκ
1821 2307 1931 2362 τῶν

2050 2325 2084 2370 ιι
2109 2329 2175 2368 ex
2205 2309 2517 2368 Aristoxeni
2554 2306 2669 2378 (76)
2701 2304 3157 2358 Miscellaneorum
3187 2296 3599 2359 commentariis,

344 2400 436 2454 τοῦ
483 2401 858 2472 Ἀριστοξένου
910 2402 1266 2471 Συμμίκτων
1323 2399 1804 2470 ὑπομνημάτων,
1832 2400 1932 2453 οὐκ

2050 2423 2096 2461 ιο
2153 2421 2220 2460 ne
2273 2405 2340 2459 iis
2397 2402 2616 2471 quidem
2673 2396 2945 2458 omnibus,
2988 2394 3080 2449 sed
3130 2407 3160 2446 a
3203 2392 3413 2447 decimo
3447 2399 3602 2444 sexto

347 2498 410 2551 ὲκ
443 2495 670 2549 πάντων
707 2496 786 2561 δὲ,
827 2494 943 2549 ἁλλ’
973 2494 1036 2548 ἐκ
1083 2511 1147 2563 γε
1192 2493 1288 2547 τοῦ
1340 2493 1727 2548 ἐκκαιδεκάτου
1772 2492 1932 2560 λόγου

2050 2501 2293 2555 luntaxat
2341 2496 2502 2560 libro,
2545 2500 2708 2559 atque
2757 2503 2824 2543 ex
2875 2497 3064 2542 octavo
3110 2484 3249 2538 libro
3283 2481 3428 2544 Ruli,
3465 2479 3602 2533 Dra-

350 2589 540 2658 μόνου,
570 2588 668 2642 καὶ
695 2589 761 2640 ὲκ
789 2587 884 2641 τοῦ
913 2588 1098 2657 ὀγδόου
1123 2585 1285 2656 λόγου
1316 2587 1417 2656 τῆς
1451 2587 1472 2618 ³
1516 2586 1749 2656 Ῥούφου
1781 2589 1926 2653 Δρα-

2050 2592 2240 2646 ηαιὶοίε
2282 2587 2560 2642 Historiae.
2607 2582 2708 2637 Hic
2751 2577 3085 2634 incredibilia
3125 2585 3287 2644 atque
3327 2573 3600 2641 inopinata

343 2681 608 2752 Μῖικῆς
667 2683 973 2750 ἱστορίας·
1005 2676 1088 2743 οἷς
1133 2679 1417 2752 παράδοξά
1463 2697 1523 2734 τε
1556 2681 1652 2734 καὶ
1695 2679 1937 2734 ἀπίθανα

2050 2681 2269 2735 naxime
2309 2676 2570 2746 reperias,
2603 2683 2797 2727 etcum
2839 2669 3227 2739 tragmdorum,
3257 2675 3368 2718 tum
3403 2675 3605 2717 comoe-

351 2774 590 2840 μάλιστα
615 2771 824 2827 ἔνεστιν
843 2773 866 2805 ⁸
893 2773 1095 2843 εὑρεῖν,
1124 2771 1218 2824 καὶ
1261 2771 1558 2844 τραγῳδῶν
1591 2771 1686 2824 καὶ
1731 2786 1935 2840 κωμῳ-

2050 2774 2227 2828 lorum
2268 2769 2414 2823 varia
2449 2776 2626 2836 gesta,
2657 2777 2956 2825 sermones,
2991 2760 3224 2828 vitaeque
3257 2756 3520 2818 instituta,
3551 2761 3608 2807 et

348 2865 452 2919 δῶν
505 2865 843 2936 διαφόρους⁸
899 2864 1124 2936 πράξεις
1185 2881 1247 2917 τε
1297 2865 1393 2918 καὶ
1422 2863 1615 2931 λόγους
1646 2862 1751 2915 καὶ
1812 2864 1940 2915 ὲπι-

2050 2860 2256 2926 ιίιιιίιὶιι,
2290 2876 2356 2916 ex
2389 2858 2588 2930 quibus
2619 2861 2850 2926 quartus
2882 2852 3018 2907 liber
3051 2848 3357 2906 coniicitur.

349 2957 691 3030 τηδεύματα,
719 2957 815 3011 καὶ
861 2956 1068 3012 τοιαῦθ’
1097 2957 1285 3028 ἕτερα.
1331 2954 1471 3009 Ἀλλ’
1505 2956 1564 3009 ἐν
1595 2953 1805 3018 τούτοις
1841 2953 1940 3025 μὲν
2859 2971 2861 2973 ί

353 3050 444 3106 καὶ
502 3051 534 3104 6
574 3048 860 3119 τέταρτος.
1139 3128 1142 3132 η
1887 3131 1897 3134 _
1959 3071 2008 3134 ο

436 3141 500 3196 '0
537 3140 598 3194 δὲ
650 3107 904 3210 πέμπτος
947 3128 1235 3206 σύγκειται
1263 3135 1414 3208 αύτῷ
1447 3135 1512 3190 ἔκ
1545 3153 1606 3190 τε
1636 3135 1737 3206 τῆς
1779 3131 1937 3188 Ῥού-

2110 3125 2345 3195 Quintus
2386 3136 2518 3178 vero
2559 3117 2822 3177 collectus
2864 3130 2895 3171 e
2942 3113 3067 3168 Ruﬁ
3112 3111 3337 3166 Mariae
3381 3107 3614 3163 historia:

354 3250 456 3302 φου
491 3229 812 3298 Μουσικῆς
859 3230 1159 3298 Ἱστορίας
1198 3227 1420 3298 πρώτου
1447 3229 1543 3281 καὶ
1565 3227 1818 3296 δευτέρου
1841 3224 1940 3278 καὶ

355 3324 546 3396 τρίτου
580 3323 789 3394 βιϐλίου
809 3316 853 3392 ᾧ
881 3323 1161 3394 τραγικῶν
1193 3339 1256 3374 τε
1279 3322 1375 3375 καὶ
1395 3321 1659 3392 κωμικῶν
1683 3317 1939 3390 ποικίλην

359 3414 606 3485 ἱστορίαν
631 3413 884 3484 εὑρήσεις
904 3429 917 3442 ο
941 3412 1004 3464 οὑ
1035 3412 1196 3482 μόνον
1219 3413 1239 3442 ⁸
1266 3411 1344 3476 δὲ,
1377 3411 1514 3465 ἀλλὰ
1540 3412 1634 3464 καὶ
1676 3409 1944 3480 διθυραμ-

357 3504 604 3560 ϐοποιῶν
649 3521 710 3558 τε
747 3503 843 3558 καὶ
887 3503 1137 3574 αὐλητῶν
1171 3505 1268 3558 καὶ
1292 3504 1612 3576 κιθαρῳδῶν
1635 3545 1650 3569 ,
1677 3503 1942 3558 ἐπιθαλα-

360 3598 501 3669 μίων
551 3613 613 3652 τε
652 3595 808 3667 ᾠδῶν
833 3595 929 3649 καὶ
957 3597 1233 3667 ὑμεναίων
1263 3597 1356 3649 καὶ
1389 3596 1792 3667 ὑποχρημάτων
1835 3597 1942 3666 ἁφ-

359 3690 586 3758 ήγησιν,
613 3686 746 3757 περί
773 3703 833 3739 τε
857 3687 1138 3758 ὀρχηστῶν
1159 3687 1383 3741 καὶτῶν
1411 3687 1586 3742 ἄλλων
1609 3687 1720 3741 τῶν
1745 3689 1802 3740 ὲν
1831 3689 1945 3752 τοῖς

370 3782 716 3852 Ἑλληνικοῖς
757 3779 1010 3851 θεάτροις
1067 3779 1508 3848 ἀγωνιζομένων,
1563 3780 1686 3833 ὅθεν
1747 3796 1808 3833 τε
1848 3777 1946 3833 καὶ

361 3874 512 3938 ὅπως
554 3874 608 3927 οἱ
663 3871 871 3926 τούτων
905 3872 998 3925 ἐπὶ
1052 3871 1199 3941 μέγα
1251 3871 1411 3934 κλέος
1439 3872 1574 3942 παρ’
1601 3871 1786 3934 αὐτοῖς
1819 3871 1948 3924 ἀναν

313 3953 320 3974 "
363 3964 672 4035 δραμόντες
713 3963 1025 4031 γεγόνασιν,
1050 3963 1160 4015 εἴτε
1192 3961 1421 4033 ἄρρενες
1448 3961 1560 4015 εἴτε
1582 3962 1679 4016 καὶ
1706 3963 1806 4033 τὴν
1852 3961 1948 4034 θή-

363 4056 515 4110 λειαν
542 4054 713 4124 φύσιν
768 4052 1246 4125 διεκληρώσαντο·
1309 4054 1454 4118 τίνες
1503 4072 1563 4108 τε
1629 4055 1790 4110 τίνων
1828 4057 1948 4109 ἐπι-

364 4145 727 4218 τηδευμάτων
755 4144 897 4215 ἀρχὴ
933 4143 1360 4216 διεγνώσθησαν,
1398 4145 1491 4198 καὶ
1520 4143 1725 4198 τούτων
1750 4144 1807 4198 δὲ
1861 4145 1946 4197 τί-

367 4254 454 4300 νες
479 4237 763 4307 τυράννων
790 4236 824 4306 ἢ
857 4235 1120 4305 βασιλέων
1149 4237 1378 4305 ἐρασταὶ
1408 4237 1502 4289 καὶ
1541 4236 1686 4304 φίλοι
1715 4235 1946 4304 γεγόνα-

372 4340 455 4377 σιν
487 4339 503 4355 ο
542 4323 608 4377 οὐ
643 4325 752 4394 μὴν
781 4323 916 4377 ἀλλὰ
947 4324 1044 4377 καὶ
1094 4325 1239 4388 τίνες
1267 4342 1329 4378 τε
1351 4327 1399 4378 οἱ
1424 4326 1634 4394 ἀγῶνες
1669 4326 1765 4379 καὶ
1793 4326 1945 4391 ὅθεν,

2039 3219 2194 3276 libris
2246 3216 2444 3288 primo,
2493 3210 2753 3276 secundo,
2797 3216 2854 3263 et
2895 3206 3076 3272 tertio,
3123 3204 3212 3258 ubi
3261 3203 3613 3273 tragicorum,

2039 3327 2102 3365 ac
2130 3311 2466 3366 comicorum
2513 3305 2720 3361 variam
2760 3302 3002 3358 invenies
3043 3296 3346 3352 historiam.
3380 3293 3518 3360 Quin
3560 3299 3617 3346 et

2039 3404 2414 3476 dithyrambos
2443 3397 2800 3455 scribentium
2823 3436 2839 3463 ,
2870 3403 2925 3449 et
2964 3392 3302 3447 auloedorum
3342 3403 3406 3442 ac
3439 3387 3616 3441 citha-

2040 3499 2339 3561 roedorum,
2373 3490 2956 3564 epithalamiorumque
2985 3483 3310 3548 carminum,
3338 3491 3394 3536 et
3425 3480 3616 3550 hyme-

2043 3605 2306 3654 meorum,
2342 3595 2504 3654 atque
2548 3581 2942 3638 cantilenarum
2990 3578 3042 3632 in
3082 3575 3280 3630 chorea
3326 3584 3614 3627 enumera-

2042 3684 2264 3738 tionem.
2296 3677 2426 3732 ltem
2457 3675 2524 3730 de
2551 3670 2923 3734 saltatoribus,
2954 3667 3185 3736 aliisque
3219 3665 3272 3718 in
3300 3661 3616 3718 Grzncorum

2047 3774 2278 3832 theatris
2317 3771 2534 3826 usitatis
2567 3762 2982 3822 certaminibus.
3022 3759 3174 3815 Unde
3211 3759 3362 3822 item,
3407 3764 3462 3809 et
3511 3767 3619 3822 quo

2045 3880 2246 3938 genere
2269 3863 2380 3919 nati
2406 3860 2629 3926 fuerint,
2651 3857 2742 3927 qui
2773 3856 2913 3925 apud
2943 3854 3088 3923 ipsus
3111 3849 3209 3904 viri
3237 3849 3350 3903 sive
3381 3844 3616 3909 feniium,

2045 3962 2111 4017 ad
2130 3971 2404 4017 summum
2436 3956 2490 4010 in
2524 3954 2608 4008 his
2628 3953 2791 4008 decus
2813 3941 3434 4020 pervenerunt.Qninam
3456 3938 3618 3994 etiam

2045 4051 2380 4120 singulorum
2429 4053 2684 4102 auctores
2721 4057 2786 4099 ac
2820 4029 3094 4111 principes
3129 4035 3428 4091 studiorum
3453 4030 3622 4085 exsti-

2045 4145 2260 4200 terint:
2297 4150 2351 4196 et
2392 4139 2485 4210 qui
2520 4137 2713 4191 horum
2748 4132 2965 4204 regibus
2993 4138 3086 4184 aut
3116 4124 3531 4197 imperatoribus
3561 4122 3614 4174 in

2049 4236 2276 4299 deliciis,
2307 4243 2363 4287 et
2393 4230 2555 4286 amici
2590 4227 2812 4283 fuerint.
2847 4225 2959 4278 lloc
3001 4221 3248 4290 amplius,
3279 4219 3368 4288 qui
3405 4215 3535 4278 ludi,
3561 4223 3615 4267 et

2053 4327 2218 4390 unde,
2256 4322 2309 4376 in
2344 4321 2540 4390 quibus
2573 4325 2745 4372 artem
2786 4316 3018 4383 quisque
3055 4325 3206 4366 suam
3246 4307 3502 4362 ostendit.
3551 4304 3623 4358 De

371 4417 428 4468 ὲν
455 4410 536 4478 οἷς
564 4416 804 4478 ἕκαστος
826 4414 895 4468 τὰ
923 4415 1024 4485 τῆς
1057 4415 1253 4486 τέχνης
1279 4417 1644 4471 ἐπεδείκνυτο.
1674 4417 1786 4472 Καὶ
1812 4419 1945 4488 περὶ

2056 4420 2212 4474 l'estis
2238 4428 2455 4484 quoque
2479 4412 2693 4474 diebus,
2723 4408 2816 4477 qui
2862 4423 2891 4458 a
2939 4414 3047 4458 toto
3079 4399 3390 4454 Atheniensi
3427 4395 3622 4465 populo

373 4507 575 4575 ἑορτῶν
598 4507 679 4573 δὲ,
703 4508 826 4560 ὅσαι
849 4509 1021 4580 πάνδη
1031 4526 1121 4578 μοι
1162 4513 1274 4573 τοῖς
1312 4510 1636 4580 Ἀθηναίοις.
1673 4510 1858 4564 Ταῦτα
1881 4512 1946 4583 δὴ

375 4598 571 4662 πάντα,
607 4600 703 4651 καὶ
753 4598 807 4651 εἴ
839 4617 892 4652 τι
929 4601 1133 4670 ὅμοιον,
1163 4603 1190 4655 ό
1217 4601 1465 4674 πέμπτος
1515 4602 1973 4673 ἀναγινώσκοντι.

376 4706 457 4743 σοι
477 4691 826 4761 παραστήσει
843 4690 1023 4759 λόγος.

454 4782 513 4835 Ὀ
542 4782 604 4834 δὲ
639 4781 798 4845 ἕκτος
843 4783 994 4853 αὐτῷ
1056 4784 1318 4855 συνελέγη
1349 4785 1506 4854 λόγος
1531 4785 1595 4840 ἐκ
1639 4803 1700 4840 τε
1734 4787 1905 4857 αὐτῆς
1927 4789 1948 4820 ⁷

385 4870 617 4944 Ῥούφου
647 4876 967 4945 Μουσικῆς
994 4877 1219 4942 ,βίϐλου
1251 4879 1510 4950 πέμπτης
1533 4879 1628 4932 καὶ
1661 4882 1952 4950 τετάρτης,

377 4965 625 5038 αὐλητῶν
652 4968 711 5022 δὲ
739 4971 834 5022 καὶ
882 4969 1216 5040 αὐλημάτων
1263 4972 1544 5042 ἀφήγησιν
1602 4971 1736 5042 ἔχει,
1763 4973 1956 5042 ἄνδρες

379 5075 438 5112 τε
463 5061 563 5115 ὅσα
592 5060 841 5134 ηὔλησαν
878 5062 971 5117 καὶ
1008 5063 1074 5135 δὴ
1103 5065 1198 5118 καὶ
1244 5067 1521 5133 γυναῖκες.
1555 5065 1666 5118 Καὶ
1703 5064 1953 5133 ’Όμηρος

2054 4511 2422 4566 celebrantur.
2463 4504 2588 4558 Haec
2629 4503 2792 4572 igitur
2816 4499 3017 4561 omnia,
3047 4505 3102 4550 et
3133 4495 3176 4548 si
3211 4493 3339 4561 quid
3373 4489 3459 4543 his
3487 4489 3624 4543 forte

2053 4603 2251 4671 simile,
2281 4599 2581 4670 legentibus
2613 4597 2834 4666 quintus
2864 4592 3018 4655 liber,
3069 4587 3305 4644 exhibet.

2125 4785 2326 4840 Sextus
2366 4781 2433 4835 ab
2470 4778 2568 4834 illo
2599 4776 2858 4832 collectus
2900 4773 3060 4836 liber,
3092 4785 3159 4827 ex
3207 4767 3448 4839 ejusdem
3500 4764 3623 4818 Ruﬁ

2056 4877 2279 4933 Nasica:
2314 4872 2550 4928 historia:
2583 4870 2723 4924 libro
2753 4875 2968 4935 quarto,
2998 4871 3054 4918 et
3079 4861 3290 4932 quinto.
3323 4857 3625 4913 Tibicinum

2054 4983 2206 5030 vero,
2240 4975 2296 5020 et
2321 4963 2645 5026 carminum,
2675 4972 2795 5028 qua:
2827 4955 2910 5009 vel
2943 4970 2973 5009 a
3013 4954 3172 5018 viris,
3208 4951 3291 5006 vel
3335 4965 3366 5004 a
3412 4947 3628 5004 feminis

2056 5062 2122 5115 ad
2157 5058 2343 5114 tibiam
2371 5062 2589 5110 cantata
2621 5053 2796 5115 fuere,
2822 5046 3063 5103 narratio
3090 5044 3414 5102 instituitur.
3441 5039 3627 5096 Home-

1661 5196 1897 5253 VARIA']
1935 5190 2321 5251 LECTIONES
2362 5229 2377 5244 .

480 5289 526 5362 ξ’
557 5287 694 5362 τῶν]
710 5287 817 5362 ⁸τοῦ
846 5289 914 5344 Α.

387 5358 409 5392 ⁸
437 5359 532 5427 τῆς
561 5359 654 5413 τοῦ
675 5358 788 5416 ἼΡ.
814 5379 876 5426 ς.

388 5427 545 5489 αὐτοῦ
569 5431 637 5489 Δ.

1014 5291 1060 5322 ’⁸
1095 5291 1191 5344 καὶ
1221 5300 1343 5346 ante
1379 5292 1442 5344 ὲκ
1486 5301 1598 5345 om.
1627 5293 1692 5345 A.
1773 5293 1819 5323 "
1851 5289 2010 5356 λόγου
2044 5288 2133 5342 AC
2167 5305 2180 5339 :
2231 5283 2412 5356 βίϐλου
2445 5297 2506 5356 ςς

991 5361 1013 5392 ⁵
1045 5361 1284 5432 μάλιστα
1349 5360 1560 5416 ἔνεστιν
1590 5364 1629 5415 Α
1668 5379 1682 5416 :
1715 5359 1866 5414 ἔστιν
2033 5359 2054 5391 ⁵
2084 5349 2371 5427 διαφόρους
2400 5353 2524 5409 add.
2560 5349 2629 5405 Δ.

2592 5279 2611 5310 ¹
2648 5275 2821 5348 πύλης
2840 5273 2908 5348 _C.
2988 5274 3019 5348 ,ί
3047 5272 3160 5348 τοῦ·
3183 5277 3311 5348 ante
3343 5267 3633 5348 ξ-οιιιίκΑ,

2730 5350 2752 5380 ⁸
2777 5340 2944 5418 ’μόνον
2973 5343 3020 5399 Α
3052 5362 3068 5400 :
3101 5341 3210 5414 μὴν
3244 5341 3308 5396 1i.
3385 5340 3408 5374 "
3441 5341 3633 5411 αὐτῆςι

1905 5543 2139 5603 ΝΟΤᾹΕ.

451 5638 562 5766 (7?
598 5639 675 5723 De
707 5654 817 5710 quo
850 5638 1014 5693 etiam
1050 5638 1174 5695 inl‘r.
1210 5637 1331 5720 cod.
1364 5635 1450 5699 75,
1484 5647 1537 5693 et
1577 5635 1728 5692 Suid.
1875 5707 1886 5720 _

455 5711 510 5766 (7
549 5715 566 5766 ξ
609 5709 890 5766 Videndus
935 5708 1002 5766 de
1048 5709 1150 5766 hoc
1191 5709 1408 5766 Surdas.
1443 5717 1500 5764 et
1553 5707 1802 5766 lrcuuens
1841 5723 1886 5766 ε]

455 5707 566 5784 (75}
609 5707 890 5769 Vidéndus
935 5708 1002 5766 de
1048 5709 1150 5766 hoc
1191 5709 1408 5778 Snidas,
1443 5717 1500 5764 et
1553 5707 1802 5778 frequens
1841 5707 1957 5780 ejus

2061 5637 2202 5710 apud
2239 5636 2388 5710 Agel.
2422 5634 2644 5710 mentio.

2135 5651 2202 5692 lltl
2239 5651 2276 5690 Α
2318 5651 2388 5691 et.
2422 5651 2644 5691 menuo.

2135 5709 2250 5780 (76)
2284 5651 2454 5775 (ginem
2485 5707 2568 5763 vel
2595 5720 2666 5761 ex
2695 5700 2859 5759 Suida
2893 5697 3130 5757 noveris.
