3932 6240
315 213 429 277 447

1477 217 1740 280 ΡΗΟΤΙΙ
1784 218 1982 278 PATR
1993 216 2060 276 [A
2069 213 2293 277 RCHAE
2328 214 2433 276 CP.

3479 209 3590 274 45-8

325 341 419 380 rus
469 325 620 389 item,
651 323 934 389 Hesiodus,
965 336 1023 382 et
1065 325 1425 382 Antimachus
1472 341 1666 397 poeta,
1710 327 1907 396 aliique

2023 324 2066 377 δὲ
2094 323 2241 394 αὐτῷ
2263 324 2360 378 καὶ⁵
2393 322 2635 388 Ἡσίοδος
2661 325 2755 380 καὶ
2789 324 3114 397 Ἀντίμαχος
3141 325 3193 380 οί
3237 327 3463 397 ποιηταὶ
3488 329 3588 397 τῆς

323 418 541 485 plurimi
584 433 651 472 ex
706 420 809 474 hoc
860 431 1142 489 poetarum
1189 434 1409 490 genere,
1453 435 1703 490 magnam
1750 419 1909 486 hujus

323 507 657 561 narrationis
699 517 910 576 partem
957 508 1220 564 cilicium.
1263 508 1427 564 Addit
1465 524 1594 564 vero
1628 519 1684 564 ct
1723 509 1788 564 de
1829 507 1909 563 fe-

323 597 490 652 minis
536 599 868 654 vaticinandi
921 611 1038 655 arte
1085 600 1267 655 claris.
1310 601 1444 667 Quae
1485 601 1640 666 item,
1670 612 1724 656 et
1767 604 1910 656 unde

323 691 481 746 dictae
514 688 751 762 Sibyllae.
778 693 954 762 Atque
983 693 1097 748 hate
1126 693 1341 763 quidem
1369 709 1395 746 a
1427 681 1567 748 Itul‘o
1608 705 1904 750 mutuatur.

324 779 507 836 Sumit
537 792 590 837 et
617 797 648 837 e
673 784 914 839 secundo
944 783 1082 840 libro
1113 785 1304 857 ιοῇα
1337 786 1681 842 Haiienticon
1713 788 1907 843 Damo-

325 873 483 929 strati
518 875 655 945 (77).
688 873 829 942 Quin
860 885 916 930 et
944 891 1008 930 ex
1039 875 1288 949 Diogenis
1319 877 1521 933 Laertii
1564 879 1636 934 De
1671 878 1909 950 philoso-

325 967 551 1036 phorum
581 968 711 1034 vita,
741 967 878 1022 libro
915 969 1113 1039 primo,
1144 969 1357 1038 quinto,
1398 986 1562 1032 nono.
1594 981 1650 1026 et
1674 972 1909 1038 decimo,

337 1058 428 1112 ubi
483 1058 926 1129 philosophorum
989 1075 1075 1114 res
1135 1063 1380 1130 exponit.
1441 1060 1591 1117 Unde
1652 1063 1911 1118 nimirum

328 1159 457 1204 nata
508 1152 742 1220 primum
795 1151 979 1206 divina
1038 1153 1125 1207 illa
1184 1169 1270 1208 res
1325 1155 1699 1224 philosOphia,
1747 1166 1913 1226 utque

328 1244 607 1315 viguerit:
639 1245 730 1314 qui
774 1261 1006 1316 quarum
1043 1256 1317 1302 sectarum
1359 1259 1611 1303 auctores
1655 1264 1720 1303 ac
1761 1249 1913 1318 prin-

330 1337 481 1406 cipes
526 1337 863 1400 exstiterint,
906 1352 1044 1406 quos
1087 1339 1316 1407 quisque
1363 1340 1444 1393 sui
1496 1340 1791 1401 studiosos,
1822 1347 1914 1393 aut

329 1429 466 1482 artis
507 1428 737 1481 forsitan
784 1429 1007 1483 aunttlos
1037 1429 1304 1492 habuerit,
1336 1446 1472 1499 quos
1507 1431 1700 1501 singuli
1735 1445 1914 1485 mores

331 1537 444 1592 pra:
492 1537 551 1575 sc
603 1521 852 1587 tulerint,
899 1523 1040 1575 unde
1092 1537 1262 1590 genus
1311 1525 1593 1588 duxerint;
1641 1525 1799 1594 quale
1845 1527 1912 1579 ab

330 1617 491 1669 initio
533 1615 656 1670 vitae
701 1631 872 1686 genus
910 1616 1098 1668 sectati
1136 1617 1270 1682 sint,
1307 1616 1614 1686 quibusque
1657 1618 1914 1687 tempori—

2011 416 2318 486 διηγήσεως
2369 415 2556 485 μέρος,
2597 417 2825 470 καὶτῶν
2856 417 3032 472 ἄλλων
3070 417 3315 471 πλεῖστοι
3365 419 3475 472 τῶν
3507 421 3589 482 είς

2010 505 2169 558 τοῦτο
2218 504 2279 558 τὸ
2335 507 2488 573 γένος
2542 506 2651 559 τῶν
2682 508 2923 577 ποιητῶν
2970 510 3344 580 ἀναγομένων.
3387 512 3510 565 Ἔτι
3532 512 3592 565 δὲ

2011 597 2268 663 καὶπερὶ
2314 598 2592 665 γυναικῶν
2641 601 2918 667 μαντικῶν
2956 602 3284 671 ἀναγράφει,
3326 602 3473 666 τίνες
3525 620 3589 655 τε

2011 689 2106 741 καὶ
2133 687 2256 741 ὃθεν
2295 691 2349 742 αί
2376 689 2708 760 καλούμεναι
2745 691 3019 758 Σίϐυλλαι,
3051 693 3145 746 καὶ
3171 693 3348 748 ταῦτα
3390 694 3489 764 μὲν
3512 695 3590 758 ὼς

2010 779 2118 833 ἀπὸ
2175 780 2283 832 τῶν
2321 780 2576 849 Ῥούφου,
2625 782 2912 850 σύγκειται
2964 783 3022 837 δὲ
3061 783 3207 854 αὐτῷ
3261 784 3358 838 καὶ
3382 787 3447 838 ὲκ
3477 783 3590 838 τῶν

2011 873 2397 944 Δαμοστράτου
2437 874 2819 930 Ἃλιευτικῶν
2865 877 3117 948 δευτέρου
3150 875 3310 945 λόγου
3332 877 3374 943 ⁸,
3402 878 3496 930 καὶ
3523 880 3590 931 ὲκ

2010 964 2120 1018 τῶν
2169 966 2438 1037 Λαερτίου
2473 968 2760 1036 Διογένους
2789 971 3151 1039 Φιλοσόφων
3170 971 3328 1034 ,βίων
3377 970 3589 1041 βιϐλίου

2013 1055 2230 1125 πρώτου
2275 1058 2370 1110 καὶ
2425 1058 2680 1128 πέμπτου
2731 1061 2953 1114 ὲννάτου
2984 1078 3044 1114 τε
3069 1063 3090 1094 ⁹
3120 1063 3214 1115 καὶ
3254 1061 3501 1128 δεκάτου,
3529 1064 3591 1115 ἐν

2014 1141 2093 1210 οἷς
2115 1147 2183 1202 τὰ
2212 1149 2344 1219 περὶ
2372 1149 2482 1203 τῶν
2515 1151 2822 1220 φιλοσόφων
2851 1152 3130 1219 διέξεισιν,
3157 1153 3280 1207 ὃθεν
3310 1171 3370 1207 τε
3404 1154 3465 1206 τὸ
3497 1173 3592 1224 φιο

2014 1239 2274 1308 λοσοφίας
2336 1242 2479 1314 ίερὸν
2526 1243 2716 1314 χρῆμα
2771 1242 2870 1314 τὴν
2917 1244 3092 1316 ἀρχὴν
3137 1245 3264 1314 ἔφυ,
3303 1245 3396 1300 καὶ
3437 1247 3593 1310 ὅπως

2015 1331 2254 1403 ἧκμασε,
2287 1333 2432 1397 τίνες
2460 1351 2519 1387 τε
2551 1334 2716 1389 τίνων
2743 1335 3007 1406 αἱρέσεων
3046 1335 3282 1408 ἀρχηγοὶ
3327 1338 3421 1391 καὶ
3453 1355 3594 1405 προ-

2018 1424 2210 1479 στάται
2265 1425 2626 1498 κατέστησαν,
2653 1427 2804 1490 τίνας
2852 1444 2913 1479 τε
2973 1427 3130 1497 ἔσχον
3196 1430 3431 1499 ἐραστὰς
3499 1431 3594 1483 καὶ

2017 1518 2166 1583 τίνας
2216 1520 2562 1591 ἀντιτέχνους
2605 1521 2772 1586 τίνες,
2802 1522 2953 1574 ποῖόν
2981 1539 3039 1574 τε
3074 1522 3303 1586 ἕκαστος
3339 1522 3464 1594 H77
3496 1523 3592 1595 11.]

2016 1612 2197 1666 αὐτῶν
2223 1613 2573 1667 ἐπεδείκνυτο
2607 1610 2759 1686 ἦθος,
2791 1614 2888 1667 καὶ
2931 1614 3094 1668 πόθεν
3129 1609 3278 1668 εἷλκε
3321 1615 3382 1668 τὸ
3409 1615 3592 1683 γένος.

329 1707 436 1761 bus
493 1705 792 1762 ﬂoruerint.
848 1706 985 1762 Hinc
1031 1711 1097 1762 dc
1149 1709 1478 1772 rhetoribus,
1533 1711 1802 1779 rebusque
1844 1713 1912 1766 ad

2023 1706 2108 1760 ttat
2131 1700 2241 1760 οἷον
2259 1707 2319 1760 τὸ
2338 1705 2398 1771 ἐξ
2414 1707 2589 1778 ἀρχῆς
2620 1708 2982 1778 ἐπιτήδευμα,
3008 1709 3104 1761 καὶ
3123 1709 3254 1761 πότε
3277 1708 3479 1780 καιροῦ
3495 1709 3598 1779 ἧκ-

328 1810 506 1854 artctn
555 1800 768 1855 dicendi
814 1801 1236 1870 pertinentibus,
1274 1818 1341 1856 ex
1383 1805 1484 1857 hoc
1519 1817 1814 1874 cognoscas
1850 1802 1914 1857 Ii-

333 1893 434 1947 bro
465 1892 610 1946 licet.
641 1892 784 1948 Idem
814 1894 981 1948 etiam
1009 1910 1072 1949 ex
1110 1893 1239 1948 jElii
1275 1893 1513 1965 Dionysii
1549 1896 1660 1966 (78)
1691 1896 1914 1966 scriptis

333 1985 412 2040 De
443 1984 767 2039 Alexandria
809 1987 938 2040 urbe
965 1989 1251 2056 decerptus
1283 1989 1440 2047 liber.
1466 1999 1520 2042 et
1551 2005 1618 2042 ex
1650 1987 1913 2043 Hellanici

335 2075 694 2146 Egyptiacis.
726 2075 768 2130 E
794 2079 994 2147 quibus
1029 2077 1113 2132 ubi
1160 2077 1402 2135 fabulosa
1432 2088 1487 2133 ct
1513 2080 1703 2135 lictitia
1745 2081 1912 2134 multa

331 2186 460 2227 cum
504 2171 736 2225 aliorum
791 2171 920 2225 item
968 2185 1164 2241 magna
1215 2173 1476 2228 varietate
1515 2171 1818 2242 collegeris,
1859 2171 1915 2226 in

333 2264 478 2320 sexti
512 2264 724 2318 tandem
754 2263 876 2319 libri
906 2274 1210 2320 extremum
1242 2265 1467 2320 incides.

413 2439 694 2510 Septimus
724 2452 910 2511 postea
939 2441 1078 2496 liber
1103 2457 1168 2496 ex
1199 2439 1454 2496 Herodoti
1487 2439 1741 2498 Historia
1769 2441 1918 2498 velut

341 2549 376 2586 e
401 2531 622 2588 ﬂoribus
654 2532 930 2602 eleganter
960 2547 1024 2587 ac
1051 2532 1205 2588 varie
1233 2540 1517 2587 contextus
1545 2541 1648 2589 est.

413 2623 652 2680 Octavus
686 2635 867 2679 autem
908 2623 1046 2679 liber
1083 2633 1338 2693 excerpta
1383 2625 1628 2680 continet
1674 2639 1707 2680 c
1750 2624 1917 2680 veteri

337 2713 574 2786 quodam
596 2716 782 2770 codice
795 2713 1032 2785 (79),qui
1063 2715 1304 2782 illeipse,
1325 2716 1411 2770 cui
1440 2714 1746 2786 colligentis
1777 2717 1917 2772 haud

342 2816 429 2863 est
461 2807 761 2878 ascriptum
795 2824 1010 2864 nomen.
1051 2807 1436 2864 Feminas"hic
1475 2820 1745 2876 recenset,
1786 2826 1922 2880 qua-

343 2912 466 2956 rum
504 2901 732 2956 illustris
776 2901 944 2970 gloria
990 2901 1244 2972 famaque
1281 2913 1424 2958 esset
1455 2919 1469 2956 :
1506 2903 1744 2956 virorum
1793 2902 1919 2957 item

2019 1815 2180 1869 μασε.
2209 1799 2320 1852 Καὶ
2341 1797 2470 1867 περὶ
2497 1799 2744 1870 ῥητόρων
2765 1799 2821 1853 δὲ
2850 1801 2943 1852 καὶ
2976 1799 3271 1870 ῥητορικῆς
3309 1799 3380 1853 τά
3418 1816 3599 1871 παρα-

2015 1891 2220 1961 πλήσιά
2251 1907 2333 1944 σοι
2363 1891 2508 1944 ἔστιν
2534 1893 2744 1944 ἐκεῖθεν
2792 1891 3221 1960 ἀναλαμϐάνειν.
3263 1892 3385 1944 Ἔτι
3417 1891 3526 1962 μὴν
3553 1891 3598 1922 ¹⁶

2017 1982 2302 2049 σύγκειται
2352 1984 2381 2035 ὁ
2413 1983 2574 2046 αὐτὸς
2601 1983 2755 2052 λόγος
2799 1984 2897 2038 καὶ
2937 1985 3002 2038 ἐκ
3041 1985 3150 2037 τῶν
3181 1984 3364 2038 Αἰλίου
3395 1985 3522 2037 Δίου
3553 1986 3594 2015 ²¹

2015 2074 2154 2143 Περὶ
2206 2073 2704 2142 Ἀλεξανδρείας,
2762 2075 2855 2128 καὶ
2905 2077 2970 2129 ὲκ
3013 2075 3124 2129 τῶν
3172 2074 3595 2146 Αἰγυπτιακῶν

2028 2164 2339 2219 Ἑλλανίκου
2376 2165 2419 2195 ³⁸
2445 2207 2461 2230 ,
2485 2165 2556 2218 δι’
2593 2158 2668 2218 ὧν
2719 2164 2925 2234 μυθικά
2971 2183 3031 2220 τε
3086 2169 3185 2220 καὶ
3237 2167 3599 2237 πλασματικά

2016 2255 2189 2310 πολλά
2213 2254 2484 2320 συλλέξας
2513 2257 2608 2310 καὶ
2643 2257 2877 2328 διάφορα
2904 2258 3070 2330 ἔτερα
3094 2259 3176 2323 είς
3203 2258 3266 2313 τὸ
3313 2260 3466 2323 τέλος
3501 2258 3598 2312 τοῦ

2014 2349 2176 2404 ἕκτου
2205 2349 2362 2418 λόγου
2395 2351 2776 2422 καταντήσεις.

2098 2443 2157 2497 Ὀ
2185 2442 2242 2496 δὲ
2259 2442 2492 2512 ἕϐδομος
2515 2443 2664 2516 αὐτῷ
2689 2443 2849 2516 λόγος
2872 2444 3176 2518 διήνθισται
3205 2447 3269 2499 ἐκ
3293 2447 3396 2518 τῆς
3437 2443 3600 2516 Ἡρο-

2016 2535 2170 2589 δότου
2209 2534 2520 2602 Ἱστορίας-ι

2098 2627 2158 2680 '0
2217 2627 2276 2680 δὲ
2329 2627 2513 2696 ὄγδοος
2571 2628 2636 2681 ἐκ
2681 2629 2852 2699 τόμου
2891 2628 3038 2692 τινὸς
3070 2627 3301 2700 ἀρχαίου
3328 2644 3342 2658 ·
3375 2629 3606 2699 ὲκλογαὶ

2020 2720 2116 2774 καὶ
2165 2719 2299 2775 αὐτὸ
2357 2719 2616 2789 τυγχάνει
2662 2721 2723 2774 τὸ
2753 2719 2981 2790 βιϐλίον,
3009 2720 3109 2774 οὐκ
3139 2721 3262 2791 ἔχον
3294 2721 3606 2792 ἐπιγραφό-

2025 2829 2186 2884 μενον
2213 2813 2304 2866 τδν
2339 2811 2733 2883 συνηθροικότα
2761 2828 2775 2843 ο
2816 2815 2875 2865 ὲν
2907 2808 2989 2874 οἷς
3017 2815 3117 2877 τὰς
3147 2815 3228 2877 είς
3257 2814 3401 2885 μέγα
3441 2814 3605 2884 δόξης

2023 2904 2120 2958 καὶ
2153 2904 2324 2974 ὄνομα
2349 2904 2604 2974 λαμπρὸν
2639 2904 2900 2974 ἀρθείσας
2952 2908 3222 2973 γυναῖκας
3281 2907 3601 2973 καταλέγει,

341 2995 701 3064 quorumdam
738 2993 995 3061 pra’clarc
1020 3004 1195 3064 gesta,
1226 3005 1281 3049 et
1311 2995 1379 3048 ab
1425 2995 1508 3048 his
1553 2994 1795 3048 instituta
1832 2994 1916 3048 di-

2025 2998 2120 3051 καὶ
2150 2995 2360 3068 ἀνδρῶν
2392 2997 2551 3048 ἐνίων
2589 2995 2750 3066 ἔργα,
2782 2999 2876 3050 καὶ
2901 2998 2995 3050 ἐπὶ
3023 2997 3241 3067 παιδεία
3265 2997 3442 3065 λόγων
3479 3014 3606 3049 συν-

345 3082 503 3138 cendi
531 3081 666 3136 artis
689 3083 860 3151 gratia
896 3081 1184 3152 colloquia.
1226 3084 1496 3137 Amicitiae
1533 3099 1746 3153 quoque
1785 3086 1916 3149 vim,

2023 3088 2232 3153 ουσίας,
2269 3089 2472 3159 ἀρετήν
2532 3105 2591 3140 τε
2625 3083 2692 3141 αὖ
2739 3089 2945 3164 φιλίας,
2995 3090 3090 3142 καὶ
3136 3088 3248 3142 τῶν
3292 3090 3603 3141 σπουδαίων

343 3183 403 3231 et
478 3176 767 3245 probormn
843 3174 1122 3230 hominum
1194 3176 1651 3245 apopltthcgtnata
1730 3175 1916 3235 refert.

2023 3181 2420 3251 ἀποφθέγματα
2443 3179 2560 3252 [541
2588 3179 2678 3253 ιη.
2713 3181 3000 3249 Σύγκειται
3030 3182 3087 3235 δὲ
3113 3182 3259 3253 αὐτῷ
3280 3181 3375 3234 καὶ
3404 3182 3471 3234 ἐκ
3494 3181 3605 3234 τῶν

346 3267 599 3336 Sublegit
646 3269 760 3322 haec
810 3265 1085 3322 Plutarchi
1133 3267 1391 3335 opuscula
1435 3267 1550 3338 (80)
1590 3286 1605 3323 :
1649 3266 1916 3334 Quomodo

2023 3272 2370 3342 Πλουτάρχου
2398 3272 2538 3340 Περὶ
2567 3271 2674 3326 τοῦ
2717 3271 2842 3337 πῶς
2886 3270 2977 3324 δεῖ
3012 3271 3124 3325 τὸν
3167 3270 3312 3324 νέον
3356 3271 3605 3325 ἀκούειν

344 3361 725 3414 adolescentem
781 3360 968 3414 audire
1018 3358 1197 3413 deceat
1240 3370 1458 3430 poetas;
1513 3360 1587 3417 De
1631 3371 1827 3416 natura
1873 3374 1916 3415 et

2023 3364 2366 3434 ποιημάτων
2389 3405 2404 3419 .
2442 3365 2581 3432 Περί
2619 3381 2683 3418 τε
2702 3365 2940 3434 φύσεως
2975 3364 3074 3416 καί
3112 3364 3336 3429 πόνων,
3364 3364 3516 3426 ὅπως
3539 3379 3602 3415 τε

346 3452 639 3508 laboribus.
692 3453 758 3508 Ut
807 3454 1061 3510 nimirum
1113 3456 1266 3511 multi
1316 3471 1689 3525 saepenumero
1738 3456 1926 3510 labore

345 3545 600 3601 vitiosam
648 3558 900 3602 naturam
947 3550 1319 3615 correxerint;
1363 3549 1455 3603 alii
1497 3557 1687 3604 contra
1729 3548 1924 3602 bonam

348 3638 563 3710 ignavia
599 3641 944 3710 corruperint
976 3656 993 3695 :
1033 3648 1200 3709 utque
1240 3641 1295 3694 in
1341 3639 1547 3702 multis,
1578 3640 1669 3709 qui
1701 3640 1756 3693 in
1795 3655 1927 3710 puc-

351 3733 478 3787 ritia
533 3733 672 3787 tardi
722 3731 975 3786 omnibus
1020 3730 1362 3795 videbantur,
1404 3743 1568 3801 atque
1610 3732 1796 3801 inepti,
1832 3729 1929 3784 ﬂo-

351 3834 659 3894 renteqtost
703 3835 860 3880 aetate
904 3823 1086 3880 acrius
1131 3823 1406 3893 ingenium
1450 3840 1516 3880 ac
1563 3824 1930 3895 perspicacius

350 3919 658 3976 emicuerit.
691 3918 912 3972 Librum
942 3918 1093 3980 item,
1140 3916 1216 3971 De
1252 3917 1427 3970 inutili
1475 3919 1819 3982 verecundia;
1857 3918 1930 3973 De

2027 3457 2212 3512 πολλοὶ
2242 3456 2506 3519 πολλάκις
2533 3456 2683 3526 πόνῳ
2719 3456 2824 3527 τὴν
2879 3456 3041 3525 φύσιν
3069 3457 3171 3509 οὐκ
3201 3455 3263 3508 εὖ
3291 3454 3604 3526 φερομένην

2026 3549 2312 3621 ὤρθωσαν,
2345 3549 2524 3619 ἕτεροι
2549 3547 2605 3600 δὲ
2638 3546 2820 3611 καλῶς
2854 3549 3096 3619 ἔχουσαν
3121 3547 3181 3612 ἐξ
3218 3547 3492 3616 ἀμελείας
3517 3547 3602 3599 δι-

2026 3639 2305 3711 έςθειραν,
2345 3639 2492 3700 ὅπως
2525 3655 2584 3691 τε
2617 3637 2751 3691 ἔνιοι
2803 3639 2862 3692 ὲν
2914 3637 3014 3709 μὲν
3063 3639 3203 3700 νέοις
3259 3636 3477 3708 βραδεῖς
3518 3637 3604 3689 ὲνο

2026 3733 2248 3804 ωρῶντο
2279 3735 2412 3788 πᾶσι
2440 3731 2712 3794 άσύνετοι,
2741 3732 3110 3801 ἀκμασάντων
3171 3729 3228 3783 δὲ
3270 3731 3353 3792 είς
3381 3729 3444 3782 τὸ
3466 3729 3602 3797 ταχὺ

2027 3826 2124 3878 καὶ
2161 3826 2380 3878 συνετὸν
2423 3825 2665 3894 αὐτοίςή
2716 3823 2880 3893 φύσις
2929 3821 3200 3893 ἐξέλαμψε
3227 3836 3240 3849 ·
3270 3821 3364 3874 καὶ
3394 3823 3458 3874 ὲκ
3509 3818 3602 3873 τοῦ

2028 3915 2167 3985 Περὶ
2207 3917 2520 3982 δυσωπίας
2564 3916 2622 3970 δὲ
2653 3916 2838 3986 λόγου,
2889 3914 2984 3968 καὶ
3019 3914 3157 3982 Περὶ
3210 3912 3603 3982 ἀδολεσχίας,

350 4010 703 4084 garrulitate;
741 4010 816 4064 De
844 3999 1162 4074 iracundia:
1197 4009 1471 4074 Quomodo
1507 4013 1627 4082 quis
1653 4026 1717 4065 ea:
1749 4012 1930 4064 inimi-

351 4105 427 4158 cis
460 4103 737 4158 utilitatem
784 4105 997 4170 capiat;
1030 4101 1105 4156 De
1145 4103 1310 4156 animi
1331 4105 1748 4174 tranquillitate;
1785 4103 1934 4158 Poli-

2030 4008 2125 4062 καὶ
2153 4007 2294 4077 Περὶ
2325 4006 2529 4075 ὀργῆς,
2571 4008 2666 4061 καὶ
2699 4010 2763 4061 ὲκ
2789 4007 2882 4060 τοῦ
2917 4007 3049 4072 Πῶς
3078 4005 3156 4060 ἄν
3199 4023 3292 4071 τις
3332 4005 3456 4061 ὑπὸ
3504 4005 3610 4072 ἐχ-

2031 4097 2187 4167 θρῶν
2244 4097 2551 4168 ὠφελοῖτο,
2583 4099 2677 4152 καὶ
2724 4097 2864 4166 Περὶ
2889 4097 3178 4167 εὐθυμίας
3212 4095 3290 4160 δὲ,
3323 4097 3419 4149 καὶ
3479 4094 3610 4150 Τῶν

353 4190 488 4244 ticas
518 4191 681 4257 ipsius
716 4190 1119 4258 praeceptiones;
1151 4192 1168 4211 '
1209 4188 1284 4244 De
1305 4192 1541 4256 divitiis;
1569 4191 1845 4256 Quomodo
1878 4209 1916 4245 st

2033 4190 2357 4245 πολιτικῶν
2393 4190 2580 4245 αὑτοῦ
2603 4187 3130 4259 παραγγελμάτων,
3159 4189 3296 4256 Περὶ
3323 4204 3383 4240 τε
3426 4200 3473 4243 π
3496 4187 3613 4240 ίού·

353 4284 472 4356 qttis
501 4283 558 4337 in
590 4283 777 4336 virtute
805 4283 1057 4352 proﬁcere
1085 4283 1300 4339 sentiat.
1337 4283 1567 4338 Rursum
1609 4283 1916 4338 Valetudim‘t

2035 4301 2162 4350 του,
2195 4286 2292 4337 καὶ
2325 4283 2526 4348 Ὅπως
2556 4282 2634 4336 ἂν
2668 4300 2760 4349 τις
2784 4283 3180 4337 συναίσθοιτο
3213 4279 3432 4334 ἑαυτοῦ
3459 4280 3613 4347 πρός

355 4376 598 4440 tuenda,
654 4383 710 4429 et
761 4373 1073 4444 Coajugales
1123 4374 1356 4444 ejusdem
1413 4378 1804 4443 prwceptiones.
1868 4377 1916 4430 lu

2031 4375 2254 4444 ἀρετὴν
2308 4373 2700 4441 ἐπιδιδόντος,
2755 4375 2820 4428 ἐκ
2842 4391 2904 4426 τε
2935 4372 3044 4426 τῶν
3073 4370 3378 4442 Ὑγιεινῶν
3425 4371 3613 4426 αὐτοῦ

357 4467 553 4536 quibus
596 4468 827 4538 plurima
877 4470 1120 4537 reperias
1169 4485 1294 4523 cum
1341 4481 1491 4539 gesta
1543 4469 1916 4538 praedicationt

2030 4467 2129 4518 καὶ
2171 4465 2439 4535 γαμικῶν
2499 4464 3038 4535 παραγγελμάτω.
3085 4465 3174 4516 Ἑν
3215 4457 3297 4526 οἷς
3343 4462 3494 4514 ἔστιν
3527 4463 3614 4513 εὑ--

359 4559 546 4630 digna,
582 4568 695 4614 tum
734 4560 801 4615 ad
830 4562 996 4615 multa
1028 4561 1123 4615 tibi
1155 4562 1431 4631 perutilia.
1465 4561 1590 4616 llaec
1629 4561 1742 4616 fere
1779 4571 1916 4617 octa«

2035 4559 2148 4628 ρεῖν
2180 4557 2405 4610 πλείστα
2427 4557 2520 4610 καὶ
2539 4554 3034 4627 ἀξιομνημόνευτα,
3063 4555 3252 4623 λόγους
3273 4554 3367 4607 καὶ
3385 4554 3432 4585 ¹³
3447 4553 3608 4624 ἔργα,

359 4665 462 4707 vus
488 4652 626 4708 hber
657 4653 1055 4722 complectitur.

2031 4649 2123 4704 καὶ
2158 4649 2295 4721 πρὸς
2349 4649 2526 4702 πολλά
2565 4665 2648 4700 σοι
2679 4647 3107 4718 χρησιμεύοντα.
3137 4646 3325 4700 Ταῦτα
3365 4644 3472 4716 μὲν
3518 4646 3614 4699 καὶ

2030 4744 2096 4798 ἐκ
2125 4744 2328 4797 τούτων
2353 4744 2449 4797 καὶ
2489 4743 2532 4776 ί*
2554 4743 2583 4796 ὀ
2609 4741 2796 4811 ὄγδοος
2826 4741 3006 4809 λόγος.

428 4833 547 4890 1am
587 4849 764 4890 nonus
787 4849 854 4889 ex
884 4833 1126 4902 ejusdem
1155 4833 1405 4891 similiter
1431 4833 1704 4891 Plutarchi
1736 4833 1916 4892 libelli:

2109 4836 2220 4892 Καὶ
2240 4835 2304 4908 δὴ
2333 4836 2432 4890 καὶ
2464 4837 2492 4889 ό
2518 4835 2736 4899 ἔννατος
2771 4832 2919 4904 αὐτῷ
2961 4832 3164 4904 ὁμοίιος
3197 4833 3262 4886 ἐκ
3287 4830 3401 4886 τῶν
3435 4831 3613 4885 Πλου-

359 4926 679 4999 compendio
708 4926 904 4984 iactus.
942 4927 1014 4984 Ut
1038 4943 1107 4985 ex
1138 4927 1396 5001 apusculo
1428 4926 1506 4982 De
1531 4944 1652 4984 sera
1680 4926 1916 4983 Numinii

2035 4929 2240 5001 τάρχου
2285 4929 2620 5001 συνετμήθη,
2654 4927 2720 4982 ἐκ
2747 4943 2806 4980 τε
2852 4925 2950 4980 τοῦ
2982 4927 3112 4979 Ὀτι
3162 4923 3422 4994 βράδιον
3484 4927 3540 4980 oi
3574 4926 3614 4955 ¹³

1622 5044 1854 5100 νΑιιιλΕ
1896 5045 2302 5105 LECTIONES.

432 5137 456 5171 ⁸
479 5141 547 5195 ὲκ
577 5138 672 5194 τοῦ
697 5139 948 5212 δευτέρου
975 5139 1138 5212 λόγου
1175 5137 1284 5212 τῶν
1325 5137 1596 5212 Δαμηᾲλ.Δ
1619 5155 1680 5202 ς.
1793 5139 1814 5171 ⁹
1841 5155 1904 5212 τε
1937 5158 2046 5196 om.
2083 5157 2168 5210 pr.
2199 5143 2268 5198 A.
2373 5142 2416 5174 ¹⁰
2449 5141 2547 5212 μὲν
2583 5159 2644 5206 ς’.
2757 5141 2800 5173 ¹¹
2832 5140 2957 5194 Δίου
3001 5140 3090 5212 A_:
3140 5129 3400 5212 86315;.
3435 5135 3613 5212 lices-

362 5211 572 5269 chelius
592 5206 890 5268 Διονυσίου.
967 5211 1012 5243 ¹²
1038 5209 1290 5262 ὲλανίκου
1325 5206 1420 5262 Α(
1471 5209 1516 5240 ¹³
1541 5207 1731 5276 λόγους
1773 5209 1870 5262 καλ⁵
1897 5212 1940 5264 Α
1965 5230 1977 5243 ·
2008 5215 2064 5264 ἐν
2083 5206 2274 5283 ’λόγοις
2300 5231 2362 5278 ς.
2449 5206 2506 5245 ’⁸⁸
2543 5213 2638 5266 καὶ
2667 5221 2791 5268 ante
2815 5213 2844 5264 ὁ
2867 5214 2992 5266 add.
3036 5210 3104 5264 Α.
3215 5206 3257 5238 ¹⁸
3281 5207 3334 5260 οἱ
3380 5207 3510 5261 add.
3551 5207 3613 5262 Δ.

441 5395 555 5464 (77)
593 5393 694 5465 Qui
745 5403 800 5448 et
846 5409 874 5447 a
924 5391 1088 5465 Suida
1144 5389 1484 5465 referuntur.
1505 5387 1766 5465 Meminit
1805 5299 2133 5462 ileil‘IOTjE.(
2157 5395 2255 5465 80)
2283 5394 2521 5461 Quarum
2550 5395 2789 5452 omnium
2813 5335 3130 5465 Catalogum
3151 5392 3320 5465 texuit
3339 5311 3670 5459 Lampriasé'i

369 5460 574 5533 Elian.
607 5461 747 5517 Hist.
779 5461 997 5517 animai.
1033 5462 1125 5516 lib.
1157 5476 1278 5528 ιιιι,
1307 5475 1429 5533 cap.
1455 5460 1547 5533 2i.
1775 5528 1796 5533 _
1893 5530 1904 5533 Α
2043 5480 2073 5519 a
2097 5460 2258 5520 Suida
2288 5460 2534 5518 laudatus
2585 5475 2639 5520 et
2669 5481 2838 5533 nuper
2862 5460 3255 5533 evulg’atus.i-
3279 5461 3412 5527 Quae
3435 5469 3614 5533 autem
3659 5470 3668 5487 ί

446 5531 560 5600 (78)
587 5533 764 5602 Αίλίου
793 5533 1102 5588 Διονουσίου
1136 5528 1558 5602 ειιιοιιᾴοευῇυε
1587 5545 1739 5602 supr.
1775 5528 1936 5589 Lcsi-
2041 5551 2106 5590 ex
2140 5536 2226 5590 his
2280 5535 2668 5592 interciderunt
2694 5574 2709 5601 ,
2743 5528 2805 5590 ca
2865 5533 2962 5590 tibi
2991 5528 3278 5588 'astcrisco
3335 5532 3616 5587 indicanda

374 5599 801 5676 con_§tt_i_carum
831 5619 1019 5658 vocum
1052 5601 1202 5676 legas
1225 5599 1353 5676 252.
1408 5671 1441 5676 __
1659 5599 1671 5602 ⁷
2043 5605 2247 5676 putavi.

447 5672 560 5741 (79)
597 5673 884 5744 Superiorc
917 5688 1037 5744 pag.
1077 5670 1300 5728 forsitan
1333 5671 1622 5729 indicatus.

2373 5142 2416 5174 ¹⁰
2449 5141 2547 5212 μὲν
2583 5159 2644 5206 ς’.
