3932 6240
387 306 494 369 4ί9

1495 312 2023 375 BIBLIOTIIECA.
2059 340 2130 353 -
2149 314 2312 375 COD.
2338 314 2539 376 CLXI.

3553 317 3659 382 450

388 423 510 477 θεοὶ
560 423 977 493 τιμωροῦνται,
1014 384 1107 478 καὶ
1139 424 1206 496 δὴ
1252 424 1346 480 καὶ
1390 426 1455 479 ὲκ
1500 425 1593 478 τοῦ
1626 426 1751 479 Βίου
1775 430 1964 499 Δημη-

2072 428 2323 489 vindicta,
2352 442 2383 482 e
2402 426 2526 481 Vita
2575 424 2838 480 Demetrii
2868 439 2933 482 ac
2956 424 3110 481 Bruti
3139 426 3400 493 Romani;
3428 441 3495 483 ex
3516 427 3657 485 libro

384 514 541 586 τρίου
567 517 665 569 καὶ
701 516 939 589 Βρούτου
969 518 1063 570 τοῦ
1110 518 1406 587 Ῥωμαίου,
1446 519 1541 571 καὶ
1577 521 1642 572 ἐκ
1667 519 1762 572 τοῦ
1809 520 1966 588 λόγου

384 608 445 673 ὃς
496 610 899 681 ἐπιγέγραπται
976 611 1146 680 αὐτῷ,
1190 610 1442 679 Ἀνδρῶν
1483 610 1750 674 ἐνδόξων
1795 613 1971 667 Ἀπο-

384 703 712 772 pob-pata,
775 702 840 759 ἐκ
896 720 957 757 τε
1006 703 1103 757 τοῦ
1157 704 1297 773 Περὶ
1342 704 1623 774 ποταμῶν
1650 707 1768 738 ⁸⁸⁸⁸⁸
1804 748 1820 770 ,
1874 709 1970 760 καὶ

324 794 332 807 ⁷
363 774 521 891 Ιηῶς
552 794 631 849 ἄν
652 812 745 862 τις
773 795 1094 865 διακρίνειε
1124 797 1231 852 τὸν
1257 798 1491 852 κόλακα
1516 797 1624 851 τοῦ
1645 797 1849 866 φίλου,
1876 798 1970 852 καὶ

386 887 499 959 μὴν
557 890 652 942 καὶ
699 890 763 942 ὲκ
790 892 885 943 τοῦ
916 889 1220 958 Κράτητος
1246 890 1412 956 βίου,
1466 891 1802 959 Δαϊφάντου
1830 907 1894 944 τε
1926 890 1968 922 ⁸⁸

382 981 485 1034 καὶ
514 980 836 1049 Πινδάρου,
864 983 960 1035 καὶ
997 983 1062 1036 ὲκ
1124 982 1220 1035 τοῦ
1256 982 1464 1053 βιϐλίου
1523 982 1578 1036 δὲ
1609 983 1637 1036 ὃ
1672 984 1969 1053 ἐπιγέγρα-

383 1087 517 1123 πται
545 1071 1023 1144 αὐτῶβασιλέων
1058 1073 1155 1126 καὶ
1182 1071 1534 1144 στρατηγῶν
1569 1073 1971 1143 Ἀποφθέγμα-

381 1181 477 1225 τα.
510 1165 607 1218 σὺν
630 1132 711 1227 οἷς
740 1166 833 1219 καὶ
870 1167 933 1218 ὲκ
961 1166 1068 1218 τῶν
1093 1166 1535 1236 Συμποσιακῶν
1570 1166 1735 1219 αὑτοῦ
1765 1168 1873 1221 ἀπό
1909 1184 1970 1221 τε

380 1254 477 1307 τοῦ
528 1254 751 1325 πρώτου
782 1257 877 1308 καὶ
934 1256 1137 1326 ἐφεξῆς
1180 1258 1343 1330 μέχρι
1369 1258 1462 1311 τοῦ
1491 1259 1699 1327 ὀγδόου.
1726 1259 1837 1312 Καὶ
1860 1256 1970 1311 ἀπὸ

393 1346 493 1416 μὲν
530 1347 638 1398 τῶν
666 1347 1012 1419 Πλουτάρχου
1039 1349 1103 1402 ἐκ
1134 1350 1341 1403 τούτων
1370 1364 1385 1379 ·
1427 1350 1767 1404 συνείλεκται
1790 1351 1846 1403 δὲ
1874 1349 1971 1403 καὶ

395 1438 462 1490 ὲκ
483 1437 585 1508 τῆς
599 1437 827 1509 Ῥούφου
846 1438 1172 1509 Ῥωμαϊκῆς
1191 1440 1475 1508 Ἱστορίας
1498 1442 1714 1514 πρώτου
1736 1441 1828 1495 καὶ
1849 1441 1971 1493 δευ-

381 1531 545 1602 τέρου
595 1532 691 1586 καὶ
754 1533 941 1604 τρίτου
974 1534 1183 1605 βιϐλίου
1211 1534 1308 1589 καὶ
1343 1535 1627 1606 τετάρτου,
1652 1538 1711 1589 ὲν
1739 1530 1821 1599 οἷς
1851 1534 1968 1588 ἐστι

382 1627 699 1695 περιτυχεῖν
751 1626 970 1691 πολλοῖς
1038 1627 1362 1695 ἀξιολόγοις,
1394 1628 1442 1679 εἰ
1502 1627 1596 1679 καὶ
1630 1627 1746 1680 ἔνια
1786 1626 1965 1679 αὐτῶν

2073 519 2227 586 cujus
2246 517 2407 572 index
2431 527 2513 573 est
2535 516 2724 589 ιοω)
2753 516 3035 572 Clarorum
3056 522 3290 573 virorum
3347 520 3659 590 Apophtlte-

2068 620 2266 679 gmata.
2286 608 2367 664 ‘Ex
2396 609 2579 664 libello
2615 609 2690 663 De
2717 609 3029 678 ﬂuminibus
3069 610 3184 681 (81)
3210 627 3224 677 ς
3262 612 3538 677 Quomodo
3567 630 3659 666 os-

2068 711 2385 754 sentatorem
2417 700 2482 752 ab
2515 701 2686 753 amico
2732 700 3023 757 discet-nas.
3060 701 3076 723 ‘
3107 702 3342 756 Rursum
3372 703 3659 758 ex.Crate-

2069 792 2141 847 tis
2163 791 2304 857 Vita,
2336 796 2352 814 ‘
2383 791 2802 861 Daipbantique,
2829 803 2882 847 et
2912 795 2929 813 ‘
2949 792 3171 847 Pindari
3204 815 3217 849 :
3245 804 3299 847 et
3327 810 3391 848 ex
3424 809 3658 864 Opuscu-

2072 881 2144 949 lo,
2181 885 2321 953 quod
2360 883 2557 953 Regum
2592 891 2749 952 atque
2787 884 3167 955 imperatorum
3196 883 3657 955 Apopmhegmata

2072 975 2379 1047 inscripsit;
2436 988 2599 1044 atque
2644 989 2710 1028 ex
2765 952 3132 1030 Cbnvivalium
3176 976 3294 1046 ejus
3340 976 3655 1031 Sermonem

2074 1069 2247 1136 libris,
2281 1085 2309 1122 a
2355 1071 2530 1139 primo
2568 1069 2633 1123 ad
2679 1077 2929 1123 octavum
2972 1085 3165 1140 usque.
3210 1068 3334 1125 Haec
3373 1071 3487 1125 fere
3524 1070 3652 1124 Plu-

2077 1164 2298 1215 tarchus
2344 1161 2731 1230 suppeditavit.
2776 1160 2953 1214 Allata
2990 1175 3119 1215 vero
3166 1160 3425 1215 nunnulla
3467 1176 3498 1214 e
3534 1159 3655 1215 ltuii

2073 1252 2325 1307 Historia:
2359 1252 2618 1306 Romana:
2650 1251 2826 1319 libris,
2868 1253 3068 1322 primo,
3115 1256 3376 1317 secnmlo,
3413 1257 3574 1308 tertio
3601 1262 3658 1307 et

2074 1358 2268 1417 quarto
2303 1362 2318 1399 :
2356 1344 2409 1398 in
2459 1345 2655 1414 quibus
2705 1353 2993 1398 occurrent
3045 1345 3301 1414 pleraque
3352 1354 3655 1399 memoratu

2074 1455 2181 1493 non
2212 1438 2449 1507 indigna,
2485 1437 2696 1490 tametsi
2733 1438 2925 1492 horum
2963 1439 3206 1506 quaedam
3248 1439 3299 1492 in
3330 1437 3540 1493 fabulas
3572 1438 3656 1490 in-

2071 1531 2278 1596 cidant,
2319 1539 2373 1583 et
2421 1525 2744 1598 prolixiores
2810 1542 3001 1596 nugas.
3048 1529 3127 1581 Ita
3169 1540 3228 1582 se
3271 1540 3447 1581 nonus
3492 1523 3659 1579 habet

2074 1624 2232 1679 liber.

384 1717 463 1779 εἰς
498 1716 703 1787 μύθους
747 1718 840 1771 καὶ
895 1718 1107 1790 μακρὸν
1148 1718 1478 1773 ἐκπίπτουσι
1509 1720 1551 1750 ¹⁸
1581 1719 1767 1791 λῆρον.
1814 1717 1955 1771 Ἀλλ’
1984 1709 2087 1771 ὦδε
2115 1716 2215 1788 μὲν
2242 1716 2334 1770 καὶ
2358 1717 2387 1770 ὁ
2411 1714 2657 1782 έννατος.

464 1809 523 1861 Ὀ
549 1809 776 1873 δέκατος
804 1810 860 1863 δὲ
888 1810 1256 1883 συνηθροίσθη
1291 1811 1355 1865 έκ
1390 1829 1449 1866 τε
1476 1814 1574 1883 τῆς
1606 1810 1957 1880 Κεφαλίωνος

2134 1808 2381 1865 Decimus
2424 1825 2552 1866 vero
2577 1810 2832 1867 coaluite
2874 1806 3221 1879 Cephalionis
3246 1808 3266 1879 (
3296 1808 3414 1881 82)
3467 1808 3657 1878 Erato,

396 1900 678 1972 Ἐρατοῦς,
735 1901 1208 1974 διαλαμϐανούσης
1272 1903 1340 1958 τὰ
1377 1888 1536 1958 ’κατὰ
1592 1904 1958 1976 Ἀλέξανδρον,

389 1992 482 2046 καὶ
518 1993 587 2063 δὴ
621 1995 721 2046 καὶ
774 1995 836 2047 ὲκ
867 1994 977 2048 τῶν
1029 1994 1392 2049 Ἀπολλωνίου
1413 1997 1507 2049 τοῦ
1530 1996 1795 2061 Στωϊκοῦ,
1837 1998 1960 2051 ὅσαι

388 2088 645 2151 γυναῖκες
689 2087 1085 2158 ἐφιλοσόφησαν
1134 2088 1168 2159 ἢ
1224 2090 1317 2142 καὶ
1352 2089 1395 2121 ²⁹
1446 2089 1621 2154 ἄλλως
1682 2108 1733 2143 τι
1783 2092 1959 2143 ἐπίδο-

385 2179 473 2245 ξον
537 2178 924 2251 διέπράξαντο,
982 2182 1077 2234 καὶ
1131 2181 1198 2234 δι’
1226 2180 1290 2245 ἂς
1346 2182 1516 2237 οἰκίαι
1546 2184 1589 2215 ²⁰
1620 2185 1701 2243 εἰς
1746 2182 1961 2237 εὔνοιαν

387 2271 827 2342 συνεκράοησαν,
862 2272 959 2325 καὶ
985 2274 1049 2325 ἐκ
1078 2273 1186 2325 τῶν
1218 2273 1523 2343 Θεαγένους
1548 2275 1603 2328 δὲ
1631 2275 1960 2330 Μακεδονι-

382 2362 508 2417 κῶν
535 2366 831 2432 πατρίων,
861 2364 924 2418 ἐκ
948 2383 1006 2418 τε
1038 2367 1146 2418 τῶν
1163 2366 1516 2439 Πλουτάρχου
1552 2369 1682 2439 περὶ
1712 2368 1842 2438 βίων
1861 2370 1960 2422 Νι-

386 2457 503 2508 κὲου
534 2456 633 2508 καὶ
668 2455 1005 2510 Ἀλκιϐιάδου
1040 2456 1166 2529 [178
1199 2457 1295 2529 H],
1323 2459 1750 2527 Θεμιστοκλέους
1778 2478 1836 2513 τε
1865 2462 1960 2513 καὶ

386 2547 611 2616 Θησέως
655 2549 749 2601 καὶ
784 2548 1132 2621 Λουκούργου
1183 2552 1420 2616 Σόλωνός
1472 2569 1531 2605 τε
1576 2552 1671 2605 καὶ
1708 2551 1959 2619 Ἀλεξάνι

380 2639 509 2710 δρου
566 2639 664 2693 τοῦ
717 2640 1005 2707 Φιλίππου,
1038 2641 1101 2695 ἐκ
1131 2660 1189 2695 τε
1244 2643 1353 2697 τῶν
1396 2642 1528 2713 βίων
1570 2642 1824 2714 Κίμωνος
1865 2644 1961 2696 καὶ

381 2733 719 2804 Περικλέους
754 2734 846 2787 καὶ
877 2735 1171 2789 Πελοπίδου
1214 2736 1308 2789 καὶ
1352 2737 1639 2801 Φωκίωνος
1676 2738 1769 2791 καὶ
1813 2739 1961 2807 Ἀρι-

381 2825 615 2889 στείδου,
644 2818 721 2878 ὧν
752 2825 822 2878 τὰ
852 2826 1081 2879 πλεῖστα
1114 2825 1462 2898 ἀξιαφήγητά
1495 2844 1553 2881 τε
1584 2828 1677 2881 καὶ
1704 2826 1964 2898 ἀξιομνη-

381 2917 643 2989 μόνευτα.
664 2918 801 2971 Ἀλλ’
840 2922 899 2972 έν
930 2918 1141 2984 τούτοις
1181 2921 1280 2991 μὲν
1310 2921 1405 2974 καὶ
1434 2922 1462 2973 ὁ
1494 2919 1742 2984 δέκατος.

479 3012 522 3063 0
579 3010 639 3063 δὲ
690 3011 974 3077 ἑνδέκατος
1031 3012 1157 3083 ἔσχε
1199 3014 1300 3084 τὴν
1328 3014 1650 3084 συναγωγὴν
1678 3013 1877 3084 ὁμοίως
1903 3012 1963 3079 ἐξ

2063 1919 2170 1974 quo
2198 1902 2334 1958 libro
2354 1904 2643 1959 Alexandri
2673 1914 2822 1975 gesta
2855 1902 3185 1958 referuntur.
3220 1900 3355 1958 Item
3392 1918 3459 1957 ex
3488 1904 3657 1972 Apol-

2064 1995 2189 2051 lonii
2224 1994 2388 2050 Stoici
2424 1996 2578 2050 libris
2600 2034 2616 2059 ,
2648 2010 2768 2065 qua:
2808 1998 2913 2049 sint
2954 2010 3187 2063 unquam
3248 1994 3503 2049 mulieres
3539 1995 3659 2065 phi-

2063 2086 2385 2157 loSOphatrc,
2431 2088 2626 2157 quidve
2670 2088 2813 2142 aliud
2854 2089 3111 2155 praeclare
3137 2092 3439 2159 gesserint,
3473 2102 3526 2147 et
3562 2109 3658 2162 per

2053 2195 2198 2250 .qnas
2221 2180 2435 2235 familia:
2462 2180 2752 2251 aliquando
2801 2180 2853 2234 in
2885 2182 3231 2236 concordiam
3288 2184 3536 2245 redacta‘.
3586 2199 3656 2240 ex

2062 2270 2363 2341 Theogenis
2387 2286 2601 2340 quoque
2628 2269 2986 2324 Macedonicis
3009 2272 3457 2339 patriis.Rursum
3483 2291 3513 2327 e
3533 2275 3657 2328 Plu-

2062 2362 2235 2415 tarchi
2274 2361 2409 2417 Vitis
2447 2359 2651 2426 Niciaz,
2688 2362 3018 2426 Alcibiadis,
3051 2360 3429 2419 Themistoclis
3452 2401 3468 2429 ,
3513 2363 3655 2418 The-

2063 2455 2165 2518 sei,
2186 2454 2442 2525 Lycurgi,
2465 2454 2679 2509 Solonis
2704 2463 2759 2508 et.
2779 2454 3070 2507 Alexandri
3090 2452 3335 2524 ,Philippi
3366 2456 3483 2510 lilii.
3512 2457 3647 2511 item

2061 2546 2246 2603 eV’itis
2280 2548 2567 2618 Cymonis,
2602 2562 2666 2603 ac
2701 2546 2964 2618 Lysandri
2992 2588 3008 2612 ,
3044 2546 3425 2604 Demosuienis
3447 2591 3461 2615 ,
3496 2550 3652 2603 Peri-

2061 2639 2161 2695 clis
2186 2682 2201 2706 ,
2221 2638 2488 2707 Pelopida).
2506 2679 2521 2703 ,
2542 2639 2831 2694 Phociouis
2855 2681 2871 2706 ,
2896 2639 3214 2696 ctAristida:
3243 2657 3257 2694 :
3287 2656 3514 2711 quorum
3539 2641 3655 2710 ple-

2062 2744 2229 2800 raque
2260 2730 2603 2784 memoranda
2623 2769 2639 2795 ,
2669 2730 3135 2801 admirationeque
3154 2731 3337 2800 digna.
3356 2732 3531 2802 Atque
3569 2735 3657 2794 hic

2067 2820 2311 2877 decimus
2346 2820 2487 2875 liber
2519 2829 2623 2875 est.

2132 3001 2465 3057 Undecimus
2492 3000 2713 3070 perinde
2734 3015 2763 3057 e
2790 3000 3061 3057 Plutarchi
3094 2998 3230 3056 Vilis
3277 3000 3474 3056 selecta
3524 3016 3659 3055 con-

380 3095 455 3157 ὧν
483 3103 835 3175 Πλούταρχος
858 3104 1116 3170 συνέταξε
1149 3104 1304 3176 βίων,
1353 3105 1762 3176 Ἐπαμινώνδου
1793 3105 1839 3136 ¹¹
1866 3105 1961 3159 καὶ

2072 3096 2232 3163 tinet,
2260 3107 2389 3165 puta
2442 3096 2859 3166 Epaminondae,
2896 3095 3082 3151 Dionis
3139 3094 3407 3163 Agesilai,
3441 3094 3654 3163 Agidis,

378 3195 582 3258 Δίωνος
610 3166 719 3249 καὶ.
743 3166 1194 3266 Ἀγησιλάου-καὶ
1226 3166 1443 3266 Ἀγιδος
1476 3166 1571 3252 καὶ
1596 3198 1959 3268 Κλεομένους,

2072 3185 2367 3241 Cleomenis
2386 3224 2401 3248 ,
2429 3185 2687 3239 Eumenis
2709 3183 2984 3250 Cardiani,
3012 3183 3452 3253 Philoptemenis,
3472 3181 3661 3239 Timo-

380 3287 667 3357 Εὐμένους
722 3305 782 3341 τε
826 3288 919 3342 τοῦ
963 3288 1268 3360 Καρδιανοῦ
1302 3290 1399 3343 καλ⁵
1437 3290 1824 3361 Φιλοποίμενος
1871 3290 1965 3345 καὶ

380 3379 872 3451 Τιμολέοντος.καὶ
913 3381 1167 3454 Ἀράτου,
1192 3383 1251 3447 ὃς
1303 3383 1635 3455 δημαγωγὸς
1688 3384 1967 3447 καταστὰς

378 3473 491 3527 τῶν
540 3475 780 3545 Ἀχαιῶν
819 3476 1287 3540 ὲπτακαιδεκάκις
1317 3479 1374 3529 ὲν
1398 3478 1580 3541 αὐτοῖς
1627 3478 1967 3548 ἐστρατήγη-

378 3584 465 3631 σε,
503 3568 719 3639 μεγάλα
745 3568 958 3639 πράξας
991 3570 1310 3641 στρατηγῶν
1334 3569 1473 3641 ἔργα
1509 3588 1524 3601 ·
1569 3571 1657 3625 ναὶ
1692 3571 1755 3641 δὴ
1782 3570 1875 3624 καὶ
1898 3572 1963 3623 ἐκ

380 3659 477 3713 τοῦ
512 3659 635 3729 βίου
666 3660 885 3733 Πύρρου
934 3660 1028 3716 τοῦ
1063 3660 1398 3733 Ἠπειρώτου
1419 3701 1435 3725 ,
1466 3661 1602 3717 ἀλλὰ
1637 3662 1744 3733 μὴν
1772 3663 1867 3716 καὶ
1898 3664 1964 3715 ὲκ

380 3751 491 3806 τῶν
534 3753 965 3823 Ἀριστοφάνους
1022 3754 1117 3808 τοῦ
1171 3755 1562 3826 γραμματικοῦ
1607 3755 1749 3822 Περὶ
1807 3754 1966 3816 ζώων

381 3844 596 3915 βιϐλίου
655 3846 877 3918 πρώτου
933 3848 1028 3901 καὶ
1079 3848 1357 3918 δευτέρου,
1387 3856 1480 3902 καί⁵
1508 3851 1573 3902 ὲκ
1614 3849 1711 3919 τῆς
1738 3849 1782 3879 ¹²
1822 3847 1966 3901 Ἰόϐα

379 3939 477 3993 τοῦ
510 3938 779 4009 βασιλέως
806 3938 1130 4009 Θεατρικῆς
1167 3941 1461 4009 Ἱστορίας
1499 3940 1964 3995 ἑπτακαιδεκάτου

380 4031 569 4098 λόγου.
602 4030 762 4084 Οὕτω
798 4032 895 4101 μὲν
926 4033 1019 4086 καὶ
1050 4035 1079 4086 ὁ
1116 4033 1426 4097 ἑνδέκατος.

470 4123 530 4174 ’0
564 4121 622 4175 δὲ
658 4121 958 4185 δωδέκατος
986 4122 1136 4195 αὐτῷ
1166 4122 1327 4191 λόγος
1375 4122 1760 4193 συνήθροισται
1790 4120 1847 4186 ἐξ
1872 4121 1966 4176 άλ-

382 4212 491 4266 λων
557 4230 620 4266 τε
666 4213 962 4283 διαφόρων,
991 4215 1086 4268 καὶ
1120 4217 1185 4267 ὲκ
1212 4215 1313 4286 τῆς
1369 4214 1695 4280 Καλλιξένου
1734 4214 1967 4285 Ζωγρά-

384 4321 514 4368 φων
551 4321 615 4358 τε
655 4305 700 4337 ³³
736 4305 835 4359 καί
878 4305 1387 4374 ἀνδριαντοποιῶν
1429 4307 1815 4378 Ἀναγραφῆς,
1870 4308 1966 4362 καὶ

386 4409 449 4445 εκ
477 4393 587 4446 τῶν
635 4394 1007 4464 Ἀριστονίκου
1040 4394 1087 4426 ³³⁵
1122 4396 1261 4464 Περὶ
1309 4396 1415 4452 τοῦ
1447 4398 1517 4451 ἐν
1554 4397 1967 4464 Ἀλεξανδρείᾳ

382 4486 697 4552 μουσείου,
738 4487 832 4539 καὶ
888 4488 954 4540 ὲκ
1011 4489 1119 4541 τῶν
1159 4488 1565 4558 Ἀριστοτέλους
1620 4487 1962 4556 Πολιτειῶν,

2067 3276 2262 3333 leontis
2288 3315 2303 3342 ,
2334 3277 2558 3334 etArati
2596 3317 2611 3342 ,
2647 3278 2736 3345 qui
2771 3273 3091 3329 Acha-orum
3145 3286 3359 3331 creatus
3409 3276 3659 3331 tribunus

2066 3371 2239 3441 plebis
2265 3372 2442 3426 decies
2470 3370 2671 3440 septies
2696 3371 2876 3439 copias
2909 3385 3093 3423 eorum
3119 3368 3289 3431 duxit,
3317 3366 3480 3422 multa
3510 3368 3563 3422 in
3594 3384 3660 3423 eo

2068 3463 2292 3531 imperio
2323 3461 2577 3532 praeclare
2600 3476 2815 3531 gerens.
2847 3458 3079 3513 Rursum
3102 3475 3132 3513 e
3156 3460 3274 3515 Vita
3312 3458 3503 3530 Pyrrhi
3527 3458 3661 3525 Epi-

2068 3564 2310 3608 rotarum
2342 3554 2505 3623 regis.
2540 3553 2682 3619 Quin
2715 3564 2771 3606 ct
2792 3568 2859 3607 cx
2888 3551 3267 3617 Aristophanis
3294 3550 3314 3621 (
3338 3549 3409 3606 85
3431 3549 3451 3621 )
3477 3565 3662 3621 gratu-

2069 3646 2249 3701 matici
2272 3686 2287 3710 ,
2320 3645 2397 3699 De
2430 3646 2752 3699 animalibus
2776 3645 2912 3699 libro
2946 3646 3121 3713 primo
3149 3684 3164 3708 ,
3190 3652 3244 3696 et
3271 3645 3509 3700 secundo
3531 3685 3546 3709 ,
3577 3655 3662 3699 at-

2070 3753 2175 3809 que
2226 3754 2291 3794 ex
2328 3738 2581 3793 Historia:
2621 3738 2891 3792 tlteatricae
2932 3736 3087 3809 (84)
3134 3736 3287 3791 Juba:
3335 3739 3475 3804 regis
3521 3738 3658 3792 lim'o

2071 3829 2282 3886 decimo
2318 3831 2572 3902 septimo.
2608 3832 2787 3901 Atque
2816 3828 2900 3885 his
2930 3829 3149 3901 quidem
3176 3831 3491 3885 undecimus
3522 3829 3659 3885 liber

2073 3930 2309 3978 coostat.

2147 4124 2503 4181 Duodecimus
2518 4124 2752 4197 denique
2772 4136 3121 4182 coacervatus
3146 4136 3229 4182 est
3254 4142 3284 4181 e
3309 4127 3476 4181 variis
3502 4145 3517 4182 :
3543 4137 3602 4181 ut
3625 4141 3660 4183 e

2074 4216 2341 4272 Callixeni
2394 4217 2766 4273 Piriorumac
2819 4221 3201 4274 statunriorum
3254 4219 3556 4285 Relatione;
3589 4235 3658 4275 ex

2072 4306 2411 4368 Aristonico.
2446 4307 2519 4361 De
2550 4307 2730 4362 Museo
2781 4308 3175 4371 Alexandrino;
3213 4323 3279 4361 ex
3314 4306 3655 4371 ArisIOIelis,

2075 4396 2317 4454 Politicis
2342 4416 2357 4465 ;
2384 4398 2789 4467 Thessalorum,
2810 4400 3051 4468 inquam,
3073 4399 3389 4453 Achaeorum
3413 4441 3425 4463 ,
3466 4398 3658 4468 105a

2072 4488 2352 4544 Pariorum
2371 4530 2385 4552 ,
2413 4489 2695 4561 Lyciorum
2718 4506 2733 4555 ;
2764 4488 3043 4555 Chiorum,
3076 4502 3235 4558 atque
3262 4490 3395 4544 adeo
3417 4504 3655 4543 Olllllltllll

388 4576 674 4630 Θετταλῶν
732 4578 796 4630 τέ
851 4594 993 4647 φημι
1021 4578 1134 4631 ’καὶ
1176 4579 1412 4648 Ἀχαιῶν
1446 4579 1541 4632 καὶ
1587 4580 1809 4649 Παρίων
1837 4578 1964 4651 [544

2073 4580 2196 4651 (85)
2223 4596 2359 4648 quos
2391 4580 2481 4635 illc
2504 4582 2617 4635 suis
2643 4581 2695 4635 in
2721 4580 2963 4635 Politicis
2984 4590 3397 4645 commemorat,
3428 4595 3655 4649 quorum

387 4668 478 4743 IL]
512 4671 736 4726 Λυκίων
767 4688 827 4724 τε
855 4672 950 4725 καὶ
984 4671 1154 4736 Κίων,
1189 4673 1284 4725 καὶ
1310 4666 1386 4725 ὧν
1429 4675 1634 4737 ἐκεῖνος
1671 4672 1858 4735 ἁπλῶς
1904 4674 1964 4727 ἐν

386 4767 496 4828 τοῖς
542 4763 843 4828 πολιτικοῖς
890 4764 1055 4817 αὑτοῦ
1110 4765 1467 4834 διαλαμϐάνει
1499 4780 1514 4795 ⁶
1547 4758 1622 4819 ὧν
1666 4766 1726 4817 τὸ
1769 4768 1961 4836 χρήσι-

2077 4687 2181 4725 ιιοιι
2209 4671 2480 4740 vulgarem
2516 4686 2635 4725 esse
2668 4686 2823 4725 usum
2856 4680 3088 4726 constat.
3118 4670 3231 4736 Qua
3268 4670 3321 4724 in
3353 4686 3411 4726 re
3439 4670 3655 4741 Sopatri

2068 4762 2218 4818 labor
2250 4764 2349 4817 hoc
2377 4762 2693 4816 duodecimo
2718 4763 2833 4830 ejus
2854 4761 2989 4818 libro
3014 4762 3368 4818 consumitur.

391 4875 488 4929 μον
539 4859 644 4912 οὐκ
671 4858 888 4927 ἄδηλον.
926 4860 1073 4915 Ἀλλ’
1107 4863 1165 4915 ἐν
1194 4860 1402 4925 τούτοις
1446 4861 1543 4931 μὲν
1569 4861 1849 4931 Σωπάτρῳ
1873 4864 1967 4915 καὶ
1999 4864 2026 4916 ὁ
2048 4860 2349 4922 δωδέκατος
2377 4857 2487 4913 τῶν
2515 4858 2788 4927 συλλογῶν
2816 4859 2996 4923 πόνος.

1683 5002 1718 5051 ν
1731 5001 1916 5058 ΑΒΙᾹΞ
1948 4997 2356 5057 LECTIONES.

456 5090 502 5123 ¹⁶
533 5089 785 5159 ποταμοῦ
838 5090 904 5143 A.
1018 5091 1058 5123 ¹⁷
1092 5108 1152 5144 τε
1180 5092 1304 5145 add.
1338 5094 1406 5147 A.

389 5158 432 5190 ’³
472 5160 915 5231 Ἐπαμεινώνδου
946 5178 1008 5226 ς·
1081 5162 1129 5193 ’⁸
1153 5160 1275 5233 τῆς]
1304 5165 1401 5234 τῆς
1433 5163 1526 5217 τοῦ
1560 5184 1620 5230 ς·

1482 5095 1524 5125 ¹³
1554 5095 1909 5148 ἐπιπίπτουσι
1934 5113 1994 5160 ς.

1699 5165 1745 5198 ³³
1770 5166 1968 5238 Cu)pr
1998 5164 2095 5219 καὶ⁹
2137 5162 2305 5234 ζωγρ.
2334 5179 2395 5227 ς.

2086 5094 2129 5125 ¹⁹
2158 5095 2255 5146 καὶ
2285 5101 2407 5161 post
2438 5091 2470 5162 ἢ
2499 5105 2610 5147 om.
2639 5107 2723 5161 pr.
2760 5094 2826 5145 A.
2913 5094 2959 5124 ὀ
2987 5094 3154 5147 οἰκίαι
3184 5091 3271 5147 AC
3299 5110 3313 5147 :
3342 5090 3550 5154 οίκείας
3588 5107 3650 5154 ς.

2474 5164 2521 5194 ’⁵
2560 5162 2927 5235 ἀριοτονείκον
2955 5164 3021 5217 Α.

1897 5279 2127 5337 ΝΟΤΛΕ.

456 5372 568 5447 (βυ
585 5373 651 5429 Et
672 5376 983 5445 montibus;
1008 5386 1293 5447 exstatque
1309 5377 1494 5443 hodie,
1513 5377 1606 5432 sed
1629 5376 1852 5432 alterius
1873 5392 1959 5431 es-

390 5457 446 5498 se
469 5444 747 5515 Plutarchi
773 5448 948 5502 critici
968 5444 1230 5515 iudicant.

456 5514 579 5587 (82-
594 5516 805 5584 )Quem
832 5514 1022 5573 novem
1053 5518 1321 5574 Musarum
1354 5518 1711 5587 appellatione
1744 5518 1962 5573 histori-

392 5584 827 5659 carn__Epitomen
879 5591 1160 5659 scripsisse
1203 5604 1361 5656 supra
1390 5584 1568 5659 retulit
1587 5588 1808 5642 Photius
1840 5590 1960 5643 cod.

388 5650 473 5729 65.
506 5650 682 5710 Unum
706 5668 889 5712 autem
926 5650 1049 5715 hinc
1075 5650 1453 5713 clementuma
1477 5658 1674 5729 fugisse
1706 5659 1962 5729 suspice-

386 5726 457 5780 ris
472 5744 591 5782 cum
628 5729 942 5796 κεφαλαίων
964 5731 1033 5785 ibi
1060 5732 1231 5785 dictus
1264 5729 1361 5793 sit,
1408 5730 1506 5785 nisi
1532 5726 1670 5799 apud
1696 5726 1844 5786 Suid.
1872 5746 1935 5783 κε

2062 5373 2273 5446 ψαλίων
2288 5373 2335 5446 κῆ
2357 5374 2607 5442 κεφάλων
2626 5377 2912 5445 legeretur.

2161 5444 2250 5505 85)
2273 5444 2439 5513 cujus
2466 5448 2603 5512 apud
2636 5444 2855 5499 Siiidam
2894 5444 3113 5499 mentio.

2161 5448 2250 5505 85)
2273 5448 2439 5513 Cujus
2466 5448 2603 5512 apud
2636 5448 2855 5499 Snidam
2894 5448 3113 5499 mentio.

2137 5448 2275 5584 ί84)
2305 5514 2474 5583 llujns
2505 5517 2685 5583 operis
2737 5515 2927 5570 librum
2973 5531 3022 5569 tv
3068 5515 3135 5569 ab
3157 5514 3415 5569 Athean
3465 5511 3652 5566 lauda-

2063 5593 2175 5640 tum
2209 5586 2448 5653 reperies
2478 5586 2568 5639 lib.
2604 5601 2656 5639 tv
2680 5627 2692 5639 .

2132 5655 2244 5725 (85)
2275 5649 2511 5727 Quorum
2550 5656 2767 5709 nomina
2786 5654 2986 5725 aliquot
3008 5654 3216 5727 collegit
3256 5654 3543 5725 diligenter
3576 5649 3647 5706 Is.

2070 5725 2195 5783 Cas.
2214 5728 2334 5783 cod.
2366 5726 2564 5783 Laertii
2587 5727 2678 5782 lib.
2718 5741 2767 5779 ν.
