3932 6240
377 281 476 347 451

1505 273 1767 336 ΡΗΟΤΙΙ
1804 274 2315 338 ΡΑΤΒῙΑΒΕΗΕ
2355 276 2465 337 CP.

3533 277 3639 344 452

451 393 696 463 Magnam
744 406 876 448 sane
909 391 1191 448 utilitatem
1228 389 1341 444 haec
1372 386 1674 456 legentibus
1708 387 1956 442 lucubra-

2131 391 2337 462 Πολλὴν
2363 389 2540 460 δὲτὴν
2562 387 2752 460 χρείαν
2779 388 2939 442 τοῦτο
2965 387 3031 460 δὴ
3054 387 3114 442 τὸ
3148 387 3498 460 φιλοπὸνημα
3519 393 3632 455 τοῖς

381 490 457 542 tio
498 487 676 542 aﬂ‘ert.
704 486 816 540 Etsi
846 485 987 538 enim
1025 481 1220 538 fabulis
1241 521 1256 546 ,
1291 479 1550 550 prodigiis
1573 518 1588 543 ,
1618 481 1915 535 mendaciis
1937 520 1952 545 ,

383 593 548 650 a:que
570 576 974 632 incredibilibus
1004 614 1020 639 ,
1051 585 1109 627 ut
1130 572 1324 641 saepius
1355 587 1383 626 a
1428 586 1516 626 me
1557 572 1757 626 dictum
1778 612 1794 637 ,
1851 587 1956 626 non

378 681 547 732 caret,
585 683 653 722 ex
704 667 788 722 bis
820 667 947 734 ipsis
968 675 1144 719 tamen
1169 701 1186 727 ,
1217 659 1353 732 qua:
1382 662 1448 717 ad
1491 663 1692 716 variam
1726 662 1888 717 veluti
1928 679 1960 719 e

381 778 518 831 penu
543 761 723 830 aliquo
779 757 1124 826 premendam
1162 757 1460 812 doetrinam
1516 756 1760 822 faciunt,
1794 757 1956 810 etiam

379 853 446 905 ad
474 853 728 906 virtutem
760 860 919 918 atque
951 849 1290 902 honestatem
1350 845 1602 901 facientia
1668 847 1957 918 decerpere

376 958 535 1010 quam
557 940 781 1012 plurima
805 940 946 994 licet.
965 941 1045 993 Ad
1073 943 1208 993 bene
1234 940 1444 994 dicendi
1475 956 1601 994 vero
1622 939 1956 1006 facultatem,

379 1043 437 1088 ut
467 1033 695 1104 ipsemet
730 1034 796 1087 ad
831 1034 1035 1086 amicos
1076 1032 1361 1098 prtel'atur,
1408 1048 1511 1086 non
1547 1035 1816 1087 modicum
1865 1049 1952 1089 ea-

377 1127 500 1182 dem
557 1124 789 1181 ail‘eruut
837 1126 1298 1192 emolumentum,
1331 1127 1706 1194 insignemque
1752 1127 1955 1180 utilita-

379 1230 485 1274 tem
522 1217 718 1288 legenti
745 1217 982 1286 pariunt.
1013 1217 1185 1270 Dictio
1211 1217 1327 1286 ejus
1367 1217 1514 1269 varia
1543 1256 1556 1281 ,
1584 1231 1758 1287 neque
1791 1216 1950 1270 unius

378 1314 600 1376 formas,
633 1308 844 1362 tametsi
876 1308 1317 1378 perspicuitatem
1344 1307 1397 1360 in
1429 1305 1677 1361 omnibus
1699 1306 1952 1362 servarit.

1110 1421 1315 1479 CLXII.

375 1517 590 1573 Eusebii
643 1517 868 1587 episcopi
907 1517 926 1589 (
959 1517 1385 1589 Thessalonica!)
1433 1532 1616 1572 contra
1677 1515 1949 1572 Andream

907 1588 1184 1659 quemdam
1221 1588 1343 1642 libri
1377 1604 1430 1643 χ.

448 1705 598 1762 Lecti
647 1715 770 1761 sunt
801 1704 1017 1760 Eusebii
1063 1704 1374 1774 cujusdam,
1431 1710 1490 1757 ut
1540 1702 1799 1773 dignitate
1831 1699 1950 1772 epi-
1983 1731 2031 1792 Β

375 1800 519 1868 scepi
545 1796 678 1870 (86),
702 1797 782 1851 sic
801 1806 854 1851 et
875 1795 978 1849 [ide
1006 1795 1314 1861 orthodoxi,
1337 1795 1520 1848 decem
1556 1791 1675 1847 libri
1699 1792 1955 1846 adversus

375 1894 644 1948 Andream
671 1892 958 1962 quemdam
1021 1888 1287 1944 inclusum
1309 1888 1421 1959 (87)
1448 1930 1463 1953 ,
1521 1888 1611 1957 qui
1661 1887 1850 1940 horum
1883 1884 1957 1939 illi
1993 1928 1998 1934 .

375 1985 780 2042 scribendorum
827 1997 1047 2038 causam
1094 1981 1262 2036 dedit.
1301 1979 1605 2050 Scripserat
1664 1980 1806 2034 enim
1870 1977 1959 2032 hic

376 2080 444 2134 ad
480 2078 764 2134 Eusebium
837 2073 1157 2146 epistolam,
1213 2087 1371 2143 quam
1440 2069 1960 2143 παραναγνωστικδν

378 2170 682 2225 nominarat
713 2166 858 2237 (88),
920 2163 1278 2236 jurejurando
1330 2165 1504 2236 ipsunt
1574 2167 1638 2219 ad
1700 2179 1820 2220 eam
1881 2163 1958 2218 le-

375 2261 602 2329 geudam
659 2260 902 2327 adigeus.
959 2256 1076 2325 Qua
1138 2257 1318 2321 lecta,
1394 2257 1661 2312 Eusebius
1726 2258 1958 2326 primum

376 2351 590 2422 quidem
619 2350 888 2406 hominem
935 2349 1216 2420 increpat,
1268 2350 1588 2419 imperitiam
1636 2348 1786 2402 iusta
1843 2348 1962 2418 ejus

374 2443 525 2514 (89'),
578 2456 740 2514 atque
808 2443 1088 2497 audaciam
1142 2443 1567 2513 reprehendens,
1628 2441 1962 2497 ostendendo

371 2529 430 2591 in
457 2536 588 2602 ipsis
612 2538 773 2591 etiam
793 2535 1010 2604 syllabis
1035 2533 1240 2603 lapsum
1265 2551 1280 2602 ;
1305 2543 1498 2589 etcum
1513 2548 1729 2588 versum
1753 2533 1960 2587 nullum

375 2628 744 2700 potueritsine
763 2626 1068 2683 soloecismo
1087 2625 1370 2691 lacere,‘ad
1404 2625 1747 2680 scribendum
1778 2635 1961 2680 tamen

373 2737 495 2777 sese
518 2721 778 2776 extulisse
796 2759 813 2784 ,
844 2716 1075 2773 inStituti
1103 2717 1206 2781 sui,
1231 2716 1461 2771 simulet
1489 2717 1688 2786 quietis
1715 2716 1960 2773 oblitum.

378 2813 697 2868 llzereticam
753 2809 875 2866 dein
924 2809 1068 2864 illius
1134 2809 1458 2865 sententiam
1511 2809 1752 2879 pluribus
1799 2809 1963 2864 refel-

377 2908 487 2962 lere
517 2906 847 2976 aggreditur.
889 2901 1022 2957 Erat
1045 2903 1186 2956 enim
1236 2902 1324 2955 ille
1357 2916 1425 2956 ex
1466 2916 1655 2956 eorum
1700 2918 1961 2969 numero,

372 3001 462 3070 qui
491 2999 558 3052 ab
584 2997 823 3065 improba
840 3010 1002 3065 quam
1035 2993 1286 3048 tenebant
1305 2993 1558 3061 opinione
1578 3033 1593 3056 ,
1638 2993 1965 3061 Apin/torto.

2057 481 2495 548 ἀναγινώσκουσι
2530 481 2866 550 παρέχεται·
2917 480 2966 532 εί
3003 479 3114 551 γὰρ
3161 480 3258 533 καὶ
3307 479 3495 550 μύθων
3543 483 3640 536 καὶ

2057 574 2304 646 τεράτων
2335 574 2548 644 ψευδῶν
2575 591 2634 626 τε
2665 573 2762 627 καί⁵
2800 572 3103 638 ἀπιθάνων,
3143 571 3218 636 ῶς
3252 590 3343 644 μοι
3376 574 3638 638 πολλάκις

2058 665 2296 736 εἴρηται,
2319 667 2380 719 οὑ
2414 665 2732 735 καθαρεύει,
2776 666 2892 720 ἀλλ’
2921 661 3015 718 οὖν
3047 667 3105 719 ἐν
3133 663 3217 728 οἷς
3253 682 3312 718 τε
3360 668 3440 728 είς
3471 664 3641 718 πολυ-

2062 760 2292 828 μάθειαν
2322 761 2386 814 ἐκ
2432 759 2524 814 τοῦ
2565 760 2784 830 ἑτοίμου
2835 760 3097 824 συντελεῖ,
3133 763 3225 814 καὶ
3259 761 3398 832 πρὸς
3427 761 3634 830 ἀρετὴν

2057 853 2153 904 καὶ
2201 850 2610 920 καλοκάγαθίαν
2641 851 2871 918 πλεῖστα
2911 853 3058 906 ἔστιν
3099 853 3284 907 αὐτῶν
3330 845 3638 907 ἀπανθίσαέ

2059 943 2226 1008 σθαι,
2260 944 2397 1014 πρός
2443 961 2503 997 τε
2541 944 2602 997 τὸ
2652 946 2971 1016 ῥητορεύειν
3005 945 3097 999 καὶ
3147 946 3489 1014 σοφιστεύειν
3539 947 3637 1017 (ὡς

2057 1037 2152 1090 καὶ
2179 1036 2340 1099 αὐτὸς
2365 1038 2476 1100 τοῖς
2504 1037 2741 1106 ἑταίροις
2759 1038 2804 1069 ’⁸
2821 1037 3048 1108 γράφων
3076 1038 3514 1109 προοιμιάζεται)
3537 1040 3636 1092 οὐκ

2056 1130 2346 1202 ἐλαχίστην
2394 1131 2551 1202 φέρει
2607 1132 2862 1203 ροπὴν²⁶,
2902 1132 3084 1186 ἱκανὸν
3145 1135 3224 1196 είς
3267 1134 3460 1205 χρείαν
3509 1134 3637 1187 καθ-

2058 1225 2310 1296 έστηκεν.
2339 1224 2406 1277 Ἥ
2438 1225 2492 1276 δὲ
2525 1224 2724 1295 φράσις
2761 1224 2911 1295 αὐτῷ
2944 1225 3162 1294 ποικίλη
3201 1230 3293 1278 καὶ
3319 1225 3380 1278 οὐ
3414 1224 3516 1297 μία
3533 1225 3635 1297 τὴν

2061 1317 2228 1383 ίδέαν,
2257 1319 2304 1370 εἰ
2328 1317 2422 1370 καὶ
2457 1317 2546 1369 διὰ
2579 1317 2760 1387 πάσης
2789 1317 2854 1370 τὸ
2887 1317 3058 1386 σαφὲς
3088 1317 3311 1372 ὥδευεν.

2762 1428 2923 1497 pse,

2055 1525 2352 1580 Εὑσεϐίου
2400 1524 2734 1578 ἐπισκόπου
2764 1522 2916 1577 κατὰ
2976 1521 3255 1592 Ἀνδρέου
3313 1523 3479 1592 τινὸς
3523 1525 3633 1580 .ιό-

2742 1612 2836 1665 τοι
2872 1600 2926 1649 ι’.

2140 1705 2584 1780 Ἀνεγνὼσθησαν
2614 1706 2874 1762 Εὖσεϐίου
2902 1706 3048 1772 τινὸς
3067 1706 3388 1780 (ἐπίσκοπος
3412 1702 3482 1780 ἧν
3504 1707 3551 1741 ’⁷
3570 1710 3635 1762 τὸ

2057 1803 2275 1874 ἀξίωμα
2323 1801 2421 1854 καὶ
2473 1801 2573 1871 τὴν
2622 1801 2804 1854 πίστιν
2851 1800 3178 1872 ὀρθόδοξος)ο
3207 1803 3380 1872 τούτῳ
3417 1801 3569 1872 λόγοι
3601 1807 3634 1856 ι’

2057 1897 2202 1950 κατά
2238 1893 2485 1966 Ἀνδρέου
2519 1893 2664 1957 τινὸς
2717 1893 3034 1962 ἑγκλειστοῦ
3064 1894 3502 1965 συνεγράφησαν,
3532 1893 3634 1966 τὴν

2059 1985 2243 2042 αἰτίαν
2276 1983 2534 2046 λαϐόντες
2564 1984 2628 2037 ὲκ
2651 1982 2747 2036 τοῦ
2780 1984 3072 2054 εἰρημένου
3098 1984 3438 2054 ὲγκλειστοῦ.
3462 1977 3636 2050 Οὗτος

2058 2077 2170 2149 γὰρ
2201 2075 2440 2149 ἔγραψεν
2471 2074 2762 2146 ἐπιστολὴν
2792 2075 3042 2148 Εὐσεϐίιρ
3082 2077 3633 2148 (παραναγνωστικδν

2057 2168 2118 2223 δὲ
2150 2168 2306 2223 καλεί
2323 2168 2423 2240 τὴν
2457 2166 2769 2238 επιστολὴν)
2790 2207 2806 2232 ,
2841 2168 3028 2239 ὅρκοις
3056 2168 3219 2223 αὑτὸν
3252 2170 3332 2233 είς
3363 2169 3464 2241 τὴν
3498 2168 3633 2224 ταύ-

2059 2280 2159 2334 της
2193 2261 2500 2332 ἀνάγνωσιν
2527 2259 2931 2331 ἐκκαλούμενος
2950 2275 2965 2291 ο
2991 2259 3060 2331 ἢν
3083 2260 3342 2332 Ε-ὐσέδιος
3363 2261 3637 2329 ἀναγνοὺς

2061 2356 2276 2428 πρῶτον
2312 2355 2411 2426 μὲν
2449 2354 2541 2408 τὸν
2591 2353 2877 2427 ἄνθρωπον
2917 2353 3184 2425 ἐπιτιμᾷ,
3226 2351 3473 2424 ἀμαθίαν
3513 2354 3635 2423 ἅμα

2061 2448 2155 2501 καὶ
2203 2446 2400 2517 θράσος
2432 2443 2727 2509 ἐπικαλῶν,
2780 2443 2876 2496 καὶ
2905 2441 3123 2505 δεικνὺς
3163 2439 3260 2494 καὶ
3291 2440 3423 2511 περί¹
3461 2440 3636 2503 αὑτὰς

2061 2539 2326 2594 πταίοντα
2363 2536 2462 2599 τὰς
2493 2533 2785 2599 συλλαϐὰς,
2823 2535 2921 2588 καὶ
2949 2534 3032 2588 ὅτι
3061 2531 3262 2604 μηδένα
3297 2533 3479 2602 στίχον
3502 2532 3636 2587 ἀσό-

2060 2633 2242 2688 λοικον
2271 2632 2447 2684 εἰπεῖν
2475 2627 2854 2698 δεδυνημένος,
2885 2629 2914 2680 ὁ
2941 2626 2998 2681 δὲ
3025 2625 3121 2679 καὶ
3155 2625 3248 2678 ἐπὶ
3275 2623 3336 2678 τὸ
3388 2623 3639 2694 συγγρά-

2061 2743 2181 2794 φειν
2215 2721 2380 2795 ἤρθη,
2415 2718 2508 2773 τοῦ
2557 2717 2976 2788 ἐπαγγέλματος
3021 2716 3117 2769 καὶ
3145 2715 3246 2784 τῆς
3294 2714 3352 2766 ὲν
3397 2715 3635 2784 ἀσκήσει

2061 2816 2295 2889 ἡσυχίας
2338 2811 2805 2880 ἐπιλελησμένοςο
2867 2805 2986 2862 εἷτα
3033 2807 3095 2861 τὸ
3141 2807 3419 2878 αἱρετικὸν
3467 2804 3636 2859 αὐτοῦ

2063 2909 2323 2980 φρόνημα
2349 2906 2436 2959 διὰ
2463 2902 2676 2957 πολλῶν
2703 2902 3023 2972 ἀπελέγχει.
3049 2896 3159 2954 Ἦν
3187 2900 3244 2953 δὲ
3274 2899 3383 2969 ἄρα
3413 2897 3525 2952 τῶν
3549 2897 3638 2950 λε-

2061 3001 2311 3070 γομένων
2340 2997 2446 3054 ἁπδ
2468 2998 2567 3068 τῆς
2597 2995 2808 3065 φαύλης
2827 2996 2986 3066 δόξης
3010 2993 3118 3047 τῶν
3147 2992 3642 3064 ὲχόντωνἋςρθαρ-

373 3087 716 3159 ιιοοειιείθθ)
751 3096 880 3144 sunt
931 3086 1080 3140 dicti.
1137 3084 1375 3139 Primum
1409 3084 1590 3152 itaque
1617 3085 1853 3139 oswndit
1882 3080 1956 3138 illi

2060 3091 2418 3160 τοδοκητῶν.
2436 3092 2542 3144 Καὶ
2565 3089 2780 3161 πρῶτον
2807 3088 2906 3159 μὲν
2927 3087 3196 3141 δείκνυσιν
3217 3085 3382 3139 αὐτὸν
3405 3083 3639 3147 εὐθύνας

372 3185 639 3240 rationem
662 3195 783 3236 esse
815 3179 1183 3246 reddendam,
1237 3192 1334 3232 cur
1379 3177 1430 3231 iu
1468 3191 1572 3231 una
1605 3177 1866 3232 duntaxat
1887 3178 1960 3233 si-

372 3277 724 3348 gnilicatione
751 3272 1102 3341 corruptionis
1141 3269 1401 3324 vocabulo
1448 3279 1704 3337 accepto,
1740 3268 1806 3322 de
1842 3268 1958 3323 solo

376 3372 428 3425 id
470 3377 692 3442 peccato
739 3365 845 3421 dici
875 3364 1172 3419 arbitretur
1228 3381 1243 3418 :
1277 3378 1396 3417 cum
1433 3376 1531 3416 suo
1569 3361 1955 3416 vocabulorum

374 3479 471 3519 usu
500 3461 668 3517 sancti
694 3457 883 3513 Patres
912 3455 1264 3519 tradiderint,
1294 3455 1360 3508 ad
1395 3457 1569 3508 varias
1622 3456 1843 3509 omnino
1869 3470 1958 3510 res

372 3559 512 3610 hanc
534 3568 718 3608 vocem
740 3550 976 3605 extendi.
1011 3546 1280 3613 Secundo,
1321 3548 1462 3616 quod
1527 3548 1864 3611 immortale,
1902 3555 1958 3601 et

376 3647 700 3718 impatihile.
731 3653 784 3699 et
813 3641 1220 3710 incorruptibile
1248 3654 1313 3693 ex
1335 3640 1450 3708 ipsa
1477 3641 1723 3695 unitione
1756 3655 1958 3708 corpus

373 3738 574 3794 Christi
606 3735 818 3790 Domini
853 3733 1085 3796 dixerit,
1116 3732 1568 3800 quemadmodum
1623 3741 1672 3786 et
1712 3729 1957 3787 Julianus

374 3845 542 3886 ausus
560 3829 672 3900 (9i)
694 3836 1060 3886 estasserere,
1077 3831 1390 3876 cumtamen
1406 3826 1458 3876 in
1479 3827 1662 3879 eadem
1691 3825 1790 3878 hac
1809 3823 1956 3878 amr-

377 3933 487 3978 met
513 3918 740 3991 epistola
769 3927 957 3972 contra
998 3916 1256 3971 Severum
1281 3915 1613 3969 etJulianuin
1637 3957 1651 3981 ,
1676 3917 1817 3971 hunc
1838 3931 1866 3970 a
1897 3932 1958 3972 se

376 4019 686 4078 susceptum
723 4021 845 4061 esse
897 4004 1171 4070 laborem,
1218 4013 1275 4058 ut
1305 4003 1392 4072 qui
1426 4005 1557 4058 duas
1591 4015 1849 4072 naturas,
1872 4005 1956 4060 vel

375 4101 711 4158 substantias
758 4099 892 4152 duas
917 4097 970 4150 in
999 4096 1212 4152 Christo
1256 4097 1438 4152 dicere
1489 4112 1590 4150 non
1623 4098 1952 4162 sustineant,

377 4210 550 4265 neque
595 4194 728 4248 duas
772 4193 1148 4262 proprietates,
1169 4204 1342 4259 neque
1375 4191 1614 4244 actiones
1644 4189 1800 4244 duas.
1820 4187 1957 4242 Ter-

378 4293 453 4343 tio
481 4289 620 4359 quod
642 4288 830 4343 Adami
861 4301 1058 4355 corpus
1089 4294 1313 4340 asserat
1343 4293 1468 4337 ante
1506 4283 1710 4351 lapsum
1737 4324 1754 4349 ,
1782 4296 1957 4350 neque

2061 3187 2328 3255 ὑπέχοντα
2353 3225 2369 3250 ,
2402 3184 2485 3236 ὅτι
2525 3182 2723 3254 μονοσή
2736 3197 2936 3251 μαντον
2967 3179 3029 3232 τὸ
3058 3179 3161 3248 τῆς
3195 3177 3401 3248 φθορᾶς
3427 3175 3641 3245 ἐξειλη-

2060 3277 2175 3348 φὼς
2215 3277 2387 3347 ὄνομα
2433 3277 2528 3328 ἐπὶ
2578 3275 2746 3344 μόνης
2775 3273 3052 3344 ἁμαρτίας
3102 3272 3272 3325 οἴεται
3317 3269 3635 3330 τάττεσθαι.

2055 3366 2167 3419 τῶν
2197 3367 2366 3434 ἁγίων
2393 3365 2654 3436 Πατέρων
2678 3363 2856 3435 ἡμῶν,
2905 3362 2972 3416 δι’
3011 3357 3087 3417 ὧν
3132 3365 3254 3426 ταῖς
3285 3365 3492 3431 φωναῖς
3525 3363 3638 3415 ἀπ-

2057 3459 2385 3529 εχρήσαντο,
2444 3455 2589 3509 κατὰ
2639 3456 2915 3526 διαφόρων
2970 3456 3314 3526 πραγμάτων
3366 3453 3493 3526 [I79
3538 3451 3634 3525 ll.]

2056 3550 2216 3604 τοῦτο
2259 3551 2320 3603 τὸ
2365 3549 2537 3621 ὄνομα
2567 3549 2833 3620 φέρεσθαι
2886 3548 3373 3620 παραδεδωκότων.
3402 3548 3458 3599 B'
3485 3547 3637 3600 ὃτι²⁹

2057 3641 2330 3696 ἀθάνατον
2359 3643 2456 3695 καὶ
2483 3642 2692 3705 ἀπαθὲς
2743 3641 2838 3694 καὶ
2880 3640 3157 3711 ἄφθαρτον
3202 3639 3263 3706 ἐξ
3325 3639 3499 3708 αὐτῆς
3551 3639 3639 3692 έν-

2056 3737 2246 3797 ώσεως
2276 3734 2337 3786 τὸ
2376 3733 2536 3804 σῶμα
2567 3732 2658 3786 τοῦ
2691 3731 2894 3803 Κυρίου
2913 3774 2929 3798 ,
2957 3732 3145 3802 ὥσπερ
3163 3733 3207 3765 ²⁹
3253 3733 3283 3784 ὁ
3318 3729 3637 3797 κ’ῐουλιανὸς,

2058 3827 2358 3894 ἐτόλμησεν
2409 3823 2814 3895 ἀποφήνασθαι,
2860 3823 3038 3876 καίτοι
3057 3822 3100 3854 ³⁰
3139 3821 3542 3890 διατεινόμενος
3575 3821 3636 3871 ὲν

2057 3917 2208 3986 αὑτῴ
2252 3917 2330 3987 τῷ
2361 3918 2649 3987 γράμματι
2679 3916 2818 3969 κατά
2853 3914 3095 3986 Σεϐήρου
3112 3913 3153 3945 ³⁸
3205 3913 3301 3966 καὶ
3341 3910 3635 3966 Ἰουλιανοῦ

2056 4009 2150 4062 τὸν
2187 4006 2429 4060 τοιοῦτον
2489 4006 2636 4076 αὐτῷ
2686 4005 3120 4074 διαπεπονῆσθαι
3164 4003 3344 4066 πόνον,
3397 4003 3494 4056 ἂτε
3541 4002 3636 4055 δύο

2058 4100 2302 4171 φύσειςῆ
2334 4099 2429 4153 δύο
2460 4099 2649 4162 οὐσίας
2679 4099 2774 4151 ἐπὶ
2801 4097 3038 4166 Χριστοῦ
3069 4098 3244 4150 εἰπεῖν
3277 4097 3507 4149 ἐκείνων
3535 4095 3636 4148 οὐκ

2057 4191 2424 4262 ἀνεχομένων,
2456 4189 2578 4242 οὐδὲ
2605 4189 2699 4242 δύο
2732 4189 3026 4258 ἰδιότητας,
3054 4188 3175 4242 οὐδὲ
3207 4186 3300 4241 δύο
3333 4185 3634 4258 ἐνεργείας.

2058 4283 2111 4335 Γ’
2137 4283 2220 4335 ὃτι
2246 4282 2355 4352 πρὸ
2379 4281 2476 4351 τῆς
2506 4279 2876 4350 παραϐάσεως
2903 4281 2965 4332 τὸ
2987 4279 3080 4333 τοῦ
3111 4279 3286 4349 Ἀδὰμ
3317 4278 3481 4347 σῶμα
3514 4277 3637 4331 οὔτε

379 4382 579 4453 1051)
613 4379 844 4435 mortale
863 4394 983 4434 esse
1009 4379 1305 4440 conditum,
1338 4390 1512 4445 neque
1543 4385 1730 4444 suapte
1762 4385 1953 4428 natura

2060 4375 2249 4444 θνητὸν
2278 4375 2429 4442 λέγει
2482 4372 2882 4427 διαπεπλάσθαι
2911 4371 3036 4425 οὔτε
3071 4372 3309 4443 φθαρτὸν
3337 4371 3525 4441 φύσει,
3569 4370 3636 4424 ἵν’

374 4475 759 4546 corruptibile,
793 4484 853 4528 ut
889 4473 1142 4527 nimirum
1172 4485 1235 4526 ex
1272 4471 1392 4535 hoc,
1417 4484 1514 4538 pro
1546 4469 1716 4536 ipsius
1742 4467 1947 4535 opinio-

374 4579 446 4620 ne
467 4604 484 4632 ,
518 4565 647 4620 illud
679 4565 804 4619 item
838 4572 1194 4632 sequeretur,
1247 4559 1522 4614 Christum
1553 4557 1832 4612 Dominum
1882 4573 1948 4611 ex

2058 4468 2124 4521 ἐκ
2155 4467 2346 4519 τούτου
2391 4465 2514 4519 καθ’
2542 4465 2660 4518 ὁδὸν
2689 4465 2838 4536 αὐτῷ
2853 4465 2896 4496 ³¹
2931 4466 3157 4538 χωρήσῃ
3185 4465 3247 4517 τὸ
3273 4465 3367 4518 καὶ
3390 4466 3484 4518 τὸν
3511 4465 3638 4536 Χριο

2059 4557 2184 4610 στὸν
2219 4557 2278 4621 ἐξ
2303 4557 2475 4626 αὐτῆς
2510 4556 2758 4618 ἐνώσεως
2791 4557 2951 4626 σῶμα
2982 4555 3260 4626 ἄφθαρτον
3287 4555 3638 4628 ἀνειληφέναι

376 4661 492 4728 ipsa
518 4658 901 4730 conjunctione
934 4652 1343 4726 incorruptibile
1381 4666 1578 4720 corpus
1601 4691 1618 4718 ,
1655 4661 1817 4720 atque
1847 4635 1948 4704 im.-

2060 4651 2150 4702 καὶ
2195 4649 2429 4714 ἀπαθὲς,
2484 4649 2603 4702 δέον
2657 4649 2751 4702 καὶ⁵
2807 4651 2948 4703 νοεῖν
2994 4651 3091 4702 καὶ
3123 4649 3303 4719 λέγειν
3341 4649 3420 4712 ὡς
3447 4650 3511 4702 τὸ
3541 4647 3637 4702 τοῦ

1659 4810 1895 4866 VARUE
1944 4811 2351 4868 LECTlONES.

447 4935 492 4968 "
521 4931 729 5004 ἑτέροις
757 4949 821 5004 <:._
897 4928 946 5004 ’ξ
958 4926 1148 5004 -ῥοπὴν
1176 4925 1272 5004 καὶ
1301 4924 1484 4980 ἱκανὸν
1511 4941 1586 5004 ς..Δ
1651 4919 1796 5004 ’ξῆν
1829 4925 1924 5004 Α).
1943 4917 2096 5004 οὗτος
2121 4921 2274 5004 ᾖν-ς.
2310 4997 2321 5004 _
2352 4925 2397 4958 ’⁸
2420 4922 2526 4995 ὅτι]
2557 4923 2855 5004 cf._Su_ida_s
2877 4939 2930 4980 ν.
2961 4923 3251 4988 Ἰουλιανὸς
3282 4922 3639 4996 Ἀλικαρνασ’

377 5005 522 5070 σεύς,
614 4997 667 5035 ’³³
694 4997 884 5073 κυρίου
921 4997 1136 5066 ἐξεῖπεν
1165 4997 1354 5068 ὥσπερ
1382 5014 1443 5062 ς’.

1544 4995 1589 5028 ³⁰
1618 4995 1798 5049 καίτοι
1823 4997 1950 5050 add.
1978 4998 2044 5051 Α.
2120 4995 2161 5030 ³⁸
2191 4997 2432 5069 Σευήρου
2473 5013 2536 5060 ς.

2613 4995 2657 5026 ³³
2684 4994 2848 5048 αὑτοῦ
2875 5012 2938 5059 ς’.

1860 5131 2106 5188 ΝΟΤᾸΕ.

447 5255 999 5337 (86)_’l_‘hessalouicat
1016 5293 1034 5322 ,
1059 5260 1121 5311 ut
1147 5261 1200 5309 te
1223 5251 1438 5308 docebit
1465 5248 1527 5303 Β.
1557 5248 1785 5319 Grcgor.
1806 5245 1950 5318 Μίδα.

375 5329 878 5408 θυῖδὲέβὲἒοιίυτθο
990 5395 1004 5408 .
1056 5394 1091 5408 ,.
1134 5392 1174 5408 ..
1252 5393 1265 5408 .
1340 5407 1349 5408 ,
1411 5389 1590 5408 ..μη

449 5386 917 5474 (νδηδιοιιεειιιιω
941 5395 1028 5452 ad.
1056 5394 1116 5452 S.
1134 5392 1359 5450 Paulum
1411 5389 1714 5457 Romamn
1762 5389 1834 5445 ibi
1887 5386 1950 5442 Β.

374 5477 537 5544 Greg.

2058 5247 2297 5303 nescium
2331 5247 2648 5316 appellatB.
2684 5246 2846 5315 Greg.
2883 5261 3001 5316 sup.

2131 5317 2289 5385 (90)
2335 5319 2498 5385 Quasi
2528 5318 2678 5372 dicas
2711 5319 3118 5385 incorruptionis
3175 5326 3486 5372 assertores.
3559 5316 3633 5371 De

2056 5389 2253 5458 quibus
2270 5385 2528 5458 legendus
2552 5387 2780 5457 Niceph.
2808 5385 2908 5440 lib.
2936 5401 3046 5442 svnt
3069 5427 3086 5456 ,
3104 5403 3230 5456 cap.
3259 5386 3351 5441 29.

2127 5458 2225 5526 (9t
2261 5461 2277 5527 )
2326 5455 2508 5528 Episc.
2558 5455 3087 5523 Halicarnassensis,
3123 5455 3214 5527 qui
3253 5473 3378 5511 cum
3428 5455 3632 5528 Severo

448 5526 561 5616 (ἐξ)
590 5527 1215 5616 Quasijustalegendum
1235 5535 1493 5616 scriptum
1515 5530 1693 5616 dicas,
1713 5529 1862 5616 quod
1882 5545 1951 5616 ex
2053 5526 2492 5616 gliaglcedoneuse
2523 5526 3409 5616 conciliumpraedicare’ahnueus
3429 5544 3497 5616 ,a
3538 5527 3628 5608 Ju-

376 5601 593 5670 div‘ers'o
608 5601 689 5665 ἐι
727 5601 1050 5664 altrinsecus
1075 5623 1195 5662 cum
1222 5601 1447 5661 aliorum
1473 5602 1694 5672 scriptis
1713 5601 1943 5670 legatur,

378 5696 435 5741 ut
467 5700 529 5740 ea
558 5684 697 5736 inter
733 5693 795 5735 se
819 5688 1229 5748 componantur.

452 5753 557 5827 (89
584 5752 604 5826 )
643 5741 957 5822 lmperituui
985 5748 1280 5805 litterarum
1301 5787 1317 5815 ,
1346 5755 1400 5803 et
1432 5744 1628 5802 divina:
1655 5741 1949 5812 Scriptura:

2054 5599 2287 5653 stiniano
2322 5601 2447 5667 imp.
2487 5602 2614 5655 sede
2648 5598 2832 5668 pulsus
2884 5607 3000 5666 est,
3031 5608 3090 5654 ut
3147 5596 3222 5654 ait
3245 5596 3530 5654 Liberatus
3576 5598 3628 5652 iu

2053 5668 2358 5737 Breviario,
2410 5684 2530 5741 cap.
2561 5669 2648 5726 19.
