3932 6240
305 259 390 325 453
589 229 608 245 ’
1378 235 1892 299 BIBLIOTHECA.

1996 233 2102 293 DD.
2153 229 2382 292 CLXII.
3394 223 3501 288 454

316 364 454 432 Ἀδὶμ
477 356 633 428 σῶμα
666 352 856 424 θνητὸν
881 346 952 423 ἦν
989 349 1149 420 φύσει
1183 347 1278 403 καὶ
1319 347 1585 418 παθητὸν,
1620 344 1743 414 θείᾳ
1769 343 1826 395 δὲ
1858 348 1892 404 Α

2005 339 2154 396 tibile
2187 337 2561 407 assumpsisse.
2595 335 2697 394 Ubi
2766 334 3108 391 sentiendum
3143 333 3245 404 ipsi
3294 335 3500 388 fuerat.

305 425 452 529 χάριτι
479 425 741 504 ἀθάνατον
791 443 1173 514 διεφυλάττετο
1219 439 1316 492 καὶ
1365 436 1598 501 ἀπαθὲς,
1635 435 1827 506 μέχρις

1996 447 2098 501 que
2147 430 2432 484 dicendum
2475 428 2668 483 Adami
2702 441 2895 497 corpus
2913 426 3140 480 mortale
3169 425 3384 495 quidem
3403 439 3504 477 na-

303 507 494 604 gat’ttb
520 541 554 610 ἡ
602 507 917 608 παράϐασις
963 534 1063 603 τῆς
1111 529 1360 602 φυλακῆς
1396 525 1825 596 ἀπεγύμνωσενο

2000 538 2054 576 ra
2097 537 2192 578 sua
2232 521 2432 586 fuisse,
2469 534 2532 574 ac
2581 518 2838 589 patibile,
2869 533 3056 573 verum
3101 516 3281 572 divina
3331 515 3507 585 gratia

304 639 421 693 οὕτω
471 609 576 704 γὰρ
639 631 734 684 καὶ
785 630 814 680 ὁ
855 627 965 680 τῶν
1012 624 1184 692 ἁγίων
1239 623 1398 692 χορὸς
1447 618 1827 687 ἀποφαίνεται.

1996 613 2238 670 imortale
2273 622 2434 680 atque
2461 611 2762 680 impatibile
2794 611 3140 674 custoditum,
3175 609 3347 662 donec
3383 619 3506 660 eum

303 737 348 786 A'
369 698 557 785 ὅιτιιιιίιν⁷
573 721 817 791 παρόντα
846 719 1050 789 κόσμον
1079 715 1353 785 ἄφθαρτον
1400 712 1495 766 καὶ
1528 709 1832 779 ἀνώλεθρον

1996 705 2307 759 ἰενθνίοθιίο
2329 703 2571 758 custodia
2604 703 2694 756 illa
2735 698 2986 772 pﬁvavit.
3015 701 3143 755 Haec
3199 698 3342 753 enim
3377 711 3510 751 con-

304 826 443 891 λέγει,
468 818 584 872 δέον
614 789 818 868 εἰδέναι
861 813 942 866 ὅτι
983 809 1220 894 φθαρτός
1255 809 1372 859 ἐστι
1406 805 1498 858 καὶ
1524 801 1830 894 ἅλλοιωτός.

1996 811 2060 848 ars
2096 805 2180 850 est
2200 804 2508 850 sanctorum
2544 791 2761 845 Patrum
2781 793 3065 847 sententia.
3097 791 3332 857 Quarto,
3365 789 3508 857 quod

306 861 456 970 ii'di‘,’
506 908 667 976 ἕτερα
699 903 758 956 δὲ
807 903 905 955 σὺν
959 861 1168 961 τδύτόις
1214 895 1484 965 κεφάλαια
1536 893 1678 945 κατὰ
1732 889 1835 960 τὴν

1996 902 2083 941 mc
2113 888 2367 940 mundum
2410 885 2891 954 iucorruptibilem,
2925 883 3284 950 interitusque
3312 895 3510 950 exper-

305 1003 494 1075 πρώτην
520 973 862 1066 ἀντιγραφὴν
889 994 918 1046 ό
945 992 1263 1053 ἐπίσκοπος,
1286 988 1352 1040 τὰ
1375 985 1472 1056 μὲν
1498 981 1744 1075 ἀσαφῶς,
1769 978 1838 1032 τὰ

2000 995 2048 1032 m
2085 987 2326 1044 asserat,
2368 993 2489 1033 cum
2527 976 2822 1030 tenendum
2858 976 2927 1029 sit
2961 973 3367 1042 corruptibilem
3386 985 3509 1024 eunt

377 1095 416 1126 “
455 1058 794 1161 ’βλασφήμως
820 1058 1156 1148 ’ἀπελέγξας
1211 1079 1426 1148 ἔχοντα,
1479 1071 1838 1145 διορθωθῆναι

1996 1085 2087 1136 ;se,
2133 1081 2293 1140 atque
2345 1069 2676 1124 mutabilem.
2709 1067 2867 1121 Plura
2894 1066 2945 1120 id
2976 1081 3144 1136 genus
3171 1065 3273 1118 alia
3304 1063 3512 1132 capita,

304 1155 707 1255 παρηγγυὴσατο
725 1176 771 1207 ³⁵
802 1173 892 1228 τὸν
931 1171 1209 1242 Ἀνδρέαν.

1996 1164 2120 1215 rima
2154 1163 2254 1216 hac
2279 1161 2631 1230 responsione
2660 1159 2973 1226 cpiscopus,
3009 1157 3202 1227 partim
3251 1155 3516 1218 obscure,

1947 1254 2140 1323 partim
2169 1253 2480 1321 blaspheme
2508 1247 3096 1321 dictalreprehendeus,
3117 1249 3387 1318 corrigere
3405 1247 3518 1300 lucc

1949 1347 2135 1399 eadem
2169 1344 2438 1398 Andream
2479 1342 2788 1396 cohortatus
2817 1350 2923 1395 est.

293 691 302 751 ί

364 1439 480 1513 [545
511 1435 608 1508 8.]
651 1435 709 1490 Ὀ
737 1433 795 1487 δὲ
845 1431 1139 1498 δεξάμενος
1171 1426 1268 1497 τὴν
1313 1427 1406 1479 ἐπὶ
1455 1426 1520 1495 τῇ
1563 1420 1844 1493 διορθώσει

2029 1431 2218 1486 Verum
2259 1433 2366 1495 ille,
2397 1441 2615 1500 accepta
2649 1431 2712 1484 de
2751 1426 3104 1484 emendandis
3129 1427 3241 1480 suis
3271 1426 3521 1478 admoni-

303 1531 606 1603 παραίνεσιν
657 1525 750 1578 ἐπὶ
799 1523 860 1576 τὸ
911 1524 1090 1592 χεῖρον
1139 1518 1397 1574 ἀπέκλινε
1426 1556 1440 1580 ,
1494 1515 1589 1567 καὶ
1643 1513 1847 1583 βιϐλίον

1996 1539 2118 1587 one,
2155 1524 2206 1576 in
2260 1523 2534 1576 sinistram
2567 1521 2866 1585 inclinavit,
2897 1531 2951 1573 et
2992 1517 3260 1571 deteriora
3295 1515 3524 1580 arripuit

302 1625 525 1694 δεύτερον
577 1617 901 1694 συνέταξεν,
946 1616 1005 1667 ὲν
1037 1607 1081 1682 ᾧ
1120 1613 1216 1664 καὶ
1261 1611 1330 1664 τὰ
1380 1606 1847 1678 προγεγραμμένα

1996 1618 2084 1682 η).
2113 1617 2353 1670 Alterum
2377 1614 2517 1668 enim
2546 1627 2668 1668 mox
2702 1613 2896 1667 librqu
2921 1611 3159 1680 scripsit,
3181 1624 3288 1678 quo
3315 1607 3524 1676 planius

302 1689 492 1789 atro"
515 1711 855 1782 πλατύτερον
881 1689 977 1761 καὶ
1008 1705 1103 1777 (ὡς
1135 1703 1328 1773 οιεται)
1357 1702 1424 1755 δι’
1453 1699 1782 1764 ἀποδείξεων
1807 1696 1848 1728 ιτ
1886 1707 1892 1760 ι

1996 1724 2018 1764 a
2067 1724 2189 1777 quae
2219 1708 2367 1777 prius
2403 1713 2726 1772 asseruerat,
2753 1713 2808 1759 et
2845 1711 2926 1767 (ut
2953 1701 3269 1770 arbitratur)
3307 1701 3527 1753 demon-

303 1809 598 1880 συγκροτεῖ.
621 1803 760 1859 Καθ’
795 1797 856 1856 οὗ
879 1799 946 1872 δὴ
973 1799 1069 1852 καὶ
1092 1796 1191 1868 τὴν
1224 1793 1523 1864 εἰρημένην
1557 1791 1848 1858 δεκάλογον

1996 1803 2214 1856 ,ratioue
2263 1801 2494 1869 quadam
2541 1800 2756 1854 astruit.
2790 1800 2846 1853 lu
2895 1813 3054 1866 quem
3108 1797 3300 1850 librum
3340 1795 3527 1850 decem

301 1904 326 1956 ὁ
350 1898 576 1970 εὐσεϐὴς
604 1894 858 1954 Εὐσέϐιος
891 1890 1196 1955 συντάττει,
1242 1888 1309 1941 δι’
1342 1882 1410 1958 ἦς
1438 1885 1650 1955 ἐλέγχει
1673 1884 1718 1916 ³⁸
1751 1882 1850 1954 μὲν

1996 1908 2078 1958 os,
2135 1893 2212 1947 uti
2255 1894 2518 1958 diximus,
2573 1894 2694 1962 pius
2737 1891 2826 1946 ille
2853 1889 3115 1945 Eusebius
3159 1887 3531 1955 conscripsit:

301 1992 448 2046 αὑτὸν
473 1989 547 2052 ὡς
586 1987 660 2059 μὴ
690 1983 987 2056 ἀρεσθέντα
1015 1986 1097 2053 τῷ
1129 1981 1228 2050 τῆς
1269 1979 1506 2041 πίστεως
1537 1979 1668 2048 ὅρῳ,
1699 1975 1757 2029 δν
1796 1975 1854 2028 αἱ

1996 1987 2150 2040 uibus
2198 1984 2388 2054 probat
2419 1985 2592 2053 ipsum
2643 1999 2747 2037 non
2778 1989 3092 2035 contentum
3127 1979 3232 2034 illis
3267 1978 3388 2033 ﬁdei
3421 1987 3531 2032 tern

301 2083 438 2153 ἃγιαι
494 2079 747 2144 ἐξέθεντο
795 2074 1038 2139 σύνοδοι,
1091 2071 1228 2126 ἰδίαν
1273 2070 1331 2124 δέ
1386 2086 1509 2124 τινα
1567 2066 1857 2138 τολμηρῶς

1996 2078 2137 2139 uiuis,
2171 2093 2307 2148 quos
2353 2093 2508 2132 sacra
2551 2075 2782 2131 concilia
2823 2074 3160 2139 statuissent,
3205 2071 3530 2142 peculiarem

301 2172 696 2242 συνταξάμενον
750 2166 964 2222 ἔκθεσιν
1013 2165 1285 2227 πίστεως·
1343 2159 1462 2216 εἶτα
1512 2162 1569 2216 δὲ
1624 2159 1720 2215 καὶ
1773 2161 1857 2214 ὅτι

1996 2169 2240 2222 uamdam
2269 2167 2389 2221 ﬁdei
2429 2167 2819 2235 expositionem
2847 2167 3103 2219 audaCter
3127 2163 3531 2233 composuisse:

301 2267 456 2322 πολλὰ
482 2265 603 2318 τῶν
647 2263 817 2332 ἁγίων
837 2262 881 2294 ³³
931 2257 1325 2329 ἀποσπαράξας
1363 2255 1503 2326 ῥητὰ
1551 2255 1647 2308 καὶ
1679 2270 1858 2323 παρα-

1996 2258 2124 2313 iulta
2178 2273 2392 2328 quoque
2451 2267 2765 2314 sanctorum
2822 2256 3042 2310 Patrum
3095 2257 3234 2310 dicta
3285 2255 3538 2323 decerpta

301 2354 662 2425 ποιησάμενος
704 2350 784 2414 είς
825 2348 926 2420 τὴν
979 2348 1116 2401 ἰδίαν
1158 2345 1428 2417 ὑπόληψιν
1457 2343 1774 2408 ἐξεϐιάσατο
1789 2343 1858 2408 ⁸⁸,

1999 2359 2124 2418 tque
2157 2350 2478 2414 adulterata,
2518 2350 2568 2402 vi
2609 2350 2660 2403 in
2696 2363 2846 2404 suam
2873 2349 3165 2404 detorsisse
3193 2347 3538 2402 sententiam.

304 2449 392 2499 xui.
414 2447 493 2499 ὅτι
526 2440 875 2498 ἐναντιοῦται
918 2442 985 2510 τῇ
1017 2455 1076 2493 τε
1113 2437 1209 2510 νέᾳ
1247 2439 1340 2490 καὶ
1367 2436 1576 2507 παλαιᾷ
1590 2435 1633 2468 ⁸¹
1669 2436 1860 2506 Γραφῇ

1996 2437 2144 2494 'eteri
2169 2440 2234 2492 ad
2257 2439 2388 2504 haec,
2409 2451 2463 2494 et
2485 2438 2632 2492 Novo
2661 2437 3026 2504 Testamento,
3051 2439 3257 2492 sanctis
3281 2435 3536 2490 Patribus

303 2537 529 2598 καὶτοῖς
573 2533 758 2602 ἁγίοις
791 2531 946 2602 ἡμῶν
995 2529 1274 2599 Πατρὰσιν
1314 2527 1592 2598 ἄφθαρτον
1625 2525 1717 2579 καὶ
1769 2526 1865 2578 ἀν-

1996 2545 2087 2583 um
2134 2530 2428 2592 adversari,
2483 2531 2608 2584 dum
2639 2529 3104 2599 incorruptibilem
3157 2538 3214 2584 et
3262 2534 3540 2598 expertem

305 2627 526 2698 ὡλεθρον
555 2624 656 2680 τὸν
689 2622 892 2693 κόσμον
918 2619 1310 2687 δοξάζων.Ἔτι
1332 2618 1388 2670 δὲ
1416 2619 1512 2669 καὶ
1537 2617 1620 2670 ὅτι
1644 2615 1744 2685 τὴν
1765 2614 1864 2668 ἁλι

1996 2621 2216 2676 nteritus
2270 2621 2526 2675 mundum
2593 2621 2824 2676 asserit.-
2863 2620 3215 2675 Mutationem
3283 2627 3540 2690 praeterea

303 2718 508 2772 λοίωσιν
537 2716 638 2769 καὶ
669 2713 1148 2784 μεταστοιχείωσιν
1198 2709 1294 2762 καὶ
1323 2708 1508 2779 ρεὖσιν
1542 2706 1868 2776 εὐδιάϐλητα

1996 2712 2141 2775 llum,
2172 2712 2722 2779 transformationem,
2753 2728 2818 2768 ac
2849 2712 3074 2776 ﬂuxum,
3105 2712 3546 2784 reprehendenda

307 2804 434 2862 εἶναι
459 2806 615 2875 λέγει
651 2803 841 2872 ὥσπερ
872 2802 943 2856 τὰ
970 2801 1078 2855 ἀπὸ
1115 2799 1313 2862 κακίας
1342 2797 1487 2868 πάθη
1510 2837 1525 2861 ,
1557 2797 1652 2850 καὶ
1679 2795 1747 2869 δὴ
1775 2795 1869 2849 καὶ

1996 2818 2089 2860 ιεεε
2118 2805 2316 2870 dicere,
2343 2819 2446 2858 non
2480 2804 2659 2859 minus
2682 2819 2845 2874 quam
2875 2805 2979 2858 illa:
3007 2819 3128 2874 qua:
3152 2818 3220 2859 ex
3252 2803 3549 2857 vitiositate

303 2899 387 2953 διὰ
425 2899 589 2952 τοῦτο
621 2896 716 2950 τὸν
734 2896 780 2926 δ’
814 2892 1023 2965 Κύριον
1073 2889 1233 2962 ἡμῶν
1270 2888 1478 2960 Ἰησοῦν
1507 2887 1743 2957 Χριστὸν
1772 2887 1871 2940 ἀν-

1996 2904 2151 2948 ιτιυηι
2177 2896 2376 2949 habent
2409 2895 2781 2963 perpessiones
2814 2910 2918 2962 ;ae
2955 2895 3229 2950 Christum
3267 2880 3562 2964 propterea.

307 2989 590 3044 αλλοίωτον
621 2988 723 3042 καὶ
759 2985 968 3047 ἀπαθὲς
1001 2983 1096 3036 καὶ
1145 2981 1420 3050 ἄφθαρτον
1447 2979 1542 3033 καὶ
1573 2979 1872 3050 ἄρῤευστον

1996 2983 2261 3038 Dominum
2294 2993 2534 3038 nostrum
2595 2984 2927 3040 immutabile
2979 3000 3194 3054 corpus,
3241 2995 3401 3054 atque
3447 2985 3554 3038 im-
3661 3043 3668 3046 _

623 3077 809 3148 σῶμα.
829 3041 1127 3128 Καὶνπάλιν
1156 3041 1380 3125 είπόντα
1411 3041 1678 3138 διελέγχει
1708 3067 1879 3121 ἀΐδιον

1996 3075 2218 3130 )atibile.
2248 3085 2303 3129 et
2329 3076 2725 3145 incorruptum,
2763 3077 3089 3147 minimeque
3115 3078 3310 3131 ﬂuxum
3338 3092 3552 3131 assum-

308 3175 398 3226 καὶ
425 3173 714 3242 ἄφθαρτον
764 3168 861 3222 καὶ
913 3167 1179 3237 ἀγένητον
1209 3166 1301 3218 τὸν
1331 3163 1554 3233 κόσμον,
1581 3163 1680 3230 τὴν
1705 3160 1762 3214 δὲ
1791 3161 1879 3213 λε-

1996 3166 2175 3237 psisse.
2212 3166 2448 3223 Rursum
2479 3178 2659 3224 autem
2700 3184 2822 3224 eum
2854 3171 3216 3238 reprehendit.
3253 3172 3378 3224 dum
3410 3168 3558 3223 aﬂir-

273 3320 288 3330 _
309 3267 543 3336 γομένην
578 3262 722 3332 πρὸς
752 3260 813 3313 τὸ
842 3259 1014 3312 ἀΐδιον
1058 3256 1225 3312 αὑτοῦ
1274 3253 1756 3328 μεταστοιχείωσιν
1804 3253 1879 3322 μὴ

1996 3265 2100 3310 mat
2128 3259 2384 3311 mundum
2417 3257 2558 3312 hunc
2584 3268 2843 3314 aeternum
2883 3274 3022 3326 esse,
3047 3271 3103 3314 et
3135 3260 3552 3330 ingenerabilem

309 3355 761 3424 παραδεχόμενον
783 3389 799 3415 ,
843 3350 938 3403 ἅτε
969 3349 1063 3402 καὶ
1105 3347 1277 3418 αὐτῆς
1311 3346 1421 3398 τῶν
1450 3343 1816 3412 εὐδιαϐλήτων
1835 3343 1881 3375 ⁸³

1996 3358 2152 3418 atque
2199 3349 2659 3417 iucorruptibilem
2701 3366 2716 3416 ;
2749 3365 2925 3419 neque
2957 3361 3133 3406 tamen
3166 3352 3553 3406 elementorum

314 3449 496 3502 παθῶν
519 3447 657 3517 παρ’
685 3443 832 3514 αὐτῷ
857 3439 1338 3511 δογματιζομένης.
1357 3439 1468 3492 Καὶ
1497 3438 1577 3492 ὅτι
1603 3435 1696 3489 τοῦ
1713 3435 1884 3504 Ἀδὰμ

312 3537 751 3608 ἄφθαρτον.καὶ
803 3533 1069 3588 ἀθάνατον
1117 3530 1258 3585 κατὰ
1301 3529 1462 3600 φύσιν
1522 3528 1618 3582 καὶ
1676 3527 1884 3590 ἀπαθὲς

310 3629 716 3699 διαπλασθῆναι
756 3625 906 3693 λέγει
935 3623 996 3676 τὺ
1044 3622 1226 3694 σῶμα,
1279 3621 1374 3676 καὶ
1420 3620 1479 3673 οὐ
1514 3619 1671 3673 τοῦτο
1703 3619 1883 3689 μόνον,

310 3723 420 3778 ἀλλ’
469 3724 556 3777 ὃτι
601 3720 708 3774 καὶ
759 3718 920 3781 αὐτὸς
965 3719 994 3771 ὁ
1038 3715 1167 3788 χοῦς
1214 3714 1491 3784 ἄφθαρτος
1519 3708 1606 3784 ἦν,
1644 3712 1700 3779 ἐξ
1738 3705 1800 3766 οὗ
1826 3711 1886 3764 τὸ

313 3815 469 3886 σῶμα
501 3809 838 3880 διεπλάσθη.
869 3808 1039 3862 Πάλιν
1068 3807 1283 3876 ἐλέγχει
1330 3804 1493 3857 αὐτὸν
1543 3803 1888 3874 μονοσήμαν-

309 3923 398 3958 τον
428 3908 492 3958 τὸ
509 3904 629 3973 τῆς
671 3897 897 3971 φθορᾶς
922 3899 1091 3969 ὄνομα
1119 3895 1461 3967 ἐξειληφότα,
1486 3897 1542 3947 ὲν
1574 3889 1618 3963 ᾧ
1651 3895 1743 3947 καὶ
1779 3893 1889 3947 δεί-

312 4015 501 4050 κνυσιν
536 3997 624 4050 ὅτι
648 3993 778 4048 οὔτε
821 3991 1028 4062 φθορᾶς
1055 3989 1178 4043 οὔτε
1205 3987 1435 4041 θανάτου
1468 3985 1590 4040 οὔτε
1615 3984 1709 4038 τοῦ
1747 3984 1888 4037 κατὰ

307 4089 503 4142 κακίαν
552 4086 777 4148 πάθους
799 4123 816 4150 ,
861 4081 978 4136 ἀλλ’
1021 4080 1140 4134 οὐδὲ
1170 4079 1279 4132 τῶν
1306 4075 1699 4148 ἁμαρτητικῶν
1733 4075 1889 4142 λογι-

314 4181 465 4250 σμῶν
508 4177 740 4239 οὐδενὸς
787 4174 993 4228 τούτων
1027 4170 1358 4242 δημιουργὸς
1418 4167 1652 4237 ὑπάρχει
1683 4169 1712 4220 ό
1738 4165 1889 4228 Θεὸς,

311 4270 359 4321 εί
391 4268 490 4321 καὶ
511 4267 631 4320 τῶν
671 4261 929 4334 φθαρτῶν
977 4261 1071 4314 καὶ
1095 4259 1203 4312 τῶν
1219 4257 1267 4290 ⁸⁸
1297 4256 1505 4327 θνητῶν
1538 4254 1734 4309 οὐσιῶν
1761 4253 1894 4308 καθ-

315 4360 513 4430 έστηκε
557 4353 936 4427 δημιουργόςο
985 4351 1168 4403 ἐκεῖνα
1199 4348 1308 4418 γὰρ
1349 4346 1475 4420 [180
1523 4345 1616 4418 IL]
1647 4345 1758 4399 τῶν
1802 4346 1894 4398 ἀν-

313 4421 686 4520 υπάρκτωνυὺ
720 4421 840 4498 ἐστὶ
867 4442 966 4497 καὶ¹
997 4440 1118 4495 καθ’
1163 4439 1332 4493 ἑαυτὰ
1373 4439 1447 4508 μὴ
1495 4439 1726 4508 ἐχόντων
1765 4437 1899 4490 ὑπό·
1925 4421 1979 4481 D

318 4556 530 4593 στασιν.
563 4537 698 4591 Ἔτι
739 4534 800 4589 δὲ
827 4532 1093 4602 διελέγχει
1125 4530 1287 4583 αὑτὸν
1334 4529 1397 4582 τὸ
1448 4527 1711 4596 κυριακὸν
1741 4527 1901 4597 σῶμα

315 4631 377 4696 ἐξ
405 4629 589 4700 αὐτῆς
637 4626 891 4688 ὲνώσεως
945 4623 1157 4685 ἀπαθὲς
1190 4623 1285 4674 καὶ
1319 4619 1596 4689 ἄφθαρτον
1621 4620 1715 4672 καὶ
1743 4619 1903 4674 ἀναλ-

317 4719 542 4779 λοίωτον
573 4717 1022 4787 ἀποφαινόμενον
1042 4731 1056 4746 ο
1086 4715 1224 4782 ὅπερ
1265 4711 1352 4764 ἵνα
1379 4711 1642 4784 συστήσῃ,
1682 4711 1758 4774 ὡς
1790 4710 1903 4763 ὲνό-

321 4828 465 4883 μισε,
513 4810 804 4866 δείκνυσιν
846 4807 1006 4860 αὐτὸν
1037 4805 1134 4859 καὶ
1169 4805 1270 4876 τὴν
1306 4801 1473 4873 ἄλλην
1512 4801 1743 4854 ἀτοπίαν
1774 4801 1902 4873 περί

317 4918 376 4955 τε
402 4899 502 4953 τοῦ
541 4900 765 4969 κόσμου
815 4896 909 4949 καὶ
938 4894 1032 4948 τοῦ
1070 4893 1242 4962 Ἀδὰμ
1275 4889 1748 4959 ἀποφθέγξασθαι.
1789 4891 1909 4943 Δεί-

1990 3441 2132 3494 illam
2163 3443 2662 3496 transmutationem
2700 3443 2912 3514 recipit,
2943 3460 3062 3512 quae
3104 3446 3171 3499 ad
3202 3445 3556 3500 aeternitatem

1991 3531 2134 3586 illius
2157 3531 2589 3586 constituendam
2612 3533 2852 3600 aifertur,
2879 3545 3060 3602 utpote
3081 3539 3222 3604 quod
3249 3537 3362 3591 haec
3393 3537 3557 3590 etiam

1992 3623 2134 3686 inter
2171 3622 2288 3678 illas
2341 3624 2618 3691 passiones
2641 3625 2745 3690 sit,
2774 3642 2906 3695 quas
2953 3628 3404 3696 reprehensibiles
3457 3629 3559 3684 illae

1993 3731 2112 3771 esse
2137 3725 2284 3771 certo
2317 3717 2488 3772 docet.
2529 3719 2729 3773 Deinde
2762 3723 2902 3790 quod
2940 3722 3204 3775 Adaumm
3248 3723 3564 3792 incorrupto

1994 3818 2048 3862 et
2087 3806 2377 3862 immortali
2431 3819 2619 3877 suapte
2663 3811 2735 3874 vi,
2767 3819 2822 3866 et
2856 3812 3132 3881 impatibili
3176 3828 3411 3883 corpore
3448 3815 3559 3870 elﬁ-

1993 3907 2139 3952 ctum
2193 3898 2387 3953 dicat:
2441 3899 2540 3953 hoc
2591 3902 2820 3970 amplius
2867 3903 3084 3968 addito,
3133 3904 3306 3974 ipsum
3350 3921 3564 3975 quoque

1997 3996 2156 4042 terrae
2181 3987 2372 4052 lutum,
2412 4005 2479 4044 ex
2511 4005 2616 4058 quo
2647 3991 2931 4046 formatum
2977 4009 3172 4062 corpus
3202 4005 3337 4064 erat,
3372 4013 3562 4052 corru-

1997 4077 2196 4146 ptionis
2233 4095 2425 4148 eXpers
2470 4081 2656 4137 fuisse.
2690 4082 3054 4152 Reprehendit
3090 4088 3337 4141 eumdem
3367 4089 3564 4144 iterum

1999 4167 2138 4235 quod
2174 4170 2527 4237 corruptionis
2583 4172 2862 4238 vocabulo,
2893 4174 3102 4227 unicam
3140 4174 3402 4231 duntaxat
3437 4180 3572 4232 sub-

1999 4273 2118 4314 esse
2171 4263 2442 4315 notionem
2478 4265 2791 4319 asseruerit.
2825 4263 2926 4320 Ubi
2976 4267 3138 4320 etiam
3177 4268 3303 4323 illud
3343 4270 3568 4324 demon-

2001 4357 2160 4413 strat,
2214 4365 2388 4419 neque
2444 4353 2826 4422 corruptionis,
2881 4354 3040 4425 106
3085 4371 3117 4408 a
3163 4372 3334 4424 neque
3381 4360 3572 4412 mortis

2008 4455 2182 4509 neque
2206 4442 2411 4496 vitiosae
2438 4443 2664 4508 alicujus
2700 4445 2982 4510 passionis,
3017 4447 3110 4500 sed
3148 4462 3322 4514 neque
3346 4449 3568 4516 culpan-

2007 4530 2196 4585 darum
2250 4533 2463 4601 quidem
2505 4535 2883 4603 cogitationum
2911 4548 3183 4592 auctorem
3229 4553 3348 4594 esse
3382 4540 3568 4607 Deum,

2009 4623 2218 4676 tametsi
2257 4624 2683 4693 corruptibilium
2721 4640 2784 4680 ac
2817 4628 3121 4682 mortalium
3145 4631 3570 4688 substantiarum

2008 4721 2195 4766 auctor
2223 4714 2448 4768 exsistat
2476 4733 2492 4770 :
2541 4717 2681 4784 quod
2714 4716 2798 4770 illa
2840 4717 2906 4772 de
2935 4733 3038 4772 non
3066 4721 3436 4777 exsistenlinm
3468 4739 3574 4778 nu-

2009 4818 2156 4856 mero
2195 4803 2326 4869 sint,
2360 4813 2413 4858 et
2442 4819 2537 4874 per
2567 4819 2624 4858 se
2657 4807 2766 4874 ipsa
2799 4806 3205 4863 subsistentiam
3247 4811 3444 4865 nullam
3473 4813 3572 4867 ba-

2005 4891 2188 4948 beant.
2223 4892 2409 4962 Carpit
2443 4894 2568 4948 item
2605 4895 2910 4961 Andream,
2955 4901 3095 4967 quod
3129 4901 3329 4956 Christi
3365 4900 3573 4958 Domini

319 5007 480 5047 κνυσι
508 4990 573 5045 δὲ
603 4991 670 5042 ὲν
697 4986 882 5059 ταὺτῷ
907 4989 937 5042 ὁ
959 4984 1216 5049 Εὐσέϐιος
1243 4983 1337 5040 καὶ
1374 4982 1435 5036 τὸ
1458 4981 1558 5052 τῆς
1582 4981 1786 5055 φθορᾶς
1817 4981 1892 5036 καὶ

2011 4997 2208 5053 corpus
2247 5000 2314 5040 ex
2349 4987 2462 5055 ipsa
2499 4986 2658 5042 Verbi
2699 4988 2943 5046 unitione
2986 4992 3299 5062 itnpatibile,
3328 4993 3576 5050 incorru-

1678 5138 1924 5196 vsum
1972 5101 2381 5196 LECTIONES.’

389 5239 436 5272 ⁸³
458 5239 562 5292 καὶ
589 5251 714 5291 om.
740 5234 804 5290 Α.
877 5233 925 5266 ³⁸
951 5232 1036 5299 δὲ]
1057 5232 1114 5286 δὲ
1143 5233 1238 5287 καὶ
1259 5252 1320 5299 ς.

321 5325 407 5376 χει
437 5311 482 5364 Α
521 5327 539 5362 :
570 5307 741 5374 λέγει
767 5322 829 5376 ς,

1427 5233 1472 5265 ³⁵
1505 5231 1931 5302 παρεγγυήσατο
1957 5231 2022 5288 Α.

931 5305 979 5392 τέ
998 5301 1289 5392 item:
1324 5302 1469 5392 εδέςιξγ
1498 5301 1594 5392 5-;
1715 5302 2090 5392 πῇρξξεέξτεῖο
2121 5320 2184 5392 5-
2252 5305 2303 5392 :1
2316 5301 2658 5392 ’παλέιιᾷκςιῖ
2682 5307 2778 5392 νέςι
2805 5327 2865 5373 ςο
2953 5310 2996 5392 t3
3021 5301 3343 5386 εδδιάσλητα
3377 5301 3580 5372 Caeni:-

2124 5233 2344 5314 ³⁶αὑτῷ
2376 5237 2736 5314 ogn.;_)r..t._
2789 5238 3252 5314 ³⁷ἀπσδείξεωςς.
3341 5245 3389 5278 ω
3424 5244 3577 5314 ἑλέγο

321 5371 498 5435 bonus
527 5397 543 5435 :
572 5371 714 5433 libri
744 5372 1082 5445 ὲνδιάϐλητα.
1160 5373 1206 5406 ⁸³
1231 5371 1344 5445 τὸν]
1374 5373 1468 5427 καὶ
1494 5371 1586 5427 τὸν
1607 5371 1676 5427 Α.
1750 5371 1798 5403 ⁴⁵⁸
1820 5372 1892 5425 τῶ

1996 5372 2079 5428 (id.
2110 5376 2175 5428 Δ.
2251 5371 2298 5407 ⁸⁸
2319 5389 2410 5430 an.
2431 5371 2569 5432 for'te
2595 5371 2989 5448 ὲνυπᾶρκτωνῖ

1870 5480 2108 5540 ΝΟΤΔΕ.

393 5579 509 5654 (92)
560 5580 760 5650 Quare
790 5591 888 5636 nec
932 5579 1100 5639 multo
1127 5573 1255 5654 post
1287 5581 1569 5638 damnatus
1611 5579 1667 5636 in
1699 5577 1892 5637 concil.
1930 5577 2110 5644 ltom.,
2151 5588 2208 5638 ut
2243 5580 2410 5640 refert
2439 5583 2598 5646 card.
2635 5582 2831 5642 Baron.
2881 5585 2947 5641 ad
2979 5601 3103 5641 ann.
3157 5585 3285 5667 Chr.
3321 5587 3442 5659 60l,
3482 5589 3578 5646 sub
