3932 6240
234 259 321 320 457
1230 255 1304 314 BI
1311 255 1751 317 BLIOTIIECA.
1786 285 1787 290 π

1842 284 1845 291 ν
1888 260 2056 321 COD.
2095 261 2354 321 CLXIII.
3293 262 3395 324 458

228 387 308 432 τας
357 365 439 419 καὶ
487 363 726 428 λέγοντας
757 360 933 430 Θνητῷ
982 363 1074 414 καὶ
1129 363 1356 434 παθητῷ
1391 364 1603 434 σώματι
1637 366 1781 426 τὸνέ

1851 379 2103 421 versatum
2158 371 2210 422 in
2269 369 2427 423 terris
2461 369 2730 423 Christum
2778 368 3080 436 Dominum,
3124 386 3242 424 cum
3291 375 3404 440 Ipse

228 459 403 529 Κύριον
425 455 571 524 ἡμῶν
607 452 807 521 Ἰησοῦν
838 453 1072 523 Χριστὸν
1106 455 1164 506 έν
1191 454 1270 526 τῷ
1328 457 1518 525 κόσμῳ
1579 457 1733 510 πολι-

1851 460 2320 521 tonerubesceret,
2353 463 2514 512 etiam
2545 471 2664 529 post
2701 471 2980 530 superatos
3017 465 3320 528 cruciatus,
3349 476 3404 518 et

223 549 498 607 τεύσασθαι.
531 545 682 608 αὐτὸς
728 546 828 598 οὐκ
861 545 1128 615 ἐρυθριῶν
1179 546 1317 614 μετὰ
1342 547 1498 618 νίκην
1547 549 1735 602 παθῶν

1855 554 2063 599 nortem
2109 563 2172 602 ac
2207 550 2603 614 corruptionem
2663 549 2948 612 sublatam,
3011 552 3228 618 patibile
3283 565 3405 603 esse

224 644 304 698 xui.
329 640 538 694 Θανάτου
569 638 655 690 καὶ
704 636 909 707 φθορᾶς
953 637 1233 704 ἀναίρεσιν
1282 637 1521 707 παθητὸν
1549 639 1613 692 τὸ
1642 659 1736 694 κυ-

1850 639 2048 693 Domini
2089 654 2284 708 corpus
2315 641 2622 709 prodigioso
2658 642 2941 695 mendacio
2968 657 3235 707 asserere,
3271 645 3403 696 nihil

226 734 384 806 ριακὸν
405 728 774 799 τερατεύεσθαι
819 729 1000 798 σῶμα,
1052 730 1146 782 καὶ
1187 729 1215 779 ὁ
1243 729 1288 761 ⁸⁸
1324 730 1734 800 φθαρτολάτρας

1859 731 2052 784 nterim
2114 733 2439 796 advertens,
2500 732 2625 784 dum
2685 733 3017 788 orthodoxos
3064 733 3406 789 Phthartolaa

223 822 482 894 ἐνυϐρίζων
510 822 628 883 τοὺς
649 820 958 890 ὁρθοδόξους
975 820 1200 891 λέληθεν
1233 821 1396 876 αὑτὸν
1416 822 1535 894 [181
1555 821 1646 894 H.]
1669 823 1734 876 δι’

1852 836 1946 874 .ras
1965 820 2074 892 (97)
2103 837 2197 888 per
2221 822 2468 890 injuriam
2501 822 2752 891 appellat,
2772 826 2882 878 suis
2906 825 3076 893 ipsum
3103 827 3283 881 verbis
3308 828 3405 881 Pa-

222 909 285 968 ὧν
311 915 444 981 λέγει
469 911 874 983 παθητολάτρης
903 911 1118 981 ἀληθῶς
1143 913 1596 984 ἀπελεγχόμενος.
1615 916 1733 968 Ἐν-

1850 912 2305 981 ‘.betolatram(98)
2319 927 2378 967 se
2403 928 2590 967 revera
2618 918 3040 983 probare.Addit
3060 919 3181 973 dein
3211 920 3403 973 iterum

222 1004 379 1058 τεῦθέν
407 1019 460 1056 τε
484 1003 811 1073 παρατίθησι
847 1004 1008 1058 πάλιν
1037 1005 1221 1072 φωνὰς
1237 1007 1281 1040 ⁵⁸
1314 1008 1607 1078 πατρικὰς,
1639 1014 1735 1063 καὶ

1854 1013 2144 1056 sanctorum
2167 997 2385 1055 Patrum
2409 1005 2723 1063 sententias.
2742 1007 3084 1073 ostenditque
3109 1008 3407 1074 patibileae

221 1095 479 1166 παρίστησι
527 1094 764 1164 παθητὸν
813 1096 906 1148 καὶ
959 1094 1150 1164 θνητὸν
1208 1097 1306 1150 καὶ
1365 1097 1506 1150 κατὰ
1568 1099 1732 1152 τοῦτο

1853 1092 2087 1154 nortale,
2124 1103 2177 1146 et
2211 1094 2350 1161 quod
2381 1094 2504 1146 hinc
2537 1097 2802 1161 sequitur,
2827 1098 3176 1163 corruptibile
3203 1097 3406 1154 CIll‘iSlI

221 1183 424 1254 φθαρτὸν
446 1185 502 1236 τὸ
535 1186 794 1254 κυριακὸν
834 1185 996 1256 σῶμα
1042 1186 1147 1248 ἕως
1199 1187 1296 1257 τῆς
1328 1188 1492 1242 αὐτοῦ
1523 1189 1735 1255 ἐνδόξου

1853 1199 2030 1252 :orpus
2062 1183 2250 1248 luisse,
2281 1199 2448 1253 usque
2474 1185 2539 1238 ad
2576 1187 2865 1253 gloriosam
2898 1184 3014 1257 ejus
3050 1191 3406 1244 resurrectio-

221 1277 545 1338 ἀναστάσεως,
588 1276 798 1330 ἐκεῖθεν
842 1278 898 1330 δὲ
948 1278 1017 1330 δι’
1061 1278 1232 1345 αὐτῆς
1283 1281 1619 1348 μεταϐληθὲν
1657 1284 1737 1344 εἰς

1856 1293 1957 1331 tem
2000 1295 2014 1330 :
2073 1277 2198 1330 inde
2234 1292 2362 1330 vero
2396 1277 2700 1332 immortale
2745 1291 2906 1348 atque
2959 1280 3254 1348 impatibile
3315 1295 3409 1350 per

220 1366 479 1420 ἀθανασίαν
509 1368 602 1420 καὶ
629 1367 918 1421 ἀπάθειαν.
951 1371 1116 1434 Λέγει
1167 1371 1222 1424 δὲ
1272 1371 1348 1433 ὼς
1392 1372 1741 1440 ματαιολογεϊ

1861 1384 2008 1438 psam
2049 1383 2168 1422 esse
2207 1368 2493 1424 redditum.
2548 1368 2751 1420 Vanum
2808 1371 2933 1421 item
2977 1385 3096 1425 esse
3139 1372 3404 1425 Andream

220 1457 590 1526 φθαρτολάτρας
616 1459 644 1509 ὁ
692 1458 946 1527 Ἀνδρέας
975 1459 1325 1528 ἐπιφημίζων
1355 1463 1478 1524 τοὺς
1519 1461 1735 1530 ὀρθοδό-

1851 1461 2063 1522 indicat,
2090 1461 2178 1528 qui
2201 1458 2515 1512 orthodoxis
2541 1459 2858 1528 probrosum
2884 1459 3404 1515 Phtbartolatrarum

217 1549 343 1612 ξονς·
385 1547 568 1617 ’Δρείῳ
592 1547 700 1618 γὰρ
729 1549 826 1601 καὶ
863 1550 1050 1619 Ἀετίῳ
1077 1551 1172 1604 καὶ
1200 1551 1469 1622 Εὑνομίῳ,
1498 1554 1740 1608 Ἀπολλι-

1852 1549 2058 1616 )bjiciat
2100 1558 2554 1617 cognomentum;
2604 1549 2655 1602 in
2707 1550 2892 1602 Arium
2949 1550 3112 1613 enim,
3173 1549 3405 1615 Aetium,

215 1638 358 1709 ναρίῳ
387 1656 441 1691 τε
475 1641 563 1692 καὶ
595 1641 897 1712 Νεστορίῳ,
931 1641 1045 1694 ἀλλ’
1075 1642 1133 1694 οὐ
1178 1645 1291 1706 τοῖς
1313 1643 1559 1697 εὐσεϐέσι
1601 1663 1736 1698 κατ·

1853 1642 2186 1707 Eunuminm,
2228 1641 2617 1711 Apollinarium
2655 1651 2815 1709 atque
2845 1641 3175 1705 Nestorium,
3209 1659 3312 1697 non
3354 1643 3406 1697 in

214 1729 408 1800 ἀλληλος
437 1731 526 1783 καὶ
554 1732 734 1785 οἰκεία
769 1735 801 1801 ἠ
832 1732 1058 1801 τοιαύτη
1089 1733 1299 1803 κλῆσις.
1333 1736 1660 1804 Δογματίζει
1686 1737 1740 1789 δὲ

1859 1739 1988 1803 pios,
2046 1736 2186 1790 hanc
2234 1736 2504 1802 quadrare
2545 1734 2976 1803 appellationem.
3022 1733 3153 1790 Illud
3199 1751 3412 1804 quoque

216 1821 476 1886 καὶτοῦτο,
505 1823 580 1885 ὡς
615 1826 644 1876 ὁ
677 1824 881 1894 Κύριος
910 1827 1003 1878 καὶ
1050 1826 1182 1888 Θεὸς
1235 1827 1391 1896 ἡμῶν
1433 1829 1499 1881 τὰ
1533 1831 1736 1896 φυσικὰ

1862 1829 1998 1882 locet
2046 1826 2332 1890 Eusebius,
2378 1826 2658 1880 Dominum
2718 1824 2993 1895 Deumque
3046 1835 3310 1890 nostrum,
3355 1836 3415 1881 ut

215 1911 296 1982 μὲν
319 1916 402 1968 καὶ
429 1915 722 1987 ἀδιάϐλητα
752 1916 897 1986 πάθη
923 1917 999 1980 ώς
1031 1917 1130 1987 τῆς
1155 1917 1370 1986 φύσεως
1399 1921 1739 1992 Δημιουργὸς

1857 1929 1968 1972 tatu
1980 1919 2139 1981 rales,
2165 1920 2494 1986 minimeque
2517 1917 2989 1984 reprehendendas
3015 1920 3410 1988 perpessioues,

213 2005 459 2068 ἀνεδέξατο
487 2005 542 2076 (ἃ.
566 2007 693 2060 οὐδὲ
719 2007 924 2077 κυρίως
955 2008 1257 2076 πάθη,ἀλλ’
1284 2009 1421 2079 ἔργα
1449 2007 1514 2064 ἂν
1548 2011 1740 2064 οἰκειό-

1863 2027 2094 2079 anqnam
2121 2021 2324 2064 naturae
2356 2011 2531 2076 opifex
2561 2021 2721 2078 atque
2748 2011 3075 2063 architectus
3125 2013 3416 2078 assumpsit

213 2113 341 2166 τερον
367 2096 569 2150 καλοῖτο
600 2099 702 2166 τῆς
731 2098 944 2166 φύσεως
969 2103 986 2167 )
1011 2140 1026 2163 ,
1059 2101 1167 2154 τῶν
1206 2101 1260 2154 δὲ
1287 2102 1492 2170 κυρίως
1530 2101 1747 2167 παθῶν,

1858 2100 1984 2169 [ηιιεε
2015 2115 2121 2153 non
2149 2099 2427 2166 passiones
2455 2099 2565 2170 (99)
2600 2100 2834 2168 proprie,
2874 2099 2966 2155 sed
2998 2114 3162 2168 opera
3209 2113 3411 2155 natura!

213 2186 309 2253 ἦτοι
330 2185 429 2239 τῶν
456 2187 564 2240 ἀπὸ
594 2187 815 2252 κακίας,
845 2189 1127 2252 παντελῶς
1152 2189 1501 2252 ἀνεπίδεκτος
1526 2186 1614 2260 ἦν·
1645 2191 1740 2243 καὶ

1862 2192 2012 2260 uagis
2043 2191 2259 2260 proprie
2305 2188 2682 2258 appellentur),
2715 2192 2794 2244 sic
2846 2192 3059 2259 proprie
3088 2191 3259 2245 dictas
3290 2208 3415 2260 pas-

213 2279 277 2329 ὃτι
297 2278 400 2348 οὐχ,
443 2279 516 2341 ὼς
564 2279 676 2348 πρὸ
706 2279 805 2342 τῆς
833 2280 1180 2342 ἀναστάσεως
1209 2279 1364 2350 ἤσθιε
1398 2282 1492 2334 καὶ
1534 2282 1738 2346 ἔπινεν,

1937 2298 2045 2344 nes,
2095 2283 2259 2337 sivea
2315 2281 2609 2336 vitiositate
2656 2283 2946 2348 profectas,
2981 2283 3205 2337 omnino
3236 2285 3413 2338 susci-
3467 2340 3490 2361 .

212 2368 328 2422 οὕτω
357 2369 444 2422 καὶ
471 2369 614 2442 μετὰ
639 2370 736 2441 τὴν
767 2371 1364 2443 ἀνάστασιν-συνέφαγε
1395 2374 1489 2426 καὶ
1521 2374 1741 2427 συνέπιε

1864 2390 1972 2430 iere
2005 2389 2110 2428 non
2146 2373 2422 2444 potuisse:
2455 2391 2558 2429 non
2599 2374 2724 2428 item
2761 2389 2869 2444 quo
2906 2383 3033 2430 ante
3065 2377 3417 2430 resurrectio-

212 2462 304 2521 τοῖς
333 2462 612 2532 μαθηταῖς,
676 2464 810 2517 ἀλλὰ
833 2465 892 2516 τὸ
922 2465 1022 2535 μὲν
1051 2466 1289 2553 ἔπραττε
1318 2467 1469 2536 νόμῳ
1507 2467 1741 2535 φύσεως,

1867 2480 1964 2518 tem
2015 2466 2200 2520 ederat
2241 2481 2307 2520 ac
2351 2465 2562 2518 biberat
2593 2466 2770 2529 modo,
2814 2465 2974 2518 etiam
3013 2474 3132 2534 post
3176 2479 3420 2519 resurre-

210 2555 290 2623 τὴν
329 2555 545 2625 ῥέουσαν
580 2557 763 2625 σάρκα
812 2557 1011 2628 βρώσει
1059 2559 1152 2612 καὶ
1200 2560 1357 2612 πόσει
1404 2560 1479 2623 ώς
1531 2559 1746 2628 ἀληθῶς

1864 2559 2077 2612 :tionem
2129 2574 2251 2612 cum
2293 2559 2570 2626 discipulis
2597 2574 2706 2611 una
2739 2557 2915 2610 edisse
2958 2572 3019 2610 ac
3052 2556 3252 2609 bibisse
3280 2572 3295 2619 ;
3328 2558 3417 2608 sed

213 2645 560 2716 ἀνακτώμενος
588 2649 690 2702 καὶ
724 2650 1092 2722 περικρατῶν.
1121 2651 1183 2705 τὸ
1211 2651 1268 2704 δὲ
1293 2651 1538 2705 ἐτέλεσεν
1576 2653 1744 2721 ὑπερ·

1866 2649 1993 2702 irius
2023 2647 2146 2700 illud
2168 2647 2384 2714 quidem
2422 2662 2490 2701 ex
2521 2655 2730 2701 natura:
2755 2646 2960 2715 legibus
2990 2644 3198 2708 fecisse,
3222 2643 3419 2696 ﬂuxam

213 2741 338 2803 ςυίῦε
368 2741 428 2794 δι’
461 2742 800 2810 οἰκονομίαν,
835 2743 919 2796 ἵνα
943 2746 1053 2806 τοῖς
1086 2743 1351 2814 μαθηταῖς
1383 2744 1744 2814 πιστώσηται,

1870 2752 2062 2791 ’31⁵11811⁸1
2147 2738 2270 2792 cibo
2331 2751 2393 2791 ac
2440 2748 2569 2806 potu
2624 2752 2811 2792 revera
2892 2736 3192 2803 reparando
3261 2746 3423 2802 atque

211 2831 286 2882 tui
305 2831 362 2884 δι’
385 2833 557 2888 αὐτῶν
583 2835 722 2886 πᾶσι
753 2836 983 2898 πιστοῖς,
1011 2834 1086 2896 ὡς
1115 2835 1245 2888 αὐτὸ
1269 2835 1330 2888 τὸ
1363 2837 1624 2898 πεπονθὸς
1653 2837 1748 2888 καὶ

1868 2829 2276 2893 :orroboraudo,
2329 2829 2429 2881 hoc
2490 2843 2619 2883 vero
2677 2843 2838 2896 supra
2896 2836 3102 2880 natura:
3170 2827 3421 2879 ordinem

211 2925 488 2993 σταυρωθὲν
532 2925 738 2995 ἀνέστη
809 2927 989 2996 σῶμα,
1043 2926 1158 2979 ἀλλ’
1221 2929 1318 2996 οὑχ
1363 2927 1547 2997 ἕτερον
1612 2928 1742 2996 παρ’

1871 2920 2192 2974 »τοουτοηόιε
2236 2917 2421 2972 salutis
2452 2908 2652 2970 nostra;
2681 2917 2852 2987 gratia
2893 2917 3144 2984 gessisse,
3177 2924 3233 2968 ut
3265 2915 3424 2969 disci-

212 3013 388 3077 ἐκεῖνο,
422 3019 468 3068 εί
502 3018 599 3072 καὶ
647 3016 782 3086 πρὸς
837 3016 1144 3087 ἀφθαρσίαν
1173 3018 1265 3072 καὶ
1304 3018 1570 3072 ἀπάθειαν
1613 3035 1742 3087 μετ-

1871 3011 1957 3065 mli
2016 3013 2319 3071 crederent,
2369 3021 2426 3064 et
2473 3023 2569 3078 per
2613 3008 2732 3063 illos
2790 3008 2974 3064 ﬁdeles
3018 3022 3230 3067 omnes,
3282 3008 3424 3075 idem

1871 3102 2070 3120 ,κύθε-,Α
2136 3113 2323 3120 --.μ-υ,
2396 3101 2531 3120 ---ηρι
2586 3097 2905 3120 -.η-Αιλιέιι.--
2964 3095 3395 3120 ---ρ-..ΗὶΑΑιηηι

211 3108 546 3178 εστοιχειώθη.
612 3107 801 3161 Ταῦτα
873 3109 1132 3177 φιλοθέως
1185 3108 1742 3180 ὲπιδογματιςάμενος

1869 3102 2076 3161 ›ηωίηο
2129 3113 2346 3169 corpus,
2391 3101 2532 3169 quod
2581 3097 2908 3154 cruciatibus
2957 3095 3422 3161 excarniﬁcatum,

211 3196 334 3260 τέλος
365 3200 644 3272 ἐπιτίθησι
687 3201 754 3270 τῇ
809 3200 1105 3270 δεκαλόγῳ.
1139 3200 1295 3255 Ἔστι
1335 3203 1394 3256 δὲ
1437 3203 1614 3274 σαφὴς
1651 3204 1746 3257 καὶ

1865 3209 2012 3265 nque
2031 3195 2083 3248 in
2122 3209 2336 3248 crucem
2356 3203 2536 3247 actum
2559 3192 2765 3259 fuisset,
2789 3207 2816 3245 a
2841 3192 3067 3246 mortuis
3089 3191 3418 3244 surrexisse:

210 3288 382 3350 ἁπλοῦς
412 3291 511 3362 τὴν
560 3291 788 3358 φράσιν,
837 3290 1167 3363 καθαρότητι
1209 3290 1512 3364 χρώμενος,
1570 3295 1662 3348 καί
1697 3295 1750 3347 εί

1868 3300 2028 3352 neque
2076 3283 2218 3336 aliud
2257 3298 2378 3337 esse
2425 3283 2494 3336 ab
2538 3283 2650 3347 illo,
2681 3283 3028 3353 quantumvis
3083 3283 3193 3350 jam
3225 3282 3291 3335 ad
3338 3281 3421 3333 in-

209 3396 292 3431 που
315 3381 431 3444 δέοι,
455 3383 550 3436 καὶ
577 3383 879 3451 εὐκρινείᾳ.

1857 3375 2252 3443 corruptionem
2297 3383 2352 3428 et
2382 3373 2729 3428 indolentiam
2777 3371 3214 3426 transformatutn
3251 3385 3410 3428 esset.

209 3467 314 3524 Haec
345 3474 425 3525 ubi
471 3473 744 3528 Eusebius
798 3472 978 3525 divine
1013 3470 1216 3535 docuit,
1242 3471 1505 3527 decimum
1543 3472 1759 3526 tandem
1791 3470 1986 3524 librum
2036 3465 2288 3520 absolvit.
2365 3465 2550 3535 Stylus
2599 3465 2648 3519 ei
2703 3463 2882 3518 clarus
2928 3475 3032 3528 est,
3083 3474 3139 3519 et
3197 3464 3421 3532 simplex

207 3575 419 3632 puroque
449 3565 668 3619 dicendi
701 3578 896 3634 genere
930 3566 1118 3629 utitur,
1149 3573 1332 3632 atque,
1365 3565 1454 3620 ubi
1491 3580 1628 3637 opus
1662 3574 1767 3630 est,
1798 3562 1961 3618 etiam
1988 3559 2126 3612 bene
2151 3555 2424 3610 distincto.

933 3653 1094 3709 PEI".
2531 3645 2760 3702 CLXIII.

211 3741 532 3814 οὐινδανίου
557 3743 912 3814 Ἀνατοᾳίου
939 3741 1206 3814 Βηρυτοῦ
1237 3743 1558 3813 Συναγωγή
1585 3759 1757 3814 Temp.

1869 3744 2116 3800 Vindanii
2139 3741 2375 3796 Anatolii
2422 3739 2602 3814 Beryti
2626 3739 3077 3814 _Collectaueorum
3107 3740 3170 3793 de
3190 3739 3422 3810 agrian].

378 3812 561 3881 τικῶν
585 3811 1070 3880 ἐπιτηδευμάτων
1102 3811 1172 3864 ἐν
1203 3810 1415 3881 τόμοις
1435 3810 1555 3876 ιβ’.⁷
1593 3810 1602 3814 ⁷
1691 3810 1696 3811 ί

1593 3810 1602 3814 ⁷
1691 3810 1696 3811 ⁷
2270 3825 2403 3866 tura:
2448 3810 2727 3877 disciplina
2758 3810 2878 3890 libri
2909 3825 3003 3862 χιι.

266 3902 381 3975 [349
410 3901 865 3976 3.]Ἀνεγνώσθη
897 3902 1208 3955 Οὐινδανίου
1244 3903 1548 3956 Ἀνατολίου
1574 3902 1747 3975 Βηρὶις

1920 3906 2045 3974 Legi
2081 3902 2330 3958 Vindanii
2361 3900 2596 3954 Anatolii
2626 3899 2807 3968 Beryti
2861 3898 2937 3953 De
2975 3898 3308 3969 agriculturae
3340 3899 3422 3951 di-

209 4007 288 4045 του
313 3995 355 4025 ⁸⁸
385 3993 710 4064 Συναγωγή
735 3990 1063 4062 reruth
1083 3992 1593 4062 ἐπιτηδευμάτων
1614 4010 1743 4047 συν-

1868 3997 2071 4063 :ciplina
2101 3993 2438 4048 collectanea.
2479 3989 2673 4059 107a
2715 3986 2988 4042 Conﬂatus
3029 3995 3208 4040 autem
3238 3986 3325 4040 hic
3357 3988 3421 4039 ab

208 4085 464 4155 ἠθροισται
494 4063 730 4156 δὲῗαὺτῷ
753 4087 814 4138 τὸ
853 4085 1059 4154 βιϐλίον
1088 4085 1151 4137 ἐκ
1178 4101 1236 4136 τε
1269 4085 1376 4137 τῶν
1405 4085 1744 4155 Δημοκρίτου

1867 4105 1914 4143 to
1945 4089 2079 4141 liber
2104 4094 2187 4140 est
2218 4098 2247 4137 e
2271 4063 2556 4136 Democriti
2588 4092 2643 4134 et
2670 4078 2911 4132 Africani
2958 4087 3119 4146 atque
3145 4073 3420 4129 Tarautini

221 4178 520 4248 Ἀφρικανοῦ
550 4196 611 4232 τε
643 4178 739 4231 καὶ
787 4178 1118 4246 Ταραντίνου
1159 4178 1252 4230 καὶ
1295 4177 1616 4248 Ἀπουληῖου
1655 4179 1748 4230 καὶ

1918 4179 2091 4246 riptis,
2151 4173 2360 4245 Apuleii
2431 4185 2643 4240 quoque
2697 4180 2750 4224 et
2805 4167 3085 4234 Florentii,
3150 4167 3412 4230 Valentis,
3469 4221 3471 4236 η

207 4270 516 4340 Φλωρεντίου
568 4271 666 4322 καὶ
708 4269 1005 4331 Οὐάλεντος
1034 4269 1130 4320 καὶ
1157 4268 1380 4330 Λέοντος
1406 4269 1500 4320 xa‘t
1533 4269 1751 4336 Παμφί-

1868 4270 2045 4324 ῥθοιιίε
2075 4265 2333 4334 Pamphili
2366 4264 2597 4334 (l);tunt
2633 4262 2713 4315 vel
2755 4262 2990 4313 maxime
3028 4275 3094 4312 ex
3131 4257 3421 4325 Diopltanis

209 4361 306 4418 λου,
329 4365 417 4415 καὶ
445 4364 507 4432 δὴ
534 4366 630 4416 καὶ
647 4367 709 4414 ἐκ
738 4361 845 4413 τῶν
872 4361 1165 4429 Διοφάνους
1189 4359 1565 4427 Παραδοξων·
1595 4361 1750 4431 τόμοι

1979 4358 2186 4413 αιίοαὶσ.
2220 4355 2366 4422 Opus
2397 4353 2676 4406 duodecim
2728 4351 3026 4403 absolvitur
3071 4348 3245 4410 libris,
3295 4347 3425 4399 utile
3526 4417 3532 4431 .

209 4451 257 4502 δέ
277 4453 371 4505 είσι
392 4455 451 4506 τὸ
482 4453 690 4524 βιϐλίον
720 4451 809 4522 ιβ’.
833 4452 1116 4522 Χρήσιμον
1145 4451 1201 4504 δὲ
1225 4451 1285 4504 τὸ
1316 4450 1630 4520 βιϐλίον,ώς
1660 4455 1754 4506 καὶ

1868 4465 2013 4512 sane,
2057 4458 2114 4502 ut
2146 4449 2260 4516 ipsa
2297 4460 2393 4498 nos
2425 4443 2752 4510 experientia
2784 4444 2835 4494 in
2887 4441 3068 4493 multis
3114 4439 3319 4496 docuit,
3357 4439 3421 4487 ad

212 4543 285 4596 διὰ
308 4508 494 4616 πείρας
520 4546 688 4616 αὐτῆς
709 4508 805 4598 ιέτι
1075 4508 1474 4613 εῑδομενξπρὸς
1498 4508 1594 4606 τας
1611 4508 1755 4598 κατὰ

1869 4550 2058 4592 terram
2097 4508 2465 4594 excolendam,
2495 4531 2813 4594 laboresque
2855 4529 3104 4592 rusticos;
3143 4525 3280 4590 Quin
3312 4525 3422 4577 fere

212 4635 302 4703 γῆν
330 4639 585 4710 ἐργασίας
612 4640 704 4690 καὶ
733 4639 860 4700 τοὺς
886 4638 1227 4705 γεωργικοὺς
1255 4635 1442 4698 πόνους
1461 4675 1476 4698 ,
1503 4636 1598 4688 καὶ
1629 4651 1752 4706 σχε-

1869 4629 2072 4683 caeteris
2101 4628 2282 4678 utilior
2315 4623 2403 4677 hic
2437 4621 2592 4686 liber,
2626 4628 2891 4688 quotquot
2915 4619 2969 4671 in
2995 4632 3057 4671 ea
3093 4619 3206 4686 ipsa
3229 4632 3286 4670 re
3312 4616 3422 4669 ela-

213 4725 286 4776 εόν
307 4742 355 4777 τι
381 4727 798 4799 χρησιμώτερον
829 4727 939 4779 τῶν
969 4725 1164 4789 ἄλλων,
1193 4725 1308 4777 ὅσοι
1338 4719 1436 4794 τῆς
1460 4725 1630 4794 αὐτῆς
1657 4727 1754 4777 ab-

1867 4723 2144 4806 borarunt.
2171 4719 2424 4774 Continet
2447 4727 2624 4771 tamen
2647 4713 2900 4769 nonnulla
2923 4711 3180 4780 prodigiis
3203 4710 3420 4772 similia,

212 4814 280 4884 τῷ
321 4820 698 4888 πραγματείας
757 4818 986 4888 ἥψαντο.
1016 4817 1171 4885 Ἔχει
1214 4815 1260 4867 δ’
1304 4815 1453 4886 ὅμως
1495 4815 1611 4867 ἔνια
1659 4815 1753 4868 καὶ

1870 4802 2130 4882 iidemque
2155 4810 2492 4873 excedentia,
2527 4817 2581 4863 et
2610 4807 2811 4862 Graecis
2841 4805 3036 4858 referta
3064 4802 3278 4864 fabulis,
3306 4821 3423 4885 qllll:

213 4904 352 4958 τοῦτο
393 4909 455 4959 τὸ
514 4908 714 4976 βιϐλίον
772 4905 1056 4976 τερατώδη
1118 4905 1214 4958 καὶ
1259 4905 1472 4958 ἄπιστα
1510 4906 1603 4957 καὶ
1653 4905 1752 4972 τῆς

1867 4909 2136 4979 praeterire
2190 4907 2335 4976 pium
2362 4903 2517 4958 decet
2542 4901 2869 4972 agricolam,
2900 4909 3095 4953 caetera
3130 4911 3250 4968 quae
3305 4895 3420 4950 usui

227 4993 526 5068 'Eil'qwxﬁ;
570 4999 777 5067 πλάνης
809 4998 1058 5050 ὑπόπλεα
1082 5037 1098 5064 ,
1135 4996 1170 5050 ἃ
1197 4997 1278 5049 δεῖ
1299 4998 1390 5049 τὸν
1419 4996 1616 5068 εὐσεϐῆ
1657 5013 1758 5066 γη·

1872 4998 2048 5052 l'utura
2088 4997 2221 5060 sint,
2252 4995 2619 5062 arripientem.
2645 4993 2708 5045 Et
2734 5006 2864 5044 vero
2887 4991 2974 5043 alii
3005 5005 3218 5051 omnes,
3246 4989 3335 5056 qui
3363 4989 3425 5040 de

214 5087 358 5139 πόνον
388 5090 782 5160 ἐκτρεπόμενον
817 5088 926 5142 τῶν
957 5088 1181 5151 λοιπῶν,
1216 5087 1495 5155 συλλέγειν
1520 5088 1588 5140 τὰ
1618 5089 1752 5158 χρή-

1869 5104 1923 5143 re
1957 5089 2162 5142 rustica
2185 5087 2538 5156 scripserunt,
2567 5085 2752 5138 eadem
2785 5083 2896 5138 fere
2924 5083 2989 5137 de
3017 5083 3225 5145 iisdem,
3255 5095 3422 5147 quan-

183 5222 192 5287 ξ
1476 5222 1706 5277 vitam
1783 5223 2185 5280 LECTIONES.

183 5315 190 5354 ἒ
278 5319 322 5352 ³³
345 5323 372 5373 ὁ
401 5322 523 5374 add,
557 5321 664 5375 AC.
762 5319 807 5350 "
842 5317 1004 5372 πάλιν
1032 5317 1360 5389 παρατίθησι
1397 5335 1456 5381 ς.
1547 5320 1591 5351 ⁶⁰
1620 5321 1894 5390 Βηρύττου
1925 5323 1991 5377 Α.

284 5507 389 5576 (97)
419 5507 576 5573 Quasi
609 5509 758 5560 diras
783 5476 1304 5572 C’orruptibilicolas.
1358 5575 1363 5576 ί
1688 5436 2166 5566 Νοτῇοιιιὶιιπιιι.
3047 5568 3077 5576 ,,
3140 5567 3169 5576 ,ν
3208 5565 3239 5576 Α
3285 5563 3298 5575 ,

286 5564 394 5642 (93')
425 5564 538 5629 βειτί
571 5578 742 5629 forma
774 5564 1166 5648 Patihil'icolatn
1200 5575 1416 5648 dixeris:
1476 5587 1479 5591 '
1619 5647 1625 5648 ί
1942 5581 2018 5648 (1)
2050 5564 2184 5633 Tres
2233 5579 2356 5632 huic
2395 5575 2764 5645 Georgicorum
2795 5571 2957 5623 libros
2995 5567 3180 5620 tribuit
3207 5564 3424 5619 Suidaa.

288 5649 397 5713 (99)
423 5648 666 5713 Tltenlogi
698 5649 864 5698 nostri
898 5649 948 5697 in
976 5645 1176 5696 scholis
1204 5645 1360 5698 hodie
1388 5645 1766 5714 Pt'opassiones
1951 5645 1958 5648 ’
2697 5715 2704 5722 λ

533 5744 794 5802 ΡΑτῐιοι.
839 5740 956 5797 Gn.
997 5737 1150 5795 Clll.
3017 5732 3088 5792 13
