3932 6240
200 248 289 318 461
1113 253 1638 315 BIBLIOTHECA.
1657 277 1724 288 -
1761 250 1978 312 CODD.
2003 251 2228 313 CLXIV
2235 301 2250 328 ,
2277 253 2488 315 CLXV.
2783 304 2789 311 .
3342 254 3451 319 462

202 364 419 434 θεωρίας
465 363 759 419 ἐκτίθεται.
815 364 929 419 Καὶ
986 363 1097 418 τῶν
1144 363 1618 435 συμϐουλευτικῶν
1675 361 1755 432 μὲι

1897 360 2096 429 pridem
2135 360 2368 430 primam
2400 358 2657 431 liyperidi
2694 358 2897 430 aliingit
2920 400 2934 423 .
2964 362 3116 430 quasi
3152 378 3314 432 super
3345 364 3450 421 De-

198 459 292 529 τὴν
323 456 553 528 πρώτην
597 457 678 520 είς
721 456 1015 528 Ὑπερίδην
1067 457 1316 510 διατυποῖ
1337 458 1381 489 ⁸⁸
1429 454 1590 526 δῆθεν
1632 456 1751 527 ὑπὲρ

1900 452 2159 507 nosthene
2220 453 2541 507 deliberatio
2588 453 2681 506 sit.
2728 454 2971 508 Alteram
3029 469 3160 509 vero
3193 456 3294 526 ipsi
3350 455 3453 511 De-

202 549 572 620 Δημοσθένους
600 548 1100 619 συμϐουλεύουσαν,
1125 548 1225 621 τὴν
1274 549 1332 601 δὲ
1390 550 1469 612 εἰς
1493 548 1755 619 Δημοσθέ·

1899 543 2196 610 nostbcni,
2255 544 2705 601 consultationem
2756 561 2920 614 super
2976 546 3452 604 Eschine'eﬂ'or-

200 659 294 712 νην
325 640 491 694 αὑτὸν
525 638 669 710 ὑπὲρ
716 639 970 711 Αἰσχίνου
998 639 1098 711 τὴν
1157 640 1465 713 συμϐουλὴν
1511 639 1749 710 σχηματί

1898 639 2072 692 nanti.
2096 636 2281 692 Trium
2317 637 2646 706 reliquarum
2692 638 2869 707 prima
2903 653 3090 693 contra
3138 639 3451 710 Epicurum,

203 731 379 796 ζοντα.
424 730 489 784 Οἰ
540 730 599 783 δὲ
631 730 809 783 λοιποὶ
857 733 1025 801 τρεῖς,
1058 733 1087 785 ὁ
1132 730 1230 801 μὲν
1276 732 1400 785 κατ’
1448 728 1756 800 Ἐπικούροι

1902 730 2033 785 relut
2065 729 2357 798 impietatis
2390 742 2542 783 reum
2589 728 2913 787 instituitur.
2956 731 3141 785 Altera
3194 733 3455 788 adversus

201 821 590 876 διαπλάττεται
644 823 900 887 ἀσεϐείας
923 823 1141 895 γραφὴν
1188 823 1389 877 ὡσανεὶ
1410 821 1754 891 φεύγοντος,ι

1906 823 2130 885 livitem,
2190 821 2283 892 qui
2336 822 2590 890 pauperis
2645 822 2912 893 integrant
2954 824 3172 879 domum
3212 825 3459 881 scelestis

201 913 253 966 δὲ
279 914 425 967 κατὰ
464 914 746 983 πλουσίου,
801 916 1033 988 πένητος
1084 915 1279 986 ἀνδρὸς
1306 916 1485 970 οἰκίαν
1507 916 1636 984 ὅλην
1673 931 1754 986 μυι

1903 914 2001 968 mis
2032 913 2363 968 facinoribus
2386 914 2735 978 exhauserat,
2765 916 3049 984 ipsumque
3090 917 3227 971 adeo
3257 932 3456 986 paupe-

203 1008 389 1074 σαροῖς
418 1004 760 1070 κενώσαντος
815 1007 1081 1077 δράμασι,
1130 1006 1228 1059 καὶ
1252 1006 1416 1059 αὐτὸν
1446 1006 1656 1073 εἰσάγει
1690 1006 1756 1058 τὸ*

1905 1006 2248 1072 έθιιικίιιιιιιοίι
2278 1020 2496 1061 causam
2527 1008 2664 1061 hanc
2702 1018 3067 1076 perorantem.
3102 1008 3283 1062 Tertia
3317 1009 3458 1063 The-

200 1104 413 1168 πένητα
456 1096 944 1168 διαγωνιζόμενον·
993 1100 1023 1151 ὁ
1066 1098 1123 1152 δὲ
1177 1098 1360 1169 τρίτος
1412 1097 1753 1167 Θεμιστοκλέι

2215 1098 2343 1154 facit
2358 1100 2616 1153 adversus
2634 1098 2919 1154 Persarum
2940 1117 3121 1170 regem
3138 1101 3460 1156 sententiam
3572 1100 3580 1117 ‘

203 1191 444 1261 παράγει
472 1190 686 1261 βασιλεῖ
716 1191 942 1261 Περσῶν
981 1191 1352 1261 ἀντιλέγοντα,
1409 1191 1628 1244 ἐπειδὰν
1654 1192 1756 1242 ὑπο

1910 1180 2428 1270 Ιίρειιιεῃὶςηυθιιιιυ
2456 1191 2544 1244 hic
2585 1191 2652 1245 ad
2682 1191 3048 1246 amoliendum
3094 1191 3295 1248 bellum
3334 1208 3463 1263 pro-

204 1285 419 1353 σχέσεις
447 1284 656 1346 ἐκεῖνος
686 1281 1010 1354 προῦτεινεν
1041 1283 1085 1314 ⁸⁵
1114 1283 1254 1354 ὑπὲρ
1294 1282 1395 1352 τῆς
1418 1281 1513 1335 τοῦ
1546 1281 1757 1352 πολέμσ

997 1302 1010 1334 ν
1041 1283 1085 1314 ⁸⁵
1114 1283 1254 1354 ὑπὲρ
1294 1282 1395 1352 τῆς
1418 1281 1513 1335 τοῦ
1546 1281 1785 1352 πολέμου
1890 1282 2054 1337 missa
2087 1283 2236 1349 pacis
2269 1282 2550 1338 aiferebat.

202 1370 577 1437 καταλύσεως.

274 1461 439 1519 Οὗτοι
472 1466 538 1538 δὴ
592 1464 742 1536 αὐτῷ
788 1466 837 1521 οἰ
866 1465 1015 1535 λόγοι
1056 1466 1157 1537 τήν
1208 1483 1268 1519 τε
1292 1467 1349 1519 ὲν
1377 1465 1557 1534 λόγοις
1589 1465 1789 1536 ἀρετὴν

1968 1465 2064 1520 liae
2127 1472 2305 1519 autem
2349 1464 2419 1518 ab
2447 1479 2513 1519 eo
2554 1473 2685 1518 sunt
2729 1464 3006 1518 orationes
3034 1465 3374 1534 conscriptae,
3409 1478 3465 1519 nt

202 1559 374 1611 αὑτοῦ
419 1560 516 1612 καὶ
548 1558 658 1612 τῶν
714 1560 1006 1629 νοημάτων
1049 1557 1110 1612 τὸ
1143 1557 1380 1629 ἀνθηρὸν
1421 1558 1516 1612 καὶ
1545 1553 1680 1630 ἧκον
1710 1558 1755 1611 εἰ

1917 1576 1947 1613 ιι
1981 1559 2048 1612 iis
2092 1558 2515 1627 quodammodo,
2545 1557 2668 1627 plus
2694 1572 2857 1628 quam
2903 1558 2957 1610 in
2990 1559 3220 1619 caeteris.
3250 1559 3465 1614 dicendi

201 1649 437 1719 δύναμιν
486 1649 689 1721 μᾶλλον
721 1648 830 1703 τῶν
882 1647 1060 1704 ἄλλων
1115 1649 1384 1704 δεικνύειν
1418 1666 1538 1712 πως
1591 1648 1754 1719 ὲμελε

1916 1653 2001 1704 rim
2026 1666 2204 1715 suam,
2231 1652 2734 1720 sententiarumque
2774 1651 2961 1704 liorem
3000 1666 3099 1720 pro
3135 1651 3342 1707 viribus
3372 1669 3469 1707 ex-

200 1742 489 1813 τήθησαν·
540 1742 854 1812 περιϐολαῖς
879 1759 939 1795 τε
972 1742 1081 1813 γὰρ
1125 1742 1266 1796 κατὰ
1305 1743 1468 1812 ζῆλον
1511 1741 1753 1812 Δημοσθέ

1916 1744 2120 1799 liberet.
2152 1742 2231 1796 Ad
2268 1743 2624 1797 imitationem
2657 1743 2798 1799 enim
2834 1743 3215 1799 Demosthenis
3230 1744 3469 1800 cireum-

203 1850 333 1898 νους
366 1834 681 1901 πλεονάζει,
714 1836 807 1889 καὶ
840 1835 919 1904 τῷ
973 1836 1470 1907 πολυσχηματίστῳ
1515 1834 1756 1889 ποικίλλε

1917 1836 2323 1907 luctionibus(5)
2346 1836 2606 1901 abundat,
2625 1853 2688 1892 ac
2718 1838 2900 1893 multis
2926 1838 3294 1895 schematibus
3319 1839 3470 1895 varie

202 1940 317 1993 ται,
360 1928 458 1981 καὶ
485 1926 607 1988 ταῖς
651 1926 822 1991 ἰδέαις
851 1927 1032 1991 καλῶς
1062 1929 1192 1992 τοὺς
1236 1928 1431 1997 λόγους
1470 1928 1755 1999 κεράννυσι

1916 1928 2261 1997 Iistinguitur.
2282 1926 2422 1982 ideis
2457 1929 2587 1982 item
2619 1928 2844 1998 pulchre
2867 1930 3146 1984 orationes
3177 1939 3469 1998 temperat,

204 2022 282 2093 τῷ
316 2023 547 2092 μεγάλῳ
580 2022 624 2053 ⁸⁷
655 2021 854 2091 μᾶλλον
882 2020 1213 2091 ὑψούμενος·
1267 2022 1362 2074 καὶ
1386 2021 1531 2086 λέξει
1563 2020 1620 2075 δὲ
1650 2020 1757 2091 χρῆ

1925 2019 2112 2073 ublitni
2146 2034 2205 2073 se
2245 2019 2459 2074 dicendi
2516 2034 2717 2090 genere
2751 2021 2923 2089 magis
2971 2018 3225 2075 efferens.
3280 2018 3473 2075 Verbis

206 2127 319 2176 ται,
354 2114 485 2167 ὅσον
519 2112 618 2183 μὲν
645 2115 727 2176 εἰς
748 2111 919 2167 τύπον
949 2111 1081 2185 [185
1111 2110 1206 2185 Η.]
1225 2113 1319 2167 καὶ
1345 2116 1410 2185 τῇ
1446 2112 1570 2167 καθ’
1593 2111 1759 2183 ὲαυτὴ

1920 2113 1961 2166 nd
1990 2114 2103 2167 haec
2134 2112 2325 2178 utitur,
2363 2126 2486 2181 quae
2525 2110 2614 2183 (ad
2663 2111 2890 2166 formam
2927 2112 3118 2167 saltem
3167 2112 3313 2182 quod
3343 2113 3473 2169 atti-

209 2204 464 2276 σημασίᾳ
493 2203 589 2259 καὶ
616 2205 873 2275 ἐμφάσει,
902 2204 1055 2259 οὐδὲν
1078 2205 1124 2237 ⁸⁸
1150 2203 1246 2258 τοῦ
1280 2203 1486 2274 σαφοῦς
1542 2204 1762 2275 λειπομέ

1921 2204 2011 2276 tet)
2052 2220 2227 2275 neque
2256 2205 2326 2260 ob
2356 2203 2634 2276 propriam
2664 2220 2818 2259 suam
2855 2205 3156 2269 notionem,
3197 2219 3376 2268 neque
3403 2206 3474 2257 ob

210 2312 305 2371 νῃ·
340 2296 405 2351 τὺ
434 2296 492 2349 δὲ
517 2296 702 2359 λύσεις
730 2295 900 2359 αύτάς
932 2296 1212 2366 ὀνομάτων
1240 2295 1313 2359 ὡς
1344 2296 1438 2348 ἐπὶ
1461 2294 1523 2348 τὸ
1546 2294 1762 2347 πλεῖστα

1919 2296 2200 2365 emphasim
2258 2310 2288 2349 a
2344 2295 2735 2365 perspicuitate
2797 2297 3059 2350 recedunt
3094 2312 3109 2351 :
3146 2296 3472 2375 etsi,\qnia

210 2386 355 2441 εἶναι
385 2387 583 2453 ξενίζει
609 2389 708 2457 μὲν
747 2386 885 2457 μετὰ
931 2387 1027 2441 τοῦ
1053 2387 1206 2458 ἡδέος
1232 2387 1331 2458 τὴν
1355 2388 1545 2458 ἀκοὴν,
1569 2388 1630 2463 οὐ
1666 2387 1763 2456 μέν

1915 2389 2177 2441 nominum
2254 2387 2640 2443 dissolutioues
2692 2385 2769 2458 (6)
2841 2398 2901 2441 ut
2961 2386 3254 2456 plurimum
3318 2396 3468 2450 sunt,

212 2488 293 2529 τοι
344 2478 462 2539 τοῖς
498 2474 713 2539 πολλοῖς
744 2476 832 2528 ἐπ’
865 2476 988 2547 ῐσης
1019 2477 1321 2547 παρέχεται
1342 2476 1441 2549 τὴν
1468 2477 1765 2548 κατάληψιν

1924 2491 2063 2531 mres
2132 2477 2352 2545 quidem
2424 2474 2547 2531 cum
2598 2476 2946 2546 iucunditate
3016 2476 3305 2545 peregrino
3377 2490 3477 2530 suo

211 2567 405 2639 Σαφὴς
441 2568 504 2621 δὲ
531 2568 761 2632 καὶτοῖς
788 2568 885 2639 τῆς
913 2569 1223 2640 εύκρινείας
1257 2568 1535 2640 ἰδιώμασι.
1569 2570 1764 2642 Χρώμε

1923 2584 2037 2625 ιοιιο
2084 2569 2283 2625 feriunt
2340 2587 2356 2624 :
2414 2572 2511 2626 sed
2578 2584 2685 2623 non
2741 2584 2896 2639 aeque
2956 2583 2986 2623 a
3077 2570 3238 2639 vulgo
3279 2568 3476 2624 inteili-

212 2674 304 2723 νος
365 2659 439 2723 δ’,
461 2659 537 2722 ὡς
560 2660 718 2730 ἔφην,
752 2659 1011 2731 περιϐολῇ
1032 2662 1099 2732 τῇ
1127 2677 1186 2713 τε
1205 2661 1326 2714 κατ’
1353 2660 1683 2729 αἰτιολογίαν
1707 2678 1765 2715 κο

1929 2671 2120 2726 :untur.
2184 2661 2377 2717 Clarus
2458 2676 2673 2731 quoque
2720 2671 2805 2717 est
2872 2678 3058 2718 earum
3130 2679 3311 2718 rerum
3380 2662 3482 2719 ob-

213 2753 395 2815 ἇλλως
463 2750 830 2825 [κεχρημένος
871 2753 941 2825 θ’]
1002 2754 1293 2823 φαίνεται*
1353 2756 1575 2823 γοργοϊς
1619 2752 1766 2824 μέντι

1930 2754 2239 2818 ervatione,
2271 2768 2392 2822 qua:
2444 2752 2515 2806 ad
2560 2754 2872 2808 distinctam
2921 2756 3220 2808 orationem
3264 2753 3483 2824 pr0prie

215 2851 331 2914 τοῖς
386 2848 668 2919 σχήμασιν
715 2848 1002 2911 ἀποδιδοὺς
1029 2848 1128 2919 τὴν
1160 2846 1209 2879 ⁷⁸
1243 2846 1496 2901 ἐντεῦθεν
1535 2848 1768 2912 ἀσάφεια

1931 2846 2200 2900 ιετιίιιειιι.
2237 2843 2421 2901 Utitur
2457 2847 2674 2909 etiam,
2704 2854 2763 2898 ut
2810 2844 3071 2911 diximus,
3105 2846 3484 2916 complexione

216 2941 566 3011 ἐκκαθαίρει.
598 2940 711 2993 Καὶ
745 2938 1038 3013 ὑπερϐατῷ
1070 2940 1129 2994 δὲ
1155 2941 1249 2995 καὶ
1282 2943 1483 3012 τροπῇ,
1515 2939 1567 2992 εἰ
1589 2940 1679 2993 καὶ
1700 2940 1769 3008 τῆ

1928 2950 2030 2989 :utn
2059 2934 2210 2999 alibi,
2247 2940 2360 2989 tum
2416 2932 2504 2986 ubi
2555 2932 2633 2987 rei
2693 2931 2924 2999 alicujus
2976 2933 3240 2986 rationem
3286 2932 3481 2986 reddit.

220 3030 522 3102 περιϐολῆς
547 3030 636 3083 ἐπ’
665 3028 908 3096 ἔλαττον,
940 3031 1091 3101 ὅμως
1125 3031 1359 3085 ἐνταῦθα
1391 3030 1561 3101 πολλῇ
1598 3032 1692 3084 καὶ
1717 3031 1773 3084 εύ

1931 3025 2047 3080 )um
2107 3040 2238 3080 vero
2312 3024 2555 3080 incitatis
2605 3024 2975 3079 schematibus
3017 3038 3171 3078 suam
3222 3022 3484 3078 redditio-

220 3124 377 3190 φυῶς
408 3125 635 3193 χρῆται.
670 3122 782 3176 Καὶ
820 3122 1075 3186 σύντονος
1117 3124 1177 3176 ὲν
1208 3122 1419 3187 τούτοις
1449 3126 1544 3177 καὶ
1582 3124 1773 3195 γοργὸς

1930 3136 2032 3175 tem
2064 3118 2310 3187 apponit,
2334 3118 2497 3173 simul
2517 3120 2680 3171 etiam
2710 3130 2949 3181 omnem,
2976 3129 3097 3185 quae
3121 3130 3189 3169 ex
3232 3114 3338 3170 illis
3364 3123 3482 3169 orta

220 3213 356 3265 επου
386 3213 595 3284 δεήσοι.
631 3212 774 3266 Ἀλλ’
796 3213 856 3267 ὲν
888 3212 988 3284 μὲν
1011 3216 1124 3277 τοῖς
1149 3213 1460 3286 εἰρημένοις
1487 3213 1667 3285 λόγοις
1698 3232 1773 3269 τοι

1931 3211 2111 3278 'nerat,
2149 3210 2533 3265 obscuritatem
2576 3208 2735 3263 tollit.
2785 3207 3153 3279 Hyperbatum
3201 3217 3484 3275 praeterea,

220 3305 401 3369 οὗτος.
1915 3321 1978 3361 ac
2004 3315 2238 3375 tropum,
2273 3303 2476 3374 108a
2518 3302 2618 3356 etsi
2651 3303 2826 3359 rarius
2847 3318 3009 3374 quam
3031 3301 3484 3373 complexionem,

224 3403 547 3472 frequenter
583 3411 761 3456 tamen
793 3401 885 3457 hic
923 3407 979 3456 et
1031 3400 1168 3456 scite
1222 3401 1470 3467 adhibet,
1531 3415 1637 3457 non
1690 3399 1807 3454 sine
1844 3401 2194 3456 contentione
2220 3408 2385 3469 atque
2411 3397 2723 3462 velocitate,
2773 3412 2897 3452 cum
2931 3397 3152 3467 quidem
3215 3396 3290 3451 ita
3349 3411 3487 3467 opus

219 3503 335 3548 est.
372 3492 562 3547 Talem
599 3492 765 3562 igitur
791 3509 850 3548 se
878 3492 931 3546 in
961 3491 1046 3557 iis,
1078 3508 1216 3560 quas
1259 3493 1598 3557 enumeravi,
1639 3492 1981 3547 orationibus
2009 3489 2252 3544 exhibet.

310 3585 547 3656 Ἐφεξῆς
598 3585 657 3637 δὲ
681 3583 886 3637 τούτων
941 3582 1127 3636 τάττει
1173 3582 1265 3636 τὸν
1291 3581 1728 3653 Πολεμαρχικδν,
1757 3581 1817 3646 ὃς

1990 3580 2225 3649 Suhjicit
2255 3581 2321 3636 iis
2350 3577 2820 3641 Polemarchicum
2852 3576 2938 3651 [ιιι
2967 3577 3144 3651 vocat]
3178 3598 3195 3636 :
3227 3595 3347 3649 qua:
3368 3582 3488 3652 qui-

223 3679 510 3749 ἐγκώμιόν
544 3680 663 3732 ἐστι
694 3677 803 3731 τῶν
837 3677 977 3748 ύπὲρ
1008 3673 1321 3747 ἐλευθερίας
1350 3675 1487 3747 πρὸς
1510 3676 1726 3746 Πέρσας
1761 3676 1776 3726 ἔ

1936 3675 2034 3729 lem
2060 3674 2234 3727 oratio
2265 3687 2452 3727 eorum
2481 3672 2573 3741 qui
2601 3687 2698 3738 pro
2725 3672 2915 3742 patriae
2934 3672 3186 3727 libertate
3210 3688 3332 3729 cum
3361 3673 3489 3729 Per-

230 3774 387 3843 μάχῃ
419 3771 702 3825 πεσόντων
736 3770 832 3823 καὶ
871 3769 1108 3838 πολέμου
1140 3767 1386 3830 ἔπαινος.
1416 3766 1555 3822 Μεθ’
1579 3768 1638 3819 ὄν
1670 3767 1783 3818 ἐστι

1938 3767 1993 3818 eis
2024 3764 2240 3819 fortiter
2276 3767 2564 3836 pugnando
2604 3764 2939 3831 ceciderunt,
2995 3765 3237 3821 laudatio
3281 3776 3387 3835 est,
3437 3779 3491 3822 et

228 3863 261 3915 ὁ
299 3860 754 3931 Ἀρεοπαγιτικὸς
784 3858 817 3929 ἢ
843 3858 936 3911 καὶ
960 3855 1385 3928 ὲλευθερωτικὸς
1421 3853 1704 3922 Ῥουφίνου
1722 3868 1781 3905 το

1939 3856 2043 3912 belli
2070 3856 2230 3911 simul
2282 3856 2502 3912 brevem
2555 3855 2768 3911 laudem
2801 3858 3069 3912 continet.
3104 3857 3256 3913 Hanc
3289 3860 3492 3930 excipit

226 3953 442 4008 οἰκείου
472 3951 614 4005 υἰοῦ.
639 3946 807 4013 Οὗτος
833 3950 895 4004 ού
918 3949 964 3982 ⁷¹
987 3947 1387 4018 πλασματικὸς,
1411 3944 1519 4000 οὐδ’
1545 3946 1574 3998 ό
1594 3947 1779 4016 ἐφεξῆς

1940 3950 2326 4019 AreOpagitiea,
2365 3948 2483 4005 sive
2530 3965 2630 4019 pro
2672 3949 2925 4005 libertate
2972 3949 3149 4005 Rufini
3205 3951 3324 4015 ﬂlii,
3374 3967 3493 4023 quae

228 4046 266 4115 ἡ
300 4046 390 4105 εἰς
431 4044 525 4097 τὸν
558 4042 724 4097 αὑτὸν
769 4043 883 4095 υἱὸν
932 4040 1334 4111 τελευτήσαντα
1386 4038 1644 4110 μονῳδία.
1678 4033 1774 4091 Εῖτ

1942 4043 2112 4098 ictitia
2142 4059 2246 4098 non
2281 4052 2383 4107 est,
2431 4052 2489 4097 ιιι
2541 4058 2717 4112 neque
2762 4059 2994 4112 sequens
3039 4046 3091 4099 in
3143 4045 3392 4105 eumdem
3432 4046 3495 4100 li-

226 4135 602 4206 ὲπιθαλὰμιος
620 4138 699 4198 εἰς
718 4136 935 4205 ἑταῖρον
957 4132 1197 4203 Σεϐἦρον
1213 4148 1229 4165 ’
1261 4133 1369 4185 οὐδ’
1399 4130 1443 4165 ⁷⁵
1459 4126 1613 4194 οὗτος
1638 4129 1696 4184 δὲ
1722 4132 1779 4199 δη

1951 4136 2058 4189 inm
2092 4149 2285 4191 recens
2310 4137 2414 4189 vita
2449 4134 2692 4190 functum
2729 4137 3001 4190 monodia.
3043 4136 3252 4192 Dehinc
3288 4137 3497 4204 epitha-

226 4226 425 4279 λονότι
464 4226 571 4280 τῶν
604 4226 653 4259 ⁷³
681 4223 1101 4294 πλασματικῶν.
1155 4221 1359 4276 Τούτου
1399 4223 1456 4276 δὲ
1503 4222 1665 4276 πάλιν
1727 4239 1779 4275 κε

1937 4231 2126 4285 lamins
2179 4243 2360 4285 sermo
2408 4231 2462 4284 in
2495 4229 2753 4284 Severum
2795 4231 3037 4293 socium,
3092 4232 3184 4298 qui
3245 4245 3345 4286 nec
3375 4226 3490 4301 ipse

225 4318 485 4389 Θεωρίαν
537 4317 990 4389 προκαθίστησιν.
1032 4317 1147 4384 Ἐφ’
1180 4310 1259 4379 οἷς
1317 4317 1575 4386 Διογένης
1612 4315 1645 4387 ἢ
1682 4332 1778 4384 πρε

1941 4323 2155 4376 lictitius
2178 4334 2284 4387 est,
2307 4333 2363 4376 et
2381 4322 2576 4376 iterum
2605 4334 2979 4391 argumentum
3000 4323 3281 4392 praefixum
3314 4323 3494 4377 habet.

225 4411 556 4481 πεμπτικός
576 4429 591 4443 ·
625 4410 952 4481 σεμνύνεται
984 4410 1040 4463 δὲ
1070 4408 1164 4463 καὶ
1184 4402 1336 4471 οὗτος
1365 4408 1697 4480 προθεωρίᾳ,
1729 4426 1778 4461 κι

1943 4412 2194 4482 Deinceps
2227 4414 2510 4486 Diogenes,
2525 4429 2622 4469 seu
2643 4412 3053 4483 Propempticns
3073 4413 3174 4485 (7).
3206 4412 3331 4468 Haec
3360 4429 3496 4482 quo—

221 4518 301 4570 γε
338 4502 450 4555 καὶ
477 4503 546 4567 ὡς
575 4502 810 4573 διαλόγῳ
836 4503 1103 4556 τυποῦται
1123 4501 1513 4571 πλαττόμενος.
1541 4496 1674 4554 Εἶτα
1693 4501 1774 4573 πρέ

1949 4520 2037 4574 lue
2074 4515 2400 4575 argumento
2430 4514 2661 4559 ornatur
2702 4520 2767 4559 ac
2792 4505 3127 4574 dialogorum
3164 4518 3320 4559 more
3361 4503 3500 4557 lictis

220 4595 374 4657 τοὺς
398 4592 640 4664 ἑταίρους
665 4593 1082 4666 συντακτήριος,
1114 4594 1204 4647 ὅτε
1236 4592 1382 4664 ἐξῄει
1424 4595 1504 4656 εἰς
1536 4591 1773 4664 Κόρινθοί

1950 4595 2179 4652 iersonis
2211 4596 2548 4652 conformata
2580 4606 2684 4651 est.
2722 4595 2858 4651 Hine
2892 4597 2960 4649 ad
3001 4596 3191 4662 socios:
3219 4594 3503 4667 Syntacte—

221 4683 434 4738 Πάλιν
474 4686 550 4748 εἰς
597 4682 895 4739 Φλαϐιανὸν
950 4683 1430 4756 προπεμπτήριος,
1483 4681 1774 4753 προαχθένοι

1947 4687 2046 4742 rius
2083 4688 2184 4759 (8),
2221 4686 2445 4756 quando
2493 4687 2813 4743 Corinthum
2848 4686 3311 4757 proficiscebatur.
3361 4684 3500 4741 Pro-

1554 4796 1787 4851 VARIE
1821 4797 2231 4855 LECTIONES.

304 4920 366 4952 ⁸⁸
406 4919 620 4971 mum!
647 4937 708 4984 ς-
785 4911 1282 4986 ’τι-προτείνειεν-ςε
1356 4910 1402 4986 _"_
1431 4909 1792 4986 μεγαλείῳμς.
1868 4912 1914 4945 ⁸³
1941 4910 2063 4966 οὐδὲ
2087 4930 2147 4978 ς.
2208 4912 2253 4946 σε
2288 4910 2624 4984 κεχρημένος
2643 4927 2753 4968 om.
2786 4927 2871 4983 pr.
2893 4911 2954 4969 C.
3062 4913 3227 4986 ¹¹⁰τὴν
3269 4911 3353 4967 A;
3405 4914 3506 4984 τήν

227 5008 300 5044 τε
340 5006 422 5054 ς.
462 4979 796 5058 Stephanus:
827 4979 947 5038 libri
973 4985 1022 5038 ό.
1097 4982 1144 5013 ⁷⁸
1171 4979 1282 5034 οὐδ’
1301 4981 1425 5035 add.
1453 4979 1521 5034 A.
1594 4979 1639 5013 ⁷⁸
1661 4979 1767 5035 τῶν
1793 4998 1901 5063 om.
1936 4985 2002 5037 A.

1792 5101 2024 5162 ΝΟΤΑΕ.

317 5196 421 5265 (5)
449 5197 767 5269 περιϐολαῖς.
823 5196 901 5251 De
977 5195 1179 5266 quibus
1236 5193 1624 5267 Hermogenes,
1674 5196 1771 5253 lih.
1818 5213 1837 5251 ι
2019 5199 2094 5271 (8)
2134 5197 2279 5271 Idem
2311 5198 2855 5271 qui_&mraxri)pzo;,
2881 5193 3369 5271 ιιιιιοοειειοοιίειι.
3395 5189 3507 5271 Bil-

226 5263 530 5324 Ideai'mu.
994 5263 1012 5266 ’
1441 5263 1463 5267 ⁷
1612 5263 1615 5264 ν
1945 5263 2053 5325 lius
2077 5263 2146 5324 ad
2172 5263 2391 5325 SJoa'n.
2413 5263 2735 5323 Damasceui
2755 5278 2895 5323 orat.
2916 5265 2990 5320 De
3034 5263 3234 5333 ﬁdeltb.
3267 5263 3502 5333 defunct.

308 5338 409 5407 (6)
451 5337 631 5402 Λύσεις
657 5337 964 5409 ὀνομάτων.
1020 5351 1158 5409 quas
1211 5335 1513 5409 Demetrius
1540 5335 1837 5409 Pjiaiareus
1944 5341 2114 5395 schol.
2143 5340 2236 5401 48.
2265 5350 2319 5395 et
2347 5339 2403 5394 S.
2430 5338 2590 5409 Greg.
2624 5338 2857 5409 Nazian.
2881 5331 3120 5409 οτριζδε
3147 5331 3503 5409 describitur:

231 5402 398 5463 fieri»
422 5410 631 5479 scripsit
657 5402 912 5469 λυθέντος
944 5406 1209 5479 ὀνόματος
1237 5409 1322 5479 εἰς
1351 5407 1511 5479 λόγον
1542 5402 1652 5461 οἷον
1688 5410 1837 5462 σίτου
1957 5410 2018 5463 '0
2052 5413 2109 5463 ὲν
2149 5410 2351 5476 ἐξόδοις
2380 5410 2488 5462 τῶν
2521 5402 2731 5462 πόλεων
2780 5408 2874 5461 ἐπὶ
2908 5405 3016 5459 τῶν
3046 5403 3323 5479 ἀρχόντων

226 5471 692 5552 flag-13$),Zﬁyft
778 5471 1198 5552 σιτουπομξπίας.
1277 5471 1435 5552 Ϊίιιιί
1483 5478 1835 5552 ἱὺίῃιίοοῑίεε.
1947 5471 2987 5552 χαιρετισμόςξνίιιθιιθιιοε-,μιιῑίὶεψιο
3034 5471 3175 5545 apud
3209 5471 3508 5552 iiimeriutu

229 5542 574 5619 P.Yici_orii
600 5547 894 5603 Comment.
924 5542 1242 5619 et'Aristot.
1276 5544 1492 5619 Rlzetor.
1533 5547 1626 5602 lib.
1660 5564 1746 5604 ut.
1947 5542 2257 5604 Eira'tinnu'm
2285 5542 2601 5619 'generibus
2629 5589 2644 5618 ,
2702 5542 3086 5603 Menandrum'
3107 5544 3404 5614 sapitistam
3455 5542 3511 5594 iu

316 5618 422 5691 (ἶ)
463 5616 548 5683 Qui
597 5619 755 5691 fausti
829 5618 1030 5674 ominis
1060 5631 1224 5674 causa
1272 5618 1341 5673 ad
1394 5618 1668 5675 hominem
1714 5634 1837 5675 mox
1948 5619 2292 5691 Epidicticis.

228 5686 638 5761 profecturum
666 5689 915 5744 habetur.
