3932 6240
418 346 541 411 ·463
586 336 591 341 ’

1527 335 1795 397 ΡΗΟΤΙΙ
1837 330 2353 394 ΡΛΤΒΙΑΒΕΗΕ
2377 330 2487 390 CP.

3591 309 3695 373 464

416 456 767 526 ὐιιιιιιιιιιιιῑης
836 462 971 504 alter
1032 450 1097 502 ad
1157 447 1474 501 Flavianum
1534 444 1678 497 Asia:
1739 440 2014 497 consulem

2145 441 2215 511 ἧς
2244 439 2427 502 Ἀσίας
2462 436 2685 490 ὕπατον.
2722 430 2952 502 Ἑφεξῆς
2980 431 3059 494 είς
3103 430 3231 493 τοὺς
3283 427 3415 498 περὶ
3445 426 3695 479 Πείσωνα

441 556 664 606 factum.
700 545 902 601 Deinde
931 544 983 596 in
1012 539 1262 596 Pisonem
1320 539 1579 591 advenam
1652 533 1751 605 (9).
1785 532 2021 587 Rursum

455 641 782 710 Protrrptira
811 677 827 700 ,
880 651 1001 707 qua:
1057 642 1111 687 et
1190 631 1444 701 Diogenes
1493 628 1828 683 inscribitur.
1886 622 2024 678 Hinc

441 732 719 787 Schedium
747 727 893 799 (ω),
913 724 984 779 ob
1015 721 1414 779 contentionem
1445 719 1499 773 in
1542 716 1728 773 schola
1754 723 2022 769 exortam.

442 829 496 881 In
528 826 825 897 Cyprorum
856 822 1166 875 adventum.
1202 816 1257 870 In
1293 816 1522 885 primum
1547 826 1703 867 suum
1732 826 1763 865 e
1814 808 2024 878 Cappa-

426 916 597 971 docia
652 913 975 968 auditorem.
1033 910 1163 964 Mox
1222 906 1425 978 ingenii
1516 901 1794 974 quoddam
1852 898 2028 970 speci-

443 1021 589 1070 men,
628 1002 849 1075 qnando
876 1009 935 1055 ut
957 1000 1166 1055 diceret
1211 1003 1437 1065 rogatus
1461 993 1731 1049 recusavit
1757 991 2023 1062 primum:

438 1100 510 1153 de
533 1112 641 1167 quo
678 1106 856 1147 tamen
892 1093 1009 1161 ipso
1034 1102 1217 1158 postea
1251 1089 1507 1144 disseruit
1537 1127 1553 1151 ,
1584 1085 1815 1140 Pulchra
1845 1084 2027 1138 omnia

444 1191 606 1242 etiam
647 1200 769 1240 esse
799 1199 946 1238 rara.
973 1181 1029 1237 In
1063 1182 1366 1237 Musonium
1399 1179 1510 1250 (ll)
1546 1177 1772 1234 Graaciae
1801 1188 2030 1245 procon-

442 1280 649 1344 sulem;
682 1279 734 1330 in
769 1275 1031 1330 Severum
1076 1286 1291 1343 quoque
1323 1274 1611 1332 advenam,
1655 1264 2031 1337 Symplegada:

444 1370 785 1440 prmfcctum.
841 1366 979 1421 Hinc
1044 1362 1608 1434 sermocinatione);
1660 1362 1711 1415 in
1744 1358 2029 1416 UrSacium

448 1464 737 1528 comitem;
773 1463 827 1515 in
859 1459 1120 1514 Severum
1151 1455 1427 1521 sodalem;
1459 1456 1511 1522 in
1547 1454 1854 1526 Scylacinm
1881 1449 2032 1506 Gne-

450 1558 559 1609 ciae.
579 1555 994 1624 proconsulem;
1021 1552 1072 1604 in
1099 1549 1361 1619 Ephesios
1408 1547 1673 1616 hospites,
1705 1559 1770 1599 ac
1821 1542 2023 1615 Mysos,

448 1649 755 1717 Leonisque
775 1646 953 1710 cives;
1001 1645 1053 1698 in
1088 1640 1302 1697 sodales
1326 1654 1356 1694 e
1385 1641 1593 1710 patria;
1628 1638 1681 1692 in
1718 1637 2031 1691 Athenaeum

2125 531 2404 601 νεήλυδας.
2465 529 2633 583 Πάλιν
2670 524 3085 597 προπεμπτικδς
3111 522 3158 553 ’⁷⁸
3184 523 3217 589 ἢ
3252 518 3559 588 Διογένης.
3590 515 3695 570 Καὶ

2126 625 2333 695 σχέδιον
2382 623 2580 693 ἐφεξῆς
2618 622 2711 674 ἐπὶ
2738 622 2805 688 τῇ
2853 616 3118 687 γενομένῃ
3145 616 3332 669 στάσει
3365 614 3424 666 ὲν
3453 610 3585 683 [555
3607 606 3702 679 ﬂ.)

2125 720 2190 789 τῇ
2208 717 2481 787 διατριϐῇ,
2502 715 2583 779 εἰς
2611 732 2673 768 τε
2700 713 2798 785 τὴν
2826 712 2935 766 τῶν
2959 709 3222 781 Κυπρίων
3256 704 3578 776 ἐπιδημίαν,
3609 700 3702 754 καὶ

2127 813 2206 874 είς
2221 810 2313 862 τὸν
2339 808 2555 879 πρῶτον
2592 807 2655 860 ὲκ
2682 803 3077 865 Καππαδοκίας
3128 798 3295 854 αὐτοῦ
3344 795 3702 868 ἀκροασάμε-

2127 922 2235 958 νον.
2261 898 2392 956 Εἶτα
2417 901 2695 967 ἐπίδειξις,
2714 900 2836 954 ὅστε
2857 895 3293 966 ἀναϐαλλόμενος
3323 891 3499 946 εἰπεῖν
3525 887 3704 954 ἀξιού-

2131 1013 2289 1066 μενος
2313 996 2393 1059 ετς
2408 994 2539 1047 αύτδ
2566 993 2724 1047 τοῦτο
2742 991 3055 1053 διείλεκται,
3074 989 3157 1043 ὅτι
3190 986 3402 1041 Σπάνια
3424 984 3495 1037 τὰ
3536 981 3700 1037 καλά.

2131 1089 2241 1143 Καὶ
2267 1089 2348 1151 είς
2390 1085 2708 1141 Μουσώνιον
2742 1085 2799 1138 δὲ
2840 1084 2929 1137 τὸν
2965 1081 3272 1137 ἀνθύπατον
3308 1076 3583 1141 Ἑλλάδος,
3616 1076 3707 1128 καὶ

2129 1184 2206 1247 είς
2239 1182 2477 1251 Σεϐἧρον
2511 1179 2700 1250 νέηλυν
2719 1176 3019 1231 ἐπιστάντα
3055 1171 3425 1243 συμπληγάδι.
3458 1164 3596 1223 Εἶτα
3617 1166 3707 1220 λα⁸

2129 1276 2240 1342 λιά,
2266 1275 2359 1329 καὶ
2394 1276 2473 1338 είς
2500 1272 2591 1327 τὸν
2621 1272 2835 1343 κόμητα
2870 1268 3198 1339 Οὐρσάκιον.
3233 1266 3329 1320 καὶ
3355 1264 3440 1327 εἰς
3467 1261 3708 1331 Σεϐῆρον

2130 1368 2318 1439 ἕτερον
2340 1366 2407 1428 ⁷⁵,
2460 1365 2555 1417 καὶ
2606 1364 2691 1424 είς
2733 1360 3032 1415 Σκυλάκιον
3092 1348 3400 1413 ἀνθύπατον
3435 1352 3709 1415 Ἑλλάδος,

2133 1461 2227 1515 καὶ
2250 1463 2331 1523 εἰς
2348 1455 2616 1528 ’νεήλυδας
2656 1454 2939 1524 Ἐφεσίους
2980 1451 3074 1506 καὶ
3099 1450 3321 1513 Μυσοὺς
3348 1447 3446 1501 atat
3485 1444 3712 1506 πολίτας

2132 1550 2225 1605 τοῦ
2245 1550 2492 1610 Λέοντος.
2521 1541 2656 1600 Εἶτα
2680 1547 2758 1607 είς
2786 1544 2913 1608 τοὺς
2936 1545 3000 1597 ἐκ
3030 1541 3291 1611 πατρίδος
3314 1540 3433 1594 έταί
3442 1557 3592 1609 ρους,
3620 1539 3714 1592 καὶ

2134 1644 2213 1705 εἰς
2254 1640 2537 1712 Ἀθήναιον
2564 1638 2802 1708 κόμητα,
2842 1636 2940 1690 καὶ
2990 1636 3070 1698 εἰς
3129 1634 3403 1705 Πριϐᾶτον
3442 1631 3714 1701 Ῥωμαῖον

452 1742 741 1804 comitem;
796 1738 852 1792 in
892 1736 1171 1806 Privatum
1245 1732 1591 1794 Romanum,
1658 1730 1751 1799 qui
1801 1725 2030 1796 Ampelii

2145 1734 2461 1787 παιδεύοντα
2514 1730 2604 1783 τὸν
2640 1729 2808 1783 παῖδα
2864 1726 3159 1797 Ἀμπελίου
3222 1725 3315 1780 τοῦ
3375 1723 3715 1786 ἀνθυπάτου,

452 1830 793 1905 proconsulis
812 1829 979 1883 ﬁlium
1000 1825 1348 1890 instituebat;
1379 1825 1432 1877 in
1459 1822 1690 1879 reditum
1743 1819 2027 1885 Corintho;

2145 1825 2229 1881 καὶ
2248 1824 2312 1894 δὴ
2345 1823 2437 1876 καὶ
2464 1824 2544 1886 είς
2563 1821 2662 1886 τὴν
2683 1820 2789 1873 ἀπὸ
2811 1817 3082 1891 Κορίνθου
3111 1816 3393 1879 ἐπάνοδον,
3412 1816 3511 1869 καὶ
3530 1816 3615 1879 είς
3629 1813 3719 1865 τὸν

453 1931 507 1982 in
539 1924 802 1981 Pila-bum
832 1919 1126 1977 Alexandri
1162 1915 1501 1987 proconsulis
1535 1913 1734 1967 ﬁlium:
1771 1912 1825 1964 in
1866 1911 2022 1966 Arca-

446 2021 601 2075 dium
635 2017 908 2072 medicum
957 2023 1013 2069 et
1065 2012 1344 2068 comitem.
1406 2007 1598 2064 Oratio
1651 2020 1868 2077 quoque
1904 2019 2030 2073 pro«

455 2114 723 2183 pemptica
774 2111 826 2164 in
877 2107 1107 2170 amicos,
1153 2105 1244 2175 qui
1302 2118 1475 2173 nuper
1524 2109 1816 2167 venerant;
1863 2096 2031 2149 altera

455 2202 585 2264 item
616 2207 670 2260 in
702 2202 1053 2266 Flavianum;
1087 2195 1521 2269 Epithalamium
1563 2205 1781 2261 quoque
1831 2189 2034 2243 dictum

456 2303 512 2355 in
549 2297 995 2353 Pauatltettwum.
1026 2291 1163 2344 Hinc
1209 2285 1592 2343 sermocinatio
1622 2297 1725 2337 una
1752 2321 1767 2348 ,
1815 2290 1871 2333 et
1905 2281 2034 2331 item

459 2393 651 2447 altera.
707 2385 1014 2458 Disputatio
1072 2382 1255 2437 habita
1288 2379 1572 2449 Philippis,
1626 2392 1747 2431 cum
1777 2383 2036 2428 evocatus

459 2502 489 2541 a
524 2485 738 2541 Iuliano
763 2481 1096 2550 imperatore
1129 2475 1235 2529 iter
1264 2473 1391 2528 illac
1422 2472 1667 2527 haberet.
1704 2467 1834 2521 Post
1862 2465 2037 2520 oratio

460 2576 648 2634 habita
675 2574 729 2627 in
772 2571 928 2637 urbe,
959 2569 1014 2623 in
1048 2565 1219 2637 ipsius
1256 2560 1757 2627 Constantinopolis
1799 2557 2035 2618 laudern,

461 2685 527 2725 ac
559 2665 763 2722 Juliani
804 2662 1055 2719 Caesaris.
1118 2658 1177 2713 ln
1232 2654 1562 2713 sacriﬁcium
1613 2651 1847 2723 Mythrae
1898 2648 2033 2719 (1'5).

464 2759 785 2816 Dissertatio
824 2755 878 2809 in
915 2751 1234 2807 Sallustium
1271 2746 1606 2818 praefectum,
1656 2744 1741 2798 cui
1772 2751 1829 2797 et
1873 2755 2041 2809 argu-

466 2854 703 2907 mentum
755 2858 1064 2908 annexum;
1104 2841 1302 2895 iterum
1337 2839 1389 2893 in
1443 2836 1760 2889 Flavianum
1804 2848 2041 2903 procon-

468 2948 673 3012 sulem;
702 2945 753 2997 iu
782 2940 984 2997 sodalis
1017 2939 1101 2995 sui
1147 2938 1383 2993 natalem
1434 2935 1595 2990 diem.
1650 2930 2044 2987 Sertnocinatlo

470 3047 687 3107 quoque
715 3033 768 3086 in
799 3031 1088 3086 sanitatem
1122 3026 1289 3088 socii;
1334 3024 1388 3078 in
1427 3021 1790 3085 insidiantes;
1834 3014 2043 3086 ιοειι

2147 1916 2496 1984 Ἀλεξάνδρου
2548 1914 2643 1967 τοῦ
2676 1912 2988 1966 ἀνθυπάτου
3040 1911 3208 1964 παῖδα
3265 1907 3479 1973 Φοῖϐον,
3506 1908 3607 1961 καὶ
3642 1908 3721 1969 είς

2146 2008 2428 2080 Ἀρκάδιον
2456 2007 2548 2061 τὸν
2574 2004 2759 2076 ἰατρὸν
2797 2004 2894 2058 καὶ
2922 2003 3161 2074 κόμητα.
3200 2001 3309 2055 Καὶ
3341 1999 3722 2069 προπεμπτή-

2139 2119 2251 2175 ριος
2279 2102 2359 2163 είς
2379 2100 2504 2163 τοὺς
2554 2097 2955 2169 προσελθόντας
2994 2095 3267 2164 ἑταίρους,
3297 2091 3724 2162 προπεμπτικδς

2133 2210 2195 2247 τε
2226 2193 2307 2256 είς
2339 2190 2657 2256 Φλαϐιανὸν,
2685 2190 2779 2244 καὶ
2807 2186 3171 2257 ἐπιθαλάμιος
3204 2183 3388 2256 ῥηθεὶς
3442 2184 3526 2246 είς
3559 2182 3724 2235 Παν-

2135 2284 2416 2355 αθήναιον.
2453 2278 2586 2336 Εἶτα
2617 2280 2800 2343 λαλιά,
2863 2280 3029 2350 ὲτέρα
3062 2276 3244 2343 λαλιὰ,
3263 2277 3355 2329 καὶ
3387 2274 3630 2340 διάλεξις
3668 2274 3729 2325 ὲν

2136 2376 2445 2441 Φιλίπποις,
2469 2377 2557 2429 ὅτε
2577 2374 2744 2446 ἀπῄει
2777 2371 2929 2443 παρά
2975 2366 3266 2424 Ἵουλιανοῦ
3313 2364 3589 2438 βασιλέως
3624 2382 3729 2418 κα-

2137 2470 2419 2542 λούμενος,
2466 2464 2587 2523 εἶτα
2636 2467 2825 2539 ῥηθεὶς
2871 2467 2929 2518 ὲν
2955 2459 3536 2518 Κωνσταντινουπόλει
3565 2458 3613 2489 ⁷⁸
3646 2460 3729 2521 είς

2140 2566 2311 2635 αὑτήν
2349 2581 2408 2617 τε
2430 2563 2530 2636 τὴν
2556 2561 2711 2616 πόλιν
2741 2562 2786 2592 ⁷⁷
2822 2559 2919 2613 καὶ
2950 2558 2998 2591 ⁷⁸
3031 2555 3315 2610 Ἰουλιανὺν
3350 2553 3441 2607 τὸν
3475 2551 3730 2621 βασιλέα,

2140 2656 2237 2709 καὶ
2269 2657 2350 2717 είς
2376 2654 2478 2726 τὴν
2516 2652 2728 2723 Μίθρου
2748 2650 2994 2720 τελετήν.
3019 2647 3265 2713 Διάλεξις
3294 2647 3376 2709 εἰς
3398 2643 3733 2697 Σαλούστιον

2142 2749 2405 2819 ἔπαρχον,
2457 2742 2527 2819 ἦς
2554 2747 2671 2799 ἐστι
2717 2744 2812 2798 καὶ
2843 2741 3069 2814 θεωρία.
3097 2742 3191 2804 Εἰς
3226 2737 3532 2793 Φλαϐιανὸν
3562 2736 3733 2791 πάλιν

2143 2839 2234 2893 τὸν
2260 2839 2588 2904 ἀνθύπατον,
2644 2835 2736 2890 καὶ
2762 2837 2843 2899 είς
2872 2835 2971 2906 τὴν
3023 2831 3302 2904 γενέθλιον
3349 2829 3446 2884 τοῦ
3482 2830 3734 2899 ἑταίρου.

2144 2934 2255 2988 Καὶ
2282 2932 2442 2987 λαλιὰ
2483 2932 2564 2995 είς
2592 2930 2652 2983 τὸ
2701 2930 2967 2997 ὑγιαίνειν
3020 2926 3113 2981 τὸν
3139 2927 3380 2996 ἑταῖρον.
3416 2925 3542 2977 Ἔτι
3568 2922 3629 2975 δὲ
3654 2924 3736 2986 εἰς

2147 3028 2275 3089 τοὺς
2301 3021 2772 3085 ἐπιϐουλεύοντας.
2805 3021 2903 3075 καὶ¹
2945 3022 3026 3084 είς
3071 3018 3165 3073 τὸν
3208 3017 3518 3072 ἀνθύπατον
3569 3015 3739 3069 Βασί-

470 3106 528 3187 in
568 3122 824 3181 Basilium
858 3116 1270 3192 proconsulem;
1309 3114 1364 3168 in
1412 3109 1663 3167 eumdem
1696 3121 1949 3173 rursum;
1992 3107 2042 3156 in

2157 3119 2318 3183 λειον,
2344 3119 2440 3171 καὶ
2463 3115 2626 3171 πάλιν
2655 3116 2736 3178 είς
2784 3113 2876 3167 τὸν
2900 3112 3063 3167 αὐτὸν
3099 3110 3405 3165 Βασίλειον.
3463 3109 3562 3171 Et;
3610 3106 3739 3177 Ἐρ-

472 3221 866 3288 Hermogenem
922 3211 1147 3282 pariter,
1183 3209 1276 3278 qui
1337 3204 1559 3261 Graecia:
1608 3198 2044 3272 proconsulatum

473 3312 730 3385 gerebat;
754 3308 807 3361 in
836 3305 1144 3360 Plotianum
1178 3299 1363 3356 itidem
1384 3293 1800 3368 proconsulem;
1833 3293 2054 3343 iterum-

474 3383 580 3476 que
608 3404 661 3458 iu
688 3399 988 3470 Ampcllum
1007 3393 1120 3467 (14)
1147 3390 1559 3465 proconsulem;
1598 3387 1654 3441 in
1685 3383 1910 3441 Graecia:
1934 3395 2056 3449 pro-

475 3473 750 3554 consulem
779 3492 1192 3552 Prattextatum,
1225 3494 1390 3557 atque
1424 3482 1661 3539 sodales.
1691 3477 1830 3534 Hinc
1860 3476 1927 3531 ad
1959 3473 2053 3530 Ju-

477 3589 681 3643 lianum
738 3584 1122 3654 imperatorem
1155 3579 1455 3633 discessum
1489 3574 1783 3628 adornans.
1851 3568 2056 3623 Deinde

478 3677 810 3733 Nicomedia:
867 3673 1051 3729 habita
1108 3670 1283 3725 oratio
1328 3668 1557 3722 hortatu
1603 3664 1853 3736 prmtoris
1898 3659 2060 3716 Pom-

481 3768 682 3840 peiaui.
738 3764 859 3819 Mox
915 3764 970 3817 in
1028 3761 1301 3827 advenas;
1359 3770 1573 3812 rursum
1631 3756 1684 3809 in
1755 3753 2054 3817 advenam;

485 3837 759 3915 deindein
786 3853 1061 3908 Zenonem
1106 3850 1421 3913 sociutn;et
1480 3846 1535 3898 in
1564 3841 1907 3913 Aphobinuut
1965 3837 2056 3893 ad-

481 3962 715 4010 venam;
754 3944 808 3999 in
838 3954 962 3997 eum
998 3940 1092 4011 qui
1121 3952 1151 3993 a
1181 3936 1414 4007 Neptuni
1451 3934 1674 3989 oraculo
1724 3939 2058 3994 reverterat;

468 4017 541 4089 lin
570 4047 665 4089 eos
697 4031 905 4102 pariter
964 4028 1056 4097 qui
1086 4041 1151 4081 ex
1184 4024 1333 4080 lonia
1366 4021 1871 4087 adventassent;.in
1905 4016 2060 4073 Ionas

487 4125 750 4196 hospites.
793 4121 875 4176 Ex
904 4131 1149 4189 tempore
1180 4132 1394 4187 quoque
1444 4115 1498 4169 in
1540 4113 1813 4170 sociorum
1847 4111 2058 4163 laudem

484 4218 794 4274 recitatum.
827 4212 1038 4277 Oratio,
1060 4225 1225 4282 quam
1261 4208 1441 4263 amico
1458 4203 2061 4273 Constantinopolitano

488 4310 729 4368 tradidit.
777 4305 969 4361 Sermo
1007 4316 1224 4374 quoque
1257 4299 1405 4355 inter
1427 4297 1634 4352 amicos
1677 4305 1799 4364 post
1830 4294 2059 4350 reditum

484 4420 523 4461 e
549 4402 745 4474 patria.
772 4399 848 4454 De
876 4412 976 4452 suo
1007 4393 1234 4451 docendi
1269 4403 1495 4445 munere
1524 4386 1912 4457 extemporalis
1951 4386 2063 4439 dis-

2160 3209 2394 3281 μογένην
2447 3225 2508 3262 τε
2534 3207 2627 3261 τὸν
2678 3207 2778 3277 τῆς
2818 3204 3069 3269 Ἑλλάδος
3129 3202 3460 3267 ἀνθύπατον,
3511 3199 3610 3255 καὶ
3658 3200 3742 3264 είς

2159 3299 2453 3354 Πλοκιανδν
2478 3298 2569 3353 τὸν
2608 3298 2941 3353 ἀνθύπατον.
2985 3294 3154 3349 Πάλιν
3191 3295 3273 3358 είς
3315 3290 3616 3361 Ἀμπέλιον
3648 3290 3745 3344 τὸν

2157 3391 2486 3451 ἀνθύπατον,
2531 3388 2627 3442 καὶ
2690 3388 2769 3452 είς
2831 3387 2922 3439 τὸν
2978 3383 3290 3441 ἀνθύπατον
3347 3381 3448 3450 τῆς
3488 3378 3747 3441 Ἑλλάδος

2159 3480 2286 3555 [184
2318 3479 2412 3553 Η.]
2438 3479 2877 3551 Πραιτεκστάτον
2912 3474 3005 3530 καὶ
3056 3474 3182 3539 τοὺς
3214 3472 3465 3543 ἑταίρους
3496 3471 3567 3525 η.
3604 3465 3745 3523 Εἶτα

2158 3576 2294 3644 πρὸς
2323 3576 2414 3629 τὸν
2450 3572 2673 3643 βασιλέα
2719 3570 3006 3625 Ίουλιανδν
3029 3567 3288 3639 ἀπαίρειν
3315 3565 3550 3637 μέλλων.
3611 3559 3749 3616 Εἶτα

2159 3670 2216 3721 ἐν
2238 3664 2601 3738 Νικομηδεία,
2629 3663 2972 3736 προτραπεὶς
3008 3662 3114 3715 ύπδ
3136 3660 3230 3714 τοῦ
3267 3661 3449 3713 ἐκεῖσε
3477 3656 3750 3727 ἄρχοντος

2160 3756 2541 3830 Πομπηῖανοῦ.
2577 3756 2714 3811 Μεθ’
2751 3756 2812 3810 δν
2833 3757 2861 3811 ὁ
2882 3757 2961 3820 είς
2990 3746 3275 3826 νεήλυδας.
3304 3749 3438 3806 Εἶτα
3486 3752 3571 3815 είς
3617 3750 3751 3818 ven-

2158 3854 2278 3905 λυν.
2319 3851 2445 3904 Ἐπὶ
2471 3849 2685 3915 τούτοις
2713 3848 2741 3903 δ
2760 3850 2840 3912 είς
2874 3849 3098 3918 Ζήνωνα
3122 3846 3215 3901 τὸν
3238 3847 3475 3915 ἑταῖρον,
3502 3843 3603 3898 καὶ
3627 3841 3753 3912 μετ’

2160 3942 2323 3998 αὐτὸν
2348 3944 2394 3977 ⁸⁵
2425 3941 2801 4012 είςἈφοϐῖνον
2824 3940 3043 4011 νέηλυν,
3063 3939 3161 3993 xal.
3203 3938 3283 4002 είς
3300 3937 3393 3991 τὸν
3414 3937 3480 3990 ἐκ
3504 3934 3603 3989 τοῦ
3614 3951 3754 4005 χρη-

2163 4036 2301 4106 σμοῦ
2318 4035 2412 4089 τοῦ
2428 4035 2755 4099 Ποσειδῶνος
2774 4034 3128 4104 φοιτήσαντα,
3154 4028 3235 4093 είς
3255 4046 3315 4082 τε
3336 4029 3465 4091 τοὺς
3479 4027 3591 4081 ἀπὸ
3607 4028 3755 4079 Ἰων-

2165 4126 2246 4191 ίας
2259 4126 2718 4198 ἐπιδημήσαντας,
2739 4125 2833 4177 καὶ
2862 4125 2940 4186 είς
2964 4123 3091 4186 τοὺς
3110 4121 3303 4181 Ἴωνας
3336 4118 3522 4183 ξένους
3539 4118 3607 4171 ⁸⁸.
3637 4114 3755 4169 Καὶ

2164 4221 2245 4283 είς
2273 4220 2399 4283 τοὺς
2450 4217 2697 4288 ἑταίρους
2725 4217 2932 4287 σχέδιον
2979 4213 3166 4285 ῥηθέν.
3204 4210 3318 4265 Καὶ
3350 4211 3419 4283 ἢν
3481 4209 3755 4276 ἐξέδωκεν

2162 4311 2367 4381 ἑταίρῳ
2394 4305 3021 4376 Κωνσταντινουπολίτῃ.
3046 4302 3291 4368 Διάλεξίς
3305 4319 3365 4355 τε
3390 4302 3446 4354 ὲν
3461 4304 3579 4355 τοῖς
3602 4299 3756 4352 ἑταί-

2167 4417 2283 4469 ροις
2317 4399 2456 4469 μετὰ
2506 4396 2602 4467 τὴν
2633 4396 2743 4451 ἀπὸ
2789 4395 2889 4467 τῆς
2923 4392 3185 4465 πατρίδος
3230 4389 3519 4455 ὲπάνοδον,
3549 4390 3644 4443 καὶ
3666 4390 3756 4452 είς

489 4497 717 4566 Ρυίθῑίοο
748 4490 1065 4564 οιιὶιιτιςειίο
1098 4500 1288 4559 “rum
1333 4483 1426 4553 (1ιεί
1471 4481 1810 4552 ιιθειίεεηιθτ
1859 4478 2062 4534 οηῑίθ·
2095 4485 2139 4540 ι)
2166 4492 2265 4563 τὴν
2298 4488 2465 4545 αὐτοῦ
2500 4488 2785 4560 διατριϐὴν
2837 4486 2898 4552 ἐξ
2948 4483 3300 4556 αὐτοσχεδίου
3347 4481 3609 4549 διάλεξις.
3636 4479 3758 4533 Καὶ

484 4602 583 4643 nes
600 4586 886 4642 ’audirent.
939 4580 1236 4638 Schedium
1293 4578 1350 4632 in
1386 4576 1647 4645 quosdam
1681 4573 1748 4628 ad
1781 4587 1842 4628 se
1895 4571 2071 4626 venti-

491 4681 670 4736 lantes
726 4675 1040 4747 discipulos,
1074 4676 1168 4741 qui
1223 4683 1481 4741 respuere
1514 4667 1698 4723 frenos
1728 4665 2070 4721 videbantur.

2170 4584 2462 4656 ἐπίπληξις
2522 4587 2633 4650 τοῖς
2677 4583 2947 4657 ῥᾳθύμως
2999 4580 3373 4653 ἀκροωμένοις
3397 4577 3509 4633 τῶν
3553 4577 3759 4645 λόγων,

2172 4678 2265 4731 καὶ
2292 4677 2500 4748 σχέδιον
2525 4676 2606 4740 εἴς
2630 4693 2784 4741 τινας
2837 4675 2946 4728 τῶν
2971 4673 3282 4743 φοιτώντων
3307 4666 3571 4736 δόξαντας
3607 4669 3760 4738 ἀφη-

486 4772 545 4826 ¹¹¹
580 4770 871 4842 Cythnum
910 4781 1034 4822 cm“
1079 4766 1263 4827 δοάίδο
1295 4762 1386 4832 ειυί
1440 4775 1564 4815 cum
1599 4757 1898 4829 Ρθίυιδηιίε
1945 4770 2072 4811 eum
2171 4765 2398 4832 νιάζειν,
2430 4767 2527 4821 καὶ
2559 4768 2640 4830 εἰς
2669 4768 2797 4829 τοὺς
2825 4765 2955 4838 περὶ
2980 4763 3248 4819 Κυτιανδν
3289 4761 3545 4824 ἀτάκτως
3583 4757 3763 4813 ἀκού-

489 4863 796 4927 audierant,
832 4861 960 4914 dum
987 4857 1271 4915 schedium
1295 4870 1454 4912 suum
1491 4855 1770 4909 recitaret.
1797 4850 2071 4906 Adhorta-

2177 4876 2403 4924 σαντας,
2434 4861 2522 4913 ὅτε
2553 4860 2615 4912 τὺ
2648 4859 2857 4929 σχέδιον
2886 4853 3029 4911 εἷπε.
3063 4856 3176 4911 Καὶ
3204 4853 3491 4925 προτροπὴ
3529 4850 3667 4923 πρὸς
3698 4849 3767 4901 τὺ
3874 4906 3887 4923 ι

1769 5010 2008 5066 νΑιιιιλΕ
2055 5012 2458 5070 LECTIONES.

563 5138 612 5173 "
640 5134 1038 5208 προτρεπτικὸς
1070 5151 1132 5208 ςο
1237 5133 1283 5208 "_'
1312 5133 1527 5208 ἑταῖρεῖ
1556 5147 1616 5208 ς·

491 5212 538 5245 ⁷⁸
562 5209 657 5263 τὸν
681 5200 806 5262 ante
848 5204 1127 5260 Ἰουλιανδν
1159 5204 1310 5273 ponit
1339 5203 1401 5255 Α.
1440 5200 1447 5201 ί
1478 5201 1523 5231 ⁷⁵
1552 5200 1773 5269 ἐτέρους
1801 5214 1864 5261 ς.

1724 5127 1772 5159 ⁷⁸
1797 5127 2211 5200 Κωνσταντίνου
2249 5131 2292 5200 A_
2346 5148 2359 5182 :
2406 5127 2474 5200 τῇ
2531 5146 2593 5193 ς.

1969 5197 2017 5227 ⁸ο
2043 5199 2184 5267 μετά
2208 5198 2396 5252 τοῦτον
2422 5197 2485 5263 ξ.

2695 5128 2740 5159 ⁷⁷
2767 5127 2919 5180 πόλιν
2961 5125 3001 5178 Α
3042 5118 3664 5179 εΚωνσταντινούπολιν
3704 5132 3773 5179 ς’.

2558 5198 2603 5228 ⁸¹
2639 5196 2825 5261 ξένους
2857 5197 3054 5259 Ἴωνας
3085 5212 3149 5259 ς.

2008 5310 2244 5368 NOTAE.

567 5418 646 5486 (9)
677 5414 924 5486 llaec_illa
976 5410 1201 5486 forsitan
1226 5417 1345 5486 est,
1368 5421 1487 5486 qua;
1514 5405 1657 5486 inter
1694 5413 1973 5486 excerpta,
2004 5403 2067 5457 In

495 5474 752 5544 adnabam
780 5483 1095 5554 JEgyptium
1124 5477 1441 5554 inscribitur
1469 5476 1728 5554 illLI-C‘Oti.
1762 5474 1888 5528 245.

570 5557 684 5627 (ιθ)
719 5555 803 5610 Ea:
849 5544 1080 5627 tempore
1119 5550 1316 5601 diuum
1352 5546 1528 5600 reddit
1577 5544 1826 5599 Glossar.
1869 5554 2024 5599 vetns
2048 5553 2077 5609 ',

499 5624 601 5683 inf.
634 5624 1001 5695 αὐτοσχέδιον
1015 5627 1195 5695 vocat.

573 5691 954 5767 (7H)_De"qno_
972 5691 1169 5744 Suidas
1188 5727 1204 5743 .

572 5751 693 5839 (121
710 5751 889 5829 λαλιά,
923 5763 990 5816 de
1036 5775 1136 5829 qua
1179 5756 1344 5813 multa
1386 5755 1533 5823 legas
1563 5753 1702 5824 apud
1732 5751 2083 5806 Menantlruttt

2170 5406 2393 5475 SOphist
2439 5406 2493 5459 in
2536 5403 2871 5475 Epidicticis.

2248 5461 2361 5548 (15)
2404 5461 2602 5548 Quem:
2642 5474 2824 5529 Persae
2850 5542 2862 5548 _
2904 5472 3072 5548 solem
3131 5477 3342 5540 putant.
3407 5466 3546 5548 Loge
3573 5461 3779 5548 Suid.,

2178 5536 2450 5629 Brisson.w
2455 5556 2509 5601 et
2535 5545 2670 5601 alios
2707 5562 2722 5600 :
2775 5542 2865 5615 qui
2908 5544 3047 5597 hanc
3096 5536 3282 5595 vocem
3317 5552 3414 5606 per
3464 5536 3591 5590 ίῶτα
3651 5536 3781 5588 fere

2184 5625 2542 5683 scripserunt.

2260 5675 2373 5759 (ιι)
2408 5686 2779 5755 Propemptica
2813 5686 2880 5739 ad
2937 5681 3242 5751 Atnpeliutu
3274 5675 3369 5733 in‘f.
