3932 6240
293 316 390 380 ί65

1321 321 1848 383 BIBLIOTHECA.
1888 345 1956 356 -
1995 321 2158 382 COD.
2191 323 2436 385 CLXVI-

3447 325 3553 389 466

299 436 492 504 κρῆναι
515 431 619 502 τὴν
645 433 706 484 ὲν
735 435 850 495 τοῖς
877 433 922 464 θ’
950 432 1132 501 λόγοις
1184 434 1462 487 ποικιλίαν
1508 433 1875 498 ἀσπάζεσθαι.

2002 434 2305 505 .io-quoqae
2336 436 2403 488 ad
2435 449 2613 490 rerum
2643 434 2960 488 varietatem
2991 434 3045 488 in
3075 433 3306 489 dicendo
3336 443 3554 490 sectan-

304 525 457 595 Ka‘t'i}
489 522 637 594 μετὰ
657 522 758 591 τὴν
786 522 878 576 τοῦ
930 523 1248 595 τραύματος
1295 525 1592 596 θεραπείαν
1616 525 1874 591 διάλεξις.

307 613 436 670 Εἶτα
470 617 500 669 ὁ
533 615 675 685 μετὰ
702 615 802 683 τὴν
837 615 948 669 ἀπὺ
977 616 1249 686 Κορίνθου
1305 618 1586 684 ἐπάνοδον,
1611 621 1690 683 εἷς
1731 637 1791 672 τε
1819 620 1880 673 τὸ

306 708 568 778 γραφεῖον
596 705 694 758 καὶ
726 707 851 771 τοὺς
885 707 1156 777 ἑταίρους,
1213 708 1310 762 καὶ
1346 711 1424 772 είς
1452 709 1554 781 τὴν
1605 711 1880 766 Λακεδαι-

309 801 508 871 μονίων
559 799 739 866 πόλιν,
791 800 881 854 ὅτε
911 799 1154 872 ὀνείρατι
1205 801 1529 872 πειθόμενος
1567 805 1647 874 τῷ
1712 806 1880 876 Ἀμυ-

307 891 480 962 κλαίῳ
505 891 615 963 θεῷ
626 891 915 962 ’ἐφοίτησεν
939 891 1218 957 εὔξασθαι.
1237 895 1348 948 Καὶ
1367 895 1447 948 ὅτι
1470 897 1531 948 ού
1551 896 1634 950 δεῖ
1661 897 1881 962 πάντως

301 983 540 1054 δημοσίᾳ
585 984 685 1047 τὰς
703 985 999 1055 ἀκροάσεις
1021 987 1409 1056 ἀπαγγέλλειν.
1444 990 1556 1042 Καὶ
1581 989 1739 1044 λαλιὰ
1797 991 1880 1044 ὃτι

305 1076 387 1127 δεῖ
405 1077 466 1128 ὲν
483 1077 808 1145 γυμνασίοις
839 1073 1002 1133 εἶναι.
1031 1081 1143 1133 Καὶ
1181 1079 1340 1133 λαλιὰ
1361 1081 1420 1133 ὲν
1449 1081 1699 1153 Κορίνθῳ
1721 1082 1877 1136 ἐκδε-

305 1167 533 1237 suam.

378 1259 618 1322 Τούτους
645 1255 802 1328 οἶμαι
836 1261 960 1323 τοὺς
985 1259 1179 1329 λόγους
1209 1263 1402 1332 μόνους
1433 1263 1484 1295 ⁸³
1504 1263 1597 1316 τοῦ
1627 1265 1882 1333 σοφιστοῦ

319 1347 581 1418 ⁸1μερίου,
628 1351 755 1420 περί
786 1368 887 1406 που
920 1351 961 1404 o'
995 1353 1179 1417 ὄντας,
1221 1354 1363 1407 κατὰ
1390 1359 1680 1425 πρόσωπον
1728 1356 1887 1427 ἡμῶν

307 1444 408 1511 τὴν
438 1445 536 1512 σὴν
567 1445 886 1513 φιλοπονίαν
930 1446 1331 1513 ἀνεγνωκέναι.
1373 1449 1462 1502 Ἐν
1489 1444 1576 1513 οἷς
1599 1451 1717 1504 ἐστὶ
1747 1452 1884 1505 πᾶσι

306 1538 402 1588 τὸν
437 1539 537 1606 μὲν
587 1539 689 1608 τῆς
715 1539 914 1604 λέξεως
939 1540 1109 1594 τύπον
1138 1543 1234 1595 καὶ
1266 1543 1327 1596 τὸ
1371 1544 1504 1597 αὐτὸ
1537 1545 1724 1616 σχῆμα
1783 1564 1886 1616 φυ-

307 1625 542 1688 λάττων,
576 1632 641 1700 τῇ
675 1647 734 1682 τε
767 1631 1026 1704 περιϐολῇ
1060 1633 1155 1686 καὶ
1178 1637 1244 1704 τῇ
1292 1637 1466 1705 τροπῇ
1491 1635 1796 1706 χρώμενος,
1840 1639 1889 1690 εί

1983 525 2133 579 dam.
2157 525 2481 580 Dissertatio
2510 536 2629 593 post
2658 527 2898 580 vulneris
2921 525 3205 580 medelam.
3227 525 3358 580 Dein
3375 528 3554 580 oratio

1981 627 2104 688 post
2145 620 2372 672 reditum
2429 618 2708 672 Corintho.
2769 616 2826 672 In
2864 617 3078 689 Stylum
3133 634 3197 674 ac
3246 620 3442 673 socios.
3500 618 3553 671 In

1982 713 2168 766 urbem
2186 712 2741 778 Lacedaemoniorum,
2761 714 2976 781 quando
2997 714 3210 767 somnio
3229 713 3554 780 obsequens,

1982 803 2295 857 Ainiclaaum
2333 803 2445 874 (15)
2500 805 2660 858 deum
2693 813 3014 871 precaturus
3045 787 3281 859 accessit
3313 825 3326 859 :
3357 815 3413 859 et
3449 820 3555 857 non

1983 900 2235 961 oportere
2265 893 2630 961 ;recitationes
2678 909 2867 951 omnes
2909 895 3126 964 publice
3179 896 3554 964 pronuntiare.

1987 985 2405 1052 Sermocinatio,
2435 996 2686 1056 oportere
2711 988 2766 1042 in
2806 989 3086 1058 gymnasio
3125 988 3352 1043 versari.
3375 989 3556 1042 Altera

1984 1077 2231 1132 Corinthi
2259 1078 2425 1132 edita.

2057 1262 2188 1327 Has,
2245 1272 2392 1330 puto,
2458 1278 2556 1316 nec
2608 1263 2788 1332 plures
2839 1264 3117 1322 orationes
3188 1265 3411 1320 llimerii
3471 1281 3562 1320 so-

1989 1354 2182 1423 phistae
2251 1352 2365 1408 fere
2415 1356 2751 1423 septuaginta
2796 1354 2953 1423 (l6),
2983 1370 3068 1409 me
3108 1366 3398 1424 praesente,
3452 1368 3564 1409 stu.

1989 1445 2140 1499 diose
2186 1443 2362 1514 legisti
2410 1443 2545 1514 (i7).
2585 1444 2638 1498 in
2689 1445 2897 1512 quibus
2947 1445 3199 1500 omnibus
3244 1446 3432 1499 eadem
3481 1447 3564 1499 di-

1989 1537 2184 1590 ctionis
2245 1533 2443 1600 forma,
2476 1535 2771 1602 eademque
2825 1534 2994 1602 figura
3038 1543 3282 1598 servata;
3331 1536 3567 1591 circum-

1991 1630 2294 1682 ductionem
2359 1630 2430 1682 ita
2492 1641 2556 1681 ac
2606 1634 2816 1696 tropum
2875 1628 3132 1692 adhibet,
3205 1628 3418 1681 taedium
3507 1639 3565 1681 ut

306 1719 408 1770 καὶ
433 1720 529 1771 τὸν
559 1721 721 1790 κόρον
749 1721 850 1774 οὐκ
869 1721 1057 1776 ἔτεκεν
1088 1726 1120 1795 ἡ
1153 1727 1270 1794 μετ’
1299 1726 1526 1796 εὐφυΐας
1576 1728 1770 1797 χρῆσις
1792 1729 1888 1781 καὶ

2002 1721 2194 1775 nullum
2231 1721 2407 1789 pariat
2455 1721 2764 1790 ingeniosus
2812 1729 2868 1774 et
2918 1721 3073 1790 quasi
3131 1719 3411 1780 faniiliaris
3447 1725 3566 1774 red-

303 1811 592 1874 οἰκείωσις
622 1787 722 1882 τῆς
750 1815 988 1885 τροπῆς*
1019 1787 1120 1870 καὶ.
1141 1787 1282 1872 κατά
1329 1787 1394 1887 γε
1791 1819 1886 1893 R.]

2002 1812 2137 1866 ditus
2192 1820 2467 1880 troporum
2515 1827 2662 1866 usus.
2731 1813 2840 1864 lmu
2891 1826 3054 1865 nemo
3113 1810 3395 1874 hactenus,
3448 1825 3566 1863 mea

304 1901 520 1972 εἴδησιν
542 1905 720 1969 οὐδεὶς
753 1906 926 1970 οὕτως
956 1907 1003 1940 ⁸⁸
1032 1903 1230 1978 (οἶμαι)
1255 1910 1598 1980 χρησάμενος
1618 1915 1684 1981 τῇ
1708 1916 1888 1985 τροπῇ

303 1995 498 2060 καλῶς
540 1997 685 2051 οὕτω
719 1999 811 2052 καὶ
836 2001 1008 2071 ἡδέως
1039 2002 1339 2072 ἀπήλλαξε.
1389 2005 1806 2077 Παραδείγμασι
1830 2009 1889 2063 δὲ

302 2088 367 2152 ἐξ
404 2088 649 2158 ἱστορίας
673 2107 733 2143 τε
754 2093 846 2144 καὶ
864 2093 928 2144 ὲκ
960 2091 1147 2161 μύθων
1186 2095 1543 2149 παντοδαπῶν
1587 2099 1762 2167 μεστὰ
1785 2100 1887 2152 αύ-

302 2179 405 2233 τοῦ
437 2181 698 2251 τυγχάνει
735 2183 802 2236 τὰ
831 2185 1208 2257 γράμματα,ῆ
1229 2187 1367 2258 πρὸς
1389 2189 1668 2254 ἀπόδειξιν
1700 2190 1894 2261 ἢπρὸς

302 2269 611 2341 ὁμοιότητα
647 2271 836 2343 ἢπρὸς
865 2274 1058 2346 ἡδονὴν
1086 2277 1182 2330 καὶ
1221 2277 1421 2342 κάλλος
1452 2271 1528 2332 ὧν
1571 2278 1742 2349 λέγει,
1774 2281 1894 2334 τού-

303 2377 427 2424 τοις
457 2362 784 2416 ἀπευθύνων
810 2365 903 2419 τὸν
957 2365 1114 2435 λόγον
1165 2367 1262 2422 καὶ⁸
1291 2370 1723 2440 ποικιλλόμενος.
1781 2373 1895 2427 Καὶ

305 2452 381 2507 τὰ
397 2455 668 2526 προοίμια
694 2457 747 2509 δὲ
769 2459 865 2512 καὶ
889 2459 940 2511 οἱ
973 2460 1237 2529 ἐπίλογοι,
1267 2460 1383 2514 ἔστι
1411 2462 1467 2515 δὲ
1496 2458 1558 2518 οὗ
1579 2465 1675 2517 καὶ
1701 2467 1751 2517 οἱ
1779 2460 1894 2519 οἷον

308 2546 529 2612 ἀγῶνες
551 2547 663 2601 ἀπὸ
695 2549 901 2603 τούτων
943 2552 1094 2622 αὐτῷ
1123 2553 1595 2618 διασκευάζονται.
1629 2555 1805 2630 Πολλῇ
1837 2559 1895 2619 δὲ

311 2637 586 2707 κέχρηται
637 2640 734 2692 καὶ
782 2644 848 2711 τῇ
871 2641 1330 2711 προδιατυπώσει.
1375 2644 1534 2698 Ἀλλὰ
1563 2646 1800 2712 τοιοῦτος
1817 2647 1894 2702 ὢν

307 2729 372 2782 ὲν
395 2733 506 2792 τοῖς
530 2730 712 2798 λόγοις
741 2732 942 2804 ἀσεϐὴς
971 2733 1066 2805 (ὡς
1094 2734 1274 2806 δῆλον)
1294 2736 1412 2790 ἐστὶ
1440 2738 1541 2806 τὴν
1573 2737 1893 2808 θρησκείαν,

309 2822 363 2873 εί
391 2823 486 2874 καὶ
505 2822 634 2886 τοὺς
657 2822 949 2894 λαθραίους
971 2828 1220 2895 μιμεῖται
1251 2829 1360 2881 τῶν
1393 2829 1572 2882 κυνῶν
1595 2830 1720 2884 καθ’
1737 2831 1895 2900 ἡμῶν

311 2913 589 2968 ὑλακτῶν.
628 2915 884 2985 Ἦκμασε
911 2918 970 2970 δὲ
1001 2919 1094 2972 ἐπὶ
1120 2921 1498 2976 Κωνσταντίου
1530 2924 1746 2979 καὶτοῦ
1775 2929 1900 2980 δυσ-

315 3005 650 3060 σεϐεπάτου
694 3008 1009 3073 Ἰουλιανοῦ,
1059 3011 1152 3064 καὶ
1192 3012 1285 3066 τοῦ
1328 3017 1386 3068 ἐν
1433 3015 1690 3090 Ἀθήνῃσι
1752 3020 1896 3075 κατὰ

313 3099 612 3167 ῥητορείαν
639 3099 884 3171 προῦστη
909 3101 1300 3160 διδασκαλείου.

1027 3374 1213 3442 Pas".

324 3453 644 3512 Ἀντωνιου
677 3460 991 3540 Διογένους
1021 3463 1142 3540 τῷν
1167 3467 1317 3540 ὑπὲρ
1343 3471 1582 3540 Θούλην
1613 3472 1900 3529 Ἁπίστων

871 3534 1042 3602 λόγοι
1073 3533 1122 3587 δ’
1152 3537 1248 3590 καὶ
1278 3533 1353 3593 κ’.

387 3619 843 3692 ’,ὶνεγνώσθησαν
912 3625 1197 3682 Ἀντωνίου
1255 3631 1539 3699 Διογένους
1588 3633 1710 3687 Τῶν
1746 3636 1899 3706 ὑπὲρ

317 3714 571 3779 Θούλην
599 3715 903 3770 Ἀπιστων
933 3719 1104 3787 λόγοι
1134 3719 1222 3775 κδ’
1230 3763 1242 3776 .
1272 3724 1620 3794 Δραματικὺν
1649 3729 1696 3779 οἱ
1729 3729 1900 3798 λόγοι,

313 3806 497 3877 σαφὴς
519 3809 554 3878 ή
586 3808 808 3880 φράσις,
861 3812 956 3865 καὶ
1000 3813 1143 3867 οὕτω
1207 3817 1422 3888 καθαρὰ
1449 3818 1526 3882 ὡς
1564 3821 1652 3872 ἐπ’
1681 3822 1903 3878 ἔλαττον

313 3899 631 3970 εὐκρινείας
658 3902 886 3970 δεῖσθαι,
917 3907 1012 3960 καὶ
1031 3907 1154 3960 τότε
1185 3909 1328 3962 κατὰ
1355 3910 1452 3974 τὰς
1485 3914 1761 3984 ἐκτροπὰς
1789 3917 1900 3970 τῶν

314 3991 700 4063 διηγημάτων.
757 3996 889 4060 Ταῖς
914 3997 970 4050 δὲ
989 3999 1036 4030 ⁸⁸
1069 3999 1328 4062 διανοίαις
1359 4003 1610 4060 πλεῖστον
1673 4007 1900 4077 ἔχειτοῦ

319 4084 494 4178 ἡδέος,
530 4085 630 4141 ἅτε
666 4087 853 4157 μύθων
879 4091 1043 4161 ἐγγὺς
1077 4095 1169 4147 καὶ
1195 4095 1440 4150 ἀπίστων
1469 4099 1527 4151 ὲν
1557 4099 1902 4178 πιθανωτάτῃ

321 4177 518 4231 πλάσει
571 4181 668 4234 καὶ
689 4181 950 4256 διασκευῇ
978 4185 1105 4256 ὅλην
1142 4187 1306 4258 ἑαυτῇ
1339 4189 1693 4262 διηγημάτων
1728 4177 1906 4248 ποιου-

328 4270 483 4338 μένη-

397 4364 696 4433 Είσάγεται
745 4369 926 4422 τοίνυν
978 4371 1151 4442 ὄνομα
1198 4375 1409 4438 Δεινίας
1466 4378 1606 4431 κατὰ
1675 4380 1903 4451 ζήτησιν

1993 1904 2208 1972 quidem
2269 1903 2563 1967 sententia,
2622 1912 2714 1956 aut
2771 1901 3064 1965 venustius,
3129 1911 3224 1954 aut
3272 1901 3568 1969 jucundius

1995 1995 2166 2065 tr0pis
2207 2011 2337 2051 usus
2367 2004 2477 2051 est.
2511 1995 2786 2062 Exemplis
2809 2009 2972 2063 porro
3007 2009 3076 2049 ex
3105 1994 3354 2058 historia,
3412 1994 3569 2048 fabu-

1994 2089 2167 2158 lisque
2189 2089 2491 2159 omnigenis
2524 2087 2724 2155 scripta
2751 2088 2868 2154 ejus
2910 2086 3108 2143 referta
3165 2097 3310 2151 sunt,
3363 2088 3445 2142 vel
3501 2089 3568 2142 ad

1993 2183 2532 2245 demonstrationem,
2575 2181 2654 2235 vel
2704 2181 3144 2246 similitudinem,
3199 2181 3283 2235 vel
3323 2179 3571 2248 voluptao

1995 2285 2122 2335 tem,
2174 2284 2230 2329 et
2273 2273 2722 2343 pulchritudinem
2752 2274 2852 2336 rei,
2881 2273 2948 2328 de
2972 2287 3076 2341 qna
3123 2273 3341 2340 agitur:
3376 2273 3568 2340 quibus

1994 2366 2292 2421 orationem
2344 2381 2497 2420 suam
2549 2374 2604 2418 et
2633 2367 3054 2420 emendatiorem
3115 2365 3298 2431 eﬂicit,
3333 2374 3388 2420 et
3426 2367 3572 2418 varie

1995 2467 2244 2511 exornat.
2289 2456 2428 2524 Quin
2476 2465 2529 2512 et
2585 2459 2806 2512 exordia
2865 2458 3139 2512 interdqu
3201 2459 3344 2526 ipsa,
3407 2468 3571 2526 atque

1995 2549 2210 2618 epilogi,
2234 2557 2289 2603 et
2317 2563 2435 2618 quae
2464 2549 2616 2618 quasi
2649 2549 3023 2604 contentiones
3052 2547 3165 2618 (18)
3201 2549 3462 2618 (vocant,)
3486 2548 3572 2602 his

1996 2641 2064 2695 ab
2111 2656 2177 2694 eo
2219 2641 2379 2696 rebus
2430 2650 2762 2695 exornantur
2813 2656 2827 2692 :
2878 2655 2983 2695 non
3046 2655 3170 2694 raro
3222 2641 3447 2707 insuper
3507 2639 3573 2692 iis

1998 2742 2154 2786 antea
2195 2732 2477 2786 delineatis
2525 2749 2659 2806 quin
2691 2744 2810 2801 post
2855 2743 3186 2788 tractaturus
3215 2742 3317 2788 est.
3373 2733 3570 2788 Verum

2000 2825 2052 2878 in
2108 2824 2338 2878 dicendo
2419 2824 2540 2879 talis
2603 2831 2892 2894 tantusque
2956 2841 3076 2880 cum
3135 2837 3279 2880 esset
3333 2824 3587 2894 109a.”

1999 2917 2162 2986 impie
2201 2927 2377 2974 tamen
2411 2919 2477 2972 de
2508 2918 2769 2988 religione
2798 2919 3034 2974 sensisse
3073 2921 3416 2989 perspicuum
3466 2932 3572 2986 est,

2010 3011 2354 3077 Iatenterque
2387 3012 2698 3065 mordentes
2757 3011 2999 3067 imitatus
3060 3028 3246 3074 canes,
3304 3010 3574 3065 Christia-

1926 3089 2102 3183 c'nos
2151 3103 2436 3158 allatravit.
2489 3103 2631 3157 Vixit
2677 3103 2998 3160 Constantio
3054 3114 3111 3160 et
3141 3105 3459 3174 impiissimo
3480 3104 3577 3158 Ju-

2002 3195 2147 3250 liano
2174 3194 2610 3263 imperatoribus,
2655 3205 2816 3264 atque
2859 3196 3082 3250 Athenis
3103 3195 3422 3265 eloquentiae
3451 3195 3578 3249 Indo

2002 3287 2195 3344 doctor
2244 3284 2480 3356 prteFuiL

2663 3381 2889 3436 CLXVI.

2002 3475 2216 3530 Antonii
2285 3473 2536 3541 Diogenis
2594 3472 2990 3596 Ιῖιῖνειιὶόίιίιιηι
3054 3477 3120 3526 de
3179 3473 3342 3527 Thule
3397 3474 3598 3530 imula.

2640 3562 2653 3596 ι
2694 3561 2737 3596 r1
2769 3559 2891 3596 xxw
2913 3583 2926 3596 .

2640 3559 2737 3597 ton
2769 3559 2891 3597 XXIV
2913 3583 2926 3597 .

2077 3642 2223 3707 Lecti
2285 3651 2411 3698 sunt
2464 3639 2682 3695 Antonii
2744 3638 2999 3709 Diogenis
3057 3636 3458 3692 Incredibilium
3512 3639 3581 3691 de

2011 3735 2172 3790 Thule
2197 3735 2307 3805 (19)
2331 3732 2508 3788 insula
2546 3733 2669 3785 libri
2714 3741 2944 3800 quatuor
2987 3740 3035 3785 et
3081 3731 3293 3801 viginti.
3349 3727 3578 3784 Drama-

2007 3829 2095 3883 tici
2129 3836 2277 3890 sunt,
2306 3833 2362 3881 et
2394 3825 2561 3880 dietio
2590 3823 2703 3894 ipsa
2734 3823 2808 3878 ita
2837 3823 3006 3886 clara,
3056 3823 3128 3876 ita
3178 3838 3334 3892 pura,
3383 3831 3443 3875 ut
3479 3822 3579 3874 mi-

2004 3937 2104 3977 nus
2134 3930 2290 3989 egeat
2316 3919 2723 3988 perspicuitate.
2787 3917 2893 3972 Per
2932 3916 3304 3970 narrationum
3361 3929 3578 3984 quoque

2005 4014 2322 4069 diverticula
2382 4011 2744 4080 iucunditatis
2810 4009 3102 4080 plurimum
3169 4009 3345 4064 sensis
3403 4009 3576 4062 inest:

2003 4106 2222 4174 quando
2273 4116 2329 4160 et
2351 4106 2420 4161 ad
2466 4104 2677 4160 fabulas
2707 4102 2931 4174 pr0pius
2972 4099 3183 4156 accedit
3241 4101 3496 4162 elocutio,
3526 4109 3583 4153 et

2006 4198 2401 4254 incredihilimn
2437 4199 2810 4252 narrationum
2866 4195 3082 4256 silvam,
3116 4209 3236 4247 cum
3297 4191 3578 4249 verisimili

2006 4298 2187 4346 tamen
2249 4290 2468 4344 fictione
2525 4299 2690 4358 atque
2750 4296 3011 4357 apparatu
3063 4286 3166 4340 sibi
3239 4286 3580 4355 suppeditat.

2074 4382 2354 4437 lnducitur
2401 4381 2586 4450 itaque
2619 4379 2805 4434 Dinias
2833 4379 3052 4448 quidam
3081 4377 3320 4441 nomine,
3357 4387 3418 4429 ut
3467 4377 3585 4429 exi-

330 4455 569 4526 ἱστορίας
627 4457 746 4527 ἅμα
784 4460 862 4531 τῷ
897 4462 1046 4515 παιᾶ
1091 4466 1390 4540 Δημοχάρῃ
1451 4468 1578 4540 [185
1606 4469 1697 4542 Η.]
1763 4472 1893 4526 ἀπο-

2003 4476 2168 4542 gehat
2231 4472 2482 4535 historia,
2515 4486 2619 4525 una
2679 4473 2801 4524 cum
2852 4469 2959 4523 [ilio
3005 4467 3337 4521 Demochare
3405 4468 3580 4535 patria

331 4547 625 4618 πλανηθεὶς
649 4552 748 4619 τῆς
778 4553 1055 4624 πατρίδος,
1084 4558 1178 4610 καὶ
1201 4558 1295 4612 διὰ
1318 4559 1410 4612 τοῦ
1436 4560 1636 4615 Πόντου
1668 4563 1764 4616 καὶ
1791 4565 1902 4617 ἀπὸ

332 4637 427 4705 τῆς
454 4642 598 4694 κατά
623 4641 879 4697 Κασπίαν
903 4646 997 4698 καὶ
1039 4645 1330 4713 Ὑρκανίαν
1362 4649 1634 4721 θαλάσσης
1675 4653 1810 4724 πρὸς
1835 4654 1904 4707 τὰ

348 4729 563 4786 Ῥιπαῖα
617 4734 929 4806 καλούμενα
972 4739 1072 4809 ὅρη
1113 4743 1206 4793 καὶ
1239 4742 1333 4794 τοῦ
1368 4743 1628 4807 Τανάῖδος
1658 4747 1904 4816 ποταμοῦ

339 4824 427 4922 τὰς
450 4827 680 4890 ἐκϐολὰς
714 4830 1024 4900 ἀφιγμένοι,
1055 4827 1173 4885 εἶτα
1203 4834 1292 4922 διὰ
1323 4835 1384 4886 τὸ
1421 4836 1554 4889 πολὺ
1581 4836 1672 4890 τοῦ
1703 4837 1907 4908 ψύχους

341 4915 427 4966 ἐπὶ
464 4918 555 4971 τὸν
600 4919 865 4974 Σκυθικὸν
919 4915 1349 4995 ἐπιστραφέντες
1404 4926 1663 4993 ὠκεανὸν,
1721 4930 1814 4982 καὶ
1841 4928 1904 5000 δὴ

2001 4567 2280 4634 profugus,
2307 4566 2397 4633 qui
2421 4578 2517 4633 per
2543 4564 2796 4624 Pontum,
2823 4570 2878 4614 et
2903 4576 2932 4612 a
2957 4559 3154 4627 Caspio
3182 4567 3345 4628 atque
3374 4553 3576 4629 Hyrca‘

2005 4661 2094 4714 nio
2158 4657 2294 4712 mari
2352 4658 2420 4711 ad
2480 4655 2756 4724 Riphaeos,
2793 4665 2852 4707 ut
2908 4663 3193 4714 vocantur,
3243 4661 3477 4711 tuentes,
3528 4659 3585 4705 et

2005 4749 2202 4804 Tanais
2263 4747 2500 4802 [liliuinis
2554 4747 2694 4800 ostia
2749 4748 2980 4813 primum
3039 4743 3244 4798 delati:
3277 4742 3584 4811 ingentibus

2004 4840 2200 4894 deinde
2256 4839 2432 4893 adacti
2500 4837 2770 4906 rigorihus
2830 4836 2895 4889 ad
2946 4835 3262 4906 Scythicum
3330 4836 3582 4890 conversi

2013 4930 2306 4991 Oceanum,
2338 4939 2501 4998 atque
2527 4928 2656 4982 hinc
2685 4929 2750 4982 ad
2799 4925 3130 4984 Orientalem
3182 4927 3483 4993 tendentes,
3517 4929 3617 4984 ad.

1605 5062 1840 5120 VARIE
1877 5062 2282 5122 LECTIONES.

402 5147 446 5176 "
473 5151 587 5212 τοῖς
613 5150 735 5205 add.
771 5153 836 5207 A.
902 5153 949 5185 ⁸³
981 5154 1174 5225 μόνους
1202 5170 1312 5210 om.
1336 5155 1396 5210 C.
1472 5155 1520 5187 ⁸⁸
1548 5153 1728 5221 οῦπως
1769 5173 1828 5221 ς.
1903 5157 1948 5188 ⁸⁸
1973 5155 2031 5209 δὲ
2059 5157 2181 5212 add.
2207 5157 2274 5211 Α.

1843 5246 2077 5306 NOTAE.

412 5333 518 5399 (15)
549 5334 867 5410 Apollinem
889 5337 977 5410 qui
1011 5338 1249 5410 Amyclis
1282 5338 1568 5394 Laconicis
1599 5340 1902 5398 colebatur.

351 5399 469 5480 illam
508 5399 626 5470 quae
655 5399 942 5474 proverbio
971 5399 1317 5465 cvleb'rantur
1368 5410 1625 5480 Amyclae,
1676 5411 1729 5465 in
1759 5410 1915 5465 Latio

349 5471 566 5529 inerunt.

411 5545 518 5612 (l6)
547 5543 717 5598 Unam
749 5560 910 5612 supra
970 5550 1307 5619 septuaginta
1363 5551 1448 5605 hic
1495 5565 1742 5607 numero.
1818 5551 1916 5603 Ex-

348 5625 688 5688 cerptavero
719 5619 996 5688 duarum,
1045 5621 1145 5673 hoc
1180 5622 1297 5673 loco
1349 5623 1770 5688 praeteritarum,
1815 5623 1915 5676 inf.

349 5688 458 5762 riui.
486 5684 623 5762 “243,
650 5685 866 5752 colligo,
899 5703 965 5743 ex
1010 5684 1408 5761 Propemptico,
1455 5703 1508 5746 et
1549 5708 1614 5747 ex
1671 5692 1910 5748 oratione

349 5755 396 5806 iu
420 5755 721 5812 Anatolium
753 5771 904 5814 cons.

2084 5344 2197 5416 (1])
2236 5343 2524 5416 Isi-asiam
2569 5344 2788 5400 fratrem
2829 5345 3140 5416 alloquitur.

2087 5414 2198 5482 (18)
2233 5415 2402 5485 Vulgo
2428 5415 2876 5483 Con/irritationem

2088 5485 2200 5554 (l9)
2228 5487 2327 5540 Adi
2355 5487 2689 5555 geOgraphos
2715 5488 2780 5540 de
2815 5487 2912 5540 hac
2934 5487 3144 5542 veriora
3174 5495 3506 5552 narraturus,
3532 5499 3587 5541 rt

2018 5555 2070 5608 in
2126 5556 2312 5622 primis
2362 5555 2591 5621 Procop.
2661 5556 3001 5610 Gothicorum
3061 5573 3135 5620 tt;
3181 5555 3367 5610 Ortelii
3406 5555 3585 5610 Islan-

2019 5625 2255 5698 d_iamin
2295 5625 2552 5698 Theatra;
2584 5625 2857 5698 Prtrarch.
2893 5626 2982 5680 lib.
3024 5641 3110 5692 ιιι,
3169 5629 3327 5698 epist.
3369 5627 3591 5694 ηοω.

2021 5696 2282 5762 Canuleii,
2306 5696 2380 5752 De
2399 5698 2585 5752 insit/is
2618 5697 2800 5750 lirium
2846 5710 2891 5750 et
2929 5700 3087 5752 alios.
