3932 6240
427 326 529 390 467

1514 305 1780 370 PHOTII
1817 296 2319 364 PATRIARCILE
2345 298 2454 358 (ΣΡ.

3564 286 3674 351 ‘68

430 442 564 496 solis
590 434 817 492 orientis
849 441 1034 502 partes
1063 436 1347 494 venerunt;
1377 424 1521 480 unde
1576 421 1783 478 circulo
1832 419 1995 482 facto,

2108 414 2196 470 καὶ
2220 415 2300 477 εἰς
2324 412 2414 466 τὸν
2446 408 2581 483 ἑῷον
2615 404 2947 478 ἐμϐαλόντες
2969 401 3064 457 καὶ
3095 400 3231 473 πρὸς
3254 403 3376 463 ταῖς
3394 396 3490 452 τοῦ
3519 399 3673 471 ἡλίου

429 533 675 591 exterius
705 545 854 586 mare
882 528 1044 598 longo
1088 533 1352 592 tempore,
1406 519 1684 588 variisque
1718 512 2001 570 erroribus

432 627 777 682 circumiere.
845 624 1103 678 Errorum
1151 617 1282 673 socii
1330 614 1464 668 fiunt
1512 610 1828 671 Carmanes,
1886 603 2002 658 Me-

432 719 614 772 niscus
662 726 716 771 et
739 713 958 770 Azulis:
1013 720 1174 779 atque
1229 708 1281 762 in
1318 703 1490 760 Thule
1540 700 1769 769 denique
1828 695 2000 752 inSnla

429 811 720 863 stationem
786 803 1003 860 interim
1050 814 1298 856 errorum
1356 794 1645 867 quamdam
1695 790 1999 846 constitue-

431 909 577 953 runt.
621 898 678 952 1n
749 898 850 952 hac
905 897 1020 964 ipsa
1057 892 1229 948 insula
1272 905 1393 945 cum
1432 884 1731 957 Dercyllide
1767 880 2000 953 quadam

435 989 617 1044 Dinias
668 987 1112 1044 consuetudinem
1154 982 1370 1039 habuit:
1421 994 1539 1049 quae
1573 990 1769 1048 genere
1815 971 1998 1044 Tyria,

429 1092 484 1136 et
508 1081 667 1136 claris
707 1082 759 1135 in
788 1095 854 1134 ea
904 1079 1038 1133 urbe
1064 1076 1334 1133 natalibus
1371 1084 1510 1138 orta,
1550 1087 1670 1126 cum
1703 1067 1869 1122 fratre
1886 1063 2000 1134 (30)

433 1172 691 1225 Mantinia
719 1172 827 1226 hoc
861 1172 913 1224 in
948 1169 1068 1224 loco
1097 1169 1435 1223 versabatur.
1498 1164 1632 1220 Cum
1686 1161 1773 1216 illa
1842 1158 2006 1229 igitur

433 1264 619 1319 Dinias
640 1277 1020 1326 consuescens,
1038 1254 1156 1332 ejus
1176 1261 1325 1315 audit
1345 1257 1637 1326 fratrisque
1661 1251 2001 1325 jactationes,

431 1367 487 1412 et
539 1366 740 1426 quanta
799 1355 939 1412 mala
1005 1350 1650 1424 Paastius(ﬂl)qnidam,
1713 1343 2003 1416 Egyptius

430 1450 789 1516 sacrificulus,
842 1449 1103 1504 intulerit.
1152 1448 1250 1502 Hic
1294 1445 1438 1500 enim
1474 1457 1596 1496 cum
1631 1450 1840 1495 vaelata
1887 1437 2004 1506 ejus

432 1542 630 1612 patria,
685 1541 887 1612 Tyrum
933 1541 1248 1611 migrasset,
1290 1544 1344 1592 et
1391 1534 1625 1603 hospitio
1674 1539 1928 1599 acceptus
1971 1543 2002 1582 a
2050 1572 2055 1573 κ

433 1632 745 1701 parentibus
800 1633 989 1686 horum
1052 1629 1302 1693 fratrum,
1354 1626 1626 1681 Manliuizn
1674 1632 1839 1692 atque
1873 1619 2006 1675 Der-

433 1725 669 1795 cyllidis,
703 1724 997 1781 benevolus
1023 1724 1255 1793 primum
1288 1720 1340 1774 in
1375 1720 1513 1776 bene
1545 1718 1612 1773 de
1640 1731 1701 1772 se
1753 1716 2001 1778 meritos,

2103 508 2385 569 ἀνατολαῖς
2419 503 2723 573 γεγονότες,
2772 497 3023 553 ἐντεῦθέν
3048 512 3105 549 τε
3144 494 3327 566 κύκλῳ
3373 491 3474 563 τὴν
3514 492 3675 554 ἐκτὸς

2102 599 2477 671 περιελθόντες
2532 595 2806 650 θάλασσαν
2837 595 2895 647 ἐν
2923 590 3136 662 χρόνοις
3167 588 3396 659 μακροῖς
3428 584 3526 638 καὶ
3550 586 3675 636 ποι-

2101 695 2278 756 κίλαις
2329 690 2560 753 πλάναις
2598 705 2614 721 ο
2677 683 2759 751 οἷς
2814 683 3244 752 συνεφάπτονται
3300 678 3401 748 τῆς
3464 675 3677 744 πλάνης

2102 785 2407 857 Καρμάνης
2430 784 2522 837 καὶ
2544 781 2820 852 Μηνίσκος
2838 779 2932 832 καὶ
2951 774 3218 841 Ἀζουλις.
3235 772 3479 825 Γίνονται
3502 767 3563 821 δὲ

2102 881 2160 933 ἐν
2188 856 2362 948 Θούλῃ
2410 878 2476 948 τῇ
2521 876 2689 946 νήσῳ,
2746 870 2978 926 ἐνταῦθα
3035 868 3174 924 τέως
3212 863 3308 918 καὶ
3365 857 3608 929 σταθμὸν
3629 856 3675 889 ⁸⁸

2103 971 2409 1043 ὥσπερτῆς
2449 969 2659 1039 πλάνης
2716 964 2840 1019 τινὰ
2892 959 3225 1029 ποιούμενοι.
3281 956 3372 1011 Ἐν
3397 952 3577 1020 ταύτῃ
3607 949 3676 1018 τῇ

2102 1039 2277 1136 Θούλή
2331 1039 2543 1122 Δεινίας
2583 1057 2703 1114 κατ’
2732 1057 2935 1129 ἔρωτος
2961 1053 3125 1123 νόμον
3152 1048 3329 1119 ὁμιλεῖ
3357 1039 3677 1136 Δερκυλλίδι

2102 1160 2209 1213 τινὶ
2248 1132 2578 1228 καλουμένῃ,
2625 1154 2747 1223 ἥτις
2794 1149 2942 1220 γένει
2979 1146 3079 1218 μὲν
3107 1143 3319 1213 ὑπῆρχε
3371 1137 3550 1208 Τυρία
3569 1132 3677 1188 τῶν

2104 1250 2248 1306 κατὰ
2276 1250 2375 1319 τὴν
2405 1227 2560 1301 πόλιν
2583 1241 2943 1314 εὐπατριδῶν,
2971 1237 3184 1308 ἀδελφῷ
3206 1236 3248 1268 ⁸⁷
3272 1233 3328 1287 δέ
3358 1230 3528 1300 συνῆν
3555 1227 3678 1280 ὅνο-

2109 1362 2186 1416 μα
2234 1340 2521 1411 Μαντινίᾳ.
2584 1336 2769 1408 Ταύτῃ
2818 1332 3028 1394 Δεινίας
3073 1326 3276 1399 ὁμιλῶν
3307 1319 3678 1392 ἆναμανθάνει

2103 1414 2205 1507 τήν
2240 1454 2301 1490 τε
2334 1434 2445 1489 τῶν
2473 1430 2719 1500 ἀδελφῶν
2772 1426 3001 1496 πλάνην,
3030 1422 3126 1478 καὶ
3157 1422 3257 1474 ὅσα
3293 1414 3573 1477 Παάπιςκ
3595 1431 3679 1475 τις

2110 1532 2285 1599 ἱερεὺς
2313 1527 2628 1596 Αἰγύπτιος,
2650 1523 2749 1593 τῆς
2778 1518 3032 1590 πατρίδος
3067 1512 3233 1569 αὑτοῦ
3252 1508 3681 1599 λεηλατηθείσης

2108 1596 2203 1679 καὶ
2264 1619 2601 1688 παροικήσας
2657 1613 2835 1684 Τύρον
2891 1610 2988 1665 καὶ
3036 1603 3405 1676 φιλοξενηθεὶς
3434 1598 3542 1654 ὑπὸ
3572 1596 3680 1649 τῶν

2106 1713 2373 1769 τεκόντων
2417 1709 2544 1771 τοὺς
2570 1704 2832 1773 ἀδελφοὺς
2860 1695 3189 1770 Δερκυλλίδα
3226 1695 3321 1747 καὶ
3352 1688 3682 1749 Μαντινίαν,

435 1816 800 1884 familiamque
848 1814 983 1870 adeo
1039 1814 1343 1867 universam
1397 1825 1520 1866 esse
1565 1809 1875 1863 videretur:
1926 1805 2005 1859 iu-

2108 1809 2201 1861 καὶ
2224 1805 2381 1870 δόξας
2404 1802 2471 1856 τέι
2491 1800 2681 1872 πρῶτα
2707 1796 2895 1858 εὖνους
2923 1789 3062 1846 εἶναι
3086 1792 3198 1852 τοῖς
3230 1785 3550 1884 εὐεργέταις
3584 1781 3681 1833 καὶ

435 1907 685 1977 gentibus
741 1916 926 1976 postea
972 1905 1130 1959 malis
1160 1907 1396 1967 domum,
1446 1903 1654 1970 hosque
1705 1907 1762 1954 el.
1811 1914 2001 1974 eorum

434 2010 686 2071 parentes
728 1998 933 2053 affecit.
984 1996 1174 2052 Refert
1219 1996 1411 2050 deinde
1464 1993 1734 2063 quomodo
1779 1992 1833 2046 in
1857 1990 2006 2045 Rho-

435 2098 585 2160 dum,
629 2104 750 2163 post
805 2102 982 2148 tantas
1031 2091 1247 2144 familiae
1314 2087 1675 2150 calamitates,
1728 2101 1848 2140 cum
1897 2084 2008 2139 fra-

439 2200 521 2242 tre
545 2187 777 2242 abducta
802 2185 1133 2252 sit,indeque
1160 2183 1214 2235 in
1234 2180 1445 2236 Cretam
1472 2193 1661 2235 errore
1685 2179 1862 2233 delata
1890 2178 2007 2232 fue-

435 2280 527 2346 rit,
579 2284 702 2332 mox
730 2277 814 2331 adi
841 2275 1150 2347 Tyrrhenos
1186 2283 1242 2328 et
1280 2287 1494 2327 rursum
1524 2271 1651 2326 inde
1677 2271 1743 2325 ad
1770 2270 2009 2325 Cimme-

437 2373 568 2435 rios,
641 2384 780 2440 quos
838 2369 1153 2430 nominaut,
1211 2379 1377 2433 utque
1451 2366 1591 2434 apud
1646 2365 1748 2420 hos
1804 2364 2006 2419 inferos

436 2463 716 2529 spectarit,
747 2470 802 2515 et
827 2475 1014 2515 eorum
1043 2459 1232 2522 multa,
1263 2474 1384 2528 qua:
1432 2458 1629 2513 ibidem
1686 2460 1832 2524 ειιιιι,
1865 2457 2007 2511 didi-

435 2559 622 2611 cerit:
671 2555 845 2629 Myrto
894 2555 1161 2624 magistra
1198 2550 1345 2618 usa‘,’
1388 2551 1576 2622 109b
1629 2566 1724 2605 sua
1775 2550 2006 2620 quadam

437 2651 750 2720 pedisequa,
812 2664 935 2720 quae
1006 2647 1134 2703 olim
1195 2646 1307 2701 vita
1358 2647 1587 2711 abierat,
1641 2654 1695 2698 et
1742 2658 1773 2697 a
1833 2654 2009 2698 morte

438 2744 713 2797 dominam
744 2740 992 2796 docebat.

511 2826 850 2901 Haec‘itaque
882 2846 1107 2885 narrare
1138 2830 1325 2900 incipit
1348 2829 1534 2884 Dinias
1562 2827 2006 2899 Cymbwcuidam

444 2922 683 2988 nomine,
713 2924 873 2977 domo
914 2923 1164 2987 Arcadia,
1219 2936 1378 2992 quem
1403 2908 1689 2976 commune
1732 2919 2005 2973 Arcadum

439 3014 676 3084 legatum
725 3015 950 3068 miserat
984 3014 1210 3084 Tyrum,
1249 3013 1462 3066 Diniam
1506 3012 1580 3066 ibi
1626 3022 1901 3077 rogantes,
1951 3021 2010 3064 ut

374 3140 377 3143 λ
439 3109 504 3160 ad
525 3109 670 3174 ipsos
702 3106 754 3160 in
774 3108 1005 3173 patriam
1057 3106 1210 3161 su‘atn
1260 3105 1483 3161 rediret.
1524 3105 1597 3160 At
1634 3104 1889 3174 quoniam
1924 3105 2006 3173 ip-

435 3211 557 3250 sum
585 3194 697 3263 jam
721 3196 905 3266 gravis
929 3196 1066 3251 senii
1098 3207 1230 3251 aetas
1269 3198 1610 3266 prohibebat,
1665 3197 1886 3266 fingitur
1917 3198 2006 3251 hic

440 3287 664 3351 referre,
694 3297 804 3342 tum
853 3302 915 3342 ea
952 3303 1071 3356 quae
1102 3288 1329 3356 ipsemet
1357 3289 1637 3343 erroribus
1654 3286 1891 3355 jactatus
1913 3288 2008 3339 vi-

434 3380 611 3444 derat,
643 3388 754 3433 tum
784 3393 905 3448 qua;
936 3380 1003 3434 ab
1036 3379 1158 3432 aliis
1204 3389 1493 3448 conspecta
1522 3390 1826 3446 acceperat,
1859 3394 2006 3447 qua:-

433 3488 540 3541 que
567 3488 596 3525 a
628 3470 933 3543 Dercyllide
980 3472 1032 3525 in
1066 3470 1241 3526 Thule
1267 3481 1508 3525 ‘narrata
1562 3471 1826 3525 didicerat
1861 3488 1875 3523 :
1911 3485 2006 3524 su-

435 3566 761 3633 pratlictum,
799 3566 1042 3631 inquam,
1067 3563 1185 3632 ejus
1209 3578 1475 3625 errorem,
1516 3574 1682 3631 utque
1707 3573 1827 3632 post
1844 3577 2003 3615 suum

433 3658 523 3709 illa
543 3656 774 3711 reditum
811 3657 880 3711 ab
913 3657 1124 3720 inferis,
1166 3671 1286 3710 cum
1315 3655 1527 3727 Ceryllo
1549 3666 1602 3709 et
1635 3658 1844 3710 Astraeo
1873 3654 2001 3725 (iam

434 3748 583 3800 enim
620 3761 650 3799 a
674 3747 843 3802 fratre
867 3759 1145 3817 segregata
1175 3749 1314 3819 erat)
1339 3751 1406 3802 ad
1443 3749 1659 3803 Sirenes
1687 3750 1892 3803 venerit
1912 3744 2001 3804 se-

436 3839 719 3905 pulcrum;
757 3848 812 3893 et
868 3855 989 3908 quae
1027 3855 1239 3893 rursum
1268 3840 1380 3909 ipsa
1416 3856 1479 3894 ex
1519 3841 1713 3895 Λευ-ξεί
1756 3855 2006 3895 sermone

435 3926 752 3993 cognoverit
775 3926 841 3979 de
870 3924 1199 3995 Pythagora,
1231 3936 1286 3980 et
1315 3927 1634 3983 Mnesarcho
1666 3947 1680 3984 :
1714 3928 1899 3998 qualia
1922 3930 2004 3982 vi-

356 4048 361 4053 ο
434 4012 621 4066 cissint
644 4013 891 4068 Astraeus
919 4030 983 4068 ex
1027 4014 1295 4070 Philotide
1332 4016 1602 4075 didicerit.
1638 4028 1697 4073 et
1747 4021 1797 4071 itt
1835 4019 2007 4073 oculis

2105 1899 2211 1971 ὅλῳ
2230 1898 2308 1966 τῷ
2334 1897 2487 1966 οἴκῳ,
2517 1869 2654 1964 μετὰ
2678 1888 2851 1944 ταῦτα
2875 1888 2976 1940 ὅσα
3000 1881 3149 1938 κακὰ
3178 1880 3269 1971 τόν
3290 1893 3349 1931 τε
3382 1869 3535 1971 οἷκον
3559 1872 3681 1971 Δκαὶ

2106 1964 2301 2052 αὐτοὺς
2330 1964 2637 2041 καὶταύτῶνῗ
2668 1980 2863 2050 γονέας
2891 1975 3219 2046 είργάσατο³
3255 1970 3404 2031 ὅπως
3437 1966 3523 2028 είς
3559 1964 3680 2017 Ῥόο

2105 2086 2193 2139 δον
2221 2081 2329 2137 ἀπὸ
2347 2080 2446 2149 τῆς
2467 2074 2610 2132 κατὰ
2636 2073 2729 2127 τὸν
2764 2066 2914 2124 οἷκον
2965 2065 3251 2136 συμφορᾶς
3289 2061 3386 2114 σὺν
3415 2058 3495 2128 τῷ
3522 2054 3682 2149 ἀδελ·

2106 2179 2192 2249 φῷ
2222 2174 2460 2246 ἀπήχθη,
2527 2167 2777 2225 κάκεῖθεν
2825 2165 2906 2227 είς
2958 2160 3183 2232 Κρήτην
3229 2148 3682 2223 ὲπλανήθη,εἷτα

2105 2248 2183 2334 είς
2213 2267 2550 2341 Τυρρηνοὺς.
2603 2259 2898 2317 κάντεῦθεν
2927 2259 3006 2318 είς
3028 2251 3373 2323 Κιμμερίους
3398 2248 3545 2301 οὕτω
3575 2262 3683 2299 κα-

2104 2340 2398 2434 λουμένους
2416 2379 2432 2393 ο
2466 2360 2560 2414 καὶ
2583 2357 2657 2421 ὡς
2684 2355 2753 2409 τά
2772 2355 2830 2406 ἐν
2874 2351 3038 2423 ’ᾼδου
3085 2347 3216 2419 παρ’
3245 2346 3428 2408 αὐτοῖς
3457 2344 3559 2396 ἴδοι
3585 2340 3684 2393 καὶ

2107 2459 2277 2515 πολλὰ
2311 2456 2419 2509 τῶν
2444 2454 2621 2508 ἐκεῖσε
2655 2448 2835 2529 μάθοι,
2860 2442 3165 2513 διδασκάλῳ
3209 2438 3468 2512 χρωμένη
3529 2434 3685 2529 Μύρ-

2105 2552 2238 2624 τῳ¹¹⁹
2291 2532 2633 2619 θεραπάινίδι
2679 2541 2887 2611 οίκείᾳ,
2938 2536 3107 2591 πάλαι
3158 2534 3252 2587 τὸν
3300 2532 3413 2602 βίον
3480 2528 3684 2584 ἀπολι-

2106 2622 2283 2716 πούσῃ
2325 2644 2420 2697 καὶ
2448 2641 2514 2693 ἐκ
2535 2638 2645 2692 τῶν
2705 2633 2914 2705 νεκρῶν
2971 2631 3070 2702 τὴν
3107 2626 3394 2681 δέσποιναν
3430 2622 3687 2677 ἀναδιδα-

2109 2737 2331 2808 σκούσῃ.

2178 2806 2302 2901 [55Ἰ
2324 2826 2414 2899 IL]
2464 2822 2651 2878 Ταῦτα
2677 2820 2860 2876 τοίνυν
2895 2818 3203 2887 ἀπάρχεται
3232 2810 3446 2873 Δεινίας
3466 2806 3690 2901 διηγεί-

2109 2896 2231 2976 σθαι
2276 2896 2480 2988 Imp—6a
2506 2917 2616 2970 τινὶ
2639 2914 2863 2982 ὀνόματι
2894 2909 2951 2975 ἐξ
2978 2904 3272 2978 Ἀρκαδίας
3306 2899 3591 2972 πατρίδος,
3624 2896 3686 2988 δν

2109 3010 2331 3066 στείλειε
2356 2986 2417 3060 τὸ
2453 3006 2630 3060 κοινὸν
2685 3002 2795 3056 τῶν
2832 2997 3111 3069 ’Δρκάδων
3143 2997 3201 3058 ἐς
3254 2991 3454 3062 Τύρον,
3500 2986 3687 3042 αἰτού-

2113 3119 2263 3175 μενοι
2294 3100 2505 3153 Δεινίαν
2543 3096 2678 3164 πρὸς
2717 3092 2912 3155 αύτούς
2942 3108 3002 3143 τε
3031 3088 3126 3143 καὶ
3181 3084 3417 3156 πατρίδα
3474 3083 3688 3134 ἐπανα-

2110 3173 2317 3261 ζεῦξαι.
2361 3184 2514 3244 Ἐπεὶ
2532 3190 2589 3242 δὲ
2620 3186 2781 3241 αὑτὸν
2808 3185 2868 3237 τὺ
2892 3183 3057 3255 βάρος
3080 3178 3176 3234 τοῦ
3200 3178 3386 3247 γήρως
3419 3173 3684 3237 ἐκώλυεν,

2108 3289 2388 3355 εἰσάγεται
2439 3281 2794 3353 διηγούμενος
2867 3279 3009 3347 ἆπερ
3048 3292 3107 3327 τε
3164 3271 3329 3333 αὐτὸς
3380 3267 3527 3322 κατὰ
3582 3265 3687 3336 τὴν

2108 3380 2317 3448 πλάνην
2357 3373 2665 3442 θεάσοιτοῆ
2706 3370 2802 3425 καὶ
2857 3369 3031 3424 ἄλλων
3058 3363 3409 3434 θεασαμένων
3450 3361 3684 3448 ἀκήκοε,

2106 3470 2201 3523 καὶ
2333 3463 2684 3536 Δερκυλλίδος
2705 3462 2765 3514 ἐν
2795 3459 2973 3529 Θούλῃ
2998 3453 3364 3526 διηγουμένης
3421 3446 3686 3517 άνέμαθε,

2105 3561 2248 3628 λέγω
2284 3559 2347 3630 δὴ
2383 3560 2480 3629 τήν
2509 3573 2569 3609 τε
2593 3555 2639 3586 ⁹⁶
2672 3549 3079 3622 προειρημένην
3112 3545 3323 3616 πλάνην
3348 3541 3544 3609 αὐτῆς,
3594 3538 3690 3591 καὶ

2112 3654 2262 3715 ὅπως
2298 3649 2438 3720 μετὰ
2467 3649 2566 3715 τὴν
2587 3646 2645 3711 ἐξ
2676 3644 2841 3717 ’ᾈδου
2863 3642 3030 3711 αὐτῆς
3062 3636 3408 3707 ἀναχώρησιν
3444 3633 3543 3685 σὺν
3569 3632 3689 3700 Kr,-

2110 3744 2286 3816 ρύλλῳ
2344 3741 2440 3794 καὶ
2493 3738 2787 3808 Ἀστραίῳ,
2845 3734 2946 3806 ήδη
2972 3731 3066 3784 τοῦ
3085 3732 3129 3762 ἰ
3164 3725 3395 3795 ἀδελφοῦ
3446 3725 3690 3777 διασπα-

2109 3812 2317 3895 σθεῖσα,
2340 3832 2432 3885 ἐπὶ
2463 3830 2553 3884 τὸν
2586 3827 2856 3897 Σειρήνης
2880 3821 3197 3890 ἀφίκοντο⁹²
3229 3819 3400 3886 τάφον
3419 3831 3433 3844 ·
3468 3812 3566 3867 καί⁵
3593 3814 3695 3867 ὅσα

2107 3926 2268 3981 πάλιν
2318 3923 2454 3993 αὐτὴ
2482 3920 2540 3987 ἐξ
2577 3917 2862 3987 Ἀστραίου
2918 3914 3164 3981 λέγοντος
3203 3910 3429 3979 ἢκουσε,
3461 3903 3596 3973 περί
3632 3917 3694 3955 τε

2107 4015 2425 4084 Πυθαγόρου
2476 4010 2618 4082 φημὶ
2654 4008 2747 4062 καὶ
2790 4003 3125 4075 Μνησάρχου
3147 4017 3162 4031 ⁸
3197 3995 3287 4053 οἷά
3312 4015 3373 4049 τε
3396 3993 3693 4084 Φιλιὶιτιδος

438 4105 610 4173 ipsius
665 4115 961 4174 spectrutn,
1014 4110 1295 4174 visumque
1334 4109 1488 4176 plane
1549 4109 1844 4164 fabulosum
1889 4128 1903 4164 :
1952 4120 2005 4165 et

2108 4108 2268 4170 αὐτὸς
2295 4106 2578 4174 Ἀστραῖος
2614 4101 2838 4171 ἤκουσε,
2889 4095 2987 4149 καὶ
3017 4093 3078 4146 τὸ
3102 4089 3247 4145 κατὰ
3295 4090 3439 4176 τοὺς,
3481 4083 3689 4153 ὀφθαλ-

435 4211 793 4266 quascunque
823 4213 1037 4253 rursum
1072 4200 1332 4271 Dercyllis
1360 4202 1426 4253 ad
1458 4216 1584 4255 suos
1608 4216 1821 4255 reversa
1851 4217 2005 4256 erro-

2110 4201 2244 4271 μοὺς
2263 4200 2310 4232 ⁸³
2341 4192 2508 4250 αὐτοῦ
2571 4190 2816 4264 μυθῶδες
2868 4187 3049 4257 θέαμα
3069 4201 3083 4214 ·
3110 4183 3204 4236 καὶ
3232 4182 3332 4235 ὅσα
3374 4175 3537 4240 αὖθις
3561 4180 3694 4247 Asp-

435 4300 525 4341 νει
556 4287 758 4353 retulit,
803 4296 862 4342 ιιι
909 4290 961 4341 in
1014 4266 1294 4342 hominum
1344 4289 1621 4344 civitatem
1668 4291 1920 4345 inciderit
1950 4291 2004 4345 in

2109 4266 2296 4352 κυλλὶς
2322 4289 2417 4341 ἐπὶ
2438 4287 2535 4356 τὴν
2569 4282 2778 4337 οἰκείαν
2815 4276 3114 4333 ἐπανιοῦσα
3151 4272 3361 4340 πλάνην
3403 4266 3695 4339 ἀπήγγελ-

434 4378 633 4447 Iberia,
661 4381 753 4451 qui
774 4391 932 4436 noctu
956 4381 1172 4450 quidem
1204 4382 1455 4437 viderent
1487 4399 1500 4436 :
1530 4382 1768 4437 interdiu
1823 4394 2002 4438 autem

2109 4384 2225 4454 λεν,
2240 4383 2315 4445 ὡς
2332 4378 2616 4450 περιπέσοι
2640 4372 2943 4445 ἀνθρώπων
2966 4364 3277 4421 πόλεικατὰ
3307 4364 3407 4434 τὴν
3429 4362 3695 4432 ’16ηρίαν,

433 4471 675 4541 quotidie
702 4472 1038 4526 caecutirent.
1087 4471 1217 4538 Qum
1273 4472 1402 4526 itetu
1453 4472 1526 4528 ibi
1572 4472 1817 4528 Astreus
1866 4474 1998 4528 tibia

2110 4476 2159 4529 οἳ
2182 4474 2367 4542 ἐώρων
2393 4470 2492 4541 μὲν
2519 4470 2578 4522 έν
2601 4467 2777 4529 νυκτὶ,
2796 4463 2985 4532 τυφλοὶ
3006 4463 3062 4516 δέ
3086 4459 3190 4514 ὑπὸ
3217 4457 3400 4542 ἡμέρᾳ
3423 4455 3632 4524 ἑκάστῃ
3648 4453 3696 4487 ’⁸

432 4578 656 4630 canens,
714 4564 958 4619 hostibus
1007 4580 1193 4618 eorum
1228 4562 1443 4629 fecerit,
1520 4572 1687 4632 utque
1756 4565 2003 4639 benevoli

2108 4567 2401 4635 ἐτύγχανον
2417 4578 2432 4594 '
2482 4561 2577 4614 καὶ
2599 4560 2700 4613 ὅσα
2748 4558 2867 4610 ἐκεῖ
2892 4555 3177 4624 Ἀστραῖος
3195 4549 3373 4604 αύλῶν
3395 4551 3513 4611 τοῖς
3539 4545 3698 4599 πολε-

434 4655 560 4711 inde
585 4655 792 4711 dimissi
817 4657 870 4710 in
893 4655 1074 4711 Celtas
1107 4655 1415 4720 inciderint,
1473 4667 1686 4723 gentem
1713 4656 2004 4710 immanem

2111 4658 2254 4728 μίοις
2300 4654 2524 4708 ἐκείνων
2586 4649 2905 4721 εἰργάσατο.
2958 4645 3070 4699 Καὶ
3093 4644 3169 4708 ὡς
3207 4641 3506 4711 ἀφεθέντες
3536 4639 3699 4707 εὐμε-

433 4759 499 4799 ac
522 4744 796 4813 stolidam,
855 4762 993 4816 quos
1018 4747 1074 4801 in
1096 4749 1252 4816 equis
1278 4747 1379 4816 ipsi
1423 4747 1732 4818 effugerint,
1779 4762 2005 4816 quaeque

2108 4751 2213 4814 νῶς
2236 4747 2445 4803 ἐκεῖθεν
2496 4740 2958 4815 περιπεπτώκασι
3008 4740 3121 4800 τοῖς
3167 4735 3395 4796 Κελτοῖς
3417 4734 3491 4795 ⁸⁸,
3556 4730 3699 4784 ἔθνει

435 4837 489 4893 iu
520 4846 725 4893 mutato
758 4855 1018 4908 equorum
1050 4840 1232 4895 colore
1272 4840 1612 4895 acciderint:
1643 4848 1702 4894 ut
1756 4840 1882 4894 hinc
1936 4840 2004 4893 ad

2108 4841 2242 4911 ὼμῷ
2270 4842 2363 4894 καὶ
2383 4837 2597 4909 ἠλιθίῳ,
2624 4836 2809 4896 ἵπποις
2831 4850 2891 4885 τε
2916 4832 3114 4894 αὐτοὺς
3154 4828 3440 4895 ἐξέφυγον,
3475 4824 3572 4877 καὶ
3599 4824 3699 4876 ὃσα

432 4931 737 5001 Aquitanos
762 4932 1118 4999 penetrarint,
1155 4941 1494 5001 quantosque
1527 4934 1762 4989 honores
1788 4933 1861 4986 ibi
1881 4932 2005 4985 ade-

2113 4935 2299 4995 αὐτοῖς
2325 4932 2454 5000 περὶ
2483 4930 2579 4999 τῆς
2614 4926 2756 4980 κατὰ
2792 4925 2890 4995 τὴν
2918 4924 3085 4994 χρόαν
3121 4920 3229 4973 τῶν
3260 4919 3446 4971 ἵππων
3469 4916 3700 4970 ἐναλλα-

432 5024 510 5097 pti
567 5024 964 5093 sintDercyllis
995 5035 1155 5094 atque
1186 5025 1469 5096 Ceryllns;
1522 5035 1576 5080 et
1623 5025 1729 5080 hoc
1775 5024 2005 5094 amplius

2113 5026 2218 5094 γῆς
2274 5006 2536 5093 ἐγεγόνει.
2588 5021 2777 5081 Ὀπως
2798 5035 2857 5070 τε
2890 5016 3031 5070 κατὰ
3052 5013 3180 5075 τοὺς
3214 5010 3550 5073 Ἀκυτανους
3578 5007 3702 5073 ἐγέο

431 5116 700 5186 ᾼειιεευει,
763 5118 904 5191 quod
951 5117 1229 5179 oculorum
1280 5132 1503 5173 suorum
1554 5096 1891 5184 incremento
1921 5128 2003 5171 at-

2115 5132 2289 5178 νοντο,
2351 5114 2446 5167 καὶ
2495 5112 2612 5174 οἵας
2670 5111 2791 5163 ἐκεῖ
2842 5107 3007 5179 τιμῆς
3063 5101 3314 5177 [18611.]
3371 5102 3701 5171 ἀπήλαυσαν

1731 5235 1968 5308 vanus
2006 5248 2410 5305 LECTIONES.

526 5373 578 5407 ⁸⁸
603 5375 701 5427 καὶ
740 5370 978 5441 σταθμὸν
1002 5402 1075 5413 —
1106 5372 1415 5442 ποιούμενοι
1442 5373 1486 5437 Α
1532 5390 1546 5426 :
1585 5372 1843 5442 σταθμίον
1881 5404 1950 5414 -
1983 5370 2284 5442 ποιούμενα
2308 5386 2384 5442 ς,
2485 5366 2537 5442 [³⁷
2571 5364 2770 5442 ἀδελφῇ
2802 5379 2866 5442 ς,
2904 5431 2917 5442 _
2964 5358 3009 5442 ξ’
3040 5354 3277 5426 Παάπις]
3330 5349 3644 5442 “assuaged
3679 5370 3697 5405 :

735 5422 1545 5512 ξζ’⁷’δδ⁷λ1ύρθ‹,›’έετὲέᾉιίξριὶ
1890 5444 1935 5478 ⁸⁸
1962 5422 2019 5493 τε
2051 5422 2173 5512 add.
2304 5422 2387 5512 _"'
2419 5436 2510 5512 τοῦ
2535 5452 2643 5512 put.
2681 5422 2770 5485 A'."
2811 5422 3153 5512 V’Ltllcpf‘xovlto
3173 5422 3544 5512 apographunt
3573 5422 3702 5474 Ste-

433 5514 599 5593 phani
627 5532 643 5568 :
670 5499 950 5585 ἀφίκοιντο
976 5499 1055 5597 gn.
1112 5499 1158 5546 δ’
1189 5499 1499 5583 ὀφθαλμούς
1526 5517 1571 5581 Α
1595 5532 1609 5583 ς
1638 5499 1898 5583 ἀδελφοὺς
1926 5512 1967 5577 C
1996 5531 2055 5577 ς.
2132 5510 2177 5543 ⁸⁸
2210 5507 2421 5579 ἡμέραν
2453 5507 2687 5575 ἑκάστην
2714 5521 2776 5568 ς.
2851 5500 2895 5533 ³⁵
2929 5499 3132 5570 βελτοίς
3165 5499 3229 5549 Δ.

1906 5625 2139 5695 ΝΟΤΙΕ.

516 5745 629 5821 (20)
663 5747 877 5823 ᾁδελφῷ
930 5748 1212 5821 legendum
1274 5747 1468 5829 docent
1508 5746 1806 5817 sequentia.
2192 5740 2302 5811 (οι)
2338 5698 2450 5806 Ὠιιὶ
2500 5739 2693 5809 Ραηρὶε
2740 5740 2993 5811 deinceps
3042 5747 3307 5810 perpetuo
3359 5732 3703 5791 nominatur.
