3932 6240
212 349 317 414 409

1251 340 1779 403 BIBLlOTHECA.
1815 362 1888 376 -
1912 340 2077 403 COD.
2108 342 2352 404 CLXVI.

3369 339 3474 405 470

212 464 280 515 Δε
289 456 515 531 ρκυλλίς
542 472 605 510 τε
620 454 720 509 καὶ
743 452 831 523 Κή
841 450 1052 523 ρυλλος,
1069 449 1167 504 καὶ
1183 449 1265 503 ἔτι
1283 450 1484 521 μᾶλλον
1512 448 1802 520 Ἀστραῖος

1912 462 2011 516 que
2050 453 2416 516 decrementa.
2455 452 2598 509 lunae
2624 467 2840 525 quoque
2883 453 3194 524 designaret
3235 453 3476 509 alterna-

214 556 283 624 τῇ
316 550 448 620 περὶ
508 549 643 611 τοὺς
692 544 926 608 οἰκείους
961 542 1276 612 ὀφθαλμοὺς
1306 541 1669 612 αύξομειὼσει
1706 538 1805 603 τὰς

218 639 550 714 eamme;
579 636 863 707 σημαίνων
890 631 1310 705 αὐξομειὼσεις.
1341 631 1437 686 καὶ
1462 630 1606 685 λύων
1627 630 1806 700 ἔριδος

215 734 344 796 τοὺς
394 733 578 785 ἐκεῖσε
614 727 743 797 περὶ
779 727 880 796 τῆς
933 724 1109 798 ἀρχῆς
1138 724 1402 794 βασιλεῖς,
1436 723 1485 777 οἳ
1524 722 1618 776 δύο
1651 721 1806 786 ὄντες

219 814 363 879 κατὰ
389 823 460 876 τὰ
490 819 718 875 τοιαῦτα
738 819 837 888 τῆς
863 817 1093 888 σελήνης
1111 816 1527 889 πάθηξάλλήλων
1555 814 1807 870 ἀντικαθ-

222 916 441 968 ίσταντο
471 912 744 982 διάδοχοι·
767 909 838 964 δι’
870 909 910 964 ἃ.
934 909 1030 963 καὶ
1050 910 1079 962 ὁ
1111 909 1295 963 ἐκεῖσε
1326 908 1496 981 δῆμος
1520 908 1634 970 τοῖς
1675 906 1806 977 περὶ

229 1014 516 1083 ’Δστραῖον
543 1009 784 1080 ἔχαιρον,

299 1101 587 1161 Ἐντεῦθεν
625 1101 717 1153 ἐπι
726 1096 1019 1167 μυθεύεται
1040 1096 1191 1160 ὅπως
1214 1095 1285 1150 τά
1312 1112 1374 1149 τε
1401 1094 1540 1150 ἄλλα
1561 1093 1805 1165 Δερκυλ-

212 1194 300 1258 λὶς
318 1191 431 1248 εἶδέ
455 1212 513 1249 τε
535 1193 629 1247 καὶ
659 1191 958 1263 ὑπήνεγκε,
994 1190 1089 1243 καὶ
1112 1188 1188 1253 ὡς
1208 1177 1620 1260 ὲν⁹Ἂρτά6ροις
1639 1186 1806 1259 ἢχθη,

214 1283 279 1344 οὗ
305 1289 568 1356 γυναῖκες
625 1285 725 1356 μὲν
778 1281 1130 1353 πολεμοῦσιν,
1180 1280 1373 1353 ἄνδρες
1401 1279 1459 1334 δὲ
1496 1278 1808 1351 οίκουροῦσι

214 1382 315 1434 καὶ
340 1379 412 1433 τὰ
432 1376 704 1448 γυναικῶν
726 1373 1136 1444 ἐπιμελοῦνται.
1162 1372 1289 1426 Ἐπὶ
1313 1371 1528 1431 τούτοις
1554 1363 1645 1424 οἷα
1661 1368 1808 1423 κατά

211 1472 346 1535 τοὺς
377 1469 675 1540 Ἀστύρους
692 1467 754 1522 τὸ
774 1466 928 1530 ἔθνος
951 1466 1089 1537 αὐτῇ
1124 1480 1186 1518 τε
1215 1464 1313 1518 καὶ
1337 1460 1612 1535 Κηρύλλῳ
1675 1478 1805 1513 συν-

212 1563 488 1634 εκύρησε,
539 1560 636 1615 καὶ
688 1559 769 1613 ἔτι
808 1559 913 1615 ὅσα
951 1556 1097 1620 ἰδίως
1141 1556 1412 1628 Ἀστραίῳ
1469 1556 1798 1627 συνηνέχθη,

212 1653 315 1708 καὶ
344 1651 423 1715 ὡς
471 1648 603 1722 παρ’
664 1649 889 1712 ἐλπίδας
936 1647 1116 1710 πάσας
1166 1646 1294 1710 τοὺς
1316 1645 1679 1716 ἐν’Δστύροις
1714 1662 1808 1699 συ-

211 1740 383 1810 χνοὺς
404 1740 682 1803 κινδύνους
713 1738 1117 1807 ἐκπεφευγότες
1138 1736 1425 1807 Κήρυλλος
1447 1737 1544 1790 σὺν
1562 1737 1803 1807 Δερκυλ-

1906 542 2106 607 tiones,
2132 545 2384 615 quodque
2400 547 2802 602 contentionem
2839 547 3138 614 dirimeret,
3176 547 3311 603 duos
3336 547 3476 601 inter

1907 647 2061 705 reges
2111 636 2179 688 de
2215 635 2519 706 principatu
2552 637 2967 702 contendentes,
3013 637 3103 707 qui
3143 636 3297 708 juxta
3338 636 3476 690 tales

1906 725 2048 780 lunae
2074 726 2480 783 vicissitudines
2534 727 2768 784 invicem
2825 727 3195 784 succedebant
3220 729 3274 784 in
3305 729 3476 796 impe-

1907 819 2008 882 rio,
2061 818 2210 873 utob
2237 819 2338 875 ista
2382 819 2546 875 etiam
2604 820 2806 892 populo
2867 821 2944 878 illi
2989 822 3229 878 Astraeus
3276 820 3476 876 charus

1906 918 2269 981 acceptusque
2292 910 2475 967 fuerit.

1976 1089 2179 1145 Narrat
2210 1102 2407 1161 praeter
2456 1094 2568 1148 haec
2610 1095 2818 1164 Dinias,
2869 1097 3171 1170 Dercyllida
3213 1098 3475 1153 cumvalin

1906 1181 2109 1239 vidisse
2169 1192 2334 1254 atque
2382 1186 2693 1255 pertulisse,
2744 1196 2857 1243 tum
2884 1201 2942 1244 ut
2962 1190 3029 1244 ad
3073 1191 3475 1262 Artabros(22)

1907 1275 2241 1343 pervenerit,
2283 1275 2370 1330 ubi
2406 1276 2623 1333 feminae
2671 1279 2811 1335 bella
2870 1291 3088 1351 gerunt,
3149 1283 3253 1337 viri
3294 1293 3477 1338 autem

1906 1362 2126 1419 domum
2175 1368 2507 1439 custodiunt,
2565 1385 2629 1425 ac
2680 1372 2964 1428 muliebria
3021 1389 3245 1445 queque
3276 1378 3480 1432 obeunt

1907 1455 2082 1510 otiicin
2108 1473 2123 1510 :
2157 1472 2277 1527 quae
2304 1458 2432 1513 item
2457 1461 2597 1531 apud
2619 1462 2872 1517 Asturum
2907 1475 3123 1534 gentem
3154 1466 3256 1537 ipsi
3286 1466 3476 1539 Ceryl-

1906 1547 2074 1617 loque
2117 1551 2468 1622 contigerint,
2496 1562 2551 1609 et
2579 1568 2700 1623 quae
2724 1556 2934 1612 Astraeo
2960 1572 3178 1629 quoque
3220 1560 3477 1629 privatim

1907 1640 2254 1697 acciderint:
2288 1653 2457 1712 utque
2481 1655 2677 1714 praeter
2725 1660 2942 1703 omnem
2991 1665 3142 1719 spem
3173 1649 3488 1721 frequentia

1907 1734 2046 1802 apud
2066 1731 2295 1790 Asturos
2310 1736 2550 1805 pericula
2581 1752 2704 1793 cum
2736 1737 3053 1811 effugissent
3090 1740 3337 1810 Ceryllus
3351 1756 3479 1797 cum

211 1794 321 1885 {ibi
347 1794 459 1902 τὴν
498 1794 1320 1902 δίκηκόμωςίῆνάδικνήματος
1353 1794 1584 1882 παλαιοῦ
1618 1794 1804 1899 ωφλη·

1912 1794 2230 1896 Βετογιιίἀε,
2286 1794 2506 1895 poenam
2539 1837 2720 1886 tamen
2745 1794 2877 1897 ille,v
2917 1834 3109 1904 ιιοα
3145 1794 3331 1904 quam

214 1923 333 1987 κὼς
389 1923 704 1993 ἐτύγχανεν,
746 1923 848 1976 οὐκ
887 1922 1198 1990 ἀπέφυγεν,
1223 1918 1363 1974 ἀλλά
1392 1920 1543 1992 παρά
1582 1919 1739 1985 δόξαν
1756 1921 1804 1957 ⁸⁸

214 2017 405 2071 πᾶσαν
435 2013 712 2085 ὡςὲσώθη
757 2013 868 2066 τῶν
905 2011 1191 2079 κινδύνων,
1226 2006 1369 2065 οὕτω
1414 2014 1511 2066 καὶ
1537 2013 1803 2083 ὲκρεουρ-

214 2106 387 2177 γήθη.
421 2105 581 2160 Μετά
640 2105 815 2160 ταῦτα
856 2098 947 2158 οἷα
974 2106 1116 2158 κατά
1145 2104 1244 2175 τὴν
1269 2103 1501 2158 Ἰταλίαν
1524 2104 1619 2157 καὶ
1645 2104 1804 2157 Σικε-

213 2197 343 2250 λίαν
396 2196 726 2267 πλανωμένη
790 2194 1077 2259 ἐθεάσατο,
1126 2195 1222 2249 καὶ
1246 2194 1324 2259 ὡς
1358 2196 1430 2248 ’ἐν
1467 2195 1665 2267 Ἔρυκι
1714 2212 1806 2264 γε·

216 2289 425 2361 νομένη
476 2288 629 2344 πόλει
690 2288 947 2353 Σικελίας
1011 2287 1452 2359 πλλαμὸἀνεται
1514 2288 1613 2342 καὶ⁸
1668 2288 1807 2360 πρὸς

215 2379 591 2451 Αίνησίδημον
606 2380 653 2412 ⁵⁷
686 2380 990 2451 (ἐτυράννει
1009 2379 1065 2433 δὲ
1095 2379 1219 2433 τότε
1263 2380 1562 2433 Λεοντίνων
1628 2373 1805 2446 οὗτος)

215 2471 521 2538 ἀπάγεται.
579 2464 740 2539 Ἐνῷ
768 2471 932 2525 πάλιν
986 2471 1225 2525 [Ιαάπιδι
1274 2471 1353 2543 τῷ
1401 2471 1805 2543 τρισαλιτηρίφ

216 2563 546 2633 περιπίπτει
569 2561 647 2633 τῷ
667 2562 1023 2634 τυραννοῦντι
1078 2563 1314 2626 συνόντι,
1348 2563 1564 2634 καὶτῆς
1590 2565 1802 2634 ἀπροσ-

215 2655 455 2724 δοκήτου
482 2656 767 2726 συμφορᾶς
794 2656 1123 2709 ἀνέλπιστον
1148 2656 1394 2725 εὑρίσκει
1448 2655 1806 2728 παραμυθίαν

212 2747 311 2798 τὸν
356 2746 587 2815 ἀδελφὸν
632 2748 953 2810 Μαντινίαν,
1016 2747 1077 2811 ὃς
1116 2746 1285 2802 πολλά
1329 2748 1649 2818 πλανηθεὶς,
1714 2748 1808 2802 καὶ

219 2837 436 2891 πολλῶν
485 2838 866 2892 ἀπιστοτάτων
922 2838 1214 2907 θεαμάτων
1244 2838 1454 2909 περίτε
1484 2838 1809 2910 ἀνθρώπους

218 2928 318 2981 καὶ
342 2927 508 2999 ἕτερα
536 2926 654 2991 ζῶα
685 2929 815 3001 περί
847 2946 908 2982 τε
936 2929 1098 2983 αὐτὸν
1122 2929 1277 3000 ἥλιον
1305 2929 1401 2983 καὶ
1440 2929 1671 3001 σελήνην
1713 2929 1809 2984 καὶ

215 3021 368 3093 φυτὰ
416 3021 512 3073 καὶ
534 3020 731 3091 νήσους
770 3021 1007 3091 μάλιστα
1032 3019 1305 3093 ἐξηγητὴς
1331 3021 1469 3091 αὐτῇ
1502 3022 1800 3088 καταστὰς,

1905 1918 2192 1987 probitatis
2218 1919 2350 1974 olim
2376 1935 2541 1976 causa
2591 1924 2945 1979 commeritus
2992 1933 3158 1992 esset,
3215 1939 3321 1980 non
3351 1923 3479 1979 emr-

1904 2010 2083 2079 gerit,
2122 2012 2216 2066 sed
2245 2021 2303 2066 ut
2341 2015 2625 2085 inopinato
2644 2017 2887 2086 pericula
2945 2017 3062 2073 haec
3102 2017 3361 2082 evaserit,
3401 2017 3477 2072 ita

1903 2102 2068 2157 etiam
2105 2105 2319 2169 tandem
2375 2107 2834 2177 excarniﬁcatum}
2861 2108 3049 2166 fuisse.
3073 2107 3262 2166 Refert
3289 2119 3474 2180 postea

1904 2205 2155 2260 quaenam
2186 2207 2282 2262 per
2313 2193 2524 2248 Italiam
2577 2192 2947 2266 Siciliamque.
2969 2198 3231 2253 oberrans
3280 2198 3368 2252 illa
3400 2199 3477 2253 vi-

1907 2283 2079 2347 derit.
2123 2281 2193 2340 Ut
2252 2285 2305 2339 in
2363 2284 2540 2356 Eryce
2570 2284 2771 2342 Siciliae
2793 2288 3013 2343 civitate
3062 2290 3475 2357 comprehensa,

1904 2375 1973 2428 ad
1995 2375 2437 2442 Saenisidemum,
2492 2378 2588 2448 qui
2646 2388 2775 2434 tunc
2820 2378 3099 2435 Leontinis
3149 2381 3474 2449 imperabat,

1907 2466 2142 2521 adducta
2172 2466 2335 2524 fuerit
2367 2487 2383 2523 :
2416 2468 2506 2525 ubi
2526 2484 2739 2524 rursum
2758 2470 2813 2525 in
2836 2470 3148 2541 Paapitlem,
3177 2470 3478 2527 sceleratis-

1908 2558 2104 2613 simum
2136 2559 2284 2613 illum
2310 2561 2606 2625 hominem,
2663 2562 2804 2632 apud
2844 2577 3023 2633 regem
3050 2572 3295 2632 agentem
3343 2564 3479 2618 inci-

1907 2650 2010 2714 dit,
2036 2651 2347 2720 reperilque
2368 2667 2466 2708 nec
2482 2654 2703 2722 opinato
2720 2652 3047 2708 calamitatis
3070 2654 3305 2724 ingentis
3330 2654 3478 2710 sola-

1910 2738 2080 2806 tium,
2141 2739 2455 2796 Mautiniam
2516 2740 2782 2809 fratrem,
2831 2747 2923 2812 qui
2987 2745 3078 2799 diu
3140 2745 3481 2815 multumque

1905 2828 2165 2899 jactatus,
2178 2831 2334 2886 varia
2348 2847 2565 2902 quoque
2578 2841 2632 2889 et
2649 2835 3006 2899 incredibilia,
3024 2849 3145 2902 qua
3166 2851 3289 2891 cum
3311 2837 3363 2891 in
3391 2838 3483 2891 ho-

1911 2922 2150 2978 minibus
2196 2938 2262 2979 ac
2314 2926 2532 2981 caeteris
2553 2926 2938 2993 animantibus,
2965 2937 3075 2982 tum
3105 2929 3252 2984 circa
3309 2929 3480 2986 solem

1910 3013 2087 3082 ipsum
2122 3023 2176 3070 et
2224 3014 2426 3080 lunam,
2489 3018 2830 3088 plantasque,
2893 3028 2947 3074 et
2992 3021 3200 3077 insulas
3258 3021 3482 3090 potissio

221 3114 357 3183 ὕλην
376 3113 612 3184 ἄφθονον
637 3112 882 3187 παρέσχε
912 3112 1232 3184 μυθοποιίας
1247 3114 1612 3182 ἀπαγγέλλειν
1643 3112 1798 3168 ὔστε-

1912 3125 2058 3163 mum
2089 3120 2381 3178 spectarat,
2411 3113 2584 3168 sorori
2634 3114 3105 3180 commemoravit,
3151 3116 3484 3184 uberemqne

224 3225 318 3277 ρον
371 3207 453 3277 τῷ
499 3205 685 3278 Δεινίᾳ
722 3222 738 3237 ·
794 3205 940 3275 ἅπερ
992 3204 1154 3269 αὐτὸς
1218 3205 1486 3278 συνείρων
1525 3206 1826 3275 εἰσάγεται.

220 3300 581 3371 διηγούμενος
604 3298 682 3370 τῷ
717 3298 950 3369 Ἀρκάδι
986 3298 1214 3370 Κύμσᾳ.

295 3479 536 3532 Ἔπειτα
573 3476 649 3541 ὡς
701 3476 958 3538 λαϐόντες
1021 3475 1322 3538 Μαντινίας
1371 3474 1465 3529 καὶ
1514 3473 1810 3543 Δερκυλλὶς

221 3573 287 3625 ἐκ
319 3570 625 3624 Λεοντίνων
646 3569 691 3602 ’⁸
712 3568 774 3622 τὸ
811 3567 1089 3631 Παάπιδος
1126 3567 1375 3639 πηρίδιον
1433 3569 1571 3638 μετά
1613 3567 1722 3621 τῶν
1747 3570 1833 3621 ἐν-

225 3662 375 3734 αύτῷ
413 3662 659 3734 βιϐλίων,
683 3659 907 3716 καὶτῶν
941 3660 1181 3730 βοτανῶν
1239 3658 1366 3732 [560
1415 3657 1511 3733 IL]
1558 3659 1619 3713 τὸ
1651 3659 1813 3714 κιϐώ-

224 3775 358 3823 τιον,
388 3755 723 3826 ἀπαίρουσιν
762 3754 843 3816 εἰς
877 3754 1095 3825 Ῥήγιον
1119 3752 1373 3806 >9ἀκεῖθεν
1411 3753 1493 3815 είς
1523 3752 1812 3806 Μεταπόνο

226 3868 357 3915 τιον,
386 3842 523 3917 ὲνὶῷ
552 3848 750 3911 αὐτοὺς
793 3847 1080 3916 Ἀστραῖος
1144 3845 1561 3900 ὲπικαταλαδὼν
1617 3845 1812 3918 μηνύει

229 3942 366 3996 κατά
404 3941 579 4002 πόδας
608 3939 825 3994 διώκειν
857 3939 1097 3992 Παάπιν.
1134 3938 1245 3992 Καὶ
1278 3937 1354 4001 ὡς
1381 3939 1812 4009 συναπαίρουσιν

228 4030 372 4102 afch
425 4030 523 4085 ἐπὶ
577 4030 797 4101 Θρᾷκας
823 4030 917 4082 καὶ
951 4029 1318 4096 Μασσαγέτας
1334 4029 1403 4095 ⁸³,
1435 4026 1572 4099 πρὸς
1604 4028 1816 4098 Ζάμολ-

230 4123 307 4187 ξιν
337 4123 434 4175 τὸν
462 4123 683 4191 ἑταῖρον
721 4119 888 4174 αὑτοῦ
914 4120 1150 4175 ἀπιόντι.
1181 4120 1322 4172 Ὅσα
1354 4136 1413 4172 τε
1436 4119 1579 4173 κατὰ
1607 4118 1814 4191 ταύτην

230 4214 321 4286 τὴν
364 4215 686 4285 ὁδοιπορίαν
738 4214 933 4267 ἴδοιεν²
966 4213 1062 4267 καὶ
1112 4214 1259 4276 ὅπως
1285 4211 1500 4283 ἐντύχοι
1530 4213 1810 4284 Ἀστραῖος

232 4305 515 4377 Ζαμόλξιδι
564 4304 715 4374 παρά
760 4306 955 4369 Γέταις
978 4318 994 4335 ο
1020 4305 1122 4376 ήδη
1170 4304 1290 4372 Θεῷ
1313 4303 1691 4375 νομιζομένῳ·
1718 4304 1814 4357 καὶ

232 4399 324 4453 ὃσα
371 4398 754 4468 είπεῖνάύτῷ
802 4397 899 4451 καὶ
967 4396 1227 4467 δεηθῆναι
1282 4394 1575 4467 Δερκυλλίς
1613 4414 1673 4449 τε
1718 4395 1813 4449 καὶ

1910 3200 2201 3255 admodum
2233 3203 2463 3271 praebuit
2499 3200 2800 3258 fabularum
2826 3205 3133 3272 materiam,
3198 3217 3337 3276 quas
3389 3205 3484 3262 Di-

1911 3291 2014 3346 niae
2045 3293 2386 3360 postmodum
2413 3293 2501 3347 illa
2529 3293 2776 3360 referret,
2833 3310 2953 3364 qua:
3004 3297 3099 3351 hic
3146 3297 3325 3351 omnia
3369 3298 3499 3367 ipse

1911 3386 2298 3453 connexuisse,
2322 3397 2377 3440 et
2410 3382 2633 3458 Cymbae
2663 3389 2860 3443 Arcadi
2887 3388 3139 3445 retulisse
3167 3390 3408 3460 fingitur.

1981 3477 2147 3533 Addit
2171 3477 2390 3543 dehinc,
2414 3489 2479 3535 ut
2495 3480 2784 3535 Mantinias
2817 3495 2940 3535 cum
2985 3479 3292 3553 Dercyllide
3321 3482 3483 3554 (Paa-

1913 3567 2054 3636 pidis
2073 3583 2199 3635 pera
2219 3584 2342 3623 cum
2383 3570 2556 3635 libris,
2582 3568 2983 3641 herbarumque
3030 3572 3214 3629 arettla
3245 3573 3484 3645 sublata)

1913 3657 2180 3728 Rhegium
2209 3674 2241 3714 e
2270 3658 2550 3719 Leontinis
2582 3662 2912 3729 trajecerint,
2938 3665 3170 3736 indeque
3207 3665 3486 3737 Metapon-

1915 3751 2073 3817 tium,
2110 3752 2197 3807 ubi
2224 3767 2321 3808 eos
2373 3752 2615 3809 Astraeus
2661 3767 2965 3822 assecutus,
3003 3757 3202 3828 Paapin
3257 3761 3485 3828 vestigia

1911 3856 2102 3896 eorum
2141 3843 2396 3912 subsequi
2450 3844 2789 3915 signiﬁcarit,
2823 3857 2990 3917 utque
3040 3850 3309 3905 Astraeum
3337 3851 3392 3905 hi
3425 3852 3478 3904 in

1913 3931 2222 4004 Thraciam,
2256 3945 2314 3990 et
2340 3936 2666 4008 Massagetas
2694 3940 2760 3993 ad
2791 3938 3073 3996 Zamolxin
3127 3942 3241 4015 (25)
3278 3945 3485 3997 socium

1913 4026 2361 4092 proficiscentem.
2404 4029 2574 4082 secuti
2606 4028 2735 4083 sint.
2782 4029 2924 4096 Quid
2982 4031 3110 4086 item
3171 4032 3260 4086 ille
3290 4034 3393 4088 hac
3433 4034 3486 4087 in

1912 4116 2247 4183 profectione
2278 4120 2645 4189 conspexerit,
2682 4136 2747 4177 ac
2784 4123 3056 4191 quomodo
3087 4124 3140 4177 in
3174 4124 3486 4179 Zamolxida

1914 4209 2184 4274 inciderit,
2218 4213 2360 4281 apud
2392 4209 2576 4268 .Getas
2607 4211 2739 4286 jam.
2791 4222 2901 4269 tum
2929 4229 3028 4282 pro
3085 4215 3187 4271 deo
3239 4216 3485 4271 cultum:

1913 4313 2143 4368 quaeque
2171 4302 2373 4368 dicere,
2414 4317 2478 4357 ac
2504 4303 2779 4370 postulare
2809 4318 2908 4372 pro
2934 4318 2997 4360 se
3024 4304 3293 4359 Astraeum
3314 4306 3491 4373 jusse-

1915 4394 2025 4448 rint
2070 4393 2331 4464 Dercyllis
2376 4405 2538 4465 atque
2590 4395 2927 4463 Mantinias;
2988 4404 3047 4450 ut
3088 4396 3161 4451 ibi
3209 4397 3489 4451 oraculum

233 4492 527 4554 Μαντινίας
561 4490 846 4562 Ἀστραῖον
899 4490 1038 4560 ὑπὲρ
1068 4489 1247 4542 αὑτῶν
1275 4488 1514 4559 ἠξίωσαν
1539 4505 1553 4518 ·
1598 4488 1691 4543 καὶ
1735 4489 1808 4553 ὡς

1917 4485 2025 4541 illis
2070 4487 2253 4542 datum
2324 4487 2417 4551 sit,
2459 4488 2512 4542 in
2561 4486 2769 4542 Thulen
2820 4488 3051 4543 insulam
3110 4486 3309 4542 deferri
3365 4488 3490 4541 fatis

233 4583 474 4654 χρησμὸς
519 4583 704 4646 αὐτοῖς
758 4582 968 4635 ἐκεῖθεν
996 4581 1255 4647 ἐξέπεσεν
1296 4580 1391 4634 ἐπὶ
1419 4579 1631 4652 Θούλην
1669 4577 1810 4635 εἶναι

234 4673 590 4745 πεπρωμένον
642 4673 839 4737 ἐλθεῖν,
882 4673 976 4726 καὶ
1008 4672 1082 4734 ὼς
1108 4672 1166 4735 ὲς
1196 4670 1423 4742 ὕστερον
1448 4672 1543 4724 καὶ
1575 4672 1809 4742 πατρίδα

235 4764 466 4833 νέμονται,
526 4764 794 4836 πρότερον
838 4764 973 4819 ἀλλα
998 4781 1058 4818 τε
1090 4762 1627 4834 ὲνταλαιπωροῦντες
1653 4804 1669 4829 ,
1712 4766 1807 4817 καὶ

235 4854 380 4925 δίκην
410 4856 513 4926 τῆς
539 4857 599 4919 ἐς
623 4857 751 4919 τοὺς
775 4856 969 4919 τοκέας
996 4851 1341 4926 ἀνοσιότητος
1364 4856 1435 4926 (εί
1460 4857 1555 4908 καὶ
1587 4855 1812 4921 ἄκοντες

238 4947 496 5020 ἥμαρτον)
537 4947 815 5012 τιννύντες
838 4947 919 5019 τῷ
941 4948 1032 5001 τὸν
1061 4948 1176 5018 βίον
1205 4948 1390 5010 αὐτοῖς
1417 4948 1497 5009 είς
1535 4945 1680 5017 ζωὴν
1713 4952 1809 5003 καὶ

243 5037 461 5096 θάνατον
504 5041 950 5115 διαμερισθῆναι,
1003 5043 1102 5095 καὶ
1136 5042 1237 5113 ζῇν
1290 5042 1390 5111 μὲν
1420 5042 1478 5095 ὲν
1502 5041 1681 5108 νυκτὶ,
1715 5060 1807 5095 vso

1917 4595 2038 4637 esse
2061 4579 2391 4636 destinatum
2427 4598 2440 4635 :
2480 4581 2906 4636 tandemtamen
2962 4581 3016 4634 in
3065 4582 3294 4648 patriam
3341 4582 3489 4634 redi-

1919 4681 2087 4735 turos,
2143 4671 2237 4727 sed
2290 4687 2412 4727 cum
2448 4671 2551 4725 alia
2582 4672 2733 4741 prius
2770 4674 2997 4727 adversa
3040 4685 3322 4742 passuros,
3373 4681 3486 4726 tum

1917 4764 2210 4832 impietatis
2256 4765 2310 4819 in
2369 4773 2623 4834 parentes
2651 4765 2891 4835 (tametsi
2925 4760 3286 4834 delit'prissent
3313 4765 3490 4834 inviti)

1916 4869 2106 4925 poenas
2144 4856 2409 4911 daturos:
2445 4856 2608 4910 vitam
2667 4855 2920 4910 nimirum
2974 4856 3106 4925 ipsis
3150 4871 3273 4912 cum
3315 4869 3494 4913 morte

1916 4949 2140 5004 alternis
2196 4948 2403 5005 vicibus
2428 4959 2818 5005 commutatum
2870 4950 2960 5015 iri,
2989 4958 3045 5005 et
3083 4959 3244 5006 noctu
3272 4951 3491 5021 quidem

1914 5042 2152 5096 victuros
2187 5039 2326 5112 (25),
2369 5041 2602 5098 interdiu
2657 5056 2784 5097 vero
2838 5056 3056 5112 semper
3102 5052 3347 5098 mortuos
3399 5041 3491 5095 fu-

1519 5154 1606 5208 VA
1616 5153 1753 5210 RL‘E
1794 5155 1834 5208 Ι,
1848 5153 2202 5213 ECTIONES.

327 5244 374 5322 ’ξ
394 5247 521 5316 περὶ
547 5264 611 5311 ς’.
669 5247 1125 5322 ,οξ-Αἰνησίδημον
1165 5246 1416 5302 Leicliius
1450 5261 1504 5317 p.
1536 5262 1589 5301 Ix
1612 5264 1624 5300 :
1651 5249 1993 5319 αἱνισξδημον
2025 5251 2065 5303 Α
2091 5270 2104 5305 :
2138 5250 2510 5322 σαινισίδημον
2533 5250 2573 5305 C
2606 5269 2665 5316 ς.
2744 5252 2791 5286 ⁸⁸
2821 5252 3144 5307 Λεοντιόνων
3170 5270 3232 5317 ς’.
3309 5255 3354 5287 ’9
3370 5256 3491 5308 Μα-

248 5315 477 5381 σαγέτας
496 5334 563 5382 ς.
667 5317 683 5349 ⁸
711 5317 811 5371 ἴδοι
834 5315 895 5382 ςζ
973 5319 993 5349 ²
1024 5318 1194 5381 Γέτας
1228 5335 1290 5382 ς.

1681 5406 1912 5466 NOTAE.

318 5498 617 5566 (ﬁlﬂodie
652 5498 796 5554 (ἴσὺο
836 5502 900 5555 de
955 5500 1247 5568 Finistem,
1303 5510 1590 5556 nautarum
1649 5500 1809 5565 vulgo

254 5574 378 5692 ξιῡιῖά
626 5570 682 5624 in
726 5568 1016 5627 Thesauro.
1046 5574 1345 5629 Meminere
1376 5572 1539 5635 Plin.,
1586 5568 1805 5635 Strabo.

304 5656 327 5681 οι
350 5658 374 5688 a
404 5658 432 5691 oe
480 5655 508 5691 a
538 5656 595 5693 η.

320 5708 427 5784 (Z5)
462 5709 732 5784 Plorantis
762 5712 867 5766 hoc
894 5715 1033 5784 apud
1082 5717 1261 5772 Strab.
1302 5714 1395 5770 lib.
1449 5729 1543 5782 vn,
1580 5709 1802 5768 Suidun.

259 5784 305 5833 rt
338 5777 587 5837 llcrodot.
622 5777 964 5851 Melpomené.

1983 5505 2094 5564 (9.4)
2132 5505 2206 5559 De
2227 5521 2330 5574 qua
2356 5520 2470 5572 seq.
2506 5520 2629 5573 pag.

1993 5575 2107 5645 (ΞΒ)
2138 5576 2253 5640 Qua
2281 5576 2490 5629 ratione
2514 5584 2701 5645 noctes
2728 5574 2931 5629 vixisse
2963 5574 3032 5629 60
3086 5591 3247 5644 supra
3278 5574 3487 5641 septin-

1916 5659 2105 5714 gentas
2141 5645 2477 5712 sepulcrales
2520 5644 2792 5701 docebunt
2837 5645 3233 5714 inscriptiones,
3290 5646 3386 5705 inf.
3426 5649 3500 5709 it;

1918 5713 2022 5771 tine
2048 5713 2204 5783 huius
2224 5714 2445 5770 codicis.
