3932 6240
441 322 557 390 ’1⁵11

1582 332 1844 405 ΡΗΟΤΙΙ
1909 339 2414 407 ΡΑΤΒΙΑΗΟΗιΕ
2454 350 2562 413 CP.

3598 350 3704 417 4'72

458 451 631 496 turos.
662 441 859 498 'Rel'ert
886 443 1129 513 insuper,
1147 454 1215 497 ἰη
1235 444 1346 497 ἰιοο
1369 440 1552 501 audito
1579 448 1857 514 vaticinio,
1895 449 2023 504 inde

2147 456 2291 527 ιροὺς
2319 453 2383 512 ’δὲ
2427 462 2485 514 ἐν
2510 462 2711 535 ἑκάστῃ
2739 456 2878 517 εἶναι
2905 461 3117 535 ἡμέρᾳ·
3152 458 3272 516 εἶτα
3313 461 3391 526 ὡς
3428 461 3706 527 τοιούτους

458 533 833 600 discesserint,
887 538 1095 589 Astraeo
1130 551 1262 589 cum
1292 534 1608 591 Zamolxide
1647 550 1859 594 summa
1885 543 2029 609 apud

458 624 627 682 Getas
658 627 711 680 in
742 627 1143 682 existimatione
1198 628 1436 684 relictis:
1476 642 1599 698 quae
1640 631 1777 685 item
1824 634 1890 687 ad
1920 631 2030 687 Bo-

460 733 608 773 ream
645 719 833 775 videre
883 721 1198 776 admiranda
1254 730 1426 793 atque
1466 724 1667 780 audire
1717 726 1851 795 ipsis
1885 740 2027 781 'cou-

459 810 663 879 tigerit.

530 897 656 953 llaec
677 914 799 954 cum
830 901 1015 956 omnia
1056 900 1244 957 Dinias
1280 902 1332 957 in
1363 902 1535 958 Thule
1564 902 1869 976 Dercyllide
1902 922 2030 962 nar-

458 997 614 1043 rante
643 992 900 1058 auilisset,
931 995 1118 1049 eadem
1171 1012 1315 1051 nunc
1343 998 1548 1052 referre
1600 1001 1775 1070 pergit
1811 1001 2029 1073 Cymbaa

456 1081 675 1135 Arcadi.
695 1082 772 1136 Ad
794 1085 906 1138 haec
922 1087 1108 1152 etiam,
1132 1096 1192 1140 ut
1217 1086 1432 1157 Paapis,
1458 1084 1777 1161 Dercyllidis
1806 1094 2029 1162 vestigia

459 1168 757 1234 insecutus.
794 1173 847 1227 in
897 1189 961 1228 ea
996 1176 1190 1245 1101:
1242 1177 1418 1232 insula
1465 1179 1597 1248 ipsis
1622 1183 2026 1250 supervenerit,

457 1268 513 1312 et
536 1270 657 1316 arte
683 1277 777 1317 sua
803 1267 1010 1334 magica
1050 1267 1151 1321 hoc
1190 1265 1453 1333 effecerit,
1480 1280 1538 1322 ut
1581 1269 1812 1324 interdiu
1850 1286 2029 1325 more-

459 1359 668 1416 rentur,
720 1366 877 1409 nocte
933 1372 1063 1411 vero
1121 1360 1415 1414 accedente
1472 1342 1881 1428 reviviscerent,
1928 1363 2031 1418 hoc

460 1452 665 1497 tantum
693 1445 797 1499 ritu
832 1447 900 1502 ad
927 1448 1056 1502 illud
1091 1449 1427 1505 eliiciendum
1460 1468 1611 1517 usus,
1640 1455 1780 1523 quod
1819 1455 2030 1522 publice

455 1534 511 1589 in
544 1536 986 1594 illornm'faciem
1048 1554 1393 1612 conspueret.
1454 1544 1832 1600 Thruscanum
1898 1547 2028 1602 item

455 1629 766 1695 quemdam,
828 1628 1002 1688 Thule
1064 1633 1378 1699 oriundum,
1454 1636 1774 1708 Dercyllidis
1844 1653 2031 1695 amore

456 1730 693 1786 captum,
738 1723 854 1777 viso
876 1734 1122 1780 amatam
1147 1742 1298 1781 suam
1326 1727 1765 1799 Pnnpidis'malis
1814 1732 2027 1787 artibus

2128 552 2412 621 χρησμοὺς
2436 551 2692 618 λαϐόντες
2716 555 3038 626 ἀπαίρουσιν
3054 554 3286 621 ἐκεῖθεν,
3306 555 3400 608 τὸν
3420 555 3708 626 Ἀστραῖον

2128 640 2226 695 σὺν
2286 643 2522 714 Ζαμόλξι
2582 646 2904 710 λείποντες³
2957 646 3063 701 ὑπὸ
3095 646 3276 700 Γετῶν
3323 644 3707 716 δοξαζόμενονο

2125 732 2223 785 καὶ
2270 732 2373 786 ὅσα
2429 735 2561 805 περὶ
2616 735 2828 809 Βορρᾶν
2867 734 3050 800 αὐτοῖς
3101 736 3363 807 τεράστια
3427 734 3559 787 ίδείν
3615 735 3709 788 καὶ

2118 820 2358 876 ’ἀκοῦσαι
2388 824 2709 897 συνηνέχθη.

2195 908 2382 970 Ταῦτα
2407 917 2586 971 πάντα
2610 918 2825 982 Δεινίας
2857 916 3001 971 κατά
3022 910 3152 991 [18⁵7
3184 910 3279 988 Η.]
3306 916 3515 986 Θούλην
3542 917 3708 970 ἀκού-

2130 1028 2228 1075 σας
2289 1010 2653 1081 διηγουμένης
2686 1009 3039 1083 Δερκυλλίδας
3083 1008 3363 1077 εἰσάγεται
3392 1007 3488 1061 νῦν
3520 1009 3702 1076 ἀπαγ-

2127 1101 2332 1168 γέλλων
2376 1099 2453 1170 τῷ
2508 1098 2732 1172 ’Λρκάδι
2778 1095 3002 1170 Κύμϐᾳ.
3039 1094 3176 1151 ’Ἐπὶ
3223 1096 3435 1161 τούτοις
3480 1097 3579 1150 καὶ
3633 1097 3709 1159 ὡς

2127 1187 2347 1255 Παάπις
2392 1191 2602 1245 διώκων
2666 1190 2782 1261 μετ’ι
2838 1191 2983 1260 ῐχνια
3036 1191 3164 1253 τοὺς
3215 1190 3346 1260 περὶ
3376 1188 3709 1260 Δερκυλλίδα

2129 1285 2332 1355 ἐπέστη
2378 1283 2564 1344 αὐτοῖς
2589 1285 2647 1336 ὲν
2691 1285 2757 1353 τῇ
2805 1284 2994 1353 νήσῳ,
3032 1282 3129 1335 καὶ
3172 1281 3235 1335 τὸ
3287 1281 3461 1345 πάθος
3501 1283 3710 1345 ἐκεῖνος

2128 1377 2292 1460 τέχνῃ
2329 1377 2537 1446 μαγικῇ
2581 1372 2841 1446 ἐπέθηκε,
2873 1374 3125 1447 θνήσκειν
3170 1374 3267 1446 μὲν
3298 1375 3541 1444 ἡμέρας,
3576 1376 3710 1427 ἁνα-

2118 1468 2383 1521 ’6ιὼσκειν
2437 1465 2495 1521 δὲ
2542 1467 2739 1530 νυκτὸς
2786 1466 3189 1537 ἐπιγινομένης.
3252 1466 3365 1519 Καὶ
3419 1466 3483 1518 τὸ
3539 1466 3710 1528 πάθος

2129 1560 2315 1625 αὐτοῖς
2343 1556 2602 1632 ἐνέθηκεν
2647 1559 2934 1630 ὲμπτύσας
2976 1558 3157 1612 αὐτῶν
3209 1557 3354 1611 κατά
3377 1557 3438 1610 τὸ
3466 1559 3710 1627 ἐμφανὲς

2128 1654 2244 1707 τοῖν
2292 1653 2604 1725 προσώποιν
2622 1650 2664 1704 ⁸.
2698 1651 2808 1705 Kal.
2835 1650 2911 1714 ὡς
2944 1650 3288 1722 Θρουσκανός
3313 1668 3395 1714 τις
3414 1648 3706 1719 Θουλίτης,

2129 1745 2365 1818 ἐραστὴς
2415 1744 2678 1814 διάπυρος
2726 1743 3099 1816 Δερκυλλίδος,
3167 1744 3287 1797 ἰδὼν
3317 1743 3597 1797 πεσοῦσαν
3634 1741 3709 1810 τῷ

458 1811 667 1866 incum
703 1815 949 1870 morbum
995 1819 1286 1885 incidisse,
1342 1821 1614 1892 ingentem
1666 1830 1800 1878 adeo
1848 1839 1914 1879 ex
1963 1839 2028 1878 eo

2226 1811 2502 1901 Παάπιδος
2534 1811 2698 1891 πάθει
2732 1811 2830 1905 τὴν
2857 1835 3140 1907 ἐρωμένην
3170 1835 3264 1889 καὶ
3292 1833 3705 1906 ὑπεραλγήσας,

461 1903 671 1971 cepisse
693 1905 956 1973 dolorem,
995 1920 1055 1963 ut
1086 1911 1265 1966 subito
1294 1913 1530 1982 Paapida
1566 1914 1829 1970 invadens
1852 1915 2032 1984 gladio

452 2001 814 2065 percusserit,
864 2012 1038 2071 atque
1075 2004 1438 2061 interfecerit.
1472 2006 1627 2062 Hunc
1677 2009 1766 2062 vix
1819 2010 2033 2063 tandem

466 2085 659 2158 Tyrios
688 2092 957 2147 malorum
983 2096 1248 2163 reperisse
1278 2097 1502 2152 exitum.
1543 2097 1921 2154 Thruscsnum
1948 2108 2039 2153 ‘ta-

399 2214 419 2234 .
470 2194 589 2237 tuen
630 2192 913 2251 postquam
943 2184 1252 2253 Dercyllide
1294 2198 1530 2242 mortuae
1582 2189 1814 2244 similem
1851 2188 2037 2257 jacere

467 2273 768 2337 conspexit,
800 2284 1027 2330 mortem
1060 2276 1162 2331 sibi
1220 2293 1434 2349 quoque
1498 2283 1852 2337 conscivisse.
1915 2281 2038 2337 Haec

469 2364 632 2434 igitur
654 2367 861 2433 omnia,
891 2380 947 2422 et
985 2370 1093 2424 alia
1137 2369 1190 2426 id
1244 2384 1414 2443 genus
1447 2374 1698 2443 plurima,
1741 2386 1804 2430 ut
1848 2389 2037 2430 eorum

468 2456 820 2526 sepulturam,
850 2471 904 2513 et
928 2477 959 2514 e
994 2462 1198 2516 tumulo
1226 2465 1479 2531 reditum,
1497 2478 1711 2522 umores
1739 2458 2039 2532 Mantinia,

467 2562 695 2617 qumque
723 2552 858 2604 'hinc
891 2552 997 2607 illis
1032 2553 1366 2621 acciderunt,
1396 2565 1451 2610 et
1475 2557 1595 2625 ejus
1651 2557 1842 2611 farina:
1868 2557 2038 2611 multa

469 2654 593 2694 cum
624 2641 813 2695 Diniss
843 2643 897 2695 in
937 2642 1111 2699 Thule
1151 2645 1351 2710 insula,
1401 2644 1706 2719 Dercyllide
1741 2647 2039 2714 referente,

469 2731 833 2798 cognovisset,
854 2733 1145 2788 inducitur
1199 2744 1341 2791 nunc
1381 2738 1570 2792 eadem
1597 2736 1817 2809 Cyrnst
1844 2739 2040 2793 Arcadi

471 2833 926 2876 commemorans.
961 2823 1139 2892 Atque
1170 2826 1269 2879 hic'
1295 2828 1513 2883 tandem
1572 2829 1699 2883 linis
1750 2838 1832 2883 est
1881 2829 2042 2883 ‘tertii

470 2920 528 2972 et
544 2911 787 2967 vicesimi
814 2913 958 2981 libri,
996 2913 1216 2971 Antonii
1254 2918 1507 2989 Diogenis
1528 2917 1935 2973 Incredibilium
1972 2921 2046 2974 de

477 2999 939 3074 Thule-inscripti,
961 3022 1085 3060 cum
1118 3008 1249 3062 nihil
1290 3023 1449 3079 pene,
1481 3025 1545 3064 ac
1583 3011 1685 3065 nisi
1717 3024 1889 3080 pauca
1924 3022 2044 3065 tan-

2136 1932 2332 2003 ἀθρόον
2351 1933 2450 1984 τε⁵
2503 1928 2754 1995 ἐπιστὰς,
2816 1929 2969 1982 παίει
3009 1929 3152 1997 ξίφει
3200 1932 3263 1981 ὲκ
3300 1927 3394 1981 τοῦ
3436 1926 3709 1996 αἰφνιδίου

2133 2024 2226 2078 τὸν
2257 2024 2473 2077 Παάπιν
2506 2023 2601 2075 καὶ
2628 2022 2859 2092 ἀναιρεῖ,
2924 2019 3085 2074 τοῦτο
3131 2020 3284 2091 μόλις
3336 2019 3446 2072 τῶν
3497 2018 3711 2088 μυρίων

2136 2115 2360 2169 κακῶν⁶
2408 2113 2558 2178 τέλος
2608 2113 2927 2184 εύράμενον.
2960 2110 3563 2181 ΚαὶώςΘρουσκανὸς,
3589 2109 3713 2161 ἐπεὶ

2135 2206 2430 2277 Δερκυλλὶς
2475 2205 2654 2261 ἔκειτο
2686 2205 2920 2260 δοκούσα
2970 2205 3160 2276 νεκρὰ,
3198 2205 3387 2257 ἑαυτὸν
3441 2205 3715 2255 ἐπικατα-

2124 2300 2386 2368 σφάττει.
2413 2297 2600 2352 Ταῦτα
2624 2299 2802 2352 πάντα
2831 2298 2927 2351 καὶ
2957 2296 3162 2350 τούτων
3193 2296 3362 2366 ἓτερα
3393 2295 3567 2347 πολλά
3604 2312 3717 2346 πα-

2140 2394 2436 2465 ραπλήσια,
2488 2391 2588 2461 τήν
2640 2400 2699 2443 τε
2751 2390 2925 2459 ταφὴν
2971 2386 3152 2442 αύτῶν
3205 2387 3301 2441 καὶ
3350 2386 3450 2456 τὴν
3500 2385 3715 2440 ἐκεῖθεν

2139 2483 2563 2555 ὑπαναχώρησιν
2591 2483 2688 2537 καὶ
2703 2480 2831 2544 τοὺς
2864 2479 3073 2550 ἔρωτας
3105 2478 3463 2543 Μαντινίουθ,
3490 2477 3588 2531 καὶ
3614 2477 3721 2537 ὅσα

2134 2578 2226 2632 διὰ
2257 2577 2417 2631 τοῦτο
2444 2575 2663 2647 συνέϐη,
2691 2575 2784 2628 καὶ
2810 2571 2975 2644 ἕτερα
3006 2574 3170 2644 ὅμοια
3204 2570 3346 2626 κατά
3371 2569 3582 2638 Θούλην
3614 2570 3715 2639 τὴν

2141 2668 2304 2738 νῆσον
2348 2666 2560 2730 Δεινίας
2616 2663 2804 2736 μαθὼν
2890 2661 3295 2735 μυθολογούσης
3358 2659 3717 2733 Δερκυλλίδος

2142 2759 2418 2825 εἰσάγεται
2468 2756 2563 2810 νῦν
2612 2756 2953 2824 συνυφαίνων
2994 2758 3061 2825 τῇ
3091 2754 3312 2825 Ἀρκάδι
3346 2752 3591 2824 Κύμϐᾳσ
3623 2768 3721 2807 και

2143 2850 2555 2922 συμπληρούται
2603 2848 2874 2919 Ἀντωνίῳ
2916 2847 3156 2915 Διογένει
3222 2847 3251 2898 ὁ
3304 2843 3552 2907 εἰκοστὸς
3605 2842 3724 2915 τρί-

2140 2958 2232 3005 τος
2307 2942 2464 3009 λόγος
2525 2938 2649 2994 Τῶν
2721 2937 2872 3005 ὑπὲρ
2931 2937 3172 3003 Θούλην
3256 2934 3722 3005 ἐπιγραφομένων

2144 3033 2455 3095 Ἀπιστων,
2498 3031 2678 3083 καίτοι
2708 3027 2929 3100 μηδὲνῆ
2963 3026 3169 3098 βραχέα
3211 3026 3335 3079 κατ’
3380 3025 3556 3096 ἀρχὰς
3594 3022 3725 3094 περὶ

472 3105 588 3160 tum
631 3097 702 3152 ab
729 3098 893 3153 'initio
927 3100 1081 3170 hujus
1111 3106 1292 3171 operis
1332 3106 1399 3160 de
1429 3106 1529 3161 hac
1554 3106 1741 3161 insula
1764 3106 2042 3160 memoriae

2148 3123 2358 3195 Θούλης
2389 3123 2490 3194 τῆς
2514 3097 2838 3194 συγγραφῆς
2863 3097 3311 3189 ὑποδηλωσάσης.

472 3188 795 3260 ρῐοιίἰιίθτῐι.

547 3283 783 3349 Quartus
813 3292 943 3340 vero
971 3298 1026 3342 et
1068 3288 1365 3342 vicesimus
1409 3287 1550 3342 liber
1600 3289 1813 3343 inducit
1851 3289 2046 3343 Aznl'rn

476 3386 810 3441 narrantem,
865 3384 1027 3450 atque
1076 3380 1202 3435 inde
1225 3382 1390 3435 etiam
1422 3381 1630 3436 Diniam
1682 3383 1749 3435 ad
1793 3390 1856 3436 ea
1930 3390 2051 3449 qum

474 3476 633 3533 antea
658 3468 877 3539 Cymbae
903 3472 1196 3535 retulisset,
1224 3472 1467 3528 Azulidis
1488 3484 1636 3543 gesta
1658 3473 2046 3529 cumulantem.

477 3558 758 3625 Quomodo
787 3563 1040 3617 nimirum
1075 3564 1470 3633 praestigiarum
1510 3565 1720 3620 illarum
1779 3567 2046 3621 rationem

477 3651 917 3721 deprehenderit,
946 3656 1144 3723 quibus
1199 3642 1396 3724 Paa'pis
1450 3657 1752 3729 Dercyllida
1800 3668 1855 3712 et
1895 3656 2050 3711 Man—

479 3742 668 3799 tiniam
700 3743 1022 3811 lndilicarat,
1061 3756 1220 3801 nocte
1242 3748 1459 3815 quidem
1494 3754 1552 3801 ut
1604 3748 2052 3817 viventes-appa-

479 3843 684 3905 rerent,
724 3835 961 3889 interdiu
1013 3853 1146 3894 vero
1178 3840 1421 3894 mortui:
1453 3849 1620 3910 utque
1672 3841 1872 3894 malum
1920 3840 2052 3894 illud

479 3924 771 3993 depulerit,
802 3942 927 3995 cum
969 3929 1185 3983 modum
1218 3944 1285 3984 ac
1329 3930 1596 3984 rationem
1632 3930 1793 4001 hujus
1842 3930 2055 3984 crucia-

483 4028 592 4080 tus,
616 4018 844 4089 ejusque
868 4022 1094 4076 curandi
1127 4022 1268 4076 viam
1306 4022 1584 4077 didicisset
1609 4036 1683 4075 ex
1712 4022 1897 4092 perula
1924 4022 2057 4076 Paa-

484 4109 650 4184 pidis,
675 4122 839 4178 quam
879 4125 1066 4166 secum
1109 4111 1401 4168 Mantinias
1428 4123 1589 4181 atque
1619 4112 1880 4183 Dercyllis
1914 4123 2058 4167 attu-

481 4201 680 4277 lerant.
744 4201 931 4272 Neque
976 4204 1078 4259 hoc
1122 4207 1317 4270 solum,
1359 4205 1455 4258 sed
1500 4216 1556 4259 et
1613 4205 1745 4259 illud
1823 4206 2053 4274 reperit,

485 4295 759 4363 quomodo
788 4293 1055 4365 Dercyllis
1092 4303 1150 4349 et
1192 4294 1477 4349 Mantinins
1520 4305 1772 4363 parentes
1810 4294 2057 4363 jacenles

485 4385 691 4456 ingenti
750 4388 891 4440 man
928 4386 1165 4441 liberare
1213 4395 1452 4456 possent.
1503 4384 1616 4441 Hos
1662 4386 1807 4442 enim
1868 4386 1942 4441 illi
1988 4402 2057 4442 ex

483 4477 738 4548 Paapidis
788 4479 1131 4548 prascripto,
1174 4479 1334 4547 quasi
1400 4478 1502 4533 hoc
1552 4478 1654 4532 sibi
1710 4477 2051 4548 profuturum

446 4618 451 4631 .
485 4580 649 4638 esset,
664 4571 824 4642 gravi
876 4570 1174 4643 aiecerant
1206 4570 1577 4637 incommodo,
1623 4585 1745 4625 cum
1776 4570 1937 4636 longo
1961 4585 2056 4626 eos

488 4672 734 4730 tempore
758 4672 1108 4729 mortuorum
1138 4661 1506 4728 instarjneere
1529 4660 1804 4715 fecissent.
1838 4661 2064 4715 Accedit

489 4755 616 4819 huc,
649 4753 723 4806 uti
774 4753 1056 4823 Dercyllis,
1093 4764 1149 4808 et
1182 4753 1470 4807 Mantinius
1526 4753 1580 4807 in
1632 4752 1867 4822 patriam
1925 4767 2062 4820 pro-

489 4832 755 4921 perarint,
817 4846 1132 4915 parentibus
1184 4852 1243 4918 ut
1304 4845 1468 4902 vitam
1533 4844 1882 4916 salutemque
1934 4846 2058 4900 red-

491 4938 702 4990 derent.

564 5026 750 5082 Dinias
787 5028 1003 5087 interim
1031 5042 1133 5082 una
1169 5042 1292 5083 cum
1317 5027 1583 5085 Carmane
1602 5037 1655 5082 et
1679 5027 1941 5095 Menisco,
1971 5042 2062 5082 se-

490 5130 684 5189 parato
705 5121 774 5173 ab
800 5121 930 5189 ipsis
955 5121 1201 5197 Asulide,
1250 5120 1390 5172 ultra
1452 5120 1619 5186 ipsam
1654 5119 1863 5177 Thulen
1896 5121 2062 5174 etiam

491 5213 769 5271 oberravit
793 5229 809 5278 ;
840 5228 948 5282 quo
970 5214 1187 5285 quidem
1212 5214 1263 5266 in
1285 5226 1470 5266 errore
1496 5228 1617 5282 qum
1665 5228 1827 5282 supra
1855 5213 2065 5269 Thulen

494 5302 834 5360 incredibilia
866 5306 1081 5372 viderit,
1111 5322 1251 5359 nunc
1281 5306 1550 5362 inducitur
1580 5303 1778 5359 referre
1805 5305 2022 5377 Cynihze
2049 5326 2062 5361 :

2074 3173 2121 3232 C

2229 3302 2289 3356 ὐ
2308 3301 2364 3355 δὲ
2393 3299 2635 3362 εἰκοστὸς
2690 3296 2951 3367 τέταρτος
3009 3294 3166 3365 λόγος
3224 3294 3437 3363 εἰσάγει
3471 3292 3727 3356 Ἀζουλιν

2148 3394 2525 3464 διηγούμενον,
2559 3392 2814 3445 κάκεῖθεν
2840 3389 3055 3443 Δεινίαν
3079 3391 3195 3451 τοῖς
3228 3387 3543 3458 ἔμπροσθεν
3574 3385 3727 3454 αὐτῷ

2154 3485 2564 3558 μυθολογηθεῖσι
2614 3483 2751 3554 πρὸς
2790 3478 3038 3555 ’Κύμὸαν
3100 3479 3417 3549 συνείροντα
3449 3475 3728 3540 τάἈζού-

2150 3577 2416 3644 λιδος,’ὡς
2441 3577 2764 3646 κατανοήσοι
2811 3574 2915 3645 τῆς
2941 3571 3197 3645 γοητείας
3219 3572 3308 3625 τὸν
3338 3569 3562 3642 τρόπον,
3606 3567 3730 3623 καθ¹

2150 3672 2210 3724 ὃν
2230 3671 2446 3732 Παάπις
2478 3672 2768 3739 ὲγοήτευσε
2791 3666 3123 3736 Δερκυλλίδα
3147 3666 3243 3719 καὶ
3288 3663 3591 3717 Μαντινίαν
3641 3678 3731 3714 νυς

2155 3766 2245 3815 κτὶ
2277 3762 2375 3832 μὲν
2416 3759 2624 3824 ζῶντας
2650 3762 2706 3813 ὲν
2727 3760 2916 3829 ἡμέρᾳ
2935 3759 2957 3790 ⁸
2988 3757 3045 3811 δὲ
3070 3752 3485 3826 νεκροὺςλεῖναι,
3528 3753 3625 3806 καὶ
3656 3752 3730 3814 ὡς

2156 3852 2470 3922 ἀπήλλαξεν
2493 3853 2691 3915 αὐτοὺς
2711 3849 2805 3903 τοῦ
2825 3848 3054 3913 πάθους,
3089 3848 3178 3901 τόν
3206 3863 3268 3898 τε
3294 3846 3496 3917 τρόπον
3530 3845 3629 3913 τῆς
3652 3860 3732 3895 τι-

2157 3944 2370 4016 μωρίας
2390 3942 2594 4013 ταύτης
2609 3942 2704 3995 καὶ
2723 3942 2786 4011 δὴ
2808 3941 3009 4010 καὶτῆς
3030 3940 3228 4002 ίάσεως
3254 3939 3319 3992 ὲκ
3339 3935 3434 3989 τοῦ
3478 3933 3730 4004 πηριδίου

2156 4034 2398 4113 ἀνευρὼν
2420 4034 2512 4088 τοῦ
2568 4033 2866 4099 Παάπιδος,
2893 4033 2922 4086 ὃ
2953 4031 3385 4102 συνεπφέροντο
3430 4027 3732 4086 Μαντινίας

2156 4130 2251 4183 καὶ
2276 4128 2588 4198 Δερκυλλίς.
2608 4127 2682 4180 Οὐ
2706 4126 2863 4196 μόνον
2887 4126 2964 4189 δὲ,
2984 4122 3100 4180 ἀλλ’
3118 4117 3245 4193 εὗρε
3259 4120 3354 4176 καὶ
3384 4122 3535 4182 ὅπως
3551 4121 3572 4150 ⁹
3607 4120 3732 4185 Δερ-

2157 4222 2341 4284 κυλλὶς
2371 4222 2464 4274 καὶ
2531 4220 2831 4281 Μαντινίας
2882 4215 3252 4282 ἀπαλλάξειαν
3284 4213 3525 4284 μεγάλου
3560 4210 3730 4265 κακοῦ

2156 4314 2283 4375 τοὺς
2337 4313 2531 4375 τοκέας
2567 4311 2882 4380 κειμένους,
2932 4308 3026 4372 οὒς
3073 4308 3380 4378 ὑποθήκαις
3422 4300 3731 4365 ⁵ῐΙαάπιδος.

2158 4400 2281 4476 [561
2315 4403 2405 4476 IL]
2430 4405 2505 4468 ὡς
2531 4403 2596 4458 ἂν
2640 4404 2733 4456 ἐπὶ
2772 4402 2850 4475 τῷ
2908 4401 3133 4454 ἐκείνων
3187 4398 3550 4471 συμφέροντι,
3583 4396 3733 4449 αὐτοὶ

2158 4495 2521 4566 ἐλυμήναντο,
2541 4497 2632 4549 ίσα
2648 4495 2861 4548 κεῖσθαι
2891 4495 3104 4564 νεκροῖς
3130 4493 3342 4562 μακρὸν
3372 4490 3571 4561 χρόνον
3602 4503 3733 4542 κατ·
3785 4520 3799 4529 -

2158 4589 2541 4659 emancipatam.
2569 4584 2704 4641 Εῐτα
2750 4587 2823 4650 ὡς
2852 4586 3061 4639 ἐκεῖθεν
3078 4584 3373 4654 Δερκυλλὶς
3420 4583 3540 4652 ἅμα
3584 4581 3735 4634 Μαν-

2157 4681 2302 4750 τινίᾳ
2332 4682 2424 4733 ὲπ⁴ι
2443 4682 2544 4750 τὴν
2570 4678 2807 4750 πατρίδα
2831 4675 3091 4730 ἔσπευδον
3122 4676 3217 4727 ἐπὶ
3238 4677 3304 4745 τῇ
3330 4672 3443 4727 τῶν
3470 4672 3736 4725 τεκόντων

2158 4771 2452 4826 ἀναϐιώσει
2480 4773 2576 4826 καὶ
2623 4771 2888 4842 σωτηρίᾳ.

2230 5030 2441 5093 Δεινίας
2466 5029 2523 5082 δὲ
2552 5027 2668 5097 ἅμα
2692 5026 2964 5098 Καρμάνῃ
3004 5026 3101 5080 καὶ
3128 5024 3417 5095 Μηνίσκῳ,
3469 5025 3737 5091 ἀποχωρι-

2163 5125 2379 5185 σθέντος
2396 5123 2581 5183 αὐτοῖς
2604 5119 2928 5184 Ἀςούλιδος,
2960 5118 3097 5189 πρὸς
3125 5118 3192 5170 τὰ
3215 5117 3357 5187 ὑπὲρ
3405 5114 3507 5187 τὴν
3534 5112 3739 5182 Θούλην

2160 5216 2261 5286 τὴν
2314 5213 2521 5282 πλάνην
2553 5211 2816 5277 ἐξέτεινον
2836 5227 2851 5243 ·
2887 5210 3005 5264 καθ’
3029 5211 3096 5282 ἢν
3117 5209 3327 5277 πλάνην
3358 5209 3431 5262 τὰ
3449 5207 3589 5277 ὑπὲρ
3638 5207 3739 5268 τὴν

2163 5303 2372 5374 Θούλην
2399 5305 2602 5358 ἄπιστα
2632 5302 2932 5355 θεάσασθαι
2966 5300 3062 5355 νῦν
3083 5300 3449 5368 ἀπαγγέλλων
3468 5298 3742 5365 εἰσάγεται

493 5411 557 5450 ea
591 5397 846 5451 nimirum
877 5412 908 5470 a
957 5413 1017 5452 se
1063 5407 1354 5467 conspecta
1404 5412 1525 5452 esse
1574 5397 1784 5465 dicens,
1844 5414 1964 5467 qua:
2012 5414 2043 5451 e

2166 5396 2391 5467 Κύμόᾳ,
2432 5396 2625 5461 ,ἐκεῖνα
2682 5395 2853 5465 λέγων
2887 5394 3015 5448 ίδείν
3058 5393 3206 5448 ἀκαὶ
3234 5394 3284 5445 oi
3315 5393 3414 5464 τῆς
3440 5387 3739 5462 ἀστροθεὰ-

1778 5553 2014 5608 vsnma
2056 5551 2459 5623 LECTIONES.

585 5670 608 5703 ⁸
630 5669 880 5732 λιπόντες
910 5667 974 5721 Α.

1073 5668 1094 5700 δ
1119 5668 1181 5722 τὸ
1207 5669 1496 5738 πρόσωπον
1528 5685 1587 5731 ς’.
1691 5670 1713 5698 "
1741 5687 1799 5722 τε
1836 5671 1959 5725 add.
2002 5670 2064 5727 A.

498 5740 787 5809 ’ίΜαντίον
820 5754 881 5804 ς.
957 5738 979 5770 ⁸
1006 5739 1063 5791 ὲν
1101 5738 1283 5821 ἡμέρᾳ
1309 5740 1350 5791 Α
1384 5755 1395 5790 :
1424 5739 1632 5809 ἡμέρας
1666 5757 1723 5804 ς.
1797 5744 1817 5773 ⁹
1850 5741 1995 5803 ὅπως
2025 5743 2068 5802 Α,
2100 5758 2113 5795 :

2176 5672 2197 5703 ⁸
2223 5670 2427 5724 τούτων
2456 5671 2633 5742 μόνων
2665 5674 2768 5726 τῶν
2796 5672 2994 5743 τυρίων
3033 5670 3201 5726 κακὸν
3224 5701 3293 5713 -
3320 5667 3633 5742 εύραμένων
3679 5680 3736 5730 ε’.

2141 5742 2255 5805 πῶς
2292 5758 2351 5806 ς.
