3932 6240
210 363 312 430 473

1239 365 1761 428 BIBLIOTHECA.
1798 395 1868 405 -
1903 369 2065 428 COD.
2096 369 2341 429 CLXVI.

3364 367 3468 430 474

215 497 375 552 μονος
409 479 616 551 τέχνης
642 478 976 533 σπουδασταὶ
1000 478 1367 544 ὑποτίθενται,
1395 474 1507 532 οἷον
1535 481 1611 543 ὼς
1641 481 1788 534 ἔστιν

1915 493 2160 537 ιειιυοτιιιιι
2194 482 2421 536 studiosi
2459 482 2655 536 docere
2701 484 2894 535 solent.
2932 482 3119 549 Qualia
3167 493 3294 538 sunt
3315 486 3458 539 ista:

217 572 377 634 ἐνίοις
419 571 650 626 δυνατὸν
687 573 829 624 κατὰ
883 569 1128 640 κορυφὴν
1159 568 1256 638 τὴν
1278 570 1478 640 ἄρκτον
1505 565 1666 635 εἶναι,
1697 573 1794 625 καὶ

216 665 318 735 τὴν
357 665 531 716 νύκτα
582 663 861 732 μηνιαίαν,
893 668 988 714 καὶ
1019 660 1238 714 ἔλαττον
1263 660 1318 714 δὲ
1347 661 1442 713 καὶ
1484 660 1667 725 πλέον,
1700 661 1795 715 καὶ

220 754 583 824 ἑξαμηνιαίαν
603 755 682 818 δὲ,
725 753 818 807 καί⁸
842 753 904 806 τὸ
932 752 1163 821 ἔσχατον
1215 753 1554 806 ὲνιαυσιαίαν
1574 769 1590 783 ο
1612 754 1671 806 ού
1695 753 1794 823 μό-

217 863 312 898 νον
339 845 514 914 δὲτὴν
547 846 718 898 νύκτα
764 845 855 897 ἐπὶ
901 844 1154 896 τοσοῦτον
1183 845 1619 912 παρατείνεσθει,
1655 844 1794 898 ἀλλὰ

217 939 318 989 καὶ
345 937 445 1004 τὴν
491 935 706 1005 ἡμέραν
744 935 972 997 ταύταις
1026 936 1344 1004 συμϐαίνειν
1375 935 1667 1003 ἀνάλογον·
1699 937 1795 988 καὶ

217 1029 385 1098 ἕτερα
409 1027 468 1079 δὲ
493 1027 822 1095 ἀπαγγέλλει
860 1027 986 1080 ίδεῖν
1020 1027 1203 1095 ὅμοια.
1252 1025 1377 1098 [188
1410 1025 1499 1098 Ιί.]
1543 1027 1652 1080 Καὶ
1700 1028 1796 1080 ἀν-

215 1117 338 1186 θρὼ
351 1135 478 1180 κους
505 1118 562 1170 δὲ
593 1118 720 1170 ἰδεῖν
747 1118 840 1170 καὶ
859 1117 1024 1187 ἕτερά
1051 1134 1171 1168 τινα
1204 1115 1578 1186 τερατεύεται,
1612 1116 1649 1171 ἃ.
1690 1135 1795 1188 μη·-

217 1210 331 1272 δεὶς
392 1212 530 1282 μήτε
579 1213 706 1264 ίδεῖν
747 1211 848 1280 ἔφη
877 1211 1014 1281 μήτε
1045 1210 1294 1270 ἀκοῦσαι,
1321 1209 1454 1262 ἀλλὰ
1483 1210 1615 1280 μηδὲ
1658 1227 1796 1279 φαν-

215 1304 444 1367 τασίαις
492 1303 900 1358 ἀνετυπὼσατο.
935 1304 1041 1355 Καὶ
1067 1303 1126 1356 τὸ
1146 1303 1368 1356 πάντων
1413 1304 1794 1367 ἀπιστότατον,

219 1397 305 1448 ὅτι
333 1397 694 1468 πορευόμενοι
721 1397 859 1467 πρὸς
890 1396 1099 1467 Βορρᾶν
1147 1396 1240 1448 ἐπὶ
1291 1397 1540 1466 σελήνην,
1575 1395 1650 1458 ὡς
1703 1394 1795 1447 ἐπί

217 1503 347 1537 τινα
378 1486 485 1556 γῆν
526 1487 945 1556 καθαρωτάτην,
986 1486 1212 1554 πλησίον
1263 1486 1508 1554 ἐγένοντο
1533 1525 1548 1549 ,
1589 1487 1707 1540 ἐκεῖ
1732 1503 1794 1539 τε

217 1578 511 1646 γενόμενοι
535 1579 697 1631 ἴδοιεν
724 1577 760 1631 ἂ
785 1578 931 1640 εἰκὸς
961 1573 1027 1647 ἦν
1057 1579 1182 1630 ἰδεῖν
1209 1577 1302 1630 τὸν
1347 1576 1604 1646 τοιαύτην
1628 1579 1797 1648 ὑπερ-

219 1667 390 1736 ϐολὴν
423 1667 759 1736 πλασμάτων
797 1669 1310 1738 προαναπλάσαντα.
1350 1665 1484 1722 Εἶτα
1526 1669 1620 1721 καὶ⁵
1652 1669 1728 1731 ὡς
1759 1671 1793 1738 ἡ

217 1757 458 1810 Σίϐυλλα
485 1759 584 1828 τὴν
618 1759 886 1828 μαντικὴν
905 1759 1013 1812 ἀπὸ
1041 1759 1337 1828 Καρμάνου
1363 1757 1612 1810 ἀνέλαϐε.
1643 1756 1796 1809 Μετὰ

217 1851 278 1903 δὲ
307 1849 484 1904 ταῦτα
525 1851 608 1903 ὃτι
653 1850 819 1920 εὐχὰς
857 1851 996 1913 ίδίας
1050 1851 1280 1912 ἕκαστος
1307 1848 1528 1918 ηὔξατο,
1567 1848 1793 1910 καὶτοῖς

221 1941 328 2009 μὲν
359 1942 542 2004 ἄλλοις
574 1943 788 2012 ἑκάστῳ
821 1942 1115 1996 συνέπεσεν
1156 1942 1345 2011 ὥσπερ
1374 1940 1598 2012 ηύξατο,
1632 1940 1795 1993 αὑτὸν

215 2033 278 2086 δέ
301 2050 470 2104 φησιν
501 2033 710 2086 ἐκεῖθεν
730 2033 1130 2102 ἀφυπνώσαντα
1155 2035 1236 2096 είς
1268 2031 1444 2103 Τύρον
1472 2033 1553 2094 είς
1579 2029 1670 2084 τὸν
1698 2029 1794 2082 τοῦ

234 2124 532 2194 Ἡρακλέος
548 2123 683 2177 νεὼν
703 2125 1013 2196 εὑρεθῆναι,
1037 2124 1248 2177 ἐκεῖθέν
1266 2141 1323 2176 τε
1360 2122 1670 2176 ἀναστάντα
1696 2123 1795 2192 τήν

214 2231 278 2267 τε
302 2215 635 2285 Δερκυλλίδα
659 2217 862 2269 καὶτὸν
889 2217 1186 2274 Μαντινίαν
1208 2221 1457 2288 ἀνευρεῖν
1483 2213 1544 2270 εὖ
1588 2235 1803 2288 πεπρα-

216 2306 392 2378 χότας
420 2309 518 2360 καὶ
545 2307 671 2373 τούς
691 2325 748 2362 τε
774 2313 952 2376 γονεῖς
989 2311 1082 2364 τοῦ
1134 2309 1346 2381 μακροῦ
1387 2309 1803 2373 ἁπαλλάξαντας

219 2397 420 2461 ὒπνου,
465 2401 664 2470 μᾶλλον
691 2401 747 2454 δὲ
775 2401 1018 2471 ὀλέθρου,
1061 2405 1156 2457 καὶ⁴
1199 2399 1370 2456 τᾶλλα
1415 2403 1804 2473 εὐδαιμονοῦν-

221 2505 345 2549 τας.

1826 1815 1872 1874 Β

1897 572 2142 624 habitare
2177 568 2436 639 quosdam
2453 583 2608 638 posse
2636 571 2736 624 sub
2765 567 2886 639 polo
2913 571 3139 632 aretico,
3175 579 3228 622 et
3255 580 3465 621 nectent

1896 663 2128 715 inveniri
2184 661 2341 714 unius
2381 661 2603 726 mensis,
2659 660 2929 729 aliamque
2969 676 3074 728 qua
3141 662 3467 724 breviorem,

1900 753 2093 822 111a
2115 768 2217 821 qua
2276 752 2596 822 longiorem,
2634 763 2690 806 ut
2748 768 2839 806 sex
2887 753 3048 808 etiam
3087 755 3374 815 mensimn,
3417 763 3472 806 et

1894 859 2165 897 summum
2201 843 2323 897 anni
2357 845 2514 897 unius
2567 845 2799 910 spatium
2859 854 3056 897 teneat.
3095 843 3279 913 Neque
3333 860 3464 896 vero

1895 945 2107 988 noctein
2159 935 2331 990 solum
2364 951 2428 987 eo
2464 950 2634 1002 usque
2672 937 2911 1003 produci,
2942 936 3036 989 sed
3097 936 3236 1011 diem
3297 937 3466 988 etiam

1895 1027 2072 1096 ipsum
2097 1029 2341 1081 noctibus
2367 1028 2449 1080 his
2476 1027 2816 1095 proportione
2853 1028 3183 1096 respondere
3209 1045 3222 1081 :
3260 1026 3471 1095 aliaque

1895 1120 1948 1174 id
1975 1135 2142 1188 genus
2169 1133 2197 1172 a
2229 1135 2288 1173 se
2309 1119 2418 1173 visa
2444 1120 2672 1172 nuntiat.
2704 1119 2958 1173 Homines
2983 1123 3106 1173 item
3128 1121 3472 1187 conspexisse

1900 1227 1980 1274 se,
2044 1219 2099 1265 et
2132 1212 2377 1278 qua’dam
2412 1211 2514 1264 alia
2576 1212 2864 1274 fabulatur,
2924 1213 3100 1280 qualia
3163 1214 3469 1272 mortalium

1897 1319 2055 1357 nemo
2106 1303 2261 1369 vidit,
2315 1317 2413 1356 nec
2465 1303 2692 1366 audivit,
2750 1303 2846 1357 sed
2901 1318 2966 1356 ne
3026 1314 3203 1358 mente
3253 1304 3469 1371 quidem

1895 1395 2118 1452 eﬂinxit.
2152 1395 2263 1450 Hoc
2300 1406 2474 1462 autem
2505 1399 2744 1449 omnium
2769 1398 3002 1450 maxime
3027 1413 3239 1450 omnem
3261 1399 3472 1451 excedit

1896 1488 2078 1551 tidem,
2132 1489 2272 1556 quod
2343 1489 2564 1540 Boream
2625 1482 2812 1541 versus
2884 1487 3107 1556 profecti
3169 1488 3235 1540 ad
3287 1489 3468 1542 lunam

1898 1579 2138 1646 propius,
2201 1578 2551 1646 tanquamad
2581 1578 2920 1644 purissimam
2963 1578 3254 1646 quamdam
3303 1577 3475 1632 tellu—

1899 1684 2010 1721 rem
2046 1666 2180 1736 (26),
2231 1668 2579 1728 accesserint,
2624 1665 2969 1735 indidemqne
3021 1680 3247 1719 cernere
3271 1675 3468 1733 polue-

1899 1761 2092 1813 rintea
2144 1775 2262 1827 qua:
2294 1759 2494 1812 vidisse
2520 1773 2619 1827 par
2670 1769 2752 1810 est
2792 1774 2914 1812 eum
2958 1759 3046 1826 qni
3084 1772 3260 1821 nugas
3287 1756 3477 1820 hujus-

1899 1851 2041 1905 modi
2067 1867 2223 1918 supra
2255 1851 2411 1904 ﬁdem
2461 1849 2800 1903 confinxerit.
2837 1849 2916 1900 Ad
2974 1849 3086 1902 [nec
3125 1860 3179 1900 ct
3212 1847 3472 1916 Sibyllam

1898 1947 2226 2002 vaticinandi
2281 1959 2455 2000 artem
2507 1964 2535 2002 a
2572 1945 2846 2002 Carut‘ane
2875 1945 3134 1999 didicisse
3186 1945 3374 2010 tradit,
3409 1957 3475 1997 ac

1900 2050 2023 2093 vota
2056 2048 2175 2108 post
2211 2040 2311 2092 ista
2361 2053 2629 2108 quemque
2653 2054 2749 2092 sua
2807 2046 2863 2092 et
2906 2051 3096 2105 preces
3136 2036 3474 2104 concepisse,

1901 2140 2062 2199 atque
2093 2141 2151 2184 ut
2181 2140 2449 2198 optarant,
2478 2145 2564 2185 res
2590 2130 2712 2184 dein
2739 2128 2966 2199 singulis
2998 2128 3264 2182 cecidisse
3289 2146 3305 2182 :
3344 2127 3472 2180 hinc

1907 2223 2048 2275 enim
2105 2237 2134 2275 e
2186 2237 2376 2276 somno
2431 2223 2507 2275 ait
2552 2222 2847 2276 excitatqu
2897 2235 2956 2273 se
3009 2217 3138 2289 Tyri
3179 2219 3231 2272 in
3276 2217 3477 2286 templo

1910 2313 2154 2367 Ilerculis
2211 2313 2325 2383 (27)
2363 2322 2680 2378 repertum:
2745 2311 2885 2365 unde
2933 2327 3054 2363 cum
3115 2313 3466 2373 surrexisset,

1909 2403 2080 2473 ipsam
2112 2419 2322 2474 quoque
2354 2403 2653 2474 Dercyllida
2688 2412 2742 2457 et
2793 2403 3114 2455 Mantiniam
3177 2403 3474 2470 reperisse,

1911 2509 2030 2548 cum
2058 2505 2249 2548 caetera
2302 2495 2438 2549 belle
2485 2497 2742 2548 hactenus
2799 2496 3000 2564 egisse,
3062 2505 3169 2547 tum
3229 2502 3478 2563 parent:-s

222 2597 413 2636 suose
449 2584 608 2652 longo
638 2583 728 2636 illo
756 2583 870 2638 sive
919 2598 1132 2650 somno,
1161 2585 1276 2640 sive
1327 2585 1550 2638 interitu
1609 2585 1813 2650 potius,
1865 2585 2098 2640 feliciter
2145 2589 2416 2641 excitasse
2445 2586 2557 2654 (28)
2591 2587 2914 2656 beatamque
2967 2587 3125 2640 modo
3183 2585 3237 2638 in
3300 2587 3479 2638 omni—

223 2674 328 2728 bus
359 2675 524 2726 vitam
548 2676 762 2730 ducere.

293 2765 489 2819 Ταῦτα
509 2764 710 2837 Κύμδᾳ
730 2765 939 2830 Δεινίας
961 2766 1399 2839 διεμυθολόγησε,
1423 2769 1516 2822 καὶ
1535 2784 1804 2840 κυπαριτ-

221 2858 384 2921 τίνας
442 2858 659 2921 δέλτους
724 2859 1072 2928 προενεγκὼν
1132 2862 1406 2932 ἐγγράψαι
1463 2861 1664 2924 ταύτας
1713 2862 1806 2914 τὸν

235 2950 532 3019 Ἀθηναῖον
595 2950 938 3022 Ἐρασινίδην
977 2952 1021 2983 ’θ
1069 2955 1429 3023 συνεπόμενον
1473 2952 1551 3024 τῷ
1607 2952 1810 3025 Κύμὸᾳ

226 3035 322 3110 (ἦν
355 3041 469 3112 γάρ
505 3043 755 3112 τεχνίτης
793 3042 988 3112 λόγων)
1037 3045 1491 3110 παρεκελεύσατο.
1529 3044 1808 3108 ’Υπέδειξε

1978 2769 2098 2824 llzec
2131 2768 2346 2838 Cymbze
2381 2768 2567 2821 Dinias
2611 2768 2860 2822 fabulose
2900 2766 3110 2828 retulit,
3149 2764 3484 2834 prolatisque

1904 2860 2237 2930 cupressinis
2294 2858 2516 2920 tabulis,
2560 2858 2855 2911 inscribere
2923 2871 3020 2911 eas
3077 2854 3234 2923 jubet
3294 2854 3480 2907 Erasi-

1907 2954 2085 3008 nidem
2113 2953 2514 3014 Atheniensem,
2547 2949 2764 3020 Cymbaa
2823 2948 3100 3012 comitem,
3177 2945 3486 2998 litterarum

1906 3061 2015 3101 non
2047 3045 2375 3113 imperitum.
2403 3041 2650 3097 Ostendit
2670 3041 2833 3094 etiam
2862 3039 2993 3108 ipsis
3009 3037 3305 3107 Dercyllida
3339 3037 3492 3104 (haec.

228 3135 286 3187 δὲ
338 3135 529 3197 αὐτοῖς
575 3136 672 3188 καὶ
709 3135 806 3205 τὴν
845 3137 1205 3206 Δερκυλλίδα·
1238 3136 1377 3208 αὕτη
1423 3137 1533 3208 γάρ
1580 3137 1672 3190 καὶ
1713 3136 1807 3200 τὰς

1915 3135 2056 3189 enim
2087 3133 2431 3202 cupressinas
2464 3132 2583 3186 illas
2641 3130 2853 3184 tabulas
2905 3127 3107 3197 attulit)
3159 3127 3488 3196 Cymbteque

229 3225 640 3294 κυπαριττίνας
696 3225 916 3290 δέλτους
971 3227 1188 3298 ἤνεγκε.
1249 3227 1561 3298 Προσέταξέ
1619 3244 1678 3280 τε
1735 3227 1812 3296 τῷ

228 3315 446 3386 Κύμϐᾳ
478 3315 606 3385 δίχα
633 3317 806 3370 ταῦτα
831 3317 900 3371 τὰ
941 3317 1470 3389 διαμυθολογηθέντα
1499 3318 1812 3391 ἀναγράψα-

232 3407 384 3469 σθαι,
414 3409 512 3459 καὶ
539 3407 771 3477 Θατέραν
803 3409 903 3478 μὲν
932 3409 1039 3461 τῶν
1069 3410 1266 3462 δέλτων
1298 3410 1459 3462 αὐτὸν
1508 3409 1671 3479 ἔχειν,
1715 3409 1813 3479 τὴν

233 3497 432 3568 ἑτέραν
466 3498 548 3562 δὲ,
577 3499 700 3551 καθ’
725 3499 784 3550 δν
814 3499 1058 3570 ἀποὸιῴη
1111 3501 1320 3571 καιρὸν,
1352 3501 1452 3570 τὴν
1485 3501 1813 3570 Δερκυλλίδα

233 3589 469 3657 πλησίον
497 3589 591 3642 τοῦ
617 3589 790 3657 τάφου
819 3590 1060 3661 κιϐωτίῳ
1094 3591 1436 3661 ἐμϐαλοῦσαν
1471 3591 1808 3646 καταθεῖναι.

317 3680 377 3734 '0
405 3682 542 3748 γοῦν
571 3682 612 3712 ¹¹
632 3683 909 3754 Διογένης,
933 3685 962 3735 ὁ
985 3685 1078 3736 καὶ
1111 3684 1414 3750 Ἀντώνιος,
1437 3685 1611 3737 ταῦτα
1637 3686 1814 3738 πάντα

237 3775 453 3829 Δεινίαν
503 3777 813 3845 είσαγαγὼν
857 3777 994 3847 πρὸς
1037 3777 1269 3847 Κύμὸαν
1313 3778 1814 3848 τερατευσάμενου,

237 3869 388 3937 ὅμως
417 3870 628 3937 γράφει
650 3869 925 3938 Φαυστίνῳ
953 3871 1034 3923 ὅτι
1061 3887 1118 3923 τε
1152 3869 1436 3923 συντάττει
1471 3871 1514 3902 ¹³
1551 3870 1678 3939 περὶ
1709 3869 1816 3922 τῶν

240 3961 378 4031 ὑπὲρ
402 3960 620 4030 Θούλην
649 3961 916 4028 ἀπίστων,
959 3964 1056 4014 καὶ
1103 3963 1276 4032 ὅτιτῇ
1318 3962 1519 4032 ἀδελφῇ
1567 3960 1817 4030 Ἰσιδώρα

242 4052 564 4125 φιλομαθῶς
591 4055 790 4126 ἐχούσῃ
819 4055 886 4108 τὰ
922 4055 1174 4125 δράματα
1209 4058 1538 4125 προσφωνεῖ.
1568 4054 1728 4121 Λέγει
1762 4054 1818 4105 δὲ

246 4147 434 4200 ἑαυτὸν
463 4147 549 4198 ὅτι
583 4147 814 4217 ποιητής
855 4147 969 4199 ἐστι
1001 4145 1290 4215 κωμῳδίας
1331 4147 1584 4210 παλαιᾶς,
1613 4147 1707 4197 καὶ
1737 4145 1816 4197 ὅτι

247 4241 291 4289 εί
314 4239 410 4292 καὶ
465 4239 676 4292 ἄπιστα
729 4239 821 4291 καὶ
849 4238 1018 4308 ψευδῆ
1063 4239 1312 4302 πλάττοι,
1349 4237 1459 4290 ἀλλ’
1486 4233 1578 4291 οὖν
1625 4237 1738 4306 ἔχει
1774 4235 1818 4267 ¹⁸

249 4334 368 4402 περὶ
394 4331 511 4384 τῶν
536 4330 805 4383 πλείστων
829 4329 976 4398 αύτῷ
1007 4328 1485 4398 μυθολογηθέντων
1517 4329 1558 4360 ’⁸
1592 4331 1818 4399 ἀρχαιοο

249 4424 418 4492 τέρων
467 4423 798 4492 μαρτυρίας,
825 4421 884 4486 ἐξ
927 4415 1002 4475 ὧν
1054 4421 1150 4473 σὺν
1173 4423 1406 4490 καμάτῳ
1445 4419 1616 4473 ταῦτα
1651 4437 1816 4471 συνα-

1915 3227 2190 3296 negotium
2233 3226 2401 3291 dedit,
2438 3235 2494 3276 ut
2544 3225 2746 3290 duplici
2791 3221 3047 3290 exemplo
3097 3221 3177 3274 eis
3227 3221 3487 3273 hactenus

1915 3327 2130 3372 narrata
2173 3316 2641 3369 inscriberentur:
2676 3324 2730 3367 et
2759 3313 2986 3366 alteram
3019 3311 3238 3381 quidem
3263 3309 3489 3363 tabella-

1915 3423 2032 3460 rum
2069 3406 2158 3460 ille
2191 3421 2358 3473 penes
2386 3421 2442 3458 se
2487 3405 2750 3458 haberet:
2803 3403 3032 3456 alteram
3071 3417 3200 3455 vero
3255 3400 3480 3470 Dercyl-

1917 3498 2020 3551 Iida
2061 3513 2180 3550 cum
2208 3510 2240 3551 θ
2278 3497 2385 3550 vita
2440 3495 2784 3560 decessisset,
2817 3508 2916 3549 suo
2938 3494 2990 3548 in
3018 3493 3220 3547 tumulo
3255 3491 3500 3561 capsula}

1917 3591 2222 3660 impositam
2263 3589 2674 3642 collocaturatn.

1988 3681 2254 3750 Diogenes
2296 3681 2485 3749 igitur,
2541 3681 2791 3748 idemque
2830 3678 3118 3739 Antonius,
3177 3677 3271 3746 qui
3326 3676 3493 3730 hasce

1917 3787 2103 3828 omnes
2145 3772 2399 3841 prodigiis
2428 3771 2634 3826 similes
2652 3771 2861 3824 fabulas
2895 3770 3101 3823 Diniam
3125 3769 3494 3836 facitCymhan
3593 3804 3601 3816 .

1919 3876 2252 3927 narrantem,
2292 3864 2549 3918 Faustino
2595 3873 2771 3916 tamen
2819 3863 3008 3917 scribit
3050 3881 3062 3916 :
3099 3861 3176 3914 De
3213 3861 3496 3914 incredibi-

1917 3959 2052 4012 libus
2090 3973 2169 4019 se,
2205 3972 2322 4021 qua:
2349 3955 2493 4008 ultra
2527 3952 2728 4007 Thulen
2767 3963 2955 4017 essent,
2985 3953 3245 4013 scribere,
3290 3961 3345 4005 et
3396 3949 3494 4002 Isi-

1919 4053 2063 4105 dorre
2090 4048 2280 4111 sorori,
2319 4047 2511 4100 litteris
2572 4062 2694 4098 cum
2750 4046 2942 4115 primis
2973 4045 3188 4108 deditae,
3219 4044 3331 4096 haec
3381 4043 3493 4107 ipsa

1918 4141 2187 4193 dedicare.
2241 4135 2456 4189 Veteris
2523 4145 2784 4201 praeterea
2829 4134 3108 4189 comoediae
3182 4141 3390 4202 poetam
3437 4143 3497 4181 se

1921 4228 2236 4297 proﬁtetur:
2274 4225 2478 4279 aclicet
2504 4223 2654 4289 falsa,
2680 4237 2850 4290 eaque
2878 4221 3214 4276 incredibilia
3259 4218 3497 4286 ﬁnxerit,

1922 4319 2118 4372 habere
2154 4327 2331 4372 tamen
2360 4317 2427 4369 de
2461 4315 2545 4370 his
2586 4314 2720 4382 ipsis
2747 4313 2943 4366 fabulis
2987 4322 3149 4366 testes
3170 4310 3326 4377 longe
3355 4301 3495 4359 auti-

1921 4412 2162 4479 quiores,
2198 4425 2227 4462 e
2263 4421 2490 4477 quormn
2515 4407 2730 4473 scriptis
2765 4420 2975 4457 summo
3001 4404 3115 4457 hac
3151 4402 3334 4454 labore
3365 4412 3496 4450 con-

253 4513 483 4584 θροίσειε
511 4531 524 4544 ·
561 4515 852 4584 προτάττει
884 4514 940 4566 δὲ
961 4514 1056 4566 καὶ
1074 4513 1306 4566 ἑκάστου
1343 4512 1546 4581 βιϐλίου
1574 4514 1696 4574 τοὺς
1725 4513 1807 4565 ἄν·

1922 4504 2121 4558 tulerit.
2160 4502 2394 4570 Singulis
2433 4501 2626 4553 deinde
2663 4500 2815 4553 libris
2847 4508 3098 4551 anetores
3135 4493 3340 4555 laudat,
3393 4491 3488 4560 qui

254 4603 378 4675 δρας
405 4606 456 4659 οἳ
488 4606 564 4658 τὰ
614 4605 838 4658 τοιαῦτα
891 4606 1368 4676 προαπεφήναντο,
1413 4604 1489 4667 ὠς
1538 4604 1610 4675 μὴ
1651 4604 1826 4656 δοκεῖν

259 4697 563 4767 μαρτυρίας
587 4695 844 4766 χηρεύειν
877 4697 946 4749 τὰ
981 4695 1203 4750 ἄπιστα.
1256 4694 1570 4762 Ἐπιστολὴν
1607 4693 1704 4761 μὲν
1733 4687 1825 4744 οὖν

261 4791 376 4840 κατ’
409 4790 584 4859 ἀρχὰς
633 4789 728 4840 τοῦ
773 4789 976 4856 βιϐλίου
1012 4790 1214 4858 γράφει
1263 4789 1400 4858 πρὸς
1446 4785 1544 4856 τὴν
1594 4783 1827 4852 ἀδελφὴν

274 4879 564 4949 Ἰσιδώραν,
592 4880 662 4934 δι’
682 4876 750 4951 ἧς
775 4881 821 4932 εί
849 4882 891 4912 ¹⁸
915 4881 1008 4934 καὶ
1035 4881 1131 4950 τὴν
1154 4879 1539 4951 προσφώνησιν
1563 4875 1698 4946 αὐτῇ
1719 4873 1827 4926 τῶν

265 4971 708 5042 συγγραμμάτων
735 4972 1008 5024 δείκνυται
1037 4969 1422 5040 πεποιημένος,
1449 4967 1562 5020 ἀλλ’
1594 4961 1687 5019 οὖν
1713 4965 1827 5016 είσ-

1926 4596 2116 4649 eadem
2165 4603 2320 4648 antea
2367 4595 2419 4647 in
2454 4593 2662 4646 litteras
2697 4591 2962 4652 miserint,
3005 4602 3069 4640 ne
3115 4594 3251 4639 teste
3281 4583 3493 4636 scilicet

1926 4686 2122 4740 idoneo
2186 4698 2374 4738 carere
2427 4685 2590 4736 etiam
2650 4679 2987 4734 incredibilia
3027 4677 3112 4730 illa
3163 4675 3496 4728 viderentur.

1927 4777 2048 4844 Ipso
2081 4775 2245 4845 igitur
2305 4775 2484 4842 Operis
2561 4773 2714 4826 initio
2761 4769 3042 4838 epistolam
3105 4767 3171 4820 ad
3233 4765 3498 4818 lsidoram

1926 4883 2165 4923 sororem
2193 4867 2400 4930 scribit,
2432 4881 2534 4935 qua
2583 4864 2709 4918 licet
2743 4864 2847 4916 hoc
2879 4859 3071 4930 lllb
3138 4857 3211 4911 illi
3254 4856 3502 4909 volumen

1927 4958 2245 5027 inscriptum
2277 4973 2408 5012 esse
2470 4956 2740 5021 ostendat,
2791 4953 3072 5022 Balagruin
3109 4949 3280 5003 nihilo
3326 4947 3506 5000 secius

1600 5097 1833 5154 VARIZE
1864 5093 2271 5151 LECTIONES.
2705 5127 2710 5132 ο

342 5197 382 5268 ίέ
411 5199 749 5268 Ἐρασινίδην
770 5195 1024 5265 ἀθηναϊον
1056 5198 1144 5268 A._
1200 5196 1243 5226 “
1272 5191 1424 5268 γοῦν-ι
1445 5193 1552 5262 γὰρ
1643 5190 1858 5243 :malim
1885 5187 1932 5240 δ’
1962 5183 2075 5240 οὖν.
2146 5188 2190 5218 ⁸⁸
2219 5186 2494 5240 συντάττω
2525 5185 2590 5240 Α.
2668 5183 2712 5216 ¹³
2733 5182 2846 5254 ἔχοι
2870 5199 2930 5246 ς.
3008 5180 3053 5213 ⁸⁵
3085 5171 3426 5250 μυθολοαύτῷ
3443 5188 3506 5238 ς.

273 5261 564 5324 addendum
595 5261 724 5322 ante
757 5261 1048 5335 pronomen
1078 5265 1210 5320 τῶν.
1289 5265 1332 5298 ³⁸
1360 5261 1543 5318 stout.
1573 5261 1640 5317 A.

1746 5369 1980 5426 NOTAE.

351 5476 452 5543 (26)
479 5476 722 5530 Habitari
751 5478 803 5530 in
838 5475 984 5537 luna,
1013 5486 1241 5541 eamque
1267 5485 1390 5527 esse
1449 5475 1650 5543 terrain
1686 5465 1828 5518 mul-

280 5538 446 5599 tarum
470 5548 682 5600 urbiqu
739 5557 793 5599 et
822 5546 1080 5598 montium
1119 5538 1254 5597 dixit
1293 5543 1419 5594 olim
1451 5538 1828 5607 Xenophanes,

281 5623 341 5667 ut
369 5617 514 5669 refert
544 5616 685 5679 Cic.,
721 5614 884 5668 Acad.
917 5613 1141 5678 Quwst.,
1170 5621 1361 5677 quaest.
1389 5611 1442 5663 4.

353 5686 453 5753 (‘27)
481 5685 615 5742 Vide
667 5674 1136 5748 hrriaunCurtn'
1168 5674 1352 5751 Greg.,
1398 5677 1620 5748 Gyrald.
1644 5676 1710 5732 de
1731 5674 1834 5730 hoc

285 5750 520 5818 Hercule.

2011 5463 2124 5534 (ἳὸ)
2155 5462 2350 5534 Herbis
2395 5462 2558 5534 etiam
2613 5458 2961 5534 hominesAad
3021 5455 3186 5534 vitam
3223 5459 3511 5534 revocatos

1941 5522 2216 5604 fabulatur
2246 5533 2384 5587 Plin.
2435 5533 2686 5604 lib.__xxv,
2716 5545 2832 5604 cap.
2856 5530 2913 5590 ‘2,
2945 5534 2999 5604 et
3030 5523 3278 5592 Apollod.
3320 5522 3420 5604 lib.
3448 5537 3508 5575 ill

1944 5602 2199 5658 Biblioth.
2234 5605 2496 5659 Glaucum
2522 5599 2718 5656 Minois
2744 5598 2910 5655 ﬁlium
2946 5597 3023 5650 sic
3051 5609 3267 5665 quoque
3283 5597 3406 5647 vita:
3424 5608 3515 5646 re-.

1944 5677 2189 5729 stitututn
2229 5675 2412 5729 refert.
3557 5681 3585 5703 ί
