3932 6240
406 295 514 359 475
1561 292 1827 354 mem
1850 281 2358 367 PATRIARCH/E
2391 291 2502 351 ce.
3550 282 3659 345 4'16

406 406 694 479 quemdam
727 404 799 458 ibi
846 405 1002 459 uxori
1039 419 1173 468 sum,
1223 405 1388 457 Pliilrc
1424 406 1664 467 nomine.
1692 404 1960 473 Antipatri
1995 408 2010 459 Δ

2118 417 2190 468 γει
2220 401 2501 470 Βάλαγρον
2555 397 2686 471 [564
2715 394 2806 469 IL]
2840 394 2975 467 πρὸς
2999 394 3097 466 τὴν
3143 393 3351 448 οίκείαν
3395 396 3656 462 γυναῖκα,

411 501 552 562 tiliae,
611 497 942 551 scribentem
1031 505 1452 564 narrantemque
1516 495 1664 558 facit,
1721 512 1843 550 cum
1912 497 1979 550 ab

2118 493 2248 545 ’ίλαν
2276 490 2540 561 τοῦνομα,
2577 491 2856 561 γράφοντα
2887 488 3156 558 (θυγάτηρ
3185 488 3241 540 δὲ
3285 481 3356 557 ἧν
3404 486 3660 540 Ἀντιπά-

408 589 719 643 Alexandro
768 586 1119 640 Macedonum
1155 599 1281 655 rege
1325 583 1501 655 Tyrus
1563 596 1870 654 caperetur,
1925 595 1981 640 et

2118 600 2211 654 pou
2250 582 2413 654 αὕτη)
2440 584 2523 637 ὅτι
2563 583 2665 651 τῆς
2692 581 2869 651 Τύρου
2902 580 3006 633 ὑπὸ
3048 577 3397 647 Ἀλεξάνδρου
3436 576 3530 630 τοῦ
3563 576 3663 646 βα-

412 681 554 750 ignis
596 681 826 750 plurima
859 681 1188 747 devastaret,
1229 681 1442 734 venisse
1498 683 1562 735 ad
1610 681 1979 735 Alexandrum

2123 675 2279 737 ιλέως
2304 674 2632 730 Μακεδόνων
2662 668 2740 736 είς
2774 673 2974 727 ἅλωσιν
3012 670 3273 741 ἐλθούσης
3308 671 3404 723 καὶ
3432 669 3570 739 πυρὶ
3590 668 3663 722 τά

412 774 660 837 militem,
695 771 784 840 qui
836 786 894 826 se
950 772 1296 841 peregrinum
1331 773 1481 843 quid,
1536 782 1838 842 praeterque
1870 773 1986 837 opi-

2118 767 2314 822 ςλεῖστα
2337 765 2740 836 δαπανηθείσης
2765 764 3100 835 στρατιώτης
3123 758 3260 833 ἦκεν
3293 762 3368 826 ὠς
3391 761 3436 793 ⁸⁸
3474 760 3665 825 Ἀλέξα

415 866 625 918 nionem
655 864 997 919 indicandum
1029 863 1228 917 habere
1268 863 1492 918 diceret.
1525 863 1657 918 Esse
1683 864 1826 917 enim
1856 864 1983 931 quid

2118 859 2319 931 ινδρον,
2369 858 2519 924 ξένον
2567 874 2620 912 τι
2680 858 2777 912 καὶ
2824 856 3127 925 παράδοξον
3180 854 3354 922 λέγων
3410 851 3664 923 μηνύειν,

412 966 565 1009 extra
624 956 879 1024 oppidum
931 965 1176 1022 spectatu
1237 954 1480 1025 dignum.
1537 953 1753 1030 Regem.
1805 956 1987 1024 itaque

2118 947 2227 1004 ἷναι
2257 951 2315 1004 δὲ
2347 951 2409 1004 τὸ
2441 950 2621 1018 θέαμα
2668 949 2766 1019 τῆς
2805 948 3009 1011 πόλεως
3036 946 3161 1012 ἔξω.
3198 945 3258 998 '0
3305 944 3363 997 δὲ
3411 942 3670 1013 βασιλεὺς

416 1043 711 1109 assumptis
742 1058 847 1097 una
894 1059 1077 1097 secum
1111 1042 1493 1111 Hephaestione
1545 1053 1599 1099 et
1631 1044 1990 1101 Parmenione

2124 1045 2475 1112 Ἡφαιστίωνα
2527 1043 2622 1095 καὶ
2673 1040 3038 1111 Παρμενίωνα
3092 1036 3540 1108 συμπαραλαϐὼν
3589 1034 3672 1088 εί-

415 1135 601 1199 sociis,
638 1134 864 1189 militem
892 1144 1135 1190 secutum
1160 1137 1225 1191 ad
1265 1135 1545 1191 tumulose
1574 1136 1750 1205 lapide
1774 1136 1990 1191 subter-

2118 1151 2255 1188 τοντο
2277 1134 2353 1203 τῷ
2376 1132 2702 1204 στρατιώτῃ,
2726 1132 2820 1184 καὶ
2845 1129 3355 1199 καταλαμϐάνουσιν
3380 1126 3673 1193 ὑπογείους

416 1241 610 1280 raucos
640 1228 902 1296 quosdam
926 1229 1263 1298 pervenisse,
1297 1243 1525 1297 quorum
1562 1227 1699 1282 alius
1721 1229 1800 1282 sic
1848 1238 1993 1283 esset

2118 1227 2325 1289 ,ιθίνους
2354 1227 2395 1257 ¹⁷
2426 1227 2637 1296 σοροὺς,
2666 1218 2741 1278 ὧν
2764 1227 2797 1295 ἡ
2831 1223 2929 1293 μὲν
2961 1222 3344 1294 ἐπεγέγραπτο
3372 1237 3393 1272 ι
3425 1218 3675 1271 Λυσίλλα

416 1316 708 1385 inscriptus
732 1336 746 1372 :
773 1317 974 1387 Lysilla
1006 1319 1132 1372 vixit
1157 1336 1323 1373 annos
1360 1333 1527 1373 xxxv.
1554 1318 1706 1372 Alter
1726 1333 1854 1375 vero
1877 1320 1989 1374 sic:

2118 1322 2224 1372 ,ϐίω
2258 1318 2353 1388 ἐτη
2389 1317 2550 1371 πέντε
2594 1316 2690 1370 καὶ
2720 1317 3012 1388 τριήκοντα
3046 1315 3111 1379 ⁸⁸,
3147 1331 3166 1365 ι
3196 1314 3230 1383 ἡ
3276 1312 3333 1365 δὲ
3375 1330 3395 1363 ‹
3430 1310 3675 1363 Μνάσων

422 1405 643 1460 Mnason
681 1407 952 1462 ﬂaminia:
1002 1409 1146 1478 ﬁlius
1199 1408 1327 1462 vixit
1358 1425 1521 1462 annos
1563 1424 1686 1462 vat
1715 1407 1992 1479 (29),post

2118 1410 2389 1463 ιίαντινίου
2408 1408 2644 1479 ἐϐίωέτη
2672 1414 2725 1474 ς’
2752 1408 2846 1461 καὶ
2869 1405 2909 1471 ξ’
2932 1405 3041 1460 ἀπὸ
3061 1405 3178 1468 ἐνὸς
3200 1404 3294 1456 καὶ
3311 1409 3407 1467 ο’,ι
3426 1400 3552 1473 [189
3574 1397 3675 1471 IL]

418 1512 572 1553 Lxxt.
609 1498 760 1553 Alius
785 1514 915 1553 vero
940 1499 1125 1553 titulus
1152 1508 1270 1553 erat
1315 1516 1330 1552 :
1367 1500 1599 1553 Aiistion
1633 1496 1888 1553 Philoclis
1930 1499 1996 1567 ﬁ-

2118 1505 2131 1573 }
2154 1502 2211 1555 δέ
2239 1520 2258 1553 ι
2307 1500 2590 1571 Ἀριστίων
2610 1499 2929 1561 Φιλοκλέους
2954 1497 3084 1550 ἐϐίω
3105 1497 3199 1567 ἐτη
3233 1495 3276 1558 ζ’
3301 1496 3396 1548 καὶ
3421 1492 3471 1565 μ’
3495 1493 3605 1546 ἀπὸ
3630 1488 3679 1562 β’

420 1588 524 1641 lius
548 1591 674 1644 vixit
712 1607 877 1643 annos
913 1606 1084 1655 XLVII,
1103 1601 1214 1658 post
1245 1605 1319 1644 ιιι
1355 1590 1486 1660 (‘29).
1509 1591 1658 1643 Alius
1684 1607 1894 1645 rursum
1919 1592 1997 1645 sic

2118 1596 2193 1647 ιαί
2218 1599 2283 1657 ν’,
2314 1612 2332 1642 ι
2365 1592 2498 1662 ἄλλη
2524 1592 2579 1644 δὲ
2611 1610 2629 1642 ι
2676 1588 2974 1652 Μαντινίας
3008 1587 3306 1649 Μνάσωνος
3342 1585 3441 1655 ἔτη
3465 1583 3600 1637 ἐϐίω
3631 1581 3687 1650 β’

421 1680 714 1750 inscriptus
754 1680 924 1749 lapis:
968 1680 1258 1741 Mantinias
1303 1680 1575 1734 Mnasonis
1636 1682 1783 1750 ﬁlius
1832 1698 1997 1735 annos

2118 1687 2194 1737 (αἱ
2222 1691 2272 1755 μ’
2305 1684 2399 1738 καὶ
2436 1682 2636 1745 νύκτας
2667 1680 2708 1746 ξ’
2735 1681 2830 1734 καὶ
2869 1679 2946 1748 ψ’
2977 1697 2996 1730 ι
3040 1678 3203 1748 ἐτέρα
3242 1676 3299 1729 δὲ
3331 1694 3351 1728 ι
3379 1671 3685 1744 Δερκυλλὶς

420 1768 548 1819 vixit
584 1783 715 1835 χιιι,
747 1779 1021 1839 noctesque
1040 1786 1107 1824 Lx
1140 1781 1187 1824 et
1214 1785 1353 1825 lDCC.
1389 1773 1521 1823 Item
1554 1770 1730 1826 alius:
1786 1771 2001 1841 Dercyl-

425 1857 489 1910 lis
518 1857 790 1914 Mnasonis
813 1861 929 1928 ﬁlia
957 1878 1123 1915 annos
1160 1862 1287 1916 vixit
1323 1877 1486 1915 xxxtx
1521 1873 1796 1932 noctesque
1836 1878 1926 1916 ιιι.
1949 1871 2000 1915 et

424 1964 560 2003 loco.
611 1948 810 2004 Sextus
864 1967 994 2006 vero
1035 1954 1272 2007 tumulus
1306 1954 1407 2007 boc
1448 1953 1881 2022 epigrammate:
1911 1955 2003 2008 Di-

422 2042 542 2095 nias
573 2040 740 2096 Arcas
774 2043 906 2097 vixit
947 2060 1114 2097 annos
1167 2059 1198 2099 c
1230 2055 1278 2097 et
1326 2060 1455 2099 xxv.
1517 2042 1614 2098 His
1673 2044 1827 2100 lectis
1876 2048 1999 2101 dum

423 2132 588 2185 animi
617 2133 850 2200 pendent
881 2133 1263 2205 (praeterquam
1291 2137 1342 2190 in
1366 2137 1542 2206 primo
1580 2137 1806 2203 tumulo,
1841 2137 2001 2207 cujus

423 2223 626 2279 clarior
650 2235 767 2278 erat
803 2225 1035 2296 titulus),
1059 2226 1125 2279 ad
1152 2228 1412 2297 parietem
1445 2228 1815 2282 incideruutin
1845 2245 2003 2282 arcu-

424 2317 532 2371 lam
553 2332 583 2371 e
608 2332 863 2387 cupresso
880 2315 1220 2388 fabricatam,
1236 2320 1320 2374 cui
1337 2321 1417 2375 sic
1433 2321 1752 2391 inscriptum
1775 2319 2004 2391 :Hospes

432 2410 671 2477 quisquis
698 2423 771 2470 es,
799 2410 944 2476 aperi
974 2415 1033 2461 ut
1059 2410 1232 2463 discas
1250 2425 1364 2479 qua:
1390 2410 1697 2464 admiraris.

497 2501 701 2567 Aperto
725 2500 888 2570 igitur
914 2502 983 2556 ab
1012 2501 1303 2556 Alexandri
1324 2504 1488 2557 sociis
1522 2502 1804 2568 scriniolo,
1835 2518 2004 2576 cypa-

429 2587 658 2643 rissinas
689 2591 971 2667 inveniunt
994 2592 1241 2658 tabellas,
1278 2608 1434 2661 quas,
1477 2602 1534 2649 ut
1575 2605 1823 2663 apparet,
1870 2596 2005 2651 Der-

428 2688 584 2759 cyllis
625 2684 694 2737 ibi
730 2683 900 2740 Dinis:
924 2689 1176 2759 mandato
1204 2687 1519 2742 collocarat.
1557 2687 1680 2743 Haec
1716 2687 1830 2744 fere
1850 2692 2004 2745 uxori

429 2776 755 2830 scribentem
788 2774 1075 2844 Bal-agrum
1109 2777 1335 2842 inducit,
1355 2779 1608 2845 quodque
1639 2779 2007 2849 cyparissinas

432 2868 564 2921 istas
606 2866 1233 2930 tabulastranscribens,
1258 2870 1436 2922 eidem
1484 2871 1701 2940 conjugi
1741 2870 2004 2924 transmi-

432 2957 582 3010 serit.
616 2955 698 3008 Ab
728 2956 830 3009 bac
878 2958 1170 3010 occasione
1204 2958 1375 3011 fertur
1423 2958 1680 3027 deinceps
1726 2960 1905 3013 oratio
1942 2960 2008 3013 ad

2102 1777 2396 1837 Μνάσωνος
2414 1774 2545 1828 ἐϐίω
2576 1775 2619 1805 ¹⁹
2651 1773 2747 1842 ἐτη
2765 1772 2809 1825 θ’
2837 1771 2932 1824 καὶ
2959 1771 3003 1821 λ’
3027 1771 3119 1822 καὶ
3144 1767 3344 1830 νύκτας
3365 1767 3408 1832 ξ’
3438 1765 3534 1818 καὶ
3553 1760 3633 1831 ψ’,
3655 1780 3678 1814 ι

2100 1870 2134 1936 ἡ
2168 1867 2223 1919 δὲ
2253 1867 2386 1934 ἕκτη
2417 1865 2575 1936 σορὸς
2608 1884 2627 1915 ι
2664 1866 2878 1926 Δεινίας
2916 1859 3286 1933 Ἀρκὰςιέϐίω
3315 1858 3408 1929 ἐτη
3436 1863 3473 1908 ε’
3509 1856 3606 1907 καὶ
3630 1860 3682 1906 κ’

2102 1959 2197 2011 καὶ
2227 1964 2292 2028 ρ’.
2322 1976 2340 2008 ι
2360 1957 2579 2019 Τούτοις
2598 1954 2985 2025 διαποροῦντες
3007 1953 3146 2024 πλὴν
3156 1952 3256 2019 τῆς
3274 1948 3496 2021 πρώτης
3515 1943 3684 2017 σοροῦ

2104 2050 2299 2118 (σαφὲς
2327 2050 2437 2120 γὰρ
2483 2049 2542 2102 τὺ
2581 2047 2798 2117 ἐκείνης
2835 2046 3164 2116 ἐπίγραμμα
3192 2044 3260 2111 ³ο)
3291 2041 3688 2109 ἐντυγχάνουσι

2103 2142 2254 2195 παοὰ
2282 2143 2445 2211 τοίχῳ
2474 2142 2519 2172 ²¹
2554 2139 2794 2209 κιϐωτίῳ
2841 2138 3022 2209 μικρῷ
3063 2136 3397 2205 κυπαρίττου
3446 2147 3686 2197 πεποιη-

2106 2236 2269 2306 μένῳ.
2289 2228 2333 2302 ᾧ
2360 2234 2761 2304 ἐνεγέγραπτο·
2788 2229 2887 2286 «Ὦ
2903 2233 3041 2298 ξένε,
3073 2233 3217 2292 ὅστις
3247 2224 3560 2291 εἷ,άνοιξον,
3592 2224 3687 2275 ἵνα

2107 2327 2282 2400 μάθῃς
2312 2326 2349 2380 ἃ
2381 2325 2701 2394 θαυμάζεις.
2741 2343 2762 2377 ι

2190 2500 2525 2566 Ἀνοίξαντες
2553 2495 2647 2554 οὖν
2680 2500 2731 2553 oi
2753 2500 2882 2571 περὶ
2916 2497 3266 2568 Ἀλέξανδρον
3293 2495 3355 2548 τδ
3402 2494 3689 2555 κιϐώτιον,

2109 2594 2421 2666 εὑρίσκουσι
2453 2592 2554 2656 τὰς
2581 2592 2973 2662 κυπαριττίνας
3003 2590 3239 2652 δέλτους,
3272 2587 3338 2651 ἃς
3381 2586 3477 2658 (ὠς
3512 2585 3692 2654 ἔοικε)

2108 2687 2376 2755 κατέθηκε
2392 2686 2458 2737 Δε
2468 2683 2689 2755 ρκυλλὶς
2718 2683 2861 2736 κατὰ
2881 2681 2978 2744 τάς
3003 2680 3223 2742 ἐντολὰς
3246 2679 3473 2733 Δεινίου.
3497 2674 3697 2730 Ταῦτα

2107 2779 2388 2849 Βάλαγρον
2415 2776 2626 2844 εἰσάγει
2656 2777 2721 2845 τῇ
2756 2774 2977 2842 γυναικὶ
3017 2772 3322 2842 γράφοντα,
3356 2770 3452 2823 καὶ
3480 2770 3563 2822 ὅτι
3585 2766 3698 2831 τὰς

2109 2868 2530 2939 κυπαριττίνους
2572 2869 2789 2930 δέλτους
2842 2864 3329 2935 μεταγραψάμενος
3357 2860 3696 2930 διαπέμψειε

2109 2966 2177 3035 τῇ
2212 2962 2453 3031 γυναικί.
2484 2963 2591 3014 Καὶ
2618 2959 2806 3013 λοιπὸν
2833 2958 3105 3012 εἰσϐάλλει
3127 2958 3172 2988 ¹³
3202 2953 3452 3008 ἐντεῦθεν
3477 2955 3507 3006 ὁ
3531 2952 3703 3021 λόγος

433 3048 871 3117 cupressinarum
932 3046 1244 3113 lectionem,
1305 3048 1769 3120 scriptionemque
1851 3053 2007 3105 tabu-

2118 3058 2189 3116 είς
2212 3054 2310 3126 τὴν
2330 3055 2439 3108 τῶν
2463 3052 2864 3124 κυπαριττίνων
2888 3050 3086 3104 δέλτων
3111 3048 3417 3116 ἀνάγνωσιν
3439 3047 3536 3100 καὶ
3556 3060 3703 3115 γρα·

436 3138 635 3200 larum,
668 3146 722 3191 et
753 3136 942 3191 Dinias
994 3152 1207 3206 quoque
1237 3138 1394 3194 adest
1441 3154 1694 3207 narrans,
1724 3157 1844 3210 quae
1869 3158 2011 3212 pra:-

437 3234 673 3288 diximus
705 3232 949 3305 Cymbae.
985 3234 1067 3288 Ad
1116 3234 1259 3288 hunc
1288 3250 1419 3306 ergo
1453 3238 1690 3299 modum,
1734 3253 1797 3291 ac
1825 3238 1892 3292 de
1927 3240 2011 3294 his

439 3326 552 3381 fere
604 3328 764 3382 rebus
805 3327 1067 3383 dratnatis
1099 3337 1183 3382 est
1215 3328 1360 3382 ﬁctio
1390 3329 1457 3384 ab
1486 3329 1722 3384 Antonio
1776 3330 2014 3400 Diogene

436 3421 753 3486 composita.

513 3508 732 3565 Videtur
762 3522 940 3567 autem
989 3512 1103 3582 ipse
1137 3521 1377 3582 tempore
1437 3514 1585 3583 prior
1619 3530 1741 3570 esse
1796 3516 1862 3570 iis
1920 3518 2013 3585 qui

439 3601 564 3656 talia
622 3602 862 3656 studiose
907 3606 1287 3658 conﬁnxerunt
1322 3605 1457 3675 (50),
1491 3616 1550 3659 ut
1601 3605 1862 3671 Luciano,
1899 3608 2007 3662 Lu-

439 3696 525 3748 cio
552 3694 669 3766 (51)
689 3735 704 3758 ,
741 3694 1046 3750 Jamblicho
1081 3696 1217 3765 (52),
1249 3697 1457 3753 Achille
1487 3697 1644 3753 Tatio
1669 3698 1805 3769 ('55),
1834 3700 2018 3755 Helio-

441 3789 576 3842 doro
611 3789 748 3858 (54),
778 3798 943 3856 atque
970 3787 1255 3842 Damascio
1285 3788 1421 3856 ('55).
1469 3788 1604 3843 Nam
1655 3801 1709 3844 et
1750 3790 2015 3846 Verarum

443 3878 662 3932 Luciani
696 3881 1064 3931 narrationum
1083 3889 1129 3932 et
1161 3882 1696 3949 transformationum
1724 3882 1872 3938 Lucii
1898 3884 2019 3939 fon-

445 3980 553 4024 tem
582 3971 726 4024 hunc
784 3982 842 4025 et
890 3973 1127 4025 radicem
1171 3972 1392 4026 dixeris.
1425 3972 1562 4038 Quin
1598 3983 1654 4029 et
1680 3990 1865 4029 eorum
1899 3992 2020 4047 qua:

442 4063 510 4114 de
543 4060 800 4116 Sinonide
823 4077 887 4117 ac
914 4063 1157 4127 Rodane,
1182 4064 1245 4118 de
1272 4064 1540 4135 Leucippe
1570 4082 1635 4121 ac
1653 4068 2017 4138 Clit0pltonte,

444 4153 511 4204 de
526 4150 811 4207 Chariclen
843 4169 909 4207 ac
939 4155 1246 4225 Theagene,
1274 4157 1451 4226 deque
1466 4157 1605 4214 ﬁctis
1628 4174 1815 4214 eorum
1837 4161 2017 4228 rebus,

443 4245 747 4311 erroribus,
780 4245 1058 4302 artioribus
1074 4262 1292 4316 quoque
1321 4258 1376 4301 et
1404 4260 1558 4318 raptu
1585 4242 1747 4318 atque
1768 4253 2021 4320 periculis

2116 3149 2244 3217 φὴν,
2273 3148 2365 3199 καὶ
2394 3147 2626 3216 πάρεστι
2654 3144 2866 3206 Δεινίας
2912 3141 3118 3213 Κύμϐᾳ
3161 3140 3519 3210 διηγούμενος
3548 3138 3701 3207 άπερ

2115 3241 2461 3309 προείρηται.
2496 3236 2655 3292 Οὕτω
2708 3237 2808 3308 μὲν
2840 3230 2932 3288 οῦν
2978 3234 3074 3288 καὶ
3119 3235 3211 3285 ἐπὶ
3245 3232 3458 3294 τούτοις
3504 3232 3540 3299 ἠ
3584 3229 3704 3281 τῶν

2115 3331 2409 3401 δραμάτων
2458 3329 2654 3392 πλάσις
2705 3328 2781 3399 τῷ
2834 3326 3105 3396 Ἀντωνίῳ
3155 3328 3393 3392 Διογένει
3443 3323 3702 3392 ἐσχημά-

2115 3441 2316 3477 τισται.

2193 3515 2348 3567 Ἔστι
2374 3514 2441 3579 δ’,
2481 3513 2557 3577 ὡς
2585 3511 2783 3573 ἔοικεν,
2811 3505 2966 3575 οὗτος
2986 3512 3166 3582 χρόνῳ
3190 3509 3568 3581 πρεσϐύτερος
3590 3507 3703 3559 τῶν

2116 3610 2187 3661 τὰ
2217 3606 2441 3660 τοιαῦτα
2486 3604 2897 3658 ἐσπουδακότων
2944 3602 3259 3665 διαπλάσαι,
3296 3595 3409 3654 οἷον
3455 3602 3702 3652 Λουκια-

2117 3698 2234 3761 νοῦ,
2274 3698 2527 3756 Λουκίου,
2572 3696 2902 3767 ἰαμϐλίχον,
2947 3694 3236 3765 Ἀχιλλέως
3260 3693 3487 3755 Τατίου,
3520 3692 3705 3745 Ἠλιο-

2117 3790 2292 3862 δώρου
2331 3808 2390 3843 τε
2425 3794 2520 3844 καὶ
2549 3790 2866 3860 Δαμασκίου
2888 3806 2902 3820 σ
2935 3791 3033 3842 καὶ
3062 3791 3169 3858 γάρ
3199 3786 3294 3840 τοῦ
3319 3786 3450 3855 περὶ
3478 3785 3703 3852 ἀληθῶν

2117 3883 2472 3955 διηγημάτων
2494 3882 2794 3937 Λουκιανοῦ
2821 3883 2916 3935 καὶ
2939 3882 3032 3935 τοῦ
3062 3882 3190 3953 περὶ
3214 3879 3705 3951 μεταμορφώσεων

2118 3977 2349 4029 Λουκίου
2381 3973 2532 4044 πηγὴ
2564 3974 2658 4027 καί
2683 3972 2809 4044 ῥίζα
2840 3972 3017 4025 ἔοικεν
3038 3966 3179 4025 εἶναι
3210 3969 3393 4023 τοῦτοί
3420 3969 3498 4023 Οὐ
3542 3969 3704 4040 μόνον

2118 4066 2175 4119 δὲ
2206 4065 2341 4118 ἁλλὰ
2371 4065 2467 4119 καὶ
2500 4066 2608 4119 τῶν
2642 4066 2771 4135 περὶ
2804 4063 3064 4118 Σινωνίδα
3100 4063 3193 4116 καὶ
3244 4061 3526 4130 Ῥοδάνην,
3560 4062 3703 4115 Acu-

2120 4161 2331 4231 κίππην
2375 4176 2435 4212 τε
2488 4159 2583 4211 καὶ
2623 4157 3030 4229 Κλειτοφῶντα,
3077 4156 3174 4210 καὶ
3223 4154 3561 4226 Χαρίκλειαν
3609 4153 3705 4206 καὶ

2121 4254 2418 4320 Θεαγένην,
2458 4251 2567 4303 τῶν
2593 4268 2653 4304 τε
2683 4251 2811 4321 περὶ
2857 4251 3053 4313 αὐτοὺς
3096 4248 3431 4318 πλασμάτων
3476 4245 3703 4315 καὶτῆς

445 4339 747 4408 composita
778 4349 925 4404 sunt,
954 4337 1242 4411 Dercyllis,
1263 4340 1538 4413 Ceryllus,
1557 4343 1911 4401 Tltruscanus
1954 4361 2010 4402 ac

2124 4346 2331 4413 πλάνης
2378 4343 2598 4413 ἐρώτων
2645 4360 2704 4395 τε
2753 4342 2847 4394 καὶ
2899 4340 3157 4411 ἁρπαγῆς
3205 4338 3299 4392 καὶ
3348 4336 3633 4395 κινδύνων.
3663 4335 3701 4402 ἡ

448 4430 634 4485 Dinias
671 4429 976 4499 exemplum
1009 4410 1306 4499 praibuisse
1328 4410 1520 4486 merito
1548 4433 1767 4487 censeri
1791 4443 2010 4503 queant.

2123 4410 2421 4508 Δερκυλλὶς
2444 4435 2536 4486 κοιλ¹
2570 4433 2852 4504 Κήρυλλος
2873 4410 2968 4484 καὶ
2994 4429 3338 4502 Θρουσκανδς
3371 4428 3467 4480 καὶ
3492 4424 3705 4485 Δεινίας

446 4522 565 4589 Qua
610 4522 1085 4592 vet-ollempestate
1115 4522 1308 4596 112a
1350 4522 1654 4578 fabularum
1694 4524 1784 4579 hic
1807 4536 2020 4592 auctor,

447 4614 711 4685 Diogenes
762 4614 851 4669 ille
900 4616 1166 4671 Antonius
1202 4617 1420 4684 vixerit,
1466 4632 1571 4671 non
1617 4619 1788 4674 habeo
1868 4629 2020 4674 certo

447 4706 735 4762 allirmare.
772 4705 903 4760 Illud
930 4717 1136 4762 tantum
1172 4708 1443 4791 conjicere
1474 4709 1660 4775 liceat,
1691 4726 1796 4765 non
1824 4711 1897 4765 ita
1923 4712 2016 4768 diu

449 4808 570 4865 post
604 4799 895 4853 Alexandri
939 4798 1114 4870 Magni
1166 4810 1406 4870 tempora
1447 4800 1723 4859 ﬂoruisse.
1773 4802 2023 4859 Meminit

2125 4528 2338 4580 ἐοίκασι
2369 4524 2720 4595 παράδειγμα
2758 4521 3061 4591 γεγονέναι.
3097 4522 3202 4574 Τὸν
3236 4520 3427 4592 χρόνον
3456 4518 3538 4582 δὲ,
3580 4512 3703 4571 καθ’

2122 4620 2182 4674 ὃν
2227 4621 2477 4690 ἤκμασεν
2525 4619 2553 4670 ὁ
2589 4616 2698 4669 τῶν
2747 4615 3081 4686 τηλικούτων
3133 4612 3468 4684 πλασμάτων
3521 4611 3703 4679 πατὴρ

2124 4710 2379 4780 Διογένης
2418 4710 2514 4762 ²³ό
2553 4707 2855 4769 Ἀντώνιος,
2894 4705 3047 4759 οῦπω
3082 4722 3135 4758 τι
3177 4704 3345 4772 σαφὲς
3388 4704 3585 4774 ἔχομεν
3612 4700 3703 4754 λέο

2127 4820 2267 4872 γειν,
2297 4801 2435 4872 πλὴν
2478 4800 2624 4853 ἔστιν
2672 4798 3115 4865 ὑπολογίσασθαι,
3144 4797 3220 4860 ὡς
3260 4796 3321 4848 οὐ
3360 4796 3485 4847 λίαν
3516 4795 3702 4864 πόρρω

2947 4890 3024 4909 τις
3050 4888 3145 4909 -E!“
3172 4888 3195 4909 ἓ

1772 5027 2005 5084 νΑιιιΑε
2039 5028 2452 5084 LECTIONES.

535 5141 578 5171 Ι.
608 5140 683 5171 ,τοι

535 5141 578 5171 ’⁸
607 5139 706 5212 ὡς]
740 5142 877 5211 πρὸς
906 5139 972 5193 Α.
1087 5141 1129 5171 ⁸⁷
1158 5139 1413 5212 λιθίνους]
1449 5145 1634 5207 quidni
1663 5143 1902 5205 λιθίναςῖ

454 5228 532 5262 σω
552 5228 623 5274 σος
654 5228 715 5275 ς.
791 5212 836 5242 ’θ
868 5210 1082 5279 ἐκείνης
1109 5204 1177 5280 ἦν
1208 5213 1392 5281 ἐπίγρ.
1427 5230 1487 5276 ς.
1566 5214 1609 5243 ²¹
1640 5221 1816 5284 τοῖχον
1844 5232 1902 5279 ς.

1087 5141 1138 5215 '1
1158 5139 1413 5215 λιθίνους]
1449 5145 1634 5215 quidni
1663 5143 1910 5205 λιθίναςῖ)
1933 5157 1980 5198 et
2019 5143 2143 5199 iulr.
2200 5143 2612 5215 κυπαριττίνας.

2720 5141 2763 5173 ’⁸
2798 5143 3094 5214 τριάκοντα
3126 5161 3186 5209 ς.
3293 5145 3334 5176 ¹⁹
3369 5143 3498 5197 ἐϐίω
3549 5141 3702 5199 Μνά-

1999 5217 2044 5247 ¹²
2073 5216 2329 5285 ἐμϐάλλει
2366 5232 2428 5279 ς.
2492 5216 2535 5246 ²³
2563 5217 2591 5267 ὁ
2616 5225 2742 5267 ante
2774 5216 3030 5285 Διογένης
3060 5217 3211 5284 punit
3244 5216 3309 5270 Δ.

1960 5332 2191 5389 NOTAE.

528 5419 639 5487 (29)
668 5418 1387 5495 Jacueruntﬂenimmortui
1406 5431 1517 5476 toto
1542 5438 1606 5475 eo
1635 5434 1881 5495 tempore
1919 5442 2027 5495 quo

455 5488 745 5545 Munttnias
774 5504 933 5560 atque
965 5491 1223 5562 Dercyllis
1258 5494 1308 5545 in
1346 5491 1555 5545 Thulen
1609 5488 1778 5563 usque
1809 5488 2028 5549 :tber‘rn-

458 5572 605 5632 runt,
638 5568 809 5613 donec
845 5575 965 5627 post
996 5565 1063 5615 ad
1094 5567 1283 5617 horum
1316 5564 1546 5621 teditutu
1588 5571 1925 5632 revixerunt,
1969 5574 2027 5619 ut

457 5631 724 5685 fabulatur
754 5647 933 5697 supra.

528 5702 643 5770 (ὂυ)
669 5700 742 5754 De
770 5703 964 5770 quibus
985 5719 1165 5772 supra.

2198 5427 2309 5498 (51)
2338 5427 2471 5480 (ἷιινί.
2506 5427 2633 5480 ὖὲὗ.

2198 5499 2310 5565 (5'2)
2342 5500 2472 5552 Coll.
2517 5498 2609 5550 9L

2195 5569 2306 5632 (35)
2339 5568 2470 5621 Ctttl.
2497 5567 2585 5620 82.

2191 5638 2304 5699 (54)
2333 5637 2465 5689 ίέοά.
2496 5636 2583 5689 75.
2729 5666 2736 5673 ·

2196 5708 2306 5777 (55)
2343 5708 2475 5761 Cod.
2522 5707 2638 5762 150.
