3932 6240
210 305 311 369 477

1244 319 1768 382 BIBLIOTHECA.
1799 345 1874 390 1-
1908 323 2074 387 COD.
2106 327 2383 391 CLXVII.

3373 326 3481 391 478

213 418 256 471 δ’
285 410 444 482 οὗτος
469 419 841 495 ἀρχαιοτέρου
869 427 1013 492 τινὸς
1036 429 1407 500 Ἀντιφάνους,
1436 434 1494 487 ὃν
1521 451 1654 504 φησι
1675 437 1799 505 περὶ

1905 453 2076 508 genus
2143 441 2469 510 prodigiosis
2531 428 2932 495 narrationibus
2998 439 3272 494 simillima
3340 456 3471 495 con-

217 511 444 566 τοιαῦτά
468 530 597 568 τινα
619 508 1102 589 τερατολογήματα
1133 523 1612 592 κατεσχολακέναι.
1645 526 1800 578 Ἐστι

219 604 277 656 δὲ
309 606 368 658 ὲν
400 605 593 669 αὐτοῖς
630 608 728 661 καὶ
782 611 1037 681 μάλιστα,
1071 614 1148 678 ὡς
1199 616 1258 669 ὲν
1287 616 1627 686 τηλικούτοις
1666 618 1803 670 πλά-

224 695 396 764 σμασί
428 711 487 748 τε
514 697 612 749 καὶ
645 698 972 770 μυθεύμασι,
995 702 1090 756 δύο
1115 708 1238 759 τινὰ
1266 705 1501 778 θηρᾶσαι
1519 706 1803 779 χρησιμὼ-

222 805 391 850 τατα,
421 787 479 839 ἓν
513 788 614 857 μὲν
651 791 735 843 ὅτι
784 792 874 844 τὸν
908 795 1239 865 ἀδικήσαντά
1286 816 1360 863 τι,
1406 798 1509 851 κᾶν
1543 799 1803 870 μυριάκις

221 882 485 947 ἐκφυγεῖν
523 881 672 954 δόξῃ,
700 885 910 953 εἰσάγει
940 888 1159 953 πάντως
1185 891 1343 960 δίκην
1369 890 1680 957 δεδωκέναι,
1704 893 1801 944 καὶ

216 972 477 1044 δεύτερον
507 975 591 1028 ὅτι
633 975 862 1041 πολλοὺς
896 980 1189 1046 ἀναιτίους,
1223 984 1391 1051 ἐγγὺς
1439 984 1673 1055 μεγάλου
1710 1000 1805 1051 γε·

220 1064 451 1130 γονότας
490 1066 760 1131 κινδύνου,
791 1069 919 1140 παρ’
947 1071 1167 1134 ἐλπίδας
1197 1071 1244 1105 “
1272 1072 1514 1128 δείκνυσι
1541 1075 1802 1139 πολλάκις

220 1155 611 1222 διασωθέντας.

938 1251 1100 1311 ΡΞΖ’.

237 1337 529 1395 Ἰωάννου
578 1344 881 1421 regredior;
930 1344 1253 1421 ’φιλοῖ-αὶ,
1306 1349 1806 1421 Ἀρτοφθεγμάτων

653 1412 1050 1469 Ὑποθετικὼν
1084 1412 1293 1482 ,βιϐλία
1331 1420 1404 1474 δ’.

284 1523 416 1596 [365
431 1525 472 1579 Β
539 1526 877 1599 Ἀνεγνώσθη
897 1531 1136 1586 Ἰωάννου
1149 1535 1406 1589 Στοϐαίου
1421 1537 1723 1608 Ἐκλοτῶν
1735 1543 1803 1607 η,

234 1616 744 1684 Απεφθεγμάτων,
764 1618 777 1636 '
791 1622 833 1671 Υ
831 1620 1129 1687 ποθηκῶν,
1155 1621 1334 1692 βιϐλία
1347 1625 1588 1696 τέσσαρα
1608 1628 1665 1681 ὲν
1680 1628 1805 1681 τεύ-

213 1722 343 1775 χεσι
376 1707 515 1759 δυσί.
554 1711 872 1780 Προσφωνεῖ
901 1712 1173 1778 δὲταῦτα,
1197 1714 1263 1767 δι’
1286 1714 1345 1767 ὃν
1379 1716 1473 1770 κα)⁸
1505 1717 1604 1788 τήν
1645 1720 1806 1774 συνά-

1901 530 2185 599 scripsisse
2215 532 2312 587 ait.
2349 531 2429 586 Ex
2479 532 2612 597 ipsis
2662 544 2790 585 vero
2842 531 3207 601 potissimum,
3242 542 3301 585 ut
3348 542 3400 585 et
3445 546 3481 585 e

1902 623 2117 677 caeteris
2176 622 2336 690 hujus
2395 620 2587 677 farinae
2632 622 2772 678 ﬁctis
2821 622 3227 676 narrationibus
3277 622 3477 690 duplex

1902 712 2110 783 parari,
2143 728 2316 784 eaque
2349 729 2455 768 non
2491 714 2704 769 modica
2762 713 2969 767 utilitas
2997 722 3200 781 potest.
3234 713 3473 767 Primum

1904 805 2144 873 quidem,
2180 805 2322 872 quod
2351 805 2497 870 hinc,
2527 805 2629 861 etsi
2663 806 2754 875 qui
2791 805 2989 873 injuste
3008 804 3283 873 quidpiam
3305 805 3478 857 admi-

1904 905 2113 958 serunt,
2164 894 2408 965 eﬁugere
2436 896 2636 964 saepius
2674 896 2980 957 videantur,
3039 895 3258 949 tandem
3294 905 3472 949 tamen

1901 986 2128 1041 meritas
2153 987 2283 1040 dare
2316 1001 2526 1057 poenas,
2579 987 2780 1042 discas.
2814 987 3061 1042 lnsontes
3119 986 3313 1041 deinde
3342 985 3480 1039 mul-

1901 1083 2011 1139 tos,
2051 1076 2361 1146 ingentibus
2387 1078 2599 1132 vicinos
2630 1078 2910 1145 periculis,
2950 1086 3147 1148 praeter
3177 1090 3328 1147 spem
3360 1090 3479 1129 om-

1903 1182 2025 1222 nem
2059 1181 2430 1237 saepenumero
2450 1166 2680 1221 servari.

2562 1256 2818 1311 CLXVII.
3445 1312 3451 1317 .

1901 1346 2133 1403 Joannis
2172 1345 2368 1402 Slobtei
2430 1345 2794 1415 Eclcgarum,
2840 1346 3383 1415 Apophthegmatum,
3428 1353 3479 1399 ει

2286 1419 2404 1473 vita:
2420 1417 2845 1485 Prwceptionum
2877 1419 2996 1471 libri
3025 1432 3099 1471 IV.

1977 1531 2235 1603 Legimus
2283 1531 2511 1587 Joannis
2561 1531 2760 1587 Stobmi
2798 1530 3150 1601 Eclogarum,
3179 1528 3480 1599 Apophthe-

1908 1636 2166 1696 gmatum,
2187 1635 2233 1678 et
2257 1624 2672 1693 Praceptionum
2702 1625 2820 1678 vitae
2848 1623 3014 1677 libros
3048 1631 3302 1690 quatuor,
3330 1620 3482 1671 volu-

1908 1719 2149 1772 minibus
2179 1697 2414 1771 duubus.
2450 1715 2674 1769 Dedicat
2703 1730 2814 1779 eas,
2847 1712 3004 1781 cujus
3030 1713 3264 1766 maxime
3306 1714 3480 1780 gratia

214 1795 434 1866 θροισιν
467 1799 823 1869 φιλοπονῆσαι
847 1801 1027 1870 (λέγει,
1056 1805 1334 1877 Σεπτιμίῳ
1359 1809 1404 1841 ³⁸
1437 1784 1701 1882 ἰδίῳ-υἱῷ.
1737 1814 1799 1865 Ἦ

1905 1809 2166 1863 collectos
2223 1805 2491 1873 aﬂirmat,
2535 1805 2792 1861 Sestimio
2845 1804 2956 1875 ('56)
3007 1805 3121 1859 tilio
3153 1818 3271 1857 suo.
3302 1803 3479 1856 Colle-

208 1889 273 1941 se
314 1891 611 1964 συναγωγή
658 1894 806 1964 αὐτῷ
835 1895 900 1948 ἐκ
930 1913 987 1948 τε
1022 1898 1265 1968 ποιητῶν
1295 1902 1390 1954 καὶ
1432 1905 1677 1974 ῥητόρων
1708 1907 1803 1960 καὶ

212 1982 329 2034 τῶν
357 1983 504 2036 κατὰ
524 1987 623 2048 τὰς
649 1985 924 2053 πολιτείας
956 1987 1080 2061 [190
1104 1989 1145 2044 H
1172 1990 1193 2064 ]
1237 1992 1503 2065 λαμπρῶς
1539 1996 1801 2067 βεϐιωκό-

209 2093 328 2130 των
356 2078 578 2146 ἐγένετο
601 2121 615 2141 ,
656 2073 734 2134 ὧν
779 2080 874 2152 (ὡς
914 2085 1009 2137 καὶ
1055 2085 1217 2149 αὐτός
1246 2096 1399 2159 φησι)
1429 2089 1538 2143 τῶν
1565 2092 1662 2161 μὲν
1703 2094 1802 2158 τὰς

212 2169 454 2237 ἐκλογὰς
484 2172 530 2207 ’τ
570 2172 680 2224 τῶν
708 2173 764 2226 δὲ
794 2174 864 2228 τά
894 2176 1290 2248 ἀποφθέγματα
1338 2182 1432 2239 καί
1476 2201 1639 2237 τινων
1669 2186 1802 2241 ὑπο-

208 2260 397 2330 θήκας
449 2263 865 2334 συλλεξάμενος,
901 2268 995 2321 ἐπὶ
1026 2269 1103 2339 τῷ
1137 2271 1397 2342 ρυθμίσαι
1445 2276 1539 2329 καὶ
1581 2265 1802 2347 βελτιῶ-

214 2367 308 2403 σαι
332 2351 417 2422 τῷ
457 2353 614 2406 παιδὶ
640 2355 740 2424 τὴν
779 2356 964 2424 φύσιν,
988 2358 1365 2433 ἀμαυρότερον
1398 2365 1625 2435 ἔχουσαν
1663 2370 1801 2441 πρὸς

206 2443 313 2510 τὴν
342 2443 454 2495 τῶν
483 2444 926 2516 ἀναγνωσμάτων
961 2452 1184 2522 μνήμην
1207 2454 1274 2518 ’⁸,
1307 2456 1585 2513 στείλειεν.

289 2536 456 2588 Ἐστι
484 2536 540 2589 δὲ
572 2537 723 2607 αὐτῷ
767 2541 828 2595 τὸ
863 2542 961 2611 μὲν
986 2549 1034 2597 α’
1084 2543 1286 2613 βιϐλίον
1333 2551 1579 2615 φυσικὸν.
1615 2555 1710 2606 τοῦ
1741 2554 1800 2610 δὲ

210 2626 262 2699 β’
291 2627 356 2681 τὸ
385 2628 491 2699 μέν
521 2647 576 2682 τι
608 2631 731 2683 κατ’
767 2633 940 2703 ἀρχὰς
975 2635 1141 2707 μέρος
1168 2637 1405 2706 λογικὸν,
1438 2642 1500 2694 τὸ
1526 2644 1571 2674 ¹⁹
1609 2645 1666 2698 δὲ
1690 2646 1803 2699 λοι-

208 2717 316 2773 πον
342 2720 441 2770 καὶ
472 2717 724 2772 πλεῖστον
760 2721 805 2752 ³⁰
835 2721 1024 2789 ἠθικόν
1048 2741 1060 2755 °
1096 2726 1191 2778 καὶ
1238 2727 1298 2779 τὸ
1323 2735 1372 2796 γ’
1405 2729 1458 2782 δὲ
1503 2733 1598 2785 καὶ
1644 2733 1706 2786 τὸ
1732 2734 1796 2796 δ’,

208 2809 357 2879 πλὴν
408 2808 722 2875 ὀλιγίστων,
774 2811 938 2881 ἠθικὰ
989 2816 1082 2867 καὶ
1121 2817 1394 2874 πολιτικά.
1434 2823 1547 2875 Καὶ
1596 2824 1707 2895 γὰρ
1738 2824 1799 2877 τὸ

212 2902 315 2968 μὲν
367 2907 415 2953 α’
449 2901 566 2972 ἔχει
603 2904 702 2971 μὲν
746 2905 1017 2973 κεφάλαια
1047 2907 1123 2974 Ξ’,
1152 2905 1234 2974 οἷς
1285 2912 1379 2964 καὶ
1411 2915 1511 2978 τὰς
1537 2916 1646 2968 τῶν
1692 2936 1800 2973 πα-

208 2992 383 3046 λαιῶν
438 2995 671 3065 ἁρμόζει
717 2999 938 3070 χρήσεις
975 3003 1069 3055 καὶ
1117 3003 1304 3073 χρείας
1329 3022 1343 3036 ·
1376 3007 1548 3071 ταῦτα
1588 3011 1647 3065 δέ
1691 3015 1797 3067 είσι

213 3086 355 3184 μετὰ
387 3086 449 3139 τὺ
488 3088 635 3184 ’περὶ
684 3089 819 3184 Θεοῦ
856 3091 1154 3157 διαλαϐεῖν,
1196 3097 1279 3152 ὅτι
1313 3100 1655 3172 Δημιουργὸς
1686 3106 1796 3159 τῶν
1822 3129 1864 3184 c

210 3176 383 3231 ὗντων
411 3179 510 3230 καὶ
535 3179 710 3233 διέπει
738 3182 800 3234 τὸ
828 3183 949 3237 ὅλον
978 3185 1057 3255 τῷ
1084 3186 1185 3257 τῆς
1210 3186 1467 3258 προνοίας
1492 3194 1656 3266 λόγῳ,
1680 3198 1801 3251 δεύσ-

208 3285 368 3339 τερον
398 3272 677 3341 περὶτῶν
727 3275 1057 3342 νομιζόντων
1105 3279 1180 3349 μὴ
1229 3275 1370 3336 εἶναι
1403 3286 1659 3353 πρόνοιαν
1705 3292 1799 3343 καὶ

210 3362 492 3432 ἑπομένας
539 3364 713 3439 ταύτῃ
754 3366 903 3432 θείας
930 3370 1022 3421 ἐπὶ
1053 3374 1120 3441 τῇ
1164 3372 1257 3427 τοῦ
1304 3377 1504 3440 παντὸς
1532 3379 1798 3451 διοικήσει

211 3453 496 3523 δυνάμεις,
530 3451 651 3509 εἶτα
694 3459 824 3529 περὶ
853 3460 1009 3531 δίκης
1044 3463 1198 3533 παρὰ
1228 3464 1323 3518 τοῦ
1367 3466 1501 3520 Θεοῦ
1529 3474 1798 3541 τεταγμέ-

210 3563 309 3614 νης
354 3548 686 3601 ἐποπτεύειν
724 3552 793 3602 τά
846 3553 1107 3623 γινόμενα
1154 3556 1258 3609 ὑπὸ
1309 3558 1419 3611 τῶν
1471 3562 1795 3633 ἀνθρώπων,

208 3637 455 3708 τιμωρὸν
483 3634 788 3707 οὗσαπαητῶν
803 3643 1247 3713 ἁμαρτανόντων,
1275 3650 1518 3721 καὶπερὶ
1552 3654 1797 3725 ἀνάγκης

210 3726 381 3791 θείας,
433 3730 562 3782 καθ’
593 3731 661 3801 ἥν
694 3735 1084 3806 ἀπαραιτήτως
1112 3739 1178 3790 τὰ
1207 3742 1347 3792 κατὰ
1390 3743 1491 3812 τὴν
1521 3743 1615 3796 τοῦ
1660 3746 1796 3801 Θεοῦ

210 3818 420 3885 γίνεται
461 3820 751 3891 βούλησινο
787 3824 915 3892 περί
953 3842 1013 3877 τε
1061 3827 1401 3898 εἱμαρμένης
1435 3832 1529 3883 καὶ
1561 3833 1661 3903 τῆς
1686 3833 1797 3889 τῶν

211 3914 512 3982 γινομένων
556 3914 846 3982 εὐταξίας·
880 3917 1012 3989 περί
1047 3936 1107 3971 τε
1154 3921 1385 3994 τύχηςῆ
1429 3927 1794 3996 ταυτομάτου,

210 4005 307 4056 καὶ
333 4006 416 4058 ὅτι
447 4006 735 4075 ἀλόγιστος
768 4010 800 4078 ἡ
828 4010 970 4079 φορὰ
993 4012 1092 4080 τῆς
1114 4010 1314 4085 τύχης·
1343 4014 1473 4084 περί
1505 4032 1565 4069 τε
1596 4017 1639 4048 ³⁸
1666 4019 1795 4091 χρό-

212 4111 306 4148 νου
349 4097 544 4161 οὐσίας
592 4099 688 4152 καὶ
722 4100 926 4171 μερῶν,
974 4103 1068 4156 καὶ
1115 4105 1296 4161 πόσων
1329 4108 1414 4178 είη
1460 4107 1669 4171 αἴτιοςο
1701 4112 1795 4165 καὶ

212 4188 340 4257 περὶ
367 4190 698 4261 Ἀφροδίτης
719 4193 980 4263 οὐρανίας
1007 4195 1100 4248 καὶ
1127 4198 1327 4266 ἔρωτος
1357 4197 1505 4252 θείου
1523 4214 1536 4229 ⁸
1570 4194 1795 4257 δέκατον

212 4279 342 4348 περὶ
376 4279 568 4350 ἀρχῶν
617 4283 710 4334 καὶ
768 4284 1046 4354 στοιχείων
1099 4287 1194 4339 καὶ
1239 4287 1334 4343 τοῦ
1390 4289 1609 4353 παντός.
1656 4288 1794 4350 Εἶτα

210 4369 349 4440 περὶ
373 4370 527 4442 ὕλης,
576 4374 706 4443 περὶ
736 4373 900 4443 ἰδέας,
946 4376 1075 4447 περὶ
1107 4378 1318 4442 αἰτίων,
1357 4382 1486 4450 περὶ
1525 4383 1794 4452 σωμάτων

1903 1901 1975 1968 git
1993 1909 2172 1953 autem
2194 1899 2270 1968 (ut
2299 1899 2527 1967 ipsemet
2545 1896 2769 1967 iudicat)
2791 1911 2821 1950 e
2842 1894 3252 1968 [pbilosophis,]
3279 1895 3475 1964 poetis.

1902 1992 2231 2054 oratoribus,
2260 1999 2424 2059 atque
2450 2004 2517 2043 ex
2550 1990 2618 2044 iis
2652 1988 2745 2058 qui
2781 1989 2831 2043 in
2868 1989 3018 2042 omni
3084 1988 3362 2057 republica
3392 2000 3480 2040 re-

1904 2087 2003 2139 bus
2041 2087 2206 2156 gestis
2252 2084 2584 2150 claruerunt,
2618 2081 2817 2149 partim
2847 2082 3086 2150 eclogas,
3116 2080 3312 2148 partim
3347 2093 3480 2147 apo-

1901 2180 2282 2249 phtliegmata,
2318 2176 2513 2246 partim
2541 2175 2778 2242 denique
2809 2174 3158 2228 instituendas
3185 2173 3307 2226 vine
3339 2187 3480 2239 prae-

1900 2281 2078 2340 cepta,
2107 2284 2229 2339 quae
2270 2269 2443 2321 instar
2475 2267 2744 2319 columnae
2775 2264 3005 2333 alicujus
3043 2264 3254 2332 erigere
3286 2261 3477 2326 voluit,

1900 2378 2009 2433 quo
2040 2362 2105 2415 ad
2151 2361 2292 2414 hanc
2335 2372 2518 2411 rerum
2562 2357 2827 2409 lectarum
2865 2355 3037 2409 stelen
3080 2354 3300 2407 dubium
3339 2367 3476 2405 uou-

1899 2455 2035 2510 nibil
2068 2454 2161 2508 lilii
2190 2453 2464 2521 ingenium
2492 2457 2863 2516 componeret,
2885 2447 3184 2512 meliusque
3205 2444 3474 2498 redderet.

1970 2546 2187 2600 Primus
2235 2554 2411 2597 autem
2473 2540 2607 2596 liber
2657 2550 2805 2594 totus
2842 2548 2926 2592 est
2969 2537 3227 2608 physicus
3275 2548 3291 2589 :
3340 2534 3478 2589 alter

1899 2639 2094 2695 deinde
2118 2637 2230 2708 (5'7)
2264 2636 2444 2704 aliqua
2491 2632 2574 2689 sui
2615 2642 2768 2701 parte
2801 2632 2867 2684 ad
2892 2643 3200 2684 sermonem
3221 2627 3290 2680 ab
3319 2624 3477 2679 initio

1898 2732 2135 2800 pertinet
2180 2747 2194 2783 :
2247 2738 2439 2781 caetera
2492 2741 2643 2791 vero,
2683 2734 2738 2780 et
2780 2724 2939 2793 longe
2978 2720 3234 2783 maxima,
3265 2718 3478 2775 ethicns

1898 2832 2002 2877 est.
2065 2820 2282 2874 Tertius
2326 2819 2560 2888 denique
2628 2826 2689 2871 et
2735 2826 3010 2884 quartus,
3075 2826 3249 2880 pauca
3293 2810 3338 2864 si
3384 2810 3479 2861 de-

1901 2929 2037 2974 nns,
2100 2914 2275 2967 etliica
2347 2925 2561 2965 rursum
2617 2918 2673 2963 et
2730 2908 2944 2978 politica
3004 2905 3291 2958 continent
3337 2900 3474 2973 ('58).

1898 2996 2128 3060 Primus.
2162 3006 2342 3071 itaque
2415 3002 2551 3056 liber
2597 3001 2770 3067 capita
2821 2998 3201 3066 complectitur
3235 3010 3330 3061 ις,
3405 2995 3474 3048 ad

1900 3113 2022 3166 qua:
2056 3108 2300 3149 veterum
2345 3094 2646 3148 sententias
2673 3092 2787 3162 (59)
2820 3091 3167 3157 celebriaque
3200 3088 3346 3140 dicla
3385 3101 3475 3139 re-

1900 3190 2064 3258 degit.
2099 3188 2240 3243 Sunt
2286 3199 2468 3240 autem
2508 3187 2612 3240 ista
2647 3202 2662 3238 :
2712 3185 3002 3252 Postquam
3053 3184 3119 3235 de
3158 3179 3270 3234 Deo
3301 3179 3471 3233 disse-

1900 3286 2009 3335 ruit
2049 3280 2185 3350 (40),
2234 3290 2552 3334 cunctorum
2601 3292 2724 3332 eum
2754 3276 3016 3344 Opiﬁcem
3066 3288 3209 3337 esse,
3247 3280 3303 3325 et
3348 3283 3477 3339 pro—

1898 3374 2137 3425 videntia
2183 3387 2278 3425 sua
2322 3371 2626 3441 gubernare
2662 3369 2996 3425 universum.
3031 3365 3341 3421 Secundum
3378 3378 3475 3417 ca-

1897 3477 1993 3535 put
2020 3468 2086 3518 de
2109 3465 2175 3517 iis
2200 3464 2333 3532 agit,
2359 3464 2450 3532 qui
2476 3462 2880 3532 providentiam
2907 3458 3125 3522 tollunt,
3154 3456 3477 3523 divitiasque

1899 3559 2187 3613 facultates
2220 3573 2337 3622 eas,
2379 3572 2499 3627 quae
2535 3556 2683 3614 illam
2719 3556 2890 3624 ipsam
2925 3554 2992 3608 ad
3034 3553 3345 3606 universqu
3375 3551 3475 3605 ad-

1902 3652 2325 3705 ministrandum
2359 3654 2789 3717 consequantur.
2821 3647 2876 3701 5.
2910 3637 3113 3698 Deinde
3162 3644 3230 3698 de
3269 3643 3475 3697 consti-

1899 3753 2014 3797 tuta
2044 3759 2075 3797 a
2117 3741 2226 3796 Deo
2248 3740 2458 3810 justitia
2509 3741 2574 3793 ad
2617 3738 2896 3793 hominum
2937 3736 3078 3790 facta
3115 3735 3472 3802 inspicienda,

1897 3846 1953 3891 et
1986 3846 2202 3902 peccata
2234 3835 2526 3904 punienda.
2559 3833 2614 3888 4.
2654 3832 2728 3887 De
2764 3832 2943 3885 divina
2975 3828 3327 3892 necessitate,
3359 3845 3473 3904 qua

1900 3929 2215 3983 necessario
2241 3937 2436 3981 cuncta
2470 3942 2589 3995 quae
2611 3941 2676 3979 ex
2715 3925 2806 3979 Del
2836 3925 3114 3979 voluntate
3145 3933 3290 3989 sunt,
3318 3923 3472 3978 ﬁunt.

1897 4022 1952 4077 5.
1985 4022 2058 4076 De
2094 4020 2225 4085 fato,
2257 4030 2314 4075 et
2346 4028 2470 4086 apto
2505 4033 2694 4072 eorum
2730 4033 2848 4086 quae
2891 4018 3027 4072 ﬁunt
3067 4018 3278 4072 ordine.
3308 4015 3361 4069 6.
3399 4016 3475 4070 De

1898 4112 2113 4164 fortuna
2162 4111 2277 4166 sive
2321 4124 2475 4164 casu.
2508 4108 2562 4163 ’7.
2601 4107 2837 4162 Temere
2875 4107 2979 4161 huc
3035 4107 3165 4161 illuc
3204 4106 3473 4160 fortunam

1897 4201 2051 4256 ferri.
2101 4201 2156 4255 8.
2201 4200 2275 4254 De
2327 4199 2589 4270 temporis
2646 4208 2840 4253 natura
2869 4214 2932 4252 ac
2959 4199 3226 4265 partibus,
3261 4208 3315 4252 et
3344 4208 3477 4266 quot

1897 4302 2330 4361 quantarumque
2349 4306 2528 4344 rerum
2552 4304 2716 4344 causa
2741 4289 2810 4343 sit
2826 4288 2958 4356 (M).
2976 4289 3029 4344 9.
3055 4288 3127 4343 De
3150 4302 3346 4342 venere
3360 4301 3475 4341 cce-

1896 4385 2013 4439 lesti
2038 4391 2091 4437 et
2110 4383 2297 4437 divino
2321 4396 2522 4436 amore.
2552 4381 2639 4435 ιο.
2665 4380 2739 4434 De
2771 4380 3147 4448 priucipiis.et
3167 4379 3471 4437 elementis,

210 4463 315 4515 καί
343 4466 466 4534 περὶ
499 4465 598 4535 τῆς
640 4465 685 4497 ³⁸
713 4465 920 4521 τούτων
966 4468 1141 4539 τομῆς
1179 4470 1274 4525 καὶ
1323 4474 1455 4541 περὶ
1486 4472 1793 4544 ἐλαχίστου,

1903 4489 2065 4546 atque
2097 4476 2372 4528 universo.
2401 4474 2485 4529 11.
2521 4473 2660 4527 Hinc
2691 4471 2882 4542 112b
2914 4471 2987 4526 De
3009 4470 3257 4525 materia.
3283 4470 3369 4522 ιε.
3398 4467 3474 4521 De
3540 4518 3547 4525 .

209 4553 355 4625 περὶ
382 4556 693 4625 σχημάτων,
750 4561 878 4630 περ).
911 4559 1244 4628 χρωμάτων,
1292 4564 1425 4629 περ).
1467 4563 1665 4632 μίξεως
1698 4566 1794 4618 κα)¹

209 4647 490 4715 κράσεως,
521 4653 650 4721 περὶ
681 4653 841 4705 κενοῦ
865 4653 912 4686 ³³
935 4655 1028 4708 καὶ
1075 4656 1241 4711 τόπου
1286 4658 1381 4710 καὶ
1426 4657 1630 4729 χώρας,
1662 4659 1791 4730 περὶ

1901 4571 2043 4624 idea.
2081 4570 2167 4623 15.
2205 4569 2276 4621 De
2317 4566 2520 4621 causis.
2564 4565 2654 4620 14.
2688 4563 2763 4618 De
2808 4564 3149 4633 corporibus,
3175 4574 3473 4627 eorumque

1901 4662 2164 4725 sectione,
2190 4661 2332 4714 etde
2372 4659 2616 4711 minimo.
2647 4657 2733 4713 15.
2771 4655 2848 4709 De
2896 4654 3103 4724 ﬁguris.
3149 4653 3237 4705 lli.
3282 4653 3353 4705 De
3379 4665 3473 4703 co.

1541 4795 1776 4875 ὙᾼΒΙΛΕ
1801 4796 2203 4851 LECTIONES.

285 4876 348 4909 ιι
379 4876 555 4933 ἐλπίδα
588 4898 649 4945 ς.

205 4946 322 5012 λην
364 4964 416 5010 ς.

210 5018 358 5087 πέρι
379 5020 444 5072 Δ.

517 4888 555 4933 ζα
588 4898 649 4945 ς’.
743 4884 790 4914 ’⁵
823 4883 1047 4952 ὲκλογαὶ
1071 4901 1132 4948 ς.
1209 4886 1255 4915 ’⁸
1291 4885 1561 4988 Σεστιμίῳ
1587 4906 1646 4952 ς.

517 4954 564 4984 τ’
591 4953 652 4988 φλ
697 4964 823 4988 ιιι-ιο
856 4953 1066 4988 "dun...
1145 4970 1208 4988 m-
1266 4957 1291 4988 Δ
1428 4959 1448 4988 τ
1502 4957 1646 4988 ..πη-ιη

544 4957 564 4983 ⁹
591 4953 652 5005 τὸ
695 4964 823 5008 ante
853 4953 953 5022 μέν
979 4972 1089 5008 υιιι.
1144 4970 1228 5023 pr.
1259 4957 1325 5011 Α.
1428 4959 1448 4989 ‘

1502 4957 1752 5014 πλεῖστον
1790 4960 1831 5012 Α
1863 4979 1876 5015 :
1912 4956 2187 5012 πολιτικὸν
2234 4960 2330 5011 καὶ
2355 4956 2415 5022 ς.

1746 4891 1791 4922 ’⁷
1820 4886 2076 4959 ἐκλογὰς]
2112 4889 2196 4942 ἵσ.
2235 4886 2457 4957 γνώμας
2494 4884 2857 4959 διορίιτιιιιι-ιι.Δ
2899 4883 2946 4915 ⁸⁸
2973 4883 3190 4959 μνήνην.
3213 4881 3304 4959 A_:
3329 4881 3471 4959 pr!)-

2521 4956 2563 4987 ³¹
2592 4950 2653 5007 τε
2681 4955 2804 5008 add.
2831 4953 2900 5010 A.
2975 4950 3047 4985 ’⁸³
3070 4950 3203 5023 περὶ
3225 4950 3346 5023 τῆς]
3372 4950 3474 5020 τῆς

1776 5116 2009 5180 NOTAE.

291 5201 922 5278 (56)5υξι1ιιε(Ἐι-ιίμιον
953 5207 1128 5272 vocat)
1161 5220 1290 5274 puto
1332 5206 1544 5278 legend.
1586 5210 1797 5263 utrobi-

220 5288 344 5341 que
380 5274 828 5345 Ἐπτίμιονιιυίει
856 5276 970 5340 ipse
997 5289 1239 5343 quatuor
1262 5274 1461 5333 διυὺῖθί
1494 5279 1664 5333 libros
1691 5296 1792 5333 uu—

212 5354 421 5404 Inerat,
450 5360 673 5415 quorum
726 5345 814 5402 vix
866 5357 979 5401 tres
1024 5347 1189 5402 hodie
1246 5349 1440 5419 integri
1496 5348 1791 5405 circumfe-

216 5424 437 5467 I'Illlllll'.

296 5484 528 5557 (ξυδει
562 5485 741 5556 prima
780 5487 979 5555 capita,
1005 5504 1125 5557 quae
1156 5499 1212 5544 et
1238 5489 1651 5545 interciderunt.

297 5553 415 5628 (ἒξ)
434 5553 577 5628 Quin
595 5567 648 5612 et
677 5553 1035 5613 tecouotuica
1051 5564 1238 5628 qumda
1250 5576 1322 5615 m.

299 5622 416 5704 ($9)
437 5625 606 5704 Habes
632 5643 699 5704 ea
730 5630 931 5691 omnia,
978 5622 1082 5704 aut
1101 5645 1239 5704 pene
1272 5629 1478 5694 omnia,
1515 5629 1788 5704 Graeceet

214 5693 427 5772 Latine
455 5695 631 5772 a_Gul.
659 5697 897 5753 Cautero
924 5693 1127 5765 pridem
1157 5700 1320 5758 edita.
1349 5693 1648 5772 setl’aliter
1680 5701 1783 5754 ali-

210 5765 358 5820 subi
386 5765 644 5834 distincta,
671 5779 730 5823 et
750 5783 1124 5841 nonnusquam
1153 5771 1497 5843 perturbata,
1517 5781 1612 5827 aut
1634 5772 1781 5827 varie

1900 5216 2018 5286 sine
2052 5215 2224 5270 titulis
2264 5216 2544 5284 dispersa,
2585 5226 2944 5286 praeterquam
2994 5214 3136 5285 quod
3185 5212 3366 5268 multis
3416 5212 3468 5265 in

1899 5284 2316 5357 th'sAcorrnpta
2349 5288 2458 5357 sint
2484 5300 2548 5340 ac
2572 5287 2780 5341 inutila.

1971 5354 2084 5424 (40)
2116 5347 2265 5422 Quod
2316 5355 2405 5410 hic
2439 5357 2726 5410 intercedit
2756 5358 2806 5409 in
2834 5354 3053 5411 Canteri
3098 5352 3358 5424 editione.
3397 5347 3470 5403 De

1899 5420 2389 5495 nurneris'caputﬂ
2435 5425 2825 5495 Prolegomenis
2872 5427 2971 5477 huc
3017 5422 3153 5475 male
3192 5420 3470 5495 trajectum

1897 5497 2042 5547 docet
2071 5490 2234 5550 Phor.
2253 5513 2373 5565 pug.
2401 5514 2507 5561 seq.
2545 5490 2803 5549 et'nostra
2839 5495 3133 5565 fragmento
3179 5490 3465 5544 ἀνέκδοτα.

1899 5565 2114 5618 Constat
2165 5561 2302 5625 idem
2324 5561 2390 5621 ξω
2435 5565 2556 5625 cad.
2583 5584 2681 5621 ms.
2717 5564 3064 5619 Bibliotheca:
3086 5561 3432 5632 Augustana’.

1933 5635 2086 5765 ζ’(41)
2121 5638 2358 5693 Etneuda
2386 5639 2511 5694 hinc
2555 5638 2611 5692 iu
2641 5634 2862 5692 Cauteri
2885 5634 3020 5690 edit.
3055 5633 3152 5687 καὶ
3175 5629 3359 5686 πόσων
3382 5629 3470 5700 sit;

1957 5723 2087 5765 τιος.

1893 5723 2087 5776 αιτιος.
