3932 6240
470 315 576 380 479

1631 308 1896 368 PHOTII
1927 308 2427 369 ΡΑΤΒΙΑΒΟΗᾸΞ
2463 313 2570 371 CP.

3628 305 3732 371 480

471 431 698 487 laribus.
747 430 832 486 1³7.
885 429 962 486 De
1016 427 1273 484 mistione
1335 434 1388 478 et
1443 432 1896 492 temperamento.
1953 421 2042 474 18.

2152 423 2439 487 κινήσεως.
2478 422 2735 474 Εἰκοστὸν
2779 421 2834 475 δὲ
2895 421 3022 490 περὶ
3061 419 3328 487 γενέσεως
3369 419 3464 472 καὶ
3501 418 3732 488 φθορᾶς.

477 523 552 575 lie
577 536 766 586 vacuo,
799 523 937 585 loco,
971 531 1027 575 et
1049 519 1244 586 spatio.
1277 517 1364 570 19.
1403 515 1476 570 De
1507 525 1676 568 motu.
1704 513 1799 568 20.
1826 512 1902 565 De
1924 521 2046 565 ortu

481 625 647 682 atque
668 612 912 668 interittr.
937 613 1028 668 2i.
1054 611 1129 665 De
1153 611 1388 670 mundo;
1414 618 1489 669 et,
1507 605 1864 660 Animatusne
1895 605 1966 659 sit
1987 620 2050 660 ac

477 703 825 757 Providentia
855 714 1096 773 regatur,
1130 710 1293 770 atque
1315 699 1402 752 ubi
1437 698 1795 766 principatum
1827 698 2046 763 habeat,

477 806 531 851 et
574 798 716 851 unde
769 797 1062 850 nutriatur.
1097 793 1190 848 22.
1244 793 1318 845 De
1362 791 1549 845 mundi
1599 790 1833 856 ordine;
1870 799 1924 842 et
1967 790 2047 842 An

479 903 642 940 unum
689 888 760 942 sit
801 888 1134 941 universum.
1169 886 1261 942 25.
1292 883 1368 937 De
1399 885 1522 938 caeli
1558 893 1750 936 natura
1801 896 1866 936 ac
1911 881 2049 935 divi-

475 980 649 1033 sione.
696 978 788 1032 24.
825 977 902 1033 De
934 979 1171 1034 siderum
1217 989 1429 1039 natura,
1461 979 1652 1046 figura,
1677 985 1851 1039 motu,
1877 974 2048 1044 signi-

472 1071 747 1125 'ficatione.
797 1071 889 1125 25.
943 1071 1022 1126 De
1091 1072 1220 1127 solis
1273 1081 1489 1132 natura,
1545 1068 1932 1137 magnitudine,
1990 1066 2052 1118 fi-

475 1180 630 1229 gura,
688 1165 1155 1228 conversionibus,
1233 1162 1487 1223 defectu,
1543 1163 1712 1232 signis
1765 1170 1819 1214 et
1879 1165 2045 1213 motu.

474 1254 566 1307 26.
621 1255 698 1309 De
751 1255 890 1310 luna:
929 1266 1141 1320 natura,
1171 1255 1566 1326 magnitudine,
1611 1257 1778 1324 figura
1823 1263 1877 1308 et
1927 1253 2052 1306 illu-

475 1347 759 1408 stratione,
830 1348 1002 1415 deque
1043 1347 1252 1416 eclipsi,
1296 1347 1535 1416 ejusdem
1603 1346 1885 1400 intervallo
1915 1345 2047 1416 (42),

478 1453 543 1490 ac
572 1438 762 1506 signis.
793 1437 882 1490 27.
915 1439 986 1492 De
1015 1438 1184 1492 lactea
1229 1439 1332 1492 via.
1362 1438 1452 1492 28.
1489 1438 1560 1491 De
1590 1440 1837 1502 cometis,
1873 1446 2051 1492 trans-

475 1528 785 1583 volantibus
839 1529 1032 1593 stellis,
1079 1545 1143 1584 ac
1198 1531 1492 1585 similibus.
1531 1530 1623 1583 29.
1655 1529 1729 1584 De
1775 1532 2049 1596 tonitrnis,

476 1619 798 1688 fulguribus,
834 1620 1173 1684 fulminibus,
1213 1622 1384 1690 igneis
1415 1623 1744 1687 turbinibus,
1775 1631 1829 1676 et
1854 1622 2054 1700 typho-

476 1709 636 1763 nibus
663 1709 796 1780 (4'5).
828 1711 917 1765 50.
973 1713 1047 1766 De
1091 1712 1254 1776 iride,
1306 1713 1372 1767 de
1414 1727 1646 1777 comna,
1710 1715 1938 1782 parclio,
1986 1729 2050 1769 ac

474 1804 659 1870 virgis.
697 1803 783 1857 5|.
820 1804 949 1858 Item
1001 1805 1066 1858 de
1104 1803 1359 1869 nubibus,
1387 1805 1603 1870 nebula,
1639 1807 1858 1873 pluviis,
1907 1822 2047 1872 rore,

467 1895 626 1961 nive;
669 1896 880 1962 pruina,
932 1908 986 1950 et
1036 1897 1320 1966 grandine.
1367 1897 1459 1951 δε.
1510 1898 1581 1950 De
1612 1899 1810 1953 ventis.
1857 1897 1942 1952 55.
1979 1899 2050 1952 De

470 1999 619 2042 terra
659 2003 672 2039 :
703 1987 844 2040 sitne
887 2003 1016 2047 una.
1047 1998 1101 2042 et
1136 1990 1306 2042 linita.
1340 1989 1428 2042 54.
1459 1989 1684 2052 Quanta:
1720 1990 2049 2056 magnitudi-

474 2077 558 2129 nis
583 2087 731 2130 terra
755 2077 847 2141 sit,
889 2078 1063 2146 deque
1098 2080 1215 2146 ejus
1263 2080 1392 2134 situ.
1425 2081 1516 2134 55.
1568 2083 1641 2134 De
1675 2082 1842 2152 figura
1881 2082 2049 2150 ipsius

469 2181 652 2222 terrae.
679 2170 771 2223 56.
810 2170 1014 2224 Fixane
1039 2180 1181 2235 terra
1216 2172 1288 2226 sit
1334 2185 1498 2241 atque
1539 2172 1787 2236 immota,
1831 2189 1897 2226 an
1935 2189 2051 2226 mo-

469 2262 618 2317 bilis.
655 2265 744 2319 57.
782 2264 856 2318 De
901 2278 1059 2320 terra:
1109 2276 1276 2320 motu.
1327 2267 1421 2322 38.
1467 2268 1540 2320 De
1594 2268 1761 2330 mari;
1811 2283 2048 2334 quonam

472 2367 629 2421 pacto
670 2367 837 2412 aestus
861 2356 977 2424 ejus
1003 2359 1179 2426 jmodo
1214 2363 1454 2422 recedat,
1490 2361 1648 2413 modo
1683 2361 1924 2413 accedat.
1959 2358 2046 2412 59.

465 2449 547 2501 'l)e
574 2450 750 2518 aquis.
789 2450 880 2505 40.
925 2450 1000 2505 De
1039 2452 1312 2506 universo.
1345 2452 1434 2506 4i.
1473 2452 1545 2506 De
1585 2463 1805 2513 natura,
1839 2451 2046 2506 causis-

469 2555 577 2604 que
606 2555 670 2593 ex
708 2553 771 2593 ea
811 2543 967 2594 ortis.
1003 2541 1090 2595 42.
1135 2543 1207 2596 De
1246 2543 1602 2596 animantium
1656 2545 2032 2611 generatione,

470 2633 796 2700 ca-tcrisque
821 2631 956 2702 (44).
989 2633 1081 2686 43.
1111 2635 1254 2699 Quot
1288 2636 1396 2687 sint
1425 2634 1777 2687 animantium
1809 2648 2045 2700 genera:

464 2731 548 2785 ‘et,
581 2723 662 2776 An
703 2724 885 2777 omnia
929 2725 1139 2777 ratione
1201 2740 1475 2792 sensuque
1535 2724 1792 2792 praedita?
1839 2724 1932 2778 44.
1978 2725 2049 2777 De

473 2828 671 2866 Somno
700 2823 754 2867 et
789 2825 984 2868 morte.
1033 2814 1124 2867 45.
1167 2813 1243 2867 De
1269 2815 1528 2882 stirpibus
1556 2814 1688 2885 (45).
1717 2815 1805 2868 46.
1843 2817 1911 2868 De
1937 2817 2052 2868 ani-

475 2906 740 2958 mantium
788 2907 1144 2968 nutrimento,
1193 2907 1499 2973 edendique
1550 2907 1811 2972 appetitu.
1851 2907 1939 2960 47.
1975 2907 2050 2959 De

473 3006 667 3056 natura
708 2997 964 3052 hominis.
999 2999 1088 3052 48.
1128 3002 1202 3051 De
1237 3009 1435 3052 mente.
1467 2999 1555 3053 49.
1592 3000 1667 3052 De
1700 3001 1880 3051 anima
1913 2999 2044 3068 (46).

2151 515 2280 581 περὶ
2312 514 2539 581 κόσμου,
2568 513 2663 564 καὶ
2695 513 2743 564 εί
2771 511 3012 580 ἔμψυχος
3038 511 3133 563 καὶ
3169 509 3396 581 προνοίᾳ
3429 510 3734 579 διοικούμε-

2149 619 2259 665 νος,
2286 604 2380 658 καὶ
2414 602 2517 657 ποῦ
2563 604 2676 673 ἔχει
2718 604 2778 656 τὸ
2811 604 3154 673 ἡγεμονικὸν,
3185 603 3280 656 καὶ
3327 603 3492 655 πόθεν
3542 605 3735 673 τρέφε-

2141 709 2274 748 ται·
2310 695 2440 766 περὶ
2488 695 2693 761 τάξεως
2736 695 2829 748 τοῦ
2861 695 3068 765 κόσμου
3093 712 3107 726 ·
3139 697 3188 748 εί
3218 695 3276 747 ἓν
3313 695 3373 748 τὸ
3420 696 3532 748 πᾶν
3555 714 3567 726 ’
3605 697 3731 765 περὶ

2151 788 2250 857 τῆς
2281 787 2512 859 οὐρανοῦ
2569 788 2757 853 οὐσίας
2810 788 2906 842 καὶ⁵
2951 787 3309 856 διαιρέσεως·
3359 789 3488 858 περὶ
3543 788 3732 849 οὐσίας

2151 878 2366 948 ἄστρων
2397 878 2493 932 καὶ
2518 878 2814 948 σχημάτων
2837 878 3106 949 κινήσεώς
3131 896 3190 933 τε
3213 880 3308 933 καὶ
3330 879 3727 948 ἐπισημασίαςο

2139 973 2281 1040 περὶ
2315 971 2500 1035 οὐσίας
2559 971 2706 1042 ήλίου
2745 973 2841 1026 καὶ
2894 972 3158 1042 μεγέθους
3210 973 3492 1044 σχήματός
3536 990 3598 1024 τε
3636 977 3733 1025 καὶ

2151 1064 2368 1133 τροπῶν
2407 1063 2500 1116 καὶ
2530 1062 2827 1133 ἐκλείψεως
2857 1065 2952 1117 καὶ
2995 1066 3240 1135 σημείων
3281 1067 3374 1119 καὶ
3421 1066 3730 1134 κινήσεωςο

2153 1155 2280 1224 περὶ
2306 1154 2537 1225 σελήνης
2583 1156 2771 1218 οὐσίας
2801 1156 3065 1226 μεγέθους
3117 1158 3212 1209 καὶ
3256 1158 3539 1228 σχήματος
3568 1174 3736 1223 φωτι-

2155 1248 2307 1318 σμῶν
2333 1265 2416 1312 τε,
2449 1249 2540 1302 καὶ
2579 1249 2710 1320 περὶ
2752 1249 3045 1318 ἐκλείψεως
3091 1251 3188 1303 καὶ
3215 1251 3509 1320 ἐμφάσεως
3539 1251 3606 1313 ³⁸,
3637 1252 3733 1304 καὶ

2153 1341 2282 1409 περὶ
2314 1340 2716 1408 ἀποστημάτων
2762 1341 2857 1392 καὶ⁸
2901 1339 3144 1410 σημείων
3171 1355 3186 1368 ·
3237 1341 3368 1410 περὶ
3413 1339 3688 1407 γάλακτος
3714 1357 3729 1370 ·

2153 1434 2280 1503 περὶ
2325 1434 2579 1502 κομητῶν
2634 1434 2728 1486 καὶ
2781 1432 3104 1485 διαττόντων
3156 1433 3250 1486 καὶ
3271 1432 3379 1484 τῶν
3424 1433 3683 1485 τοιούτων
3716 1449 3732 1462 ·

2153 1526 2284 1596 περὶ
2319 1525 2577 1596 βροντῶν,
2626 1525 2946 1595 ἀστραπῶν,
3009 1523 3312 1596 κεραυνῶν,
3371 1526 3732 1596 πρηστήρων,

2151 1617 2433 1687 τυφώνων.
2463 1619 2798 1687 Τριακοστὸν
2822 1618 2880 1672 δὲ
2911 1619 3039 1688 περὶ
3073 1617 3264 1688 ἴριδος,
3316 1619 3447 1689 περὶ
3477 1618 3596 1671 ἇλω
3639 1619 3735 1671 καὶ

2154 1711 2422 1780 παρηλίου
2450 1711 2546 1763 καὶ
2588 1711 2820 1780 ῥάϐδων,
2854 1712 2945 1764 καὶ
2968 1711 3030 1781 δὴ
3076 1712 3171 1764 καὶ
3207 1711 3336 1781 περὶ
3367 1710 3571 1776 νεφῶν,
3602 1711 3731 1780 ὀμί-

2152 1803 2304 1873 χλης,
2342 1803 2531 1866 ὑετῶν,
2554 1802 2767 1874 δρόσου,
2804 1803 3000 1872 χιόνος,
3032 1803 3263 1873 πάχνης,
3293 1803 3537 1872 χαλάζης
3557 1821 3571 1834 ο
3599 1805 3739 1874 περὶ

2151 1896 2404 1965 ἀνεμων
2457 1895 2585 1966 περὶ
2614 1896 2736 1965 γῆς,
2786 1897 2836 1947 εἰ
2888 1895 2985 1964 μία
3024 1895 3118 1948 καὶ
3163 1896 3598 1967 πεπερασμένη·
3640 1899 3738 1949 καὶ

2155 1985 2306 2057 [περὶ
2334 1985 2401 2058 ³⁸]
2451 1986 2607 2038 ποίου
2659 1985 2942 2053 μεγέθους,
2974 1986 3230 2057 καὶπερὶ
3283 1987 3487 2049 Θέσεως
3533 1987 3734 2054 αὐτῆς,

2151 2080 2245 2132 καὶ
2274 2080 2402 2149 περὶ
2431 2080 2712 2148 σχήματος
2740 2079 2846 2147 γῆς
2876 2079 2940 2111 ⁸⁸·
2971 2079 3065 2132 καὶ
3095 2078 3305 2150 πότερα
3335 2081 3488 2149 μένει
3517 2081 3549 2148 ἡ
3592 2079 3669 2148 γῆ
3700 2079 3736 2152 ἢ

2151 2173 2416 2224 κινεῖται·
2450 2169 2578 2241 περί
2622 2186 2680 2222 τε
2717 2171 2959 2240 σεισμῶν
2985 2171 3027 2202 ³⁷
3061 2171 3192 2240 γῆς’
3225 2171 3319 2223 καὶ
3356 2172 3488 2238 περὶ
3533 2171 3741 2224 θαλάτ-

2149 2243 2269 2335 της,
2299 2267 2417 2325 πῶς
2461 2266 2716 2335 ἄμπωτις
2743 2266 2839 2318 καὶ
2888 2266 3220 2338 πλημμῦραι
3251 2266 3494 2333 γίνονται
3541 2281 3552 2294 ·

2151 2358 2380 2421 ὑδάτων,
2409 2357 2540 2427 περὶ
2567 2357 2662 2410 τοῦ
2689 2357 2912 2422 παντὸς,
2937 2359 3069 2430 περὶ
3093 2357 3309 2428 φύσεως
3335 2359 3430 2412 καὶ
3453 2357 3566 2411 τῶν
3597 2376 3739 2428 συμ-

2151 2451 2444 2504 ϐαινόντων
2482 2451 2542 2515 ἐξ
2575 2451 2747 2520 αὐτῆς
2779 2452 2989 2515 αἰτίων,
3023 2451 3152 2520 περὶ
3185 2453 3282 2523 τῆς
3306 2451 3416 2504 τῶν
3447 2450 3608 2514 ζώων
3640 2468 3739 2519 γε-

2151 2543 2372 2606 νέσεως,
2405 2544 2500 2596 καὶ
2535 2543 2602 2597 τά
2630 2544 2756 2614 ἑξῆς
2777 2562 2791 2576 ο
2829 2543 2957 2615 [568
2991 2542 3083 2616 IL]
3103 2544 3245 2597 πόσα
3276 2543 3410 2612 γένη
3429 2543 3610 2610 ζώων,
3641 2545 3738 2596 καὶ

3603 2281 3672 2316 πε
3683 2266 3739 2334 pi.

2141 2639 2200 2690 ei
2240 2639 2417 2691 πάντα
2454 2637 2649 2706 λογικὰ
2687 2637 2780 2690 καὶ
2813 2637 3082 2707 αἰσθητά·
3123 2637 3253 2709 περὶ
3295 2638 3463 2690 ὕπνου
3503 2638 3603 2691 καὶ
3635 2638 3737 2690 θα·

2152 2731 2314 2785 νάτου
2341 2749 2352 2761 ·
2384 2732 2512 2802 περὶ
2561 2732 2765 2800 φυτῶν,
2810 2731 2941 2801 περὶ
2967 2732 3174 2802 τροφῆς
3219 2731 3315 2784 καὶ
3351 2731 3589 2800 ὀρέξεως
3625 2730 3738 2784 τῶν

2153 2823 2328 2888 ζώων,
2361 2825 2489 2895 περὶ⁸
2534 2826 2746 2894 φύσεως
2802 2824 3124 2894 ἀνθρώπων,
3170 2825 3296 2894 περὶ
3327 2822 3445 2895 [191
3485 2821 3582 2894 Η.]
3618 2822 3734 2885 νοῦ,

2154 2915 2286 2985 περὶ
2308 2916 2504 2985 ψυχῆς,
2556 2916 2682 2984 περὶ
2735 2917 3042 2986 αἰσθήσεως
3082 2915 3178 2968 καὶ
3221 2915 3516 2984 αἰσθητῶν,
3557 2917 3656 2968 καὶ
3687 2917 3735 2966 εί

2155 3009 2372 3076 ἀληθεῖς
2407 3009 2461 3060 αἱ
2493 3007 2810 3077 αἰσθήσειςο
2842 3009 3004 3060 πόσαι
3034 3008 3174 3060 εἰσὶν
3204 3009 3260 3060 αί
3295 3008 3602 3078 αἰσθήσεις,
3639 3010 3740 3063 καὶ

471 3086 568 3145 50.
603 3086 676 3140 De
700 3089 970 3152 sensibus,
999 3098 1054 3142 et
1081 3105 1337 3144 sensuum
1363 3090 1590 3160 objectis
1621 3110 1633 3147 :
1662 3101 1736 3157 el,
1769 3091 1849 3146 An
1885 3096 2047 3146 etiam

2156 3097 2314 3161 ποίας
2339 3099 2528 3162 οὐσίας
2567 3099 2663 3151 καὶ
2704 3099 2985 3169 ἐνεργείας
3034 3099 3273 3170 ἐκάστη’
3309 3099 3438 3170 περὶ
3485 3100 3740 3171 ὁράσεως

476 3193 620 3232 vera:
655 3179 767 3232 sint
819 3182 1140 3235 sensiones?
1174 3181 1266 3236 51.
1303 3181 1444 3246 Quot
1476 3184 1582 3235 sint
1630 3199 1844 3241 sensus.
1873 3183 2052 3251 cujus-

475 3287 581 3337 que
614 3283 822 3324 natura:
859 3273 1074 3339 singuli,
1105 3286 1265 3341 atque
1297 3274 1573 3328 eiﬁcaciw.
1609 3275 1697 3329 5‘2.
1732 3277 1804 3329 lie
1837 3279 1973 3339 visu,
2001 3291 2052 3331 ct

477 3362 762 3426 specii-bus
814 3362 1135 3417 risibilibus.
1167 3365 1257 3418 5').
1294 3363 1370 3418 De
1404 3367 1614 3418 auditu.
1665 3367 1755 3422 54.
1808 3368 1880 3420 De
1923 3372 2053 3420 odo-

477 3466 623 3507 ratu.
654 3454 741 3508 55.
771 3454 845 3509 De
872 3464 1110 3525 gustatu.
1143 3456 1230 3511 56.
1262 3457 1340 3512 De
1367 3469 1534 3512 tactu.
1559 3459 1648 3514 57.
1677 3457 1753 3513 De
1796 3477 1953 3526 voce;
1977 3470 2050 3525 et,

475 3549 558 3599 An
598 3548 844 3616 corporis
873 3564 1093 3618 expers,
1123 3565 1189 3604 ac
1225 3551 1355 3619 quid
1386 3552 1456 3604 sit
1488 3553 1541 3604 in
1582 3566 1644 3605 ea
1696 3553 2049 3622 praecipuum.

477 3639 567 3693 58.
604 3638 677 3693 De
713 3640 1126 3711 imaginatione,
1167 3657 1231 3696 ac
1269 3643 1601 3712 dijudicandi
1641 3645 1916 3699 facultate.
1947 3644 2054 3700 No-

476 3748 607 3785 num
647 3748 776 3788 vero
806 3744 860 3788 et
891 3735 1400 3806 quinquagesimum
1429 3754 1443 3791 :
1477 3737 1550 3790 De
1575 3739 1850 3806 opinione.
1882 3738 2052 3792 Sexa-

477 3826 744 3895 gesimum
777 3825 1011 3896 denique
1046 3845 1060 3881 :
1094 3827 1168 3882 De
1204 3830 1570 3896 respiratione
1596 3840 1757 3900 atque
1785 3831 1946 3904 [ejus]
1968 3831 2052 3885 af-

471 3916 828 3971 fectionibus.
857 3916 924 3970 Et
955 3920 1067 3974 haec
1102 3921 1318 3989 quidem
1349 3921 1474 3976 libri
1504 3923 1663 3991 primi
1699 3923 1877 3992 capita
1905 3933 2051 3988 sunt,

479 4011 713 4080 taliaque
757 4014 1056 4077 continent,
1091 4013 1157 4066 ad
1196 4022 1444 4066 naturam
1480 4013 1732 4068 nimirum
1775 4015 2054 4084 pertinen-

476 4107 572 4172 tia,
603 4108 756 4175 pauci
789 4109 1051 4161 duntaxat
1073 4107 1227 4161 initio
1244 4110 1507 4178 exceptis,
1536 4125 1655 4178 quae
1683 4111 1750 4174 ad
1772 4096 2053 4181 metapbyQ

477 4200 587 4252 sica
608 4200 876 4269 quispiam
897 4202 1100 4256 rectius
1119 4201 1391 4257 retulerit.
1418 4200 1522 4256 Per
1547 4203 1661 4257 inec
1690 4218 1821 4272 ergo
1850 4203 2052 4272 capita,

476 4307 535 4351 ut
577 4296 833 4360 diximus,
869 4307 1112 4353 veterum
1137 4301 1458 4367 sententias,
1487 4299 1603 4355 sive
1628 4301 2052 4367 consentientes,

475 4390 592 4444 sive
643 4401 1008 4461 repugnantes
1044 4392 1302 4461 legendas
1343 4392 1587 4447 Stobzeus
1637 4394 1906 4463 apposuit.
1941 4392 2056 4448 Hoc

477 4482 595 4552 ipso
629 4493 808 4540 tamen
832 4484 1295 4552 libro,anteqna-m
1333 4502 1420 4551 ea,
1443 4503 1563 4556 qua:
1595 4489 1754 4541 modo
1780 4487 2047 4552 recensui,

477 4579 819 4646 aggrediatur
851 4579 1048 4646 capita,
1087 4576 1282 4648 113a
1313 4579 1380 4633 de
1413 4579 1535 4634 aliis
1558 4580 1767 4633 duobus
1811 4579 2051 4634 disserit.

476 4671 718 4736 Quorum
750 4674 982 4743 primum
1007 4675 1357 4743 philosophia:
1383 4674 1617 4727 laudatio
1637 4684 1744 4734 est,
1764 4682 1818 4726 et
1837 4688 1897 4725 ea
1925 4673 2049 4742 qni-

2082 4435 2134 4494 D

2155 3193 2249 3246 καὶ
2317 3191 2702 3263 κατοπτρικῶν
2760 3193 3088 3262 ἐμφάσεων,
3155 3193 3286 3263 περὶ
3342 3194 3543 3264 ἀκοῆς,
3605 3195 3741 3264 περὶ

2152 3285 2499 3354 ὀσφρήσεως,
2541 3286 2672 3354 περὶ
2695 3283 2961 3352 γεύσεως,
2998 3285 3129 3356 περὶ
3159 3285 3302 3354 ἁφῆς
3321 3301 3336 3316 ⁸
3371 3287 3500 3356 περὶ
3523 3289 3738 3358 φωνῆς,

2153 3378 2249 3430 καὶ
2284 3379 2331 3429 εἰ
2361 3377 2651 3446 ἀσώματος
2683 3380 2714 3446 ή
2754 3377 2928 3448 φωνὴ,
2965 3377 3061 3430 καὶ
3086 3377 3140 3430 τί
3171 3377 3344 3447 αὐτῆς
3379 3380 3442 3433 τὸ
3469 3380 3739 3448 ἡγεμονι-

2154 3471 2278 3520 κόν·
2310 3468 2440 3538 περὶ
2469 3468 2768 3536 φαντασίας
2795 3467 2891 3521 καὶ
2920 3469 3207 3540 κριτηρίου
3230 3485 3246 3499 ο
3277 3469 3356 3522 νϐ’
3388 3470 3520 3541 περὶ
3551 3471 3737 3540 δόξης,

2153 3560 2248 3612 καὶ
2278 3561 2319 3626 ξ’
2354 3561 2482 3632 περὶ
2513 3561 2784 3630 ἀναπνοῆς
2815 3561 2909 3613 καὶ
2936 3561 3146 3616 παθῶν.
3174 3563 3284 3617 Καὶ
3318 3562 3388 3616 τὰ
3437 3563 3536 3634 μὲν
3565 3563 3662 3616 τοῦ
3691 3582 3727 3616 α

2156 3653 2362 3724 βιϐλίου
2399 3653 2670 3722 κεφάλαια
2701 3653 2940 3706 τοσαῦτα
2969 3655 3219 3725 καὶπερὶ
3249 3655 3480 3722 τούτων,
3513 3656 3612 3708 καὶ⁹
3641 3657 3740 3726 δη-

2153 3745 2326 3798 λονότι
2362 3744 2587 3815 φησικὰ,
2624 3745 2763 3816 πλὴν
2815 3746 2971 3799 ἐνίων
3017 3746 3126 3799 τῶν
3157 3749 3216 3800 ὲν
3266 3749 3433 3818 ἀρχῇ,
3463 3746 3500 3800 ἃ.
3532 3748 3742 3818 μᾶλλον

2154 3835 2221 3890 ἄν
2250 3854 2330 3900 τις
2363 3839 2439 3898 είς
2467 3837 2533 3890 τά
2549 3837 2596 3867 ⁸⁸
2630 3837 2854 3906 μετάτά
2878 3839 3086 3904 φυσικά
3101 3839 3543 3905 ἀνάξοι.Τούτοις
3573 3840 3740 3904 δὲ,ὼς

2153 3930 2384 4000 ἔφημεν,
2437 3931 2533 3992 τὰς
2578 3932 2685 3983 τῶν
2725 3931 2972 3984 παλαιῶν
3023 3931 3200 3997 δόξας,
3253 3934 3362 3984 εἴτε
3407 3933 3742 4001 συμφώνους

2153 4023 2316 4086 οὔσας
2345 4024 2452 4076 εἴτε
2482 4025 2576 4076 καὶ
2595 4025 2638 4056 ³⁸
2655 4024 2976 4092 διαφώνους,
3004 4025 3392 4095 παρατίθησιν.
3426 4027 3516 4078 Ἐν
3551 4027 3739 4096 μέντοι

2154 4117 2330 4187 τούτῳ
2347 4117 2424 4188 τῷ
2452 4117 2663 4187 βιϐλίῳ,
2683 4118 2788 4186 πρὸ
2811 4117 2904 4170 τοῦ
2935 4120 3046 4180 τοῖς
3078 4119 3387 4188 εἰρημένοις
3416 4120 3738 4188 κεφαλαίοις

2156 4209 2455 4272 ὲπιόα).εῖν,
2478 4227 2542 4261 πε
2550 4209 2604 4281 ρὶ
2635 4209 2728 4262 δύο
2746 4208 3056 4277 κεφαλαίων
3070 4209 3451 4279 διαλαμῦἀνει,
3470 4203 3547 4262 ῶν
3561 4211 3623 4263 τὸ
3645 4211 3742 4280 μὲν

2156 4301 2376 4364 ἔπαινός
2426 4304 2544 4354 ἐστι
2599 4300 2950 4369 φιλοσοφίας,
2991 4300 3087 4354 καὶ
3137 4296 3291 4362 οὗτος
3347 4303 3412 4353 ὲκ
3465 4301 3741 4373 διαφόρων

2160 4390 2309 4462 αὐτῷ
2342 4391 2828 4462 συνηρανισμένος,
2869 4393 2929 4445 τὸ
2967 4392 3024 4446 δὲ
3055 4409 3120 4444 πε
3133 4393 3186 4462 pi
3213 4393 3321 4446 τῶν
3352 4393 3475 4447 κατ’
3503 4395 3673 4465 αὐτὴν
3694 4395 3741 4424 ⁸⁸

2164 4487 2572 4555 συνεστηκυιῶν
2611 4486 2896 4556 αἱρέσεων.
2947 4487 3035 4539 Ἐν
3084 4479 3130 4554 ᾧ
3187 4486 3283 4539 καὶ
3341 4489 3473 4559 περὶ
3526 4506 3740 4559 γεωμεο

2163 4579 2320 4651 τρίας
2348 4579 2442 4632 καὶ
2476 4580 2738 4649 μουσικῆς
2767 4580 2863 4633 καὶ
2911 4579 3282 4650 ἀριθμητικῆς
3319 4581 3478 4647 δόξας
3512 4581 3742 4645 παλαιὰς

2161 4674 2592 4740 συναναγράφει.

479 4765 598 4818 dem
626 4781 691 4818 ex
708 4767 874 4821 variis
889 4777 1144 4836 congesta
1173 4768 1556 4836 scriptoribus.
1577 4766 1822 4819 Alterum
1840 4780 1969 4819 vero
1993 4766 2059 4818 de
2097 4766 2281 4828 sectis,
2318 4781 2438 4833 quze
2456 4769 2505 4818 in
2535 4783 2594 4820 ea
2617 4767 3130 4837 conspirarunLUbi
3150 4768 3358 4836 pariter
3375 4779 3622 4824 veterum
3637 4768 3737 4835 opi-

481 4865 670 4918 niones
693 4864 759 4916 de
795 4865 1111 4932 geometria,
1152 4867 1357 4920 musica
1418 4876 1474 4920 et
1501 4866 1844 4920 arithmetica
1883 4861 2158 4917 describit.

1804 5018 2038 5075 VARIIE
2087 5013 2387 5073 LECTION
2400 5018 2502 5072 ES.

555 5146 597 5179 ³³
625 5143 813 5198 καινοῦ
845 5144 911 5199 Α.
985 5145 1033 5176 ³”
1057 5144 1153 5197 καὶ
1183 5144 1477 5213 ἐμφάσεως
1497 5143 1619 5196 add.
1669 5141 1735 5195 A.

1836 5140 1880 5172 ³⁸
1911 5140 2039 5211 περὶ
2072 5151 2197 5194 ante
2229 5140 2383 5192 ποίου
2408 5141 2667 5209 expungit
2695 5141 2761 5195 A.

2874 5142 3128 5216 9771ch
3164 5163 3177 5198 :
3215 5142 3388 5215 αὐτῆς
3421 5145 3521 5216 τῆς
3548 5144 3642 5214 γῆς
3674 5161 3716 5209 ς

481 5217 525 5255 ’ν
557 5215 781 5286 σεισμοῦ
814 5233 888 5280 ςε
921 5214 1198 5284 θαλάσσης
1218 5210 1282 5278 ςς
1357 5214 1402 5245 ³⁸
1426 5213 1496 5266 τὰ
1519 5224 1640 5283 post
1671 5210 1808 5283 μετά
1834 5226 2067 5338 minim
2104 5213 2168 5264 A.
2246 5212 2292 5242 ”
2316 5215 2410 5264 καὶ
2438 5229 2546 5265 om.
2582 5214 2644 5264 A.
2723 5212 2768 5243 “
2807 5213 2950 5267 κατὰ
2970 5210 3182 5287 ταύτην
3215 5232 3274 5279 ς’.

2034 5323 2265 5381 NOTAE.

561 5457 674 5521 (ιε’.)
706 5455 868 5509 Addit
896 5453 1054 5508 Cant.
1085 5453 1222 5508 liber
1247 5450 1463 5505 Faciem
1495 5469 1508 5506 :
1547 5452 1612 5506 de
1640 5465 1746 5520 qua
1779 5446 2058 5503 Plutarchi

486 5531 539 5583 in
575 5527 851 5590 opusculis
879 5525 1108 5578 libellus.

561 5599 673 5668 (43)
705 5600 834 5666 περὶ
867 5595 1220 5666 πρηστήρων.
1255 5592 1391 5648 Vide
1423 5590 1563 5646 Plin.
1598 5590 1693 5645 lib.
1728 5608 1787 5658 ll,
1838 5608 1954 5661 cap.
1989 5591 2058 5644 48

510 5689 518 5700 ‘
572 5686 688 5721 5131,
1567 5681 1576 5691 ⁸

492 5680 536 5723 LI
570 5683 680 5809 (HI)
715 5729 1028 5807 Cuiusmodi
1081 5737 1193 5798 illa,
1240 5752 1356 5805 qua:
1415 5734 1555 5804 apud
1591 5732 1711 5788 Gul.
1766 5733 2059 5789 Cantcrum

2173 5444 2569 5517 inscribuntur.
2607 5448 2679 5502 De
2701 5449 3265 5504 causint’milimdinis
3293 5461 3588 5517 parentum.
3624 5461 3720 5496 etc

2245 5516 2358 5586 (45)
2396 5519 2507 5572 llnc
2547 5520 2726 5574 refero
2763 5519 2980 5575 Canteri
3021 5521 3148 5575 illud
3191 5540 3204 5575 :
3243 5516 3517 5585 Quomodo
3555 5521 3746 5571 nine;

2171 5587 2388 5640 alantur
2414 5599 2459 5640 cl
2487 5591 2760 5644 animalia.

2244 5659 2355 5727 (ίῧ)
2388 5656 2463 5711 De
2496 5676 2604 5727 qua
2647 5663 2940 5719 duodecim
2978 5671 3243 5718 tractasse
3288 5661 3558 5718 SlObiBtlltl
3591 5658 3736 5712 indi-

2181 5745 2264 5786 cat
2295 5733 2449 5788 tiant.
2485 5731 2675 5786 codex.
