3932 6240
229 308 310 372 Im

1199 307 1726 367 BIBLIOTHECA.
1764 329 1835 340 —
1872 302 2034 362 C01).
2069 301 2349 360 CLXV“.

3319 297 3425 360 482

289 424 350 476 Τὸ
363 421 412 474 δὲ
425 421 466 491 β’
481 420 674 491 βιϐλίον
693 438 753 473 συ
763 421 910 492 μπλη
921 422 1105 493 ροῦται
1127 423 1224 492 μὲν
1239 424 1551 493 κεφαλαίοις
1570 427 1624 490 ς
1634 423 1743 476 ’καὶ

1921 420 2074 473 Alter
2095 419 2216 472 dein
2241 417 2375 470 liber
2395 431 2514 471 tum
2546 415 2844 470 absolvitur
2860 415 3133 486 capitibus
3155 415 3286 485 (47).
3309 415 3428 470 Pri-

230 520 303 572 M"
321 514 644 584 διαλαμϐάνει
659 513 716 567 δὲ
739 515 950 586 πρῶτον
970 516 1065 586 μὲν
1083 534 1147 568 πε
1156 518 1209 586 pi.
1229 517 1336 569 τῶν
1356 516 1424 569 τὰ
1443 516 1560 569 θεῖα
1577 517 1750 586 ἐρμη·

226 609 472 668 νευόντων,
509 607 596 659 καὶ
623 606 699 669 ὡς
727 609 810 677 εἴη
842 608 1148 678 ἀνθρώποις
1175 610 1556 680 ἁκατάληπτος
1582 612 1614 679 ἡ
1644 609 1752 662 τῶν

226 698 401 767 νοητῶν
422 697 553 750 κατά
571 698 669 767 τὴν
701 698 887 752 οὐσίαν
909 700 1156 771 ἀλήθεια,
1185 697 1303 754 εἶτα
1328 701 1457 772 περὶ
1487 701 1754 754 διαλεκτι-

224 791 328 857 κῆς,
362 788 448 842 καὶ
475 788 598 859 περὶ
623 791 941 861 ῥητορικῆς.
974 794 1068 845 καὶ
1105 794 1232 863 περὶ
1257 793 1416 862 λόγου
1446 795 1540 846 καὶ
1574 811 1756 863 γραμ-

226 883 402 952 μάτων,
426 883 546 950 περὶ
590 882 902 950 ποιητικῆς,
936 884 1065 954 περὶ
1099 885 1441 956 χαρακτῆρος
1491 884 1598 937 τῶν
1648 902 1756 940 πα-

220 973 435 1035 λαιῶν⁸¹,
483 973 608 1043 περὶ
658 974 752 1026 τοῦ
805 974 994 1044 ἠθικοῦ
1044 977 1215 1040 εἴδους
1264 977 1364 1046 τῆς
1418 977 1754 1046 φιλοσοφίας,

220 1065 326 1134 περὶ
355 1064 452 1116 τῶν
479 1065 562 1131 ἐφ’
593 1066 746 1134 ἡμῖν,
780 1066 861 1120 ὅτι
898 1068 1070 1131 οὐδεὶς
1103 1069 1244 1121 ἑκὼν
1276 1069 1508 1138 πονηρὸς
1530 1110 1544 1132 ,
1577 1071 1758 1122 ὁποῖον

218 1155 305 1224 χρὴ
329 1151 454 1206 εἶναι
487 1156 576 1207 τὸν
603 1157 910 1225 φιλόσοφον,
941 1160 1023 1211 ὅτι
1049 1159 1155 1228 χρὴ
1174 1160 1366 1229 ,σέϐειν
1398 1160 1458 1212 τὸ
1489 1159 1648 1227 θεῖον,
1677 1161 1760 1214 ὅτι

216 1248 308 1307 τοῖς
334 1244 567 1298 εὐσεϐέσι
603 1246 700 1298 κα)⁹
727 1247 957 1310 δικαίοις
985 1247 1170 1318 βοηθεῖ
1201 1248 1260 1300 ea
1305 1252 1552 1318 κρεῖττον
1571 1265 1584 1278 ·
1629 1267 1696 1301 πε
1708 1252 1760 1320 ρὶ

218 1337 452 1406 μαντικῆς
475 1351 489 1365 °
542 1337 624 1390 ὅτι
656 1338 760 1409 χρὴ
796 1340 924 1408 περὶ
959 1339 1154 1392 πολλοῦ
1183 1340 1453 1394 ποιεῖσθαι
1501 1342 1601 1406 τὰς
1651 1343 1760 1395 τῶν

215 1428 368 1479 (νοσῶν
416 1429 732 1494 συνουσίας,
762 1431 1032 1484 ἐκκλίνειν
1065 1432 1179 1485 δὲη
1224 1436 1348 1498 τοὺς
1398 1435 1633 1502 φαύλους
1668 1436 1763 1488 καὶ

216 1518 546 1582 ἀπαιδεύτους
566 1535 580 1548 °
618 1522 746 1590 περὶ
772 1521 864 1574 τοῦ
895 1522 1073 1577 δοκεῖν
1101 1523 1194 1576 καὶ
1220 1524 1314 1578 τοῦ
1351 1520 1490 1578 εἶναι
1514 1564 1529 1588 ,
1566 1527 1659 1578 καὶ
1683 1527 1764 1578 ὅτι

213 1613 262 1665 οὐ
305 1611 376 1683 τῷ
421 1613 564 1682 λόγῳ
621 1614 727 1684 χρὴ
784 1614 992 1685 κρίνειν
1038 1616 1130 1669 τὸν
1173 1616 1478 1688 ἄνθρωπον,
1511 1617 1647 1672 ἀλλὰ
1688 1619 1766 1689 τῷ

213 1704 372 1776 τρόπῳ
391 1721 403 1734 °
435 1706 513 1757 ὅτι
543 1706 594 1758 οἱ
630 1704 810 1770 ἄλλοις
849 1706 1291 1771 ἐπιδουλεύοντες
1317 1710 1541 1773 ἑαυτοὺς
1571 1710 1766 1764 λανθά-

210 1814 336 1850 νουσι
367 1797 838 1862 καταϐλάπτοντες
858 1815 870 1826 ·
909 1800 1036 1868 περὶ
1062 1799 1303 1866 εὐδοξίας
1328 1815 1343 1832 ·
1376 1803 1502 1872 περὶ
1539 1801 1724 1872 φήμης
1743 1819 1757 1831 ·

211 1890 280 1940 ὅτι
312 1891 500 1958 μέτρον
549 1890 817 1960 ἄριστον·
870 1892 951 1944 ὅτι
1004 1892 1444 1963 δυσκατόρθωτον
1489 1895 1523 1965 ἡ
1570 1895 1759 1965 ἀρετὴ,

211 1969 664 2049 εὐμεταχείριστον
693 1983 749 2036 δέ
773 1985 805 2053 ἡ
844 1985 1010 2037 κακία
1031 1999 1044 2014 ⁸
1070 1985 1152 2037 ὅτι
1177 1985 1237 2037 οὐ
1268 1985 1372 2057 χρὴ
1403 1986 1561 2055 λόγον
1589 1991 1763 2042 ποιεῖ-

213 2073 314 2124 σθαι
345 2071 504 2141 τῆς¹⁵³
531 2074 648 2126 τῶν
677 2075 952 2128 ἀσυνέτων
987 2075 1342 2155 δοκιμασίας·
1371 2079 1453 2132 ὅτι
1498 2079 1594 2150 τὴν
1631 2080 1764 2134 ὑπόο

211 2179 382 2229 κρισιν,
416 2165 526 2226 τοῖς
575 2165 940 2235 κεχρημένοις
976 2165 1246 2237 ὲπιὸλαόἧ
1280 2155 1444 2221 οὖσαν
1489 2170 1583 2223 καὶ
1627 2169 1764 2239 πρὸς

210 2250 286 2314 οὓς
307 2253 536 2318 γίνεται,
571 2253 680 2323 τῆς
725 2252 904 2324 ψυχῆς
960 2254 1250 2324 ἐκϐλητέον
1272 2271 1285 2285 ο
1323 2255 1403 2308 ὅτι
1435 2253 1496 2308 οὐ
1529 2254 1634 2326 χρὴ
1667 2271 1764 2307 πο-

211 2342 584 2414 λυπραγμονεῖν
606 2387 622 2409 ,
657 2346 850 2415 φθόνου
886 2348 994 2416 γὰρ
1022 2349 1116 2402 καὶ
1139 2347 1448 2420 διαϐολικῆς
1479 2349 1653 2403 αἴτιον
1675 2349 1763 2418 γί-

213 2453 335 2488 νεται
360 2436 418 2488 τὸ
444 2437 692 2490 τοιοῦτον
709 2455 722 2468 ·
752 2438 831 2491 ὅτι
869 2439 926 2490 ὲν
953 2434 1036 2503 οἷς
1061 2438 1373 2510 πλημμελεῖ
1399 2458 1483 2504 τις
1507 2438 1568 2493 τδ
1596 2458 1764 2510 μετα-

213 2527 458 2596 μελεῖσθαι
487 2529 778 2583 κάλλιστον
800 2547 814 2560 °
847 2535 977 2602 περὶ
1005 2532 1292 2604 λοιδορίας,
1317 2533 1392 2596 ὠς
1414 2533 1511 2586 οὐκ
1540 2534 1761 2602 ἀγαθόν·

209 2621 276 2672 ὃτι
305 2623 355 2671 ὲν
389 2621 462 2690 τῷ
494 2621 856 2691 λοιδορεῖσθαι
890 2624 998 2694 χρὴ
1037 2626 1263 2676 σκοπεῖν
1312 2623 1388 2696 μὴ
1429 2627 1542 2688 τοῖς
1584 2625 1766 2688 αὐτοῖς

211 2712 686 2782 περιπεπτὼκαμεν
727 2711 1109 2785 ὲλαττὼμασι’
1195 2714 1322 2785 περὶ
1372 2715 1616 2782 ἀνάγκης
1666 2715 1766 2776 τῆς

211 2803 328 2854 κατά
350 2804 433 2854 τὸν
464 2804 583 2874 βίον
606 2821 623 2836 ’
654 2805 734 2857 ὃτι
769 2805 1041 2876 εὐκαίρως
1074 2805 1156 2858 δεῖ
1183 2807 1442 2876 πράττειν
1467 2822 1480 2834 ·
1513 2805 1640 2875 περὶ
1671 2803 1764 2856 τοῦ

211 2891 464 2962 βούλεσθαι
485 2912 500 2926 ο
547 2897 636 2948 ὅτι
669 2895 730 2948 οὐ
761 2898 842 2948 δεῖ
873 2896 949 2960 ὡς
989 2897 1178 2967 ἔτυχεν
1213 2897 1610 2951 ἀναϐάλλεσθαι
1633 2912 1646 2928 ·
1683 2898 1765 2950 ὅτι

208 2985 258 3037 τὸ
295 2987 625 3057 δυστυχῆσαι
659 2987 920 3052 πολλάκις
961 2991 1240 3058 ἐπωφελὲς
1273 2991 1504 3058 γίνεται,
1537 2989 1633 3043 καὶ
1665 2989 1768 3059 μά-

1853 525 1997 563 ηιιιηι
2029 509 2245 577 quidem
2285 510 2351 561 de
2390 522 2669 561 sacrorum
2719 506 3118 576 interpretibus,
3147 517 3200 560 et
3223 511 3366 576 quod
3393 521 3428 563 a

1859 602 2177 657 mortalibus
2219 601 2584 668 spiritualium
2631 615 2757 654 vera
2806 611 2999 653 natura
3041 601 3426 669 comprehendi

1856 703 2104 762 nequeat.
2139 693 2191 746 2.
2236 691 2372 747 llinc
2403 693 2470 746 de
2505 700 2623 746 arte
2679 692 3002 746 disserendi.
3071 694 3126 748 5.
3165 694 3238 746 De
3291 695 3428 748 bene

1856 786 2067 840 dicendi
2114 785 2397 841 facultate.
2429 790 2481 841 4.
2522 786 2594 841 De
2623 785 2901 852 Oratione,
2943 801 3006 840 ac
3040 787 3238 842 litteris
3293 789 3426 857 (18).

1857 875 1912 929 5.
1942 875 2018 928 De
2070 885 2186 928 arte
2247 877 2478 945 poetica.
2510 878 2563 930 6.
2602 877 2676 930 De
2727 879 3064 941 charactere,
3111 893 3204 931 seu
3258 878 3430 932 forma

1858 966 2142 1019 orationis.
2180 965 2232 1018 7.
2274 966 2347 1019 De
2389 981 2596 1018 morum
2647 968 2980 1036 philosophia
3013 968 3123 1038 (49)
3152 968 3206 1022 8.
3242 971 3316 1023 De
3365 970 3432 1023 iis

1860 1075 1980 1129 quae
2011 1060 2064 1114 in
2113 1071 2298 1114 nostra
2345 1070 2468 1114 sunt
2505 1070 2798 1130 potestate.
2837 1063 2889 1116 9.
2929 1063 3207 1117 Neminem
3241 1073 3433 1131 sponte

1861 1167 1984 1206 esse
2023 1152 2346 1219 improbum.
2396 1153 2486 1206 10.
2521 1152 2743 1218 Qualem
2789 1154 2981 1208 deceat
3025 1169 3148 1208 esse
3199 1155 3436 1222 philoso-

1864 1246 2048 1313 phum.
2087 1246 2173 1300 11.
2210 1245 2468 1299 Pietatem
2529 1261 2655 1314 erga
2715 1247 2881 1299 Deum
2946 1247 3227 1300 colendam
3289 1260 3431 1299 esse.

1866 1338 1952 1390 12.
1982 1336 2092 1392 Piis
2127 1353 2190 1392 ac
2211 1338 2373 1408 jnstis
2397 1337 2598 1393 Numen
2630 1339 2835 1392 auxilio
2862 1341 3106 1394 essc.|'5.
3133 1341 3206 1394 De
3241 1339 3434 1392 vatici-

1868 1429 1976 1482 nio.
2004 1431 2089 1482 14.
2121 1429 2432 1500 Sapientum
2478 1433 2930 1487 consuetudinem
2977 1434 3155 1502 magni
3204 1447 3325 1487 esse
3352 1430 3433 1484 fa-

1867 1521 2110 1575 ciendam
2140 1541 2152 1576 :
2185 1521 2468 1592 fugiendos
2493 1539 2645 1586 vero,
2671 1539 2733 1578 ac
2768 1526 3126 1579 declittatttlos
3162 1525 3435 1589 improbos

1869 1623 2033 1681 atque
2057 1613 2357 1681 imperitos.
2392 1614 2479 1669 15.
2507 1614 2582 1669 De
2604 1631 2668 1670 eo
2698 1617 2842 1684 quod
2867 1618 3082 1670 videtur
3118 1626 3346 1682 tantum,
3379 1625 3439 1672 et

1871 1706 1938 1759 de
1976 1721 2040 1760 eo
2065 1707 2207 1776 quod
2245 1722 2373 1762 vere
2416 1719 2517 1763 est.
2556 1710 2640 1763 16.
2675 1709 2793 1764 Non
2827 1726 2858 1764 e
2888 1711 3088 1773 verbis,
3127 1711 3221 1765 sed
3271 1711 3440 1764 mori-

1867 1797 1966 1850 bus
1998 1799 2065 1852 de
2097 1799 2313 1853 homine
2344 1813 2464 1853 esse
2502 1800 2873 1869 judicandum.
2905 1803 2994 1856 17.
3039 1803 3144 1856 Eos
3178 1803 3269 1870 qui
3311 1801 3436 1855 aliis

1864 1888 2206 1955 insidientur,
2283 1891 2489 1960 seipsos
2541 1893 2721 1961 potius
2791 1894 3157 1962 imprudentes
3215 1894 3428 1948 laedere.

1865 1976 1952 2032 18.
1974 1979 2047 2033 De
2064 1980 2297 2034 nominis
2314 1981 2503 2050 gloria.
2526 1981 2609 2038 19.
2643 1983 2716 2036 De
2753 1981 2920 2039 fama.
2948 1983 3037 2039 20.
3072 1984 3283 2038 Modum
3314 1999 3438 2038 esse

1865 2071 2145 2136 optimum.
2179 2071 2268 2125 21.
2297 2072 2564 2126 Virtutem
2614 2089 2756 2142 aegre
2794 2076 2972 2144 parari
3009 2094 3022 2130 :
3071 2076 3258 2129 vitium
3305 2091 3433 2128 eon—

1870 2169 1950 2214 tra
1976 2163 2132 2217 facile
2157 2166 2386 2233 acquiri.
2411 2166 2499 2220 22.
2520 2167 2638 2220 Non
2662 2176 2914 2235 Oportere
2939 2168 3224 2222 stultorum
3244 2167 3434 2238 judicii

1867 2257 2131 2309 rationem
2180 2259 2398 2313 habere.
2441 2258 2532 2314 25.
2600 2259 2894 2322 Fictjonetn
2941 2260 3054 2316 sive
3099 2261 3434 2332 hypocrisin,

1866 2361 1984 2412 qua:
2022 2362 2125 2399 non
2163 2348 2230 2401 iis
2279 2358 2484 2401 tantmn
2519 2351 2656 2418 apud
2689 2367 2823 2418 quos
2839 2361 3144 2416 exercetur,
3177 2353 3270 2406 sed
3309 2354 3438 2422 ipsis

1865 2453 2080 2505 quoque
2109 2439 2431 2505 fingentibus
2469 2451 2646 2503 nocet,
2675 2455 2741 2494 ex
2765 2443 2946 2495 animo
2965 2457 3086 2497 esse
3111 2443 3432 2512 pellendum.

1865 2529 1956 2583 24.
2009 2531 2398 2585 Curiositatem
2465 2548 2584 2586 esse
2633 2534 2905 2586 vitandam
2969 2535 3080 2606 (50)
3136 2553 3149 2588 :
3196 2535 3440 2603 pra=bere

1868 2624 2009 2677 enim
2045 2640 2235 2678 ansam
2265 2625 2682 2696 invidia:,atqne
2699 2629 2982 2683 calumniae
3013 2626 3147 2700 (51).
3176 2629 3265 2682 25.
3290 2627 3442 2696 Opti-

1870 2729 2015 2766 mum
2075 2729 2196 2769 esse
2243 2716 2585 2784 resipiscere,
2620 2716 2671 2769 in
2716 2716 2912 2784 quibus
2958 2717 3076 2787 ipse
3120 2717 3435 2787 deliqueris.

1867 2801 1958 2856 26.
1994 2799 2311 2856 Convicium
2353 2804 2572 2858 minime
2605 2820 2728 2859 esse
2768 2805 2989 2860 bonum.
3024 2808 3112 2861 27.
3162 2806 3226 2860 ln'
3260 2808 3445 2860 convi-

1869 2899 2062 2952 ciando
2086 2898 2558 2965 censiderandum,
2588 2918 2656 2954 ne
2684 2903 2734 2954 in
2769 2902 2957 2956 eadem
2984 2902 3084 2972 ipsi
3111 2904 3446 2973 quandoque

1871 3000 2048 3044 errata
2083 2990 2454 3046 inciderimus.
2476 2993 2566 3048 28.
2587 2991 2662 3046 De
2687 2993 2808 3047 vitae
2843 2997 3182 3049 necessitate.
3216 2995 3308 3049 29.
3334 2993 3445 3063 0p-

210 3075 342 3131 λιστα
366 3084 473 3140 τοῖς
503 3082 744 3150 ἄφροσι·
780 3084 910 3151 περ),
938 3083 1160 3152 ἀγωγῆς
1191 3085 1284 3136 καὶ
1303 3083 1345 3115 ³⁸
1376 3083 1622 3144 παιδείας
1641 3097 1655 3112 ⁸
1691 3082 1764 3150 ὅτι

1876 3103 2110 3166 portune
2137 3107 2223 3148 res
2257 3091 2341 3162 agi
2371 3087 2588 3143 debere.
2615 3086 2704 3141 50.
2733 3086 2808 3139 De
2839 3085 3151 3139 voluntate:
3177 3099 3284 3139 non
3320 3098 3448 3140 esse

209 3168 460 3223 γὰλλιστον
481 3173 515 3242 ἡ
541 3171 699 3241 φιλία
729 3171 838 3225 τῶν
866 3171 1082 3240 ἀγαθῶν
1107 3189 1121 3203 ·
1159 3173 1286 3246 [569
1312 3174 1403 3246 11.]
1429 3175 1509 3228 ὅτι
1531 3177 1563 3245 ἡ
1584 3175 1767 3244 ὁμοιό-

209 3274 289 3331 της
310 3261 407 3315 τῶν
428 3264 654 3334 τρόπων
683 3267 781 3334 τὴν
801 3265 846 3296 ⁸⁸
877 3266 1058 3334 φιλίαν
1081 3267 1455 3336 ἀπεργάζεται
1480 3285 1493 3297 ·
1527 3265 1767 3340 [19211]

210 3353 276 3403 6m.
304 3356 399 3424 χρὴ
429 3356 486 3406 ὲν
518 3357 649 3418 ταῖς
675 3355 988 3426 δυστυχίαις
1020 3358 1113 3410 καὶ
1139 3361 1252 3422 τοῖς
1275 3359 1539 3422 κινδύνοις
1563 3362 1636 3432 μὴ
1671 3379 1769 3414 πε-

214 3448 371 3514 ριορᾷν
395 3447 519 3509 τοὺς
541 3447 732 3516 φίλους
748 3461 762 3475 ·
791 3449 872 3500 ὅτι
901 3449 959 3500 οὐ
989 3450 1091 3520 χρὴ
1113 3451 1416 3503 συναδικεῖν
1439 3454 1550 3514 τοῖς
1571 3453 1765 3520 φίλοις·

209 3538 318 3606 περὶ
342 3539 578 3608 γνησίων
593 3539 640 3570 ’⁸⁸
667 3539 763 3592 καὶ
793 3540 1063 3594 ἀϐεϐαίων
1089 3542 1288 3611 φίλων·
1315 3543 1396 3595 ὅτι
1424 3543 1529 3614 χρὴ
1551 3545 1770 3614 ταχείας

210 3631 451 3684 ποιεῖσθαι
480 3633 585 3695 τὰς
626 3632 760 3700 πρὸς
791 3633 918 3694 τοὺς
951 3632 1138 3702 φίλους
1165 3634 1474 3701 διαλλαγὰς,
1498 3635 1565 3689 τὰ
1591 3637 1771 3706 ἀμαρ-

208 3723 401 3791 τήματα
422 3725 610 3778 αὐτῶν
636 3726 765 3796 ῥᾷον
793 3726 1062 3796 φέροντας
1091 3727 1228 3796 μετὰ
1251 3731 1346 3796 τῆς
1371 3729 1676 3800 ἀμνηστίας
1690 3729 1734 3760 ⁸⁷
1753 3744 1768 3761 ·

210 3815 277 3867 ὅτι
300 3818 353 3868 ὲν
377 3820 496 3882 ταῖς
529 3818 788 3888 ἀτυχίαις
819 3820 944 3882 τοὺς
969 3818 1228 3887 γνησίους
1258 3819 1365 3871 τῶν
1400 3818 1569 3887 φίλων
1603 3820 1776 3888 διαγι-

210 3907 490 3978 νώσκομεν·
531 3909 730 3979 φιλικά
773 3911 1212 3980 παραγγέλματα
1238 3927 1251 3941 ο
1284 3913 1410 3980 περ).
1456 3911 1653 3982 ἔχθρας
1679 3911 1774 3965 καὶ

211 3998 290 4052 τοῦ
320 4003 495 4055 ὁποῖόν
527 4011 656 4056 τινα
679 4004 784 4074 χρὴ
812 3997 1013 4056 εἷναι⁴⁸
1045 4004 1179 4076 πρὸς
1207 4005 1332 4068 τοὺς
1364 4005 1620 4077 ἐχθρούς·
1650 4007 1775 4076 περ).

156 4157 162 4166 Ι
212 4091 287 4143 τοῦ
319 4093 426 4158 πῶς
458 4094 612 4147 ἐστιν
641 4096 734 4147 ἀπ’
766 4093 977 4166 ἐχθρῶν
1007 4095 1388 4168 ὠφεληθῆναι·
1422 4098 1663 4166 περὶτοῦ
1686 4099 1776 4150 εὑ-

214 4188 428 4252 εργετεῖν
448 4202 462 4215 ο
493 4189 581 4242 ὅτι
619 4187 821 4256 μείζων
848 4190 881 4259 ὴ
909 4189 1068 4259 χάρις
1098 4191 1154 4242 ὲν
1176 4189 1353 4258 καιρῷ
1375 4189 1587 4242 δοθεῖσα
1606 4205 1620 4220 °
1648 4207 1778 4260 περγι

211 4274 290 4327 τοῦ
311 4278 720 4349 ἀντευεργετεῖν
735 4295 748 4308 '
774 4280 998 4347 angat);
1017 4281 1284 4349 πονηροὺς
1307 4280 1365 4332 οὐ
1393 4281 1497 4351 χρὴ
1521 4275 1580 4333 εὖ
1605 4283 1777 4333 ποιεῖν

213 4363 314 4416 οὐδὲ
332 4369 454 4437 παρ’
476 4367 659 4420 αὐτῶν
684 4368 1106 4438 εὐεργετεϊσθαι,
1123 4370 1218 4422 καὶ
1236 4369 1296 4422 τὸ
1323 4370 1628 4424 τελευταῖον
1650 4371 1778 4443 περὶ

212 4453 512 4527 ἀχαριστίας
536 4461 604 4515 ⁸⁹.
624 4461 712 4514 Ἐν
747 4456 826 4524 οἷς
867 4461 962 4514 καὶ
992 4462 1062 4514 τὰ
1088 4461 1182 4514 τοῦ
1219 4462 1267 4531 β’
1303 4463 1594 4532 κεφάλαια.

1872 3204 1991 3243 eam
2070 3199 2273 3240 temere
2337 3181 2711 3238 differendam.
2772 3179 2860 3232 51.
2943 3179 3201 3233 Adversis
3281 3175 3444 3244 afﬂigi

1869 3278 2500 3346 sutnnaa'schenumero
2541 3271 2759 3326 utilitati
2802 3285 2926 3325 esse
2972 3287 2986 3324 ε
3035 3269 3273 3323 maxime
3319 3284 3448 3321 vero

1872 3370 2328 3442 imprudentibus.
2373 3368 2463 3422 52.
2507 3367 2582 3422 De
2626 3365 2949 3420 educatione
3019 3372 3180 3432 atque
3229 3361 3449 3414 institu-

1875 3461 2044 3513 tione.
2077 3458 2169 3511 55.
2201 3454 2477 3525 Optimum
2525 3455 2786 3508 bonorum
2827 3452 3065 3506 omnium
3102 3465 3223 3505 esse
3253 3450 3448 3503 amici-

1876 3550 2033 3602 tiam.
2079 3547 2170 3601 54.
2205 3545 2411 3598 Morutn
2460 3542 2868 3597 similitudinem
2921 3539 3212 3592 amicitiam
3257 3540 3448 3589 conci-

1874 3641 2031 3695 liare.
2062 3638 2152 3692 55.
2177 3635 2234 3689 ln
2270 3635 2513 3688 adversis
2551 3633 2664 3686 suis
2690 3643 2852 3699 atque
2883 3628 3135 3697 periculis
3193 3642 3297 3679 non
3326 3641 3446 3679 esse

1875 3728 2230 3798 negligettdos
2261 3725 2485 3780 amicos.
2515 3722 2604 3778 56.
2633 3719 2750 3775 Non
2781 3735 2902 3774 esse
2931 3718 3131 3772 amicos
3151 3717 3443 3786 iuvandos,

1875 3837 1995 3876 cum
2025 3821 2150 3890 quid
2185 3809 2386 3886 injuste
2413 3815 2716 3870 faciendum
2747 3813 3070 3879 suscipiunt.
3101 3809 3191 3863 57.
3225 3810 3297 3862 De
3325 3807 3446 3860 ﬁdis

1876 3925 2038 3983 atque
2066 3912 2247 3966 inlidis
2294 3909 2503 3964 amicis.
2555 3907 2642 3962 58.
2691 3907 2811 3960 Cito
2864 3918 2983 3958 esse
3003 3917 3124 3957 cum
3169 3901 3358 3954 amicis
3391 3900 3450 3952 in

1877 4006 2108 4074 gratiam
2164 4003 2516 4065 redeundum,
2563 4011 2858 4065 eorumque
2886 3995 3014 4049 vitia
3049 3992 3292 4052 ferenda.
3322 4007 3446 4043 cum

1879 4106 2185 4150 erratorum
2219 4093 2514 4147 oblivione.
2552 4090 2640 4144 59.
2671 4087 2726 4140 In
2755 4087 2998 4141 adversis
3023 4085 3154 4137 [idos
3178 4081 3447 4150 explorari

1881 4187 2108 4244 amicos.
2144 4186 2236 4241 40.
2268 4183 2543 4252 Praecepta
2589 4180 2859 4235 amicitiae.
2893 4177 2981 4232 41.
3013 4176 3086 4230 De
3127 4173 3446 4234 inimicitiis,

1879 4290 1956 4344 et,
2002 4277 2190 4348 113b
2217 4293 2323 4347 quo
2363 4292 2420 4332 se
2461 4277 2580 4344 quis
2614 4273 2772 4328 modo
2797 4287 2920 4325 cum
2969 4271 3124 4324 hoste
3155 4277 3326 4336 gerat.
3357 4264 3448 4318 42.

1883 4377 1996 4437 Qua
2041 4373 2252 4425 ratione
2307 4386 2373 4424 ex
2429 4369 2662 4422 inimicis
2706 4365 2817 4436 (52)
2858 4363 2974 4431 capi
3009 4361 3182 4431 possit
3224 4359 3449 4412 utilitas.

1809 4448 1852 4501 ι)
1883 4464 1974 4519 45.
2006 4463 2079 4517 De
2107 4462 2490 4517 benemerendi
2544 4459 2746 4513 studio.
2780 4456 2869 4510 44.
2914 4453 3087 4522 Majas
3128 4465 3247 4507 esse
3289 4454 3452 4504 bene-

219 4551 377 4606 ﬁcium
417 4556 561 4624 quod
612 4555 662 4608 in
715 4567 954 4624 tempore
980 4530 1497 4612 confertur.l)e
1531 4559 1940 4612 remunerandis
1976 4557 2278 4612 beneﬂciis.
2337 4554 2426 4609 46.
2487 4553 2602 4607 Non
2662 4566 2782 4607 esse
2839 4530 3085 4620 benigne'
3145 4545 3454 4600 iaciendum

1518 4717 1605 4771 VA
1616 4716 1753 4771 ΒΙΑΞ
1781 4715 2186 4772 LECTIONES.

275 4855 314 4884 δ·
340 4857 446 4911 τῶν
478 4859 726 4912 παλαιῶν
761 4861 886 4913 add.
914 4860 978 4914 A.
1055 4858 1412 4927 ιεδὲοιη.Α.
1489 4858 1538 4889 ιι
1566 4857 1941 4927 τῆςΑιπερι
1970 4859 2069 4927 τῆς
2109 4873 2170 4920 ς.
2248 4853 2455 4927 “Ax-:51],
2482 4852 2700 4927 1369M;
2771 4847 3184 4927 ξ’τὴνθάἀοΑο
3258 4844 3457 4927 “3369‘-

220 4925 285 4993 μὴ
315 4943 397 4993 γν,
429 4931 492 4983 Α,
573 4931 613 4961 ιτ
651 4931 985 5000 ἀμνηστείας
1011 4947 1070 4994 ς.
1177 4929 1224 4961 ⁵⁸
1245 4925 1386 4982 εἶναι
1412 4929 1517 4999 Χρὴ
1544 4946 1604 4992 ς’

1705 4929 1749 4960 δ’
1778 4917 2133 4998 εὐχαριστίας
2163 4943 2222 4990 ς.
2257 4924 2326 4979 cf.
2360 4917 2634 4978 Gaisford.
2667 4921 2823 4975 Stob.
2857 4917 2911 4987 4,
2953 4923 3183 4990 append.
3211 4933 3263 4986 p.
3297 4917 3366 4972 50
3398 4933 3454 4970 ιι.

1719 5077 1950 5134 ΝΟΤᾸΞ.

287 5223 394 5291 (47)
425 5221 502 5278 De
532 5225 729 5291 quibus
755 5223 841 5275 vix
899 5221 1001 5274 tria
1035 5221 1172 5282 hare,
1201 5220 1458 5291 primum,
1492 5218 1782 5291 septimum

221 5303 270 5342 et
301 5288 594 5348 octavum}
624 5305 908 5360 Antcunqne
953 5292 1163 5357 integra
1213 5290 1511 5360 posteriore
1557 5288 1787 5360 Egloge-

229 5376 330 5412 rum
350 5365 494 5436 libro
522 5380 550 5415 a
579 5355 734 5416 Cant.
776 5355 920 5436 edito
959 5355 1106 5436 legas
1151 5355 1438 5436 :_quinque
1485 5355 1627 5436 inter
1671 5357 1785 5410 inec

227 5434 408 5502 mediis
437 5435 738 5500 capitibus,
761 5432 956 5502 partim
997 5430 1248 5502 turbatis,
1288 5432 1488 5502 partim
1550 5428 1655 5479 alio
1690 5441 1785 5502 re-

227 5501 390 5562 jectis.
439 5497 666 5571 Reliqua
700 5497 856 5570 porro
884 5501 959 5572 387
994 5500 1162 5572 hujus
1184 5497 1307 5572 libri
1335 5499 1560 5572 alterius
1586 5497 1785 5572 capita,

232 5583 412 5635 magno
457 5567 594 5625 sane
635 5567 832 5624 damno
880 5567 1096 5638 publico
1123 5571 1391 5639 .periisse,
1420 5569 1499 5621 vel
1533 5567 1664 5620 sola:
1697 5568 1783 5618 tn-

227 5642 541 5702 scriptiones
578 5643 657 5694 lue
689 5651 968 5695 testantur.

297 5710 404 5776 (48)
433 5709 552 5765 Huc
579 5711 729 5778 plane
760 5713 1030 5780 pertinent
1054 5725 1172 5778 qua:
1196 5723 1362 5763 serm.
1411 5707 1499 5772 80,
1526 5707 1582 5760 81
1615 5705 1773 5771 et82,

1890 5217 1943 5282 in
1979 5215 2211 5268 Cnnradi
2239 5214 2367 5268 edit.
2398 5213 2665 5280 hodieque
2697 5212 2964 5282 leguntur.

1869 5272 2076 5366 .(59)
2107 5285 2206 5339 Cui
2254 5301 2464 5366 rursum
2519 5272 2693 5366 capita
2743 5272 2978 5366 (illiti-qm?
3028 5281 3242 5366 subiicit
3273 5282 3440 5366 .Cnnt.

1891 5353 2086 5418 ὦιίοι,
2116 5370 2343 5422 quorum
2369 5365 2547 5406 tamen
2574 5356 2820 5407 ultimum
2852 5353 2977 5407 illud
3011 5365 3114 5416 est,
3144 5356 3284 5422 quod
3303 5367 3455 5408 octa-

1890 5442 2014 5480 vum
2048 5427 2134 5479 hic
2168 5425 2342 5478 locum
2375 5425 2600 5477 obtinet.

1963 5497 2074 5567 (50)
2110 5493 2248 5567 _Vide
2279 5493 2625 5567 l’lutarchutn
2651 5493 2843 5567 libello
2878 5491 2954 5544 De
2988 5492 3313 5567 curiositate.

1966 5561 2077 5638 (51)
2110 5565 2251 5634 Lege
2285 5563 2507 5619 Luciani
2538 5563 2703 5618 libell.
2741 5561 2862 5614 Non
2888 5578 2998 5614 esse
3041 5564 3318 5619 calumnia:
3341 5582 3458 5619 cre-

1890 5639 2136 5692 demtum.

1953 5708 2066 5777 (5'2)
2104 5707 2173 5758 lic
2197 5722 2300 5775 quo
2339 5714 2391 5758 cl
2422 5703 2692 5757 l‘lttlul'clti
2717 5701 2950 5758 libellus.
