3932 6240
501 222 611 289 483

1650 226 1913 288 PHOTII
1941 223 2452 289 PATRIARCHAE
2481 224 2593 301 cp.

3620 182 3706 297 tat

503 335 786 403 improbis,
819 350 991 406 neque
1023 337 1181 392 abiis
1228 336 1547 391 beneﬁcium
1591 338 1757 393 ullum
1808 337 2463 410 accipiendum.Denique
2507 339 2573 391 de
2604 334 2934 407 gratitudine
2983 336 3120 407 (55).
3161 334 3335 406 Atque
3387 336 3494 393 haec
3533 356 3703 405 summa

500 431 736 500 capitum
767 431 985 484 secundi
1021 431 1161 484 libri.

584 522 800 576 Tertius
835 521 1029 574 dehinc
1057 520 1233 588 capita
1270 519 1515 573 continet
1538 536 1646 575 xm
1673 520 1805 590 (5i).
1833 518 2053 573 Primnu

2242 480 2348 572 ’Ἔν
2397 519 2454 572 δὲ
2494 516 2571 588 τῷ
2615 518 2663 585 γ’
2695 516 3014 588 περιέχεται
3068 514 3343 584 κεφάλαια
3371 516 3501 585 ΜΒ’,
3529 523 3704 591 πρῶτον

503 617 570 668 de
600 615 822 667 virtute.
848 614 1093 667 Alterum
1125 614 1189 664 de
1219 612 1367 665 vitio.
1396 613 1450 669 5,
1483 610 1560 666 De
1589 614 1893 682 prudentia.
1920 615 1972 667 4.
2002 614 2055 666 υς

2177 610 2305 681 1:591
2328 611 2546 678 ἀρετῆς,
2576 604 2694 663 εἶτα
2726 607 2851 679 περὶ
2877 607 3096 671 κακίας,
3122 608 3252 676 1:591
3271 609 3587 680 φρονήσεως,
3607 623 3707 689 περὶ

502 704 885 772 imprudentia.
912 704 964 757 5.
989 704 1063 757 De
1090 705 1527 769 temperautia.6.
1546 704 1621 759 De
1643 704 2073 773 intemperantia.

500 798 550 851 7.
595 795 667 849 De
706 794 1044 849 fortitudine.
1083 792 1137 846 8.
1180 793 1253 847 De
1307 794 1618 847 timiditate.
1654 796 1708 851 9.
1748 793 2073 863 Dejustitia.

498 887 589 941 10.
623 888 694 941 De
742 887 978 942 habendi
1030 885 1327 953 cupiditate
1380 896 1542 953 atque
1571 885 1852 952 injustitia.
1884 887 1968 942 11.
2002 886 2074 941 De

495 982 746 1034 veritate.
771 981 854 1034 l2.
882 980 955 1033 De
979 979 1280 1033 mendacio.
1310 978 1396 1032 15.
1425 977 1500 1033 De
1530 979 1776 1048 loquendi
1802 979 2069 1035 libertate.

496 1076 581 1131 14.
613 1075 687 1129 De
733 1075 1121 1128 assentatione.
1175 1073 1261 1129 15.
1298 1073 1374 1127 De
1419 1073 1817 1140 prodigalitate.
1872 1073 1954 1128 16.
1998 1075 2072 1129 De

492 1167 827 1238 parcimonia
864 1165 993 1237 [seu
1044 1152 1392 1234 tenacitate].
1428 1165 1514 1218 17.
1572 1163 1647 1218 De
1707 1166 2064 1220 continentia.

492 1261 576 1315 18.
611 1259 686 1313 De
711 1260 1124 1314 incontinentia.
1154 1258 1238 1313 19.
1273 1259 1344 1310 De
1371 1258 1627 1325 patientia
1655 1255 1773 1330 [seu
1804 1258 2065 1310 malorum

492 1349 824 1422 tolerantia].
866 1349 960 1403 20.
1007 1348 1080 1403 De
1126 1349 1424 1403 iracundia.
1453 1350 1543 1402 21.
1580 1348 1654 1402 De
1695 1347 2068 1415 cognoscendo

487 1447 747 1511 seipsum.
799 1442 891 1496 22.
930 1441 1003 1494 De
1038 1440 1204 1495 fastu.
1269 1441 1362 1495 25.
1417 1436 1492 1494 ne
1538 1454 1683 1493 caeco
1729 1440 1809 1490 sui
1858 1450 2062 1493 amore.

485 1532 576 1587 2L
613 1532 688 1587 De
715 1530 1076 1586 conscientia.
1114 1529 1204 1584 25.
1246 1531 1316 1583 De
1355 1530 1635 1582 memoria.
1675 1527 1766 1581 26.
1805 1530 1875 1582 De
1923 1526 2065 1580 obli-

486 1626 670 1678 vione.
703 1624 796 1677 27.
827 1621 903 1677 De
928 1621 1309 1689 jurejurando.
1343 1621 1433 1675 28.
1482 1622 1554 1675 De
1580 1621 1842 1687 perjurio.
1868 1620 1958 1674 29.
1988 1617 2063 1673 De

486 1714 951 1769 laboris‘stndio.
1014 1713 1105 1767 50.
1159 1713 1233 1764 De
1288 1711 1522 1781 ignavia.
1570 1712 1658 1766 51.
1704 1712 1775 1764 De
1832 1710 2058 1779 pudore.

487 1806 577 1860 52.
612 1806 683 1858 lie
728 1804 1093 1868 impudentia.
1126 1802 1215 1855 55.
1257 1801 1335 1854 Dc
1362 1800 1596 1854 silentio.
1631 1799 1720 1852 54.
1758 1799 1831 1851 De
1860 1808 2061 1865 tempe-

2175 697 2509 768 ἀφροσύνης,
2541 697 2668 767 περὶ
2702 696 3076 769 σωφροσύνης,
3113 698 3240 768 περὶ
3277 697 3580 768 ἀκολασίας,
3606 715 3706 780 περὶ

2175 791 2417 865 ἀνδρίας,
2444 786 2572 858 1:591
2602 788 2827 852 δειλίας,
2858 789 2986 856 1:591
3008 788 3375 860 δικαιοσύνης,
3406 794 3527 863 περὶ
3550 796 3704 851 πλεον.

2174 883 2320 947 εξίας
2350 883 2445 934 καί¹
2471 879 2705 941 ἀδικίας.
2740 880 2869 950 περὶ
2897 880 3175 952 ἀληθείας,
3204 882 3333 948 1:591
3351 881 3583 951 ψεύδους,
3605 888 3705 960 περῖ

2173 974 2521 1044 παρρησίας,
2555 971 2682 1041 περὶ
2733 971 3045 1034 κολακείας,
3082 972 3211 1043 1:591
3262 973 3493 1038 ἀσωτίας
3511 977 3569 1043 ⁸⁸,
3606 983 3706 1050 περὶ

2171 1064 2479 1134 φειδωλίας,
2538 1062 2666 1131 1:591
2716 1063 3063 1132 ἐγκρατείας,
3107 1065 3235 1135 1:591
3282 1065 3565 1136 ἀκρασίας,
3605 1074 3707 1139 1:591

2169 1153 2541 1220 ἀνεξικακίας,
2591 1154 2721 1225 περὶ
2766 1153 2957 1223 ὀργῆς,
2991 1155 3120 1225 περὶ
3169 1154 3262 1208 :06
3314 1156 3482 1224 γνῶθι
3529 1161 3706 1218 σαυτὸν.

2168 1248 2298 1317 1:591
2332 1246 2653 1317 ὑπεροψίας,
2690 1248 2819 1318 1:591
2852 1247 3158 1316 φιλαυτίας,
3197 1250 3326 1320 1:591
3370 1249 3463 1303 τοῦ
3507 1253 3708 1307 συνειδό-

2164 1356 2277 1404 τος,
2326 1338 2457 1408 περὶ
2508 1344 2750 1409 μνήμης,
2796 1338 2925 1409 ’τι-ρ),
2971 1338 3164 1411 λήθης,
3212 1341 3339 1411 περί
3387 1342 3562 1412 ὅρκου,
3604 1348 3708 1415 περὶ

2164 1431 2471 1503 ἐπιορκίας,
2508 1432 2636 1502 1:59".
2672 1431 3006 1499 φιλοπονίας,
3044 1433 3172 1504 1:591
3216 1434 3435 1502 ἀργίας,
3482 1437 3598 1505 1:591
3636 1439 3706 1490 «xl-

2163 1523 2308 1586 δοῦς,
2334 1524 2463 1594 1:591
2491 1523 2788 1586 ἀναιδείας,
2824 1524 2952 1593 περὶ
2987 1526 3166 1595 σιγῆς,
3197 1527 3326 1595 1:591
3348 1524 3444 1579 τοῦ
3473 1527 3707 1599 εὑκαίρως

2162 1614 2363 1683 λέγειν,
2420 1617 2549 1688 1:591
2603 1615 2987 1687 βραχυλογίας,
3040 1617 3168 1686 1:591
3216 1615 3558 1688 ἀδολεσχίας,
3604 1620 3709 1688 περὶ

2161 1709 2551 1780 χρηστότητος.
2630 1710 2761 1782 περὶ
2808 1709 3037 1777 φθόνου,
3088 1710 3217 1780 1:591
3269 1711 3558 1782 πατρίδος,
3605 1711 3712 1783 1:591

2164 1798 2342 1870 ξένης,
2376 1800 2503 1872 περὶ
2532 1801 2880 1874 ἀπορρήτων,
2909 1803 3002 1855 καὶ
3036 1801 3124 1871 μβ⁹
3160 1801 3290 1871 περὶ
3318 1800 3586 1871 διαϐολῆς.

491 1902 628 1953 stiva
658 1899 929 1949 oratione.
956 1894 1044 1948 55.
1078 1894 1153 1946 De
1180 1893 1393 1946 dicendi
1426 1891 1711 1947 brevitate.
1745 1888 1842 1945 56.
1873 1889 1949 1944 De
1971 1890 2290 1961 garrulitate
2327 1890 2463 1962 (55).
2533 1891 2625 1947 57.
2674 1892 2750 1948 De
2806 1894 3160 1964 benignitate.
3224 1892 3315 1949 38.
3392 1893 3465 1949 De
3522 1895 3712 1959 invidia,

484 1996 579 2052 δί).
616 1992 688 2044 Dc
719 1989 912 2059 patria.
941 1985 1028 2040 40.
1063 1985 1136 2039 De
1181 1985 1461 2053 peregrina
1516 1994 1683 2037 terra.
1719 1982 1811 2040 41.
1850 1982 1929 2039 De
1953 1997 2055 2037 arc:

2157 2000 2192 2048 ι,
2229 1991 2288 2037 et
2312 1982 2403 2039 42.
2443 1983 2517 2037 De
2549 1983 2844 2038 calumnia.

553 2084 742 2150 Quarti
774 2081 1005 2148 denique
1036 2079 1154 2133 libri
1182 2078 1360 2147 capita
1411 2077 1525 2130 haec
1555 2087 1701 2130 sunt.
1724 2075 1963 2131 Primum
2000 2077 2055 2130 de

2239 2075 2322 2128 Τὰ
2344 2075 2403 2129 δὲ
2431 2076 2526 2130 τοῦ
2553 2076 2596 2130 δ’
2629 2076 2835 2147 βιϐλίου
2860 2077 2980 2130 ἐστὶ
3006 2076 3178 2132 ταῦτα
3196 2119 3212 2143 ,
3244 2077 3463 2151 πρῶτον
3490 2080 3609 2149 περὶ
3632 2097 3711 2132 1:0-

480 2172 757 2242 republica
783 2168 1167 2239 (56),alterum
1192 2169 1258 2219 de
1303 2165 1512 2235 legibus
1559 2175 1615 2219 et
1641 2164 2049 2220 consuetudinio

482 2267 602 2318 bus.
632 2264 686 2317 5.
713 2263 786 2315 De
815 2262 968 2329 plebe
999 2259 1140 2329 (57).
1184 2259 1238 2312 4.
1275 2257 1348 2311 De
1384 2256 1695 2325 potentibus
1727 2256 1779 2310 in
1812 2256 2050 2316 civitate.

482 2352 536 2409 5.
570 2353 643 2408 De
695 2353 1039 2421 principatu;
1082 2359 1137 2403 et
1188 2348 1411 2414 Qualem
1457 2362 1580 2402 esse
1631 2349 1927 2417 principem
1989 2363 2053 2402 ac

482 2446 861 2515 magistratum
892 2444 1102 2497 deceat.
1134 2441 1187 2494 6.
1230 2438 1506 2510 Optimum
1531 2453 1651 2493 esse
1692 2439 1854 2494 unius
1885 2438 2055 2507 impe-

482 2536 646 2591 rium.
675 2535 728 2591 7.
765 2533 941 2606 Regni
979 2531 1390 2587 administrandi
1425 2531 1834 2600 praeceptiOnes.
1874 2530 1927 2586 8.
1968 2531 2055 2584 Vi—

483 2627 750 2697 tuperatio
769 2627 1090 2698 tyrannidis.
1107 2626 1161 2678 9.
1183 2624 1256 2677 De
1285 2623 1442 2677 bello.
1460 2622 1547 2677 10.
1564 2622 1638 2677 De
1661 2622 1883 2678 audacia
1917 2622 2050 2694 (58).

481 2721 569 2775 11.
601 2722 675 2776 De
708 2720 993 2788 jnventute
1019 2718 1155 2790 (59).
1193 2718 1282 2771 12.
1315 2716 1392 2773 De
1427 2717 1551 2771 belli
1588 2716 2047 2785 imperatoribus;

478 2825 556 2877 et,
586 2815 657 2867 De
681 2815 748 2868 iis
765 2828 883 2881 quae
901 2812 1108 2866 militia:
1131 2811 1250 2864 usui
1268 2824 1386 2863 esse
1402 2810 1611 2878 possint
1629 2819 1898 2877 praecepta
1915 2808 2049 2879 (60).

480 2903 569 2957 15.
606 2903 680 2958 De
706 2918 854 2970 pace.
890 2902 977 2957 M.
1014 2902 1088 2955 De
1126 2900 1513 2969 agricultura‘.
1557 2900 1642 2954 15.
1672 2897 1746 2953 De
1786 2899 2051 2967 tranquil-

479 2992 648 3045 litate.
690 2991 779 3046 16.
842 2991 919 3045 De
970 2991 1313 3061 navigatione
1356 2991 1435 3059 (et
1476 2986 1801 3058 naufragio).
1845 2988 1934 3041 17.
1979 2988 2052 3043 De

479 3083 741 3139 artibns‘.
773 3080 861 3137 18.
898 3081 974 3137 De
1016 3082 1249 3137 dominis
1294 3092 1350 3137 et
1396 3082 1584 3136 servis.
1620 3081 1706 3135 l9.
1737 3082 1809 3134 De
1845 3079 2051 3135 Venere

476 3174 683 3242 vulgari
710 3173 851 3244 (quae
880 3173 1248 3242 generationis
1290 3172 1540 3226 humanae
1572 3170 1687 3242 (6|)
1713 3186 1938 3226 causam
1970 3171 2052 3225 fo-

477 3265 610 3334 vet).
644 3264 737 3321 20.
776 3265 847 3319 De
893 3279 1078 3318 amore
1131 3263 1463 3332 voluptatum
1514 3265 1759 3333 corporis
1791 3264 1925 3335 (62).
1956 3264 2047 3318 21.

478 3354 555 3409 De
580 3354 1043 3426 pulchritudine‘.
1079 3353 1172 3408 22.
1209 3354 1281 3406 De
1328 3352 1550 3421 nuptiis,
1595 3361 1648 3407 et
1693 3351 1812 3421 ejus
1858 3353 2049 3420 capitis

2152 2166 2378 2233 λιτείας,
2406 2167 2655 2239 δεύτερον
2687 2168 2816 2241 1:591
2847 2169 3027 2240 νόμων
3059 2171 3156 2224 καὶ
3180 2168 3320 2224 ἐθῶν
3338 2208 3355 2233 ,
3392 2173 3517 2241 περὶ
3542 2171 3712 2242 δήμου,

2153 2259 2282 2333 περὶ
2307 2259 2417 2312 τῶν
2446 2262 2503 2312 ἐν
2531 2263 2651 2323 ταῖς
2685 2260 2873 2313 πόλεσι
2899 2260 3144 2315 δυνατῶν
3161 2261 3229 2328 ⁵⁸,
3263 2263 3394 2334 περὶ
3420 2263 3586 2334 ἀρχῆς
3603 2304 3616 2326 ,
3635 2263 3714 2316 καὶ

2154 2350 2283 2421 1:591
2310 2348 2404 2403 τοῦ
2430 2351 2614 2402 ὁποῖον
2646 2349 2751 2420 χρὴ
2779 2346 2917 2403 εἶναι
2952 2351 3042 2404 τὸν
3067 2350 3322 2423 ἄρχοντα,
3346 2351 3431 2405 ὃτι
3462 2353 3721 2406 κάλλιστον

2154 2441 2187 2511 ἡ
2217 2440 2504 2510 μοναρχία,
2537 2440 2807 2509 ὑποθῆκαι
2841 2441 2973 2511 1:591
3002 2440 3300 2512 βασιλείας,
3331 2442 3501 2512 ψόγος
3542 2460 3716 2513 τυραν-

2154 2530 2317 2595 νίδος,
2358 2530 2486 2601 1:591
2524 2530 2763 2602 πολέμου
2784 2573 2800 2598 ,
2830 2531 2963 2604 1:591
2993 2532 3200 2603 τόλμης
3227 2576 3241 2598 ,
3294 2534 3427 2603 περὶ
3474 2533 3720 2606 νεότητος,

2154 2623 2284 2694 περὶ
2316 2622 2658 2694 στρατηγῶν,
2693 2623 2786 2678 καὶ
2816 2624 2944 2695 1:591
2969 2624 3081 2677 τῶν
3105 2623 3251 2678 κατά
3284 2624 3525 2696 πόλεμον
3547 2625 3722 2695 χρειῶν

2155 2715 2451 2784 ὑποθῆκαι,
2480 2717 2610 2788 περὶ
2658 2716 2899 2788 εἰρήνης,
2935 2716 3062 2788 περὶ
3106 2716 3404 2789 γεωργίας,
3434 2718 3562 2789 περὶ
3609 2717 3722 2786 ἡσυ-

2153 2809 2296 2879 χίας,
2331 2810 2458 2879 περὶ
2502 2809 2797 2873 ναυτιλίας,
2834 2810 2962 2881 περὶ
3008 2811 3237 2881 τεχνῶν,
3294 2812 3424 2882 1:591
3473 2809 3722 2864 δεσποτῶν

2153 2900 2248 2953 καὶ
2292 2900 2516 2964 δούλων,
2551 2901 2680 2972 1:591
2736 2900 3058 2971 Ἀφροδίτης
3105 2902 3394 2972 πανδήμου
3438 2902 3590 2956 καὶ⁸²
3616 2898 3729 2970 1:591

2152 2991 2355 3063 ἔρωτος
2397 2991 2506 3045 τῶν
2550 2992 2692 3045 κατὰ
2737 2993 2800 3045 τὸ
2843 2990 3002 3061 σῶμα
3051 2992 3274 3063 ἡδονῶν,
3312 2995 3445 3061 περὶ
3490 2992 3723 3054 κάλλους,

2153 3084 2283 3154 1:591
2311 3084 2513 3153 γάμου,
2542 3083 2638 3137 καὶ
2666 3084 2736 3138 τά
2764 3084 2891 3154 ἑξῆς
2920 3084 3013 3138 τοῦ
3044 3085 3344 3153 κεφαλαίου
3379 3086 3594 3140 τούτου.
3623 3084 3717 3137 Γα-

2154 3174 2291 3245 μικά
2324 3173 2784 3246 παραγγέλματα,
2814 3176 2910 3230 καὶ
2941 3175 3069 3246 1:591
3104 3177 3330 3243 παίδων,
3364 3182 3463 3233 καὶ
3508 3178 3577 3232 τὰ
3618 3177 3731 3244 ἑξῆς

2150 3265 2244 3319 1:06
2276 3266 2575 3335 κεφαλαίου
2615 3266 2829 3322 τούτου.
2878 3270 2986 3322 Καὶ
3029 3271 3111 3323 ὅτι
3142 3269 3251 3341 χρὴ
3282 3271 3416 3336 τοὺς
3444 3273 3617 3341 γονεῖς
3642 3273 3728 3341 τῆς

2151 3357 2503 3429 καθηκούσης
2533 3359 2700 3428 τιμῆς
2738 3356 3124 3424 καταξισῦσθαι
3155 3360 3307 3433 παρά
3349 3363 3465 3418 τῶν
3506 3364 3725 3416 τέκνων·

477 3460 670 3504 cratera
708 3448 842 3519 (65).
864 3447 955 3502 25.
979 3446 1333 3501 Connubialia
1371 3455 1657 3515 praecepta.
1682 3442 1773 3498 24.
1806 3446 1877 3498 De
1911 3444 2046 3498 libe-

2157 3450 2367 3513 ὁποίους
2403 3449 2507 3522 χρὴ
2551 3444 2689 3504 εἶναι
2728 3451 2854 3515 τοὺς
2887 3452 3132 3522 πατέρας
3161 3453 3292 3523 1:591
3319 3454 3392 3509 τά
3423 3453 3730 3508 τέκνα.”οτι

475 3543 575 3605 ris,
604 3551 658 3595 et
696 3541 814 3610 ejus
844 3540 1057 3610 generis
1086 3540 1294 3609 reliqua
1325 3537 1461 3610 (65).
1492 3538 1587 3593 25.
1621 3537 1812 3592 Debito
1852 3552 2048 3605 paren-

2148 3540 2436 3596 κάλλιστον
2466 3543 2500 3613 ἡ
2538 3542 2862 3612 φιλαδελφία
2904 3544 3002 3597 καὶ
3038 3546 3071 3615 ἡ
3104 3545 3235 3616 περὶ
3278 3547 3412 3610 τοὺς
3466 3547 3731 3616 συγγενεῖς

481 3642 562 3686 tes
604 3632 808 3685 honore
855 3647 885 3683 a
924 3630 1110 3685 liberis
1157 3645 1278 3684 esse
1329 3630 1636 3684 alliciendos
1686 3627 1788 3700 [et,
1832 3629 1915 3681 An
1957 3643 2051 3696 per

2157 3634 2407 3698 διάθεσις.
2443 3635 2817 3706 υίκονομικός.
2853 3636 2990 3705 Περὶ
3018 3638 3334 3704 εὐγενείας,
3384 3641 3484 3693 καὶ
3514 3641 3584 3692 τὰ
3617 3637 3729 3704 ἑξῆς

477 3723 658 3776 omnia
706 3723 786 3776 eis
838 3723 1060 3776 obedire
1115 3720 1452 3791 conveniat].
1501 3722 1594 3774 26.
1636 3720 1832 3787 Quales
1863 3721 2051 3774 deceat

2157 3727 2240 3781 :06
2272 3727 2568 3798 κεφαλαίου
2606 3726 2794 3781 τούτου
2816 3744 2832 3760 ’
2870 3729 2999 3800 1:591
3026 3730 3366 3799 δυσγενείας.
3405 3733 3546 3803 Περὶ
3581 3729 3731 3783 πλού·

477 3829 600 3871 esse
630 3824 881 3881 parentes
923 3828 1047 3884 erga
1090 3814 1289 3869 liberos
1315 3814 1450 3885 (6.1),
1479 3811 1559 3885 [et
1602 3814 1744 3882 quod
1795 3812 2051 3879 utrinque

2157 3834 2262 3883 του,
2290 3819 2386 3871 καὶ
2408 3817 2478 3872 τά
2506 3817 2633 3889 ἑξῆς
2656 3817 2752 3873 τοῦ
2778 3820 3076 3890 κεφαλαίου
3100 3821 3290 3875 τούτου
3315 3838 3330 3853 ·
3359 3822 3496 3895 περὶ
3521 3821 3729 3884 πενίας·

475 3908 709 3961 naturali
773 3909 1009 3975 quadam
1072 3907 1400 3961 necessitate
1459 3917 1647 3960 mutuo
1682 3903 2041 3977 alliciautur].

473 3999 564 4053 27.
612 3998 932 4052 Fraternum
977 4013 1250 4065 amorem,
1297 4008 1352 4053 et
1381 3998 1546 4051 animi
1592 3997 1869 4065 allectum,
1918 4012 2044 4067 erga

475 4098 739 4160 cognatos
771 4106 892 4144 esse
942 4090 1385 4144 honestissimum
1434 4088 1710 4161 [quodque
1757 4090 1810 4142 bi
1860 4104 2046 4142 neces-

474 4185 605 4238 sarii
643 4182 798 4256 sint.]
846 4183 939 4238 28.
980 4184 1053 4237 De
1104 4184 1180 4237 rei
1224 4182 1505 4253 familiaris
1552 4184 1761 4238 tuendae
1816 4184 2041 4238 ratione.

473 4277 563 4331 59.
597 4276 673 4330 De
699 4276 982 4330 nobilitate
1009 4272 1243 4345 [nobiles
1277 4274 1399 4328 illos
1423 4288 1570 4337 esse,
1606 4275 1696 4344 qui
1728 4289 1794 4328 ex
1828 4273 2044 4329 virtutis

470 4369 785 4441 priescripto
818 4367 1022 4435 vivant,
1049 4368 1267 4422 tametsi
1302 4383 1400 4422 nec
1431 4368 1592 4422 bonis
1632 4367 1873 4422 moribus
1906 4382 2046 4435 pne-

467 4462 597 4516 ditis
626 4458 947 4531 parentibus
986 4458 1093 4514 orti
1139 4457 1271 4530 sint]
1309 4467 1362 4514 et
1410 4458 1616 4514 relicm
1663 4458 1905 4528 ejusdem
1950 4476 2041 4513 ar-

2153 3912 2442 3981 σύγκρισις
2475 3910 2666 3977 πενίας
2711 3914 2805 3967 καὶ
2848 3915 3233 3970 πλούτου.⁸’οτι
3265 3916 3294 3969 ὁ
3327 3916 3449 3987 βίος
3490 3914 3621 3989 [195
3649 3911 3732 3984 Η.]

2152 4002 2361 4075 βραχὺς
2389 4004 2484 4058 καὶ
2513 4005 2809 4077 φροντίδων
2836 4007 3160 4077 ἀνάμεστος.
3195 4007 3325 4081 [572
3351 4008 3454 4083 Β.]
3488 4008 3624 4080 Περὶ
3648 4002 3733 4059 16-

2151 4111 2280 4163 πης,
2312 4095 2395 4149 ὅτι
2441 4095 2565 4150 λίαν
2614 4096 2884 4169 μοχθηρά.
2931 4100 3066 4170 Περὶ
3106 4102 3265 4154 νόσου
3310 4104 3412 4156 καὶ
3464 4101 3658 4163 ίάσεως
3674 4098 3733 4159 ⁸³.

2150 4187 2282 4256 περὶ
2310 4187 2520 4255 ὑγιείας
2549 4189 2641 4242 καὶ
2664 4189 2925 4262 διαμονῆς
2960 4192 3152 4263 αὐτῆς,
3188 4192 3319 4265 περ).
3353 4193 3584 4265 ίατρῶν.
3610 4190 3733 4261 Περὶ

2149 4277 2518 4348 εὐδαιμονίας,
2547 4280 2673 4349 περὶ
2702 4282 3124 4354 κακοδαιμονίας
3144 4300 3157 4313 ⁸
3190 4282 3272 4337 ὅτι
3294 4285 3568 4349 ἀϐέϐαιος
3587 4285 3619 4355 ἡ
3639 4284 3736 4336 τῶν

2149 4368 2247 4422 ἀνθ
2258 4368 2455 4437 ρώπων
2480 4368 2779 4439 εὐπραξίαν
2808 4373 2937 4443 1:591
2963 4373 3075 4427 τῶν
3103 4374 3233 4446 παρ’
3259 4376 3427 4443 ἀξίαν
3450 4373 3733 4446 εὐτυχούν-

2147 4479 2291 4515 των·
2326 4462 2457 4532 περὶ
2509 4463 2619 4517 τῶν
2668 4464 2801 4536 παρ’
2830 4465 2988 4533 ἀξίαν
3031 4467 3489 4539 δυστυχούντων·
3540 4471 3623 4523 ὅτι
3667 4466 3739 4521 δεῖ

1784 4592 2022 4648 VARIAB
2061 4593 2465 4651 LEC'l‘lONES.

535 4690 581 4723 ⁸ο
612 4687 877 4750 ἁσωτείας
906 4703 968 4752 ς.
1043 4686 1087 4719 ⁵⁸
1117 4685 1360 4741 δυνατῶν
1381 4683 1469 4741 AC
1495 4701 1509 4738 :
1536 4684 1812 4740 δυναστῶν
1839 4699 1899 4751 ς.
1973 4686 2019 4718 ⁸²
2052 4686 2146 4739 καὶ
2176 4684 2299 4742 add.
2334 4686 2402 4742 A.
2477 4688 2524 4721 ³⁸
2556 4688 2752 4743 ίάσεων
2785 4705 2847 4753 ς.

1976 4801 2209 4859 NOTAE.

539 4894 655 4962 (55)
687 4895 867 4951 Unica
902 4899 956 4951 in
995 4898 1226 4953 mouade
1267 4912 1296 4951 a
1334 4897 1618 4964 superiore
1660 4893 1870 4949 calculo
1902 4895 2057 4948 aber—
2089 4898 2132 4952 D
2162 4894 2216 4948 iu
2250 4893 2458 4948 Iaudem
2483 4910 2547 4949 ac
2571 4895 3024 4964 vituperationem
3052 4897 3383 4963 reperimus.

465 4966 730 5022 ravitnus.
762 4968 949 5033 Quem
1002 4969 1161 5021 facile
1201 4982 1448 5022 errorem
1491 4965 1753 5034 corriget,
1798 4965 1888 5034 qui
1919 4964 2050 5019 olim

468 4981 730 5022 ravnnus.
762 4981 845 5033 uu
865 4983 949 5022 em
1002 4981 1161 5021 tacite
1201 4982 1448 5022 errorem
1491 4981 1753 5088 corriget,
1798 4990 1801 5011 ε

468 5037 613 5092 hunc
646 5037 846 5106 librum
879 5038 1034 5092 nobis
1058 5041 1326 5106 integrum
1352 5038 1405 5089 in
1434 5036 1604 5090 lucem
1669 5036 1801 5089 abit.

550 5105 662 5175 (54)
695 5105 824 5173 Quae
857 5108 1082 5162 totidem
1115 5103 1392 5161 et'iisdem
1434 5105 1888 5173 inscriptionibus
1921 5103 2054 5160 Ser—

476 5194 691 5233 monum
723 5179 967 5240 nomine,
1004 5192 1110 5231 una
1153 5191 1275 5245 cum
1317 5187 1514 5245 quarto
1542 5176 1679 5245 Iib_ro
1706 5175 1852 5228 edita
1900 5177 2052 5245 l‘ur-J-e

486 5250 704 5315 saepius,
734 5248 922 5302 Graece
950 5247 1212 5309 chetiis,
1231 5242 1569 5300 GiaEro-Lat.
1595 5242 1801 5315 Tigurl
1820 5261 1926 5315 non
1953 5242 2048 5307 ὀ-

467 5314 573 5372 mel
626 5333 691 5373 ac
748 5319 983 5387 denique
1032 5315 1375 5371 Francol’urti
1423 5331 1545 5370 cum
1609 5316 1741 5369 Ant.
1786 5314 1999 5371 Melissa
2028 5352 2043 5379 ,

470 5389 559 5441 alii
580 5402 716 5458 sque
740 5390 1098 5458 gnomologis.

540 5457 655 5528 (55)
696 5457 767 5528 De
793 5474 898 5526 qua
942 5457 1215 5512 Plutarch.
1245 5457 1433 5511 etiam.

540 5526 653 5597 (5n)
697 5526 868 5583 llodie
904 5531 954 5582 in
982 5531 1197 5582 Stobaeo
1231 5529 1443 5597 vulgato
1482 5543 1662 5582 sermo
1690 5539 1774 5581 est
1802 5528 1891 5582 45.

544 5596 659 5664 (57)
690 5598 789 5659 Qui
820 5615 1000 5652 sermo
1033 5600 1085 5653 in
1116 5600 1271 5652 libris
1306 5596 1469 5653 editis
1498 5616 1601 5652 non
1634 5612 1832 5652 exalat.

545 5665 659 5736 (58)
695 5667 807 5723 Hoc
835 5668 992 5737 signo
1025 5671 1351 5733 notavimus,
1372 5686 1494 5738 quae
1527 5671 1578 5722 in
1608 5670 1770 5724 editis
1796 5670 2049 5724 distincta

2238 4964 2350 5055 (59)
2376 4964 2434 5018 In
2469 4964 2685 5021 Stobaeo
2716 4975 2800 5021 est
2829 4967 2938 5031 hic,
2970 4968 3047 5022 De
3076 4965 3279 5023 Militia
3300 4978 3372 5055 ἐι
3396 4968 3608 5023 viribus
3630 4982 3740 5021 cor-

2150 5050 2342 5175 Ροίῖθ)
2372 5104 2648 5175 Evulgatis
2678 5106 2831 5161 libris
2870 5106 2975 5161 hoc
3008 5105 3271 5162 additum-

2220 5176 2427 5247 (61)]11
2459 5178 2620 5231 editis
2646 5177 2840 5247 legitur
2870 5177 3193 5245 praecedenti
3223 5178 3419 5245 capite
3456 5187 3518 5234 et
3554 5177 3745 5233 subau-

2146 5243 2322 5311 ditur,
2356 5243 2961 5315 νὶιιιρετοιίογεηεὲὸε,
2989 5258 3036 5302 et
3067 5250 3209 5316 quod
3237 5243 3423 5303 mulus
3461 5252 3533 5302 sit
3556 5265 3723 5306 amor,

2146 5332 2209 5367 ac
2235 5317 2518 5369 multorum
2540 5319 2802 5371 malorum
2826 5328 3031 5371 auctor.

2232 5385 2344 5457 (62)
2384 5387 2456 5439 De
2486 5388 2683 5454 quibus
2717 5402 2809 5442 sex
2840 5388 3036 5442 habent
3073 5389 3251 5457 capita
3287 5389 3434 5446 libri
3472 5390 3634 5444 editi.

2236 5456 2350 5537 (55)
2394 5458 2525 5537 Qua:
2566 5459 2688 5513 libri
2730 5458 2859 5513 editi
2914 5474 3010 5527 per
3058 5456 3160 5514 tria
3210 5463 3526 5515 distributa
3580 5464 3748 5529 capua

2153 5529 2508 5667 “(ltilii'lll‘i'es
2554 5597 2640 5653 hic
2695 5599 2933 5652 insertos
2981 5615 3264 5655 sermones
3311 5600 3417 5665 80,
3452 5600 3550 5661 8|.
3582 5598 3672 5663 82,
3701 5596 3750 5651 in

2153 5667 2304 5720 libris
2332 5668 2549 5722 aliunde
2590 5669 3029 5739 irrepsisse,jaut
3067 5686 3184 5740 sup.
3218 5672 3633 5726 indicavimus.
