3932 6240
217 258 327 324 485

1212 259 1739 319 ΒΙΒΠΟΤΠΕΕᾹ.
1776 288 1840 298 --
1877 261 2041 321 COD.
2083 263 2362 323 CLXVII.

3380 262 3492 327 48.6

216 374 482 445 γενναίως
514 372 705 442 φέρειν
725 373 795 427 τὰ
812 372 1227 447 προσπίπτοντα
1250 390 1264 403 ο
1296 374 1378 425 ὅτι
1407 372 1488 425 δεῖ
1513 372 1611 435 τὰς
1645 373 1802 427 εὐτυ-

1913 375 2157 444 gutttettli
2187 374 2321 445 (65).
2359 373 2451 429 '50.
2485 374 2561 429 De
2595 374 2957 447 ignobilitate.
3000 376 3088 430 51.
3128 375 3201 432 De
3224 376 3433 431 divitiis
3470 399 3486 444 ;

214 468 340 540 χίας
393 466 742 536 προφαίνειν,
772 463 873 528 τὰς
907 464 951 518 δ’
978 465 1215 536 ἀτυχίας
1236 464 1521 537 κρύπτειν.
1552 465 1690 537 Περὶ
1719 464 1807 518 ὲλ-

214 563 373 628 πίδος
392 579 407 593 ⁸
445 563 577 634 περὶ
608 560 721 614 τῶν
750 561 882 631 παρ’
902 560 1246 614 ἑλπίδα.’οτι
1275 562 1338 614 οὐ
1363 561 1468 631 χρὴ
1499 561 1807 632 ἐπιχαίρειν

212 657 325 719 τοῖς
381 653 672 723 ἀτυχοῦσιν
706 668 719 684 ·
769 653 854 705 ὅτι
906 653 956 705 οί
1010 651 1334 723 ἀτυχοῦντες
1380 650 1640 722 χρῄζουσι
1699 650 1809 704 τῶν

215 747 677 817 συμπασχόντων.
714 746 847 816 Περὶ
878 745 1086 816 γήρως,
1122 745 1219 798 καὶ
1256 744 1324 798 τὰ
1355 744 1482 813 ἑξῆς
1514 743 1607 797 τοῦ
1638 761 1808 813 κεφαο

212 839 369 892 λαίου
411 837 627 891 τούτου.
656 837 792 908 Περὶ
841 837 1096 900 θανάτου,
1124 839 1255 907 περὶ
1302 834 1482 905 ζωῆςο
1517 835 1805 905 σύγκρισις

214 930 364 997 ζωῆς
399 930 497 982 καὶ
519 929 774 982 θανάτου.
804 929 940 999 Περὶ
969 927 1194 991 πένθους
1219 967 1234 992 ,
1267 927 1398 997 περὶ¹
1422 927 1615 995 ταφῆς.
1652 928 1804 997 Παρ-

1910 474 1966 518 et
2028 464 2188 533 hujus
2246 465 2464 534 generis
2512 464 2726 520 caeteris
2786 464 2923 536 (66).
2972 464 3062 519 δε.
3138 465 3210 518 De
3273 465 3495 534 inopia.

1913 555 2006 609 55.
2040 555 2360 609 Divitiarum
2402 558 2848 626 paupertatisque
2894 558 3255 627 comparatio.
3281 558 3370 613 54.
3403 556 3500 610 Vi-

1920 655 2029 700 tam
2066 660 2188 701 esse
2237 647 2578 716 perbrevem,
2616 662 2985 715 curarumque
3028 648 3263 717 plenam.
3298 648 3388 702 ὅθί.
3420 647 3495 700 De

1920 739 2168 803 tristitia,
2193 739 2421 807 ejusque
2447 739 2718 794 molestia.
2751 740 2840 795 56.
2875 739 2952 794 De
3011 741 3204 795 morbo
3236 739 3427 811 ιιάια
3445 750 3500 792 et

1913 829 2163 885 medelis.
2202 828 2296 882 57.
2332 826 2410 883 De
2442 827 2770 895 valetudine,
2807 827 3034 897 ejusque
3085 832 3494 897 permansione.

1910 920 2000 976 58.
2043 921 2119 977 De
2160 922 2391 977 medicis
2417 961 2433 987 ,
2489 931 2544 975 et
2584 922 2877 976 medicina.
2923 921 3012 976 39.
3078 921 3153 975 De
3208 920 3493 976 felicitate.

213 1024 489 1093 ηγορικά·
526 1022 608 1074 ὅτι
638 1022 698 1074 οὐ
732 1022 838 1094 χρὴ
885 1023 1163 1091 παροινεῖν
1205 1020 1285 1082 είς
1326 1019 1452 1083 τοὺς
1494 1019 1802 1085 τετελευτη-

1909 1016 2001 1070 40.
2038 1016 2114 1069 De
2148 1015 2495 1070 infelicitate.
2530 1016 2619 1070 41.
2654 1013 2965 1068 lnstabilem
3017 1029 3140 1069 esse
3184 1013 3497 1067 mortalium

118 1102 124 1109 ’
214 1119 420 1181 κότας·
477 1118 560 1172 ὅτι
612 1117 722 1171 τῶν
755 1115 1027 1170 πλείστων
1065 1116 1206 1185 μετὰ
1255 1115 1486 1169 θάνατον
1536 1115 1570 1185 ἡ
1619 1117 1802 1186 μνήμη

1911 1108 2361 1180 prosperitatem.
2393 1107 2484 1164 42.
2526 1108 2601 1162 De
2635 1109 2719 1164 his
2755 1108 2847 1178 qui
2892 1118 3085 1178 praeter
3130 1107 3385 1161 meritum
3421 1105 3502 1158 ie-

210 1210 432 1281 διαῤῥεϊ
463 1210 697 1281 ταχέως.

1910 1201 2046 1257 lices
2077 1210 2224 1255 sunt.
2265 1200 2356 1255 45.
2392 1200 2466 1255 De
2502 1200 2592 1255 his
2622 1201 2714 1271 qui
2743 1210 2943 1270 praeter
2966 1200 3219 1255 meritum
3248 1200 3496 1256 infelices

209 1310 363 1357 sunt.
420 1301 513 1357 44.
573 1302 921 1371 Quaecunque
973 1300 1256 1364 accidunt,
1309 1308 1631 1353 constanter
1675 1312 1795 1351 esse
1822 1294 2041 1350 ferenda
2094 1292 2456 1365 [hominibos,
2491 1307 2719 1361 quorum
2790 1300 2875 1347 est
2930 1306 2998 1346 ex
3044 1293 3246 1347 virtute
3325 1291 3494 1343 vitam

208 1396 550 1469 instituere].
585 1397 674 1453 45.
716 1396 994 1452 Secundas
1036 1412 1123 1450 res
1174 1394 1386 1449 ostendi
1448 1394 1583 1463 (67),
1644 1392 1906 1444 adversas
1958 1397 2148 1441 contra
2212 1385 2319 1455 tegi
2366 1395 2646 1454 oportere,
2704 1382 2786 1455 [et
2853 1383 3017 1439 rebus
3100 1385 3501 1453 praestantibus

208 1499 364 1544 recte
398 1487 709 1560 utendum].
735 1489 828 1546 46.
879 1488 952 1542 De
986 1503 1102 1558 spe.
1124 1487 1212 1541 47.
1241 1486 1316 1539 De
1380 1485 1673 1553 insperatis
1723 1480 2031 1536 eventibus.
2079 1477 2172 1532 48.
2221 1478 2297 1531 De
2339 1476 2570 1530 aliorum
2615 1474 2912 1529 infortunio
2970 1474 3317 1546 gaudendum
3386 1492 3492 1531 non

207 1598 356 1637 esse.
389 1581 482 1638 49.
528 1581 775 1637 Infelices
823 1581 1068 1650 indigere
1112 1579 1543 1634 condoleutihus.
1582 1575 1672 1631 50.
1712 1573 1786 1628 De
1818 1582 2102 1626 senectute
2128 1567 2260 1640 (68),
2292 1569 2507 1637 aliaque
2554 1569 2658 1622 huc
2693 1569 2996 1634 spectantia
3065 1567 3200 1639 (69).
3236 1614 3239 1623 κ
3269 1567 3359 1623 51.
3419 1569 3501 1623 De

206 1686 412 1737 morte,
433 1671 513 1745 [et
533 1689 650 1728 eam
674 1675 866 1728 evitari
888 1690 992 1727 non
1022 1670 1220 1743 posse].
1242 1671 1330 1726 52.
1359 1670 1434 1725 De
1461 1669 1604 1725 Vita.
1629 1669 1720 1724 55.
1750 1665 1993 1736 Vita(70)
2020 1676 2074 1719 et
2099 1681 2248 1720 mors
2279 1664 2511 1719 invicem
2538 1672 2874 1731 comparata.
2897 1661 3079 1718 54.De
3109 1662 3277 1716 luctu.
3300 1662 3391 1717 55.
3422 1664 3501 1716 De

208 1768 516 1836 sepultura.
552 1768 644 1823 56.
671 1768 1069 1824 Consolaturia.
1102 1767 1189 1822 57.
1213 1764 1268 1818 lu
1300 1767 1411 1820 vita
1439 1763 1655 1818 functos
1698 1777 1804 1816 non
1834 1776 1956 1817 esse
1995 1760 2359 1815 exercendam
2402 1757 2827 1813 contumeliam.
2901 1755 2991 1812 58.
3044 1754 3424 1811 Plurimorum
3463 1767 3494 1806 a

206 1872 393 1913 morte
420 1862 740 1914 memoriam
772 1862 881 1913 cito
917 1874 1269 1912 evanescere.

289 1949 464 2020 Ὁμοῦ
497 1950 565 2005 τὰ
595 1949 863 2017 κεφάλαια
892 1950 986 2003 τοῦ
1013 1951 1274 2020 τετάρτου
1304 1949 1437 2013 NH’,
1465 1948 1574 2002 τῶν
1604 1948 1661 2001 δὲ
1685 1965 1802 2000 τεσ-

1982 1939 2110 1995 Haec
2141 1938 2323 2010 quarti
2352 1938 2476 1993 libri
2503 1955 2634 1994 LVIII
2670 1938 2845 2007 capita
2875 1947 3000 1994 sunt
3036 1956 3051 1993 :
3095 1953 3216 1992 cum
3262 1948 3497 2007 quatuor

208 2044 397 2112 σάρων
420 2040 643 2110 βιϐλίων
668 2047 773 2111 ση’.
803 2038 899 2105 Οἷς
928 2041 1315 2112 παρατίθησιν,
1346 2041 1420 2104 ὡς
1454 2040 1557 2110 ἔφη
1569 2057 1686 2111 μεν,
1708 2038 1799 2092 ὁ⁸¹⁵

1909 2035 2149 2102 ipsorum
2199 2031 2462 2085 librorum
2522 2032 2574 2085 in
2634 2031 2953 2086 universum
3004 2040 3130 2083 octo
3169 2031 3281 2084 sint
3329 2045 3494 2098 supra

219 2134 482 2201 Ἰωάννης
532 2130 596 2184 ἐκ
642 2148 702 2184 τε
745 2130 853 2183 τῶν
902 2131 1142 2200 ὲκλογῶν
1172 2130 1405 2185 καὶτῶν
1438 2130 1799 2200 ἀποφθεγμά-

1909 2125 2133 2179 ducenta
2167 2122 2304 2193 (71),
2330 2123 2553 2192 quibus,
2580 2120 2657 2174 uti
2696 2119 2964 2179 diximus.
2990 2120 3311 2184 sententias,
3342 2121 3496 2175 testi-

203 2243 318 2279 των
369 2226 469 2280 καὶ
512 2223 622 2278 τῶν
670 2222 959 2296 ὑποθηκῶν
987 2224 1144 2292 δόξας
1187 2243 1247 2278 τε
1292 2225 1388 2279 καὶ
1428 2224 1653 2296 χρήσεις
1704 2222 1801 2276 καὶ

207 2316 432 2388 χρείας.

290 2409 534 2479 Ἀγείρει
576 2406 634 2461 δὲ
675 2406 877 2470 ταύτας
921 2407 1030 2462 ἀπὸ
1084 2408 1181 2479 μὲν
1232 2408 1559 2477 φιλοσόφων,
1588 2409 1697 2463 ἀπό
1740 2426 1799 2463 τε

200 2502 467 2573 Αἰσχίνου
498 2499 591 2554 τοῦ
624 2499 973 2570 Σωκρατικοῦ
1010 2500 1102 2553 καὶ
1136 2499 1467 2572 Ἀναξάρχου
1509 2502 1605 2555 καὶ
1641 2502 1799 2554 Ἀνα-

199 2593 489 2665 χάρσιδος,
516 2591 923 2663 Ἀριστωνύμου
976 2592 1069 2644 καὶ
1111 2593 1492 2659 Ἀπολλωνίου,
1525 2592 1799 2647 Ἀντισθέ-

200 2704 331 2749 νους
383 2687 483 2739 καὶ
516 2686 896 2754 Ἀριστίππου,
933 2685 1257 2757 Ἀρίστωνος
1304 2688 1398 2741 καὶ
1433 2685 1800 2757 Ἀριστοξένου

201 2778 301 2833 καὶ
333 2777 623 2850 Ἀρχύτου,
653 2778 1080 2849 Ἀριστοτέλους,
1112 2779 1561 2852 Ἀναξιμάνδρου,
1590 2780 1804 2846 Ἀναξι-

205 2872 432 2942 μένους,
450 2870 769 2942 Ἀρχελάου,
789 2871 1147 2943 Ἀναξαγόρα,
1165 2871 1532 2943 Ἀρχαινέτου,
1551 2873 1802 2942 Ἀρκεσι-

200 2966 365 3027 λάου,
380 2964 673 3036 Ἀρριανοῦ
684 2966 754 3030 ⁸⁸,
771 2964 1127 3037 Ἀντιπάτρου
1142 2965 1412 3028 Ἰστιαίου,
1430 2965 1801 3035 Ἀντιφάνους,

202 3057 1800 3129 Ἀτεολλοδώρου,Ἀριστάρχου,Ἀσκληπιάδου,Ἀρισταίου,

199 3146 554 3221 Ἀρχεδήμου
604 3147 888 3201 Ἑκαταίου
908 3148 974 3214 ⁸⁸,
1006 3147 1436 3217 Ἀπολλοφάνους
1460 3188 1476 3212 ,
1520 3147 1800 3218 Αἰγιμίου,

103 3236 118 3257 ⁹
200 3243 468 3311 Δίσαρος,
499 3240 773 3304 Ἀττικοῦ,
805 3240 1078 3311 Ἀμελίου,
1114 3240 1379 3305 Ἀλὸίνου,
1399 3241 1778 3313 Ἀριστάνδρου

1902 2215 2108 2281 monia,
2141 2225 2196 2269 et
2254 2213 2471 2269 cbreias
2532 2229 2596 2268 ex
2639 2212 2844 2283 eclogis
2896 2223 2953 2267 et
2991 2212 3490 2284 apophthegmatis,

1900 2324 1962 2363 ac
1995 2310 2120 2364 vitae
2152 2308 2443 2378 praeceptis
2475 2305 2726 2362 Stobaeus
2747 2307 3019 2376 proponit.

1969 2401 2285 2470 Philosophi
2339 2409 2543 2464 autem,
2596 2415 2663 2455 ex
2712 2402 2911 2469 quibus
2977 2400 3079 2454 ista
3144 2399 3382 2471 collegit,
3433 2400 3487 2455 hi

1902 2492 2016 2547 fere
2050 2501 2175 2545 sunt
2211 2509 2225 2545 :
2271 2491 2571 2562 Egimaaus
2605 2492 2743 2563 (72),
2794 2492 3082 2548 Eschines
3150 2492 3489 2556 Socraticus,

1900 2584 2148 2649 Albinus,
2174 2584 2438 2648 Amulius,
2465 2582 2823 2647 Anacharsis,
2842 2584 3215 2653 Anaxagoras,
3242 2585 3490 2638 Anaxar-

1901 2677 2056 2743 chus,
2075 2676 2494 2742 Anaximander,
2518 2676 2899 2737 Anaximenes.
2931 2678 3215 2748 Antipater
3259 2676 3490 2741 lstiaaus,

1902 2766 2271 2832 Antisthenes,
2307 2768 2931 2838 Apelles,Apol|odorns,
2956 2766 3292 2836 Apollonius,
3322 2765 3494 2834 Apol-

1904 2855 2204 2928 lophanes,
2251 2859 2559 2914 Arcesilaus
2595 2900 2610 2924 ,
2656 2842 3047 2924 Arrhaenetus,
3097 2858 3490 2926 Archedemus,

1907 2949 2206 3016 Hecataeus,
2232 2950 2553 3013 Archelaus,
2585 2952 2963 3017 Archimedes,
2998 2952 3289 3022 Archytas,
3332 2949 3492 3003 Aria-

1905 3057 2029 3103 nus,
2057 3041 2431 3111 Aristagoras,
2464 3041 2811 3104 Aristander,
2844 3040 3215 3106 Arismrchus,
3250 3040 3488 3109 Aristip-

1903 3146 2026 3200 pus,
2055 3132 2461 3197 Aristobrotus,
2499 3133 2738 3196 Ariston,
2779 3132 3188 3205 Aristonymus,
3220 3133 3491 3187 Aristote-

1911 3223 2009 3289 les,
2024 3224 2400 3287 Aristoxcnus,
2416 3225 2759 3292 Asclepiades
2783 3224 3022 3289 Aristaei,
3042 3223 3183 3280 lilius
3205 3242 3219 3290 ;
3243 3224 3487 3293 Atticus;

215 3293 785 3402 'Apasox'éarlwvoﬁ",
830 3293 1119 3394 Ἀπελλοῦς
1141 3370 1155 3393 ,
1200 3293 1623 3402 Ἀρισταγύροω
1658 3293 1802 3401 Ἀριῖ

1912 3317 2191 3379 Beronice,
2224 3317 2475 3383 Berosus,
2506 3317 2649 3378 Bias,
2676 3317 2831 3381 Bion,
2871 3316 3127 3384 Boethus,
3190 3318 3487 3387 Brotinus;

203 3420 581 3491 στομϐρὸτου,
609 3420 993 3492 Ἀρχιμήδους,
1040 3420 1267 3489 Βοηθοῦ,
1313 3419 1559 3484 Βίαντος,
1609 3420 1802 3491 Βηρὼ-

202 3528 301 3565 eoo
321 3510 395 3576 ⁸⁸,
431 3508 755 3581 Βερονίκης,
804 3510 1079 3578 Βροτίνου,
1130 3507 1350 3573 Βίωνος,
1398 3508 1718 3577 Γλαύγωνος
1735 3509 1802 3573 ⁸⁸,

196 3606 605 3677 Δημώνακτος,
637 3602 974 3673 Δημητρίου,
1005 3601 1318 3673 Δαμίππου,
1344 3599 1650 3669 Διογένους,
1688 3602 1807 3652 Διο-

197 3697 403 3766 δώρου,
429 3694 775 3765 Δημοκρίτου
787 3694 855 3756 ⁸ο,
879 3691 1154 3762 Διοτίμου,
1180 3692 1483 3755 Διοκλέους,
1512 3691 1806 3762 Δαμαρμέ-

199 3803 329 3850 νους
351 3828 368 3850 ,
398 3785 641 3855 Διδύμου
662 3824 677 3850 ,
709 3783 929 3849 Δίωνος,
962 3782 1106 3848 Δίου,
1138 3783 1452 3847 Εὐκλείδου,
1490 3783 1805 3854 Εὐφράτου,

211 3878 592 3948 Ἐπιχάρμου,
618 3876 993 3943 Ἐπανδρίδου,
1024 3876 1475 3946 Ἐρασιστράτου,
1503 3874 1802 3936 Ἐκπὼ).ου,

210 3970 449 4023 Ἐπικού
460 3985 555 4039 ρου
581 3967 909 4038 Γαργητίου,
928 3967 1277 4037 Ἐπικτήτου,
1296 3965 1519 4038 Ἑρμοῦ,
1539 3967 1595 4019 Ἐ
1604 3967 1774 4036 μπεδο
1787 3997 1805 4008 -

196 4055 422 4117 κλέους,
440 4054 769 4124 Ἐπικούρου
803 4054 1109 4126 Ἀθηναίου,
1139 4054 1425 4118 Εὐσεόίου,
1461 4054 1708 4124 Εὐρύσου
1729 4055 1796 4119 ⁶¹,

209 4144 670 4215 Ἐρατοσθένους,
712 4145 1118 4216 Εὐρυστράτου,
1145 4144 1470 4214 Ἐκφάντου,
1495 4145 1796 4211 Ἐπιδίκου,

198 4233 809 4303 Εὐδόξου,“Επιγὲνους,
844 4233 1095 4305 Εὐηνίου,
1119 4233 1474 4306 Εὐρυφάμου,
1500 4234 1797 4299 Ζαλεύκου,

1907 3402 2303 3466 Callicratides,
2331 3404 2721 3467 Callimachus,
2757 3405 3092 3471 Carneades,
3124 3405 3318 3472 Cebes,
3350 3407 3490 3461 Cha-

1906 3499 2130 3562 rondas,
2179 3494 2418 3561 Chilon,
2482 3496 2679 3559 Chion,
2737 3496 3121 3568 Chrysippus,
3170 3496 3487 3562 Cleanthes,

1906 3588 2219 3652 Cleobulus,
2239 3587 2476 3655 Clineas,
2508 3588 2897 3652 Clitomachus,
2923 3588 3200 3655 Coriscus,
3232 3589 3484 3653 Crantm,

1907 3681 2126 3745 Critias,
2156 3680 2457 3748 Critolaus,
2491 3681 2705 3744 Criton,
2735 3682 3141 3747 Damarmenes,
3164 3681 3482 3752 Damippus.

1906 3773 2248 3841 Demetrius,
2313 3774 2758 3848 [Democritus,]
2838 3775 3152 3838 Demonax,
3201 3775 3486 3849 Didymus,

1906 3865 2140 3933 Diocles,
2204 3868 2493 3930 Diodorus,
2548 3868 2841 3938 Diogenes,
2894 3867 3139 3943 [Diom]
3193 3868 3482 3936 Diotimus,

1905 3962 2053 4025 Dius,
2082 3958 2413 4029 Ecpbautus,
2439 3959 2692 4029 Ecpolus,
2711 3959 3086 4028 Empedocles,
3117 3960 3475 4030 Epandrides,

1904 4053 2279 4124 Epicharmus,
2337 4052 2636 4123 Epictetus,
2698 4055 2966 4123 Epicurus
3021 4052 3299 4122 Gargilius
3334 4052 3473 4124 (75).

1904 4144 2170 4217 Epicurus
2199 4146 2571 4212 Atheniensis,
2618 4146 2895 4216 Epidicus,
2956 4145 3245 4216 Epigenes,
3299 4144 3482 4198 Erasi~

1907 4248 2133 4302 stratus,
2172 4238 2583 4303 Eratosthenes,
2619 4239 2825 4309 Erysus
2859 4238 2997 4311 (74),
3047 4237 3320 4304 Euclides,
3371 4236 3479 4292 Eu-

1525 4348 1759 4404 VARIA‘I
1791 4350 2205 4409 LECTIONES.

272 4443 323 4528 ξι
351 4441 386 4494 ὁ
416 4440 649 4528 adda‘A.
724 4441 772 4528 ξ’
789 4440 1155 4528 ,Ἀρειανοῦϐ
1190 4442 1586 4528 {aﬂuat-uico
1613 4444 1676 4496 A.
1727 4443 2108 4528 Ἀντιφάνους..
2137 4446 2468 4528 Ἀρχεδήμου
2506 4446 2817 4528 Ἑκαταίου,
2857 4442 3286 4528 Ἀπολλοφάνους
3327 4444 3481 4528 Alfi-

203 4513 397 4585 μαίου,
455 4512 675 4585 oniissis
730 4511 865 4585 infra
921 4512 1025 4564 illis
1064 4511 1372 4585 ’Apxs_6.’——
1400 4513 1652 4583 Αἴσαρος.
1698 4531 1736 4577 ς
1797 4529 1916 4565 rum
1967 4514 2159 4576 C,nisi
2200 4511 2380 4580 'q‘uod'
2406 4518 2661 4585 Αἰγιμίου
2718 4511 2906 4585 estin
2946 4516 3008 4570 C.

201 4580 290 4650 pr.
315 4583 390 4636 Α.
468 4581 515 4613 ⁸⁷
553 4580 991 4651 Ἀποκρατίωνος
1023 4597 1107 4646 pr.
1128 4580 1193 4636 C.
1218 4581 1508 4646 Ἀπέλλους
1540 4580 1604 4637 Ᾱ.
1651 4585 2064 4654 Ἀριστοιιρότου
2098 4602 2158 4650 ς.
2235 4588 2282 4620 ⁸⁸
2309 4580 2588 4657 Βηρόσσὸυ
2621 4604 2682 4652 ς.
2789 4584 2835 4618 ⁸⁸
2867 4586 3183 4655 Γλαύγωνος
3207 4585 3249 4635 A

201 4669 377 4715 τωνος
403 4653 759 4720 superaddite
788 4668 825 4720 γ
847 4651 928 4722 τῷ
964 4667 997 4704 τ
1031 4652 1094 4707 C.
1127 4652 1470 4717 Γλαύττωνος
1512 4669 1572 4718 ς.
1649 4654 1694 4685 ⁶⁰
1724 4655 2065 4724 Δημοκρίτου
2094 4666 2151 4711 et
2177 4672 2302 4712 mox
2324 4659 2524 4720 Δίωνος
2548 4657 2672 4711 add.
2708 4656 2775 4711 A.
2849 4657 2892 4688 ⁸⁸
2935 4658 3161 4728 Ἐρύσου
3192 4673 3255 4722 ς.

198 4669 377 4715 τωνος
403 4653 759 4720 superaddite
788 4668 825 4720 γ
847 4651 928 4722 τῷ
964 4667 997 4704 τ
1031 4652 1094 4707 C.
1127 4652 1470 4717 Γλαύττωνος
1512 4669 1572 4718 ς.

3110 4514 3158 4546 ⁸⁸
3189 4514 3478 4566 αἱκαταίου

2789 4584 2835 4618 ⁵⁸
2867 4588 2907 4639 Γ
2909 4586 3183 4655 λαύγωνος
3207 4585 3249 4635 A
3270 4598 3285 4635 :
3304 4583 3343 4636 Γ
3347 4582 3479 4636 λαύ-

1779 4750 2006 4806 NOTAE.

278 4840 400 4909 (65)
439 4838 641 4912 Tribus
680 4839 953 4908 explicata
978 4843 1246 4912 capitibus
1278 4844 1331 4898 in
1357 4843 1511 4899 libris
1542 4846 1728 4900 editis.

300 4912 401 4978 δεῖ)
437 4913 569 4974 Qua:
597 4911 651 4962 in
693 4913 797 4962 duo
823 4914 996 4980 capita
1030 4911 1401 4969 distraxerunt
1428 4916 1541 4969 alii.

275 4982 399 5056 (67)
430 4981 687 5056 luserunt
711 4981 815 5034 bne
840 4985 963 5037 loco
995 4984 1192 5055 vulgati
1222 4986 1344 5039 libri
1369 4998 1531 5056 caput
1584 4984 1662 5039 De
1702 5001 1803 5055 pu-

202 5052 603 5107 sillanimitute.

275 5120 399 5190 (ὃὸ)
434 5118 650 5173 Divulsa
692 5118 818 5194 hinc
874 5123 1142 5194 videntur,
1185 5140 1306 5194 quae
1343 5126 1395 5179 in
1429 5124 1591 5180 editis
1652 5126 1805 5179 libris

204 5193 536 5245 distinctum
560 5204 680 5270 cap.
718 5190 961 5248 faciunt:
997 5190 1239 5248 Facilius
1283 5212 1394 5251 esse
1427 5195 1587 5250 alium
1617 5201 1803 5259 ¹«κατηυ-

206 5278 357 5319 uere.
387 5276 551 5330 quam
578 5276 834 5330 “ipsum.

286 5328 409 5399 (691
443 5328 590 5404 Libri
616 5331 746 5404 editi
792 5333 1052 5401 singulari
1085 5347 1206 5402 cap.
1245 5345 1550 5404 proponunt
1581 5354 1595 5388 :
1642 5334 1796 5400 Qund

205 5401 497 5473 senectutis
521 5399 819 5473 molestiam
831 5399 1121 5473 prudentia
1144 5399 1317 5473 ίοίίὶιι,
1337 5399 1607 5473 ipsamque
1632 5399 1798 5459 niuua

208 5469 756 5540 reverentiardiqnam
782 5471 932 5540 allici.
1303 5469 1312 5473 ’
1356 5469 1365 5473 '
1522 5469 1531 5473 ‘
1636 5486 1641 5493 -

280 5539 402 5621 (7Q)
450 5539 675 5593 Addunt
731 5539 830 5594 hic
870 5543 1010 5612 typis
1058 5544 1226 5599 excisi
1276 5554 1459 5613 caput,
1521 5543 1590 5599 De
1640 5545 1799 5599 laude

205 5620 424 5663 mortis.

285 5680 414 5749 (τι)
444 5679 605 5751 Atqui
637 5695 734 5736 sex
765 5689 972 5737 tantum
1003 5699 1165 5754 supra
1191 5684 1426 5741 ducenta
1449 5686 1792 5756 singulorum

1828 4848 1882 4908 D
1911 4847 2171 4901 librorum
2217 4845 2411 4901 calculi
2451 4845 2661 4899 collecti
2709 4846 3024 4900 conficiunt.
3077 4842 3293 4899 Erroris
3346 4862 3475 4903 ansa

1911 4917 2158 4989 fortassis
2184 4932 2250 4989 ex
2294 4933 2639 4989 numerorum
2664 4917 2806 4989 notis
2844 4918 3075 4985 objecta.
3115 4914 3383 4970 Caeterum
3411 4937 3476 4989 ex

1907 4988 1992 5042 his
2025 4987 2098 5041 28
2150 4985 2373 5042 secundi
2404 4987 2548 5051 libri,
2572 5001 2691 5055 quae
2721 4985 3136 5052 interciderunt,
3179 4990 3355 5058 capita
3387 4986 3482 5044 dc-

1905 5060 2228 5113 sideramus.
2572 5069 2577 5073 '

1983 5128 2097 5198 (72)
2123 5127 2479 5182 Commodum
2504 5126 2598 5180 tibi
2629 5126 2769 5192 fore,
2798 5126 2993 5189 lector.
3015 5128 3312 5184 arbitratus
3332 5145 3479 5193 sum,

1907 5199 1950 5252 si
1972 5197 2273 5269 neglectum
2303 5198 2500 5254 alicubi
2535 5197 2925 5253 elementorum
2951 5201 3199 5252 ordinem
3222 5211 3479 5253 accurate

1905 5274 2266 5353 remisera-

1978 5340 2068 5403 (75
2127 5340 2184 5395 2.
2209 5340 2270 5393 C.
2302 5340 2368 5395 Il.
2403 5340 2485 5396 St.

1978 5340 2297 5481 (Mimans
2352 5426 2487 5466 sane
2527 5409 2832 5465 liberaliter
2860 5408 3085 5481 Pbotius
3127 5408 3264 5481 duos
3321 5409 3480 5481 nobis

1903 5479 2082 5535 oiiert'
2108 5479 2531 5548 Epicuros,cum
2565 5495 2702 5535 unus
2734 5480 3000 5546 idemque.
3034 5479 3102 5530 ab
3143 5480 3275 5532 urbe
3313 5479 3477 5533 Allie-

1907 5551 2392 5621 nieusisidicatur,
2427 5553 2518 5621 qui
2547 5568 2574 5606 a
2604 5564 2738 5620 pago
2765 5550 3053 5618 Cargetius
3097 5559 3204 5616 est,
3236 5561 3294 5603 ut
3322 5554 3480 5605 docet

1908 5619 2097 5674 Laert.
2131 5620 2224 5675 lib.
2253 5636 2308 5688 ι,
2335 5622 2449 5676 init.
