3932 6240
493 245 596 310 491

1648 245 1912 306 ΡΗΟΤΙΙ
1947 246 2061 306 PM

2179 243 2450 306 ARCHZE
2482 247 2592 307 ΕΡ.
3599 263 3684 326 492

494 362 609 416 hinc
634 357 824 414 eadem
850 356 1086 428 collegit.
1121 356 1388 412 Carterum
1417 356 1549 410 utile
1593 355 1696 410 hoc
1725 371 1883 425 opus.
1935 371 2056 410 cum

2169 355 2428 425 βασιλέων
2449 360 2541 410 καὶ
2560 360 2898 429 στρατηγῶν,
2919 359 3122 423 ταύτας
3143 362 3478 433 συνήθροισε,
3492 375 3688 434 τοσαῦτα,

491 453 579 518 iis,
610 451 702 520 qui
734 450 926 504 horum
963 449 1164 518 scripta
1215 462 1486 517 operaque
1520 448 1769 518 legerunt
1821 447 1956 519 (77),
2005 458 2065 501 ut

2166 449 2260 500 καὶ⁸
2281 449 2344 501 ἐκ
2375 449 2666 505 τοσούτων.
2688 451 2969 520 Χρήσιμον
2996 450 3054 502 δὲ
3069 450 3130 502 τὸ
3148 450 3349 520 βιϐλίον
3369 457 3473 519 τοῖς
3497 459 3584 526 μὲν
3609 465 3684 516 ἀν.

489 541 678 600 eorum
700 556 801 612 per
827 542 942 596 haec
968 539 1230 595 memoria
1261 547 1572 604 renovetur,
1603 547 1716 593 tum
1760 540 1828 594 iis
1856 539 1909 593 in
1956 539 2061 608 pri-

2169 540 2462 606 εγνωκόσιν
2487 542 2507 572 ⁹
2530 541 2667 594 αὐτὰ
2683 541 2754 593 τὰ
2783 543 3135 611 συντάγματα
3159 542 3268 596 τῶν
3295 544 3496 616 ἀνδρῶν
3521 551 3558 582 ⁸⁸
3579 557 3690 624 πρὸς

490 634 614 700 mis,
651 633 742 702 qui
776 647 882 687 non
933 632 1202 700 legerunt,
1233 629 1375 698 quod
1430 629 1647 682 assiduo
1693 642 1815 683 sese
1870 628 1924 682 in
1982 628 2064 682 his

489 723 814 786 exercendo,
850 723 999 776 brevi
1029 720 1318 774 admodum
1344 728 1586 788 tempore
1611 718 1836 789 pulchra
1889 718 2058 773 multa

489 827 544 871 et
577 815 744 877 varia,
771 811 1082 866 summatim
1117 810 1531 876 comprehensa,
1563 818 1744 862 mente
1766 808 2062 863 recondere

485 921 610 960 cum
640 904 824 960 fructu
855 911 1078 972 queant.
1110 900 1427 955 Communis
1454 909 1634 953 autem
1660 900 1906 968 utrisque
1943 899 2059 952 haec

487 995 695 1050 utiiitas
740 995 980 1059 accedet,
1039 991 1180 1060 quod
1231 1006 1351 1060 quae
1405 989 1808 1058 investigabunt
1859 991 2066 1058 absque

487 1087 690 1148 labore,
717 1093 768 1138 et
799 1083 969 1146 brevi,
1000 1090 1058 1135 ut
1087 1089 1326 1150 apparet,
1356 1079 1624 1133 inventuri
1648 1079 1778 1145 sint,
1811 1078 1898 1147 qui
1943 1092 2001 1132 se
2033 1093 2063 1132 a

485 1176 750 1246 capitibus
796 1174 880 1228 his
912 1173 978 1226 ad
1007 1173 1264 1226 lusiorem
1296 1170 1770 1240 pertractationem
1816 1167 2063 1221 conferre

487 1269 686 1323 volent.
719 1266 832 1322 lmo
869 1262 924 1319 e’t
984 1263 1262 1334 quibusvis
1320 1262 1516 1326 dicere,
1549 1269 1604 1315 et
1620 1260 1858 1314 scribere
1881 1258 2064 1313 volen-

492 1361 631 1415 tibus
658 1357 884 1429 perutile
911 1357 1012 1414 lIOC
1040 1371 1174 1428 opus
1239 1355 1477 1409 futurum
1497 1355 1569 1407 sit
1593 1351 1728 1424 (78).

1131 1443 1405 1500 CLXVllI.

590 1541 744 1595 Beati
772 1537 966 1594 Basilii
1010 1537 1266 1593 Seleucia:
1295 1536 1518 1604 episcopi
1558 1533 1840 1590 Orationes
1865 1551 1953 1591 xv.

557 1699 739 1754 Lecta:
765 1706 891 1752 sunt
929 1696 1101 1752 sancti
1133 1695 1317 1751 Basilii
1349 1695 1589 1766 episcopi
1616 1695 1878 1752 Seleucia;
1913 1693 2056 1749 Ora-

488 1796 656 1847 tiones
679 1792 986 1860 quindecim
1020 1788 1155 1860 (79).
1186 1787 1368 1842 Prima
1403 1787 1457 1841 in
1490 1786 1620 1842 illud
1650 1805 1664 1841 :
1705 1805 1724 1838 ι
1757 1786 1818 1841 1η
1852 1786 2054 1856 princi—

490 1887 582 1956 pio
623 1884 752 1940 fecit
784 1882 926 1938 Deus
969 1881 1164 1937 cmlum
1195 1887 1250 1936 et
1300 1889 1524 1936 terram.
1561 1899 1582 1932 ι
1623 1877 1753 1934 Post
1806 1880 1947 1934 hanc
2003 1879 2057 1933 in

485 1979 712 2049 Joseph,
745 1978 799 2032 in
831 1976 1119 2040 Adamum,
1155 1973 1206 2028 in
1237 1973 1368 2029 Cain
1393 1982 1448 2027 et
1495 1972 1652 2040 Abel,
1707 1974 1762 2028 in
1811 1972 2057 2028 Abraha-

494 2086 660 2136 mum,
709 2071 761 2124 in
813 2067 1052 2140 Moysen,
1114 2063 1290 2120 Elian)
1338 2065 1531 2136 116a
1563 2075 1619 2119 et
1663 2063 1874 2120 Jonam.
1928 2065 2057 2119 Item

494 2177 634 2217 nona
669 2162 722 2216 in
760 2159 1171 2216 Centurionem.
1209 2156 1426 2211 Decima
1459 2159 1514 2210 in
1551 2156 1679 2210 illud
1715 2174 1729 2210 :
1769 2175 1787 2207 ι
1825 2153 2058 2225 Naviga-

494 2247 623 2301 bant
648 2243 896 2314 discipuli
952 2257 1075 2300 cum
1118 2239 1248 2295 Jesu
1271 2240 1340 2302 “,
1382 2258 1401 2292 ι
1465 2247 1520 2293 et
1567 2254 1687 2308 quae
1734 2248 2058 2307 sequuntur.

495 2336 698 2390 Deinde
730 2337 782 2389 iu
823 2335 950 2389 illud
978 2352 992 2388 :
1030 2352 1050 2387 ι
1086 2332 1277 2388 Venite
1311 2330 1380 2385 ad
1408 2345 1517 2395 me,
1547 2345 1737 2385 omnes
1769 2329 1862 2399 qui
1908 2329 2057 2384 labo-

497 2427 628 2482 ratis
680 2435 735 2481 et
758 2425 964 2481 onerati
1004 2424 1156 2488 estis,
1187 2432 1244 2478 et
1282 2437 1383 2494 ego
1404 2420 1641 2478 reﬁciam
1670 2434 1768 2475 vos
1790 2423 1858 2484 ”,
1899 2438 1920 2472 ›
1952 2429 2057 2474 etc.

495 2516 630 2570 Tum
685 2516 737 2570 in
788 2513 1146 2569 Publicanum
1197 2521 1252 2565 et
1298 2510 1656 2566 Pharisaaum.
1709 2507 1949 2578 Itemque
2005 2509 2057 2562 in

497 2607 625 2662 illud
653 2623 666 2660 :
691 2623 710 2657 ι
737 2605 832 2659 Dic
853 2614 907 2658 ut
931 2604 1148 2659 sedeant
1177 2603 1229 2657 hi
1259 2601 1364 2656 duo
1396 2601 1486 2655 ﬁlii
1517 2601 1643 2667 mei,
1673 2615 1812 2656 unus
1834 2601 1898 2654 ad
1928 2601 2062 2655 dex-

497 2711 688 2762 teram,
712 2696 916 2751 etalter
932 2697 998 2750 ad
1013 2695 1287 2750 sinistram
1311 2693 1376 2748 “.
1411 2711 1431 2746 ι
1463 2692 1530 2747 Et
1551 2693 1604 2746 in
1637 2692 1763 2747 illud
1791 2711 1804 2746 :
1841 2709 1861 2743 ι
1890 2691 2059 2758 Quem

496 2789 681 2844 dicunt
713 2788 959 2844 homines
979 2800 1101 2840 esse
1131 2784 1327 2839 Filium
1356 2784 1589 2839 hominis
1626 2784 1672 2814 “
1705 2783 1730 2836 ?
1775 2800 1794 2833 ι
1841 2781 2060 2836 Decima

514 2883 702 2950 quinta
732 2882 783 2934 in
819 2879 944 2933 illud
973 2895 988 2934 :
1023 2895 1044 2931 ι
1081 2875 1160 2933 Tu
1196 2891 1254 2932 es
1281 2876 1374 2947 qui
1414 2885 1668 2932 ventums
1693 2888 1773 2940 es,
1806 2889 1873 2929 an
1896 2872 2060 2929 alium

497 2983 874 3045 exspectamus
904 2972 989 3025 "?
1022 2989 1042 3023 ι

572 3173 630 3226 lu
658 3171 852 3242 quibus
883 3168 1101 3239 quidem
1123 3165 1241 3235 ejus
1266 3164 1606 3221 orationibus
1638 3163 1743 3218 hoc
1772 3163 2063 3218 observare

497 3266 644 3328 licet,
681 3276 933 3332 magnum
961 3274 1083 3314 eum
1116 3270 1259 3322 esse,
1288 3257 1332 3311 si
1366 3257 1488 3324 quis
1513 3270 1750 3325 unquam
1773 3254 1911 3309 alius
1938 3251 2062 3318 fuit,

499 3356 741 3424 ﬁguratae
765 3360 928 3421 atque
955 3349 1194 3403 incitata:
1217 3346 1502 3418 orationis,
1525 3345 1848 3415 pariumque
1887 3344 2062 3398 artiﬁ-

498 3462 640 3502 cem.
682 3442 1136 3513 Perspicuitatem
1204 3438 1555 3494 nihilominus
1619 3452 1683 3491 ac
1741 3437 2063 3491 suavitatem

498 3537 718 3591 retinet.
770 3533 972 3589 Verum
1000 3533 1128 3601 quia
1162 3529 1363 3583 nimius
1391 3529 1444 3582 in
1479 3527 1653 3596 tropis
1675 3539 1730 3582 et
1773 3527 2063 3582 schematis

502 3629 774 3694 incitatis,
821 3627 1120 3682 satietatem
1162 3623 1327 3692 parit,
1367 3621 1483 3675 sive
1529 3621 1729 3690 potius,
1772 3620 1895 3690 quia
1952 3631 2062 3674 tam

501 3719 748 3776 assiduus
770 3719 823 3770 iu
853 3717 936 3770 his
962 3724 1045 3770 est
1065 3729 1129 3767 ac
1160 3723 1322 3776 totus,
1352 3711 1482 3765 nihil
1504 3719 1562 3764 ut
1593 3710 1737 3765 aliud
1771 3712 1888 3765 sine
1908 3712 2068 3765 modo

500 3816 773 3874 occurrat,
805 3806 1042 3862 auditori
1083 3803 1359 3861 fastidium
1387 3812 1440 3857 et
1474 3801 1833 3856 calumniandi
1881 3817 2068 3856 ansam

497 3904 724 3973 praebet,
755 3909 917 3969 atque
961 3899 1028 3952 ad
1070 3896 1356 3967 scriptoris
1389 3896 1561 3966 ipsius
1609 3894 2060 3962 vituperationem

504 3993 716 4056 incitat,
753 3991 906 4059 quasi
937 4003 1112 4058 neque
1142 3997 1392 4042 naturam
1425 3996 1542 4040 arte
1572 3986 2064 4055 moderari,neque

504 4084 712 4155 regula,
770 4083 914 4152 quod
965 4081 1330 4137 inordinatum
1387 4088 1542 4144 erat,
1593 4079 1842 4145 digerere
1895 4079 2070 4148 possit

607 4214 650 4244 ἰ
681 4212 812 4266 Luc.
846 4226 964 4277 vm,
997 4210 1088 4264 ‘25.

1164 4210 1210 4240 “
1241 4205 1432 4259 Matth.
1484 4219 1562 4268 x1,
1593 4202 1683 4256 28.
1761 4204 1808 4233 ’³
1835 4204 2033 4262 Matth.
2063 4221 2159 4272 xx,
2208 4208 2297 4264 21.

2164 630 2488 700 ἀνάμνησιν,
2527 635 2641 694 τοῖς
2673 631 2718 685 δ’
2753 633 2851 684 οὐκ
2874 631 3116 700 εἰληφόσι
3153 637 3350 706 πεῖραν
3385 639 3604 710 ἐκείνων,
3623 649 3689 702 ὅτι

2161 720 2249 773 διὰ
2266 720 2519 789 συνεχοῦς
2537 722 2716 774 αὐτῶν
2739 723 2967 794 μελέτης
2993 725 3094 778 οὐκ
3125 727 3182 777 ἐν
3207 726 3384 796 πολλῷ
3405 731 3564 803 χρόνῳ
3582 737 3691 789 πολ-

2162 811 2268 863 λῶν
2289 811 2382 864 καὶ
2403 811 2583 864 καλῶν
2604 814 2697 865 καὶ
2716 814 2973 867 ποικίλων
2992 817 3298 884 νοημάτων,
3316 819 3364 870 εί
3385 822 3473 872 καὶ
3492 822 3527 852 “
3547 841 3688 894 κεφα-

2163 899 2387 971 λαιώδη,
2430 902 2648 971 μνήμην
2673 902 3072 972 καρπώσονται.
3111 907 3304 959 Κοινὸν
3334 908 3377 959 δ’
3420 911 3458 938 ¹²
3489 913 3692 981 ἀμφοτέ.

2164 1006 2278 1060 ροις
2321 991 2354 1059 ἡ
2397 990 2501 1042 τῶν
2529 990 2896 1062 ζητουμένων,
2926 991 3001 1055 ὡς
3032 992 3198 1057 είκὸς,
3231 993 3595 1067 ἀταλαίπωρος
3619 1005 3695 1054 καὶ

2165 1083 2429 1148 σύντομος
2472 1080 2711 1151 εὕρεσις,
2764 1083 2980 1135 ἐπειδάν
3008 1099 3092 1144 τις
3125 1083 3232 1136 ἀπὸ
3259 1083 3368 1136 τῶν
3418 1089 3694 1153 κεφαλαίων

2162 1171 2245 1232 εἰς
2275 1169 2412 1222 αὐτὰ
2439 1169 2506 1222 τὰ
2541 1169 2715 1240 πλάτη
2753 1171 3085 1238 ἀναδραμεῖν
3143 1170 3427 1226 ἐθελέσειε.
3460 1175 3561 1228 Καὶ
3589 1180 3700 1247 πρὸς

2163 1260 2297 1314 ἄλλα
2324 1260 2381 1313 δὲ
2419 1263 2533 1324 τοῖς
2572 1262 2884 1332 ῥητορεύειν
2929 1265 3022 1316 καὶ
3069 1263 3298 1334 γράφειν
3339 1267 3699 1332 σπουδάζουσιν

2162 1352 2262 1405 οὐκ
2291 1353 2562 1424 ἄχρηστον
2594 1354 2654 1406 τὸ
2685 1353 2906 1424 βιϐλίον.
3313 1364 3320 1370 ’

2861 1447 3030 1502 ΡΞΙΓ.

2167 1536 2278 1591 Τοῦ
2302 1541 2596 1606 μακαρίου
2639 1540 2961 1661 Βασιέείου
3004 1543 3362 1608 Σελευκείας
3400 1543 3706 1598 ἐπισκόπου

2844 1609 2970 1661 ὀτοι
3011 1617 3099 1661 ιε’.
3445 1624 3468 1640 ⁵

2844 1617 2970 1677 erat
3011 1617 3099 1665 ιε’.
3445 1624 3468 1640 ⁵

2241 1696 2685 1768 Ἀνεγνὼσθησαν
2730 1697 2825 1751 τοῦ
2867 1702 3140 1772 μακαρίου
3187 1703 3468 1756 Βασιλείου
3513 1705 3709 1758 ἐπισκό-

2162 1805 2265 1841 που
2315 1789 2631 1850 Σελευκείας
2668 1790 2812 1859 λόγοι
2843 1791 2920 1856 ιε’,
2951 1793 3165 1864 πρῶτος
3197 1796 3295 1865 μὲν
3328 1798 3410 1859 είς
3444 1797 3537 1850 τόδ
3576 1815 3595 1848 ι
3636 1798 3710 1850 Ἐν

2161 1881 2300 1952 ἀρχῇ
2349 1882 2601 1952 ἐποίησεν
2631 1885 2658 1936 ὁ
2687 1883 2817 1948 Θεὸς
2857 1886 2948 1938 τὸν
2977 1887 3204 1956 οὐρανὸν
3242 1890 3336 1941 καὶ
3366 1889 3464 1959 τὴν
3519 1888 3616 1958 γῆν
3641 1905 3654 1918 ο
3689 1908 3706 1940 ι

2161 1969 2278 2025 εἶτα
2300 1973 2380 2038 είς
2406 1973 2496 2028 τὸν
2539 1975 2758 2044 Ἰωσὴφ,
2787 1978 2866 2039 είς
2889 1976 2981 2029 τὸν
3025 1978 3218 2048 Ἀδὰμ,
3253 1981 3332 2042 είς
3363 1981 3456 2033 τὸν
3485 1981 3615 2034 Κάῐν
3636 1985 3714 2038 καὶ

2166 2065 2351 2130 Ἅϐελ,
2403 2067 2482 2129 είς
2528 2067 2618 2121 τὸν
2680 2067 2951 2139 Ἀϐραὰμ,
2987 2071 3066 2133 είς
3096 2071 3188 2123 τὸν
3217 2070 3478 2142 Μωῡσῆν,
3519 2075 3594 2137 είς
3636 2077 3714 2128 τὸν

2174 2155 2379 2222 Ἠλίαν,
2431 2158 2513 2221 είς
2541 2158 2632 2211 τὸν
2681 2158 2863 2212 Ἰωνᾶν
2898 2175 2912 2190 ⁶
2948 2159 3164 2223 ἒννατος
3192 2162 3271 2224 είς
3291 2162 3385 2214 τὸν
3410 2164 3720 2234 ἑκατοντάρ-

2161 2263 2283 2318 χην,
2311 2247 2532 2312 δέκατος
2564 2249 2642 2312 είς
2671 2249 2765 2302 τό*
2810 2269 2829 2302 ι
2865 2251 3160 2304 Συνέπλεον
3196 2252 3239 2282 ¹³
3283 2255 3330 2306 oi
3370 2254 3605 2324 μαθηταὶ
3651 2255 3720 2326 τῷ

2172 2339 2345 2411 Ἰησοῦ
2384 2359 2403 2392 ›
2447 2341 2542 2394 καὶ
2587 2340 2751 2412 ἑξῆςο
2785 2341 2910 2413 [577
2956 2344 3022 2398 Il.
3065 2343 3284 2415 19611.]
3335 2341 3459 2398 εἶτα
3516 2348 3593 2409 εἰς
3641 2348 3714 2410 τὺ,

2167 2451 2186 2484 ι
2216 2433 2378 2486 Δεῦτε
2412 2433 2454 2465 ³⁸
2488 2435 2621 2505 πρός
2659 2452 2748 2503 με,
2776 2436 2976 2499 πάντες
2998 2438 3045 2489 οἱ
3075 2439 3376 2501 κοπιῶντες
3410 2439 3505 2492 καὶ
3537 2456 3723 2508 πεφορ-

2161 2526 2401 2595 τισμένοι
2441 2544 2460 2578 ›
2498 2527 2592 2579 καὶ
2633 2526 2760 2598 ἑξῆς
2782 2543 2796 2558 ’
2833 2527 3070 2582 κᾶπειτα
3100 2531 3180 2588 είς
3208 2529 3299 2583 τὸν
3342 2530 3597 2598 Τελώνην
3645 2531 3730 2584 καὶ

2159 2619 2250 2674 τὸν
2273 2622 2583 2692 Φαρισαῖον,
2610 2623 2703 2676 καὶ
2745 2623 2822 2685 είς
2853 2623 2912 2676 τό
2933 2641 2946 2654 ·
2980 2643 2998 2676 ι
3033 2623 3167 2677 Εἰπὲ
3193 2626 3236 2656 ¹⁸
3268 2626 3358 2679 ἵνα
3405 2628 3455 2679 oi
3500 2626 3591 2679 δύο
3639 2642 3725 2695 μου

2166 2711 2276 2767 υἱοὶ
2327 2712 2642 2777 καθίσωσιν,
2693 2706 2772 2775 εἷς
2823 2714 2888 2765 ὲκ
2941 2709 3129 2778 δεξιῶν
3177 2731 3271 2767 σου
3327 2715 3372 2746 ¹⁶
3421 2715 3518 2767 καὶ
3559 2709 3637 2777 εἷς
3680 2712 3731 2776 ἑξ

2164 2801 2480 2870 εὐωνύμων,
2519 2821 2536 2853 ι
2567 2802 2662 2854 καὶ
2691 2804 2769 2864 εἰς
2793 2802 2880 2855 τό·
2913 2822 2932 2854 ι
2973 2803 3106 2855 Τίνα
3132 2803 3174 2834 ⁸⁷
3198 2820 3264 2873 με
3290 2803 3547 2872 λέγουσιν
3573 2805 3620 2856 οί
3647 2803 3731 2856 ἇν-

2164 2891 2371 2961 θρωποι
2432 2889 2572 2945 εἶναι
2620 2892 2712 2946 τὸν
2745 2891 2876 2945 Υίὸν
2908 2890 3001 2946 τοῦ
3047 2893 3379 2963 ἀνθρώπους
3451 2913 3475 2947 ι
3503 2891 3735 2945 ἑκκαιδέ-

2165 3001 2328 3047 κατος
2354 2985 2396 3016 ¹⁸
2443 2984 2502 3036 δὲ
2549 2985 2628 3047 εἰς
2652 2983 2744 3036 τό⁸
2783 3004 2801 3036 ι
2836 2985 2907 3037 Σὺ
2936 2981 2988 3038 εἶ
3033 2987 3062 3040 ὁ
3113 2986 3435 3057 ἐρχόμενος,
3475 2986 3511 3056 ἢ
3565 2985 3734 3051 ἓτερον

2093 3097 2137 3156 α
2172 3075 2560 3148 προσδοκῶμεν
2581 3093 2594 3143 ;
2631 3097 2650 3126 ο

2253 3165 2340 3218 Ἐν
2366 3164 2574 3229 τούτοις
2597 3159 2691 3219 οὗν
2719 3165 2884 3220 αὐτοῦ
2908 3167 3023 3230 τοῖς
3055 3166 3236 3235 λόγοις
3264 3167 3328 3220 τὸ
3363 3167 3469 3238 μὲν
3494 3165 3738 3236 τροπικὸν

2169 3257 2262 3309 καὶ
2291 3256 2488 3325 γοργὸν
2516 3257 2611 3310 καὶ
2639 3257 2870 3328 πάρισον
2897 3259 2964 3324 ι’,
2992 3257 3150 3323 εἴπερ
3171 3261 3300 3312 ποτὲ
3322 3277 3434 3312 τινι
3463 3260 3562 3312 καὶ
3589 3257 3740 3327 ἄλλῳ,

2169 3347 2316 3400 ἐστιν
2349 3348 2475 3400 ἰδεῖν
2526 3347 2674 3419 αὐτῴ
2703 3348 3225 3420 δημιουργούμενον,
3261 3350 3363 3402 καὶ
3391 3350 3457 3402 τὸ
3481 3349 3651 3418 σαφὲς
3691 3348 3741 3398 δὲ

2169 3441 2262 3493 καὶ
2290 3439 2384 3510 ἡδὺ
2407 3439 2677 3511 διατρὲχει
2714 3442 2758 3472 ²⁰
2788 3458 2802 3473 ο
2827 3440 2887 3494 τὸ
2913 3442 2969 3494 δὲ
2999 3441 3118 3496 λίαν
3149 3443 3461 3513 προσκορὲς
3501 3445 3601 3513 τῆς
3627 3455 3743 3510 τρο-

2169 3531 2279 3599 πῆς
2321 3531 2416 3583 καὶ
2446 3531 2554 3583 τῶν
2598 3533 2863 3603 γοργείων
2889 3535 2930 3564 ²¹
2957 3549 2972 3565 ο
3008 3532 3325 3602 σχημάτων,
3371 3531 3656 3602 μᾶλλονδὲ
3693 3529 3748 3581 τὸ

2175 3623 2395 3692 συνεχὲς
2419 3625 2513 3676 καὶ
2543 3622 2779 3693 ἄκρατον
2804 3625 2900 3677 καὶ
2929 3624 3296 3680 ἀδιάπαυστον
3321 3626 3410 3687 εἰς
3441 3625 3637 3694 ἀηδίαν
3663 3622 3748 3675 καὶ

2173 3713 2425 3782 διαϐολὴν
2483 3715 2573 3768 τὸν
2604 3715 2879 3788 ἀκροατὴν
2925 3716 3200 3789 διεγείρει,
3253 3717 3350 3769 καὶ
3397 3717 3575 3786 ψόγον
3625 3716 3753 3769 κινεί

2175 3805 2268 3858 τοῦ
2316 3807 2673 3876 συγγραφέως
2725 3808 2823 3861 οὐκ
2871 3807 3105 3880 ἔχοντος,
3135 3807 3211 3870 ὡς
3251 3807 3430 3874 ἔοικε,
3459 3808 3626 3878 τέχνῃ
3662 3805 3752 3873 τὴν

2175 3895 2334 3963 φύσιν
2395 3897 2656 3968 ρυθμίσαι
2704 3897 2797 3951 καὶ
2845 3899 3028 3953 κανόνι
3075 3900 3136 3952 τὸ
3184 3899 3434 3953 ἄτακτον
3490 3897 3752 3960 διατάξαι.

2177 3988 2490 4052 Πλεονάζων
2513 3989 2558 4041 δ’
2590 3991 2738 4058 ὅμως
2763 3992 2882 4053 ταῖς
2911 3993 3162 4060 τροπαῖς,
3204 3991 3299 4043 καὶ
3339 3990 3485 4043 αὐτὸ
3505 3990 3606 4058 τῆς
3642 4003 3754 4055 τρο-

2176 4079 2432 4147 πολογίας
2458 4080 2719 4149 πηγάζων
2745 4081 2806 4132 τὸ
2845 4075 3008 4145 εἶδος,
3035 4080 3161 4134 οὔτε
3194 4082 3274 4144 είς
3303 4082 3674 4152 ψυχολογίαν,
3713 4078 3759 4128 εἰ

2375 4209 2420 4240 ’⁸
2445 4210 2632 4263 Matth.
2664 4225 2782 4275 xvi,
2811 4209 2896 4264 l5.
2976 4212 3022 4245 ⁸⁸
3051 4212 3243 4269 Matth.
3273 4231 3359 4281 xr,
3394 4215 3455 4269 5.

1789 4341 2018 4397 VARl/E
2053 4344 2348 4402 LECTION
2357 4348 2458 4404 ES.

599 4445 618 4476 ’
647 4441 1114 4512 ἀναγινώσκουσιν
1151 4455 1210 4512 ς,

509 4532 622 4569 om.
652 4516 718 4566 A.
763 4505 775 4512 ’
796 4515 839 4546 ¹³
864 4508 1174 4574 συνέπλεον]
1197 4509 1328 4562 Luc.
1359 4524 1474 4570 vm,
1495 4506 1583 4561 25.
1607 4506 1700 4558 καὶ
1726 4508 1795 4558 τὰ
1815 4505 1939 4574 ἑξῆς
1963 4523 2022 4569 ς,
2099 4510 2143 4538 ιδ
2167 4505 2323 4562 δεῦτε

505 4587 549 4618 ¹⁸
574 4582 716 4654 εἰπὲ]
765 4583 952 4638 Matth.
985 4597 1079 4654 κζ,
1112 4575 1216 4654 21.⁸
1299 4579 1342 4654 ‘_‘
1371 4594 1464 4654 σου
1501 4575 1624 4654 add.
1670 4577 1736 4628 A.

506 4659 570 4709 A.
595 4653 680 4724 οὗ]
704 4651 894 4708 Matth.
921 4666 1000 4717 ιι,
1027 4651 1080 4705 5.

1307 4438 1350 4469 ¹⁰
1371 4437 1440 4490 τὰ
1483 4434 1903 4510 συῖγγρᾲμματαμ
1924 4435 2031 4488 τῶν
2062 4437 2270 4510 ἀνδρῶν
2304 4441 2399 4510 καὶ
2452 4443 2654 4510 συντάγ

1826 4574 1874 4647 "_
1889 4575 2038 4647 τίνα]
2071 4576 2259 4633 Matth.
2289 4574 2400 4639 xvi.
2427 4583 2515 4635 15.
2542 4579 2679 4636 εἶναι
2709 4574 2821 4639 otii.
2853 4588 2918 4640 A.

1177 4651 1219 4682 ιο
1250 4649 1346 4702 καὶ
1376 4648 1436 4699 τὸ
1462 4647 1692 4716 πάρισον
1722 4662 1783 4708 ς.
1859 4645 1906 4676 ²⁰
1935 4645 2215 4718 διατρέφει
2245 4667 2304 4714 ς.
2380 4652 2420 4682 ²¹
2449 4654 2688 4723 γοργίων
2714 4657 2780 4708 Δ.

2661 4462 2802 4514 ματα
2836 4465 2899 4511 ς.
2980 4446 3022 4478 ¹¹
3049 4462 3099 4500 ει
3130 4449 3221 4498 καί
3251 4449 3297 4498 A
3335 4463 3352 4498 :
3394 4447 3486 4507 είς
3517 4464 3581 4511 ς.
3664 4442 3762 4494 ¹²δ⁹

2329 4509 2346 4582 J
2409 4510 2598 4588 Matth:
2633 4509 2719 4579 ξι,
2775 4509 2865 4570 28.
2911 4517 3047 4588 πρὸς
3098 4533 3166 4584 με
3197 4526 3251 4569 et
3283 4515 3359 4588 5,;
3386 4517 3488 4588 τὸν
3531 4509 3654 4568 vom.
3706 4519 3762 4564 Α.

2997 4584 3040 4617 ³⁸
3067 4586 3592 4648 πεντεκαιδέκατος
3619 4599 3758 4640 corr.

1957 4758 2218 4815 aNOTA‘I.

578 4858 690 4925 (77)
718 4856 927 4924 Sequor
950 4856 1012 4908 τὸ
1039 4852 1394 4924 ἀνεγνωκόσι.

576 4922 688 4996 (78)
737 4922 991 4994 Praesagit
1043 4922 1257 4996 animus
1313 4922 1660 4996 (quiduenim
1721 4931 1866 4978 vetat
1929 4925 2068 4996 omi-

505 4992 623 5052 nari
643 4992 706 5064 ?')
743 4995 860 5048 fore
889 4992 946 5047 ut
972 5009 1072 5061 ope
1102 4992 1381 5046 Photiana:
1432 4992 1792 5064 Bibliotltecw,
1820 5009 1940 5061 quat
1985 4994 2066 5046 la-

505 5077 642 5133 tent,
670 5063 930 5120 eruantur
965 5079 1069 5117 non
1101 5077 1298 5132 pauca,
1331 5063 2071 5133 et_quemadmodum_nunc

505 5130 1860 5201 exiveruntAdrianus,Celasius,,Theophylaelus,
1887 5131 2071 5185 Simo-

504 5219 670 5270 catta,
695 5222 758 5261 ac
789 5205 1033 5274 quazdam
1067 5206 1229 5274 etiam
1264 5200 1481 5254 Diodori
1513 5200 1813 5274 Siculi,rsic
1855 5216 2071 5270 quoque

505 5294 629 5346 spes
673 5289 776 5340 est,
809 5272 1043 5346 ‘Stobari
1072 5272 1297 5334 Eclogas
1350 5284 1561 5346 omnes,
1587 5273 1779 5346 _capite
1829 5281 2069 5346 truncas,

506 5339 631 5402 alibi
665 5349 910 5406 vitiosas,
944 5345 1206 5404 turbatas,
1230 5339 1479 5398 mutilas.
1519 5340 1693 5407 primo
1743 5343 1974 5394 maxime
2003 5351 2058 5396 et

507 5417 746 5471 secundo
799 5416 958 5481 libro,
1015 5410 1334 5481 philosophi
1374 5407 1626 5481 alicujus
1660 5425 1821 5477 opera
1896 5419 2059 5478 atque

505 5486 760 5556 philologi
804 5486 854 5539 in
883 5479 1148 5556 integrum
1209 5479 1512 5556 restitutum
1567 5480 1655 5540 iri,
1709 5491 1765 5531 ut
1812 5482 2061 5556 apto_illo

508 5549 810 5622 colligentis
837 5549 1029 5608 ordine
1058 5549 1538 5622 servgtotmajore
1582 5564 1701 5622 cum
1759 5549 2064 5622 reipublicae

508 5618 796 5677 commodo
822 5631 1150 5692 appareant.
1185 5619 1252 5674 Et
1285 5618 1401 5683 tibi,
1460 5619 1601 5692 quod
1655 5619 1893 5692 (nimium
1951 5622 2064 5686 pri—

516 5708 684 5760 mum,
710 5687 1067 5752 oeconomiam
1102 5691 1380 5756 librorum,
1414 5702 1477 5743 ac
1519 5687 1851 5760 singulorum
1887 5692 2068 5760 cujus-

2103 4858 2149 4914 D
2176 4872 2281 4927 que
2309 4859 2544 4926 capitum
2575 4861 2792 4923 seriem,
2822 4869 2878 4914 et
2919 4872 3300 4930 argumentum
3344 4861 3596 4918 Photius
3622 4877 3776 4916 accu-

2176 4939 2292 5000 rate
2326 4930 2606 5000 designet:
2643 4930 2768 4983 dein
2808 4931 3139 4998 Augustanaa
3169 4932 3553 4987 bibliothecas
3593 4934 3765 5000 (Cujus

2177 4999 2342 5070 multa
2359 4999 2470 5070 jam
2496 5008 2710 5053 exstant
2737 5001 2788 5052 in
2820 5016 2934 5054 rem
2980 5001 3306 5055 litterariam
3343 4999 3659 5070 beneﬁcia)
3691 5017 3780 5055 co-

2174 5068 2276 5121 dex
2302 5068 2510 5122 calamo
2547 5078 2835 5142 exaratus,_
2875 5082 2933 5124 ut
2968 5081 3023 5125 et
3088 5081 3285 5125 nostra:
3341 5088 3540 5142 neque
3595 5068 3777 5140 panea.

2175 5139 2779 5209 nequecoutemneuda
2811 5138 3140 5208 fragmenta,
3175 5155 3298 5209 quae
3337 5155 3415 5194 ex
3445 5138 3615 5195 'Ant‘.
3665 5144 3774 5194 Au-

2175 5207 2370 5280 gustini
2510 5209 2571 5261 Ο.
2602 5207 2740 5280 libro
2796 5205 3207 5276 descripsimus,
3262 5227 3484 5280 magna
3548 5228 3683 5266 sane
3724 5212 3782 5261 ad

2179 5277 2250 5341 id,
2286 5277 2427 5343 quod
2486 5279 2845 5346 suggerimus,
2892 5280 3121 5333 all‘ereut
3193 5277 3571 5345 adjuuienta.
3634 5281 3782 5334 Nunc

2165 5349 2432 5420 quoniam
2449 5347 2501 5420 in
2532 5349 2708 5420 medio
2743 5351 2920 5420 palma
2944 5359 3060 5420 est,
3096 5350 3200 5403 huc
3225 5347 3462 5406 Graecae
3496 5367 3568 5406 ac
3600 5351 3774 5420 polita:

2167 5416 2524 5484 philosophiae
2549 5417 2821 5471 studiosos
2847 5419 3044 5472 invito.

2244 5485 2354 5555 (79)
2389 5485 2572 5553 Longe
2602 5486 2784 5555 plures
2810 5496 3028 5542 exstant
3061 5487 3218 5543 hodie
3267 5487 3496 5546 Graece
3536 5493 3592 5546 in
3656 5489 3786 5543 Ger-

2175 5556 2646 5626 maniaevulgata,
2678 5572 2815 5624 quas
2870 5573 3040 5626 nuper
3101 5557 3332 5616 Latinas
3409 5560 3560 5619 fecit
3612 5571 3786 5616 noster

2172 5625 2428 5683 Claudius
2461 5624 2816 5697 Dausqueius.
