3932 6240
226 326 329 389 493

1100 306 1629 383 BIBLIOTHECA;
1668 346 1738 358 —-
1772 312 1991 382 cono.
2048 318 2361 396 CLXVIII,
2395 323 2647 384 CLXIX.

3395 320 3502 393 4ῧί

228 442 304 512 μὴ
349 439 427 503 ὡς
449 439 500 470 ¹¹
534 439 840 509 ἐλάχιστον,
870 436 1185 507 ἐκφέρεται,
1218 435 1344 490 οὒτε
1399 434 1642 506 ἀσαφείᾳ
1685 451 1811 487 σκο-

1928 434 2032 488 Etsi
2067 443 2247 489 autem
2294 435 2464 504 tropis
2519 437 2625 491 hoc
2662 437 2824 491 modo
2872 438 3152 505 abundet,
3203 437 3501 511 ipsumque

224 534 363 597 τίζει
399 530 464 584 τὸ
501 531 708 601 νόημα,
760 528 898 584 ἀλλὰ
951 532 1016 600 τῇ
1052 528 1351 600 βραχύτητι
1388 528 1436 559 ’³
1470 527 1581 579 τῶν
1624 525 1814 579 κώλων

223 627 321 679 καὶ
355 623 466 676 τῶν
495 623 765 694 περιόδων
795 622 890 677 καὶ
1027 622 1264 694 ὲμφάσει
1311 620 1422 674 τῶν
1475 620 1674 686 λέξεων
1714 621 1815 688 τῆς

222 714 593 786 τροπολογίας
630 716 1001 787 περιαιρεῖται
1037 713 1100 767 τὸ
1128 710 1458 784 δύσληπτον.
1508 710 1663 763 Ἀλλ’
1693 705 1808 772 οὖν,

223 806 367 879 ὅπερ
396 805 559 878 ἔφην,
580 808 609 860 6
633 806 797 879 κόρος
821 808 921 876 τὴν
946 804 1109 878 χάριν
1131 803 1417 876 ἀμϐλύνει,
1437 802 1529 858 καὶ
1552 802 1613 855 τὸ
1638 800 1809 872 ἄκρα-

223 915 318 952 τον
337 900 439 969 τῆς
466 898 681 970 τροπῆς
698 898 828 963 τοὺς
859 898 1061 970 νόμους
1081 898 1181 968 τῆς
1218 896 1415 968 τέχνης
1438 896 1538 949 οὐκ
1566 895 1632 966 ἐᾷ
1661 894 1810 965 παῤ-

227 990 623 1061 ρησιάσασθαι.

1921 523 2058 578 adeo
2107 524 2502 595 trdpologicum
2536 525 2752 581 dicendi
2789 541 2960 597 genus
2996 529 3165 583 fontis
3200 529 3256 583 in
3290 542 3498 585 morem

1920 609 2181 683 eﬂ'undat,
2215 621 2495 688 nunquam
2523 627 2706 674 tamen
2736 619 2860 674 ideo
2890 621 2973 676 vel
3008 622 3062 674 in
3094 621 3352 690 frigidum
3377 638 3499 679 scr.

1921 722 2160 775 monem,
2190 709 2292 764 nisi
2329 723 2557 778 perraro
2591 710 2886 778 delabitur,
2913 711 2999 765 vel
3024 712 3363 768 obscuritate
3394 714 3500 767 ali-‘

1918 815 2026 869 qna
2051 816 2273 855 sensum
2301 802 2590 856 obumbrat
2622 821 2635 856 :
2674 803 2769 856 sed
2795 803 2839 856 si
2875 803 3003 867 quid
3038 804 3109 858 ob
3135 803 3497 873 tropologiam

1919 893 2150 963 intelligi
2179 894 2357 948 minus
2380 894 2668 949 commode
2700 900 2931 965 poterat,
2968 896 3021 949 id
3048 911 3171 951 cum
3191 896 3496 951 accelerata‘

1918 984 2161 1039 membra
2217 992 2379 1053 atque
2430 985 2674 1054 periodi,
2727 996 2840 1041 tum
2909 988 3210 1043 dictionum
3259 993 3497 1061 ipsarum

225 1080 591 1151 significantia
645 1080 805 1137 facile
850 1079 1009 1135 tollit.
1064 1078 1357 1146 Caeterum,
1403 1082 1463 1133 ut
1510 1077 1622 1149 jam
1670 1077 1806 1142 dixi,
1847 1077 2071 1131 satietas
2134 1077 2365 1147 gratiam
2443 1086 2658 1132 omnem
2705 1079 2947 1145 hebetat,
3001 1091 3057 1135 et
3101 1090 3360 1153 purorum
3405 1084 3499 1137 illa

234 1182 518 1240 troporum
552 1173 827 1229 afﬂuentia
863 1174 1080 1229 artificii
1111 1174 1320 1241 legibus
1352 1172 1551 1227 nullam
1599 1172 1813 1226 dicendi
1856 1169 2161 1225 libertatem
2194 1170 2465 1227 concedit.

300 1267 493 1321 Ἐοικε
529 1266 588 1320 δὲ
614 1262 767 1331 οὗτος
796 1268 996 1337 μᾶλλον
1026 1263 1225 1342 εἷναιῆ
1261 1270 1289 1322 ό
1323 1268 1660 1339 Καισαρείας
1710 1266 1806 1339 μέ-

226 1375 336 1425 γας
398 1358 697 1424 Βασίλειος,
764 1362 794 1413 ὁ
839 1359 917 1431 τῷ
970 1358 1423 1432 τρισμακαρίστῳ
1457 1360 1677 1433 Ἰωάννῃ
1732 1360 1810 1431 τῷ

227 1452 604 1521 Χρυσοστόμῳ
634 1452 786 1522 φίλος
805 1452 1045 1521 γεγονὼς
1077 1455 1174 1507 καὶ
1206 1454 1538 1525 ὁμωρόφιος,
1575 1455 1714 1527 πρὸς
1751 1455 1811 1508 ὃν

229 1542 331 1596 καὶ
353 1545 383 1596 6
414 1545 544 1615 περὶ
572 1544 620 1575 ³⁸
666 1544 967 1616 ἱερωσύνης
1011 1545 1166 1613 λόγος
1201 1546 1559 1599 συντέτακται
1587 1561 1601 1575 °
1643 1544 1813 1599 πολλὰ

226 1635 343 1705 γὰρ
378 1637 501 1705 ἴχνη
528 1634 636 1687 τῶν
665 1635 876 1688 ἐκείνου
906 1636 1002 1688 καὶ
1044 1635 1222 1706 λόγων
1260 1638 1306 1669 ’⁸
1358 1637 1452 1691 καὶ
1502 1638 1809 1708 νοημάτων,

1996 1262 2095 1318 Hic
2121 1273 2301 1317 autem
2334 1264 2513 1334 potius
2536 1264 2789 1332 Basilius,
2823 1282 2984 1338 quam
3013 1251 3238 1339 Magnus
3271 1271 3361 1326 ille
3380 1271 3501 1326 Ca:-

1922 1360 2090 1413 sareae
2114 1357 2400 1426 episcopus
2429 1358 2561 1429 (79),
2584 1359 2798 1415 videtur
2818 1361 3499 1434 beatiSsimiChrysostoml

1922 1448 2134 1502 amicus
2160 1446 2270 1512 ille,
2299 1459 2353 1501 et
2388 1450 2795 1506 contubernalis
2822 1451 3014 1518 fuisse,
3050 1455 3114 1507 ad
3140 1469 3299 1521 quem
3328 1456 3492 1509 etiam

1922 1539 2121 1593 librum
2166 1539 2238 1595 De
2268 1542 2572 1596 sacerdotio
2601 1545 2861 1613 scriptum
2895 1546 3127 1600 miserit.
3156 1542 3318 1600 Multa
3349 1548 3497 1603 enim

1920 1631 1975 1685 in
2006 1631 2165 1700 hujus
2195 1630 2381 1687 Basilii
2429 1633 2771 1690 orationibus
2804 1636 3029 1706 vestigia
3068 1646 3332 1706 apparent
3371 1652 3499 1691 ora-

225 1729 326 1779 καὶ
379 1727 617 1796 μάλιστα
672 1727 785 1780 τῶν
829 1729 969 1782 κατὰ
992 1727 1092 1800 τὴν
1123 1728 1273 1784 θείαν
1306 1728 1551 1802 Γραφὴν,
1601 1733 1660 1783 ὲν
1706 1716 1818 1792 “rei;

1928 1723 2128 1779 tionttm
2168 1732 2234 1780 ac
2278 1740 2535 1781 sensuum
2579 1724 2725 1782 illius
2765 1727 2902 1798 (80),
2943 1741 3130 1782 eorum
3165 1731 3495 1798 praesertim,

225 1815 327 1869 τοῦ
375 1815 663 1870 Βασιλείου
694 1817 874 1887 λόγοις
904 1820 1274 1889 ἐπιφαίνεται,
1322 1821 1400 1883 ὡς
1453 1820 1520 1874 ἂν
1563 1820 1672 1873 ἀπὸ
1714 1822 1815 1890 τῆς

227 1908 408 1977 αὐτῆς
443 1909 633 1979 πηγῆς
663 1909 773 1964 τῶν
807 1911 1150 1982 μαθημάτων
1180 1912 1543 1983 άρυσαμένων
1569 1910 1616 1943 ’⁸
1649 1913 1816 1983 ἄμφω

226 2000 298 2053 τὰ
334 1999 643 2071 πρόσφορα.
678 2000 792 2054 Καὶ
828 2002 929 2071 τῆς
953 2002 1165 2072 τροπῆς
1206 2003 1263 2056 δὲ
1315 2004 1350 2074 ή
1396 2002 1517 2056 κατ’
1576 2002 1814 2073 ἔμφασιν

227 2092 327 2145 καὶ
370 2092 648 2145 οἰκείωσιν
682 2092 1057 2165 μεταχείρισις
1089 2094 1189 2164 τῆς
1245 2095 1495 2149 Ἰωάννου
1527 2096 1814 2158 συνουσίας

228 2183 329 2236 κά).
360 2181 827 2251 συναναγνώσεως
854 2185 955 2238 οὐκ
982 2184 1265 2256 ἐλάχιστον
1314 2187 1551 2258 ὑπάρχει
1603 2190 1813 2258 τεκμή-

231 2290 355 2347 ριον
379 2290 395 2304 ·
420 2277 690 2347 κέχρηται
712 2275 822 2347 γὰρ
849 2276 1024 2351 ταύτῃ
1051 2279 1146 2331 καὶ
1172 2279 1200 2331 6
1238 2277 1380 2343 θεῖος
1410 2281 1617 2344 ἐκεῖνος
1650 2280 1811 2351 ἀνὴρ,

228 2368 406 2422 εἶκαὶ
437 2368 753 2441 κεκραμένη
798 2369 895 2422 καὶ
925 2368 1048 2423 λίαν
1093 2370 1417 2443 ἐπικαίρως,
1442 2374 1538 2427 καὶ
1575 2376 1641 2445 τῇ
1674 2376 1812 2445 ἁφε·

227 2460 353 2531 λείᾳ
380 2460 477 2513 τὸν
508 2460 719 2514 ἐκεῖθεν
752 2461 917 2528 ὄγκον
957 2463 1153 2533 μιγνύς
1180 2463 1227 2495 ’⁷
1258 2480 1319 2517 τε
1360 2465 1454 2518 καὶ
1498 2465 1815 2521 διαλεαίνων

228 2544 475 2621 εὖφυῶς,
518 2552 612 2606 καὶ
651 2552 743 2605 τὸν
785 2552 907 2606 ὅλον
935 2553 1094 2624 λόγον
1116 2555 1397 2611 πολιτικοῦ
1435 2557 1594 2627 λόγου
1629 2560 1816 2616 εἰκόνα

228 2644 560 2716 ποιούμενος
579 2646 647 2700 ³³.

305 2736 550 2791 Ἔστιδὲ
589 2738 869 2804 Βασίλειος
892 2732 1048 2805 οὗτος
1075 2742 1104 2795 6
1154 2745 1251 2796 καὶ¹
1309 2742 1528 2815 μέτροις
1577 2745 1815 2810 ἐντείνας

226 2827 300 2883 τά
326 2830 432 2899 τῆς
463 2830 935 2903 πρωτομάρτυρος
980 2833 1193 2909 Θέκλης
1232 2833 1371 2907 ἔργα
1407 2837 1503 2889 καὶ
1542 2831 1680 2891 ἆθλα
1721 2838 1816 2891 καὶ

228 2922 535 2993 νικητήρια
562 2937 577 2951 ⁸
619 2922 713 2976 καὶ
758 2908 894 2978 ἄλλα
943 2925 1003 2978 δὲ
1047 2924 1214 2979 αὐτοῦ
1273 2928 1686 2999 συγγράμματα
1716 2930 1816 2998 φέ-

231 3029 424 3087 ρονται
465 3014 536 3071 ³⁸.

958 3109 1126 3165 ΡΞΘΚ

234 3197 354 3273 Τοζι
393 3199 467 3253 ἐν
511 3199 704 3273 ἁγίοις
749 3201 1055 3273 Κυρίλλου
1112 3205 1275 3257 Κατὰ
1320 3204 1440 3257 τῶν
1491 3206 1819 3273 Νεάτοριου

300 3268 669 3350 δυσςςοημιιῖξν
695 3268 863 3350 τόμοι
890 3277 955 3350 ε’,
1010 3272 1355 3350 Ἐπιστραψὶ
1406 3274 1507 3327 καὶ
1557 3268 1819 3350 ξχόξζιον

298 3334 446 3408 περί
465 3334 576 3408 τῆς
600 3334 1109 3410 ἐγανῠρωεὲήσεως
1135 3342 1244 3397 τοῦ
1271 3334 1674 3414 Mor-07870176.

309 3431 766 3502 ’Δνεγνὼσθησαν
804 3431 895 3485 τοῦ
938 3434 998 3486 ὲν
1031 3434 1207 3503 ἁγίοις
1246 3436 1510 3507 Κυρίλλου
1537 3437 1677 3490 κατὰ
1709 3437 1818 3491 τῶν

217 3524 535 3596 Νεστορίου
584 3523 908 3596 δυσφημιῶν
964 3526 1122 3596 τόμοι
1170 3523 1234 3592 ε’,
1275 3523 1351 3581 ὧν
1389 3531 1417 3582 6
1461 3529 1561 3599 μὲν
1600 3527 1817 3598 πρῶτος

217 3620 534 3690 ἀνατρέπει
563 3621 663 3691 τῆς
685 3618 983 3690 Νεπορίου
1004 3619 1353 3692 βλασφημίας
1372 3621 1643 3689 κεφάλαια
1662 3621 1814 3685 δέκα,

215 3712 251 3764 6
274 3711 340 3765 δὲ
373 3710 629 3782 δεύτερος
661 3711 926 3781 κεφάλαια
977 3712 1064 3777 ιδ’,
1105 3713 1135 3765 6
1161 3712 1219 3766 δὲ
1250 3713 1433 3785 τρίτος
1476 3722 1550 3779 ς’,
1583 3715 1612 3767 6
1639 3714 1696 3791 δὲ
1724 3713 1816 3791 τέέ

217 3820 430 3876 ταρτος
476 3802 545 3869 ζ’,
589 3806 618 3857 ὁ
652 3803 710 3857 δὲ
741 3804 993 3875 πέμπτος
1030 3804 1129 3859 κοιλ⁵
1157 3804 1320 3869 αὐτὸς
1358 3805 1424 3869 ζ’.
1465 3792 1620 3859 Ἐστι
1645 3790 1702 3859 δὲ
1754 3790 1816 3859 τδ

217 3897 328 3966 τῆς
358 3895 662 3966 ἑρμηνείας
685 3894 833 3965 αὐτῷ
862 3893 1002 3959 εἶδος
1036 3883 1179 3950 κατὰ
1200 3896 1297 3967 τὴν
1322 3895 1629 3960 ἰδιάζουσαν
1650 3897 1813 3950 αὑτοῦ

216 3988 339 4041 τῶν
365 3988 544 4056 λόγων
579 3987 724 4042 ἰδέαν
756 3989 1283 4059 ὲκμεμορφωμένον.
1322 3989 1492 4060 βραχὺ
1517 3976 1574 4043 δέ
1601 4007 1653 4043 τι
1677 3988 1815 4060 πρὸς

216 4080 285 4134 τὸ
317 4080 708 4152 ταπεινότερον
738 4078 1185 4152 ὑπενηνεγμένον
1215 4070 1279 4134 δά.

292 4253 430 4325 [380
455 4252 552 4326 R.]
591 4254 1004 4326 Ἐμπεριείχετο
1034 4256 1090 4311 δὲ
1130 4258 1197 4328 τῇ
1240 4256 1408 4327 βίϐλῳ
1434 4260 1528 4310 καὶ
1552 4257 1688 4328 πρὸς
1711 4243 1811 4312 αὖ·-

214 4347 317 4400 τδν
344 4347 650 4416 Νεστόριον
697 4347 983 4418 ἐπιστολὴ,
1039 4345 1393 4419 ἐπιχειροῦσα
1433 4347 1595 4418 δῆθεν
1648 4335 1811 4401 αὑτὸν

218 4438 585 4507 μεταπείθειν
641 4440 738 4492 καὶ
782 4437 1007 4508 φιλικῶς
1068 4437 1434 4510 διορθοῦσθαι.
1502 4439 1661 4494 Ἀλλὰ
1716 4441 1810 4494 καὶ

213 4522 529 4599 Νεστορὶου
564 4530 702 4601 πρὸς
742 4531 1009 4601 Κύριλλον
1059 4529 1184 4603 [197
1218 4529 1311 4603 Η.]
1356 4531 1710 4602 ἀντίγραφον,
1743 4532 1811 4585 τὰ

216 4624 286 4676 ὲν
308 4625 375 4693 τῇ
403 4618 671 4695 ἐπιστολῇ
704 4622 976 4692 κεφάλαια
1016 4623 1367 4694 ὲμφερόμενα
1404 4622 1724 4694 ποιούμενον
1756 4626 1813 4677 ὲν

1917 1817 2114 1885 quibus
2149 1832 2363 1873 sacram
2403 1820 2660 1888 etplanat
2707 1819 3048 1891 Scripturam
3083 1838 3099 1889 ;
3162 1832 3220 1875 ut
3264 1825 3497 1890 uterque

1918 1910 2019 1964 sibi
2059 1904 2214 1964 utilia
2265 1924 2332 1964 ex
2383 1910 2576 1966 eodem
2625 1910 2777 1968 fonte
2824 1912 3073 1968 hausisse
3114 1913 3382 1968 videatur.
3431 1912 3499 1967 Et

1918 2016 2050 2056 vero
2087 2002 2385 2072 ﬁgurarum
2417 2003 2509 2059 ille
2533 2019 2653 2058 cum
2678 2003 3043 2074 significantia
3071 2016 3182 2060 tum
3215 2007 3499 2061 familiaris

1918 2094 2073 2157 usus,
2112 2108 2465 2165 permagnum
2495 2104 2583 2150 est
2615 2096 2907 2167 singularis
2960 2112 3085 2153 cum
3115 2096 3328 2155 Joanne
3374 2114 3500 2154 con-

1916 2184 2244 2251 suetudinis,
2288 2185 2665 2255 lectarumque
2715 2187 2978 2240 librorum
3033 2186 3155 2255 ejus
3202 2199 3496 2257 argumen;

1920 2283 2053 2329 tum.
2087 2273 2275 2330 Utitur
2307 2276 2453 2330 enim
2490 2275 2684 2331 iisdem
2734 2287 2789 2331 et
2819 2276 3035 2342 divinus
3080 2278 3169 2332 ille
3204 2278 3312 2341 vir,
3366 2277 3498 2333 licet

1917 2368 2197 2424 moderate
2229 2378 2285 2424 et
2312 2372 2639 2440 Opportune.
2693 2380 2856 2439 atque
2884 2371 2980 2434 ita,
3022 2378 3162 2425 utet
3204 2379 3494 2429 tumorem.

1917 2459 2009 2527 qui
2044 2474 2111 2514 ex
2137 2456 2244 2516 illis
2268 2461 2530 2527 nascitur,
2568 2461 2920 2530 simplicitate
2953 2458 3218 2529 temperet
3249 2463 3498 2530 ingenio-

1917 2556 2088 2621 seque
2114 2551 2343 2620 molliat,
2370 2560 2427 2609 e‘t
2455 2554 2761 2607 orationem
2792 2568 2945 2607 suam
2983 2554 3294 2608 universam
3340 2554 3493 2609 civili

1916 2643 2154 2699 sermoni
2179 2644 2508 2712 persimilem
2534 2642 2751 2699 eﬂiciat.

1994 2737 2187 2808 116b
2247 2737 2391 2792 Idem
2446 2753 2578 2793 vero
2630 2739 2718 2793 hic
2780 2728 3015 2794 Basilius
3064 2739 3155 2794 ille
3213 2747 3345 2805 est,
3401 2740 3494 2809 qui

1917 2828 2108 2899 primae
2138 2831 2397 2901 martyris
2431 2829 2651 2886 Thecla
2674 2831 2936 2901 praaclare
2956 2841 3106 2902 gesta
3128 2826 3265 2902 (81),
3293 2827 3348 2886 et
3375 2843 3499 2886 cer-‘-

1919 2918 2145 2985 tamina,
2192 2927 2355 2990 atque
2393 2922 2653 2978 victorias
2681 2925 2869 2991 mc'ris
2901 2925 3247 2993 persequitur
3289 2943 3304 2979 :
3341 2924 3498 2995 cujus

1920 3009 2052 3066 item
2085 3011 2196 3066 alia
2229 3012 2433 3083 scripta
2472 3011 2698 3085 [printer
2733 3012 2863 3086 ista]
2897 3014 3384 3072 circumferuntur.

2577 3105 2816 3161 CLXIX.

1918 3195 2072 3268 Beati
2115 3195 2307 3268 Cyrilli
2341 3195 2539 3252 Contra
2584 3196 2824 3268 {Vestorii
2861 3199 3215 3268 blasphemia:
3266 3202 3387 3255 libri
3438 3218 3496 3257 γε

1988 3265 2247 3349 Epist.on
2287 3270 2470 3332 varia,
2503 3277 2551 3322 et
2580 3266 2829 3323 Scholion
2859 3270 2926 3323 de
2946 3265 3312 3325 incarnatione
3352 3270 3492 3326 Uni-

1989 3349 2171 3408 genui.

1985 3428 2137 3483 Lecti
2177 3424 2302 3484 sunt
2332 3431 2505 3485 sancti
2534 3430 2721 3501 Cyrilli
2754 3432 3014 3486 Adversus
3064 3416 3302 3487 Nestorii
3347 3430 3491 3487 blas-

1916 3519 2153 3587 phcmt'as
2181 3520 2302 3575 libri
2328 3521 2586 3592 quinque,
2617 3537 2847 3592 quorum
2877 3518 3085 3595 primus
3135 3524 3354 3593 quidem
3400 3541 3493 3579 ca~

1917 3611 2247 3667 lumniarum
2312 3613 2544 3669 Nestorii
2598 3615 2781 3685 capita
2835 3616 3020 3671 decem
3068 3615 3286 3672 refellit.
3336 3612 3491 3672 Alter

1917 3707 2112 3764 deinde
2160 3709 2591 3777 quatuordecim.
2656 3697 2873 3765 Tertius
2914 3726 3043 3766 vero
3091 3727 3208 3767 scx.
3252 3711 3498 3779 Quartus

1918 3801 2151 3869 denique
2177 3815 2242 3854 ac
2263 3801 2487 3870 quintus
2518 3800 2714 3870 singuli
2738 3813 2967 3872 septem.
2990 3803 3360 3860 Elocutionem
3386 3821 3486 3859 au-

1918 3899 2026 3946 tem
2065 3893 2236 3961 ipsam
2272 3892 2362 3947 hic
2392 3887 2459 3946 ad
2489 3877 2820 3963 peculiarem
2854 3895 3005 3949 illum
3030 3912 3208 3965 suum,
3240 3911 3402 3968 quem
3436 3900 3489 3952 in

1915 3982 2259 4040 orationibus
2296 3985 2566 4053 sequitur,
2618 3987 2828 4041 dicendi
2885 3990 3100 4043 modum
3150 3991 3223 4044 ita
3276 3978 3493 4046 confor-

1917 4075 2106 4142 mavit,
2135 4062 2413 4145 paululum
2437 4087 2496 4131 ut
2523 4079 2700 4147 magis
2734 4080 2801 4135 ad
2830 4062 3037 4136 humile
3068 4081 3282 4136 dicendi
3317 4063 3497 4152 genus
3588 4130 3593 4133 .

1917 4166 2121 4220 tendat.

1988 4244 2119 4314 Erat
2147 4260 2204 4315 in
2237 4262 2427 4317 eodem
2462 4262 2735 4320 volumine
2763 4265 2828 4318 ad
2850 4265 3025 4334 ipsum
3055 4279 3272 4335 quoque
3298 4261 3493 4320 Nesto-

1921 4350 2060 4405 rium
2096 4352 2350 4422 epistola,
2375 4370 2481 4424 qua
2506 4356 2557 4409 iu
2590 4356 2731 4410 viam
2762 4355 2909 4409 illum
2942 4358 3218 4423 reducere,
3238 4366 3294 4411 et
3315 4357 3493 4410 amice

1917 4442 2193 4519 corrigere
2228 4445 2442 4499 nititur.
2470 4437 2609 4510 Quin
2639 4457 2696 4501 et
2722 4446 2958 4502 Nestorii
2990 4450 3056 4501 ad
3099 4448 3356 4517 Cyrillum
3398 4463 3492 4502 re-

1918 4537 2283 4606 spousio,qua
2318 4540 2496 4608 capita
2531 4538 2647 4605 illa,
2671 4554 2794 4610 qua:
2830 4554 2927 4593 sua
2958 4541 3045 4595 hic
3082 4540 3309 4609 epistola
3337 4554 3492 4595 come

1921 4626 2114 4696 plexus
2157 4627 2363 4693 fuerat,
2415 4629 2726 4684 damnanda
2755 4645 2878 4684 esse
2900 4640 3104 4686 censet.
3128 4632 3315 4685 Altera
3361 4630 3493 4684 item

1508 4755 1735 4811 νΑΡιυΕ
1772 4756 2174 4816 LECTIONES.

292 4883 342 4915 ”
377 4881 455 4944 ὡς
479 4880 527 4934 Α
551 4895 571 4934 :
596 4883 676 4942 εἰς
703 4899 764 4946 ς.
863 4877 911 4908 ’³
940 4876 1239 4947 τραχύτητι
1271 4892 1334 4939 ς’.

215 4953 377 5024 μένω
406 4970 470 5016 ς,
570 4950 620 5024 τ’
655 4944 850 5024 μιγνρς
873 4944 1189 5024 tanaim
1213 4944 1501 5014 μιγνύεται
1530 4963 1590 5009 ς.

212 5015 679 5093 ἆπενηνεγμένον
703 5015 816 5074 .ήοί.
840 5034 895 5088 p.
928 5018 1030 5073 119
1058 5033 1093 5071 a
1123 5015 1213 5070 28.

1444 4875 1541 4929 “6
1600 4876 1733 4951 περί
1766 4875 1813 4929 Α
1847 4877 2227 4951 επερίτῆςᾷς.

1689 4946 1735 4977 ³⁸
1768 4946 2103 5020 ποιούμενος
2133 4949 2295 5018 λόγου
2327 4951 2515 5004 εἰκόνα
2549 4967 2610 5014 ς.

2341 4881 2386 4912 ’⁸
2417 4879 2512 4931 καὶ
2537 4887 2664 4935 ante
2686 4879 2859 4947 λόγων
2890 4880 3010 4935 add.
3041 4879 3108 4934 Α.

3209 4878 3255 4916 ’⁸
3284 4881 3490 4952 ἀρυσα-

2725 4952 2771 4983 π
2797 4951 3023 5022 φέρεται
3063 4956 3123 5017 ς.

3218 4952 3266 4984 ³⁸
3305 4953 3490 5014 malim

1728 5129 1965 5186 ΝΟΤᾹΞ.

302 5232 417 5302 (79)
450 5230 607 5299 Quod
625 5228 838 5302 putavit
864 5228 1062 5302 Georg.
1084 5227 1350 5302 Ajexand.
1383 5226 1506 5302 cod.
1531 5224 1601 5279 96
1620 5241 1686 5279 ex
1713 5224 1813 5278 So-

208 5297 369 5363 «ει-ἐι.
399 5297 501 5356 ’ἰίἰῖ⁸
537 5297 773 5368 τιζαψ.
801 5300 858 5363 5,
879 5309 935 5354 et
960 5300 1068 5353 alii.
1102 5300 1236 5353 Cum
1267 5297 1464 5351 Photio
1492 5307 1670 5351 tamen
1692 5311 1813 5349 sen~

214 5380 296 5430 tit
324 5374 526 5429 Snidas
575 5370 790 5425 calamo
832 5380 1085 5423 exaratus
1111 5369 1463 5422 Bibliotheca
1493 5374 1691 5421 nostra:
1722 5381 1813 5419 so-

208 5448 361 5517 ciet.
391 5447 664 5517 Antuerp.
685 5441 884 5517 verum
903 5441 1210 5517 ⁸[ξκξίιποηι.
1233 5439 1382 5492 card.
1415 5446 1454 5492 t.
1496 5436 1581 5517 lv.
1610 5433 1806 5517 Anna-1.

210 5516 385 5574 Eccl.
415 5515 485 5568 ad
525 5506 660 5567 ann.
709 5511 914 5566 Christi
942 5510 1049 5565 582
1076 5509 1297 5563 tertium
1330 5510 1620 5576 quemdam
1651 5506 1807 5559 Basi-

210 5588 367 5641 liuni
405 5586 622 5654 quzerit.
648 5582 784 5654 Vide
817 5596 937 5654 qua:
964 5580 1174 5654 notavit
1202 5588 1388 5633 noster
1411 5577 1810 5654 Clalld.nD:ll_lS-

211 5646 439 5726 ιιιιείηέ
456 5655 525 5726 ad
555 5653 699 5709 beati
738 5646 924 5705 Basilii
968 5648 1180 5705 Selene.
1231 5662 1369 5718 quas
1395 5649 1551 5702 vertit
1592 5646 1809 5701 Oratio-

207 5725 355 5786 nes.
394 5725 571 5778 initio.

297 5785 419 5869 (80)
444 5793 814 5862 Quamobrem
841 5792 1137 5849 etiamnum
1165 5789 1324 5846 hodie
1350 5785 1636 5845 Orationes
1659 5804 1806 5860 qua:-

1919 5226 2041 5278 dam
2084 5225 2392 5294 promiscue
2438 5223 2654 5294 utrique
2696 5224 3028 5292 tribuuntur,
3080 5235 3140 5280 ut
3181 5223 3252 5281 59
3281 5241 3345 5280 ac
3378 5236 3489 5285 tres

1919 5309 2072 5363 seqq.
2107 5299 2160 5351 in
2196 5296 2348 5350 libris
2379 5294 2564 5350 editis.

1990 5366 2109 5437 (81)
2148 5366 2332 5421 Estin
2365 5364 2719 5437 Bibliothecis
2749 5366 2864 5420 haec
2904 5365 3024 5419 Vita
3063 5365 3251 5421 Graece
3291 5366 3489 5420 Basilio

1919 5435 2201 5503 inscripta,
2244 5439 2342 5505 sed
2374 5435 2550 5505 soluta
2587 5437 2833 5505 oratione
2869 5448 2974 5505 non
3009 5446 3181 5493 metro
3214 5444 3489 5505 aedelqlle

1920 5508 1972 5561 in
2022 5508 2194 5561 lucem
2239 5503 2389 5560 Petr.
2420 5504 2685 5561 Paulinus
2710 5503 2775 5559 ν.
2806 5506 2883 5559 Cl.
2931 5503 3097 5557 Porro
3134 5505 3196 5561 Β.
3231 5503 3487 5561 Theclant

1916 5578 2169 5643 templum
2199 5577 2455 5632 habuisse
2506 5578 2719 5631 celebre
2760 5575 3048 5643 admodum
3080 5575 3345 5630 Seleuciae
3407 5586 3488 5631 te-

1915 5642 2090 5718 statur
2130 5648 2318 5702 beatus
2342 5646 2581 5718 Gregor-
2602 5645 2735 5718 Naz.
2768 5646 2823 5701 in
2860 5642 3039 5699 Carm.
3068 5646 3132 5699 de
3153 5646 3259 5701 vita
3288 5664 3389 5702 sua
3431 5657 3488 5703 et

1915 5716 2207 5787 Ncepltor.
2241 5718 2335 5773 lib.
2372 5715 2482 5786 xvf,
2509 5733 2627 5786 cap.
2662 5715 2716 5770 8.
