3932 6240
465 273 572 339 495

1619 261 1849 323 ΡΗΟΤΙ
1857 262 1884 320 Ι
1910 261 2038 320 PA']

2148 256 2417 319 ARCIIrE
2448 261 2558 321 (ΣΡ.
3580 267 3666 333 496

467 386 653 461 Cyrilli
717 384 945 453 epistola
1000 380 1115 455 [ibi
1170 340 1488 447 legebatur]
1550 391 1616 431 ex
1675 371 2038 429 Alexandrina

2147 371 2419 435 εὐθύναις.
2452 374 2562 426 Καὶ
2592 372 2657 444 δὴ
2682 371 2842 444 ἑτέρα
2879 370 3138 443 ἐπιστολὴ
3169 372 3456 443 Κυρίλλου,
3492 375 3559 441 ὡς
3579 382 3668 437 ἀπὸ

468 479 677 554 synodo
702 478 769 533 ad
799 476 1111 532 Nestorium
1138 473 1324 537 missa,
1343 483 1463 539 qua:
1484 467 1763 523 duodecim
1791 481 1913 521 eum
1944 481 2037 521 ca-

467 577 640 643 pitum
672 582 892 626 errores
940 566 1195 633 abiurare
1221 561 1466 632 iubebat.
1508 558 1689 613 Tertia
1720 571 1935 626 quoque
1969 557 2035 611 ad

467 646 743 720 valerium
794 661 1102 730 episcopum
1136 655 1399 709 adversus
1441 650 1776 713 Nestorium,
1812 650 2038 719 ejusque

467 759 738 825 dogmata.
780 751 912 806 Item
978 750 1042 804 ad
1093 747 1352 803 Acacium
1401 743 1658 800 Melitinm
1721 742 2036 811 episcopum

466 846 767 915 dogmatica
813 840 1080 911 epistola,
1149 838 1234 892 vel
1283 836 1533 906 apologia
1585 833 1763 905 potius
1820 831 2038 887 unionis

466 946 632 1006 atque
660 934 965 990 concordiae
984 948 1105 986 cum
1136 930 1342 988 Joanne
1360 928 1662 983 Antiochia;
1681 923 1988 996 patriarcha
2019 937 2034 977 :

466 1029 692 1096 aliaeque
724 1025 889 1080 varia:
928 1024 1167 1092 ejusdem
1216 1020 1520 1091 argumenti
1567 1019 1780 1085 litterae,
1809 1029 2039 1086 quarum

465 1120 605 1175 binae
626 1118 866 1173 divinam
900 1129 1113 1185 quoque
1138 1112 1371 1167 Nicreute
1399 1111 1589 1183 synodi
1613 1110 1917 1165 doctrinam
1940 1123 2040 1163 ex-

467 1211 708 1280 planant.
747 1207 804 1262 ln
840 1208 1038 1276 quibus
1072 1205 1290 1275 quidem
1331 1203 1607 1268 omnibus,
1657 1200 2039 1255 contentiusne

463 1311 609 1372 agat,
651 1314 718 1353 an
769 1298 1070 1362 remissius,
1108 1294 1382 1364 propriam
1432 1292 1634 1362 ubique
1660 1289 1874 1346 dicendi
1926 1287 2034 1365 for-

466 1408 608 1446 mam
640 1401 809 1447 tenet.

535 1483 667 1538 Erat
687 1492 742 1537 et
766 1481 852 1536 hic
875 1479 1101 1551 epistola
1143 1478 1210 1533 ad
1237 1477 1492 1532 Acacium
1537 1474 1853 1546 episcopum
1901 1470 2033 1543 Scy—

465 1571 880 1643 thopolitanum,
929 1570 1006 1625 De
1048 1569 1332 1625 emissario
1356 1567 1468 1640 (82)
1499 1582 1684 1637 capro.
1716 1565 1869 1621 Alter
1908 1565 2035 1619 item

463 1665 603 1720 liber
626 1664 707 1719 sic
738 1664 1032 1732 inscriptus
1063 1680 1077 1717 :
1110 1660 1364 1717 Scholion
1397 1661 1461 1714 de
1492 1658 1759 1730 Um‘gemti
1788 1659 2036 1711 incarna-

2139 465 2239 534 τῆς
2275 466 2333 517 ὲν
2374 463 2752 536 Ἀλεξανδρείᾳ
2798 464 3018 517 συνόδου
3048 463 3188 536 πρὸς
3219 465 3503 534 Νεστόριον
3552 472 3665 525 ἀπο.

2142 556 2418 619 σταλεῖσα,
2449 556 2572 624 ἥτις
2593 555 2988 626 ἀναθεματίσαι
3030 556 3190 610 αὐτὸν
3238 555 3389 625 ἠξίου
3433 558 3670 631 ἀναθεμα-

2139 650 2367 719 τισμοὺς
2417 647 2483 718 ιβ’
2530 648 2864 717 κεφαλαίων.
2920 650 3041 702 Ἔτι
3085 649 3143 703 δὲ
3178 649 3274 703 καὶ
3305 650 3464 721 ἑτέρα
3486 652 3524 684 ⁸⁸
3558 657 3670 729 πρὸς

2141 740 2434 814 Οὐαλέριον
2458 740 2756 794 ἐπίσκοπον
2788 740 2930 795 κατὰ
2956 741 3253 812 Νεστορίου
3288 744 3383 795 καὶ
3409 744 3507 797 τῶν
3533 747 3671 802 αὐτοῦ

2138 830 2424 902 δογμάτων
2451 848 2464 860 ·
2497 831 2592 885 καὶ
2625 831 2765 903 πρὸς
2801 832 3060 887 Ἀκάκιον
3087 830 3383 885 ἐπίσκοπον
3402 833 3673 908 Μελιτηνῆς

2136 921 2472 993 δογματικὴ,
2534 921 2737 993 μᾶλλον
2778 923 2838 976 δὲ
2891 912 3190 991 ἀπολογίαν
3237 923 3555 1002 περιέχουσα
3592 928 3674 997 τῆς

2139 1015 2276 1086 πρὸς
2332 1015 2586 1083 Ἰωάννην
2635 1013 2728 1068 τὸν
2786 1015 3118 1085 Ἀντιοχείας
3147 1015 3392 1078 ὲνώσεως
3438 1016 3525 1069 καὶ⁴
3570 1021 3677 1088 δμο-

2139 1105 2307 1170 νοίας.
2356 1105 2467 1159 Καὶ
2497 1106 2683 1177 ἕτεραι
2712 1106 2960 1175 διάφοροι
3004 1108 3134 1178 περὶ
3161 1106 3261 1177 τῆς
3287 1106 3456 1176 αὐτῆς
3507 1109 3675 1162 ὑποθέ-

2140 1216 2302 1264 σεως,
2339 1192 2415 1253 ὧν
2441 1198 2499 1252 ὲν
2527 1198 2649 1253 δυσὶ
2682 1199 2779 1253 καὶ
2807 1199 2868 1251 τὸ
2891 1201 2950 1252 ὲν
2987 1199 3195 1271 Νικαίιι⁸
3222 1199 3554 1270 διερμηνεύει
3581 1200 3679 1256 θεό-
3730 1240 3735 1245 η

2138 1307 2303 1360 σοφον
2335 1290 2584 1361 μάθημα.
2628 1291 2718 1345 Ἐν
2739 1285 2818 1353 οἷς
2851 1290 3022 1344 ἅπασι
3046 1290 3154 1345 τῶν
3179 1290 3398 1343 οἰκείων
3417 1291 3581 1360 λόγων
3602 1293 3678 1348 τὸν

2137 1383 2468 1452 χαρακτῆρα
2500 1380 2788 1434 ἐπιτείνων
2815 1380 2847 1450 ἦ
2886 1380 3059 1444 ἀνιεὶς
3096 1381 3245 1452 ὅμως
3270 1380 3622 1449 διαφυλάττει.

2206 1472 2635 1544 Συμπεριείχετο
2687 1472 2745 1526 δὲ
2799 1471 2895 1535 καὶ⁵
2924 1474 2957 1541 ἡ
2991 1472 3129 1543 πρὸς
3169 1472 3427 1527 Ἀκάκιον
3481 1476 3679 1532 ἐπίσκο-

2137 1582 2240 1619 πον
2265 1564 2653 1628 Σκυθοπόλεως
2684 1564 2816 1636 περὶ
2865 1563 2961 1618 τοῦ
3006 1564 3420 1635 άποπομπαίου.
3470 1568 3573 1621 Καὶ
3616 1569 3684 1623 ἔτι

2140 1658 2325 1730 ἔτερος
2365 1657 2542 1727 λόγος,
2581 1657 3019 1729 ἐπιγραφόμενος
3048 1673 3063 1689 ·
3090 1675 3108 1709 ι
3148 1657 3345 1728 Σχόλια
3362 1659 3408 1691 ³¹
3438 1661 3560 1731 περὶ
3598 1660 3684 1730 τῆς

465 1757 627 1823 tione,
651 1769 759 1825 quo
789 1728 1044 1809 hinc-fere
1073 1762 1451 1824 exponuntur:
1479 1728 1619 1818 Quid
1644 1760 1728 1806 est
1757 1749 2033 1805 Christus?

2142 1749 2597 1822 ὲνανθρωπήσεως
2617 1749 2710 1803 τοῦ
2737 1748 3094 1816 Μονογενοῦς,
3127 1768 3147 1801 ι
3194 1752 3252 1803 ὲν
3305 1743 3351 1818 ᾧ
3389 1750 3687 1819 διασαφοῦν-

464 1845 579 1913 Qua
611 1846 817 1900 ratione
847 1844 1228 1915 intelligendus
1253 1842 1573 1897 Emmanuel
1598 1842 1623 1896 ’ί
1651 1840 1790 1909 Quid
1834 1850 1917 1895 est
1946 1839 2035 1894 Je-

463 1951 559 1993 sus
591 1936 884 1992 Christus?
924 1935 1084 1991 Juxta
1114 1936 1241 2004 quid
1286 1934 1382 1990 Dei
1433 1932 1669 1989 Verbum
1716 1933 1916 1986 dictum
1951 1941 2035 1986 est

466 2029 669 2085 homo?
694 2027 857 2083 Juxta
893 2028 1020 2097 quid
1045 2038 1365 2082 evacuatum
1396 2040 1518 2082 esse
1557 2025 1650 2081 Dei
1681 2023 1921 2080 Verbum
1948 2023 2035 2078 di-

465 2122 652 2177 citur?
678 2121 960 2189 Quomodo
990 2120 1119 2174 item
1151 2117 1400 2174 Christus
1430 2133 1569 2171 unus
1593 2117 1713 2173 est?
1755 2115 2035 2185 Quomodo

463 2216 625 2269 etiam
650 2228 788 2268 unus
817 2222 902 2268 est
931 2210 1288 2266 Emmanuel?
1308 2210 1609 2277 Quamnam
1648 2194 1878 2263 dicimus
1914 2219 2037 2263 esse

464 2306 888 2360 cxinanitiouem
922 2302 1073 2375 (85)?
1098 2300 1228 2357 ltern
1263 2301 1329 2356 de
1359 2301 1530 2372 ignito
1555 2300 1789 2355 carbone
1814 2298 1929 2353 viso
1966 2298 2034 2352 ab

464 2397 602 2452 Isaia
638 2397 705 2463 ",
735 2396 952 2465 aliaque
981 2404 1265 2464 praeterea,
1292 2392 1380 2448 bis
1416 2403 1592 2447 tamen
1625 2390 1825 2456 aﬂinia,
1856 2389 2035 2459 capita

466 2490 674 2543 decem.
708 2485 1070 2555 Permagnam
1099 2498 1227 2538 vero
1256 2483 1560 2553 legentibus
1579 2480 1866 2537 utilitatem
1895 2479 2036 2534 liber

468 2580 556 2636 hic
592 2578 789 2633 alferre
817 2584 1017 2645 potest.

1152 2664 1361 2722 CLXX.

466 2761 726 2832 Anonymi
764 2755 1547 2880 Testimoniorumrtze.Christo
1572 2773 1600 2810 ε
1636 2755 1872 2827 gentium
1895 2753 2034 2809 scri-

1074 2838 1175 2880 Dlts
1224 2844 1238 2880 ι
1281 2842 1325 2879 η
1361 2841 1451 2880 xv.

1073 2838 1175 2896 pus
1202 2838 1325 2880 tum
1361 2841 1451 2880 xv.

542 2990 739 3062 117a
786 2988 912 3058 Legi
961 3002 1098 3058 opus
1130 2985 1421 3039 multorum
1455 2996 1728 3046 versuum,
1755 2980 1839 3034 vel
1872 2980 2039 3034 libro-

2133 1860 2220 1895 ται
2249 1842 2295 1874 ³³
2323 1840 2498 1895 ταῦτα
2518 1858 2533 1875 ο
2569 1841 2635 1894 Τί
2663 1844 2782 1896 ἐστι
2822 1841 3056 1914 Χριστός
3084 1860 3098 1909 ;
3129 1841 3248 1894 τίνα
3301 1859 3364 1896 τε
3416 1844 3462 1874 ³⁸
3511 1844 3686 1913 τρόπον

2135 1934 2400 2007 προσήκει
2445 1932 2683 1989 νοεῖσθαι
2703 1933 2764 1987 τὸ
2799 1932 3148 2005 Ἐμμανουήλ
3170 1952 3184 2001 ;
3205 1934 3314 1988 Καὶ
3340 1933 3396 1988 τί
3429 1936 3569 1989 ἐστιν
3601 1936 3691 2004 ’1η-

2136 2024 2262 2089 σοῦς
2292 2026 2336 2058 ³⁵
2375 2027 2403 2079 ὁ
2435 2025 2709 2098 Χριστὸς;
2745 2024 2839 2079 καὶ
2870 2024 3012 2079 κατὰ
3059 2026 3113 2079 τί
3165 2026 3382 2097 εἴρηται
3428 2027 3687 2096 ἄνθρωπος

2134 2119 2161 2170 ὁ
2187 2116 2279 2170 τοῦ
2308 2115 2444 2170 Θεοῦ
2480 2118 2652 2185 Λόγος
2678 2132 2694 2183 ;
2721 2113 2853 2170 Εἶτα
2877 2117 3019 2171 κατὰ
3045 2119 3097 2171 τί
3128 2118 3468 2174 κεκενῶσθαι
3493 2119 3691 2189 λέγεται

2134 2208 2163 2260 ὁ
2186 2207 2278 2261 τοῦ
2308 2207 2444 2261 Θεοῦ
2480 2209 2686 2276 Λιίγοςς
2716 2209 2826 2261 Καὶ
2862 2208 2979 2272 πῶς
3010 2203 3090 2273 εἷς
3123 2212 3150 2263 ὁ
3178 2210 3437 2281 Χριστὸς,
3471 2210 3564 2264 καὶ
3589 2211 3691 2273 πῶς

2134 2294 2215 2363 εἷς
2249 2302 2277 2353 ὁ
2318 2299 2697 2372 Ἐμμανουήλ;
2730 2302 2838 2355 Καὶ
2862 2301 2983 2357 τίνα
3003 2302 3233 2373 λέγομεν
3274 2298 3418 2357 εἶναι
3447 2304 3541 2374 τὴν
3572 2304 3690 2358 ἒνω·

2138 2411 2222 2447 σιν
2253 2394 2343 2459 ⁸⁸;
2392 2395 2483 2447 καὶ
2521 2394 2779 2466 περὶτοῦ
2836 2395 3107 2467 ἄνθρακος
3154 2396 3213 2450 δν
3264 2392 3408 2451 εἶδεν
3463 2396 3689 2461 Ἡσαΐας,

2137 2484 2230 2537 καὶ
2258 2483 2420 2555 ἕτερα
2457 2485 2813 2555 παραπλήσια
2842 2484 3052 2550 τούτοις
3080 2485 3111 2539 ι’
3145 2486 3447 2555 κεφάλαια.
3478 2487 3612 2541 Πολὺ
3644 2486 3693 2539 δὲ

2135 2572 2197 2626 τὸ
2217 2575 2487 2645 χρήσιμον
2508 2566 2663 2637 οὗτος
2681 2576 2709 2627 ὁ
2738 2574 2895 2643 λόγος
2925 2576 3063 2646 ἔχει.

2774 2666 2899 2721 PO'.

2148 2756 2583 2837 Ἀνεςτίχρίιςξον
2600 2750 3017 2837 βιόὶλίοηένὼῷ
3065 2757 3319 2837 χρήσεις
3365 2758 3697 2837 Ἑλληνικαί

2206 2826 2626 2964 ἔὲξὸβάρὲαροι
2651 2826 2762 2895 τῆς
2785 2826 2903 2881 τῶν
2929 2828 3299 2896 Χριστιανῶν
3323 2831 3607 2894 πίστεως,
3634 2829 3694 2881 ἐν

2356 2915 2409 2962 ις
2440 2914 2457 2949 ι
2512 2935 2528 2950 .

2210 2986 2549 3056 Ἀνεγνῶσθη
2602 2986 2807 3057 βιϐὶίον
2849 2987 3192 3059 πολύστιχον,
3230 2988 3439 3061 μᾶλλον
3466 2988 3525 3042 δὲ
3555 2985 3702 3040 πολύ-

471 3101 587 3137 rnm
612 3082 791 3153 potius
823 3082 1013 3151 (libros
1055 3077 1198 3132 enim
1215 3075 1521 3146 quindecim
1551 3076 1787 3142 quinque
1814 3072 2038 3127 volumi-

2142 3073 2343 3137 6ι6λον,
2366 3076 2425 3127 ὲν
2452 3074 2632 3143 λόγοις
2667 3076 2768 3147 μὲν
2800 3082 2885 3142 ιε’,
2913 3076 3130 3147 τεύχεσι
3158 3077 3217 3130 δὲ
3258 3084 3322 3143 ε’,
3362 3079 3425 3131 ὲν
3457 3072 3537 3141 οἷς
3580 3092 3704 3148 pap-

469 3175 629 3229 nibus
656 3170 1019 3240 continebat),
1047 3169 1100 3222 in
1126 3167 1326 3237 quibus
1356 3163 1685 3226 testimonia,
1710 3162 1937 3232 locaque
1959 3162 2040 3218 in-

470 3275 744 3335 tegrorum
772 3261 936 3316 etiam
962 3259 1245 3325 librorum,
1285 3273 1388 3311 nou
1428 3256 1587 3310 modo
1610 3255 1798 3310 Graeca
1851 3269 2038 3309 verum

465 3356 633 3410 etiam
683 3352 937 3417 Persica,
978 3348 1278 3415 Thracica,
1329 3345 1581 3419 Egyptia
1608 3385 1624 3410 ,
1666 3344 1994 3415 Babylonica
2021 3383 2038 3409 ,

464 3443 784 3509 Chaldaica,
824 3443 954 3511 quin
984 3449 1039 3494 et
1066 3437 1281 3504 Italica,
1304 3452 1370 3491 ex
1405 3437 1475 3490 iis
1509 3437 1600 3505 qui
1627 3434 1770 3503 apud
1796 3432 2039 3501 singulas

468 3535 663 3589 harum
714 3533 954 3603 gentium
1004 3530 1256 3584 doctrina
1309 3525 1446 3581 clari
1495 3524 1875 3578 haberentur:
1920 3538 2040 3591 quae

469 3620 686 3691 quidem
721 3619 811 3674 hic
843 3618 1076 3687 scriptor
1115 3629 1338 3683 sanctae,
1388 3613 1598 3669 caelesti
1654 3622 1814 3682 atque
1843 3613 2040 3668 divinae

468 3710 906 3767 Christianorum
947 3708 1193 3778 religioni
1238 3720 1344 3760 non
1381 3704 1593 3760 inutilia
1651 3718 1773 3760 esse
1809 3715 2040 3760 conatur

470 3805 781 3858 ostendere.
821 3799 1137 3870 Cujusmodi
1175 3795 1353 3861 aﬁ‘ert,
1392 3796 1462 3852 de
1506 3798 1621 3867 ipsa
1669 3812 1884 3866 quoque
1912 3811 2037 3850 san-

470 3893 713 3949 ctissima
745 3899 801 3946 et
840 3888 1285 3946 consubstantiali
1327 3885 1636 3956 Trinitate;
1664 3889 1934 3956 quomodo
1960 3887 2042 3941 ni-

471 3986 673 4039 mirum
715 3998 812 4052 per
854 3982 1074 4037 eosdem
1134 3981 1260 4035 illos
1294 3979 1617 4050 praedicetur
1657 3990 1819 4051 atque
1872 3994 2042 4033 enun-

472 4074 661 4129 tietur.
693 4071 824 4126 Item
852 4072 919 4126 de
961 4067 1126 4125 Verbi
1162 4073 1214 4124 in
1263 4084 1427 4125 carne
1460 4070 1716 4133 adventu,
1761 4070 2041 4138 signisque

473 4166 690 4232 divinis,
724 4173 779 4219 et
812 4164 879 4219 de
917 4177 1102 4227 cruce,
1145 4161 1477 4217 cruciatibus
1512 4176 1576 4215 ac
1622 4160 1896 4231 sepultura
1928 4201 1943 4226 ,
1976 4162 2043 4217 de

472 4257 893 4319 resurrectione,
944 4264 1107 4323 atque
1147 4253 1485 4319 ascensione,
1520 4261 1575 4306 et
1606 4252 1671 4307 de
1708 4252 2036 4306 sanctissimi

473 4346 713 4421 Spiritus
743 4345 929 4416 ignitis
974 4344 1173 4415 linguis
1216 4344 1270 4398 in
1321 4342 1620 4413 discipulos
1670 4341 2036 4411 inexplicabili

2136 3164 2317 3235 τυρίαι
2352 3165 2514 3235 δῆθεν
2556 3168 2652 3221 καὶ
2699 3169 2927 3238 χρήσεις
2991 3168 3304 3241 ὁλοκλήρων
3364 3170 3565 3239 λόγων,
3616 3164 3705 3238 οὐχ

2148 3256 2455 3328 Ἑλληνικαὶ
2513 3260 2672 3329 μόναι
2693 3302 2708 3329 ,
2759 3262 2894 3316 ἀλλὰ
2927 3262 3018 3315 καὶ
3053 3263 3325 3333 Περσικαὶ
3357 3266 3458 3317 καὶ
3492 3264 3707 3336 Θρᾲκιοι

2137 3347 2233 3401 καὶ
2267 3348 2559 3417 Αἰγύπτιοι
2612 3353 2708 3406 καὶ
2755 3353 3171 3408 Βαϐυλωνιακαὶ
3193 3356 3236 3387 ³⁷
3290 3357 3394 3411 καί⁵
3419 3357 3710 3410 Χαλδαῐκαὶ

2138 3432 2233 3487 καὶ
2258 3434 2321 3504 δὴ
2360 3435 2457 3488 καὶ
2507 3438 2699 3491 Ἰταλοὶ
2727 3440 2791 3492 ὲκ
2817 3438 2925 3493 τῶν
2964 3442 3096 3513 παρ’
3127 3443 3389 3508 ἑκάστοις
3419 3443 3709 3498 δοκούντων

2136 3523 2334 3592 λογίων
2365 3527 2846 3599 κατεστρώθησαν,
2884 3529 2949 3593 ἃς
2972 3533 2999 3585 δ
3033 3535 3396 3603 συγγραφεὺς
3452 3550 3714 3606 συμφερο-

2142 3616 2307 3686 μένας
2334 3622 2590 3691 πειρᾶται
2619 3621 2885 3675 δεικνύειν
2915 3624 2980 3694 τῇ
3003 3622 3109 3677 τῶν
3138 3627 3499 3696 Χριστιανῶν
3530 3625 3712 3698 ἀκράν-

2137 3725 2217 3780 τῳ
2262 3709 2359 3764 καὶ
2385 3711 2659 3781 ὑπερφυεῖ
2711 3713 2805 3765 καὶ
2860 3713 3119 3789 θειοτάτῃ
3150 3715 3457 3790 θρησκείᾳ,
3497 3718 3627 3787 περί
3659 3734 3712 3770 τε

2139 3802 2310 3873 αὐτῆς
2338 3802 2433 3873 τῆς
2452 3804 2778 3875 ύπερουσίου
2808 3807 2903 3859 καὶ
2918 3808 3204 3878 ὁμοουσίου
3232 3811 3500 3882 Τριάδος,
3532 3811 3605 3874 ὡς
3630 3808 3714 3861 καὶ

2141 3895 2231 3947 ὑπ’
2254 3895 2477 3949 ἐκείνων
2506 3896 2834 3967 κηρύττεται
2871 3898 2963 3950 καὶ
2990 3898 3457 3966 καταγγέλλεται,
3510 3898 3635 3970 περί
3662 3914 3717 3950 τε

2139 3987 2237 4057 τῆς
2262 3988 2320 4040 ὲν
2352 3989 2515 4059 σαρκὶ
2561 3988 2657 4041 τοῦ
2703 3989 2878 4058 Λόγου
2913 3974 3237 4061 παρουσίας,
3262 3991 3388 4047 τῶν
3438 4010 3501 4046 τε
3535 3992 3716 4061 θεοση-

2143 4076 2311 4144 μειῶν
2339 4076 2541 4130 καὶτοῦ
2561 4078 2795 4150 σταυροῦ
2818 4079 3029 4133 καὶτοῦ
3055 4080 3259 4146 πάθους
3288 4083 3394 4137 καὶ
3428 4085 3532 4153 τῆς
3552 4085 3719 4153 ταφῆς

2141 4164 2237 4218 καὶ
2270 4167 2369 4236 τῆς
2405 4167 2754 4232 ἀναστάσεως
2784 4171 2883 4240 τῆς
2913 4186 2974 4222 τε
3025 4170 3354 4244 ἀναλήψεως
3379 4176 3482 4228 καὶ
3510 4175 3609 4243 τῆς
3633 4171 3716 4227 τοῦ

2141 4257 2407 4325 παναγίου
2441 4257 2757 4329 Πνεύματος
2787 4260 3043 4331 πυρίναις
3070 4260 3356 4331 γλώσσαις
3386 4267 3721 4335 ἐπιχορηγηο

2143 4347 2328 4418 θείσης
2353 4351 2463 4412 τοῖς
2488 4348 2757 4419 μαθηταῖς
2792 4351 2930 4421 ὑπὲρ
2962 4352 3120 4420 λόγον
3153 4354 3411 4425 χάριτος,
3437 4357 3536 4409 καὶ
3555 4355 3618 4426 δὴ
3637 4355 3722 4407 καὶ

472 4443 634 4496 modo
673 4438 1088 4508 superveniente
1139 4437 1310 4505 gratia
1349 4450 1450 4491 nec
1494 4451 1602 4490 non
1648 4434 1717 4489 de
1753 4435 2038 4490 tremendo

2142 4441 2241 4511 τῆς
2270 4439 2507 4510 φοϐερᾶς
2536 4440 2771 4510 Χριστοῦ
2804 4441 2898 4495 τοῦ
2934 4442 3068 4497 Θεοῦ
3098 4445 3252 4515 ἡμῶν
3282 4446 3561 4519 δευτέρας
3591 4464 3723 4518 παρ-

472 4532 678 4589 Christi
724 4529 937 4583 Domini
989 4528 1158 4584 nostri
1195 4527 1433 4583 secundo
1481 4526 1757 4593 adventu,
1810 4534 2046 4580 mortuo-

474 4636 702 4694 rumque
719 4620 1120 4678 resurrectione
1147 4635 1211 4675 ac
1251 4620 1483 4689 judicio,
1519 4626 1572 4673 et
1604 4618 2046 4673 remuneratione

475 4730 662 4771 eorum
696 4729 817 4783 quae
863 4713 917 4767 in
964 4712 1080 4767 vita
1117 4711 1348 4781 quisque
1397 4709 1653 4782 gesserit.
1698 4710 1779 4764 Ad
1819 4709 1937 4765 haec
1980 4711 2046 4765 de

476 4804 720 4861 universi
749 4804 976 4871 fabrica,
995 4804 1060 4859 de
1085 4802 1449 4873 providentia,
1476 4803 1542 4857 de
1569 4801 1846 4871 paradiso,
1871 4802 2047 4872 deque

478 4892 769 4951 similibus.
810 4892 951 4961 Quin
977 4902 1033 4949 et
1076 4891 1145 4947 de
1192 4891 1392 4948 virtute
1427 4891 1858 4948 Christianorum
1914 4907 2042 4962 pro-

477 4984 597 5057 pria
640 4993 697 5039 et
718 4985 763 5039 si
788 4984 918 5054 quid
948 4983 1076 5040 huic
1108 4984 1395 5039 ﬁnitimum
1415 4993 1521 5041 est.
1551 4981 1629 5039 De
1650 4983 1737 5040 his
1786 4983 2043 5040 omnibus

551 5076 597 5108 “
630 5074 740 5132 Isa.
775 5091 854 5142 vr,
882 5073 938 5131 6.

2137 4531 2327 4594 ουσίας
2347 4533 2440 4583 καὶ¹
2471 4531 2573 4600 τῆς
2594 4531 2703 4585 τῶν
2746 4533 2958 4605 νεκρῶν
2988 4535 3353 4601 άναὸιὼσεως
3379 4541 3483 4592 καὶ
3505 4540 3730 4609 κρίσεως

2142 4619 2239 4675 καὶ
2257 4618 2493 4689 ἀμοιϐῆς
2509 4612 2584 4672 ῶν
2613 4619 2842 4684 ἕκαστος
2874 4623 2933 4675 ἐν
2989 4622 3089 4692 βίῳ
3113 4622 3487 4695 διεπράξατο.
3536 4626 3613 4681 Dii
3638 4624 3729 4696 μύ-

2143 4727 2232 4766 νον
2248 4710 2304 4764 δὲ
2327 4709 2464 4764 ἀλλὰ
2483 4710 2578 4765 καὶ
2607 4713 2737 4782 περὶ
2768 4712 2813 4745 ³⁸
2836 4713 2935 4783 τῆς
2984 4712 3078 4766 τοῦ
3111 4714 3327 4780 ⁸παντὸς
3367 4716 3728 4787 δημιουργίας

2145 4802 2239 4857 καὶ
2275 4801 2554 4873 προνοίας,
2587 4804 2916 4874 παραδείσου
2934 4820 2992 4857 τε
3018 4805 3242 4858 καὶτῶν
3278 4809 3602 4881 συστοίχων
3620 4805 3733 4861 τού-

2148 4911 2286 4958 τοις,
2322 4896 2418 4948 καὶ
2448 4894 2514 4965 δὴ
2562 4895 2658 4949 καὶ
2682 4896 2811 4966 περὶ
2833 4896 3033 4967 ἀρετῆς
3057 4897 3155 4968 τῆς
3184 4898 3353 4968 παρὰ
3381 4901 3732 4973 Χριστιανοῖς

2149 4986 2517 5057 ἀσκουμένης,
2541 4985 2635 5039 καὶ
2659 4984 2778 5039 είτι
2797 4984 3002 5058 ταύτης
3029 4988 3605 5063 παραπλήσιον,περ“ι
3622 4988 3737 5044 τού-

1740 5166 1978 5224 VARUE
2019 5167 2427 5225 LECTIONES.

577 5263 621 5296 ³¹
645 5262 832 5332 ’ἐτεραι
857 5261 1222 5332 apographum
1265 5259 1544 5332 Stephani.
1621 5259 1667 5291 ³³
1697 5260 1884 5332 σχόλια
1919 5261 1984 5332 ᾼ,
2027 5261 2193 5332 610).}
2244 5262 2306 5326 C,
2331 5261 2701 5331 superscripto
2732 5261 2762 5313 λ

2798 5279 2821 5335 ι
2847 5262 3156 5335 6161:0ng
3205 5263 3250 5335 ’.³
3281 5264 3651 5335 διασαφεῖται
3686 5281 3743 5327 ς.

482 5332 532 5366 ⁸⁸
556 5332 641 5405 τε]
672 5328 817 5405 δέξς.
847 5328 990 5405 τόᾸ
1017 5328 1162 5405 sed?
1184 5346 1246 5393 ς.
1323 5328 1368 5363 ³⁸
1388 5330 1417 5382 δ
1443 5331 1568 5385 add.
1605 5344 1690 5400 pr.
1723 5328 1791 5384 Ᾱ.
1866 5329 1911 5363 ³⁸
1936 5328 2129 5385 ἕνωσιν
2152 5331 2198 5386 Δ
2222 5328 2485 5388 εκένωσιν
2521 5332 2562 5388 C
2590 5328 2649 5396 ςλ.
2670 5328 2919 5405 Ἡσαΐας]
2946 5348 3064 5405 cap.
3091 5330 3177 5402 Vl,
3208 5332 3267 5390 6.
3356 5337 3405 5370 ³⁷
3443 5328 3745 5392 Βαϐυλωνι-

482 5404 578 5457 καί
598 5400 660 5468 ξ.
738 5402 783 5434 ³⁸
808 5400 935 5473 περί
965 5401 1090 5456 add.
1122 5400 1186 5456 A.

1951 5489 2184 5547 ΝΟΤΛΕ.

555 5583 670 5667 (ἓξ)
702 5585 872 5667 Cujus
903 5585 1125 5667 emissio
1150 5594 1314 5658 atque
1344 5586 1681 5645 caeremonia:
1702 5587 1880 5647 Levit.
1919 5604 2010 5646 xvr
2050 5596 2389 5667 praescripta.

557 5654 671 5725 (85)
695 5655 781 5709 AI.
820 5653 1107 5713 Unionem.
