  <div class='ocr_page' id='page_1' title='image "/cluster/home/n/w/nwhite01/storage/ocr_20150623/103 pt.3/mdp.39015061933738/258.png"; bbox 0 0 3932 6240; ppageno 0'>
   <div class='ocr_carea' id='block_1_1' title="bbox 254 266 351 331">
    <p class='ocr_par' dir='ltr' id='par_1_1' title="bbox 254 266 351 331">
     <span class='ocr_line' id='line_1_1' title="bbox 254 266 351 331; baseline 0.052 -4"><span class='ocrx_word' id='word_1_1' title='bbox 254 266 351 331; x_wconf 73' lang='grc'><strong>497</strong></span> 
     </span>
    </p>
   </div>
   <div class='ocr_carea' id='block_1_2' title="bbox 1301 267 2409 332">
    <p class='ocr_par' dir='ltr' id='par_1_2' title="bbox 1301 267 2409 332">
     <span class='ocr_line' id='line_1_2' title="bbox 1301 267 2409 332; baseline 0.004 -5"><span class='ocrx_word' id='word_1_2' title='bbox 1301 267 1825 330; x_wconf 82' lang='lat' dir='ltr'><strong>BIBLIOTHECA.</strong></span> <span class='ocrx_word' id='word_1_3' title='bbox 1859 294 1932 306; x_wconf 87' lang='lat'><strong>-</strong></span> <span class='ocrx_word' id='word_1_4' title='bbox 1968 269 2133 331; x_wconf 91' lang='lat' dir='ltr'><strong>COD.</strong></span> <span class='ocrx_word' id='word_1_5' title='bbox 2190 270 2409 332; x_wconf 87' lang='lat' dir='ltr'>CLXX.</span> 
     </span>
    </p>
   </div>
   <div class='ocr_carea' id='block_1_3' title="bbox 3424 270 3533 335">
    <p class='ocr_par' dir='ltr' id='par_1_3' title="bbox 3424 270 3533 335">
     <span class='ocr_line' id='line_1_3' title="bbox 3424 270 3533 335; baseline 0.009 -1"><span class='ocrx_word' id='word_1_6' title='bbox 3424 270 3533 335; x_wconf 65' lang='lat'><strong>498</strong></span> 
     </span>
    </p>
   </div>
   <div class='ocr_carea' id='block_1_4' title="bbox 256 374 1871 450">
    <p class='ocr_par' dir='ltr' id='par_1_4' title="bbox 256 374 1842 447">
     <span class='ocr_line' id='line_1_4' title="bbox 256 374 1842 447; baseline 0.001 -18"><span class='ocrx_word' id='word_1_7' title='bbox 256 393 369 429; x_wconf 61' lang='lat' dir='ltr'><strong>rma</strong></span> <span class='ocrx_word' id='word_1_8' title='bbox 399 376 654 430; x_wconf 78' lang='grc' dir='ltr'>ἁπάντων</span> <span class='ocrx_word' id='word_1_9' title='bbox 686 377 735 413; x_wconf 74' lang='grc'><strong>³⁸</strong></span> <span class='ocrx_word' id='word_1_10' title='bbox 765 374 998 447; x_wconf 81' lang='grc' dir='ltr'>Ἕλλησί</span> <span class='ocrx_word' id='word_1_11' title='bbox 1021 377 1193 431; x_wconf 81' lang='grc' dir='ltr'>τεκαὶ</span> <span class='ocrx_word' id='word_1_12' title='bbox 1224 378 1552 447; x_wconf 77' lang='grc' dir='ltr'><strong>Αἰγυπτίοις</strong></span> <span class='ocrx_word' id='word_1_13' title='bbox 1576 379 1671 432; x_wconf 78' lang='grc' dir='ltr'>καὶ</span> <span class='ocrx_word' id='word_1_14' title='bbox 1695 379 1842 432; x_wconf 83' lang='grc' dir='ltr'>Χαλ-</span> 
     </span>
    </p>
   </div>
   <div class='ocr_carea' id='block_1_5' title="bbox 1979 374 3529 450">
    <p class='ocr_par' dir='ltr' id='par_1_5' title="bbox 1979 378 3529 450">
     <span class='ocr_line' id='line_1_5' title="bbox 1979 378 3529 450; baseline 0.002 -18"><span class='ocrx_word' id='word_1_15' title='bbox 1979 380 2202 445; x_wconf 67' lang='grc' dir='ltr'>ιτωεοε,</span> <span class='ocrx_word' id='word_1_16' title='bbox 2245 378 2571 450; x_wconf 63' lang='lat' dir='ltr'><strong>Aﬂgyptios,</strong></span> <span class='ocrx_word' id='word_1_17' title='bbox 2611 378 2894 437; x_wconf 69' lang='lat' dir='ltr'><strong>Chaldaeos</strong></span> <span class='ocrx_word' id='word_1_18' title='bbox 2919 419 2936 447; x_wconf 89' lang='lat'><strong>,</strong></span> <span class='ocrx_word' id='word_1_19' title='bbox 2972 387 3029 436; x_wconf 81' lang='lat' dir='ltr'><strong>et</strong></span> <span class='ocrx_word' id='word_1_20' title='bbox 3072 393 3214 450; x_wconf 90' lang='lat' dir='ltr'><strong>quos</strong></span> <span class='ocrx_word' id='word_1_21' title='bbox 3256 381 3529 436; x_wconf 75' lang='lat' dir='ltr'><strong>nominavi</strong></span> 
     </span>
    </p>
   </div>
   <div class='ocr_carea' id='block_1_6' title="bbox 252 466 1842 540">
    <p class='ocr_par' dir='ltr' id='par_1_6' title="bbox 252 466 1842 540">
     <span class='ocr_line' id='line_1_6' title="bbox 252 466 1842 540; baseline -0.002 -17"><span class='ocrx_word' id='word_1_22' title='bbox 252 470 428 530; x_wconf 84' lang='grc' dir='ltr'>δαίοις</span> <span class='ocrx_word' id='word_1_23' title='bbox 470 468 565 520; x_wconf 71' lang='grc' dir='ltr'>καὶ</span> <span class='ocrx_word' id='word_1_24' title='bbox 607 471 726 530; x_wconf 85' lang='grc' dir='ltr'>τοῖς</span> <span class='ocrx_word' id='word_1_25' title='bbox 763 467 1181 538; x_wconf 81' lang='grc' dir='ltr'><strong>προειρημένοις</strong></span> <span class='ocrx_word' id='word_1_26' title='bbox 1211 466 1338 539; x_wconf 81' lang='grc'><strong>[581</strong></span> <span class='ocrx_word' id='word_1_27' title='bbox 1376 468 1426 523; x_wconf 81' lang='lat' dir='ltr'><strong><em>R</em></strong></span> <span class='ocrx_word' id='word_1_28' title='bbox 1550 467 1842 532; x_wconf 78' lang='grc' dir='ltr'>πεφιλοσο-</span> 
     </span>
    </p>
   </div>
   <div class='ocr_carea' id='block_1_7' title="bbox 252 557 1844 633">
    <p class='ocr_par' dir='ltr' id='par_1_7' title="bbox 252 557 1844 633">
     <span class='ocr_line' id='line_1_7' title="bbox 252 557 1844 633; baseline -0.003 -19"><span class='ocrx_word' id='word_1_29' title='bbox 252 560 467 633; x_wconf 77' lang='grc' dir='ltr'>φῆσθαί</span> <span class='ocrx_word' id='word_1_30' title='bbox 517 577 578 613; x_wconf 89' lang='grc' dir='ltr'><strong>τε</strong></span> <span class='ocrx_word' id='word_1_31' title='bbox 607 560 704 612; x_wconf 80' lang='grc' dir='ltr'><strong>καὶ</strong></span> <span class='ocrx_word' id='word_1_32' title='bbox 739 558 1171 629; x_wconf 84' lang='grc' dir='ltr'>διακεκηρῦχθαι</span> <span class='ocrx_word' id='word_1_33' title='bbox 1200 561 1260 614; x_wconf 82' lang='grc' dir='ltr'><strong>ἐν</strong></span> <span class='ocrx_word' id='word_1_34' title='bbox 1301 560 1458 622; x_wconf 93' lang='grc' dir='ltr'>ἰδίοις</span> <span class='ocrx_word' id='word_1_35' title='bbox 1494 557 1677 613; x_wconf 83' lang='grc' dir='ltr'>αὐτῶν</span> <span class='ocrx_word' id='word_1_36' title='bbox 1722 574 1844 611; x_wconf 87' lang='grc' dir='ltr'>πει-</span> 
     </span>
    </p>
   </div>
   <div class='ocr_carea' id='block_1_8' title="bbox 1945 471 3530 542">
    <p class='ocr_par' dir='ltr' id='par_1_8' title="bbox 1945 471 3530 542">
     <span class='ocr_line' id='line_1_8' title="bbox 1945 471 3530 542; baseline 0 -15"><span class='ocrx_word' id='word_1_37' title='bbox 1945 479 2174 528; x_wconf 67' lang='lat' dir='ltr'><strong>caeteros</strong></span> <span class='ocrx_word' id='word_1_38' title='bbox 2220 471 2672 541; x_wconf 89' lang='lat' dir='ltr'><strong>philosophatos,</strong></span> <span class='ocrx_word' id='word_1_39' title='bbox 2745 471 3047 542; x_wconf 84' lang='lat' dir='ltr'><strong>eademque</strong></span> <span class='ocrx_word' id='word_1_40' title='bbox 3102 472 3220 528; x_wconf 83' lang='lat' dir='ltr'><strong>suis</strong></span> <span class='ocrx_word' id='word_1_41' title='bbox 3284 474 3530 542; x_wconf 89' lang='lat' dir='ltr'><strong>ipsorum</strong></span> 
     </span>
    </p>
   </div>
   <div class='ocr_carea' id='block_1_9' title="bbox 1945 564 3532 636">
    <p class='ocr_par' dir='ltr' id='par_1_9' title="bbox 1945 564 3532 636">
     <span class='ocr_line' id='line_1_9' title="bbox 1945 564 3532 636; baseline -0.001 -16"><span class='ocrx_word' id='word_1_42' title='bbox 1945 565 2171 636; x_wconf 76' lang='lat' dir='ltr'><strong>scriptis</strong></span> <span class='ocrx_word' id='word_1_43' title='bbox 2218 564 2552 636; x_wconf 83' lang='lat' dir='ltr'><strong>divulgasse,</strong></span> <span class='ocrx_word' id='word_1_44' title='bbox 2591 566 2881 621; x_wconf 74' lang='lat' dir='ltr'><strong>ostendere</strong></span> <span class='ocrx_word' id='word_1_45' title='bbox 2910 565 3123 621; x_wconf 86' lang='lat' dir='ltr'><strong>nititur.</strong></span> <span class='ocrx_word' id='word_1_46' title='bbox 3168 564 3358 636; x_wconf 84' lang='lat' dir='ltr'><strong>Neque</strong></span> <span class='ocrx_word' id='word_1_47' title='bbox 3397 580 3532 620; x_wconf 81' lang='lat' dir='ltr'><strong>vero</strong></span> 
     </span>
    </p>
   </div>
   <div class='ocr_carea' id='block_1_10' title="bbox 261 649 1871 727">
    <p class='ocr_par' dir='ltr' id='par_1_10' title="bbox 261 649 1846 725">
     <span class='ocr_line' id='line_1_10' title="bbox 261 649 1846 725; baseline -0.001 -19"><span class='ocrx_word' id='word_1_48' title='bbox 261 655 426 725; x_wconf 80' lang='grc' dir='ltr'>ρᾶται</span> <span class='ocrx_word' id='word_1_49' title='bbox 477 651 757 706; x_wconf 79' lang='grc' dir='ltr'>δεικνύναι</span> <span class='ocrx_word' id='word_1_50' title='bbox 805 649 1257 722; x_wconf 81' lang='grc' dir='ltr'><strong>συγγράμμασιν.</strong></span> <span class='ocrx_word' id='word_1_51' title='bbox 1315 652 1390 705; x_wconf 89' lang='grc' dir='ltr'>Ού</span> <span class='ocrx_word' id='word_1_52' title='bbox 1451 650 1614 722; x_wconf 88' lang='grc' dir='ltr'>μόνον</span> <span class='ocrx_word' id='word_1_53' title='bbox 1653 651 1711 705; x_wconf 87' lang='grc' dir='ltr'><strong>δέ</strong></span> <span class='ocrx_word' id='word_1_54' title='bbox 1735 652 1846 705; x_wconf 80' lang='grc' dir='ltr'>άπὸ</span> 
     </span>
    </p>
   </div>
   <div class='ocr_carea' id='block_1_11' title="bbox 1979 649 3532 727">
    <p class='ocr_par' dir='ltr' id='par_1_11' title="bbox 1979 657 3532 727">
     <span class='ocr_line' id='line_1_11' title="bbox 1979 657 3532 727; baseline -0.001 -15"><span class='ocrx_word' id='word_1_55' title='bbox 1979 672 2143 712; x_wconf 67' lang='lat' dir='ltr'><strong>lorum</strong></span> <span class='ocrx_word' id='word_1_56' title='bbox 2208 658 2585 714; x_wconf 75' lang='lat' dir='ltr'><strong>tantummodo</strong></span> <span class='ocrx_word' id='word_1_57' title='bbox 2643 658 2956 713; x_wconf 86' lang='lat' dir='ltr'><strong>testimonia</strong></span> <span class='ocrx_word' id='word_1_58' title='bbox 3006 666 3261 727; x_wconf 85' lang='lat' dir='ltr'><strong>congesta</strong></span> <span class='ocrx_word' id='word_1_59' title='bbox 3309 657 3532 722; x_wconf 87' lang='lat' dir='ltr'><strong>laudat,</strong></span> 
     </span>
    </p>
   </div>
   <div class='ocr_carea' id='block_1_12' title="bbox 258 743 1847 816">
    <p class='ocr_par' dir='ltr' id='par_1_12' title="bbox 258 743 1847 816">
     <span class='ocr_line' id='line_1_12' title="bbox 258 743 1847 816; baseline -0.002 -17"><span class='ocrx_word' id='word_1_60' title='bbox 258 746 371 800; x_wconf 82' lang='grc' dir='ltr'>τῶν</span> <span class='ocrx_word' id='word_1_61' title='bbox 393 744 704 816; x_wconf 75' lang='grc' dir='ltr'><strong>εἰρημένων</strong></span> <span class='ocrx_word' id='word_1_62' title='bbox 729 744 777 776; x_wconf 75' lang='grc'>⁸⁸</span> <span class='ocrx_word' id='word_1_63' title='bbox 797 745 1014 814; x_wconf 79' lang='grc' dir='ltr'>ἀγείρει</span> <span class='ocrx_word' id='word_1_64' title='bbox 1066 744 1161 798; x_wconf 75' lang='grc' dir='ltr'>καὶ</span> <span class='ocrx_word' id='word_1_65' title='bbox 1192 743 1474 814; x_wconf 86' lang='grc' dir='ltr'>συντίθησι</span> <span class='ocrx_word' id='word_1_66' title='bbox 1499 743 1601 808; x_wconf 79' lang='grc' dir='ltr'><strong>τάς</strong></span> <span class='ocrx_word' id='word_1_67' title='bbox 1637 760 1847 816; x_wconf 86' lang='grc' dir='ltr'>μαρτυ-</span> 
     </span>
    </p>
   </div>
   <div class='ocr_carea' id='block_1_13' title="bbox 263 833 1849 909">
    <p class='ocr_par' dir='ltr' id='par_1_13' title="bbox 263 833 1849 909">
     <span class='ocr_line' id='line_1_13' title="bbox 263 833 1849 909; baseline -0.001 -20"><span class='ocrx_word' id='word_1_68' title='bbox 263 837 411 909; x_wconf 87' lang='grc' dir='ltr'>ρίας,</span> <span class='ocrx_word' id='word_1_69' title='bbox 445 836 581 889; x_wconf 84' lang='grc' dir='ltr'>ἀλλὰ</span> <span class='ocrx_word' id='word_1_70' title='bbox 603 836 701 891; x_wconf 82' lang='grc' dir='ltr'>καὶ</span> <span class='ocrx_word' id='word_1_71' title='bbox 726 836 835 890; x_wconf 81' lang='grc' dir='ltr'><strong>ἀπὸ</strong></span> <span class='ocrx_word' id='word_1_72' title='bbox 880 835 990 890; x_wconf 87' lang='grc' dir='ltr'><strong>τῶν</strong></span> <span class='ocrx_word' id='word_1_73' title='bbox 1010 835 1378 906; x_wconf 86' lang='grc' dir='ltr'>χειμευτικῶν</span> <span class='ocrx_word' id='word_1_74' title='bbox 1396 835 1441 868; x_wconf 72' lang='grc'><strong><em>⁸⁵⁸</em></strong></span> <span class='ocrx_word' id='word_1_75' title='bbox 1473 833 1727 906; x_wconf 87' lang='grc' dir='ltr'>Ζωσίμου</span> <span class='ocrx_word' id='word_1_76' title='bbox 1759 834 1849 887; x_wconf 89' lang='grc' dir='ltr'>λό-</span> 
     </span>
    </p>
   </div>
   <div class='ocr_carea' id='block_1_14' title="bbox 263 923 1851 1001">
    <p class='ocr_par' dir='ltr' id='par_1_14' title="bbox 263 923 1851 1001">
     <span class='ocr_line' id='line_1_14' title="bbox 263 923 1851 1001; baseline -0.001 -17"><span class='ocrx_word' id='word_1_77' title='bbox 263 946 381 999; x_wconf 88' lang='grc' dir='ltr'><strong>γων</strong></span> <span class='ocrx_word' id='word_1_78' title='bbox 411 930 668 1000; x_wconf 78' lang='grc' dir='ltr'>(Θηϐαῖος</span> <span class='ocrx_word' id='word_1_79' title='bbox 694 929 740 983; x_wconf 91' lang='grc' dir='ltr'>δ’</span> <span class='ocrx_word' id='word_1_80' title='bbox 777 925 845 1001; x_wconf 80' lang='grc' dir='ltr'>ἧν</span> <span class='ocrx_word' id='word_1_81' title='bbox 871 923 1026 992; x_wconf 75' lang='grc' dir='ltr'>οὗτος</span> <span class='ocrx_word' id='word_1_82' title='bbox 1065 927 1462 1001; x_wconf 87' lang='grc' dir='ltr'>Πανοπολίτης)</span> <span class='ocrx_word' id='word_1_83' title='bbox 1489 931 1590 983; x_wconf 82' lang='grc' dir='ltr'>οὐκ</span> <span class='ocrx_word' id='word_1_84' title='bbox 1622 930 1668 961; x_wconf 65' lang='grc' dir='ltr'>δ’</span> <span class='ocrx_word' id='word_1_85' title='bbox 1701 929 1851 999; x_wconf 79' lang='grc' dir='ltr'>ἐφεί-</span> 
     </span>
    </p>
   </div>
   <div class='ocr_carea' id='block_1_15' title="bbox 265 1016 1853 1094">
    <p class='ocr_par' dir='ltr' id='par_1_15' title="bbox 265 1016 1853 1094">
     <span class='ocr_line' id='line_1_15' title="bbox 265 1016 1853 1094; baseline -0.001 -17"><span class='ocrx_word' id='word_1_86' title='bbox 265 1040 401 1077; x_wconf 84' lang='grc' dir='ltr'>σατο</span> <span class='ocrx_word' id='word_1_87' title='bbox 424 1022 493 1076; x_wconf 81' lang='grc' dir='ltr'><strong>τά</strong></span> <span class='ocrx_word' id='word_1_88' title='bbox 515 1022 644 1092; x_wconf 78' lang='grc'><strong>[198</strong></span> <span class='ocrx_word' id='word_1_89' title='bbox 671 1021 768 1094; x_wconf 83' lang='grc' dir='ltr'><strong>Η.]</strong></span> <span class='ocrx_word' id='word_1_90' title='bbox 821 1022 962 1076; x_wconf 82' lang='grc' dir='ltr'>αὐτὰ</span> <span class='ocrx_word' id='word_1_91' title='bbox 1001 1022 1472 1087; x_wconf 81' lang='grc' dir='ltr'><strong>κατασκευάζειν·</strong></span> <span class='ocrx_word' id='word_1_92' title='bbox 1508 1024 1568 1075; x_wconf 91' lang='grc' dir='ltr'><strong>ἐν</strong></span> <span class='ocrx_word' id='word_1_93' title='bbox 1619 1016 1701 1086; x_wconf 74' lang='grc' dir='ltr'><strong>οἷς</strong></span> <span class='ocrx_word' id='word_1_94' title='bbox 1759 1023 1853 1076; x_wconf 75' lang='grc' dir='ltr'>καὶ</span> 
     </span>
    </p>
   </div>
   <div class='ocr_carea' id='block_1_16' title="bbox 274 1112 1854 1184">
    <p class='ocr_par' dir='ltr' id='par_1_16' title="bbox 274 1112 1854 1184">
     <span class='ocr_line' id='line_1_16' title="bbox 274 1112 1854 1184; baseline -0.001 -16"><span class='ocrx_word' id='word_1_95' title='bbox 274 1112 590 1184; x_wconf 77' lang='grc' dir='ltr'>Ἑϐραϊκῶν</span> <span class='ocrx_word' id='word_1_96' title='bbox 634 1112 834 1177; x_wconf 79' lang='grc' dir='ltr'>λέξεων</span> <span class='ocrx_word' id='word_1_97' title='bbox 862 1113 909 1145; x_wconf 73' lang='grc'>⁸³</span> <span class='ocrx_word' id='word_1_98' title='bbox 962 1113 1239 1168; x_wconf 85' lang='grc' dir='ltr'>ἐκτίθεται</span> <span class='ocrx_word' id='word_1_99' title='bbox 1279 1113 1582 1184; x_wconf 78' lang='grc' dir='ltr'>σημασίας,</span> <span class='ocrx_word' id='word_1_100' title='bbox 1625 1113 1854 1167; x_wconf 77' lang='grc' dir='ltr'>καὶτῶν</span> 
     </span>
    </p>
   </div>
   <div class='ocr_carea' id='block_1_17' title="bbox 266 1199 1855 1273">
    <p class='ocr_par' dir='ltr' id='par_1_17' title="bbox 266 1199 1855 1273">
     <span class='ocr_line' id='line_1_17' title="bbox 266 1199 1855 1273; baseline 0 -19"><span class='ocrx_word' id='word_1_101' title='bbox 266 1200 588 1254; x_wconf 80' lang='grc' dir='ltr'>ἀποστόλων</span> <span class='ocrx_word' id='word_1_102' title='bbox 615 1199 845 1263; x_wconf 74' lang='grc' dir='ltr'>ἕκαστος</span> <span class='ocrx_word' id='word_1_103' title='bbox 871 1199 1001 1255; x_wconf 74' lang='grc' dir='ltr'>ἔνθα</span> <span class='ocrx_word' id='word_1_104' title='bbox 1035 1217 1096 1253; x_wconf 90' lang='grc' dir='ltr'><strong>τε</strong></span> <span class='ocrx_word' id='word_1_105' title='bbox 1131 1199 1179 1232; x_wconf 76' lang='lat'><strong>“</strong></span> <span class='ocrx_word' id='word_1_106' title='bbox 1203 1200 1266 1253; x_wconf 80' lang='grc' dir='ltr'>τὸ</span> <span class='ocrx_word' id='word_1_107' title='bbox 1302 1202 1573 1273; x_wconf 89' lang='grc' dir='ltr'>σωτήριον</span> <span class='ocrx_word' id='word_1_108' title='bbox 1616 1201 1855 1271; x_wconf 79' lang='grc' dir='ltr'>ἐκήρυξε</span> 
     </span>
    </p>
   </div>
   <div class='ocr_carea' id='block_1_18' title="bbox 270 1288 1857 1367">
    <p class='ocr_par' dir='ltr' id='par_1_18' title="bbox 270 1288 1857 1367">
     <span class='ocr_line' id='line_1_18' title="bbox 270 1288 1857 1367; baseline 0.001 -19"><span class='ocrx_word' id='word_1_109' title='bbox 270 1296 530 1367; x_wconf 83' lang='grc' dir='ltr'>μάθημα,</span> <span class='ocrx_word' id='word_1_110' title='bbox 566 1295 661 1350; x_wconf 79' lang='grc' dir='ltr'><strong>καὶ</strong></span> <span class='ocrx_word' id='word_1_111' title='bbox 708 1296 767 1348; x_wconf 85' lang='grc' dir='ltr'><strong>ἐν</strong></span> <span class='ocrx_word' id='word_1_112' title='bbox 913 1295 1064 1366; x_wconf 87' lang='grc' dir='ltr'>τόπῳ</span> <span class='ocrx_word' id='word_1_113' title='bbox 1111 1295 1222 1348; x_wconf 85' lang='grc' dir='ltr'><strong>τῶν</strong></span> <span class='ocrx_word' id='word_1_114' title='bbox 1267 1295 1625 1366; x_wconf 81' lang='grc' dir='ltr'>ἀνθρωπίνων</span> <span class='ocrx_word' id='word_1_115' title='bbox 1676 1296 1857 1349; x_wconf 90' lang='grc' dir='ltr'>πόνων</span> 
     </span>
    </p>
   </div>
   <div class='ocr_carea' id='block_1_19' title="bbox 266 1386 1857 1458">
    <p class='ocr_par' dir='ltr' id='par_1_19' title="bbox 266 1386 1857 1458">
     <span class='ocr_line' id='line_1_19' title="bbox 266 1386 1857 1458; baseline -0.001 -17"><span class='ocrx_word' id='word_1_116' title='bbox 266 1388 644 1443; x_wconf 83' lang='grc' dir='ltr'>ἀνεπαύσατο.</span> <span class='ocrx_word' id='word_1_117' title='bbox 690 1387 976 1441; x_wconf 71' lang='grc' dir='ltr'>Ἐπιτέλει</span> <span class='ocrx_word' id='word_1_118' title='bbox 1000 1388 1059 1441; x_wconf 78' lang='grc' dir='ltr'>δὲ</span> <span class='ocrx_word' id='word_1_119' title='bbox 1088 1386 1197 1441; x_wconf 85' lang='grc' dir='ltr'><strong>τῶν</strong></span> <span class='ocrx_word' id='word_1_120' title='bbox 1229 1387 1406 1456; x_wconf 90' lang='grc' dir='ltr'>λόγων</span> <span class='ocrx_word' id='word_1_121' title='bbox 1462 1387 1558 1441; x_wconf 77' lang='grc' dir='ltr'>καὶ</span> <span class='ocrx_word' id='word_1_122' title='bbox 1588 1386 1857 1458; x_wconf 89' lang='grc' dir='ltr'>παραίνε-</span> 
     </span>
    </p>
   </div>
   <div class='ocr_carea' id='block_1_20' title="bbox 271 1478 1862 1549">
    <p class='ocr_par' dir='ltr' id='par_1_20' title="bbox 271 1478 1862 1549">
     <span class='ocr_line' id='line_1_20' title="bbox 271 1478 1862 1549; baseline 0.001 -17"><span class='ocrx_word' id='word_1_123' title='bbox 271 1496 362 1532; x_wconf 88' lang='grc' dir='ltr'><strong>σιν</strong></span> <span class='ocrx_word' id='word_1_124' title='bbox 395 1478 533 1532; x_wconf 88' lang='grc' dir='ltr'>ἰδίαν</span> <span class='ocrx_word' id='word_1_125' title='bbox 554 1478 937 1544; x_wconf 84' lang='grc' dir='ltr'>κατατίθεται,</span> <span class='ocrx_word' id='word_1_126' title='bbox 965 1479 1375 1549; x_wconf 81' lang='grc' dir='ltr'>γνωμολογίαις</span> <span class='ocrx_word' id='word_1_127' title='bbox 1406 1495 1467 1532; x_wconf 89' lang='grc' dir='ltr'><strong>τε</strong></span> <span class='ocrx_word' id='word_1_128' title='bbox 1496 1479 1608 1534; x_wconf 85' lang='grc' dir='ltr'><strong>τῶν</strong></span> <span class='ocrx_word' id='word_1_129' title='bbox 1630 1479 1735 1545; x_wconf 79' lang='grc' dir='ltr'>ἔξω</span> <span class='ocrx_word' id='word_1_130' title='bbox 1764 1480 1862 1534; x_wconf 68' lang='grc' dir='ltr'>καὶ</span> 
     </span>
    </p>
   </div>
   <div class='ocr_carea' id='block_1_21' title="bbox 270 1570 1861 1642">
    <p class='ocr_par' dir='ltr' id='par_1_21' title="bbox 270 1570 1861 1642">
     <span class='ocr_line' id='line_1_21' title="bbox 270 1570 1861 1642; baseline 0.002 -19"><span class='ocrx_word' id='word_1_131' title='bbox 270 1571 575 1642; x_wconf 57' lang='grc' dir='ltr'>Γραφικοὴ</span> <span class='ocrx_word' id='word_1_132' title='bbox 623 1570 831 1639; x_wconf 86' lang='grc' dir='ltr'>λογίοις</span> <span class='ocrx_word' id='word_1_133' title='bbox 883 1571 1092 1642; x_wconf 85' lang='grc' dir='ltr'>ταύτην</span> <span class='ocrx_word' id='word_1_134' title='bbox 1153 1571 1496 1640; x_wconf 85' lang='grc' dir='ltr'>συνυφαίνων</span> <span class='ocrx_word' id='word_1_135' title='bbox 1540 1573 1635 1626; x_wconf 77' lang='grc' dir='ltr'>καὶ</span> <span class='ocrx_word' id='word_1_136' title='bbox 1678 1572 1861 1627; x_wconf 82' lang='grc' dir='ltr'>διαπι-</span> 
     </span>
    </p>
   </div>
   <div class='ocr_carea' id='block_1_22' title="bbox 1949 747 3544 821">
    <p class='ocr_par' dir='ltr' id='par_1_22' title="bbox 1949 747 3544 821">
     <span class='ocr_line' id='line_1_22' title="bbox 1949 747 3544 821; baseline 0 -17"><span class='ocrx_word' id='word_1_137' title='bbox 1949 758 2113 821; x_wconf 88' lang='lat' dir='ltr'><strong>atque</strong></span> <span class='ocrx_word' id='word_1_138' title='bbox 2159 751 2411 816; x_wconf 75' lang='lat' dir='ltr'><strong>advocat,</strong></span> <span class='ocrx_word' id='word_1_139' title='bbox 2443 748 2681 806; x_wconf 88' lang='lat' dir='ltr'><strong>sedete</strong></span> <span class='ocrx_word' id='word_1_140' title='bbox 2710 748 2922 821; x_wconf 79' lang='lat' dir='ltr'><strong>frigidis</strong></span> <span class='ocrx_word' id='word_1_141' title='bbox 2966 748 3081 821; x_wconf 73' lang='lat'><strong>(84)</strong></span> <span class='ocrx_word' id='word_1_142' title='bbox 3126 747 3329 804; x_wconf 86' lang='lat' dir='ltr'><strong>Zosimi</strong></span> <span class='ocrx_word' id='word_1_143' title='bbox 3377 748 3544 805; x_wconf 87' lang='lat' dir='ltr'><strong>libris-</strong></span> 
     </span>
    </p>
   </div>
   <div class='ocr_carea' id='block_1_23' title="bbox 1950 840 3539 913">
    <p class='ocr_par' dir='ltr' id='par_1_23' title="bbox 1950 840 3539 913">
     <span class='ocr_line' id='line_1_23' title="bbox 1950 840 3539 913; baseline 0.001 -17"><span class='ocrx_word' id='word_1_144' title='bbox 1950 842 2139 911; x_wconf 91' lang='lat' dir='ltr'><strong>petita.</strong></span> <span class='ocrx_word' id='word_1_145' title='bbox 2173 841 2462 897; x_wconf 84' lang='lat' dir='ltr'><strong>Thebanus</strong></span> <span class='ocrx_word' id='word_1_146' title='bbox 2488 840 2712 913; x_wconf 83' lang='lat' dir='ltr'><strong>fuithic</strong></span> <span class='ocrx_word' id='word_1_147' title='bbox 2741 840 3089 912; x_wconf 78' lang='lat' dir='ltr'><strong>PanOpolita,</strong></span> <span class='ocrx_word' id='word_1_148' title='bbox 3124 843 3216 913; x_wconf 86' lang='lat' dir='ltr'><strong>qui</strong></span> <span class='ocrx_word' id='word_1_149' title='bbox 3246 856 3422 912; x_wconf 87' lang='lat' dir='ltr'><strong>neque</strong></span> <span class='ocrx_word' id='word_1_150' title='bbox 3441 856 3539 897; x_wconf 83' lang='lat' dir='ltr'><strong>ar-</strong></span> 
     </span>
    </p>
   </div>
   <div class='ocr_carea' id='block_1_24' title="bbox 1953 912 3536 1004">
    <p class='ocr_par' dir='ltr' id='par_1_24' title="bbox 1953 912 3536 1004">
     <span class='ocr_line' id='line_1_24' title="bbox 1953 912 3536 1004; baseline 0.003 -18"><span class='ocrx_word' id='word_1_151' title='bbox 1953 931 2225 1002; x_wconf 88' lang='lat' dir='ltr'><strong>gumentis</strong></span> <span class='ocrx_word' id='word_1_152' title='bbox 2256 935 2446 986; x_wconf 88' lang='lat' dir='ltr'><strong>eadem</strong></span> <span class='ocrx_word' id='word_1_153' title='bbox 2470 912 2705 1001; x_wconf 72' lang='lat' dir='ltr'><strong>probare</strong></span> <span class='ocrx_word' id='word_1_154' title='bbox 2729 933 2989 1003; x_wconf 76' lang='lat' dir='ltr'><strong>neglexit,</strong></span> <span class='ocrx_word' id='word_1_155' title='bbox 3022 934 3077 988; x_wconf 88' lang='lat' dir='ltr'><strong>in</strong></span> <span class='ocrx_word' id='word_1_156' title='bbox 3103 912 3303 1004; x_wconf 78' lang='lat' dir='ltr'><strong>quibus</strong></span> <span class='ocrx_word' id='word_1_157' title='bbox 3338 945 3390 991; x_wconf 91' lang='lat' dir='ltr'><strong>et</strong></span> <span class='ocrx_word' id='word_1_158' title='bbox 3421 933 3536 990; x_wconf 79' lang='lat' dir='ltr'><strong>He—</strong></span> 
     </span>
    </p>
   </div>
   <div class='ocr_carea' id='block_1_25' title="bbox 1956 1023 3535 1097">
    <p class='ocr_par' dir='ltr' id='par_1_25' title="bbox 1956 1023 3535 1097">
     <span class='ocr_line' id='line_1_25' title="bbox 1956 1023 3535 1097; baseline 0.003 -19"><span class='ocrx_word' id='word_1_159' title='bbox 1956 1023 2268 1079; x_wconf 88' lang='lat' dir='ltr'><strong>braicarum</strong></span> <span class='ocrx_word' id='word_1_160' title='bbox 2304 1037 2498 1078; x_wconf 79' lang='lat' dir='ltr'><strong>vocum</strong></span> <span class='ocrx_word' id='word_1_161' title='bbox 2513 1023 2947 1095; x_wconf 87' lang='lat' dir='ltr'><strong>signiﬁcationes</strong></span> <span class='ocrx_word' id='word_1_162' title='bbox 2972 1027 3222 1097; x_wconf 80' lang='lat' dir='ltr'><strong>exponit,</strong></span> <span class='ocrx_word' id='word_1_163' title='bbox 3255 1036 3313 1081; x_wconf 88' lang='lat' dir='ltr'><strong>et</strong></span> <span class='ocrx_word' id='word_1_164' title='bbox 3338 1026 3535 1097; x_wconf 91' lang='lat' dir='ltr'><strong>singuli</strong></span> 
     </span>
    </p>
   </div>
   <div class='ocr_carea' id='block_1_26' title="bbox 1954 1112 3539 1187">
    <p class='ocr_par' dir='ltr' id='par_1_26' title="bbox 1954 1112 3539 1187">
     <span class='ocr_line' id='line_1_26' title="bbox 1954 1112 3539 1187; baseline 0.001 -18"><span class='ocrx_word' id='word_1_165' title='bbox 1954 1112 2174 1169; x_wconf 88' lang='lat' dir='ltr'><strong>ubinam</strong></span> <span class='ocrx_word' id='word_1_166' title='bbox 2226 1112 2468 1168; x_wconf 91' lang='lat' dir='ltr'><strong>locorum</strong></span> <span class='ocrx_word' id='word_1_167' title='bbox 2493 1113 2723 1184; x_wconf 86' lang='lat' dir='ltr'><strong>apostoli</strong></span> <span class='ocrx_word' id='word_1_168' title='bbox 2753 1114 3054 1169; x_wconf 75' lang='lat' dir='ltr'><strong>salutarem</strong></span> <span class='ocrx_word' id='word_1_169' title='bbox 3075 1115 3377 1171; x_wconf 88' lang='lat' dir='ltr'><strong>doctrinam</strong></span> <span class='ocrx_word' id='word_1_170' title='bbox 3401 1131 3539 1187; x_wconf 73' lang='lat' dir='ltr'><strong>pra:-</strong></span> 
     </span>
    </p>
   </div>
   <div class='ocr_carea' id='block_1_27' title="bbox 1956 1206 3541 1278">
    <p class='ocr_par' dir='ltr' id='par_1_27' title="bbox 1956 1206 3541 1278">
     <span class='ocr_line' id='line_1_27' title="bbox 1956 1206 3541 1278; baseline 0.001 -18"><span class='ocrx_word' id='word_1_171' title='bbox 1956 1207 2209 1273; x_wconf 87' lang='lat' dir='ltr'><strong>dlcarint,</strong></span> <span class='ocrx_word' id='word_1_172' title='bbox 2254 1220 2470 1278; x_wconf 89' lang='lat' dir='ltr'><strong>quaque</strong></span> <span class='ocrx_word' id='word_1_173' title='bbox 2505 1207 2716 1260; x_wconf 85' lang='lat' dir='ltr'><strong>ratione</strong></span> <span class='ocrx_word' id='word_1_174' title='bbox 2764 1207 3019 1261; x_wconf 86' lang='lat' dir='ltr'><strong>humanis</strong></span> <span class='ocrx_word' id='word_1_175' title='bbox 3050 1208 3199 1262; x_wconf 88' lang='lat' dir='ltr'><strong>curis</strong></span> <span class='ocrx_word' id='word_1_176' title='bbox 3244 1222 3309 1261; x_wconf 88' lang='lat' dir='ltr'><strong>ac</strong></span> <span class='ocrx_word' id='word_1_177' title='bbox 3338 1206 3541 1262; x_wconf 88' lang='lat' dir='ltr'><strong>labori-</strong></span> 
     </span>
    </p>
   </div>
   <div class='ocr_carea' id='block_1_28' title="bbox 1957 1299 3541 1356">
    <p class='ocr_par' dir='ltr' id='par_1_28' title="bbox 1957 1299 3541 1356">
     <span class='ocr_line' id='line_1_28' title="bbox 1957 1299 3541 1356; baseline 0 -2"><span class='ocrx_word' id='word_1_178' title='bbox 1957 1300 2058 1354; x_wconf 85' lang='lat' dir='ltr'><strong>bus</strong></span> <span class='ocrx_word' id='word_1_179' title='bbox 2107 1300 2220 1355; x_wconf 88' lang='lat' dir='ltr'><strong>sint</strong></span> <span class='ocrx_word' id='word_1_180' title='bbox 2267 1299 2529 1355; x_wconf 81' lang='lat' dir='ltr'><strong>defuncti.</strong></span> <span class='ocrx_word' id='word_1_181' title='bbox 2567 1301 2748 1355; x_wconf 89' lang='lat' dir='ltr'><strong>Donec</strong></span> <span class='ocrx_word' id='word_1_182' title='bbox 2775 1300 2841 1353; x_wconf 89' lang='lat' dir='ltr'><strong>ad</strong></span> <span class='ocrx_word' id='word_1_183' title='bbox 2887 1299 3047 1354; x_wconf 90' lang='lat' dir='ltr'><strong>ﬁnem</strong></span> <span class='ocrx_word' id='word_1_184' title='bbox 3091 1302 3309 1355; x_wconf 84' lang='lat' dir='ltr'><strong>tandem</strong></span> <span class='ocrx_word' id='word_1_185' title='bbox 3347 1300 3541 1356; x_wconf 90' lang='lat' dir='ltr'><strong>horum</strong></span> 
     </span>
    </p>
   </div>
   <div class='ocr_carea' id='block_1_29' title="bbox 1957 1390 3540 1462">
    <p class='ocr_par' dir='ltr' id='par_1_29' title="bbox 1957 1390 3540 1462">
     <span class='ocr_line' id='line_1_29' title="bbox 1957 1390 3540 1462; baseline 0.001 -18"><span class='ocrx_word' id='word_1_186' title='bbox 1957 1390 2243 1458; x_wconf 88' lang='lat' dir='ltr'><strong>librorum,</strong></span> <span class='ocrx_word' id='word_1_187' title='bbox 2283 1405 2438 1447; x_wconf 87' lang='lat' dir='ltr'><strong>suam</strong></span> <span class='ocrx_word' id='word_1_188' title='bbox 2473 1406 2689 1462; x_wconf 90' lang='lat' dir='ltr'><strong>quoque</strong></span> <span class='ocrx_word' id='word_1_189' title='bbox 2719 1390 2883 1447; x_wconf 81' lang='lat' dir='ltr'><strong>aﬂ&#39;ert</strong></span> <span class='ocrx_word' id='word_1_190' title='bbox 2904 1391 3352 1457; x_wconf 87' lang='lat' dir='ltr'><strong>admonitionem,</strong></span> <span class='ocrx_word' id='word_1_191' title='bbox 3375 1406 3540 1461; x_wconf 89' lang='lat' dir='ltr'><strong>quam</strong></span> 
     </span>
    </p>
   </div>
   <div class='ocr_carea' id='block_1_30' title="bbox 1960 1472 3543 1555">
    <p class='ocr_par' dir='ltr' id='par_1_30' title="bbox 1960 1472 3543 1555">
     <span class='ocr_line' id='line_1_30' title="bbox 1960 1472 3543 1555; baseline -0.001 -18"><span class='ocrx_word' id='word_1_192' title='bbox 1960 1472 2199 1553; x_wconf 83' lang='lat' dir='ltr'><strong>gentium</strong></span> <span class='ocrx_word' id='word_1_193' title='bbox 2243 1484 2574 1549; x_wconf 86' lang='lat' dir='ltr'><strong>sententiis,</strong></span> <span class='ocrx_word' id='word_1_194' title='bbox 2633 1498 2699 1540; x_wconf 86' lang='lat' dir='ltr'><strong>ac</strong></span> <span class='ocrx_word' id='word_1_195' title='bbox 2754 1482 3052 1555; x_wconf 70' lang='lat' dir='ltr'><strong>Scriptura:</strong></span> <span class='ocrx_word' id='word_1_196' title='bbox 3112 1483 3253 1538; x_wconf 91' lang='lat' dir='ltr'><strong>locis</strong></span> <span class='ocrx_word' id='word_1_197' title='bbox 3298 1483 3543 1538; x_wconf 79' lang='lat' dir='ltr'><strong>contexit</strong></span> 
     </span>
    </p>
   </div>
   <div class='ocr_carea' id='block_1_31' title="bbox 1962 1575 3544 1647">
    <p class='ocr_par' dir='ltr' id='par_1_31' title="bbox 1962 1575 3544 1647">
     <span class='ocr_line' id='line_1_31' title="bbox 1962 1575 3544 1647; baseline 0.001 -17"><span class='ocrx_word' id='word_1_198' title='bbox 1962 1586 2125 1646; x_wconf 89' lang='lat' dir='ltr'><strong>atque</strong></span> <span class='ocrx_word' id='word_1_199' title='bbox 2155 1576 2442 1632; x_wconf 90' lang='lat' dir='ltr'><strong>conﬁrmat</strong></span> <span class='ocrx_word' id='word_1_200' title='bbox 2475 1595 2489 1632; x_wconf 88' lang='lat'><strong>:</strong></span> <span class='ocrx_word' id='word_1_201' title='bbox 2521 1577 2573 1631; x_wconf 92' lang='lat' dir='ltr'><strong>in</strong></span> <span class='ocrx_word' id='word_1_202' title='bbox 2603 1592 2710 1647; x_wconf 92' lang='lat' dir='ltr'><strong>qua</strong></span> <span class='ocrx_word' id='word_1_203' title='bbox 2756 1575 3100 1647; x_wconf 89' lang='lat' dir='ltr'><strong>potissimum</strong></span> <span class='ocrx_word' id='word_1_204' title='bbox 3131 1575 3367 1632; x_wconf 85' lang='lat' dir='ltr'><strong>hominis</strong></span> <span class='ocrx_word' id='word_1_205' title='bbox 3399 1575 3544 1631; x_wconf 82' lang='lat' dir='ltr'><strong>illius</strong></span> 
     </span>
    </p>
   </div>
   <div class='ocr_carea' id='block_1_32' title="bbox 183 1659 1871 1738">
    <p class='ocr_par' dir='ltr' id='par_1_32' title="bbox 183 1659 1862 1738">
     <span class='ocr_line' id='line_1_32' title="bbox 183 1659 1862 1738; baseline 0.001 -22"><span class='ocrx_word' id='word_1_206' title='bbox 183 1708 195 1716; x_wconf 93' lang='lat'><strong>.</strong></span> <span class='ocrx_word' id='word_1_207' title='bbox 274 1665 609 1734; x_wconf 84' lang='grc' dir='ltr'>στούμενος·</span> <span class='ocrx_word' id='word_1_208' title='bbox 663 1666 724 1718; x_wconf 85' lang='grc' dir='ltr'><strong>ἐν</strong></span> <span class='ocrx_word' id='word_1_209' title='bbox 862 1665 1099 1736; x_wconf 87' lang='grc' dir='ltr'>μάλιστα</span> <span class='ocrx_word' id='word_1_210' title='bbox 1130 1666 1193 1719; x_wconf 85' lang='grc' dir='ltr'>τὸ</span> <span class='ocrx_word' id='word_1_211' title='bbox 1227 1665 1522 1737; x_wconf 82' lang='grc' dir='ltr'>φιλάρετον</span> <span class='ocrx_word' id='word_1_212' title='bbox 1545 1663 1644 1718; x_wconf 87' lang='grc' dir='ltr'><strong>τοῦ</strong></span> <span class='ocrx_word' id='word_1_213' title='bbox 1669 1664 1862 1738; x_wconf 80' lang='grc' dir='ltr'>ἀνδρὸς</span> 
     </span>
    </p>
   </div>
   <div class='ocr_carea' id='block_1_33' title="bbox 1979 1659 3541 1738">
    <p class='ocr_par' dir='ltr' id='par_1_33' title="bbox 1979 1666 3541 1736">
     <span class='ocr_line' id='line_1_33' title="bbox 1979 1666 3541 1736; baseline 0 -13"><span class='ocrx_word' id='word_1_214' title='bbox 1979 1684 2087 1723; x_wconf 84' lang='lat' dir='ltr'><strong>:um</strong></span> <span class='ocrx_word' id='word_1_215' title='bbox 2115 1670 2333 1725; x_wconf 84' lang='lat' dir='ltr'><strong>virtutis</strong></span> <span class='ocrx_word' id='word_1_216' title='bbox 2356 1669 2618 1736; x_wconf 89' lang='lat' dir='ltr'><strong>studium,</strong></span> <span class='ocrx_word' id='word_1_217' title='bbox 2638 1680 2750 1725; x_wconf 89' lang='lat' dir='ltr'><strong>tum</strong></span> <span class='ocrx_word' id='word_1_218' title='bbox 2775 1668 2906 1725; x_wconf 86' lang='lat' dir='ltr'><strong>nulli</strong></span> <span class='ocrx_word' id='word_1_219' title='bbox 2931 1668 3223 1726; x_wconf 84' lang='lat' dir='ltr'><strong>obnoxiam</strong></span> <span class='ocrx_word' id='word_1_220' title='bbox 3254 1666 3541 1724; x_wconf 81' lang='lat' dir='ltr'><strong>calumniae</strong></span> 
     </span>
    </p>
   </div>
   <div class='ocr_carea' id='block_1_34' title="bbox 272 1757 1785 1835">
    <p class='ocr_par' dir='ltr' id='par_1_34' title="bbox 272 1757 1785 1835">
     <span class='ocr_line' id='line_1_34' title="bbox 272 1757 1785 1835; baseline 0.002 -23"><span class='ocrx_word' id='word_1_221' title='bbox 272 1757 373 1812; x_wconf 79' lang='grc' dir='ltr'>καὶ</span> <span class='ocrx_word' id='word_1_222' title='bbox 402 1757 466 1811; x_wconf 72' lang='grc' dir='ltr'>τὸ</span> <span class='ocrx_word' id='word_1_223' title='bbox 498 1760 582 1823; x_wconf 89' lang='grc' dir='ltr'><strong>εἰς</strong></span> <span class='ocrx_word' id='word_1_224' title='bbox 613 1757 902 1822; x_wconf 78' lang='grc' dir='ltr'>εὐσέϐειαν,</span> <span class='ocrx_word' id='word_1_225' title='bbox 927 1759 1430 1835; x_wconf 53' lang='grc' dir='ltr'>άδιάϐλητονβοτιν</span> <span class='ocrx_word' id='word_1_226' title='bbox 1464 1760 1785 1828; x_wconf 85' lang='grc' dir='ltr'>ἐπιγνῶναι.</span> 
     </span>
    </p>
   </div>
   <div class='ocr_carea' id='block_1_35' title="bbox 360 1850 1862 1921">
    <p class='ocr_par' dir='ltr' id='par_1_35' title="bbox 360 1850 1862 1921">
     <span class='ocr_line' id='line_1_35' title="bbox 360 1850 1862 1921; baseline 0.001 -18"><span class='ocrx_word' id='word_1_227' title='bbox 360 1850 428 1903; x_wconf 86' lang='grc' dir='ltr'><strong>Ἦ</strong></span> <span class='ocrx_word' id='word_1_228' title='bbox 450 1851 510 1903; x_wconf 77' lang='grc' dir='ltr'>δὲ</span> <span class='ocrx_word' id='word_1_229' title='bbox 552 1851 662 1904; x_wconf 83' lang='grc' dir='ltr'>τῶν</span> <span class='ocrx_word' id='word_1_230' title='bbox 687 1851 860 1919; x_wconf 87' lang='grc' dir='ltr'>λόγων</span> <span class='ocrx_word' id='word_1_231' title='bbox 882 1851 1051 1905; x_wconf 84' lang='grc' dir='ltr'>αὐτοῦ</span> <span class='ocrx_word' id='word_1_232' title='bbox 1080 1852 1126 1883; x_wconf 74' lang='grc'><strong>⁸⁵</strong></span> <span class='ocrx_word' id='word_1_233' title='bbox 1161 1851 1272 1905; x_wconf 87' lang='grc' dir='ltr'>ἰδέα</span> <span class='ocrx_word' id='word_1_234' title='bbox 1317 1852 1421 1905; x_wconf 85' lang='grc' dir='ltr'>οὐκ</span> <span class='ocrx_word' id='word_1_235' title='bbox 1449 1851 1729 1921; x_wconf 83' lang='grc' dir='ltr'>ἀφέστηκε</span> <span class='ocrx_word' id='word_1_236' title='bbox 1765 1850 1862 1905; x_wconf 84' lang='grc' dir='ltr'><strong>τοῦ</strong></span> 
     </span>
    </p>
   </div>
   <div class='ocr_carea' id='block_1_36' title="bbox 280 1930 1865 2011">
    <p class='ocr_par' dir='ltr' id='par_1_36' title="bbox 280 1930 1865 2011">
     <span class='ocr_line' id='line_1_36' title="bbox 280 1930 1865 2011; baseline 0.003 -19"><span class='ocrx_word' id='word_1_237' title='bbox 280 1940 425 2010; x_wconf 86' lang='grc' dir='ltr'>μηδὲ</span> <span class='ocrx_word' id='word_1_238' title='bbox 461 1940 575 1994; x_wconf 87' lang='grc' dir='ltr'>ἰδέα</span> <span class='ocrx_word' id='word_1_239' title='bbox 603 1935 743 1994; x_wconf 71' lang='grc' dir='ltr'>εἶναι</span> <span class='ocrx_word' id='word_1_240' title='bbox 761 1956 776 1971; x_wconf 75' lang='grc' dir='ltr'><strong><em>ο</em></strong></span> <span class='ocrx_word' id='word_1_241' title='bbox 813 1940 851 2011; x_wconf 81' lang='grc' dir='ltr'>ἦ</span> <span class='ocrx_word' id='word_1_242' title='bbox 888 1957 948 1993; x_wconf 85' lang='grc' dir='ltr'><strong>τε</strong></span> <span class='ocrx_word' id='word_1_243' title='bbox 970 1939 1079 2011; x_wconf 85' lang='grc' dir='ltr'><strong>γὰρ</strong></span> <span class='ocrx_word' id='word_1_244' title='bbox 1093 1940 1341 2011; x_wconf 84' lang='grc' dir='ltr'>συνθήκη</span> <span class='ocrx_word' id='word_1_245' title='bbox 1371 1944 1431 1995; x_wconf 81' lang='grc' dir='ltr'><strong>ἐν</strong></span> <span class='ocrx_word' id='word_1_246' title='bbox 1453 1941 1669 2007; x_wconf 82' lang='grc' dir='ltr'>πολλοῖς</span> <span class='ocrx_word' id='word_1_247' title='bbox 1689 1930 1865 2007; x_wconf 75' lang='grc' dir='ltr'>οὓτως</span> 
     </span>
    </p>
   </div>
   <div class='ocr_carea' id='block_1_37' title="bbox 280 2033 1866 2107">
    <p class='ocr_par' dir='ltr' id='par_1_37' title="bbox 280 2033 1866 2107">
     <span class='ocr_line' id='line_1_37' title="bbox 280 2033 1866 2107; baseline 0.002 -21"><span class='ocrx_word' id='word_1_248' title='bbox 280 2033 664 2105; x_wconf 80' lang='grc' dir='ltr'>ἀπημέληται,</span> <span class='ocrx_word' id='word_1_249' title='bbox 709 2034 804 2088; x_wconf 79' lang='grc' dir='ltr'>καὶ</span> <span class='ocrx_word' id='word_1_250' title='bbox 848 2036 881 2105; x_wconf 81' lang='grc' dir='ltr'><strong>η</strong></span> <span class='ocrx_word' id='word_1_251' title='bbox 920 2034 1064 2101; x_wconf 91' lang='grc' dir='ltr'>λέξις</span> <span class='ocrx_word' id='word_1_252' title='bbox 1090 2036 1183 2088; x_wconf 70' lang='grc' dir='ltr'>ἐπὶ</span> <span class='ocrx_word' id='word_1_253' title='bbox 1238 2036 1518 2101; x_wconf 86' lang='grc' dir='ltr'>τοσοῦτον,</span> <span class='ocrx_word' id='word_1_254' title='bbox 1553 2035 1696 2089; x_wconf 85' lang='grc' dir='ltr'>ὥστε</span> <span class='ocrx_word' id='word_1_255' title='bbox 1729 2036 1866 2107; x_wconf 72' lang='grc' dir='ltr'>μηδὲ</span> 
     </span>
    </p>
   </div>
   <div class='ocr_carea' id='block_1_38' title="bbox 280 2123 1868 2196">
    <p class='ocr_par' dir='ltr' id='par_1_38' title="bbox 280 2123 1868 2196">
     <span class='ocr_line' id='line_1_38' title="bbox 280 2123 1868 2196; baseline 0.004 -21"><span class='ocrx_word' id='word_1_256' title='bbox 280 2123 396 2175; x_wconf 80' lang='grc' dir='ltr'><strong>τῶν</strong></span> <span class='ocrx_word' id='word_1_257' title='bbox 424 2124 494 2176; x_wconf 85' lang='grc' dir='ltr'><strong>ἐκ</strong></span> <span class='ocrx_word' id='word_1_258' title='bbox 535 2123 748 2195; x_wconf 82' lang='grc' dir='ltr'>τριόδου</span> <span class='ocrx_word' id='word_1_259' title='bbox 809 2125 1069 2196; x_wconf 82' lang='grc' dir='ltr'>ῥημάτων</span> <span class='ocrx_word' id='word_1_260' title='bbox 1115 2126 1286 2179; x_wconf 77' lang='grc' dir='ltr'>ἐνίοτε</span> <span class='ocrx_word' id='word_1_261' title='bbox 1344 2125 1641 2196; x_wconf 83' lang='grc' dir='ltr'>φείδεσθαι.</span> <span class='ocrx_word' id='word_1_262' title='bbox 1683 2127 1792 2181; x_wconf 79' lang='grc' dir='ltr'><strong>Καὶ</strong></span> <span class='ocrx_word' id='word_1_263' title='bbox 1838 2129 1868 2181; x_wconf 87' lang='grc' dir='ltr'><strong>ό</strong></span> 
     </span>
    </p>
   </div>
   <div class='ocr_carea' id='block_1_39' title="bbox 282 2214 1867 2290">
    <p class='ocr_par' dir='ltr' id='par_1_39' title="bbox 282 2214 1867 2290">
     <span class='ocr_line' id='line_1_39' title="bbox 282 2214 1867 2290; baseline 0.003 -22"><span class='ocrx_word' id='word_1_264' title='bbox 282 2214 411 2278; x_wconf 72' lang='grc' dir='ltr'>νοῦς</span> <span class='ocrx_word' id='word_1_265' title='bbox 432 2214 490 2268; x_wconf 79' lang='grc' dir='ltr'>δὲ</span> <span class='ocrx_word' id='word_1_266' title='bbox 526 2216 636 2269; x_wconf 83' lang='grc' dir='ltr'>τῶν</span> <span class='ocrx_word' id='word_1_267' title='bbox 671 2217 1210 2288; x_wconf 78' lang='grc' dir='ltr'>γραφομένωνναύτῷ</span> <span class='ocrx_word' id='word_1_268' title='bbox 1233 2218 1493 2282; x_wconf 79' lang='grc' dir='ltr'>πολλάκις</span> <span class='ocrx_word' id='word_1_269' title='bbox 1519 2219 1674 2273; x_wconf 84' lang='grc' dir='ltr'>οὐδὲν</span> <span class='ocrx_word' id='word_1_270' title='bbox 1703 2219 1867 2290; x_wconf 78' lang='grc' dir='ltr'>ἀμεί-</span> 
     </span>
    </p>
   </div>
   <div class='ocr_carea' id='block_1_40' title="bbox 279 2308 1870 2379">
    <p class='ocr_par' dir='ltr' id='par_1_40' title="bbox 279 2308 1870 2379">
     <span class='ocr_line' id='line_1_40' title="bbox 279 2308 1870 2379; baseline 0.005 -21"><span class='ocrx_word' id='word_1_271' title='bbox 279 2324 413 2361; x_wconf 86' lang='grc' dir='ltr'>νων.</span> <span class='ocrx_word' id='word_1_272' title='bbox 436 2309 550 2361; x_wconf 79' lang='grc' dir='ltr'><strong>Καὶ</strong></span> <span class='ocrx_word' id='word_1_273' title='bbox 578 2308 667 2361; x_wconf 72' lang='grc' dir='ltr'>τὸν</span> <span class='ocrx_word' id='word_1_274' title='bbox 702 2309 802 2377; x_wconf 89' lang='grc' dir='ltr'><strong>μέν</strong></span> <span class='ocrx_word' id='word_1_275' title='bbox 851 2308 945 2361; x_wconf 81' lang='grc' dir='ltr'><strong>τοῦ</strong></span> <span class='ocrx_word' id='word_1_276' title='bbox 984 2309 1177 2379; x_wconf 82' lang='grc' dir='ltr'>ἀνδρὸς</span> <span class='ocrx_word' id='word_1_277' title='bbox 1222 2310 1384 2363; x_wconf 84' lang='grc' dir='ltr'>πόνον</span> <span class='ocrx_word' id='word_1_278' title='bbox 1425 2312 1520 2364; x_wconf 74' lang='grc' dir='ltr'>καὶ</span> <span class='ocrx_word' id='word_1_279' title='bbox 1550 2310 1642 2364; x_wconf 81' lang='grc' dir='ltr'>τὸν</span> <span class='ocrx_word' id='word_1_280' title='bbox 1668 2311 1870 2366; x_wconf 84' lang='grc' dir='ltr'>σκοπὸν</span> 
     </span>
    </p>
   </div>
   <div class='ocr_carea' id='block_1_41' title="bbox 280 2400 1871 2473">
    <p class='ocr_par' dir='ltr' id='par_1_41' title="bbox 280 2400 1871 2473">
     <span class='ocr_line' id='line_1_41' title="bbox 280 2400 1871 2473; baseline 0.003 -20"><span class='ocrx_word' id='word_1_281' title='bbox 280 2401 387 2453; x_wconf 76' lang='grc' dir='ltr'>οὐκ</span> <span class='ocrx_word' id='word_1_282' title='bbox 416 2400 485 2453; x_wconf 78' lang='grc' dir='ltr'>ἄν</span> <span class='ocrx_word' id='word_1_283' title='bbox 507 2417 590 2463; x_wconf 88' lang='grc' dir='ltr'><strong>τις</strong></span> <span class='ocrx_word' id='word_1_284' title='bbox 614 2400 973 2471; x_wconf 86' lang='grc' dir='ltr'>εὐγνωμονῶν</span> <span class='ocrx_word' id='word_1_285' title='bbox 991 2401 1384 2470; x_wconf 78' lang='grc' dir='ltr'>ἐπιμέμφοιτο,</span> <span class='ocrx_word' id='word_1_286' title='bbox 1406 2402 1588 2456; x_wconf 83' lang='grc' dir='ltr'>οὐκέτι</span> <span class='ocrx_word' id='word_1_287' title='bbox 1605 2402 1649 2456; x_wconf 88' lang='grc' dir='ltr'>δ’</span> <span class='ocrx_word' id='word_1_288' title='bbox 1670 2403 1871 2473; x_wconf 86' lang='grc' dir='ltr'>ὁμοίως</span> 
     </span>
    </p>
   </div>
   <div class='ocr_carea' id='block_1_42' title="bbox 283 2492 1871 2565">
    <p class='ocr_par' dir='ltr' id='par_1_42' title="bbox 283 2492 1871 2565">
     <span class='ocr_line' id='line_1_42' title="bbox 283 2492 1871 2565; baseline 0.003 -19"><span class='ocrx_word' id='word_1_289' title='bbox 283 2494 383 2546; x_wconf 85' lang='grc' dir='ltr'><strong>καὶ</strong></span> <span class='ocrx_word' id='word_1_290' title='bbox 430 2493 496 2547; x_wconf 81' lang='grc' dir='ltr'>τὸ</span> <span class='ocrx_word' id='word_1_291' title='bbox 526 2492 707 2564; x_wconf 74' lang='grc' dir='ltr'>ἔργον.</span> <span class='ocrx_word' id='word_1_292' title='bbox 764 2496 840 2547; x_wconf 84' lang='grc' dir='ltr'><strong>Οὐ</strong></span> <span class='ocrx_word' id='word_1_293' title='bbox 880 2495 1019 2565; x_wconf 76' lang='grc' dir='ltr'>ῥητὰ</span> <span class='ocrx_word' id='word_1_294' title='bbox 1049 2494 1157 2563; x_wconf 77' lang='grc' dir='ltr'><strong>γάρ</strong></span> <span class='ocrx_word' id='word_1_295' title='bbox 1215 2494 1374 2565; x_wconf 90' lang='grc' dir='ltr'>μόνον</span> <span class='ocrx_word' id='word_1_296' title='bbox 1405 2497 1464 2550; x_wconf 84' lang='grc' dir='ltr'><strong>ἐν</strong></span> <span class='ocrx_word' id='word_1_297' title='bbox 1513 2496 1726 2560; x_wconf 80' lang='grc' dir='ltr'>πολλοῖς</span> <span class='ocrx_word' id='word_1_298' title='bbox 1776 2499 1871 2551; x_wconf 77' lang='grc' dir='ltr'>καὶ</span> 
     </span>
    </p>
   </div>
   <div class='ocr_carea' id='block_1_43' title="bbox 285 2586 1874 2658">
    <p class='ocr_par' dir='ltr' id='par_1_43' title="bbox 285 2586 1874 2658">
     <span class='ocr_line' id='line_1_43' title="bbox 285 2586 1874 2658; baseline 0.002 -19"><span class='ocrx_word' id='word_1_299' title='bbox 285 2586 553 2648; x_wconf 75' lang='grc' dir='ltr'>πολλάκις</span> <span class='ocrx_word' id='word_1_300' title='bbox 583 2586 903 2656; x_wconf 78' lang='grc' dir='ltr'>ἀνάρμοστα</span> <span class='ocrx_word' id='word_1_301' title='bbox 928 2588 1040 2649; x_wconf 83' lang='grc' dir='ltr'>τοῖς</span> <span class='ocrx_word' id='word_1_302' title='bbox 1066 2586 1360 2657; x_wconf 81' lang='grc' dir='ltr'>ἡμετέροις</span> <span class='ocrx_word' id='word_1_303' title='bbox 1390 2586 1555 2651; x_wconf 86' lang='grc' dir='ltr'>θείοις</span> <span class='ocrx_word' id='word_1_304' title='bbox 1607 2587 1874 2658; x_wconf 87' lang='grc' dir='ltr'>δόγμασιν</span> 
     </span>
    </p>
   </div>
   <div class='ocr_carea' id='block_1_44' title="bbox 285 2677 1874 2751">
    <p class='ocr_par' dir='ltr' id='par_1_44' title="bbox 285 2677 1874 2751">
     <span class='ocr_line' id='line_1_44' title="bbox 285 2677 1874 2751; baseline 0.001 -19"><span class='ocrx_word' id='word_1_305' title='bbox 285 2677 628 2751; x_wconf 76' lang='grc' dir='ltr'>ἐφαρμόζειν</span> <span class='ocrx_word' id='word_1_306' title='bbox 657 2678 996 2744; x_wconf 78' lang='grc' dir='ltr'>ἐκϐιάζεται,</span> <span class='ocrx_word' id='word_1_307' title='bbox 1036 2678 1173 2732; x_wconf 76' lang='grc' dir='ltr'>ἀλλὰ</span> <span class='ocrx_word' id='word_1_308' title='bbox 1200 2681 1296 2732; x_wconf 72' lang='grc' dir='ltr'><strong>καὶ</strong></span> <span class='ocrx_word' id='word_1_309' title='bbox 1356 2678 1561 2750; x_wconf 84' lang='grc' dir='ltr'>μύθους</span> <span class='ocrx_word' id='word_1_310' title='bbox 1585 2679 1684 2733; x_wconf 76' lang='grc' dir='ltr'>καὶ</span> <span class='ocrx_word' id='word_1_311' title='bbox 1735 2680 1874 2733; x_wconf 81' lang='grc' dir='ltr'>ὀνεί-</span> 
     </span>
    </p>
   </div>
   <div class='ocr_carea' id='block_1_45' title="bbox 289 2770 1876 2842">
    <p class='ocr_par' dir='ltr' id='par_1_45' title="bbox 289 2770 1876 2842">
     <span class='ocr_line' id='line_1_45' title="bbox 289 2770 1876 2842; baseline 0.001 -19"><span class='ocrx_word' id='word_1_312' title='bbox 289 2788 418 2841; x_wconf 84' lang='grc' dir='ltr'>ρους</span> <span class='ocrx_word' id='word_1_313' title='bbox 440 2772 572 2834; x_wconf 79' lang='grc' dir='ltr'>τοὺς</span> <span class='ocrx_word' id='word_1_314' title='bbox 604 2770 736 2842; x_wconf 86' lang='grc' dir='ltr'>παρ’</span> <span class='ocrx_word' id='word_1_315' title='bbox 786 2770 968 2824; x_wconf 84' lang='grc' dir='ltr'>αὐτῶν</span> <span class='ocrx_word' id='word_1_316' title='bbox 1010 2772 1239 2825; x_wconf 81' lang='grc' dir='ltr'>ἐκείνων</span> <span class='ocrx_word' id='word_1_317' title='bbox 1268 2772 1378 2825; x_wconf 83' lang='grc' dir='ltr'><strong>τῶν</strong></span> <span class='ocrx_word' id='word_1_318' title='bbox 1401 2772 1671 2826; x_wconf 84' lang='grc' dir='ltr'>τεκόντων</span> <span class='ocrx_word' id='word_1_319' title='bbox 1704 2772 1876 2841; x_wconf 86' lang='grc' dir='ltr'>γελω-</span> 
     </span>
    </p>
   </div>
   <div class='ocr_carea' id='block_1_46' title="bbox 289 2862 1876 2934">
    <p class='ocr_par' dir='ltr' id='par_1_46' title="bbox 289 2862 1876 2934">
     <span class='ocr_line' id='line_1_46' title="bbox 289 2862 1876 2934; baseline 0.001 -19"><span class='ocrx_word' id='word_1_320' title='bbox 289 2863 492 2934; x_wconf 82' lang='grc' dir='ltr'>μένους</span> <span class='ocrx_word' id='word_1_321' title='bbox 522 2862 612 2930; x_wconf 83' lang='grc' dir='ltr'>ἂν,</span> <span class='ocrx_word' id='word_1_322' title='bbox 635 2862 752 2931; x_wconf 78' lang='grc' dir='ltr'>εἴγε</span> <span class='ocrx_word' id='word_1_323' title='bbox 786 2864 1083 2933; x_wconf 77' lang='grc' dir='ltr'>σωφρονεῖν</span> <span class='ocrx_word' id='word_1_324' title='bbox 1120 2862 1365 2934; x_wconf 81' lang='grc' dir='ltr'>ἔμελλον.</span> <span class='ocrx_word' id='word_1_325' title='bbox 1418 2863 1475 2917; x_wconf 80' lang='grc' dir='ltr'>Ὀ</span> <span class='ocrx_word' id='word_1_326' title='bbox 1508 2863 1566 2916; x_wconf 82' lang='grc' dir='ltr'>δὲ</span> <span class='ocrx_word' id='word_1_327' title='bbox 1594 2863 1715 2917; x_wconf 85' lang='grc' dir='ltr'>οὐδέ</span> <span class='ocrx_word' id='word_1_328' title='bbox 1750 2863 1876 2917; x_wconf 86' lang='grc' dir='ltr'>τού-</span> 
     </span>
    </p>
   </div>
   <div class='ocr_carea' id='block_1_47' title="bbox 285 2954 1877 3027">
    <p class='ocr_par' dir='ltr' id='par_1_47' title="bbox 285 2954 1877 3027">
     <span class='ocr_line' id='line_1_47' title="bbox 285 2954 1877 3027; baseline 0 -17"><span class='ocrx_word' id='word_1_329' title='bbox 285 2974 420 3021; x_wconf 84' lang='grc' dir='ltr'>τους</span> <span class='ocrx_word' id='word_1_330' title='bbox 437 2958 622 3025; x_wconf 84' lang='grc' dir='ltr'>λέγειν</span> <span class='ocrx_word' id='word_1_331' title='bbox 655 2959 1005 3026; x_wconf 86' lang='grc' dir='ltr'>παραιτεῖται</span> <span class='ocrx_word' id='word_1_332' title='bbox 1029 2959 1096 3026; x_wconf 83' lang='grc' dir='ltr'><strong>τῇ</strong></span> <span class='ocrx_word' id='word_1_333' title='bbox 1128 2955 1378 3027; x_wconf 78' lang='grc' dir='ltr'>ἡμετέρᾳ</span> <span class='ocrx_word' id='word_1_334' title='bbox 1433 2954 1694 3026; x_wconf 78' lang='grc' dir='ltr'>θεοσοφίᾳ</span> <span class='ocrx_word' id='word_1_335' title='bbox 1739 2972 1877 3025; x_wconf 84' lang='grc' dir='ltr'>συμ·-</span> 
     </span>
    </p>
   </div>
   <div class='ocr_carea' id='block_1_48' title="bbox 1966 1761 2735 1834">
    <p class='ocr_par' dir='ltr' id='par_1_48' title="bbox 1966 1761 2735 1834">
     <span class='ocr_line' id='line_1_48' title="bbox 1966 1761 2735 1834; baseline 0.003 -19"><span class='ocrx_word' id='word_1_336' title='bbox 1966 1762 2220 1833; x_wconf 84' lang='lat' dir='ltr'><strong>pietatem</strong></span> <span class='ocrx_word' id='word_1_337' title='bbox 2254 1761 2384 1817; x_wconf 93' lang='lat' dir='ltr'><strong>licet</strong></span> <span class='ocrx_word' id='word_1_338' title='bbox 2418 1776 2735 1834; x_wconf 78' lang='lat' dir='ltr'><strong>agnoscere.</strong></span> 
     </span>
    </p>
   </div>
   <div class='ocr_carea' id='block_1_49' title="bbox 2034 1853 3545 1925">
    <p class='ocr_par' dir='ltr' id='par_1_49' title="bbox 2034 1853 3545 1925">
     <span class='ocr_line' id='line_1_49' title="bbox 2034 1853 3545 1925; baseline -0.003 -15"><span class='ocrx_word' id='word_1_339' title='bbox 2034 1855 2119 1910; x_wconf 86' lang='lat' dir='ltr'><strong>Ad</strong></span> <span class='ocrx_word' id='word_1_340' title='bbox 2170 1853 2435 1909; x_wconf 89' lang='lat' dir='ltr'><strong>orationis</strong></span> <span class='ocrx_word' id='word_1_341' title='bbox 2471 1868 2601 1909; x_wconf 80' lang='lat' dir='ltr'><strong>vero</strong></span> <span class='ocrx_word' id='word_1_342' title='bbox 2644 1854 2763 1925; x_wconf 87' lang='lat' dir='ltr'><strong>ejus</strong></span> <span class='ocrx_word' id='word_1_343' title='bbox 2794 1853 2973 1909; x_wconf 88' lang='lat' dir='ltr'><strong>ideam</strong></span> <span class='ocrx_word' id='word_1_344' title='bbox 3028 1854 3172 1925; x_wconf 89' lang='lat' dir='ltr'><strong>quod</strong></span> <span class='ocrx_word' id='word_1_345' title='bbox 3213 1853 3429 1921; x_wconf 88' lang='lat' dir='ltr'><strong>attinet,</strong></span> <span class='ocrx_word' id='word_1_346' title='bbox 3481 1866 3545 1907; x_wconf 80' lang='lat' dir='ltr'><strong>ct</strong></span> 
     </span>
    </p>
   </div>
   <div class='ocr_carea' id='block_1_50' title="bbox 1969 1945 3545 2017">
    <p class='ocr_par' dir='ltr' id='par_1_50' title="bbox 1969 1945 3545 2017">
     <span class='ocr_line' id='line_1_50' title="bbox 1969 1945 3545 2017; baseline -0.004 -15"><span class='ocrx_word' id='word_1_347' title='bbox 1969 1948 2114 2002; x_wconf 88' lang='lat' dir='ltr'><strong>nulla</strong></span> <span class='ocrx_word' id='word_1_348' title='bbox 2146 1962 2269 2004; x_wconf 90' lang='lat' dir='ltr'><strong>esse</strong></span> <span class='ocrx_word' id='word_1_349' title='bbox 2308 1961 2467 2017; x_wconf 88' lang='lat' dir='ltr'><strong>posse</strong></span> <span class='ocrx_word' id='word_1_350' title='bbox 2494 1946 2731 2002; x_wconf 86' lang='lat' dir='ltr'><strong>videtur.</strong></span> <span class='ocrx_word' id='word_1_351' title='bbox 2767 1945 2904 2001; x_wconf 86' lang='lat' dir='ltr'><strong>Nam</strong></span> <span class='ocrx_word' id='word_1_352' title='bbox 2943 1958 2998 2002; x_wconf 87' lang='lat' dir='ltr'><strong>et</strong></span> <span class='ocrx_word' id='word_1_353' title='bbox 3023 1948 3345 2015; x_wconf 81' lang='lat' dir='ltr'><strong>compositio</strong></span> <span class='ocrx_word' id='word_1_354' title='bbox 3385 1946 3459 1999; x_wconf 88' lang='lat' dir='ltr'><strong>ita</strong></span> <span class='ocrx_word' id='word_1_355' title='bbox 3491 1945 3545 2000; x_wconf 84' lang='lat' dir='ltr'><strong>it</strong></span> 
     </span>
    </p>
   </div>
   <div class='ocr_carea' id='block_1_51' title="bbox 1969 2036 3549 2110">
    <p class='ocr_par' dir='ltr' id='par_1_51' title="bbox 1969 2036 3549 2110">
     <span class='ocr_line' id='line_1_51' title="bbox 1969 2036 3549 2110; baseline -0.004 -19"><span class='ocrx_word' id='word_1_356' title='bbox 1969 2039 2242 2110; x_wconf 85' lang='lat' dir='ltr'><strong>plerisque</strong></span> <span class='ocrx_word' id='word_1_357' title='bbox 2288 2040 2532 2110; x_wconf 89' lang='lat' dir='ltr'><strong>neglecta</strong></span> <span class='ocrx_word' id='word_1_358' title='bbox 2575 2046 2678 2103; x_wconf 90' lang='lat' dir='ltr'><strong>est,</strong></span> <span class='ocrx_word' id='word_1_359' title='bbox 2716 2037 2956 2107; x_wconf 65' lang='lat' dir='ltr'><strong>ipsaeque</strong></span> <span class='ocrx_word' id='word_1_360' title='bbox 2998 2039 3133 2092; x_wconf 89' lang='lat' dir='ltr'><strong>adeo</strong></span> <span class='ocrx_word' id='word_1_361' title='bbox 3162 2036 3453 2099; x_wconf 75' lang='lat' dir='ltr'><strong>dictiones,</strong></span> <span class='ocrx_word' id='word_1_362' title='bbox 3490 2049 3549 2088; x_wconf 77' lang='grc' dir='ltr'><strong>ιιι</strong></span> 
     </span>
    </p>
   </div>
   <div class='ocr_carea' id='block_1_52' title="bbox 1969 2130 3549 2188">
    <p class='ocr_par' dir='ltr' id='par_1_52' title="bbox 1969 2130 3549 2188">
     <span class='ocr_line' id='line_1_52' title="bbox 1969 2130 3549 2188; baseline -0.003 -2"><span class='ocrx_word' id='word_1_363' title='bbox 1969 2147 2069 2188; x_wconf 86' lang='lat' dir='ltr'><strong>nec</strong></span> <span class='ocrx_word' id='word_1_364' title='bbox 2103 2147 2132 2186; x_wconf 89' lang='lat' dir='ltr'><strong>a</strong></span> <span class='ocrx_word' id='word_1_365' title='bbox 2160 2132 2467 2188; x_wconf 81' lang='lat' dir='ltr'><strong>trivialibus</strong></span> <span class='ocrx_word' id='word_1_366' title='bbox 2511 2132 2785 2187; x_wconf 84' lang='lat' dir='ltr'><strong>interdum</strong></span> <span class='ocrx_word' id='word_1_367' title='bbox 2815 2130 2993 2184; x_wconf 80' lang='lat' dir='ltr'><strong>verbis</strong></span> <span class='ocrx_word' id='word_1_368' title='bbox 3017 2130 3329 2184; x_wconf 84' lang='lat' dir='ltr'><strong>abstineat:</strong></span> <span class='ocrx_word' id='word_1_369' title='bbox 3362 2138 3418 2182; x_wconf 82' lang='lat' dir='ltr'><strong>et</strong></span> <span class='ocrx_word' id='word_1_370' title='bbox 3455 2141 3549 2181; x_wconf 85' lang='lat' dir='ltr'><strong>eo-</strong></span> 
     </span>
    </p>
   </div>
   <div class='ocr_carea' id='block_1_53' title="bbox 1969 2216 3548 2293">
    <p class='ocr_par' dir='ltr' id='par_1_53' title="bbox 1969 2216 3548 2293">
     <span class='ocr_line' id='line_1_53' title="bbox 1969 2216 3548 2293; baseline -0.004 -15"><span class='ocrx_word' id='word_1_371' title='bbox 1969 2237 2089 2278; x_wconf 89' lang='lat' dir='ltr'><strong>rum</strong></span> <span class='ocrx_word' id='word_1_372' title='bbox 2117 2222 2248 2278; x_wconf 90' lang='lat' dir='ltr'><strong>item</strong></span> <span class='ocrx_word' id='word_1_373' title='bbox 2287 2237 2408 2293; x_wconf 88' lang='lat' dir='ltr'><strong>quae</strong></span> <span class='ocrx_word' id='word_1_374' title='bbox 2441 2222 2635 2278; x_wconf 86' lang='lat' dir='ltr'><strong>scribit</strong></span> <span class='ocrx_word' id='word_1_375' title='bbox 2664 2223 2933 2277; x_wconf 88' lang='lat' dir='ltr'><strong>sententia</strong></span> <span class='ocrx_word' id='word_1_376' title='bbox 2954 2220 3123 2277; x_wconf 85' lang='lat' dir='ltr'><strong>nihilo</strong></span> <span class='ocrx_word' id='word_1_377' title='bbox 3141 2220 3229 2275; x_wconf 92' lang='lat' dir='ltr'><strong>his</strong></span> <span class='ocrx_word' id='word_1_378' title='bbox 3253 2216 3548 2289; x_wconf 80' lang='lat' dir='ltr'><strong>aliquando</strong></span> 
     </span>
    </p>
   </div>
   <div class='ocr_carea' id='block_1_54' title="bbox 1971 2310 3550 2382">
    <p class='ocr_par' dir='ltr' id='par_1_54' title="bbox 1971 2310 3550 2382">
     <span class='ocr_line' id='line_1_54' title="bbox 1971 2310 3550 2382; baseline -0.001 -15"><span class='ocrx_word' id='word_1_379' title='bbox 1971 2313 2165 2369; x_wconf 89' lang='lat' dir='ltr'><strong>melior</strong></span> <span class='ocrx_word' id='word_1_380' title='bbox 2198 2315 2402 2369; x_wconf 86' lang='lat' dir='ltr'><strong>evadit.</strong></span> <span class='ocrx_word' id='word_1_381' title='bbox 2448 2314 2629 2382; x_wconf 83' lang='lat' dir='ltr'><strong>Quare</strong></span> <span class='ocrx_word' id='word_1_382' title='bbox 2687 2313 2786 2369; x_wconf 85' lang='lat' dir='ltr'><strong>etsi</strong></span> <span class='ocrx_word' id='word_1_383' title='bbox 2823 2313 3063 2368; x_wconf 85' lang='lat' dir='ltr'><strong>laborem</strong></span> <span class='ocrx_word' id='word_1_384' title='bbox 3090 2312 3214 2377; x_wconf 83' lang='lat' dir='ltr'><strong>viri,</strong></span> <span class='ocrx_word' id='word_1_385' title='bbox 3252 2310 3443 2382; x_wconf 77' lang='lat' dir='ltr'><strong>117b</strong></span> <span class='ocrx_word' id='word_1_386' title='bbox 3484 2324 3550 2366; x_wconf 88' lang='lat' dir='ltr'><strong>ac</strong></span> 
     </span>
    </p>
   </div>
   <div class='ocr_carea' id='block_1_55' title="bbox 1971 2404 3551 2474">
    <p class='ocr_par' dir='ltr' id='par_1_55' title="bbox 1971 2404 3551 2474">
     <span class='ocr_line' id='line_1_55' title="bbox 1971 2404 3551 2474; baseline -0.003 -15"><span class='ocrx_word' id='word_1_387' title='bbox 1971 2420 2195 2474; x_wconf 89' lang='lat' dir='ltr'><strong>scopum</strong></span> <span class='ocrx_word' id='word_1_388' title='bbox 2242 2407 2499 2462; x_wconf 87' lang='lat' dir='ltr'><strong>cordatus</strong></span> <span class='ocrx_word' id='word_1_389' title='bbox 2539 2421 2700 2461; x_wconf 89' lang='lat' dir='ltr'><strong>nemo</strong></span> <span class='ocrx_word' id='word_1_390' title='bbox 2734 2407 2932 2461; x_wconf 91' lang='lat' dir='ltr'><strong>merito</strong></span> <span class='ocrx_word' id='word_1_391' title='bbox 2964 2406 3348 2474; x_wconf 86' lang='lat' dir='ltr'><strong>reprehendat,</strong></span> <span class='ocrx_word' id='word_1_392' title='bbox 3376 2404 3551 2472; x_wconf 80' lang='lat' dir='ltr'><strong>ipsum</strong></span> 
     </span>
    </p>
   </div>
   <div class='ocr_carea' id='block_1_56' title="bbox 1976 2488 3553 2565">
    <p class='ocr_par' dir='ltr' id='par_1_56' title="bbox 1976 2488 3553 2565">
     <span class='ocr_line' id='line_1_56' title="bbox 1976 2488 3553 2565; baseline -0.005 -16"><span class='ocrx_word' id='word_1_393' title='bbox 1976 2505 2156 2550; x_wconf 87' lang='lat' dir='ltr'><strong>tamen</strong></span> <span class='ocrx_word' id='word_1_394' title='bbox 2185 2510 2322 2564; x_wconf 80' lang='lat' dir='ltr'><strong>Opus</strong></span> <span class='ocrx_word' id='word_1_395' title='bbox 2359 2511 2463 2549; x_wconf 90' lang='lat' dir='ltr'><strong>non</strong></span> <span class='ocrx_word' id='word_1_396' title='bbox 2500 2496 2724 2565; x_wconf 85' lang='lat' dir='ltr'><strong>perinde</strong></span> <span class='ocrx_word' id='word_1_397' title='bbox 2754 2509 2813 2549; x_wconf 92' lang='lat' dir='ltr'><strong>se</strong></span> <span class='ocrx_word' id='word_1_398' title='bbox 2844 2495 3026 2548; x_wconf 86' lang='lat' dir='ltr'><strong>habet.</strong></span> <span class='ocrx_word' id='word_1_399' title='bbox 3067 2491 3182 2546; x_wconf 86' lang='lat' dir='ltr'><strong>Non</strong></span> <span class='ocrx_word' id='word_1_400' title='bbox 3213 2491 3386 2545; x_wconf 89' lang='lat' dir='ltr'><strong>solum</strong></span> <span class='ocrx_word' id='word_1_401' title='bbox 3406 2488 3553 2543; x_wconf 90' lang='lat' dir='ltr'><strong>enim</strong></span> 
     </span>
    </p>
   </div>
   <div class='ocr_carea' id='block_1_57' title="bbox 1972 2580 3553 2656">
    <p class='ocr_par' dir='ltr' id='par_1_57' title="bbox 1972 2580 3553 2656">
     <span class='ocr_line' id='line_1_57' title="bbox 1972 2580 3553 2656; baseline -0.003 -16"><span class='ocrx_word' id='word_1_402' title='bbox 1972 2586 2316 2642; x_wconf 84' lang='lat' dir='ltr'><strong>dissentanea</strong></span> <span class='ocrx_word' id='word_1_403' title='bbox 2357 2600 2499 2656; x_wconf 68' lang='lat' dir='ltr'><strong>smpc</strong></span> <span class='ocrx_word' id='word_1_404' title='bbox 2528 2587 2583 2640; x_wconf 92' lang='lat' dir='ltr'><strong>in</strong></span> <span class='ocrx_word' id='word_1_405' title='bbox 2626 2585 2810 2640; x_wconf 89' lang='lat' dir='ltr'><strong>multis</strong></span> <span class='ocrx_word' id='word_1_406' title='bbox 2843 2586 2987 2640; x_wconf 88' lang='lat' dir='ltr'><strong>dicta</strong></span> <span class='ocrx_word' id='word_1_407' title='bbox 3020 2585 3219 2637; x_wconf 80' lang='lat' dir='ltr'><strong>divinae</strong></span> <span class='ocrx_word' id='word_1_408' title='bbox 3256 2589 3458 2637; x_wconf 78' lang='lat' dir='ltr'><strong>nostra:</strong></span> <span class='ocrx_word' id='word_1_409' title='bbox 3485 2580 3553 2636; x_wconf 86' lang='lat' dir='ltr'><strong>li-</strong></span> 
     </span>
    </p>
   </div>
   <div class='ocr_carea' id='block_1_58' title="bbox 1974 2674 3558 2744">
    <p class='ocr_par' dir='ltr' id='par_1_58' title="bbox 1974 2674 3558 2744">
     <span class='ocr_line' id='line_1_58' title="bbox 1974 2674 3558 2744; baseline -0.003 -9"><span class='ocrx_word' id='word_1_410' title='bbox 1974 2681 2057 2736; x_wconf 91' lang='lat' dir='ltr'><strong>dei</strong></span> <span class='ocrx_word' id='word_1_411' title='bbox 2092 2680 2507 2736; x_wconf 87' lang='lat' dir='ltr'><strong>accommodare</strong></span> <span class='ocrx_word' id='word_1_412' title='bbox 2541 2679 2768 2744; x_wconf 89' lang='lat' dir='ltr'><strong>nititur;</strong></span> <span class='ocrx_word' id='word_1_413' title='bbox 2803 2691 2991 2733; x_wconf 83' lang='lat' dir='ltr'><strong>verum</strong></span> <span class='ocrx_word' id='word_1_414' title='bbox 3034 2679 3199 2731; x_wconf 83' lang='lat' dir='ltr'><strong>etiam</strong></span> <span class='ocrx_word' id='word_1_415' title='bbox 3244 2674 3459 2735; x_wconf 77' lang='lat' dir='ltr'><strong>fabulas</strong></span> <span class='ocrx_word' id='word_1_416' title='bbox 3492 2689 3558 2731; x_wconf 84' lang='lat' dir='ltr'><strong>ac</strong></span> 
     </span>
    </p>
   </div>
   <div class='ocr_carea' id='block_1_59' title="bbox 1974 2768 3559 2845">
    <p class='ocr_par' dir='ltr' id='par_1_59' title="bbox 1974 2768 3559 2845">
     <span class='ocr_line' id='line_1_59' title="bbox 1974 2768 3559 2845; baseline -0.005 -16"><span class='ocrx_word' id='word_1_417' title='bbox 1974 2775 2206 2840; x_wconf 86' lang='lat' dir='ltr'><strong>somnia,</strong></span> <span class='ocrx_word' id='word_1_418' title='bbox 2236 2789 2359 2845; x_wconf 82' lang='lat' dir='ltr'><strong>quae</strong></span> <span class='ocrx_word' id='word_1_419' title='bbox 2387 2772 2473 2829; x_wconf 84' lang='lat' dir='ltr'><strong>vel</strong></span> <span class='ocrx_word' id='word_1_420' title='bbox 2503 2773 2571 2828; x_wconf 89' lang='lat' dir='ltr'><strong>ab</strong></span> <span class='ocrx_word' id='word_1_421' title='bbox 2597 2772 2866 2843; x_wconf 88' lang='lat' dir='ltr'><strong>ipsismet,</strong></span> <span class='ocrx_word' id='word_1_422' title='bbox 2901 2773 2993 2840; x_wconf 86' lang='lat' dir='ltr'><strong>qui</strong></span> <span class='ocrx_word' id='word_1_423' title='bbox 3020 2769 3376 2840; x_wconf 90' lang='lat' dir='ltr'><strong>prodiderunt</strong></span> <span class='ocrx_word' id='word_1_424' title='bbox 3414 2768 3559 2824; x_wconf 86' lang='lat' dir='ltr'><strong>scri-</strong></span> 
     </span>
    </p>
   </div>
   <div class='ocr_carea' id='block_1_60' title="bbox 1976 2864 3554 2936">
    <p class='ocr_par' dir='ltr' id='par_1_60' title="bbox 1976 2864 3554 2936">
     <span class='ocr_line' id='line_1_60' title="bbox 1976 2864 3554 2936; baseline -0.004 -16"><span class='ocrx_word' id='word_1_425' title='bbox 1976 2867 2249 2935; x_wconf 89' lang='lat' dir='ltr'><strong>ptoribus,</strong></span> <span class='ocrx_word' id='word_1_426' title='bbox 2279 2867 2324 2922; x_wconf 90' lang='lat' dir='ltr'><strong>si</strong></span> <span class='ocrx_word' id='word_1_427' title='bbox 2344 2865 2475 2936; x_wconf 87' lang='lat' dir='ltr'><strong>quid</strong></span> <span class='ocrx_word' id='word_1_428' title='bbox 2503 2872 2787 2934; x_wconf 86' lang='lat' dir='ltr'><strong>saperent,</strong></span> <span class='ocrx_word' id='word_1_429' title='bbox 2815 2864 3150 2918; x_wconf 89' lang='lat' dir='ltr'><strong>irrideantur</strong></span> <span class='ocrx_word' id='word_1_430' title='bbox 3185 2878 3198 2915; x_wconf 92' lang='lat'><strong>:</strong></span> <span class='ocrx_word' id='word_1_431' title='bbox 3229 2876 3348 2931; x_wconf 67' lang='lat' dir='ltr'><strong>qua:</strong></span> <span class='ocrx_word' id='word_1_432' title='bbox 3373 2867 3554 2914; x_wconf 89' lang='lat' dir='ltr'><strong>tamen</strong></span> 
     </span>
    </p>
   </div>
   <div class='ocr_carea' id='block_1_61' title="bbox 1978 2952 3559 3014">
    <p class='ocr_par' dir='ltr' id='par_1_61' title="bbox 1978 2952 3559 3014">
     <span class='ocr_line' id='line_1_61' title="bbox 1978 2952 3559 3014; baseline -0.005 0"><span class='ocrx_word' id='word_1_433' title='bbox 1978 2958 2067 3014; x_wconf 93' lang='lat' dir='ltr'><strong>ille</strong></span> <span class='ocrx_word' id='word_1_434' title='bbox 2094 2958 2416 3014; x_wconf 82' lang='lat' dir='ltr'><strong>Christianae</strong></span> <span class='ocrx_word' id='word_1_435' title='bbox 2459 2967 2662 3013; x_wconf 71' lang='lat' dir='ltr'><strong>nostra:</strong></span> <span class='ocrx_word' id='word_1_436' title='bbox 2708 2957 2831 3013; x_wconf 85' lang='lat' dir='ltr'><strong>ﬁdei</strong></span> <span class='ocrx_word' id='word_1_437' title='bbox 2875 2956 3183 3012; x_wconf 89' lang='lat' dir='ltr'><strong>conducere</strong></span> <span class='ocrx_word' id='word_1_438' title='bbox 3236 2954 3372 3008; x_wconf 88' lang='lat' dir='ltr'><strong>adeo</strong></span> <span class='ocrx_word' id='word_1_439' title='bbox 3409 2952 3559 3007; x_wconf 83' lang='lat' dir='ltr'><strong>allir-</strong></span> 
     </span>
    </p>
   </div>
   <div class='ocr_carea' id='block_1_62' title="bbox 290 3046 1871 3119">
    <p class='ocr_par' dir='ltr' id='par_1_62' title="bbox 290 3047 1871 3119">
     <span class='ocr_line' id='line_1_62' title="bbox 290 3047 1871 3119; baseline -0.001 -18"><span class='ocrx_word' id='word_1_440' title='bbox 290 3048 585 3118; x_wconf 78' lang='grc' dir='ltr'>φέρεσθαι,</span> <span class='ocrx_word' id='word_1_441' title='bbox 641 3048 779 3102; x_wconf 80' lang='grc' dir='ltr'>ἀλλὰ</span> <span class='ocrx_word' id='word_1_442' title='bbox 806 3048 901 3100; x_wconf 81' lang='grc' dir='ltr'>καὶ</span> <span class='ocrx_word' id='word_1_443' title='bbox 935 3050 1155 3101; x_wconf 80' lang='grc' dir='ltr'>σπεύδει</span> <span class='ocrx_word' id='word_1_444' title='bbox 1183 3048 1283 3119; x_wconf 76' lang='grc' dir='ltr'>τὴν</span> <span class='ocrx_word' id='word_1_445' title='bbox 1306 3050 1363 3101; x_wconf 85' lang='grc' dir='ltr'><strong>ἐν</strong></span> <span class='ocrx_word' id='word_1_446' title='bbox 1400 3050 1512 3111; x_wconf 79' lang='grc' dir='ltr'>τοῖς</span> <span class='ocrx_word' id='word_1_447' title='bbox 1542 3047 1735 3118; x_wconf 78' lang='grc' dir='ltr'>μύθοις</span> <span class='ocrx_word' id='word_1_448' title='bbox 1782 3048 1871 3102; x_wconf 75' lang='grc' dir='ltr'>καὶ</span> 
     </span>
    </p>
   </div>
   <div class='ocr_carea' id='block_1_63' title="bbox 1979 3046 3563 3119">
    <p class='ocr_par' dir='ltr' id='par_1_63' title="bbox 1982 3046 3563 3119">
     <span class='ocr_line' id='line_1_63' title="bbox 1982 3046 3563 3119; baseline -0.003 -14"><span class='ocrx_word' id='word_1_449' title='bbox 1982 3067 2130 3106; x_wconf 88' lang='lat' dir='ltr'><strong>mare</strong></span> <span class='ocrx_word' id='word_1_450' title='bbox 2160 3067 2268 3106; x_wconf 91' lang='lat' dir='ltr'><strong>non</strong></span> <span class='ocrx_word' id='word_1_451' title='bbox 2301 3060 2544 3118; x_wconf 82' lang='lat' dir='ltr'><strong>veretur,</strong></span> <span class='ocrx_word' id='word_1_452' title='bbox 2571 3060 2630 3106; x_wconf 91' lang='lat' dir='ltr'><strong>ut</strong></span> <span class='ocrx_word' id='word_1_453' title='bbox 2651 3051 2898 3107; x_wconf 86' lang='lat' dir='ltr'><strong>studiose</strong></span> <span class='ocrx_word' id='word_1_454' title='bbox 2922 3063 3139 3119; x_wconf 89' lang='lat' dir='ltr'><strong>quoque</strong></span> <span class='ocrx_word' id='word_1_455' title='bbox 3173 3046 3482 3102; x_wconf 79' lang='lat' dir='ltr'><strong>fabularum</strong></span> <span class='ocrx_word' id='word_1_456' title='bbox 3504 3055 3563 3101; x_wconf 90' lang='lat' dir='ltr'><strong>et</strong></span> 
     </span>
    </p>
   </div>
   <div class='ocr_carea' id='block_1_64' title="bbox 289 3140 1874 3213">
    <p class='ocr_par' dir='ltr' id='par_1_64' title="bbox 289 3140 1874 3213">
     <span class='ocr_line' id='line_1_64' title="bbox 289 3140 1874 3213; baseline -0.001 -19"><span class='ocrx_word' id='word_1_457' title='bbox 289 3142 528 3213; x_wconf 83' lang='grc' dir='ltr'>ὀνείροις</span> <span class='ocrx_word' id='word_1_458' title='bbox 566 3140 858 3195; x_wconf 82' lang='grc' dir='ltr'>ἀλλόκοτον</span> <span class='ocrx_word' id='word_1_459' title='bbox 886 3141 1096 3195; x_wconf 76' lang='grc' dir='ltr'>ἔννοιαν</span> <span class='ocrx_word' id='word_1_460' title='bbox 1123 3143 1203 3205; x_wconf 86' lang='grc' dir='ltr'><strong>εἰς</strong></span> <span class='ocrx_word' id='word_1_461' title='bbox 1224 3141 1323 3203; x_wconf 73' lang='grc' dir='ltr'><strong>τὰς</strong></span> <span class='ocrx_word' id='word_1_462' title='bbox 1355 3141 1581 3211; x_wconf 83' lang='grc' dir='ltr'>ἀληθεῖς</span> <span class='ocrx_word' id='word_1_463' title='bbox 1610 3142 1704 3194; x_wconf 74' lang='grc' dir='ltr'>καὶ</span> <span class='ocrx_word' id='word_1_464' title='bbox 1755 3141 1874 3193; x_wconf 90' lang='grc' dir='ltr'>θεο-</span> 
     </span>
    </p>
   </div>
   <div class='ocr_carea' id='block_1_65' title="bbox 290 3229 1881 3305">
    <p class='ocr_par' dir='ltr' id='par_1_65' title="bbox 290 3229 1881 3305">
     <span class='ocr_line' id='line_1_65' title="bbox 290 3229 1881 3305; baseline -0.001 -19"><span class='ocrx_word' id='word_1_465' title='bbox 290 3235 526 3305; x_wconf 78' lang='grc' dir='ltr'>πρεπεῖς</span> <span class='ocrx_word' id='word_1_466' title='bbox 557 3234 653 3286; x_wconf 79' lang='grc' dir='ltr'>καὶ</span> <span class='ocrx_word' id='word_1_467' title='bbox 686 3233 1162 3303; x_wconf 82' lang='grc' dir='ltr'>ἀπαραγράπτους</span> <span class='ocrx_word' id='word_1_468' title='bbox 1214 3232 1308 3286; x_wconf 81' lang='grc' dir='ltr'>καὶ</span> <span class='ocrx_word' id='word_1_469' title='bbox 1360 3229 1607 3302; x_wconf 77' lang='grc' dir='ltr'>καθαράς</span> <span class='ocrx_word' id='word_1_470' title='bbox 1669 3231 1881 3292; x_wconf 82' lang='grc' dir='ltr'>ἐννοίας</span> 
     </span>
    </p>
   </div>
   <div class='ocr_carea' id='block_1_66' title="bbox 287 3317 1885 3396">
    <p class='ocr_par' dir='ltr' id='par_1_66' title="bbox 287 3317 1885 3396">
     <span class='ocr_line' id='line_1_66' title="bbox 287 3317 1885 3396; baseline -0.003 -15"><span class='ocrx_word' id='word_1_471' title='bbox 287 3326 390 3381; x_wconf 85' lang='grc' dir='ltr'><strong>τοῦ</strong></span> <span class='ocrx_word' id='word_1_472' title='bbox 420 3327 574 3380; x_wconf 83' lang='grc' dir='ltr'>θείου</span> <span class='ocrx_word' id='word_1_473' title='bbox 599 3326 871 3396; x_wconf 87' lang='grc' dir='ltr'>δόγματος</span> <span class='ocrx_word' id='word_1_474' title='bbox 920 3324 1272 3380; x_wconf 81' lang='grc' dir='ltr'>ἀνατίθεσθαι</span> <span class='ocrx_word' id='word_1_475' title='bbox 1308 3337 1325 3353; x_wconf 83' lang='lat'><strong><em>°</em></strong></span> <span class='ocrx_word' id='word_1_476' title='bbox 1360 3322 1420 3390; x_wconf 85' lang='grc' dir='ltr'><strong>ἐξ</strong></span> <span class='ocrx_word' id='word_1_477' title='bbox 1449 3317 1526 3378; x_wconf 82' lang='grc' dir='ltr'>ὧν</span> <span class='ocrx_word' id='word_1_478' title='bbox 1555 3324 1743 3395; x_wconf 85' lang='grc' dir='ltr'>κέρδος</span> <span class='ocrx_word' id='word_1_479' title='bbox 1783 3323 1885 3394; x_wconf 79' lang='grc' dir='ltr'>μὲν</span> 
     </span>
    </p>
   </div>
   <div class='ocr_carea' id='block_1_67' title="bbox 284 3415 1883 3489">
    <p class='ocr_par' dir='ltr' id='par_1_67' title="bbox 284 3415 1883 3489">
     <span class='ocr_line' id='line_1_67' title="bbox 284 3415 1883 3489; baseline -0.004 -16"><span class='ocrx_word' id='word_1_480' title='bbox 284 3419 405 3473; x_wconf 74' lang='grc' dir='ltr'>οὐδ’</span> <span class='ocrx_word' id='word_1_481' title='bbox 432 3417 617 3472; x_wconf 81' lang='grc' dir='ltr'>ὁτιοῦν</span> <span class='ocrx_word' id='word_1_482' title='bbox 640 3422 707 3489; x_wconf 81' lang='grc' dir='ltr'>τῇ</span> <span class='ocrx_word' id='word_1_483' title='bbox 734 3417 1011 3489; x_wconf 75' lang='grc' dir='ltr'>εὐσεϐείᾳ,</span> <span class='ocrx_word' id='word_1_484' title='bbox 1051 3416 1308 3486; x_wconf 81' lang='grc' dir='ltr'>ἀφορμάς</span> <span class='ocrx_word' id='word_1_485' title='bbox 1336 3416 1392 3469; x_wconf 81' lang='grc' dir='ltr'>δὲ</span> <span class='ocrx_word' id='word_1_486' title='bbox 1425 3416 1598 3487; x_wconf 78' lang='grc' dir='ltr'>λαϐῆς</span> <span class='ocrx_word' id='word_1_487' title='bbox 1630 3417 1753 3469; x_wconf 79' lang='grc' dir='ltr'>κατ’</span> <span class='ocrx_word' id='word_1_488' title='bbox 1784 3415 1883 3470; x_wconf 83' lang='grc' dir='ltr'>αύ-</span> 
     </span>
    </p>
   </div>
   <div class='ocr_carea' id='block_1_68' title="bbox 285 3506 1882 3582">
    <p class='ocr_par' dir='ltr' id='par_1_68' title="bbox 285 3506 1882 3582">
     <span class='ocr_line' id='line_1_68' title="bbox 285 3506 1882 3582; baseline -0.003 -17"><span class='ocrx_word' id='word_1_489' title='bbox 285 3513 397 3582; x_wconf 77' lang='grc' dir='ltr'>τῆς</span> <span class='ocrx_word' id='word_1_490' title='bbox 416 3514 530 3574; x_wconf 80' lang='grc' dir='ltr'>τοῖς</span> <span class='ocrx_word' id='word_1_491' title='bbox 583 3509 871 3579; x_wconf 83' lang='grc' dir='ltr'>φιλαιτίοις</span> <span class='ocrx_word' id='word_1_492' title='bbox 898 3514 1000 3563; x_wconf 82' lang='grc' dir='ltr'>οὐκ</span> <span class='ocrx_word' id='word_1_493' title='bbox 1030 3509 1095 3562; x_wconf 78' lang='grc' dir='ltr'>ἂν</span> <span class='ocrx_word' id='word_1_494' title='bbox 1124 3508 1337 3576; x_wconf 84' lang='grc' dir='ltr'>ἀλόγως</span> <span class='ocrx_word' id='word_1_495' title='bbox 1358 3508 1489 3578; x_wconf 77' lang='grc' dir='ltr'>δόξῃ</span> <span class='ocrx_word' id='word_1_496' title='bbox 1519 3506 1839 3579; x_wconf 76' lang='grc' dir='ltr'>πορίζεσθαι</span> <span class='ocrx_word' id='word_1_497' title='bbox 1864 3547 1882 3573; x_wconf 90' lang='grc'><strong>,</strong></span> 
     </span>
    </p>
   </div>
   <div class='ocr_carea' id='block_1_69' title="bbox 284 3599 1884 3674">
    <p class='ocr_par' dir='ltr' id='par_1_69' title="bbox 284 3599 1884 3674">
     <span class='ocr_line' id='line_1_69' title="bbox 284 3599 1884 3674; baseline -0.005 -16"><span class='ocrx_word' id='word_1_498' title='bbox 284 3605 412 3673; x_wconf 73' lang='grc' dir='ltr'>είγε</span> <span class='ocrx_word' id='word_1_499' title='bbox 451 3605 551 3657; x_wconf 75' lang='grc' dir='ltr'>καὶ</span> <span class='ocrx_word' id='word_1_500' title='bbox 576 3602 673 3671; x_wconf 33' lang='grc' dir='ltr'>τά.</span> <span class='ocrx_word' id='word_1_501' title='bbox 695 3602 867 3674; x_wconf 81' lang='grc' dir='ltr'>μηδὲν</span> <span class='ocrx_word' id='word_1_502' title='bbox 904 3602 1273 3672; x_wconf 80' lang='grc' dir='ltr'>προσήκοντα,</span> <span class='ocrx_word' id='word_1_503' title='bbox 1328 3599 1467 3654; x_wconf 77' lang='grc' dir='ltr'>ἀλλὰ</span> <span class='ocrx_word' id='word_1_504' title='bbox 1490 3601 1586 3654; x_wconf 76' lang='grc' dir='ltr'><strong>καὶ</strong></span> <span class='ocrx_word' id='word_1_505' title='bbox 1625 3600 1702 3662; x_wconf 83' lang='grc' dir='ltr'><strong>ὡς</strong></span> <span class='ocrx_word' id='word_1_506' title='bbox 1732 3599 1884 3652; x_wconf 82' lang='grc' dir='ltr'>πλεῖ-</span> 
     </span>
    </p>
   </div>
   <div class='ocr_carea' id='block_1_70' title="bbox 295 3691 1888 3768">
    <p class='ocr_par' dir='ltr' id='par_1_70' title="bbox 295 3691 1888 3768">
     <span class='ocr_line' id='line_1_70' title="bbox 295 3691 1888 3768; baseline -0.006 -16"><span class='ocrx_word' id='word_1_507' title='bbox 295 3716 434 3753; x_wconf 78' lang='grc' dir='ltr'>στον</span> <span class='ocrx_word' id='word_1_508' title='bbox 462 3701 570 3751; x_wconf 84' lang='grc' dir='ltr'>ἀπε</span> <span class='ocrx_word' id='word_1_509' title='bbox 580 3696 904 3767; x_wconf 80' lang='grc' dir='ltr'>μφαίνοντα,</span> <span class='ocrx_word' id='word_1_510' title='bbox 938 3694 1353 3768; x_wconf 81' lang='grc' dir='ltr'>ἐπιχειροῦντάς</span> <span class='ocrx_word' id='word_1_511' title='bbox 1374 3710 1527 3757; x_wconf 88' lang='grc' dir='ltr'>τινας</span> <span class='ocrx_word' id='word_1_512' title='bbox 1548 3692 1658 3747; x_wconf 84' lang='grc' dir='ltr'><strong>τῶν</strong></span> <span class='ocrx_word' id='word_1_513' title='bbox 1682 3691 1888 3763; x_wconf 83' lang='grc' dir='ltr'>ἡμετέ-</span> 
     </span>
    </p>
   </div>
   <div class='ocr_carea' id='block_1_71' title="bbox 291 3787 1889 3866">
    <p class='ocr_par' dir='ltr' id='par_1_71' title="bbox 291 3787 1889 3866">
     <span class='ocr_line' id='line_1_71' title="bbox 291 3787 1889 3866; baseline -0.004 -19"><span class='ocrx_word' id='word_1_514' title='bbox 291 3811 416 3866; x_wconf 88' lang='grc' dir='ltr'><strong>ρων</strong></span> <span class='ocrx_word' id='word_1_515' title='bbox 440 3793 628 3858; x_wconf 73' lang='grc' dir='ltr'>ἕξουσι</span> <span class='ocrx_word' id='word_1_516' title='bbox 660 3790 925 3845; x_wconf 78' lang='grc' dir='ltr'>δεικνύειν</span> <span class='ocrx_word' id='word_1_517' title='bbox 972 3793 1053 3854; x_wconf 82' lang='grc' dir='ltr'><strong>εἰς</strong></span> <span class='ocrx_word' id='word_1_518' title='bbox 1102 3789 1366 3843; x_wconf 81' lang='grc' dir='ltr'>σύστασιν</span> <span class='ocrx_word' id='word_1_519' title='bbox 1416 3789 1515 3860; x_wconf 83' lang='grc' dir='ltr'>τῆς</span> <span class='ocrx_word' id='word_1_520' title='bbox 1550 3787 1889 3859; x_wconf 84' lang='grc' dir='ltr'>άπροσδεοῦς</span> 
     </span>
    </p>
   </div>
   <div class='ocr_carea' id='block_1_72' title="bbox 289 3879 1893 3956">
    <p class='ocr_par' dir='ltr' id='par_1_72' title="bbox 289 3879 1893 3956">
     <span class='ocr_line' id='line_1_72' title="bbox 289 3879 1893 3956; baseline -0.005 -16"><span class='ocrx_word' id='word_1_521' title='bbox 289 3887 398 3941; x_wconf 78' lang='grc' dir='ltr'>καὶ</span> <span class='ocrx_word' id='word_1_522' title='bbox 428 3885 603 3956; x_wconf 82' lang='grc' dir='ltr'>μόνης</span> <span class='ocrx_word' id='word_1_523' title='bbox 634 3884 887 3953; x_wconf 84' lang='grc' dir='ltr'>καθαρᾶς</span> <span class='ocrx_word' id='word_1_524' title='bbox 919 3884 1016 3935; x_wconf 82' lang='grc' dir='ltr'>καὶ</span> <span class='ocrx_word' id='word_1_525' title='bbox 1045 3882 1281 3954; x_wconf 77' lang='grc' dir='ltr'>ἀληθοῦς</span> <span class='ocrx_word' id='word_1_526' title='bbox 1305 3881 1567 3953; x_wconf 83' lang='grc' dir='ltr'>λατρείας</span> <span class='ocrx_word' id='word_1_527' title='bbox 1603 3880 1785 3951; x_wconf 81' lang='grc' dir='ltr'>ἡμῶν,</span> <span class='ocrx_word' id='word_1_528' title='bbox 1819 3879 1893 3933; x_wconf 83' lang='grc' dir='ltr'><strong>τά</strong></span> 
     </span>
    </p>
   </div>
   <div class='ocr_carea' id='block_1_73' title="bbox 292 3974 1890 4047">
    <p class='ocr_par' dir='ltr' id='par_1_73' title="bbox 292 3974 1890 4047">
     <span class='ocr_line' id='line_1_73' title="bbox 292 3974 1890 4047; baseline -0.004 -13"><span class='ocrx_word' id='word_1_529' title='bbox 292 3979 530 4034; x_wconf 80' lang='grc' dir='ltr'>ἐκείνων</span> <span class='ocrx_word' id='word_1_530' title='bbox 553 3976 982 4046; x_wconf 77' lang='grc' dir='ltr'>ἐκϐιαζομένους</span> <span class='ocrx_word' id='word_1_531' title='bbox 1020 3977 1116 4030; x_wconf 79' lang='grc' dir='ltr'><strong>καὶ</strong></span> <span class='ocrx_word' id='word_1_532' title='bbox 1173 3974 1591 4047; x_wconf 86' lang='grc' dir='ltr'>ἐπιχειροῦντας</span> <span class='ocrx_word' id='word_1_533' title='bbox 1616 3977 1695 4038; x_wconf 88' lang='grc' dir='ltr'><strong>εἰς</strong></span> <span class='ocrx_word' id='word_1_534' title='bbox 1747 3991 1890 4045; x_wconf 91' lang='grc' dir='ltr'>συμ-</span> 
     </span>
    </p>
   </div>
   <div class='ocr_carea' id='block_1_74' title="bbox 295 4067 1892 4143">
    <p class='ocr_par' dir='ltr' id='par_1_74' title="bbox 295 4067 1892 4143">
     <span class='ocr_line' id='line_1_74' title="bbox 295 4067 1892 4143; baseline -0.004 -16"><span class='ocrx_word' id='word_1_535' title='bbox 295 4074 514 4143; x_wconf 71' lang='grc' dir='ltr'>φωνίαν</span> <span class='ocrx_word' id='word_1_536' title='bbox 547 4071 728 4140; x_wconf 73' lang='grc' dir='ltr'>ἄγειν,</span> <span class='ocrx_word' id='word_1_537' title='bbox 748 4070 785 4124; x_wconf 73' lang='grc' dir='ltr'>ἃ</span> <span class='ocrx_word' id='word_1_538' title='bbox 810 4069 972 4125; x_wconf 87' lang='grc' dir='ltr'>πλέον</span> <span class='ocrx_word' id='word_1_539' title='bbox 1002 4070 1142 4141; x_wconf 80' lang='grc' dir='ltr'>πρὸς</span> <span class='ocrx_word' id='word_1_540' title='bbox 1163 4070 1233 4123; x_wconf 85' lang='grc' dir='ltr'><strong>τά</strong></span> <span class='ocrx_word' id='word_1_541' title='bbox 1261 4071 1508 4141; x_wconf 78' lang='grc' dir='ltr'>ἡμέτερα</span> <span class='ocrx_word' id='word_1_542' title='bbox 1541 4067 1574 4138; x_wconf 79' lang='grc' dir='ltr'>ἢ</span> <span class='ocrx_word' id='word_1_543' title='bbox 1603 4068 1665 4122; x_wconf 80' lang='grc' dir='ltr'>τὸ</span> <span class='ocrx_word' id='word_1_544' title='bbox 1698 4067 1892 4132; x_wconf 86' lang='grc' dir='ltr'>σκότος</span> 
     </span>
    </p>
   </div>
   <div class='ocr_carea' id='block_1_75' title="bbox 1982 3139 3562 3209">
    <p class='ocr_par' dir='ltr' id='par_1_75' title="bbox 1982 3139 3562 3209">
     <span class='ocr_line' id='line_1_75' title="bbox 1982 3139 3562 3209; baseline -0.003 -12"><span class='ocrx_word' id='word_1_545' title='bbox 1982 3142 2317 3197; x_wconf 88' lang='lat' dir='ltr'><strong>somniorum</strong></span> <span class='ocrx_word' id='word_1_546' title='bbox 2370 3142 2609 3199; x_wconf 88' lang='lat' dir='ltr'><strong>alienum</strong></span> <span class='ocrx_word' id='word_1_547' title='bbox 2641 3155 2862 3197; x_wconf 90' lang='lat' dir='ltr'><strong>sensum</strong></span> <span class='ocrx_word' id='word_1_548' title='bbox 2888 3141 2940 3195; x_wconf 91' lang='lat' dir='ltr'><strong>in</strong></span> <span class='ocrx_word' id='word_1_549' title='bbox 2963 3154 3143 3205; x_wconf 82' lang='lat' dir='ltr'><strong>veros,</strong></span> <span class='ocrx_word' id='word_1_550' title='bbox 3192 3139 3333 3209; x_wconf 85' lang='lat' dir='ltr'><strong>pios,</strong></span> <span class='ocrx_word' id='word_1_551' title='bbox 3363 3150 3562 3208; x_wconf 86' lang='lat' dir='ltr'><strong>puros-</strong></span> 
     </span>
    </p>
   </div>
   <div class='ocr_carea' id='block_1_76' title="bbox 1982 3230 3561 3306">
    <p class='ocr_par' dir='ltr' id='par_1_76' title="bbox 1982 3230 3561 3306">
     <span class='ocr_line' id='line_1_76' title="bbox 1982 3230 3561 3306; baseline -0.002 -18"><span class='ocrx_word' id='word_1_552' title='bbox 1982 3251 2088 3306; x_wconf 88' lang='lat' dir='ltr'><strong>que</strong></span> <span class='ocrx_word' id='word_1_553' title='bbox 2118 3249 2183 3289; x_wconf 89' lang='lat' dir='ltr'><strong>ac</strong></span> <span class='ocrx_word' id='word_1_554' title='bbox 2223 3235 2470 3291; x_wconf 85' lang='lat' dir='ltr'><strong>sincerus</strong></span> <span class='ocrx_word' id='word_1_555' title='bbox 2515 3235 2683 3290; x_wconf 80' lang='lat' dir='ltr'><strong>divini</strong></span> <span class='ocrx_word' id='word_1_556' title='bbox 2729 3232 2998 3304; x_wconf 81' lang='lat' dir='ltr'><strong>dogmatis</strong></span> <span class='ocrx_word' id='word_1_557' title='bbox 3032 3245 3229 3287; x_wconf 89' lang='lat' dir='ltr'><strong>sensus</strong></span> <span class='ocrx_word' id='word_1_558' title='bbox 3269 3230 3561 3285; x_wconf 86' lang='lat' dir='ltr'><strong>traducat:</strong></span> 
     </span>
    </p>
   </div>
   <div class='ocr_carea' id='block_1_77' title="bbox 1984 3319 3630 3381">
    <p class='ocr_par' dir='ltr' id='par_1_77' title="bbox 1984 3319 3630 3381">
     <span class='ocr_line' id='line_1_77' title="bbox 1984 3319 3630 3381; baseline -0.005 0"><span class='ocrx_word' id='word_1_559' title='bbox 1984 3325 2127 3381; x_wconf 86' lang='lat' dir='ltr'><strong>unde</strong></span> <span class='ocrx_word' id='word_1_560' title='bbox 2172 3333 2231 3380; x_wconf 87' lang='grc' dir='ltr'><strong>ιιι</strong></span> <span class='ocrx_word' id='word_1_561' title='bbox 2277 3325 2706 3381; x_wconf 82' lang='lat' dir='ltr'><strong>emolumentum</strong></span> <span class='ocrx_word' id='word_1_562' title='bbox 2750 3325 2975 3379; x_wconf 89' lang='lat' dir='ltr'><strong>omnino</strong></span> <span class='ocrx_word' id='word_1_563' title='bbox 3017 3321 3225 3377; x_wconf 91' lang='lat' dir='ltr'><strong>nullum</strong></span> <span class='ocrx_word' id='word_1_564' title='bbox 3266 3335 3409 3377; x_wconf 71' lang='lat' dir='ltr'><strong>verae</strong></span> <span class='ocrx_word' id='word_1_565' title='bbox 3435 3319 3565 3376; x_wconf 83' lang='lat' dir='ltr'><strong>reli-</strong></span> <span class='ocrx_word' id='word_1_566' title='bbox 3618 3322 3630 3330; x_wconf 78' lang='lat'><strong><em>‘</em></strong></span> 
     </span>
    </p>
   </div>
   <div class='ocr_carea' id='block_1_78' title="bbox 1984 3409 3566 3489">
    <p class='ocr_par' dir='ltr' id='par_1_78' title="bbox 1984 3409 3566 3489">
     <span class='ocr_line' id='line_1_78' title="bbox 1984 3409 3566 3489; baseline -0.004 -18"><span class='ocrx_word' id='word_1_567' title='bbox 1984 3417 2129 3489; x_wconf 88' lang='lat' dir='ltr'><strong>gioni</strong></span> <span class='ocrx_word' id='word_1_568' title='bbox 2169 3415 2435 3480; x_wconf 87' lang='lat' dir='ltr'><strong>attulisse,</strong></span> <span class='ocrx_word' id='word_1_569' title='bbox 2469 3416 2541 3470; x_wconf 92' lang='lat' dir='ltr'><strong>ita</strong></span> <span class='ocrx_word' id='word_1_570' title='bbox 2577 3415 2905 3470; x_wconf 85' lang='lat' dir='ltr'><strong>criminandi</strong></span> <span class='ocrx_word' id='word_1_571' title='bbox 2932 3413 3278 3469; x_wconf 88' lang='lat' dir='ltr'><strong>occasionem</strong></span> <span class='ocrx_word' id='word_1_572' title='bbox 3303 3409 3566 3466; x_wconf 78' lang='lat' dir='ltr'><strong>cavillan-</strong></span> 
     </span>
    </p>
   </div>
   <div class='ocr_carea' id='block_1_79' title="bbox 1988 3502 3565 3578">
    <p class='ocr_par' dir='ltr' id='par_1_79' title="bbox 1988 3502 3565 3578">
     <span class='ocr_line' id='line_1_79' title="bbox 1988 3502 3565 3578; baseline -0.002 -16"><span class='ocrx_word' id='word_1_573' title='bbox 1988 3510 2130 3564; x_wconf 91' lang='lat' dir='ltr'><strong>tibus</strong></span> <span class='ocrx_word' id='word_1_574' title='bbox 2171 3509 2507 3578; x_wconf 59' lang='lat' dir='ltr'><strong>praebuisse,</strong></span> <span class='ocrx_word' id='word_1_575' title='bbox 2554 3522 2661 3562; x_wconf 92' lang='lat' dir='ltr'><strong>non</strong></span> <span class='ocrx_word' id='word_1_576' title='bbox 2704 3505 2903 3575; x_wconf 85' lang='lat' dir='ltr'><strong>injuria</strong></span> <span class='ocrx_word' id='word_1_577' title='bbox 2953 3505 3223 3560; x_wconf 84' lang='lat' dir='ltr'><strong>videatur.</strong></span> <span class='ocrx_word' id='word_1_578' title='bbox 3263 3502 3565 3559; x_wconf 88' lang='lat' dir='ltr'><strong>Ostendere</strong></span> 
     </span>
    </p>
   </div>
   <div class='ocr_carea' id='block_1_80' title="bbox 1986 3595 3566 3671">
    <p class='ocr_par' dir='ltr' id='par_1_80' title="bbox 1986 3595 3566 3671">
     <span class='ocr_line' id='line_1_80' title="bbox 1986 3595 3566 3671; baseline -0.003 -17"><span class='ocrx_word' id='word_1_579' title='bbox 1986 3599 2257 3671; x_wconf 79' lang='lat' dir='ltr'><strong>siquidem</strong></span> <span class='ocrx_word' id='word_1_580' title='bbox 2303 3597 2563 3668; x_wconf 90' lang='lat' dir='ltr'><strong>deinceps</strong></span> <span class='ocrx_word' id='word_1_581' title='bbox 2591 3606 2781 3669; x_wconf 79' lang='lat' dir='ltr'><strong>gentes</strong></span> <span class='ocrx_word' id='word_1_582' title='bbox 2811 3605 3070 3668; x_wconf 89' lang='lat' dir='ltr'><strong>poterunt</strong></span> <span class='ocrx_word' id='word_1_583' title='bbox 3103 3612 3136 3652; x_wconf 91' lang='lat' dir='ltr'><strong>e</strong></span> <span class='ocrx_word' id='word_1_584' title='bbox 3173 3595 3374 3651; x_wconf 88' lang='lat' dir='ltr'><strong>nostris</strong></span> <span class='ocrx_word' id='word_1_585' title='bbox 3397 3610 3566 3666; x_wconf 87' lang='lat' dir='ltr'><strong>quos-</strong></span> 
     </span>
    </p>
   </div>
   <div class='ocr_carea' id='block_1_81' title="bbox 1988 3689 3568 3762">
    <p class='ocr_par' dir='ltr' id='par_1_81' title="bbox 1988 3689 3568 3762">
     <span class='ocr_line' id='line_1_81' title="bbox 1988 3689 3568 3762; baseline -0.003 -16"><span class='ocrx_word' id='word_1_586' title='bbox 1988 3692 2138 3757; x_wconf 76' lang='lat' dir='ltr'><strong>dam,</strong></span> <span class='ocrx_word' id='word_1_587' title='bbox 2180 3691 2274 3762; x_wconf 88' lang='lat' dir='ltr'><strong>qui</strong></span> <span class='ocrx_word' id='word_1_588' title='bbox 2310 3692 2379 3745; x_wconf 91' lang='lat' dir='ltr'><strong>ad</strong></span> <span class='ocrx_word' id='word_1_589' title='bbox 2427 3690 2915 3747; x_wconf 88' lang='lat' dir='ltr'><strong>commendandam</strong></span> <span class='ocrx_word' id='word_1_590' title='bbox 2964 3689 3282 3758; x_wconf 80' lang='lat' dir='ltr'><strong>religionem</strong></span> <span class='ocrx_word' id='word_1_591' title='bbox 3325 3697 3568 3743; x_wconf 89' lang='lat' dir='ltr'><strong>nostram</strong></span> 
     </span>
    </p>
   </div>
   <div class='ocr_carea' id='block_1_82' title="bbox 1990 3781 3570 3855">
    <p class='ocr_par' dir='ltr' id='par_1_82' title="bbox 1990 3781 3570 3855">
     <span class='ocr_line' id='line_1_82' title="bbox 1990 3781 3570 3855; baseline -0.003 -17"><span class='ocrx_word' id='word_1_592' title='bbox 1990 3784 2132 3855; x_wconf 75' lang='lat' dir='ltr'><strong>(qua:</strong></span> <span class='ocrx_word' id='word_1_593' title='bbox 2156 3783 2271 3838; x_wconf 89' lang='lat' dir='ltr'><strong>sola</strong></span> <span class='ocrx_word' id='word_1_594' title='bbox 2295 3798 2432 3853; x_wconf 90' lang='lat' dir='ltr'><strong>pura</strong></span> <span class='ocrx_word' id='word_1_595' title='bbox 2460 3792 2546 3838; x_wconf 89' lang='lat' dir='ltr'><strong>est</strong></span> <span class='ocrx_word' id='word_1_596' title='bbox 2582 3798 2646 3838; x_wconf 91' lang='lat' dir='ltr'><strong>ac</strong></span> <span class='ocrx_word' id='word_1_597' title='bbox 2689 3797 2842 3848; x_wconf 82' lang='lat' dir='ltr'><strong>vera,</strong></span> <span class='ocrx_word' id='word_1_598' title='bbox 2874 3795 3051 3851; x_wconf 86' lang='lat' dir='ltr'><strong>neque</strong></span> <span class='ocrx_word' id='word_1_599' title='bbox 3077 3781 3182 3835; x_wconf 91' lang='lat' dir='ltr'><strong>ulla</strong></span> <span class='ocrx_word' id='word_1_600' title='bbox 3215 3790 3477 3850; x_wconf 75' lang='lat' dir='ltr'><strong>praeterea</strong></span> <span class='ocrx_word' id='word_1_601' title='bbox 3507 3794 3570 3834; x_wconf 87' lang='lat' dir='ltr'><strong>re</strong></span> 
     </span>
    </p>
   </div>
   <div class='ocr_carea' id='block_1_83' title="bbox 1989 3870 3569 3944">
    <p class='ocr_par' dir='ltr' id='par_1_83' title="bbox 1989 3870 3569 3944">
     <span class='ocr_line' id='line_1_83' title="bbox 1989 3870 3569 3944; baseline -0.004 -15"><span class='ocrx_word' id='word_1_602' title='bbox 1989 3889 2124 3944; x_wconf 90' lang='lat' dir='ltr'><strong>opus</strong></span> <span class='ocrx_word' id='word_1_603' title='bbox 2159 3874 2343 3941; x_wconf 87' lang='lat' dir='ltr'><strong>habet)</strong></span> <span class='ocrx_word' id='word_1_604' title='bbox 2381 3873 2650 3943; x_wconf 81' lang='lat' dir='ltr'><strong>ejusmodi</strong></span> <span class='ocrx_word' id='word_1_605' title='bbox 2690 3874 3004 3938; x_wconf 87' lang='lat' dir='ltr'><strong>adhibeant,</strong></span> <span class='ocrx_word' id='word_1_606' title='bbox 3042 3887 3163 3941; x_wconf 71' lang='lat' dir='ltr'><strong>quae</strong></span> <span class='ocrx_word' id='word_1_607' title='bbox 3196 3870 3331 3925; x_wconf 92' lang='lat' dir='ltr'><strong>nihil</strong></span> <span class='ocrx_word' id='word_1_608' title='bbox 3361 3871 3428 3924; x_wconf 90' lang='lat' dir='ltr'><strong>ad</strong></span> <span class='ocrx_word' id='word_1_609' title='bbox 3452 3885 3569 3925; x_wconf 90' lang='lat' dir='ltr'><strong>rem</strong></span> 
     </span>
    </p>
   </div>
   <div class='ocr_carea' id='block_1_84' title="bbox 1990 3965 3572 4037">
    <p class='ocr_par' dir='ltr' id='par_1_84' title="bbox 1990 3965 3572 4037">
     <span class='ocr_line' id='line_1_84' title="bbox 1990 3965 3572 4037; baseline -0.003 -16"><span class='ocrx_word' id='word_1_610' title='bbox 1990 3966 2321 4037; x_wconf 89' lang='lat' dir='ltr'><strong>pertineant,</strong></span> <span class='ocrx_word' id='word_1_611' title='bbox 2368 3965 2502 4036; x_wconf 90' lang='lat' dir='ltr'><strong>quin</strong></span> <span class='ocrx_word' id='word_1_612' title='bbox 2535 3966 2829 4021; x_wconf 81' lang='lat' dir='ltr'><strong>maximam</strong></span> <span class='ocrx_word' id='word_1_613' title='bbox 2862 3966 3045 4035; x_wconf 90' lang='lat' dir='ltr'><strong>potius</strong></span> <span class='ocrx_word' id='word_1_614' title='bbox 3086 3972 3299 4035; x_wconf 85' lang='lat' dir='ltr'><strong>partem</strong></span> <span class='ocrx_word' id='word_1_615' title='bbox 3347 3976 3572 4034; x_wconf 72' lang='lat' dir='ltr'><strong>prorsus</strong></span> 
     </span>
    </p>
   </div>
   <div class='ocr_carea' id='block_1_85' title="bbox 1993 4054 3568 4127">
    <p class='ocr_par' dir='ltr' id='par_1_85' title="bbox 1993 4054 3568 4127">
     <span class='ocr_line' id='line_1_85' title="bbox 1993 4054 3568 4127; baseline -0.003 -15"><span class='ocrx_word' id='word_1_616' title='bbox 1993 4059 2174 4113; x_wconf 90' lang='lat' dir='ltr'><strong>aliena</strong></span> <span class='ocrx_word' id='word_1_617' title='bbox 2204 4059 2339 4125; x_wconf 91' lang='lat' dir='ltr'><strong>sint,</strong></span> <span class='ocrx_word' id='word_1_618' title='bbox 2371 4057 2498 4127; x_wconf 82' lang='lat' dir='ltr'><strong>quia</strong></span> <span class='ocrx_word' id='word_1_619' title='bbox 2525 4074 2613 4112; x_wconf 90' lang='lat' dir='ltr'><strong>res</strong></span> <span class='ocrx_word' id='word_1_620' title='bbox 2639 4057 2855 4111; x_wconf 88' lang='lat' dir='ltr'><strong>illorum</strong></span> <span class='ocrx_word' id='word_1_621' title='bbox 2881 4056 3180 4112; x_wconf 86' lang='lat' dir='ltr'><strong>conciliare</strong></span> <span class='ocrx_word' id='word_1_622' title='bbox 3208 4069 3332 4111; x_wconf 89' lang='lat' dir='ltr'><strong>cum</strong></span> <span class='ocrx_word' id='word_1_623' title='bbox 3361 4054 3568 4110; x_wconf 89' lang='lat' dir='ltr'><strong>nostris</strong></span> 
     </span>
    </p>
   </div>
   <div class='ocr_carea' id='block_1_86' title="bbox 295 4143 1871 4236">
    <p class='ocr_par' dir='ltr' id='par_1_86' title="bbox 295 4159 1871 4236">
     <span class='ocr_line' id='line_1_86' title="bbox 295 4159 1871 4236; baseline -0.003 -17"><span class='ocrx_word' id='word_1_624' title='bbox 295 4167 445 4236; x_wconf 73' lang='grc' dir='ltr'>πρὸς</span> <span class='ocrx_word' id='word_1_625' title='bbox 465 4165 529 4218; x_wconf 83' lang='grc' dir='ltr'>τὸ</span> <span class='ocrx_word' id='word_1_626' title='bbox 573 4164 692 4233; x_wconf 81' lang='grc' dir='ltr'>φῶς</span> <span class='ocrx_word' id='word_1_627' title='bbox 724 4163 1039 4233; x_wconf 75' lang='grc' dir='ltr'><strong>’διέστηκεν⁸</strong></span> <span class='ocrx_word' id='word_1_628' title='bbox 1070 4162 1239 4216; x_wconf 78' lang='grc' dir='ltr'>ὑπέδυ</span> <span class='ocrx_word' id='word_1_629' title='bbox 1276 4162 1335 4215; x_wconf 85' lang='grc' dir='ltr'><strong>δέ</strong></span> <span class='ocrx_word' id='word_1_630' title='bbox 1398 4161 1490 4215; x_wconf 84' lang='grc' dir='ltr'>τὸν</span> <span class='ocrx_word' id='word_1_631' title='bbox 1547 4159 1871 4231; x_wconf 66' lang='grc' dir='ltr'>πολύμοχθοτ</span> 
     </span>
    </p>
   </div>
   <div class='ocr_carea' id='block_1_87' title="bbox 1979 4143 3573 4236">
    <p class='ocr_par' dir='ltr' id='par_1_87' title="bbox 1994 4143 3573 4221">
     <span class='ocr_line' id='line_1_87' title="bbox 1994 4143 3573 4221; baseline -0.006 -15"><span class='ocrx_word' id='word_1_632' title='bbox 1994 4157 2283 4216; x_wconf 90' lang='lat' dir='ltr'><strong>conentur,</strong></span> <span class='ocrx_word' id='word_1_633' title='bbox 2316 4164 2347 4204; x_wconf 87' lang='lat' dir='ltr'><strong>a</strong></span> <span class='ocrx_word' id='word_1_634' title='bbox 2372 4149 2575 4221; x_wconf 90' lang='lat' dir='ltr'><strong>quibus</strong></span> <span class='ocrx_word' id='word_1_635' title='bbox 2609 4159 2791 4203; x_wconf 88' lang='lat' dir='ltr'><strong>tamen</strong></span> <span class='ocrx_word' id='word_1_636' title='bbox 2823 4147 3200 4211; x_wconf 89' lang='lat' dir='ltr'><strong>nihilominus,</strong></span> <span class='ocrx_word' id='word_1_637' title='bbox 3233 4160 3397 4215; x_wconf 85' lang='lat' dir='ltr'><strong>quam</strong></span> <span class='ocrx_word' id='word_1_638' title='bbox 3428 4159 3459 4198; x_wconf 89' lang='lat' dir='ltr'><strong>a</strong></span> <span class='ocrx_word' id='word_1_639' title='bbox 3486 4143 3573 4198; x_wconf 84' lang='lat' dir='ltr'><strong>lu-</strong></span> 
     </span>
    </p>
   </div>
   <div class='ocr_carea' id='block_1_88' title="bbox 294 4252 1895 4326">
    <p class='ocr_par' dir='ltr' id='par_1_88' title="bbox 294 4252 1895 4326">
     <span class='ocr_line' id='line_1_88' title="bbox 294 4252 1895 4326; baseline -0.005 -14"><span class='ocrx_word' id='word_1_640' title='bbox 294 4258 495 4312; x_wconf 84' lang='grc' dir='ltr'>τοῦτον</span> <span class='ocrx_word' id='word_1_641' title='bbox 524 4258 554 4311; x_wconf 85' lang='grc' dir='ltr'><strong>ὁ</strong></span> <span class='ocrx_word' id='word_1_642' title='bbox 596 4255 886 4326; x_wconf 76' lang='grc' dir='ltr'>ἄνθρωπος</span> <span class='ocrx_word' id='word_1_643' title='bbox 914 4256 1100 4320; x_wconf 88' lang='grc' dir='ltr'>πόνον,</span> <span class='ocrx_word' id='word_1_644' title='bbox 1127 4253 1204 4317; x_wconf 84' lang='grc' dir='ltr'>ὡς</span> <span class='ocrx_word' id='word_1_645' title='bbox 1238 4253 1403 4317; x_wconf 80' lang='grc' dir='ltr'>αὐτὸς</span> <span class='ocrx_word' id='word_1_646' title='bbox 1454 4252 1719 4317; x_wconf 86' lang='grc' dir='ltr'>πολλάκις</span> <span class='ocrx_word' id='word_1_647' title='bbox 1769 4252 1895 4322; x_wconf 83' lang='grc' dir='ltr'>ἐδή-</span> 
     </span>
    </p>
   </div>
   <div class='ocr_carea' id='block_1_89' title="bbox 1995 4233 3578 4308">
    <p class='ocr_par' dir='ltr' id='par_1_89' title="bbox 1995 4233 3578 4308">
     <span class='ocr_line' id='line_1_89' title="bbox 1995 4233 3578 4308; baseline -0.005 -12"><span class='ocrx_word' id='word_1_648' title='bbox 1995 4241 2144 4296; x_wconf 90' lang='lat' dir='ltr'><strong>mine</strong></span> <span class='ocrx_word' id='word_1_649' title='bbox 2184 4241 2442 4305; x_wconf 75' lang='lat' dir='ltr'><strong>tenebrae,</strong></span> <span class='ocrx_word' id='word_1_650' title='bbox 2488 4237 2772 4308; x_wconf 70' lang='lat' dir='ltr'><strong>disjunctae</strong></span> <span class='ocrx_word' id='word_1_651' title='bbox 2821 4238 2954 4292; x_wconf 87' lang='lat' dir='ltr'><strong>sint.</strong></span> <span class='ocrx_word' id='word_1_652' title='bbox 2993 4235 3174 4291; x_wconf 88' lang='lat' dir='ltr'><strong>Subiit</strong></span> <span class='ocrx_word' id='word_1_653' title='bbox 3200 4250 3332 4290; x_wconf 86' lang='lat' dir='ltr'><strong>vero</strong></span> <span class='ocrx_word' id='word_1_654' title='bbox 3375 4234 3466 4289; x_wconf 93' lang='lat' dir='ltr'><strong>ille</strong></span> <span class='ocrx_word' id='word_1_655' title='bbox 3487 4233 3578 4288; x_wconf 88' lang='lat' dir='ltr'><strong>in-</strong></span> 
     </span>
    </p>
   </div>
   <div class='ocr_carea' id='block_1_90' title="bbox 296 4327 1871 4415">
    <p class='ocr_par' dir='ltr' id='par_1_90' title="bbox 296 4343 1871 4415">
     <span class='ocr_line' id='line_1_90' title="bbox 296 4343 1871 4415; baseline -0.004 -12"><span class='ocrx_word' id='word_1_656' title='bbox 296 4349 502 4414; x_wconf 79' lang='grc' dir='ltr'>λωσεν,</span> <span class='ocrx_word' id='word_1_657' title='bbox 563 4346 654 4400; x_wconf 82' lang='grc' dir='ltr'>ἵνα</span> <span class='ocrx_word' id='word_1_658' title='bbox 695 4344 877 4411; x_wconf 85' lang='grc' dir='ltr'>δείξας</span> <span class='ocrx_word' id='word_1_659' title='bbox 924 4343 986 4396; x_wconf 79' lang='grc' dir='ltr'>τὸ</span> <span class='ocrx_word' id='word_1_660' title='bbox 1028 4344 1375 4415; x_wconf 84' lang='grc' dir='ltr'>Χριστιανῶν</span> <span class='ocrx_word' id='word_1_661' title='bbox 1418 4343 1598 4413; x_wconf 89' lang='grc' dir='ltr'>δόγμα</span> <span class='ocrx_word' id='word_1_662' title='bbox 1626 4344 1684 4398; x_wconf 80' lang='grc' dir='ltr'><strong>ἐν</strong></span> <span class='ocrx_word' id='word_1_663' title='bbox 1725 4344 1871 4396; x_wconf 66' lang='grc' dir='ltr'>πᾶσιε</span> 
     </span>
    </p>
   </div>
   <div class='ocr_carea' id='block_1_91' title="bbox 1979 4327 3575 4415">
    <p class='ocr_par' dir='ltr' id='par_1_91' title="bbox 1996 4327 3575 4405">
     <span class='ocr_line' id='line_1_91' title="bbox 1996 4327 3575 4405; baseline -0.007 -16"><span class='ocrx_word' id='word_1_664' title='bbox 1996 4343 2208 4405; x_wconf 86' lang='lat' dir='ltr'><strong>gentem</strong></span> <span class='ocrx_word' id='word_1_665' title='bbox 2236 4334 2381 4387; x_wconf 88' lang='lat' dir='ltr'><strong>hunc</strong></span> <span class='ocrx_word' id='word_1_666' title='bbox 2406 4332 2669 4396; x_wconf 86' lang='lat' dir='ltr'><strong>laborem,</strong></span> <span class='ocrx_word' id='word_1_667' title='bbox 2694 4331 2837 4398; x_wconf 87' lang='lat' dir='ltr'><strong>quod</strong></span> <span class='ocrx_word' id='word_1_668' title='bbox 2863 4329 2978 4399; x_wconf 87' lang='lat' dir='ltr'><strong>ipse</strong></span> <span class='ocrx_word' id='word_1_669' title='bbox 2998 4327 3293 4383; x_wconf 87' lang='lat' dir='ltr'><strong>identidem</strong></span> <span class='ocrx_word' id='word_1_670' title='bbox 3322 4336 3575 4389; x_wconf 84' lang='lat' dir='ltr'><strong>testatur,</strong></span> 
     </span>
    </p>
   </div>
   <div class='ocr_carea' id='block_1_92' title="bbox 300 4417 1871 4511">
    <p class='ocr_par' dir='ltr' id='par_1_92' title="bbox 300 4433 1871 4511">
     <span class='ocr_line' id='line_1_92' title="bbox 300 4433 1871 4511; baseline -0.004 -18"><span class='ocrx_word' id='word_1_671' title='bbox 300 4440 490 4494; x_wconf 77' lang='grc' dir='ltr'>ἔθνεσι</span> <span class='ocrx_word' id='word_1_672' title='bbox 516 4434 1006 4511; x_wconf 87' lang='grc' dir='ltr'>προκαταγγελθέν</span> <span class='ocrx_word' id='word_1_673' title='bbox 1034 4435 1187 4508; x_wconf 77' lang='grc' dir='ltr'>παρὰ</span> <span class='ocrx_word' id='word_1_674' title='bbox 1206 4433 1315 4490; x_wconf 84' lang='grc' dir='ltr'><strong>τῶν</strong></span> <span class='ocrx_word' id='word_1_675' title='bbox 1331 4435 1391 4487; x_wconf 89' lang='grc' dir='ltr'><strong>ἐν</strong></span> <span class='ocrx_word' id='word_1_676' title='bbox 1417 4434 1668 4497; x_wconf 80' lang='grc' dir='ltr'>ἑκάστοις</span> <span class='ocrx_word' id='word_1_677' title='bbox 1693 4434 1871 4503; x_wconf 69' lang='grc' dir='ltr'>λογίωι</span> 
     </span>
    </p>
   </div>
   <div class='ocr_carea' id='block_1_93' title="bbox 1979 4417 3578 4511">
    <p class='ocr_par' dir='ltr' id='par_1_93' title="bbox 1999 4417 3578 4491">
     <span class='ocr_line' id='line_1_93' title="bbox 1999 4417 3578 4491; baseline -0.004 -10"><span class='ocrx_word' id='word_1_678' title='bbox 1999 4435 2058 4481; x_wconf 86' lang='grc' dir='ltr'><strong>ιιι</strong></span> <span class='ocrx_word' id='word_1_679' title='bbox 2090 4435 2330 4491; x_wconf 89' lang='lat' dir='ltr'><strong>ostenso,</strong></span> <span class='ocrx_word' id='word_1_680' title='bbox 2374 4423 2809 4480; x_wconf 86' lang='lat' dir='ltr'><strong>Christianorum</strong></span> <span class='ocrx_word' id='word_1_681' title='bbox 2869 4423 3172 4480; x_wconf 90' lang='lat' dir='ltr'><strong>doctrinam</strong></span> <span class='ocrx_word' id='word_1_682' title='bbox 3222 4422 3277 4475; x_wconf 91' lang='lat' dir='ltr'><strong>in</strong></span> <span class='ocrx_word' id='word_1_683' title='bbox 3325 4417 3578 4475; x_wconf 87' lang='lat' dir='ltr'><strong>omnibus</strong></span> 
     </span>
    </p>
   </div>
   <div class='ocr_carea' id='block_1_94' title="bbox 299 4524 1891 4604">
    <p class='ocr_par' dir='ltr' id='par_1_94' title="bbox 299 4524 1891 4604">
     <span class='ocr_line' id='line_1_94' title="bbox 299 4524 1891 4604; baseline -0.006 -16"><span class='ocrx_word' id='word_1_684' title='bbox 299 4535 400 4589; x_wconf 71' lang='grc' dir='ltr'><strong>καὶ</strong></span> <span class='ocrx_word' id='word_1_685' title='bbox 430 4530 973 4604; x_wconf 72' lang='grc' dir='ltr'>προκηρυττόμενον,</span> <span class='ocrx_word' id='word_1_686' title='bbox 1030 4526 1471 4596; x_wconf 82' lang='grc' dir='ltr'>ἀναπολογήτους</span> <span class='ocrx_word' id='word_1_687' title='bbox 1522 4525 1716 4597; x_wconf 78' lang='grc' dir='ltr'>ἐλέγξῃ</span> <span class='ocrx_word' id='word_1_688' title='bbox 1762 4524 1891 4589; x_wconf 82' lang='grc' dir='ltr'>τοὺς</span> 
     </span>
    </p>
   </div>
   <div class='ocr_carea' id='block_1_95' title="bbox 301 4617 1891 4693">
    <p class='ocr_par' dir='ltr' id='par_1_95' title="bbox 301 4617 1891 4693">
     <span class='ocr_line' id='line_1_95' title="bbox 301 4617 1891 4693; baseline -0.004 -14"><span class='ocrx_word' id='word_1_689' title='bbox 301 4626 365 4692; x_wconf 81' lang='grc' dir='ltr'><strong>ἐξ</strong></span> <span class='ocrx_word' id='word_1_690' title='bbox 414 4623 611 4686; x_wconf 81' lang='grc' dir='ltr'>ἐθνῶν,</span> <span class='ocrx_word' id='word_1_691' title='bbox 639 4623 757 4676; x_wconf 83' lang='grc' dir='ltr'>ὅσοι</span> <span class='ocrx_word' id='word_1_692' title='bbox 802 4621 879 4693; x_wconf 85' lang='grc' dir='ltr'>μὴ</span> <span class='ocrx_word' id='word_1_693' title='bbox 922 4620 998 4692; x_wconf 85' lang='grc' dir='ltr'><strong>τῷ</strong></span> <span class='ocrx_word' id='word_1_694' title='bbox 1028 4619 1157 4690; x_wconf 85' lang='grc' dir='ltr'>θείῳ</span> <span class='ocrx_word' id='word_1_695' title='bbox 1210 4618 1518 4689; x_wconf 85' lang='grc' dir='ltr'>προσῆλθον</span> <span class='ocrx_word' id='word_1_696' title='bbox 1547 4617 1891 4690; x_wconf 86' lang='grc' dir='ltr'>κηρύγματι.</span> 
     </span>
    </p>
   </div>
   <div class='ocr_carea' id='block_1_96' title="bbox 302 4703 1894 4789">
    <p class='ocr_par' dir='ltr' id='par_1_96' title="bbox 302 4703 1894 4789">
     <span class='ocr_line' id='line_1_96' title="bbox 302 4703 1894 4789; baseline -0.005 -17"><span class='ocrx_word' id='word_1_697' title='bbox 302 4719 466 4772; x_wconf 60' lang='lat' dir='ltr'><strong>Ratio</strong></span> <span class='ocrx_word' id='word_1_698' title='bbox 530 4717 632 4789; x_wconf 82' lang='grc' dir='ltr'>μὲν</span> <span class='ocrx_word' id='word_1_699' title='bbox 669 4715 874 4778; x_wconf 81' lang='grc' dir='ltr'>σκοπὸς</span> <span class='ocrx_word' id='word_1_700' title='bbox 906 4714 1210 4779; x_wconf 79' lang='grc' dir='ltr'>ἐπαινετὸς,</span> <span class='ocrx_word' id='word_1_701' title='bbox 1247 4713 1346 4765; x_wconf 82' lang='grc' dir='ltr'>οὐκ</span> <span class='ocrx_word' id='word_1_702' title='bbox 1372 4710 1480 4765; x_wconf 77' lang='grc' dir='ltr'>ἔδει</span> <span class='ocrx_word' id='word_1_703' title='bbox 1526 4711 1583 4764; x_wconf 82' lang='grc' dir='ltr'>δὲ</span> <span class='ocrx_word' id='word_1_704' title='bbox 1612 4710 1679 4764; x_wconf 88' lang='grc' dir='ltr'><strong>δι’</strong></span> <span class='ocrx_word' id='word_1_705' title='bbox 1718 4703 1793 4764; x_wconf 79' lang='grc' dir='ltr'>ὧν</span> <span class='ocrx_word' id='word_1_706' title='bbox 1824 4706 1894 4781; x_wconf 80' lang='grc' dir='ltr'>ἦν</span> 
     </span>
    </p>
   </div>
   <div class='ocr_carea' id='block_1_97' title="bbox 306 4798 1895 4882">
    <p class='ocr_par' dir='ltr' id='par_1_97' title="bbox 306 4798 1895 4882">
     <span class='ocr_line' id='line_1_97' title="bbox 306 4798 1895 4882; baseline -0.006 -17"><span class='ocrx_word' id='word_1_707' title='bbox 306 4810 517 4882; x_wconf 69' lang='grc' dir='ltr'>ἄπορόν</span> <span class='ocrx_word' id='word_1_708' title='bbox 542 4828 602 4863; x_wconf 81' lang='grc' dir='ltr'><strong>τε</strong></span> <span class='ocrx_word' id='word_1_709' title='bbox 633 4810 730 4863; x_wconf 78' lang='grc' dir='ltr'><strong>καὶ</strong></span> <span class='ocrx_word' id='word_1_710' title='bbox 742 4807 1027 4873; x_wconf 81' lang='grc' dir='ltr'>ἀπίθανον,</span> <span class='ocrx_word' id='word_1_711' title='bbox 1060 4807 1196 4862; x_wconf 88' lang='grc' dir='ltr'>άλλά</span> <span class='ocrx_word' id='word_1_712' title='bbox 1227 4804 1294 4859; x_wconf 82' lang='grc' dir='ltr'><strong>δι’</strong></span> <span class='ocrx_word' id='word_1_713' title='bbox 1340 4798 1416 4858; x_wconf 77' lang='grc' dir='ltr'>ὧν</span> <span class='ocrx_word' id='word_1_714' title='bbox 1443 4803 1701 4875; x_wconf 86' lang='grc' dir='ltr'>ἐνεχώρει</span> <span class='ocrx_word' id='word_1_715' title='bbox 1739 4804 1831 4857; x_wconf 76' lang='grc' dir='ltr'>καὶ</span> <span class='ocrx_word' id='word_1_716' title='bbox 1860 4804 1895 4875; x_wconf 80' lang='grc' dir='ltr'>ἠ</span> 
     </span>
    </p>
   </div>
   <div class='ocr_carea' id='block_1_98' title="bbox 306 4895 1464 4968">
    <p class='ocr_par' dir='ltr' id='par_1_98' title="bbox 306 4895 1464 4968">
     <span class='ocr_line' id='line_1_98' title="bbox 306 4895 1464 4968; baseline -0.004 -14"><span class='ocrx_word' id='word_1_717' title='bbox 306 4904 495 4965; x_wconf 81' lang='grc' dir='ltr'>πίστις</span> <span class='ocrx_word' id='word_1_718' title='bbox 520 4901 832 4966; x_wconf 85' lang='grc' dir='ltr'>συνείπετο,</span> <span class='ocrx_word' id='word_1_719' title='bbox 863 4898 1056 4951; x_wconf 82' lang='grc' dir='ltr'>τοῦτον</span> <span class='ocrx_word' id='word_1_720' title='bbox 1079 4895 1464 4968; x_wconf 87' lang='grc' dir='ltr'>περαίνεσθαι.</span> 
     </span>
    </p>
   </div>
   <div class='ocr_carea' id='block_1_99' title="bbox 1999 4508 3579 4586">
    <p class='ocr_par' dir='ltr' id='par_1_99' title="bbox 1999 4508 3579 4586">
     <span class='ocr_line' id='line_1_99' title="bbox 1999 4508 3579 4586; baseline -0.004 -17"><span class='ocrx_word' id='word_1_721' title='bbox 1999 4515 2255 4586; x_wconf 81' lang='lat' dir='ltr'><strong>gentibus</strong></span> <span class='ocrx_word' id='word_1_722' title='bbox 2280 4514 2701 4583; x_wconf 73' lang='lat' dir='ltr'><strong>praeuuntiatam</strong></span> <span class='ocrx_word' id='word_1_723' title='bbox 2727 4511 2921 4577; x_wconf 79' lang='lat' dir='ltr'><strong>fuisse,</strong></span> <span class='ocrx_word' id='word_1_724' title='bbox 2953 4521 3010 4566; x_wconf 90' lang='lat' dir='ltr'><strong>et</strong></span> <span class='ocrx_word' id='word_1_725' title='bbox 3028 4512 3096 4566; x_wconf 90' lang='lat' dir='ltr'><strong>ab</strong></span> <span class='ocrx_word' id='word_1_726' title='bbox 3113 4508 3579 4581; x_wconf 84' lang='lat' dir='ltr'><strong>eloquentissimis</strong></span> 
     </span>
    </p>
   </div>
   <div class='ocr_carea' id='block_1_100' title="bbox 1999 4599 3576 4677">
    <p class='ocr_par' dir='ltr' id='par_1_100' title="bbox 1999 4599 3576 4677">
     <span class='ocr_line' id='line_1_100' title="bbox 1999 4599 3576 4677; baseline -0.005 -14"><span class='ocrx_word' id='word_1_727' title='bbox 1999 4607 2305 4677; x_wconf 88' lang='lat' dir='ltr'><strong>quibusque</strong></span> <span class='ocrx_word' id='word_1_728' title='bbox 2333 4606 2385 4659; x_wconf 91' lang='lat' dir='ltr'><strong>in</strong></span> <span class='ocrx_word' id='word_1_729' title='bbox 2415 4603 2646 4675; x_wconf 86' lang='lat' dir='ltr'><strong>singulis</strong></span> <span class='ocrx_word' id='word_1_730' title='bbox 2674 4604 2989 4658; x_wconf 87' lang='lat' dir='ltr'><strong>nationibus</strong></span> <span class='ocrx_word' id='word_1_731' title='bbox 3019 4602 3390 4673; x_wconf 69' lang='lat' dir='ltr'><strong>prmdicatam,</strong></span> <span class='ocrx_word' id='word_1_732' title='bbox 3421 4599 3576 4655; x_wconf 77' lang='lat' dir='ltr'><strong>inex-</strong></span> 
     </span>
    </p>
   </div>
   <div class='ocr_carea' id='block_1_101' title="bbox 1999 4693 3579 4768">
    <p class='ocr_par' dir='ltr' id='par_1_101' title="bbox 1999 4693 3579 4768">
     <span class='ocr_line' id='line_1_101' title="bbox 1999 4693 3579 4768; baseline -0.006 -11"><span class='ocrx_word' id='word_1_733' title='bbox 1999 4700 2271 4757; x_wconf 88' lang='lat' dir='ltr'><strong>cusabiles</strong></span> <span class='ocrx_word' id='word_1_734' title='bbox 2300 4714 2396 4755; x_wconf 90' lang='lat' dir='ltr'><strong>eos</strong></span> <span class='ocrx_word' id='word_1_735' title='bbox 2417 4714 2609 4755; x_wconf 90' lang='lat' dir='ltr'><strong>omnes</strong></span> <span class='ocrx_word' id='word_1_736' title='bbox 2637 4700 2778 4752; x_wconf 90' lang='lat' dir='ltr'><strong>inter</strong></span> <span class='ocrx_word' id='word_1_737' title='bbox 2826 4707 3015 4768; x_wconf 88' lang='lat' dir='ltr'><strong>gentes</strong></span> <span class='ocrx_word' id='word_1_738' title='bbox 3038 4709 3161 4752; x_wconf 87' lang='lat' dir='ltr'><strong>esse</strong></span> <span class='ocrx_word' id='word_1_739' title='bbox 3205 4693 3579 4763; x_wconf 82' lang='lat' dir='ltr'><strong>convinceret,</strong></span> 
     </span>
    </p>
   </div>
   <div class='ocr_carea' id='block_1_102' title="bbox 2003 4786 3578 4864">
    <p class='ocr_par' dir='ltr' id='par_1_102' title="bbox 2003 4786 3578 4864">
     <span class='ocr_line' id='line_1_102' title="bbox 2003 4786 3578 4864; baseline -0.004 -16"><span class='ocrx_word' id='word_1_740' title='bbox 2003 4795 2094 4864; x_wconf 90' lang='lat' dir='ltr'><strong>qui</strong></span> <span class='ocrx_word' id='word_1_741' title='bbox 2134 4793 2330 4848; x_wconf 69' lang='lat' dir='ltr'><strong>divina:</strong></span> <span class='ocrx_word' id='word_1_742' title='bbox 2375 4807 2484 4848; x_wconf 90' lang='lat' dir='ltr'><strong>non</strong></span> <span class='ocrx_word' id='word_1_743' title='bbox 2521 4792 2633 4847; x_wconf 90' lang='lat' dir='ltr'><strong>sint</strong></span> <span class='ocrx_word' id='word_1_744' title='bbox 2658 4793 2865 4847; x_wconf 88' lang='lat' dir='ltr'><strong>assensi</strong></span> <span class='ocrx_word' id='word_1_745' title='bbox 2895 4788 3177 4845; x_wconf 66' lang='lat' dir='ltr'><strong>doctrinae.</strong></span> <span class='ocrx_word' id='word_1_746' title='bbox 3216 4786 3319 4854; x_wconf 81' lang='lat' dir='ltr'><strong>Qui</strong></span> <span class='ocrx_word' id='word_1_747' title='bbox 3359 4786 3578 4857; x_wconf 88' lang='lat' dir='ltr'><strong>quidem</strong></span> 
     </span>
    </p>
   </div>
   <div class='ocr_carea' id='block_1_103' title="bbox 2006 4879 3581 4959">
    <p class='ocr_par' dir='ltr' id='par_1_103' title="bbox 2006 4879 3581 4959">
     <span class='ocr_line' id='line_1_103' title="bbox 2006 4879 3581 4959; baseline -0.006 -15"><span class='ocrx_word' id='word_1_748' title='bbox 2006 4903 2205 4959; x_wconf 89' lang='lat' dir='ltr'><strong>scopus</strong></span> <span class='ocrx_word' id='word_1_749' title='bbox 2235 4882 2536 4943; x_wconf 86' lang='lat' dir='ltr'><strong>laudandus</strong></span> <span class='ocrx_word' id='word_1_750' title='bbox 2558 4901 2692 4942; x_wconf 85' lang='lat' dir='ltr'><strong>sane</strong></span> <span class='ocrx_word' id='word_1_751' title='bbox 2725 4893 2828 4948; x_wconf 87' lang='lat' dir='ltr'><strong>cst,</strong></span> <span class='ocrx_word' id='word_1_752' title='bbox 2869 4883 2970 4939; x_wconf 89' lang='lat' dir='ltr'><strong>etsi</strong></span> <span class='ocrx_word' id='word_1_753' title='bbox 2999 4898 3103 4937; x_wconf 92' lang='lat' dir='ltr'><strong>non</strong></span> <span class='ocrx_word' id='word_1_754' title='bbox 3128 4879 3413 4951; x_wconf 86' lang='lat' dir='ltr'><strong>oportebat</strong></span> <span class='ocrx_word' id='word_1_755' title='bbox 3454 4893 3581 4936; x_wconf 90' lang='lat' dir='ltr'><strong>eum</strong></span> 
     </span>
    </p>
   </div>
   <div class='ocr_carea' id='block_1_104' title="bbox 305 4972 3581 5065">
    <p class='ocr_par' dir='ltr' id='par_1_104' title="bbox 305 4972 3581 5065">
     <span class='ocr_line' id='line_1_104' title="bbox 305 4972 3581 5065; baseline -0.007 -14"><span class='ocrx_word' id='word_1_756' title='bbox 305 5010 406 5065; x_wconf 84' lang='lat' dir='ltr'><strong>per</strong></span> <span class='ocrx_word' id='word_1_757' title='bbox 428 4996 597 5050; x_wconf 89' lang='lat' dir='ltr'><strong>dubia</strong></span> <span class='ocrx_word' id='word_1_758' title='bbox 635 5004 694 5047; x_wconf 84' lang='lat' dir='ltr'><strong>et</strong></span> <span class='ocrx_word' id='word_1_759' title='bbox 722 4990 1061 5047; x_wconf 86' lang='lat' dir='ltr'><strong>incredibilia</strong></span> <span class='ocrx_word' id='word_1_760' title='bbox 1089 4989 1308 5055; x_wconf 80' lang='lat' dir='ltr'><strong>conﬁci,</strong></span> <span class='ocrx_word' id='word_1_761' title='bbox 1335 4988 1429 5044; x_wconf 88' lang='lat' dir='ltr'><strong>sed</strong></span> <span class='ocrx_word' id='word_1_762' title='bbox 1460 5004 1556 5057; x_wconf 87' lang='lat' dir='ltr'><strong>per</strong></span> <span class='ocrx_word' id='word_1_763' title='bbox 1588 5002 1650 5041; x_wconf 91' lang='lat' dir='ltr'><strong>ea</strong></span> <span class='ocrx_word' id='word_1_764' title='bbox 1681 4995 1892 5040; x_wconf 85' lang='lat' dir='ltr'><strong>tantum</strong></span> <span class='ocrx_word' id='word_1_765' title='bbox 1926 4998 2159 5055; x_wconf 82' lang='lat' dir='ltr'><strong>quorum</strong></span> <span class='ocrx_word' id='word_1_766' title='bbox 2201 4991 2258 5035; x_wconf 90' lang='lat' dir='ltr'><strong>et</strong></span> <span class='ocrx_word' id='word_1_767' title='bbox 2291 4978 2526 5035; x_wconf 81' lang='lat' dir='ltr'><strong>facultas</strong></span> <span class='ocrx_word' id='word_1_768' title='bbox 2567 4978 2832 5050; x_wconf 88' lang='lat' dir='ltr'><strong>ejusmodi</strong></span> <span class='ocrx_word' id='word_1_769' title='bbox 2894 4986 3064 5043; x_wconf 83' lang='lat' dir='ltr'><strong>esset,</strong></span> <span class='ocrx_word' id='word_1_770' title='bbox 3117 4985 3172 5030; x_wconf 91' lang='lat' dir='ltr'><strong>et</strong></span> <span class='ocrx_word' id='word_1_771' title='bbox 3219 4990 3341 5045; x_wconf 73' lang='lat' dir='ltr'><strong>qua:</strong></span> <span class='ocrx_word' id='word_1_772' title='bbox 3416 4972 3581 5028; x_wconf 79' lang='lat' dir='ltr'><strong>ﬁdem</strong></span> 
     </span>
    </p>
   </div>
   <div class='ocr_carea' id='block_1_105' title="bbox 313 5088 649 5143">
    <p class='ocr_par' dir='ltr' id='par_1_105' title="bbox 313 5088 649 5143">
     <span class='ocr_line' id='line_1_105' title="bbox 313 5088 649 5143; baseline -0.012 0"><span class='ocrx_word' id='word_1_773' title='bbox 313 5088 649 5143; x_wconf 81' lang='lat' dir='ltr'><strong>invenirent.</strong></span> 
     </span>
    </p>
   </div>
   <div class='ocr_carea' id='block_1_106' title="bbox 384 5170 1899 5247">
    <p class='ocr_par' dir='ltr' id='par_1_106' title="bbox 384 5170 1899 5247">
     <span class='ocr_line' id='line_1_106' title="bbox 384 5170 1899 5247; baseline -0.007 -15"><span class='ocrx_word' id='word_1_774' title='bbox 384 5179 458 5232; x_wconf 84' lang='grc' dir='ltr'>Τὸ</span> <span class='ocrx_word' id='word_1_775' title='bbox 488 5176 869 5247; x_wconf 67' lang='grc' dir='ltr'>μέποιόνομα</span> <span class='ocrx_word' id='word_1_776' title='bbox 896 5172 991 5228; x_wconf 86' lang='grc' dir='ltr'><strong>τοῦ</strong></span> <span class='ocrx_word' id='word_1_777' title='bbox 1022 5174 1411 5244; x_wconf 81' lang='grc' dir='ltr'>συντεταχότος</span> <span class='ocrx_word' id='word_1_778' title='bbox 1449 5172 1518 5225; x_wconf 77' lang='grc' dir='ltr'><strong>τά</strong></span> <span class='ocrx_word' id='word_1_779' title='bbox 1542 5170 1708 5240; x_wconf 84' lang='grc' dir='ltr'>τεύχη</span> <span class='ocrx_word' id='word_1_780' title='bbox 1738 5170 1899 5240; x_wconf 87' lang='grc' dir='ltr'>μέχρι</span> 
     </span>
    </p>
   </div>
   <div class='ocr_carea' id='block_1_107' title="bbox 315 5257 1897 5339">
    <p class='ocr_par' dir='ltr' id='par_1_107' title="bbox 315 5257 1897 5339">
     <span class='ocr_line' id='line_1_107' title="bbox 315 5257 1897 5339; baseline -0.008 -16"><span class='ocrx_word' id='word_1_781' title='bbox 315 5268 410 5323; x_wconf 85' lang='grc' dir='ltr'><strong>νῦν</strong></span> <span class='ocrx_word' id='word_1_782' title='bbox 432 5271 534 5323; x_wconf 73' lang='grc' dir='ltr'>οὐκ</span> <span class='ocrx_word' id='word_1_783' title='bbox 562 5267 801 5339; x_wconf 78' lang='grc' dir='ltr'>ἔσχομεν</span> <span class='ocrx_word' id='word_1_784' title='bbox 829 5264 1027 5319; x_wconf 62' lang='grc' dir='ltr'>εἰδέναι</span> <span class='ocrx_word' id='word_1_785' title='bbox 1047 5281 1061 5296; x_wconf 78' lang='grc'><strong><em>⁸</em></strong></span> <span class='ocrx_word' id='word_1_786' title='bbox 1091 5264 1153 5317; x_wconf 81' lang='grc' dir='ltr'>οὐ</span> <span class='ocrx_word' id='word_1_787' title='bbox 1181 5263 1291 5334; x_wconf 81' lang='grc' dir='ltr'><strong>γὰρ</strong></span> <span class='ocrx_word' id='word_1_788' title='bbox 1320 5261 1614 5332; x_wconf 76' lang='grc' dir='ltr'>ἐνεφέρετο</span> <span class='ocrx_word' id='word_1_789' title='bbox 1648 5261 1761 5322; x_wconf 83' lang='grc' dir='ltr'>τοῖς</span> <span class='ocrx_word' id='word_1_790' title='bbox 1815 5257 1897 5328; x_wconf 85' lang='grc' dir='ltr'><strong>βι-</strong></span> 
     </span>
    </p>
   </div>
   <div class='ocr_carea' id='block_1_108' title="bbox 2078 5156 3581 5233">
    <p class='ocr_par' dir='ltr' id='par_1_108' title="bbox 2078 5156 3581 5233">
     <span class='ocr_line' id='line_1_108' title="bbox 2078 5156 3581 5233; baseline -0.011 -13"><span class='ocrx_word' id='word_1_791' title='bbox 2078 5165 2209 5233; x_wconf 87' lang='lat' dir='ltr'><strong>Ejus</strong></span> <span class='ocrx_word' id='word_1_792' title='bbox 2235 5174 2413 5218; x_wconf 87' lang='lat' dir='ltr'><strong>autem</strong></span> <span class='ocrx_word' id='word_1_793' title='bbox 2439 5161 2529 5231; x_wconf 89' lang='lat' dir='ltr'><strong>qui</strong></span> <span class='ocrx_word' id='word_1_794' title='bbox 2561 5161 2676 5216; x_wconf 72' lang='lat' dir='ltr'><strong>lucc</strong></span> <span class='ocrx_word' id='word_1_795' title='bbox 2697 5158 2969 5215; x_wconf 82' lang='lat' dir='ltr'><strong>volumina</strong></span> <span class='ocrx_word' id='word_1_796' title='bbox 3003 5156 3243 5224; x_wconf 88' lang='lat' dir='ltr'><strong>collegit,</strong></span> <span class='ocrx_word' id='word_1_797' title='bbox 3268 5165 3463 5207; x_wconf 87' lang='lat' dir='ltr'><strong>nomen</strong></span> <span class='ocrx_word' id='word_1_798' title='bbox 3496 5165 3581 5205; x_wconf 81' lang='lat' dir='ltr'><strong>cn-</strong></span> 
     </span>
    </p>
   </div>
   <div class='ocr_carea' id='block_1_109' title="bbox 2007 5242 3579 5331">
    <p class='ocr_par' dir='ltr' id='par_1_109' title="bbox 2007 5242 3579 5331">
     <span class='ocr_line' id='line_1_109' title="bbox 2007 5242 3579 5331; baseline -0.009 -19"><span class='ocrx_word' id='word_1_799' title='bbox 2007 5272 2269 5331; x_wconf 80' lang='lat' dir='ltr'><strong>gnoscere</strong></span> <span class='ocrx_word' id='word_1_800' title='bbox 2318 5258 2386 5311; x_wconf 87' lang='lat' dir='ltr'><strong>ad</strong></span> <span class='ocrx_word' id='word_1_801' title='bbox 2434 5257 2575 5310; x_wconf 86' lang='lat' dir='ltr'><strong>hanc</strong></span> <span class='ocrx_word' id='word_1_802' title='bbox 2604 5254 2744 5311; x_wconf 89' lang='lat' dir='ltr'><strong>diem</strong></span> <span class='ocrx_word' id='word_1_803' title='bbox 2780 5267 2886 5309; x_wconf 93' lang='lat' dir='ltr'><strong>non</strong></span> <span class='ocrx_word' id='word_1_804' title='bbox 2918 5250 3064 5321; x_wconf 88' lang='lat' dir='ltr'><strong>potui</strong></span> <span class='ocrx_word' id='word_1_805' title='bbox 3093 5251 3214 5319; x_wconf 86' lang='lat' dir='ltr'><strong>(nec</strong></span> <span class='ocrx_word' id='word_1_806' title='bbox 3259 5245 3405 5300; x_wconf 92' lang='lat' dir='ltr'><strong>enim</strong></span> <span class='ocrx_word' id='word_1_807' title='bbox 3433 5242 3579 5313; x_wconf 90' lang='lat' dir='ltr'><strong>libri,</strong></span> 
     </span>
    </p>
   </div>
   <div class='ocr_carea' id='block_1_110' title="bbox 1585 5369 2279 5429">
    <p class='ocr_par' dir='ltr' id='par_1_110' title="bbox 1585 5369 2279 5429">
     <span class='ocr_line' id='line_1_110' title="bbox 1585 5369 2279 5429; baseline -0.003 0"><span class='ocrx_word' id='word_1_808' title='bbox 1585 5371 1827 5429; x_wconf 74' lang='lat' dir='ltr'><strong>VAliUE</strong></span> <span class='ocrx_word' id='word_1_809' title='bbox 1869 5369 2279 5427; x_wconf 79' lang='lat' dir='ltr'><strong>LECTIONES.</strong></span> 
     </span>
    </p>
   </div>
   <div class='ocr_carea' id='block_1_111' title="bbox 388 5469 1416 5540">
    <p class='ocr_par' dir='ltr' id='par_1_111' title="bbox 388 5469 1416 5540">
     <span class='ocr_line' id='line_1_111' title="bbox 388 5469 1416 5540; baseline -0.002 -15"><span class='ocrx_word' id='word_1_810' title='bbox 388 5474 432 5506; x_wconf 77' lang='grc'>³⁸</span> <span class='ocrx_word' id='word_1_811' title='bbox 464 5474 691 5528; x_wconf 80' lang='grc' dir='ltr'>πάντων</span> <span class='ocrx_word' id='word_1_812' title='bbox 729 5491 793 5538; x_wconf 85' lang='grc' dir='ltr'><strong>ς.</strong></span> <span class='ocrx_word' id='word_1_813' title='bbox 833 5471 880 5502; x_wconf 78' lang='grc' dir='ltr'><strong>’⁵ο</strong></span> <span class='ocrx_word' id='word_1_814' title='bbox 912 5469 1324 5540; x_wconf 82' lang='grc' dir='ltr'>προειρημένων</span> <span class='ocrx_word' id='word_1_815' title='bbox 1353 5483 1416 5531; x_wconf 84' lang='grc' dir='ltr'><strong>ς.</strong></span> 
     </span>
    </p>
   </div>
   <div class='ocr_carea' id='block_1_112' title="bbox 314 5540 1115 5612">
    <p class='ocr_par' dir='ltr' id='par_1_112' title="bbox 314 5540 1115 5612">
     <span class='ocr_line' id='line_1_112' title="bbox 314 5540 1115 5612; baseline -0.01 -13"><span class='ocrx_word' id='word_1_816' title='bbox 314 5541 369 5578; x_wconf 66' lang='grc'><strong>⁸⁸</strong></span> <span class='ocrx_word' id='word_1_817' title='bbox 400 5562 459 5598; x_wconf 86' lang='grc' dir='ltr'><strong>τε</strong></span> <span class='ocrx_word' id='word_1_818' title='bbox 490 5548 620 5602; x_wconf 80' lang='lat' dir='ltr'><strong>add.</strong></span> <span class='ocrx_word' id='word_1_819' title='bbox 654 5546 721 5599; x_wconf 82' lang='lat' dir='ltr'><strong>A.</strong></span> <span class='ocrx_word' id='word_1_820' title='bbox 797 5541 845 5574; x_wconf 81' lang='grc'><strong>’⁸⁸</strong></span> <span class='ocrx_word' id='word_1_821' title='bbox 879 5540 1029 5612; x_wconf 80' lang='grc' dir='ltr'><strong>αύτῴ</strong></span> <span class='ocrx_word' id='word_1_822' title='bbox 1057 5558 1115 5605; x_wconf 79' lang='grc' dir='ltr'><strong>ς.</strong></span> 
     </span>
    </p>
   </div>
   <div class='ocr_carea' id='block_1_113' title="bbox 1523 5447 3586 5539">
    <p class='ocr_par' dir='ltr' id='par_1_113' title="bbox 1523 5447 3586 5539">
     <span class='ocr_line' id='line_1_113' title="bbox 1523 5447 3586 5539; baseline -0.007 -18"><span class='ocrx_word' id='word_1_823' title='bbox 1523 5467 1568 5499; x_wconf 71' lang='grc' dir='ltr'><strong>’δί</strong></span> <span class='ocrx_word' id='word_1_824' title='bbox 1594 5463 1939 5539; x_wconf 85' lang='grc' dir='ltr'>χυμευτικῶν</span> <span class='ocrx_word' id='word_1_825' title='bbox 1967 5477 2112 5523; x_wconf 89' lang='lat' dir='ltr'><strong>corr.</strong></span> <span class='ocrx_word' id='word_1_826' title='bbox 2144 5465 2209 5521; x_wconf 86' lang='lat' dir='ltr'><strong>A.</strong></span> <span class='ocrx_word' id='word_1_827' title='bbox 2285 5464 2332 5499; x_wconf 76' lang='grc'><strong>⁴²</strong></span> <span class='ocrx_word' id='word_1_828' title='bbox 2355 5465 2455 5520; x_wconf 77' lang='grc' dir='ltr'>οὐκ</span> <span class='ocrx_word' id='word_1_829' title='bbox 2485 5465 2531 5520; x_wconf 84' lang='lat' dir='ltr'><strong>A</strong></span> <span class='ocrx_word' id='word_1_830' title='bbox 2556 5482 2571 5522; x_wconf 87' lang='lat'><strong>:</strong></span> <span class='ocrx_word' id='word_1_831' title='bbox 2596 5460 2658 5526; x_wconf 85' lang='grc' dir='ltr'>ὃς</span> <span class='ocrx_word' id='word_1_832' title='bbox 2681 5460 2781 5514; x_wconf 84' lang='grc' dir='ltr'>οὐκ</span> <span class='ocrx_word' id='word_1_833' title='bbox 2810 5477 2870 5525; x_wconf 78' lang='grc' dir='ltr'>ς’.</span> <span class='ocrx_word' id='word_1_834' title='bbox 2945 5457 2992 5488; x_wconf 79' lang='grc'><strong>’⁸³</strong></span> <span class='ocrx_word' id='word_1_835' title='bbox 3023 5454 3221 5521; x_wconf 73' lang='grc' dir='ltr'>λέξεων</span> <span class='ocrx_word' id='word_1_836' title='bbox 3262 5448 3310 5505; x_wconf 84' lang='grc' dir='ltr'><strong>Α</strong></span> <span class='ocrx_word' id='word_1_837' title='bbox 3354 5467 3370 5505; x_wconf 76' lang='grc' dir='ltr'><strong>ι</strong></span> <span class='ocrx_word' id='word_1_838' title='bbox 3407 5447 3586 5521; x_wconf 81' lang='grc' dir='ltr'>λόγων</span> 
     </span>
    </p>
   </div>
   <div class='ocr_carea' id='block_1_114' title="bbox 1815 5629 2048 5690">
    <p class='ocr_par' dir='ltr' id='par_1_114' title="bbox 1815 5629 2048 5690">
     <span class='ocr_line' id='line_1_114' title="bbox 1815 5629 2048 5690; baseline -0.009 -1"><span class='ocrx_word' id='word_1_839' title='bbox 1815 5629 2048 5690; x_wconf 60' lang='lat' dir='ltr'><strong>NOTAE.</strong></span> 
     </span>
    </p>
   </div>
   <div class='ocr_carea' id='block_1_115' title="bbox 396 5725 1685 5807">
    <p class='ocr_par' dir='ltr' id='par_1_115' title="bbox 396 5725 1685 5807">
     <span class='ocr_line' id='line_1_115' title="bbox 396 5725 1685 5807; baseline -0.002 -19"><span class='ocrx_word' id='word_1_840' title='bbox 396 5730 502 5804; x_wconf 74' lang='grc'><strong>(84)</strong></span> <span class='ocrx_word' id='word_1_841' title='bbox 531 5730 612 5790; x_wconf 91' lang='lat' dir='ltr'><strong>De</strong></span> <span class='ocrx_word' id='word_1_842' title='bbox 644 5729 804 5802; x_wconf 75' lang='lat' dir='ltr'><strong>cujus</strong></span> <span class='ocrx_word' id='word_1_843' title='bbox 829 5729 1060 5788; x_wconf 87' lang='lat' dir='ltr'><strong>historia</strong></span> <span class='ocrx_word' id='word_1_844' title='bbox 1094 5728 1252 5788; x_wconf 84' lang='lat' dir='ltr'><strong>Phot.</strong></span> <span class='ocrx_word' id='word_1_845' title='bbox 1276 5743 1411 5807; x_wconf 27' lang='lat' dir='ltr'><strong>.sup.</strong></span> <span class='ocrx_word' id='word_1_846' title='bbox 1448 5727 1571 5788; x_wconf 84' lang='lat' dir='ltr'><strong>cod.</strong></span> <span class='ocrx_word' id='word_1_847' title='bbox 1594 5725 1685 5785; x_wconf 89' lang='lat'><strong>88.</strong></span> 
     </span>
    </p>
   </div>
  </div>
