3932 6240
261 287 359 354 501
1105 291 1179 348 BI
1189 289 1602 350 BLIOTIIECA
1615 335 1628 349 .
1669 315 1682 324 ο

1769 287 1983 349 CODD.
2017 288 2572 356 CLXXI-CLXXIV.

3408 290 3512 355 502

262 405 454 470 κάριον
493 402 827 472 Νικόδημον,
862 403 983 454 ἐπεὶ
1009 401 1271 455 ἐπύθοντο
1293 403 1340 454 oi
1375 401 1420 431 ⁵⁵
1444 400 1687 453 Ἰουδαῖοι
1743 399 1840 468 βα-

1964 403 2280 469 iaptizatum
2321 420 2442 459 eum
2471 406 2828 466 inaudissent.
2863 404 3036 473 plagis
3073 402 3254 455 multis
3291 417 3510 470 percus-

261 497 586 559 πτίσασθαι,
613 496 700 548 διὰ
721 495 878 548 τοῦτο
921 495 1156 565 πληγαῖς
1178 494 1397 554 πολλαῖς
1428 492 1721 552 ὑπέϐαλον,
1753 485 1840 552 αἷς

266 588 511 658 στερρῶς
543 587 846 656 ὲναθλήσας
877 587 992 655 μετ’
1019 585 1200 651 ὀλίγον
1257 581 1569 650 ἐτελειώθη.
1622 580 1841 650 Ταύτην

263 680 362 747 τὴν
394 680 636 749 ἱστορίαν
661 680 903 747 περιεῖχε
937 678 1034 747 μὲν
1059 677 1121 729 16
1177 675 1403 744 βιϐλίον,
1445 673 1755 744 Χρυσίππῳ
1783 674 1842 726 δὲ

267 771 440 839 αὐτὴν
473 769 733 823 ἀνετίθει.
759 769 1132 840 Πρεσϐύτερος
1155 767 1199 819 δ’
1257 767 1284 819 6
1316 765 1638 835 Χρύσιππος
1678 764 1843 836 Ἰερο-

272 863 395 914 σολύ
406 881 543 931 μων,
568 862 625 923 ὃς
657 863 884 929 γράφων
913 859 1187 929 ἐγκώμιον
1213 860 1293 922 είς
1316 859 1408 912 τὸν
1442 859 1694 929 μάρτυρα
1713 856 1845 910 Θεό·

268 951 442 1018 δωρον
486 951 562 1012 ὼς
587 952 644 1002 ὲν
670 949 1003 1020 παρεκϐάσει
1031 947 1329 1002 Λουκιανοῦ
1358 963 1509 1009 τινος
1545 947 1842 1015 μέμνηται,

271 1044 369 1093 καὶ
395 1041 559 1094 αύτοῦ
593 1042 692 1110 τῆς
744 1040 913 1109 αὐτῆς
966 1038 1265 1109 ἐκκλησίας
1318 1039 1424 1091 τῶν
1456 1037 1850 1109 Ἰεροσολύμων

273 1135 716 1203 χρηματίσαντος
763 1131 1154 1202 πρεσϐυτέρου,
1215 1133 1306 1184 ὅτε
1349 1133 1378 1183 ὁ
1441 1131 1693 1201 Ἰωάννης
1747 1131 1848 1201 τῆς

273 1226 459 1276 ἐκεῖσε
509 1223 917 1294 ἀρχιερωσύνης
965 1222 1317 1292 προεστήκει.
1347 1212 1513 1283 Οὗτος
1571 1219 1616 1272 δ’
1645 1222 1672 1272 ὁ
1713 1221 1849 1274 Λου-

274 1316 465 1378 κιανὸς
492 1318 548 1368 ὲν
582 1315 678 1385 μιᾷ
716 1315 824 1367 τῶν
869 1314 1101 1378 νυκτῶν,
1142 1312 1271 1382 περ)⁸
1298 1311 1486 1382 τρίτην
1514 1310 1684 1380 ὤραν,
1726 1309 1848 1363 καθ’

277 1411 432 1478 ῦπαρ
459 1407 572 1460 ἀλλ’
603 1409 703 1459 οὐκ
735 1406 887 1476 ὁναρ,
926 1405 1146 1473 λέγεται
1199 1403 1268 1456 τὰ
1305 1404 1677 1474 προειρημένα
1705 1419 1852 1470 μυηο

275 1503 440 1570 θῆναι
460 1513 474 1528 ⁸
504 1498 798 1553 ἐπιστάντα
830 1497 937 1566 γὰρ
971 1494 1118 1564 αὐτῷ
1139 1495 1228 1547 τὸν
1254 1494 1536 1564 Γαμαλιὴλ
1558 1493 1727 1546 ταῦτα
1750 1494 1853 1564 ἐμ-

275 1589 613 1659 φανίσαι,ὼς
645 1587 728 1656 είη
788 1587 885 1656 μὲν
917 1586 1076 1648 αὐτὸς
1092 1584 1391 1652 Γαμαλιὴλ,
1411 1585 1504 1636 καὶ
1525 1582 1601 1646 ὼς
1631 1582 1855 1636 66am!-

277 1693 436 1740 σατο,
470 1677 563 1729 καὶ
595 1675 684 1743 ὑφ’
712 1668 809 1738 ὧν,
841 1673 928 1742 είη
987 1673 1045 1725 δὲ
1080 1674 1174 1725 καὶ
1207 1671 1432 1732 ’Ᾱὸιῦος
1463 1671 1492 1724 6
1547 1674 1695 1737 παῖς,
1757 1671 1854 1724 καὶ

272 1768 354 1829 ὡς
379 1767 520 1836 θήκῃ
555 1767 652 1834 μὲν
684 1768 775 1835 μιᾷ
798 1764 950 1818 αὐτολ⁸
977 1764 1431 1828 ὲναποτέθεινται,
1463 1762 1588 1834 [⁸585
1622 1762 1714 1834 R.]
1737 1762 1853 1815 ἔστι

271 1859 335 1910 δὲ
372 1858 467 1909 καὶ
490 1855 760 1922 Στέφανος
784 1855 814 1906 ὁ
853 1853 1068 1924 πρῶτος
1101 1851 1400 1923 μαρτύρων
1424 1851 1564 1904 κατὰ
1594 1851 1691 1920 τὴν
1721 1851 1854 1903 ἀνα-

271 1947 502 2015 τολικὴν
531 1943 1024 2014 τεθησαυρισμένος
1053 1943 1226 2012 θήκην
1248 1956 1262 1969 ·
1292 1932 1353 1993 οὗ
1399 1940 1553 2010 παρὰ
1580 1941 1706 2002 τοὺς
1754 1941 1855 1992 πός

272 2040 375 2101 δας
409 2039 468 2090 ὲν
496 2038 657 2108 ἑτέρᾳ
685 2037 823 2107 θήκῃ
839 2036 1167 2104 Νικόδημος,
1199 2037 1299 2088 ὃσα
1313 2052 1372 2086 τε
1395 2035 1556 2087 πάθοι
1590 2033 1722 2105 [200
1760 2030 1854 2103 IL]

273 2130 378 2182 καὶ
401 2128 488 2196 ἐφ’
518 2122 600 2190 οἷς
637 2127 732 2180 καὶ
787 2126 891 2180 ὑπὸ
918 2126 1108 2179 τίνων·
1140 2127 1174 2195 ἡ
1227 2126 1284 2179 δὲ
1320 2124 1456 2196 μετὰ
1487 2125 1662 2178 ταῦτα
1700 2123 1840 2194 θήκη

272 2219 450 2272 αὐτοῦ
483 2236 544 2272 τε
578 2220 672 2272 καὶ
726 2217 820 2270 τοῦ
851 2217 1037 2281 παιδός
1088 2220 1223 2270 ἐστι.
1288 2215 1475 2269 Ταῦτα
1507 2215 1731 2268 εἰπόντα
1763 2214 1856 2268 τὸν

273 2309 568 2380 Γαμαλιὴλ
609 2307 910 2378 ἐπισκῆψαι
961 2309 1040 2377 τῷ
1080 2307 1365 2379 Λουκιανῷ
1412 2308 1484 2378 μὴ
1515 2307 1740 2378 ἀμελεῖν
1776 2306 1856 2359 ἔτι

273 2402 390 2454 τῶν
440 2399 731 2470 λειψάνων,
780 2400 915 2471 μηδὲ
937 2401 1032 2469 ὲᾷν
1061 2399 1197 2469 ἡλίῳ
1229 2400 1324 2451 καὶ
1359 2399 1585 2469 ὄμϐροις
1613 2398 1858 2466 διαφθεί-

278 2493 499 2564 ρεσθαι.
535 2493 764 2561 Σεισμόν
794 2509 854 2543 τε
897 2491 1149 2558 γενέσθαι
1181 2491 1479 2562 σύνδρομον
1503 2493 1568 2559 τῇ
1599 2491 1854 2562 ὀπτασίᾳ,

277 2585 382 2636 καὶ
416 2583 620 2646 πολλὰς
647 2582 856 2635 πολλῶν
905 2583 1226 2651 νοσημάτων
1285 2583 1456 2645 ἰάσεις
1511 2581 1860 2650 ἐπιτελεσθῆο

276 2691 397 2737 ναι,
431 2673 525 2726 τοῦ
550 2675 1014 2743 πρωτομάρτυρος
1047 2673 1282 2744 μάλιστα
1312 2674 1410 2744 τῆς
1443 2675 1618 2746 θήκης
1674 2675 1743 2728 τὰ
1773 2675 1862 2727 ίά-

279 2784 436 2838 ματα
473 2767 811 2836 προχεούσης
844 2766 916 2819 ⁸⁸.

953 2862 1298 2920 ΡΟΒ⁹-ΡΟΔ’.

291 2954 584 3008 Ἰωάννου
619 2955 726 3008 τοῦ
749 2955 1174 3024 Χρυσοστόμου
1214 2954 1466 3024 Ὀμιλίαι
1499 2957 1584 3020 είς
1610 2953 1726 3022 τὴν
1753 2955 1860 3009 Γέ-

605 3040 783 3078 νεσιν
818 3025 924 3088 ξω,
960 3025 1029 3078 ὲν
1058 3027 1296 3093 τεύχεσι
1323 3027 1535 3094 τρισίν.

366 3117 822 3187 Ἀνεγνὼσθησαν
862 3117 954 3169 τοῦ
991 3118 1374 3189 Χρυσοστόμου
1405 3119 1612 3188 ὁμιλίαι
1652 3121 1732 3183 είς
1766 3119 1861 3187 τὴν

277 3209 502 3276 γένεσιν
554 3209 594 3273 ξ’
629 3209 722 3262 καὶ
778 3209 897 3279 μία,
939 3212 996 3262 ἐν
1039 3210 1258 3278 τεύχεσι
1288 3212 1488 3281 τρισὶν,
1520 3204 1596 3264 ὧν
1650 3212 1710 3264 τὸ
1765 3211 1864 3280 μὲν

279 3301 507 3369 πρῶτον
524 3301 743 3371 ὁμιλίας
769 3304 1044 3370 περιεῖχεν
1073 3300 1143 3365 κ’,
1167 3301 1227 3353 16
1247 3301 1498 3372 δεύτερον
1512 3302 1569 3354 δὲ
1589 3302 1781 3367 δεκαὲξ
1797 3304 1863 3369 δ”,

279 3395 384 3447 καὶ
409 3394 459 3426 ⁸⁸
489 3395 550 3446 16
569 3393 754 3462 τρίτον
809 3399 907 3445 κε’.
951 3393 1310 3462 Ἐμφαίνεται
1361 3394 1417 3446 δὲ
1450 3397 1508 3446 ὲν
1555 3394 1634 3462 τῷ
1665 3394 1866 3465 πρώτῳ

277 3485 360 3544 ὡς
385 3482 482 3535 ἀπ’
503 3484 678 3552 ἀρχῆς
709 3482 806 3551 τῆς
843 3486 1294 3553 τεσσαρακοστῆς
1333 3483 1634 3553 ἀρξάμενος
1661 3485 1866 3552 ὁμιλεῖν

281 3582 363 3648 μή
396 3595 486 3630 πω
527 3577 1058 3647 συναπαρτισθείσης
1101 3577 1276 3644 αὐτῆς
1332 3579 1458 3640 τούς
1512 3595 1570 3630 τε
1599 3579 1647 3630 κ’
1676 3579 1868 3646 λόγους

277 3671 512 3731 τούτους
539 3669 636 3722 καὶ
668 3669 858 3732 ἄλλους
885 3669 1035 3732 τινας
1057 3675 1104 3735 γ’
1127 3669 1160 3738 ἢ
1192 3669 1254 3734 δ’,
1290 3669 1494 3737 μεταξὺ
1537 3670 1644 3722 τῶν
1669 3672 1747 3732 είς
1769 3670 1868 3739 τὴν

277 3762 509 3814 Γένεσιν
540 3761 734 3829 λόγων,
781 3760 989 3831 χρείας,
1013 3759 1088 3824 ὡς
1114 3760 1284 3826 είκὸς,
1309 3761 1773 3833 παρεμπεσούσης
1792 3761 1870 3831 τῷ

276 3853 400 3922 λαῴ
444 3851 888 3923 προσωμίλησεν.
924 3853 1140 3906 Ἔνεστι
1173 3853 1229 3906 δὲ
1282 3852 1516 3906 συνιδεῖν
1563 3855 1636 3917 ὡς
1679 3855 1868 3919 είκαὶ,

279 3945 492 4011 Λόγοι,
535 3941 648 4012 ἔχει
668 3942 765 4013 τὴν
797 3943 1106 4014 ἐπιγραφὴν
1129 3941 1188 3995 16
1219 3941 1421 4010 βιϐλίον
1453 3943 1618 4014 (οὕτω
1644 3944 1753 4014 γὰρ
1782 3940 1871 3999 εὖ·

284 4052 378 4104 ρον
407 4037 468 4086 ἐν
500 4029 582 4095 οἷς
612 4035 897 4104 ἀνέγνων),
928 4034 1063 4088 ἀλλὰ
1097 4035 1294 4104 μᾶλλον
1325 4037 1566 4089 ὲοίκασιν
1607 4037 1866 4106 ὁμιλίαις,

278 4128 352 4179 τά
387 4143 446 4177 τε
472 4125 609 4179 ἄλλα
639 4127 733 4178 καὶ
750 4127 830 4179 ὅτι
861 4128 918 4178 ἐν
943 4125 1155 4190 πολλοῖς
1185 4126 1444 4189 πολλάκις
1469 4127 1544 4189 ὡς
1597 4129 1874 4198 παρόντας

282 4217 434 4290 [καὶ]
458 4221 504 4251 ⁸³
532 4217 676 4286 ὀρῶν
708 4219 834 4282 τοὺς
855 4219 1152 4287 ἀκροατὰς,
1183 4217 1326 4272 οὕτω
1355 4220 1493 4289 πρὸς
1514 4219 1714 4283 αὐτοὺς
1740 4221 1871 4272 ἁπο-

281 4307 526 4360 τείνεται
559 4309 652 4359 καὶ
674 4308 854 4378 ἐρωτᾷ
883 4309 977 4360 καὶ
1006 4309 1364 4378 ἀποκρίνεται
1384 4311 1476 4362 καὶ
1502 4310 1868 4379 ὑπισχνεῖται,

1943 510 2102 563 sum;
2139 510 2276 564 quas
2298 512 2418 550 cum
2459 497 2669 550 fortiter
2697 497 2811 565 ipse
2851 496 3154 560 tolerasset,
3179 508 3209 547 e
3246 495 3353 545 vita
3393 505 3513 562 p05t

1945 601 2050 641 non
2086 589 2172 642 diu
2199 589 2518 644 decessisse.
2557 588 2708 643 Hanc
2737 589 2904 642 codex
2939 587 3044 641 iste
3071 586 3385 640 continebat
3430 584 3512 636 hl-

1944 680 2192 745 storiam,
2235 697 2462 751 eamque
2493 681 2797 751 Chrysippo
2828 680 3152 741 ascribebat,
3195 673 3510 744 Hierosoly-

1945 786 2158 826 morum
2237 773 2598 844 presbytero,
2637 773 2728 844 qui
2786 771 2838 824 in
2897 770 3206 824 laudatione
3239 765 3512 821 Theodori

1946 863 2227 933 martyris,
2262 864 2416 932 quasi
2443 864 2586 916 aliud
2623 879 2806 932 agens,
2839 860 3063 916 Lttciani
3097 858 3374 926 cuiusdam
3401 869 3515 909 me-

1947 955 2125 1019 minit,
2163 955 2408 1025 ejusdem
2442 970 2592 1024 mque
2618 954 2873 1008 Ecclesia:
2899 951 3233 1023 presbyteri,
3250 963 3357 1020 quo
3379 955 3516 1025 tern-

1947 1060 2080 1114 pore
2111 1043 2349 1100 Joannes
2377 1047 2570 1114 praesul
2601 1060 2718 1100 eam
2749 1045 2929 1099 sedem
2968 1044 3160 1097 tenuit.
3191 1039 3292 1095 llic
3322 1016 3512 1092 Luciu-

1949 1153 2050 1193 nus
2067 1137 2176 1208 (86)
2203 1148 2357 1193 nocte
2388 1138 2643 1207 quadam,
2673 1138 2802 1190 hora
2833 1135 2946 1189 fere
2964 1135 3142 1196 tertia,
3171 1147 3379 1197 revera,
3408 1146 3512 1184 non

1951 1229 2004 1282 in
2040 1229 2265 1290 somnis,
2307 1229 2505 1281 dicitur
2536 1242 2597 1280 ea
2631 1242 2749 1297 quae
2782 1227 3040 1291 diximus,
3084 1225 3358 1278 didicisse.
3390 1220 3515 1275 Harc

1951 1323 2096 1376 enim
2119 1330 2387 1376 astantem
2422 1320 2524 1390 ipsi
2571 1318 2920 1375 Gatnalielem
2963 1318 3145 1372 omnia
3185 1315 3458 1372 revelasse
3498 1331 3511 1366 :

1955 1412 2147 1482 11812
2181 1427 2366 1466 verum
2402 1411 2654 1466 nimirum
2685 1425 2805 1465 esse
2836 1425 2895 1464 se
2928 1408 3276 1463 Gamalielem
3307 1446 3322 1469 ,
3350 1421 3380 1461 a
3429 1420 3519 1460 su-

1953 1504 2214 1574 pradictis
2231 1503 2511 1574 apostolis,
2531 1517 2637 1556 una
2669 1517 2789 1556 cmn
2817 1498 2990 1554 Abibo
3021 1498 3130 1553 lilio
3160 1497 3515 1566 baptizatum,

1955 1606 2010 1649 et
2043 1597 2096 1650 in
2119 1595 2311 1650 eadem
2357 1610 2519 1664 capsa
2548 1593 2890 1648 collocatum.
2923 1591 3058 1645 Esse
3096 1597 3150 1643 et
3186 1588 3516 1656 Stephanum

1955 1697 2404 1758 pr0tomartyrem
2434 1686 2486 1740 in
2515 1687 2663 1740 theca
2705 1685 2964 1737 orientem
2990 1695 3187 1736 versus
3208 1679 3480 1733 conditum
3502 1715 3516 1738 ,

1961 1789 2120 1848 atque
2141 1781 2205 1832 ad
2223 1779 2341 1847 ejus
2375 1779 2541 1848 pedes
2577 1779 2628 1830 in
2661 1777 2832 1830 altero
2859 1774 3116 1830 scriniolo
3162 1770 3516 1826 Nicodemum

1953 1869 2154 1938 jacere,
2189 1887 2308 1940 quae
2353 1873 2478 1924 item
2535 1885 2632 1938 per
2669 1883 2826 1938 quos,
2863 1875 2918 1920 et
2967 1865 3072 1921 sub
3098 1862 3292 1932 quibus
3329 1874 3524 1931 passus

1958 1971 2130 2029 esset,
2179 1962 2435 2016 indicavit
2472 1981 2485 2015 :
2528 1962 2852 2028 thecamque
2905 1967 3023 2028 post
3064 1957 3180 2010 hate
3221 1953 3523 2023 proximam

1958 2070 2114 2108 suum
2151 2069 2213 2109 ac
2241 2053 2334 2107 lilii
2374 2068 2570 2123 corpus
2600 2054 2900 2107 continere.
2938 2049 3034 2104 llis
3072 2047 3229 2102 dictis
3254 2043 3527 2100 Gamalie-

1961 2146 2063 2200 lem
2086 2146 2406 2215 praecepisse
2435 2144 2695 2210 Luciano,
2725 2159 2791 2198 ne
2838 2143 3065 2212 posthac
3117 2139 3377 2211 reliquias
3407 2134 3526 2190 illas

1960 2237 2014 2290 in
2045 2238 2177 2298 sole,
2229 2247 2284 2291 et
2320 2237 2500 2306 pluvia
2535 2235 2807 2304 corrumpi
2843 2250 2938 2304 per
2968 2232 3345 2302 negligentiam
3383 2228 3528 2285 sine-

1960 2334 2064 2384 ret.
2091 2327 2277 2383 Terra:
2311 2339 2513 2382 motttm
2539 2329 2760 2397 insuper
2789 2328 2857 2381 ad
2901 2329 3000 2381 hoc
3038 2326 3213 2380 visum
3251 2330 3522 2380 exortum,

1961 2420 2234 2490 multaque
2261 2420 2612 2490 plurimorunt
2637 2434 2834 2487 genera
2873 2419 3184 2472 morborum
3227 2416 3315 2469 hic
3339 2421 3524 2468 curata

1961 2525 2102 2575 esse,
2150 2509 2564 2582 protomartyris
2613 2508 2843 2563 maxime
2876 2508 3031 2561 theca
3082 2501 3344 2559 medelam
3395 2496 3528 2554 οπο-

1963 2613 2137 2657 rente.

2474 2863 3012 2924 CLXXII-CLXXIV.

1961 2963 2116 3018 Beati
2154 2961 2378 3016 Joannis
2404 2959 2761 3030 Chrysostomi
2809 2957 3161 3012 ﬂammarum
3201 2958 3256 3011 in
3292 2955 3530 3014 Genesim

2553 3030 2819 3084 volumina
2859 3044 2936 3082 ttt.

2036 3124 2286 3192 Legimus
2316 3121 2688 3194 Chrysostomi
2719 3120 2977 3174 Ilomilt'as
3002 3121 3056 3174 in
3102 3119 3343 3176 Genesim
3367 3135 3528 3174 unam

1965 3224 2020 3269 et
2047 3215 2365 3283 sexaginta,
2425 3215 2477 3267 itt
2527 3214 2632 3266 tria
2660 3211 2981 3267 distributas
3017 3211 3286 3264 volumina
3333 3229 3348 3266 :
3394 3225 3532 3278 quo-

1967 3322 2092 3360 rum
2121 3306 2350 3374 primum
2379 3304 2594 3372 quidem
2640 3302 2850 3372 viginti,
2903 3302 3131 3355 alterum
3163 3301 3357 3354 deinde
3408 3316 3532 3354 sex-

1969 3401 2164 3464 decim,
2184 3399 2398 3453 tertium
2423 3399 2664 3467 quinque
2691 3407 2746 3450 et
2781 3395 2968 3465 viginti
3001 3393 3330 3448 continebat.
3353 3391 3532 3463 Signi-

1970 3489 2097 3544 ﬁcat
2121 3500 2298 3544 autem
2345 3489 2398 3542 itt
2431 3489 2621 3542 horum
2652 3488 2846 3557 primo,
2880 3485 3317 3555 Quadragesitnae
3349 3485 3531 3538 statim

1971 3582 2122 3635 initio
2144 3580 2456 3635 concionari
2489 3579 2748 3647 cmpisse,
2785 3589 2946 3646 atque
2977 3587 3104 3631 ante
3145 3576 3338 3648 jejunii
3391 3586 3530 3631 temo

1971 3691 2071 3745 pus
2100 3674 2230 3728 illttd
2258 3673 2566 3735 decursum,
2601 3671 2791 3739 viginti
2837 3673 2937 3724 hos
2963 3684 3244 3724 sermones
3271 3684 3375 3723 una
3409 3684 3531 3722 ctnn

1971 3766 2093 3820 aliis
2127 3765 2256 3819 item
2293 3765 2466 3818 tribus
2507 3771 2829 3830 quatuorve,
2892 3760 2946 3814 in
2981 3759 3161 3815 medio
3210 3759 3532 3814 concionmn

1972 3859 2024 3910 in
2051 3856 2301 3912 Genesim
2329 3854 2461 3923 (usu
2501 3854 2595 3916 ita,
2629 3860 2686 3906 ut
2718 3848 2961 3920 apparet,
3010 3851 3296 3918 veniente)
3325 3850 3537 3917 interie-

1971 3947 2097 4010 ctis,
2116 3947 2180 4001 ad
2202 3945 2452 4016 populum
2471 3941 3278 3999 declatnitasse.Anitnadvertas
3299 3955 3534 4011 quoque,

1973 4038 2076 4092 etsi
2111 4037 2433 4092 Orationum
2471 4049 2667 4090 nomen
2694 4032 2984 4104 praeferant
3018 4032 3071 4087 hi
3099 4031 3218 4087 libri
3261 4034 3279 4102 (
3291 4033 3369 4088 sic
3390 4033 3536 4087 enim

1973 4129 2033 4182 in
2066 4130 2132 4183 iis
2162 4128 2338 4197 reperi
2361 4125 2784 4196 exemplaribus,
2825 4139 2949 4194 qua:
2975 4124 3077 4192 legi
3101 4128 3150 4194 -),
3176 4124 3414 4178 homiliis
3455 4133 3539 4178 ta-

1974 4235 2106 4275 men.
2129 4219 2333 4274 similes
2369 4218 2546 4287 magis
2582 4233 2738 4280 esse,
2777 4233 2897 4271 cum
2929 4218 3144 4272 caeteris
3176 4217 3373 4280 rebus,
3426 4226 3538 4270 tum

1977 4314 2116 4382 quod
2171 4325 2542 4381 saepenumero
2592 4319 2848 4380 tanquam
2903 4319 3198 4376 praesentes
3246 4307 3540 4375 respiciens

280 4396 595 4467 ὓυναμένου
624 4398 725 4467 μὲν
761 4400 854 4452 καὶ
881 4399 1054 4462 ἄλλως
1086 4399 1301 4469 ἔχοντος
1331 4399 1426 4453 τοῦ
1477 4400 1645 4468 λόγου
1691 4402 1783 4458 καὶ
1809 4403 1859 4454 of.

1975 4407 2270 4465 auditores,
2309 4418 2617 4458 sermonem
2649 4403 2715 4456 ad
2759 4416 2853 4455 eos
2887 4399 3182 4461 convertit,
3218 4399 3540 4466 interrogat,

284 4489 414 4541 καθ’
475 4489 698 4558 ὁμιλίαν
733 4490 804 4541 τὰ
832 4489 1056 4543 τοιαῦτα
1092 4489 1446 4559 σχηματίζειν
1475 4495 1569 4546 καὶ
1599 4493 1870 4547 ἐνδείκνυ-

287 4579 438 4643 σθαι,
468 4580 532 4632 ού
594 4581 702 4649 μὴν
753 4580 887 4633 ἀλλὰ
918 4580 980 4632 16
1012 4582 1251 4650 συνεχῶς
1290 4583 1385 4635 καὶ
1413 4583 1688 4650 ἐπιμόνως
1715 4584 1876 4638 τοῦτο

289 4675 489 4736 ποιεῖν,
520 4674 615 4725 καὶ
645 4672 765 4742 οὐχὶ
803 4675 900 4725 σὺν
921 4673 1203 4742 οἰκονομίᾳ
1233 4675 1360 4738 τινὶ,
1402 4675 1734 4744 παρίστησιν
1754 4676 1876 4743 ὁμι-

288 4768 414 4830 λίας
471 4767 670 4829 αὐτοὺς
707 4767 750 4798 ⁶⁰
782 4762 942 4820 εἶναι.
985 4766 1190 4836 Ὠμίλει
1219 4767 1276 4819 δὲ
1304 4768 1509 4829 ταύτας
1543 4767 1622 4838 τῷ
1655 4768 1872 4838 πλήθει,

286 4861 365 4922 Co;
395 4858 510 4912 ἔστι
541 4857 736 4928 μαθεῖν
767 4857 826 4921 ἐξ
857 4857 1037 4911 αὐτῶν
1065 4857 1290 4923 τούτων,
1325 4857 1586 4922 πολλάκις
1620 4859 1719 4927 μὲν
1749 4859 1870 4913 καθ’

291 4949 558 5020 ἑκάστην,
599 4949 714 5004 ἔσθ’
733 4951 822 5003 ὅτε
848 4949 905 5002 δὲ
932 4952 1028 5003 καὶ
1057 4949 1200 5020 ὑπὲρ
1225 4950 1456 5020 ἡμέραν.
1500 4950 1655 5004 Οὕτω
1684 4953 1783 5020 μὲν
1811 4953 1871 5005 16

292 5042 509 5113 πρῶτον
538 5041 770 5114 βιϐλίον,
827 5043 887 5096 ὲν
909 5035 955 5110 ᾧ
987 5043 1044 5095 αἱ
1071 5043 1115 5074 ⁸⁸
1152 5048 1201 5095 κ’
1228 5043 1460 5112 ὁμιλίαι.
1500 5044 1574 5096 Τὸ
1607 5044 1652 5098 δ’
1685 5045 1874 5116 ἕτερον

1975 4495 2286 4563 respondet,
2333 4507 2397 4547 ac
2425 4491 2902 4560 pollicitationibus
2926 4489 3114 4543 utitur.
3141 4489 3212 4543 Et
3266 4497 3321 4542 ut
3371 4488 3545 4558 possit

1979 4585 2214 4640 maxime
2243 4585 2351 4638 alio
2402 4584 2455 4636 in
2487 4581 2699 4636 dicendi
2749 4595 2966 4650 genere,
3010 4595 3170 4647 quam
3199 4579 3544 4632 homiliarurn

1979 4677 2112 4742 isto,
2139 4675 2339 4731 similia
2373 4673 2612 4728 formare
2663 4683 2824 4741 atque
2871 4671 3150 4735 exhibere,
3200 4669 3327 4740 quia
3365 4679 3544 4722 tamen

1977 4770 2106 4824 illud
2135 4768 2353 4822 assidue
2399 4773 2815 4831 constanterque
2859 4763 2978 4818 sine
3029 4762 3134 4816 ullo
3173 4762 3545 4830 dispositionis

1975 4861 2165 4915 ordine
2187 4869 2389 4923 servat,
2421 4857 2672 4913 bomilias
2705 4855 2824 4910 illas
2847 4869 2968 4910 esse
2993 4855 3126 4909 satis
3152 4869 3421 4924 superque
3448 4854 3544 4909 de—

1977 4954 2168 5006 clarat.
2202 4950 2404 5004 Habuit
2437 4958 2615 5002 autem
2638 4962 2731 5002 eas
2776 4947 2845 5002 ad
2877 4947 3154 5016 populum,
3181 4956 3237 5000 ut
3268 4961 3332 5000 ex
3360 4945 3546 5015 singu-

1981 5043 2047 5098 lis
2077 5041 2470 5110 deprehendas,
2508 5054 2648 5108 satpe
2673 5038 2937 5108 quotidie,
2986 5037 3255 5091 interdum
3295 5035 3541 5092 alternis.

1586 5177 1822 5234 VARUE
1865 5177 2275 5236 LECTIONES.

379 5272 425 5304 "
450 5273 520 5338 οἱ,
556 5281 612 5326 et
639 5271 778 5345 infra
805 5273 908 5345 μὲν
931 5283 1056 5327 ante
1076 5272 1156 5335 16,
1174 5271 1283 5324 τῶν
1312 5280 1436 5326 ante
1470 5273 1876 5345 Ἰεροσολύμων,
1901 5278 1928 5330 6
1957 5287 2080 5331 ante
2121 5275 2396 5345 Ἰωάννης,
2425 5274 2577 5345 αὐτοὶ
2597 5282 2714 5340 post
2733 5273 2833 5344 μιᾷ
2848 5270 2968 5323 add.
2995 5271 3057 5345 A_.
3135 5267 3179 5297 "
3209 5264 3548 5345 προχεούσης

293 5343 364 5404 Δ,
391 5342 768 5413 προσχεούσης

293 5414 345 5445 ⁸⁷
381 5412 571 5480 δεκαὲξ
607 5415 660 5465 Δ
694 5429 710 5465 :
744 5412 1038 5466 ἑκκαίδεκα
1068 5431 1128 5478 ς.
1205 5413 1251 5445 ³⁸
1284 5412 1378 5467 καὶ
1422 5429 1530 5468 om.
1576 5416 1641 5469 Α.

870 5344 1294 5415 ελκπροσεχούεξης
1318 5360 1378 5415 ς,
1409 5337 1644 5412 "limiti.
1686 5337 1752 5399 Ιὶξ
1780 5337 1902 5408 515,
1931 5346 2044 5415 52.)
2073 5344 2315 5414 σωτηρία
2333 5337 2440 5415 καὶ,
2474 5337 2709 5415 ὠφέλεια
2734 5337 2856 5415 Ἰτοῖς
2888 5339 3224 5415 προσέχουσι-
3244 5337 3546 5415 προχεῖται.

1718 5415 1761 5448 '9
1797 5420 1890 5470 καὶ
1925 5412 2034 5471 om.
2066 5416 2128 5470 C.
2204 5412 2253 5446 ⁸ο
2285 5414 2482 5478 αὐτούς
2513 5413 2602 5468 AC
2639 5431 2652 5467 :
2691 5412 2860 5474 αύτάς
2889 5427 2950 5474 ς.

3025 5403 3089 5439 σί
3111 5407 3168 5458 αἱ
3200 5403 3286 5459 AC
3318 5423 3333 5459 ι
3363 5405 3454 5458 καί
3481 5420 3544 5468 ς.

1794 5529 2026 5586 ΝΟΤᾸΕ.

373 5626 480 5697 (86)
501 5625 674 5700 Cujus
701 5634 757 5700 et
785 5627 980 5700 dejhac
1002 5627 1121 5700 ipsa
1156 5641 1217 5681 ra
1237 5625 1465 5700 epistola
1493 5635 1694 5700 _exstat
1732 5627 2023 5700 encyclica.
2085 5631 2217 5688 Vide
2265 5631 2388 5686 Sur.
2441 5640 2569 5686 tom.
2603 5628 2689 5686 IV,
2742 5637 2794 5677 et
2853 5625 2893 5669 l‘
2963 5624 3157 5678 Baron.
3212 5629 3341 5676 tom.
3379 5617 3422 5675 V
3478 5619 3547 5674 ad

300 5696 495 5753 annum
543 5697 752 5755 Christi
819 5698 923 5752 415
975 5713 1030 5753 et
1080 5696 1200 5752 Not.
1236 5696 1457 5767 blartyr.
1492 5696 1525 5750 5
1566 5700 1808 5769 Αιιειιιιι.
