  <div class='ocr_page' id='page_1' title='image "/cluster/home/n/w/nwhite01/storage/ocr_20150623/103 pt.3/mdp.39015061933738/261.png"; bbox 0 0 3932 6240; ppageno 0'>
   <div class='ocr_carea' id='block_1_1' title="bbox 347 229 451 293">
    <p class='ocr_par' dir='ltr' id='par_1_1' title="bbox 347 229 451 293">
     <span class='ocr_line' id='line_1_1' title="bbox 347 229 451 293; baseline -0.019 0"><span class='ocrx_word' id='word_1_1' title='bbox 347 229 451 293; x_wconf 77' lang='lat'><strong>503</strong></span> 
     </span>
    </p>
   </div>
   <div class='ocr_carea' id='block_1_2' title="bbox 1505 218 2455 294">
    <p class='ocr_par' dir='ltr' id='par_1_2' title="bbox 1505 218 2455 294">
     <span class='ocr_line' id='line_1_2' title="bbox 1505 218 2455 294; baseline 0.003 -13"><span class='ocrx_word' id='word_1_2' title='bbox 1505 222 1768 294; x_wconf 87' lang='lat' dir='ltr'><strong>PHOTII</strong></span> <span class='ocrx_word' id='word_1_3' title='bbox 1808 218 2318 284; x_wconf 68' lang='lat' dir='ltr'><strong>PATRIARCIL‘E</strong></span> <span class='ocrx_word' id='word_1_4' title='bbox 2346 225 2455 284; x_wconf 68' lang='grc' dir='ltr'>(ΣΡ.</span> 
     </span>
    </p>
   </div>
   <div class='ocr_carea' id='block_1_3' title="bbox 3488 227 3597 293">
    <p class='ocr_par' dir='ltr' id='par_1_3' title="bbox 3488 227 3597 293">
     <span class='ocr_line' id='line_1_3' title="bbox 3488 227 3597 293; baseline -0.009 0"><span class='ocrx_word' id='word_1_5' title='bbox 3488 227 3597 293; x_wconf 68' lang='grc'><strong>504</strong></span> 
     </span>
    </p>
   </div>
   <div class='ocr_carea' id='block_1_4' title="bbox 345 331 1917 411">
    <p class='ocr_par' dir='ltr' id='par_1_4' title="bbox 345 333 1917 411">
     <span class='ocr_line' id='line_1_4' title="bbox 345 333 1917 411; baseline -0.006 -16"><span class='ocrx_word' id='word_1_6' title='bbox 345 342 421 398; x_wconf 81' lang='lat' dir='ltr'><strong>Ita</strong></span> <span class='ocrx_word' id='word_1_7' title='bbox 447 358 506 398; x_wconf 91' lang='lat' dir='ltr'><strong>se</strong></span> <span class='ocrx_word' id='word_1_8' title='bbox 536 341 767 411; x_wconf 91' lang='lat' dir='ltr'><strong>primum</strong></span> <span class='ocrx_word' id='word_1_9' title='bbox 803 339 906 393; x_wconf 89' lang='lat' dir='ltr'><strong>hoc</strong></span> <span class='ocrx_word' id='word_1_10' title='bbox 935 336 1123 407; x_wconf 79' lang='lat' dir='ltr'><strong>viginti</strong></span> <span class='ocrx_word' id='word_1_11' title='bbox 1158 335 1507 390; x_wconf 88' lang='lat' dir='ltr'><strong>homiliarum</strong></span> <span class='ocrx_word' id='word_1_12' title='bbox 1537 333 1786 389; x_wconf 84' lang='lat' dir='ltr'><strong>volumen</strong></span> <span class='ocrx_word' id='word_1_13' title='bbox 1816 333 1917 387; x_wconf 90' lang='lat' dir='ltr'><strong>ha-</strong></span> 
     </span>
    </p>
   </div>
   <div class='ocr_carea' id='block_1_5' title="bbox 2022 331 3609 411">
    <p class='ocr_par' dir='ltr' id='par_1_5' title="bbox 2022 331 3609 409">
     <span class='ocr_line' id='line_1_5' title="bbox 2022 331 3609 409; baseline 0.006 -25"><span class='ocrx_word' id='word_1_14' title='bbox 2022 331 2254 403; x_wconf 73' lang='grc' dir='ltr'>βισλίον,</span> <span class='ocrx_word' id='word_1_15' title='bbox 2287 332 2410 403; x_wconf 78' lang='grc' dir='ltr'>ἔχον</span> <span class='ocrx_word' id='word_1_16' title='bbox 2439 340 2513 398; x_wconf 79' lang='grc' dir='ltr'>ις’</span> <span class='ocrx_word' id='word_1_17' title='bbox 2541 334 2752 403; x_wconf 83' lang='grc' dir='ltr'><strong>λόγους,</strong></span> <span class='ocrx_word' id='word_1_18' title='bbox 2773 333 2901 398; x_wconf 80' lang='grc' dir='ltr'>τοὺς</span> <span class='ocrx_word' id='word_1_19' title='bbox 2928 335 3026 404; x_wconf 82' lang='grc' dir='ltr'><strong>μὲν</strong></span> <span class='ocrx_word' id='word_1_20' title='bbox 3043 335 3294 404; x_wconf 82' lang='grc' dir='ltr'><strong>πρώτους</strong></span> <span class='ocrx_word' id='word_1_21' title='bbox 3325 339 3370 402; x_wconf 71' lang='grc' dir='ltr'><strong>ζ’</strong></span> <span class='ocrx_word' id='word_1_22' title='bbox 3397 338 3480 392; x_wconf 77' lang='grc' dir='ltr'>ἔτι</span> <span class='ocrx_word' id='word_1_23' title='bbox 3504 341 3609 409; x_wconf 79' lang='grc' dir='ltr'><strong>τῆς</strong></span> 
     </span>
    </p>
   </div>
   <div class='ocr_carea' id='block_1_6' title="bbox 342 427 1921 497">
    <p class='ocr_par' dir='ltr' id='par_1_6' title="bbox 342 427 1921 497">
     <span class='ocr_line' id='line_1_6' title="bbox 342 427 1921 497; baseline -0.009 -4"><span class='ocrx_word' id='word_1_24' title='bbox 342 440 456 493; x_wconf 88' lang='lat' dir='ltr'><strong>bet.</strong></span> <span class='ocrx_word' id='word_1_25' title='bbox 498 436 743 490; x_wconf 85' lang='lat' dir='ltr'><strong>Alterum</strong></span> <span class='ocrx_word' id='word_1_26' title='bbox 778 429 973 496; x_wconf 89' lang='lat' dir='ltr'><strong>deinde</strong></span> <span class='ocrx_word' id='word_1_27' title='bbox 1019 429 1253 484; x_wconf 87' lang='lat' dir='ltr'><strong>sedecim</strong></span> <span class='ocrx_word' id='word_1_28' title='bbox 1281 442 1375 482; x_wconf 90' lang='lat' dir='ltr'><strong>ora</strong></span> <span class='ocrx_word' id='word_1_29' title='bbox 1393 428 1567 483; x_wconf 88' lang='lat' dir='ltr'><strong>tiones</strong></span> <span class='ocrx_word' id='word_1_30' title='bbox 1605 427 1921 497; x_wconf 86' lang='lat' dir='ltr'><strong>complecti-</strong></span> 
     </span>
    </p>
   </div>
   <div class='ocr_carea' id='block_1_7' title="bbox 343 517 1919 596">
    <p class='ocr_par' dir='ltr' id='par_1_7' title="bbox 343 517 1919 596">
     <span class='ocr_line' id='line_1_7' title="bbox 343 517 1919 596; baseline -0.008 -13"><span class='ocrx_word' id='word_1_31' title='bbox 343 540 463 592; x_wconf 91' lang='lat' dir='ltr'><strong>tur,</strong></span> <span class='ocrx_word' id='word_1_32' title='bbox 491 540 719 596; x_wconf 86' lang='lat' dir='ltr'><strong>quarum</strong></span> <span class='ocrx_word' id='word_1_33' title='bbox 749 523 960 592; x_wconf 80' lang='lat' dir='ltr'><strong>priores</strong></span> <span class='ocrx_word' id='word_1_34' title='bbox 1008 530 1216 588; x_wconf 82' lang='lat' dir='ltr'><strong>septem</strong></span> <span class='ocrx_word' id='word_1_35' title='bbox 1270 519 1506 573; x_wconf 91' lang='lat' dir='ltr'><strong>durante</strong></span> <span class='ocrx_word' id='word_1_36' title='bbox 1550 518 1726 573; x_wconf 90' lang='lat' dir='ltr'><strong>adhuc</strong></span> <span class='ocrx_word' id='word_1_37' title='bbox 1773 517 1919 584; x_wconf 78' lang='lat' dir='ltr'><strong>Qua-</strong></span> 
     </span>
    </p>
   </div>
   <div class='ocr_carea' id='block_1_8' title="bbox 342 607 1917 688">
    <p class='ocr_par' dir='ltr' id='par_1_8' title="bbox 342 607 1917 688">
     <span class='ocr_line' id='line_1_8' title="bbox 342 607 1917 688; baseline -0.008 -13"><span class='ocrx_word' id='word_1_38' title='bbox 342 619 644 688; x_wconf 79' lang='lat' dir='ltr'><strong>dragesima</strong></span> <span class='ocrx_word' id='word_1_39' title='bbox 698 613 946 677; x_wconf 88' lang='lat' dir='ltr'><strong>habitas,</strong></span> <span class='ocrx_word' id='word_1_40' title='bbox 985 619 1231 680; x_wconf 76' lang='lat' dir='ltr'><strong>apparet,</strong></span> <span class='ocrx_word' id='word_1_41' title='bbox 1274 619 1334 663; x_wconf 89' lang='lat' dir='ltr'><strong>ut</strong></span> <span class='ocrx_word' id='word_1_42' title='bbox 1402 608 1570 664; x_wconf 90' lang='lat' dir='ltr'><strong>totius</strong></span> <span class='ocrx_word' id='word_1_43' title='bbox 1605 607 1917 679; x_wconf 83' lang='lat' dir='ltr'><strong>Quadrage-</strong></span> 
     </span>
    </p>
   </div>
   <div class='ocr_carea' id='block_1_9' title="bbox 341 698 1917 776">
    <p class='ocr_par' dir='ltr' id='par_1_9' title="bbox 341 698 1917 776">
     <span class='ocr_line' id='line_1_9' title="bbox 341 698 1917 776; baseline -0.01 -10"><span class='ocrx_word' id='word_1_44' title='bbox 341 713 494 768; x_wconf 77' lang='lat' dir='ltr'><strong>simze</strong></span> <span class='ocrx_word' id='word_1_45' title='bbox 572 718 813 776; x_wconf 89' lang='lat' dir='ltr'><strong>tempore</strong></span> <span class='ocrx_word' id='word_1_46' title='bbox 888 718 1057 773; x_wconf 90' lang='lat' dir='ltr'><strong>usque</strong></span> <span class='ocrx_word' id='word_1_47' title='bbox 1135 704 1201 756; x_wconf 93' lang='lat' dir='ltr'><strong>ad</strong></span> <span class='ocrx_word' id='word_1_48' title='bbox 1281 698 1634 755; x_wconf 82' lang='lat' dir='ltr'><strong>hebdomadis</strong></span> <span class='ocrx_word' id='word_1_49' title='bbox 1718 709 1917 753; x_wconf 66' lang='lat' dir='ltr'><strong>sancta:</strong></span> 
     </span>
    </p>
   </div>
   <div class='ocr_carea' id='block_1_10' title="bbox 315 787 1915 868">
    <p class='ocr_par' dir='ltr' id='par_1_10' title="bbox 315 787 1915 868">
     <span class='ocr_line' id='line_1_10' title="bbox 315 787 1915 868; baseline -0.011 -12"><span class='ocrx_word' id='word_1_50' title='bbox 315 801 531 868; x_wconf 68' lang='lat' dir='ltr'><strong>Jeriam</strong></span> <span class='ocrx_word' id='word_1_51' title='bbox 563 805 832 868; x_wconf 78' lang='lat' dir='ltr'><strong>quartam,</strong></span> <span class='ocrx_word' id='word_1_52' title='bbox 888 791 1075 863; x_wconf 75' lang='lat' dir='ltr'><strong>viginti</strong></span> <span class='ocrx_word' id='word_1_53' title='bbox 1104 801 1308 860; x_wconf 87' lang='lat' dir='ltr'><strong>septem</strong></span> <span class='ocrx_word' id='word_1_54' title='bbox 1337 789 1391 842; x_wconf 93' lang='lat' dir='ltr'><strong>in</strong></span> <span class='ocrx_word' id='word_1_55' title='bbox 1427 787 1678 842; x_wconf 85' lang='lat' dir='ltr'><strong>Genesim</strong></span> <span class='ocrx_word' id='word_1_56' title='bbox 1710 787 1915 841; x_wconf 90' lang='lat' dir='ltr'><strong>oratio-</strong></span> 
     </span>
    </p>
   </div>
   <div class='ocr_carea' id='block_1_11' title="bbox 340 867 1916 950">
    <p class='ocr_par' dir='ltr' id='par_1_11' title="bbox 340 867 1916 950">
     <span class='ocr_line' id='line_1_11' title="bbox 340 867 1916 950; baseline -0.011 -4"><span class='ocrx_word' id='word_1_57' title='bbox 340 906 437 946; x_wconf 88' lang='lat' dir='ltr'><strong>nes</strong></span> <span class='ocrx_word' id='word_1_58' title='bbox 468 867 721 944; x_wconf 75' lang='lat' dir='ltr'><strong>habuisse</strong></span> <span class='ocrx_word' id='word_1_59' title='bbox 751 893 984 939; x_wconf 89' lang='lat' dir='ltr'><strong>constet.</strong></span> <span class='ocrx_word' id='word_1_60' title='bbox 1037 881 1224 950; x_wconf 83' lang='lat' dir='ltr'><strong>Neque</strong></span> <span class='ocrx_word' id='word_1_61' title='bbox 1264 895 1395 935; x_wconf 89' lang='lat' dir='ltr'><strong>vero</strong></span> <span class='ocrx_word' id='word_1_62' title='bbox 1441 878 1662 934; x_wconf 91' lang='lat' dir='ltr'><strong>secundi</strong></span> <span class='ocrx_word' id='word_1_63' title='bbox 1687 877 1916 932; x_wconf 85' lang='lat' dir='ltr'><strong>volumi-</strong></span> 
     </span>
    </p>
   </div>
   <div class='ocr_carea' id='block_1_12' title="bbox 341 970 1913 1048">
    <p class='ocr_par' dir='ltr' id='par_1_12' title="bbox 341 970 1913 1048">
     <span class='ocr_line' id='line_1_12' title="bbox 341 970 1913 1048; baseline -0.011 -9"><span class='ocrx_word' id='word_1_64' title='bbox 341 986 426 1039; x_wconf 90' lang='lat' dir='ltr'><strong>nis</strong></span> <span class='ocrx_word' id='word_1_65' title='bbox 453 996 738 1039; x_wconf 87' lang='lat' dir='ltr'><strong>sermones</strong></span> <span class='ocrx_word' id='word_1_66' title='bbox 768 979 962 1048; x_wconf 89' lang='lat' dir='ltr'><strong>reliqui</strong></span> <span class='ocrx_word' id='word_1_67' title='bbox 1005 991 1221 1040; x_wconf 89' lang='lat' dir='ltr'><strong>novem,</strong></span> <span class='ocrx_word' id='word_1_68' title='bbox 1258 983 1312 1028; x_wconf 91' lang='lat' dir='ltr'><strong>et</strong></span> <span class='ocrx_word' id='word_1_69' title='bbox 1343 973 1490 1028; x_wconf 84' lang='lat' dir='ltr'><strong>tertii</strong></span> <span class='ocrx_word' id='word_1_70' title='bbox 1530 970 1721 1042; x_wconf 81' lang='lat' dir='ltr'><strong>viginti</strong></span> <span class='ocrx_word' id='word_1_71' title='bbox 1750 970 1913 1039; x_wconf 89' lang='lat' dir='ltr'><strong>quin-</strong></span> 
     </span>
    </p>
   </div>
   <div class='ocr_carea' id='block_1_13' title="bbox 340 1061 1913 1145">
    <p class='ocr_par' dir='ltr' id='par_1_13' title="bbox 340 1061 1913 1145">
     <span class='ocr_line' id='line_1_13' title="bbox 340 1061 1913 1145; baseline -0.01 -16"><span class='ocrx_word' id='word_1_72' title='bbox 340 1091 445 1145; x_wconf 84' lang='lat' dir='ltr'><strong>que</strong></span> <span class='ocrx_word' id='word_1_73' title='bbox 471 1111 488 1138; x_wconf 94' lang='lat'><strong>,</strong></span> <span class='ocrx_word' id='word_1_74' title='bbox 538 1072 722 1128; x_wconf 88' lang='lat' dir='ltr'><strong>statim</strong></span> <span class='ocrx_word' id='word_1_75' title='bbox 755 1080 920 1140; x_wconf 91' lang='lat' dir='ltr'><strong>atque</strong></span> <span class='ocrx_word' id='word_1_76' title='bbox 952 1068 1294 1123; x_wconf 85' lang='lat' dir='ltr'><strong>continenter</strong></span> <span class='ocrx_word' id='word_1_77' title='bbox 1332 1063 1526 1134; x_wconf 80' lang='lat' dir='ltr'><strong>119a</strong></span> <span class='ocrx_word' id='word_1_78' title='bbox 1555 1072 1675 1133; x_wconf 90' lang='lat' dir='ltr'><strong>post</strong></span> <span class='ocrx_word' id='word_1_79' title='bbox 1705 1061 1913 1121; x_wconf 85' lang='lat' dir='ltr'><strong>Pascha</strong></span> 
     </span>
    </p>
   </div>
   <div class='ocr_carea' id='block_1_14' title="bbox 343 1153 1912 1230">
    <p class='ocr_par' dir='ltr' id='par_1_14' title="bbox 343 1153 1912 1230">
     <span class='ocr_line' id='line_1_14' title="bbox 343 1153 1912 1230; baseline -0.009 -8"><span class='ocrx_word' id='word_1_80' title='bbox 343 1166 534 1222; x_wconf 88' lang='lat' dir='ltr'><strong>habiti.</strong></span> <span class='ocrx_word' id='word_1_81' title='bbox 589 1164 722 1218; x_wconf 84' lang='lat' dir='ltr'><strong>Nam</strong></span> <span class='ocrx_word' id='word_1_82' title='bbox 758 1173 880 1230; x_wconf 88' lang='lat' dir='ltr'><strong>post</strong></span> <span class='ocrx_word' id='word_1_83' title='bbox 936 1159 1216 1218; x_wconf 90' lang='lat' dir='ltr'><strong>homiliam</strong></span> <span class='ocrx_word' id='word_1_84' title='bbox 1272 1156 1405 1210; x_wconf 85' lang='lat' dir='ltr'><strong>feria</strong></span> <span class='ocrx_word' id='word_1_85' title='bbox 1449 1165 1641 1226; x_wconf 87' lang='lat' dir='ltr'><strong>quarta</strong></span> <span class='ocrx_word' id='word_1_86' title='bbox 1691 1153 1912 1224; x_wconf 87' lang='lat' dir='ltr'><strong>majoris</strong></span> 
     </span>
    </p>
   </div>
   <div class='ocr_carea' id='block_1_15' title="bbox 341 1246 1914 1320">
    <p class='ocr_par' dir='ltr' id='par_1_15' title="bbox 341 1246 1914 1320">
     <span class='ocr_line' id='line_1_15' title="bbox 341 1246 1914 1320; baseline -0.006 -12"><span class='ocrx_word' id='word_1_87' title='bbox 341 1254 689 1320; x_wconf 74' lang='lat' dir='ltr'><strong>hebdomadis</strong></span> <span class='ocrx_word' id='word_1_88' title='bbox 729 1253 970 1308; x_wconf 91' lang='lat' dir='ltr'><strong>habitam</strong></span> <span class='ocrx_word' id='word_1_89' title='bbox 991 1289 1008 1318; x_wconf 89' lang='lat'><strong>,</strong></span> <span class='ocrx_word' id='word_1_90' title='bbox 1054 1265 1174 1319; x_wconf 71' lang='lat' dir='ltr'><strong>qua:</strong></span> <span class='ocrx_word' id='word_1_91' title='bbox 1203 1248 1253 1301; x_wconf 88' lang='lat' dir='ltr'><strong>in</strong></span> <span class='ocrx_word' id='word_1_92' title='bbox 1291 1246 1545 1302; x_wconf 89' lang='lat' dir='ltr'><strong>Genesim</strong></span> <span class='ocrx_word' id='word_1_93' title='bbox 1573 1247 1802 1314; x_wconf 86' lang='lat' dir='ltr'><strong>septima</strong></span> <span class='ocrx_word' id='word_1_94' title='bbox 1829 1253 1914 1299; x_wconf 88' lang='lat' dir='ltr'><strong>est</strong></span> 
     </span>
    </p>
   </div>
   <div class='ocr_carea' id='block_1_16' title="bbox 339 1337 1910 1418">
    <p class='ocr_par' dir='ltr' id='par_1_16' title="bbox 339 1337 1910 1418">
     <span class='ocr_line' id='line_1_16' title="bbox 339 1337 1910 1418; baseline -0.008 -17"><span class='ocrx_word' id='word_1_95' title='bbox 339 1360 502 1418; x_wconf 79' lang='lat' dir='ltr'><strong>atque</strong></span> <span class='ocrx_word' id='word_1_96' title='bbox 535 1346 816 1411; x_wconf 82' lang='lat' dir='ltr'><strong>vicesima,</strong></span> <span class='ocrx_word' id='word_1_97' title='bbox 849 1343 1206 1398; x_wconf 88' lang='lat' dir='ltr'><strong>concionatus</strong></span> <span class='ocrx_word' id='word_1_98' title='bbox 1233 1349 1318 1394; x_wconf 89' lang='lat' dir='ltr'><strong>est</strong></span> <span class='ocrx_word' id='word_1_99' title='bbox 1344 1338 1598 1406; x_wconf 87' lang='lat' dir='ltr'><strong>deinceps</strong></span> <span class='ocrx_word' id='word_1_100' title='bbox 1624 1337 1690 1390; x_wconf 92' lang='lat' dir='ltr'><strong>de</strong></span> <span class='ocrx_word' id='word_1_101' title='bbox 1721 1343 1910 1390; x_wconf 87' lang='lat' dir='ltr'><strong>sancta</strong></span> 
     </span>
    </p>
   </div>
   <div class='ocr_carea' id='block_1_17' title="bbox 2017 424 3608 502">
    <p class='ocr_par' dir='ltr' id='par_1_17' title="bbox 2017 424 3608 502">
     <span class='ocr_line' id='line_1_17' title="bbox 2017 424 3608 502; baseline 0.006 -26"><span class='ocrx_word' id='word_1_102' title='bbox 2017 424 2470 496; x_wconf 83' lang='grc' dir='ltr'><strong>τεσσαρακοστῆς</strong></span> <span class='ocrx_word' id='word_1_103' title='bbox 2509 425 2868 496; x_wconf 78' lang='grc' dir='ltr'><strong>ἐνισταμένης</strong></span> <span class='ocrx_word' id='word_1_104' title='bbox 2927 427 3192 498; x_wconf 83' lang='grc' dir='ltr'><strong>ὑπεδήλου</strong></span> <span class='ocrx_word' id='word_1_105' title='bbox 3227 430 3608 502; x_wconf 87' lang='grc' dir='ltr'>καθομιληθῆ-</span> 
     </span>
    </p>
   </div>
   <div class='ocr_carea' id='block_1_18' title="bbox 2019 513 3610 594">
    <p class='ocr_par' dir='ltr' id='par_1_18' title="bbox 2019 513 3610 594">
     <span class='ocr_line' id='line_1_18' title="bbox 2019 513 3610 594; baseline 0.005 -25"><span class='ocrx_word' id='word_1_106' title='bbox 2019 532 2129 575; x_wconf 86' lang='grc' dir='ltr'>ναι,</span> <span class='ocrx_word' id='word_1_107' title='bbox 2160 513 2235 577; x_wconf 86' lang='grc' dir='ltr'>ὼς</span> <span class='ocrx_word' id='word_1_108' title='bbox 2275 513 2562 580; x_wconf 74' lang='grc' dir='ltr'>εἶναιτοὺς</span> <span class='ocrx_word' id='word_1_109' title='bbox 2590 516 2658 570; x_wconf 86' lang='grc' dir='ltr'>δι’</span> <span class='ocrx_word' id='word_1_110' title='bbox 2687 517 2815 586; x_wconf 82' lang='grc' dir='ltr'><strong>ὅλης</strong></span> <span class='ocrx_word' id='word_1_111' title='bbox 2839 518 2988 588; x_wconf 80' lang='grc' dir='ltr'>αὐτῷ</span> <span class='ocrx_word' id='word_1_112' title='bbox 3021 520 3122 590; x_wconf 83' lang='grc' dir='ltr'><strong>τῆς</strong></span> <span class='ocrx_word' id='word_1_113' title='bbox 3153 525 3610 594; x_wconf 80' lang='grc' dir='ltr'>τεσσαρακοστῆς</span> 
     </span>
    </p>
   </div>
   <div class='ocr_carea' id='block_1_19' title="bbox 2019 606 3606 682">
    <p class='ocr_par' dir='ltr' id='par_1_19' title="bbox 2019 606 3606 682">
     <span class='ocr_line' id='line_1_19' title="bbox 2019 606 3606 682; baseline 0.008 -26"><span class='ocrx_word' id='word_1_114' title='bbox 2019 606 2183 676; x_wconf 80' lang='grc' dir='ltr'>μέχρι</span> <span class='ocrx_word' id='word_1_115' title='bbox 2205 606 2304 675; x_wconf 81' lang='grc' dir='ltr'>τῆς</span> <span class='ocrx_word' id='word_1_116' title='bbox 2345 607 2588 678; x_wconf 83' lang='grc' dir='ltr'>μεγάλης</span> <span class='ocrx_word' id='word_1_117' title='bbox 2621 609 2878 680; x_wconf 76' lang='grc' dir='ltr'>τετράδος</span> <span class='ocrx_word' id='word_1_118' title='bbox 2900 609 3007 664; x_wconf 84' lang='grc' dir='ltr'><strong>τῶν</strong></span> <span class='ocrx_word' id='word_1_119' title='bbox 3029 612 3108 674; x_wconf 81' lang='grc' dir='ltr'><strong>είς</strong></span> <span class='ocrx_word' id='word_1_120' title='bbox 3140 613 3237 682; x_wconf 80' lang='grc' dir='ltr'>τὴν</span> <span class='ocrx_word' id='word_1_121' title='bbox 3265 613 3490 668; x_wconf 84' lang='grc' dir='ltr'>Γένεσιν</span> <span class='ocrx_word' id='word_1_122' title='bbox 3512 615 3606 667; x_wconf 86' lang='grc' dir='ltr'>λό-</span> 
     </span>
    </p>
   </div>
   <div class='ocr_carea' id='block_1_20' title="bbox 2015 697 3610 778">
    <p class='ocr_par' dir='ltr' id='par_1_20' title="bbox 2015 697 3610 778">
     <span class='ocr_line' id='line_1_20' title="bbox 2015 697 3610 778; baseline 0.007 -30"><span class='ocrx_word' id='word_1_123' title='bbox 2015 712 2150 764; x_wconf 88' lang='grc' dir='ltr'>γους</span> <span class='ocrx_word' id='word_1_124' title='bbox 2180 697 2284 760; x_wconf 79' lang='grc' dir='ltr'>κζ’.</span> <span class='ocrx_word' id='word_1_125' title='bbox 2318 699 2382 750; x_wconf 87' lang='grc' dir='ltr'><strong>Οἱ</strong></span> <span class='ocrx_word' id='word_1_126' title='bbox 2409 697 2466 750; x_wconf 83' lang='grc' dir='ltr'>δὲ</span> <span class='ocrx_word' id='word_1_127' title='bbox 2498 699 2779 755; x_wconf 81' lang='grc' dir='ltr'><strong>ὑπόλοιποι</strong></span> <span class='ocrx_word' id='word_1_128' title='bbox 2810 700 2961 770; x_wconf 88' lang='grc' dir='ltr'>λόγοι</span> <span class='ocrx_word' id='word_1_129' title='bbox 3010 702 3166 757; x_wconf 86' lang='grc' dir='ltr'>ἐννέα</span> <span class='ocrx_word' id='word_1_130' title='bbox 3213 704 3306 758; x_wconf 85' lang='grc' dir='ltr'>τοῦ</span> <span class='ocrx_word' id='word_1_131' title='bbox 3332 706 3526 778; x_wconf 77' lang='grc' dir='ltr'>ἐτέρου</span> <span class='ocrx_word' id='word_1_132' title='bbox 3563 707 3610 736; x_wconf 72' lang='grc'><strong>⁸³</strong></span> 
     </span>
    </p>
   </div>
   <div class='ocr_carea' id='block_1_21' title="bbox 2022 787 3606 866">
    <p class='ocr_par' dir='ltr' id='par_1_21' title="bbox 2022 787 3606 866">
     <span class='ocr_line' id='line_1_21' title="bbox 2022 787 3606 866; baseline 0.006 -27"><span class='ocrx_word' id='word_1_133' title='bbox 2022 787 2231 857; x_wconf 81' lang='grc' dir='ltr'>βιϐλίου</span> <span class='ocrx_word' id='word_1_134' title='bbox 2259 789 2352 842; x_wconf 77' lang='grc' dir='ltr'><strong>καὶ</strong></span> <span class='ocrx_word' id='word_1_135' title='bbox 2383 791 2431 842; x_wconf 81' lang='lat' dir='ltr'><strong>oi</strong></span> <span class='ocrx_word' id='word_1_136' title='bbox 2458 790 2637 843; x_wconf 79' lang='grc' dir='ltr'>λοιποὶ</span> <span class='ocrx_word' id='word_1_137' title='bbox 2663 799 2742 844; x_wconf 86' lang='grc' dir='ltr'>κε’</span> <span class='ocrx_word' id='word_1_138' title='bbox 2789 791 2882 846; x_wconf 80' lang='grc' dir='ltr'>τοῦ</span> <span class='ocrx_word' id='word_1_139' title='bbox 2909 791 3094 864; x_wconf 79' lang='grc' dir='ltr'>τρίτου</span> <span class='ocrx_word' id='word_1_140' title='bbox 3128 794 3229 847; x_wconf 81' lang='grc' dir='ltr'><strong>οὐκ</strong></span> <span class='ocrx_word' id='word_1_141' title='bbox 3263 795 3427 859; x_wconf 77' lang='grc' dir='ltr'>εὐθὺς</span> <span class='ocrx_word' id='word_1_142' title='bbox 3462 796 3606 866; x_wconf 85' lang='grc' dir='ltr'>ὡμι-</span> 
     </span>
    </p>
   </div>
   <div class='ocr_carea' id='block_1_22' title="bbox 2015 877 3607 954">
    <p class='ocr_par' dir='ltr' id='par_1_22' title="bbox 2015 877 3607 954">
     <span class='ocr_line' id='line_1_22' title="bbox 2015 877 3607 954; baseline 0.001 -20"><span class='ocrx_word' id='word_1_143' title='bbox 2015 877 2283 950; x_wconf 84' lang='grc' dir='ltr'>λήθησαν,</span> <span class='ocrx_word' id='word_1_144' title='bbox 2309 880 2431 933; x_wconf 84' lang='grc' dir='ltr'>οὑδὲ</span> <span class='ocrx_word' id='word_1_145' title='bbox 2454 882 2693 952; x_wconf 85' lang='grc' dir='ltr'>συνεχῶς</span> <span class='ocrx_word' id='word_1_146' title='bbox 2709 883 2847 952; x_wconf 84' lang='grc' dir='ltr'><strong>μετά</strong></span> <span class='ocrx_word' id='word_1_147' title='bbox 2871 883 2931 936; x_wconf 81' lang='grc' dir='ltr'><strong>τὸ</strong></span> <span class='ocrx_word' id='word_1_148' title='bbox 2954 883 3166 954; x_wconf 83' lang='grc' dir='ltr'>Πάσχα.</span> <span class='ocrx_word' id='word_1_149' title='bbox 3191 885 3348 938; x_wconf 81' lang='grc' dir='ltr'>Μετὰ</span> <span class='ocrx_word' id='word_1_150' title='bbox 3370 885 3480 954; x_wconf 79' lang='grc' dir='ltr'>γὰρ</span> <span class='ocrx_word' id='word_1_151' title='bbox 3502 885 3607 954; x_wconf 74' lang='grc' dir='ltr'>τὴν</span> 
     </span>
    </p>
   </div>
   <div class='ocr_carea' id='block_1_23' title="bbox 2013 971 3608 1046">
    <p class='ocr_par' dir='ltr' id='par_1_23' title="bbox 2013 971 3608 1046">
     <span class='ocr_line' id='line_1_23' title="bbox 2013 971 3608 1046; baseline 0.002 -21"><span class='ocrx_word' id='word_1_152' title='bbox 2013 974 2076 1025; x_wconf 89' lang='grc' dir='ltr'><strong>ἐν</strong></span> <span class='ocrx_word' id='word_1_153' title='bbox 2127 973 2199 1041; x_wconf 85' lang='grc' dir='ltr'>τῇ</span> <span class='ocrx_word' id='word_1_154' title='bbox 2239 972 2450 1046; x_wconf 78' lang='grc' dir='ltr'><strong>μεγάλῃ</strong></span> <span class='ocrx_word' id='word_1_155' title='bbox 2486 973 2702 1045; x_wconf 83' lang='grc' dir='ltr'>τετράδι</span> <span class='ocrx_word' id='word_1_156' title='bbox 2727 975 2968 1043; x_wconf 76' lang='grc' dir='ltr'>ὁμιλίαν,</span> <span class='ocrx_word' id='word_1_157' title='bbox 3000 975 3123 1046; x_wconf 81' lang='grc' dir='ltr'>ήτις</span> <span class='ocrx_word' id='word_1_158' title='bbox 3151 971 3220 1046; x_wconf 81' lang='grc' dir='ltr'>ἧν</span> <span class='ocrx_word' id='word_1_159' title='bbox 3250 975 3356 1028; x_wconf 86' lang='grc' dir='ltr'>τῶν</span> <span class='ocrx_word' id='word_1_160' title='bbox 3385 978 3467 1037; x_wconf 87' lang='grc' dir='ltr'>εἰς</span> <span class='ocrx_word' id='word_1_161' title='bbox 3505 977 3608 1044; x_wconf 73' lang='grc' dir='ltr'><strong>τὴν</strong></span> 
     </span>
    </p>
   </div>
   <div class='ocr_carea' id='block_1_24' title="bbox 2011 1060 3608 1137">
    <p class='ocr_par' dir='ltr' id='par_1_24' title="bbox 2011 1060 3608 1137">
     <span class='ocr_line' id='line_1_24' title="bbox 2011 1060 3608 1137; baseline 0.004 -25"><span class='ocrx_word' id='word_1_162' title='bbox 2011 1060 2232 1114; x_wconf 87' lang='grc' dir='ltr'>Γένεσιν</span> <span class='ocrx_word' id='word_1_163' title='bbox 2251 1061 2354 1127; x_wconf 77' lang='grc' dir='ltr'>κζ’,</span> <span class='ocrx_word' id='word_1_164' title='bbox 2377 1060 2652 1132; x_wconf 86' lang='grc' dir='ltr'>ὼμίληται</span> <span class='ocrx_word' id='word_1_165' title='bbox 2673 1064 2823 1135; x_wconf 84' lang='grc' dir='ltr'>αὑτῷ</span> <span class='ocrx_word' id='word_1_166' title='bbox 2845 1065 2889 1095; x_wconf 79' lang='grc'><strong>⁸³</strong></span> <span class='ocrx_word' id='word_1_167' title='bbox 2911 1067 2977 1137; x_wconf 78' lang='grc' dir='ltr'>τῇ</span> <span class='ocrx_word' id='word_1_168' title='bbox 3003 1065 3204 1133; x_wconf 74' lang='grc' dir='ltr'>ἐφεξῆς</span> <span class='ocrx_word' id='word_1_169' title='bbox 3224 1066 3304 1128; x_wconf 88' lang='grc' dir='ltr'><strong>είς</strong></span> <span class='ocrx_word' id='word_1_170' title='bbox 3327 1065 3419 1118; x_wconf 82' lang='grc' dir='ltr'><strong>τὸν</strong></span> <span class='ocrx_word' id='word_1_171' title='bbox 3439 1083 3608 1119; x_wconf 88' lang='grc' dir='ltr'>σταυ-</span> 
     </span>
    </p>
   </div>
   <div class='ocr_carea' id='block_1_25' title="bbox 2015 1151 3606 1230">
    <p class='ocr_par' dir='ltr' id='par_1_25' title="bbox 2015 1151 3606 1230">
     <span class='ocr_line' id='line_1_25' title="bbox 2015 1151 3606 1230; baseline 0.004 -24"><span class='ocrx_word' id='word_1_172' title='bbox 2015 1154 2130 1225; x_wconf 74' lang='grc' dir='ltr'>ρδν,</span> <span class='ocrx_word' id='word_1_173' title='bbox 2163 1151 2283 1208; x_wconf 76' lang='grc' dir='ltr'>εἶτα</span> <span class='ocrx_word' id='word_1_174' title='bbox 2317 1157 2396 1218; x_wconf 90' lang='grc' dir='ltr'><strong>είς</strong></span> <span class='ocrx_word' id='word_1_175' title='bbox 2421 1157 2520 1226; x_wconf 83' lang='grc' dir='ltr'><strong>τὴν</strong></span> <span class='ocrx_word' id='word_1_176' title='bbox 2544 1157 2857 1227; x_wconf 80' lang='grc' dir='ltr'>προδοσίαν,</span> <span class='ocrx_word' id='word_1_177' title='bbox 2890 1159 2985 1211; x_wconf 83' lang='grc' dir='ltr'><strong>καί</strong></span> <span class='ocrx_word' id='word_1_178' title='bbox 3012 1157 3199 1212; x_wconf 76' lang='grc' dir='ltr'>λοιπὸν</span> <span class='ocrx_word' id='word_1_179' title='bbox 3221 1158 3423 1230; x_wconf 77' lang='grc' dir='ltr'>ἐφεξῆς</span> <span class='ocrx_word' id='word_1_180' title='bbox 3455 1160 3606 1212; x_wconf 85' lang='grc' dir='ltr'><strong>κατά</strong></span> 
     </span>
    </p>
   </div>
   <div class='ocr_carea' id='block_1_26' title="bbox 2009 1245 3602 1321">
    <p class='ocr_par' dir='ltr' id='par_1_26' title="bbox 2009 1245 3602 1321">
     <span class='ocr_line' id='line_1_26' title="bbox 2009 1245 3602 1321; baseline 0.003 -23"><span class='ocrx_word' id='word_1_181' title='bbox 2009 1245 2111 1308; x_wconf 83' lang='grc' dir='ltr'>τὰς</span> <span class='ocrx_word' id='word_1_182' title='bbox 2141 1245 2564 1310; x_wconf 81' lang='grc' dir='ltr'>ἀνακυπτούσας</span> <span class='ocrx_word' id='word_1_183' title='bbox 2611 1247 2723 1300; x_wconf 84' lang='grc' dir='ltr'><strong>τῶν</strong></span> <span class='ocrx_word' id='word_1_184' title='bbox 2761 1247 2985 1318; x_wconf 72' lang='grc' dir='ltr'>ἡμερῶν</span> <span class='ocrx_word' id='word_1_185' title='bbox 3035 1249 3374 1321; x_wconf 80' lang='grc' dir='ltr'>πανηγύρεις</span> <span class='ocrx_word' id='word_1_186' title='bbox 3413 1267 3473 1302; x_wconf 86' lang='grc' dir='ltr'><strong>τε</strong></span> <span class='ocrx_word' id='word_1_187' title='bbox 3502 1251 3602 1303; x_wconf 75' lang='grc' dir='ltr'>καὶ</span> 
     </span>
    </p>
   </div>
   <div class='ocr_carea' id='block_1_27' title="bbox 2011 1335 3606 1411">
    <p class='ocr_par' dir='ltr' id='par_1_27' title="bbox 2011 1335 3606 1411">
     <span class='ocr_line' id='line_1_27' title="bbox 2011 1335 3606 1411; baseline 0.003 -22"><span class='ocrx_word' id='word_1_188' title='bbox 2011 1335 2296 1400; x_wconf 80' lang='grc' dir='ltr'>ὑποθέσεις</span> <span class='ocrx_word' id='word_1_189' title='bbox 2355 1337 2632 1405; x_wconf 82' lang='grc' dir='ltr'>ἀναλόγως</span> <span class='ocrx_word' id='word_1_190' title='bbox 2667 1340 2724 1391; x_wconf 90' lang='grc' dir='ltr'>αἱ</span> <span class='ocrx_word' id='word_1_191' title='bbox 2752 1338 2960 1408; x_wconf 76' lang='grc' dir='ltr'>ὁμιλίαι</span> <span class='ocrx_word' id='word_1_192' title='bbox 3011 1341 3270 1408; x_wconf 83' lang='grc' dir='ltr'>ἐγίνοντο.</span> <span class='ocrx_word' id='word_1_193' title='bbox 3312 1341 3423 1394; x_wconf 79' lang='grc' dir='ltr'>Καὶ</span> <span class='ocrx_word' id='word_1_194' title='bbox 3459 1339 3606 1411; x_wconf 79' lang='grc' dir='ltr'>μετὰ</span> 
     </span>
    </p>
   </div>
   <div class='ocr_carea' id='block_1_28' title="bbox 338 1425 1917 1505">
    <p class='ocr_par' dir='ltr' id='par_1_28' title="bbox 338 1425 1910 1505">
     <span class='ocr_line' id='line_1_28' title="bbox 338 1425 1910 1505; baseline -0.012 -7"><span class='ocrx_word' id='word_1_195' title='bbox 338 1454 522 1503; x_wconf 74' lang='lat' dir='ltr'><strong>cruce,</strong></span> <span class='ocrx_word' id='word_1_196' title='bbox 555 1439 680 1492; x_wconf 90' lang='lat' dir='ltr'><strong>hinc</strong></span> <span class='ocrx_word' id='word_1_197' title='bbox 716 1436 781 1489; x_wconf 94' lang='lat' dir='ltr'><strong>de</strong></span> <span class='ocrx_word' id='word_1_198' title='bbox 813 1433 1116 1505; x_wconf 86' lang='lat' dir='ltr'><strong>proditione</strong></span> <span class='ocrx_word' id='word_1_199' title='bbox 1153 1430 1302 1484; x_wconf 62' lang='lat' dir='ltr'><strong>ludat</strong></span> <span class='ocrx_word' id='word_1_200' title='bbox 1337 1448 1352 1483; x_wconf 91' lang='lat'><strong>:</strong></span> <span class='ocrx_word' id='word_1_201' title='bbox 1387 1439 1549 1497; x_wconf 88' lang='lat' dir='ltr'><strong>atque</strong></span> <span class='ocrx_word' id='word_1_202' title='bbox 1596 1426 1672 1480; x_wconf 91' lang='lat' dir='ltr'><strong>ita</strong></span> <span class='ocrx_word' id='word_1_203' title='bbox 1721 1425 1910 1480; x_wconf 88' lang='lat' dir='ltr'><strong>ordine</strong></span> 
     </span>
    </p>
   </div>
   <div class='ocr_carea' id='block_1_29' title="bbox 2022 1425 3608 1505">
    <p class='ocr_par' dir='ltr' id='par_1_29' title="bbox 2022 1427 3608 1503">
     <span class='ocr_line' id='line_1_29' title="bbox 2022 1427 3608 1503; baseline 0.003 -23"><span class='ocrx_word' id='word_1_204' title='bbox 2022 1427 2106 1490; x_wconf 75' lang='grc' dir='ltr'><strong>τάς</strong></span> <span class='ocrx_word' id='word_1_205' title='bbox 2135 1428 2265 1498; x_wconf 79' lang='grc' dir='ltr'>περὶ</span> <span class='ocrx_word' id='word_1_206' title='bbox 2291 1429 2640 1492; x_wconf 84' lang='grc' dir='ltr'>ἀναστάσεως</span> <span class='ocrx_word' id='word_1_207' title='bbox 2666 1430 2884 1499; x_wconf 81' lang='grc' dir='ltr'>ὁμιλίας</span> <span class='ocrx_word' id='word_1_208' title='bbox 2905 1429 3183 1500; x_wconf 85' lang='grc' dir='ltr'>ὡμίλησεν</span> <span class='ocrx_word' id='word_1_209' title='bbox 3216 1432 3296 1494; x_wconf 88' lang='grc' dir='ltr'>εἰς</span> <span class='ocrx_word' id='word_1_210' title='bbox 3321 1432 3420 1496; x_wconf 84' lang='grc' dir='ltr'>τὰς</span> <span class='ocrx_word' id='word_1_211' title='bbox 3451 1431 3608 1503; x_wconf 87' lang='grc' dir='ltr'><strong>Πρά-</strong></span> 
     </span>
    </p>
   </div>
   <div class='ocr_carea' id='block_1_30' title="bbox 338 1515 1909 1597">
    <p class='ocr_par' dir='ltr' id='par_1_30' title="bbox 338 1515 1909 1597">
     <span class='ocr_line' id='line_1_30' title="bbox 338 1515 1909 1597; baseline -0.007 -16"><span class='ocrx_word' id='word_1_212' title='bbox 338 1537 500 1597; x_wconf 91' lang='lat' dir='ltr'><strong>prout</strong></span> <span class='ocrx_word' id='word_1_213' title='bbox 535 1526 654 1578; x_wconf 74' lang='lat' dir='ltr'><strong>l’csti</strong></span> <span class='ocrx_word' id='word_1_214' title='bbox 685 1525 823 1589; x_wconf 87' lang='lat' dir='ltr'><strong>dies,</strong></span> <span class='ocrx_word' id='word_1_215' title='bbox 856 1526 970 1578; x_wconf 87' lang='lat' dir='ltr'><strong>sive</strong></span> <span class='ocrx_word' id='word_1_216' title='bbox 1004 1528 1321 1590; x_wconf 82' lang='lat' dir='ltr'><strong>argumenta</strong></span> <span class='ocrx_word' id='word_1_217' title='bbox 1351 1519 1658 1573; x_wconf 89' lang='lat' dir='ltr'><strong>inciderunt</strong></span> <span class='ocrx_word' id='word_1_218' title='bbox 1685 1556 1701 1582; x_wconf 92' lang='lat'><strong>,</strong></span> <span class='ocrx_word' id='word_1_219' title='bbox 1735 1515 1909 1570; x_wconf 90' lang='lat' dir='ltr'><strong>homi-</strong></span> 
     </span>
    </p>
   </div>
   <div class='ocr_carea' id='block_1_31' title="bbox 336 1609 1906 1690">
    <p class='ocr_par' dir='ltr' id='par_1_31' title="bbox 336 1609 1906 1690">
     <span class='ocr_line' id='line_1_31' title="bbox 336 1609 1906 1690; baseline -0.01 -12"><span class='ocrx_word' id='word_1_220' title='bbox 336 1623 420 1680; x_wconf 80' lang='lat' dir='ltr'><strong>liae</strong></span> <span class='ocrx_word' id='word_1_221' title='bbox 453 1635 668 1690; x_wconf 84' lang='lat' dir='ltr'><strong>quoque</strong></span> <span class='ocrx_word' id='word_1_222' title='bbox 694 1628 888 1688; x_wconf 77' lang='lat' dir='ltr'><strong>aptatae</strong></span> <span class='ocrx_word' id='word_1_223' title='bbox 913 1625 1058 1672; x_wconf 91' lang='lat' dir='ltr'><strong>sunt.</strong></span> <span class='ocrx_word' id='word_1_224' title='bbox 1083 1613 1200 1668; x_wconf 80' lang='lat' dir='ltr'><strong>Jam</strong></span> <span class='ocrx_word' id='word_1_225' title='bbox 1223 1621 1342 1683; x_wconf 92' lang='lat' dir='ltr'><strong>post</strong></span> <span class='ocrx_word' id='word_1_226' title='bbox 1368 1610 1782 1666; x_wconf 85' lang='lat' dir='ltr'><strong>resurrectionis</strong></span> <span class='ocrx_word' id='word_1_227' title='bbox 1808 1609 1906 1664; x_wconf 88' lang='lat' dir='ltr'><strong>bo-</strong></span> 
     </span>
    </p>
   </div>
   <div class='ocr_carea' id='block_1_32' title="bbox 2010 1521 3606 1597">
    <p class='ocr_par' dir='ltr' id='par_1_32' title="bbox 2010 1521 3606 1597">
     <span class='ocr_line' id='line_1_32' title="bbox 2010 1521 3606 1597; baseline 0.004 -22"><span class='ocrx_word' id='word_1_228' title='bbox 2010 1521 2120 1587; x_wconf 83' lang='grc' dir='ltr'>ξεις</span> <span class='ocrx_word' id='word_1_229' title='bbox 2146 1524 2404 1594; x_wconf 84' lang='grc' dir='ltr'>συνεχῶς,</span> <span class='ocrx_word' id='word_1_230' title='bbox 2441 1525 2516 1587; x_wconf 85' lang='grc' dir='ltr'>ὡς</span> <span class='ocrx_word' id='word_1_231' title='bbox 2543 1525 2587 1555; x_wconf 64' lang='grc'><strong>⁸⁸</strong></span> <span class='ocrx_word' id='word_1_232' title='bbox 2635 1526 2797 1588; x_wconf 81' lang='grc' dir='ltr'>αὑτὸς</span> <span class='ocrx_word' id='word_1_233' title='bbox 2821 1527 3027 1589; x_wconf 87' lang='grc' dir='ltr'>ἐκεῖνος</span> <span class='ocrx_word' id='word_1_234' title='bbox 3057 1527 3360 1597; x_wconf 82' lang='grc' dir='ltr'>ἀρχόμενος</span> <span class='ocrx_word' id='word_1_235' title='bbox 3385 1529 3481 1580; x_wconf 77' lang='grc' dir='ltr'>τοῦ</span> <span class='ocrx_word' id='word_1_236' title='bbox 3515 1525 3606 1596; x_wconf 83' lang='grc' dir='ltr'>κη’</span> 
     </span>
    </p>
   </div>
   <div class='ocr_carea' id='block_1_33' title="bbox 2013 1614 3604 1688">
    <p class='ocr_par' dir='ltr' id='par_1_33' title="bbox 2013 1614 3604 1688">
     <span class='ocr_line' id='line_1_33' title="bbox 2013 1614 3604 1688; baseline 0.002 -21"><span class='ocrx_word' id='word_1_237' title='bbox 2013 1614 2170 1683; x_wconf 89' lang='grc' dir='ltr'>λόγου</span> <span class='ocrx_word' id='word_1_238' title='bbox 2187 1616 2294 1668; x_wconf 86' lang='grc' dir='ltr'><strong>τῶν</strong></span> <span class='ocrx_word' id='word_1_239' title='bbox 2323 1616 2402 1678; x_wconf 90' lang='grc' dir='ltr'><strong>είς</strong></span> <span class='ocrx_word' id='word_1_240' title='bbox 2423 1615 2518 1686; x_wconf 81' lang='grc' dir='ltr'><strong>τὴν</strong></span> <span class='ocrx_word' id='word_1_241' title='bbox 2549 1616 2766 1668; x_wconf 90' lang='grc' dir='ltr'>Γένεσιν</span> <span class='ocrx_word' id='word_1_242' title='bbox 2788 1617 3209 1687; x_wconf 78' lang='grc' dir='ltr'>ἐπισημαίνεται</span> <span class='ocrx_word' id='word_1_243' title='bbox 3245 1636 3259 1650; x_wconf 89' lang='grc'><strong>·</strong></span> <span class='ocrx_word' id='word_1_244' title='bbox 3288 1618 3368 1683; x_wconf 80' lang='grc' dir='ltr'>ὃν,</span> <span class='ocrx_word' id='word_1_245' title='bbox 3397 1617 3475 1681; x_wconf 83' lang='grc' dir='ltr'>ὡς</span> <span class='ocrx_word' id='word_1_246' title='bbox 3509 1619 3604 1688; x_wconf 76' lang='grc' dir='ltr'><strong>δῆ-</strong></span> 
     </span>
    </p>
   </div>
   <div class='ocr_carea' id='block_1_34' title="bbox 335 1687 1917 1781">
    <p class='ocr_par' dir='ltr' id='par_1_34' title="bbox 335 1687 1917 1778">
     <span class='ocr_line' id='line_1_34' title="bbox 335 1687 1917 1778; baseline -0.007 -12"><span class='ocrx_word' id='word_1_247' title='bbox 335 1713 515 1766; x_wconf 85' lang='lat' dir='ltr'><strong>milias</strong></span> <span class='ocrx_word' id='word_1_248' title='bbox 561 1711 613 1762; x_wconf 93' lang='lat' dir='ltr'><strong>in</strong></span> <span class='ocrx_word' id='word_1_249' title='bbox 648 1687 1011 1778; x_wconf 85' lang='lat' dir='ltr'><strong>apostolorum</strong></span> <span class='ocrx_word' id='word_1_250' title='bbox 1038 1705 1169 1760; x_wconf 80' lang='lat' dir='ltr'><strong>Acta</strong></span> <span class='ocrx_word' id='word_1_251' title='bbox 1201 1703 1539 1759; x_wconf 89' lang='lat' dir='ltr'><strong>continenter</strong></span> <span class='ocrx_word' id='word_1_252' title='bbox 1572 1701 1736 1756; x_wconf 89' lang='lat' dir='ltr'><strong>verba</strong></span> <span class='ocrx_word' id='word_1_253' title='bbox 1767 1700 1917 1765; x_wconf 85' lang='lat' dir='ltr'><strong>fecit,</strong></span> 
     </span>
    </p>
   </div>
   <div class='ocr_carea' id='block_1_35' title="bbox 2022 1687 3604 1781">
    <p class='ocr_par' dir='ltr' id='par_1_35' title="bbox 2022 1704 3604 1781">
     <span class='ocr_line' id='line_1_35' title="bbox 2022 1704 3604 1781; baseline 0.002 -23"><span class='ocrx_word' id='word_1_254' title='bbox 2022 1704 2129 1771; x_wconf 88' lang='grc' dir='ltr'>λον,</span> <span class='ocrx_word' id='word_1_255' title='bbox 2183 1707 2278 1760; x_wconf 74' lang='grc' dir='ltr'>καὶ</span> <span class='ocrx_word' id='word_1_256' title='bbox 2313 1707 2442 1770; x_wconf 82' lang='grc' dir='ltr'>τοὺς</span> <span class='ocrx_word' id='word_1_257' title='bbox 2479 1709 2576 1761; x_wconf 74' lang='grc' dir='ltr'><strong>σὺν</strong></span> <span class='ocrx_word' id='word_1_258' title='bbox 2619 1707 2766 1778; x_wconf 78' lang='grc' dir='ltr'>αὐτῷ</span> <span class='ocrx_word' id='word_1_259' title='bbox 2803 1709 2940 1778; x_wconf 86' lang='grc' dir='ltr'><strong>μετὰ</strong></span> <span class='ocrx_word' id='word_1_260' title='bbox 2991 1709 3157 1762; x_wconf 85' lang='grc' dir='ltr'>πολὺν</span> <span class='ocrx_word' id='word_1_261' title='bbox 3196 1711 3386 1780; x_wconf 88' lang='grc' dir='ltr'>χρόνον</span> <span class='ocrx_word' id='word_1_262' title='bbox 3430 1727 3604 1781; x_wconf 84' lang='grc' dir='ltr'>προσ-</span> 
     </span>
    </p>
   </div>
   <div class='ocr_carea' id='block_1_36' title="bbox 336 1793 1909 1872">
    <p class='ocr_par' dir='ltr' id='par_1_36' title="bbox 336 1793 1909 1872">
     <span class='ocr_line' id='line_1_36' title="bbox 336 1793 1909 1872; baseline -0.005 -20"><span class='ocrx_word' id='word_1_263' title='bbox 336 1799 790 1872; x_wconf 83' lang='lat' dir='ltr'><strong>quemadmodum</strong></span> <span class='ocrx_word' id='word_1_264' title='bbox 823 1799 935 1866; x_wconf 90' lang='lat' dir='ltr'><strong>ipse</strong></span> <span class='ocrx_word' id='word_1_265' title='bbox 971 1807 1216 1851; x_wconf 82' lang='lat' dir='ltr'><strong>octavam</strong></span> <span class='ocrx_word' id='word_1_266' title='bbox 1243 1810 1402 1862; x_wconf 87' lang='lat' dir='ltr'><strong>supra</strong></span> <span class='ocrx_word' id='word_1_267' title='bbox 1431 1793 1767 1856; x_wconf 85' lang='lat' dir='ltr'><strong>vicesimam,</strong></span> <span class='ocrx_word' id='word_1_268' title='bbox 1791 1805 1909 1859; x_wconf 78' lang='lat' dir='ltr'><strong>qua:</strong></span> 
     </span>
    </p>
   </div>
   <div class='ocr_carea' id='block_1_37' title="bbox 337 1883 1904 1960">
    <p class='ocr_par' dir='ltr' id='par_1_37' title="bbox 337 1883 1904 1960">
     <span class='ocr_line' id='line_1_37' title="bbox 337 1883 1904 1960; baseline -0.007 -15"><span class='ocrx_word' id='word_1_269' title='bbox 337 1892 582 1960; x_wconf 81' lang='lat' dir='ltr'><strong>sequitur</strong></span> <span class='ocrx_word' id='word_1_270' title='bbox 612 1890 663 1943; x_wconf 92' lang='lat' dir='ltr'><strong>in</strong></span> <span class='ocrx_word' id='word_1_271' title='bbox 692 1888 946 1944; x_wconf 87' lang='lat' dir='ltr'><strong>Genesim</strong></span> <span class='ocrx_word' id='word_1_272' title='bbox 976 1885 1276 1941; x_wconf 88' lang='lat' dir='ltr'><strong>orationem</strong></span> <span class='ocrx_word' id='word_1_273' title='bbox 1303 1884 1615 1952; x_wconf 86' lang='lat' dir='ltr'><strong>auspicatus</strong></span> <span class='ocrx_word' id='word_1_274' title='bbox 1644 1883 1904 1947; x_wconf 86' lang='lat' dir='ltr'><strong>ostendit,</strong></span> 
     </span>
    </p>
   </div>
   <div class='ocr_carea' id='block_1_38' title="bbox 338 1973 1908 2052">
    <p class='ocr_par' dir='ltr' id='par_1_38' title="bbox 338 1973 1908 2052">
     <span class='ocr_line' id='line_1_38' title="bbox 338 1973 1908 2052; baseline -0.004 -17"><span class='ocrx_word' id='word_1_275' title='bbox 338 2001 521 2052; x_wconf 78' lang='lat' dir='ltr'><strong>quam,</strong></span> <span class='ocrx_word' id='word_1_276' title='bbox 549 1995 607 2036; x_wconf 90' lang='lat' dir='ltr'><strong>ut</strong></span> <span class='ocrx_word' id='word_1_277' title='bbox 632 1992 876 2052; x_wconf 83' lang='lat' dir='ltr'><strong>apparet,</strong></span> <span class='ocrx_word' id='word_1_278' title='bbox 922 1997 1042 2034; x_wconf 89' lang='lat' dir='ltr'><strong>cum</strong></span> <span class='ocrx_word' id='word_1_279' title='bbox 1084 1979 1305 2048; x_wconf 89' lang='lat' dir='ltr'><strong>reliquis</strong></span> <span class='ocrx_word' id='word_1_280' title='bbox 1335 1977 1354 2050; x_wconf 92' lang='lat'>[</span> <span class='ocrx_word' id='word_1_281' title='bbox 1380 1977 1536 2046; x_wconf 82' lang='lat' dir='ltr'><strong>hujus</strong></span> <span class='ocrx_word' id='word_1_282' title='bbox 1570 1973 1908 2047; x_wconf 79' lang='lat' dir='ltr'><strong>argumenti]</strong></span> 
     </span>
    </p>
   </div>
   <div class='ocr_carea' id='block_1_39' title="bbox 339 2066 1911 2143">
    <p class='ocr_par' dir='ltr' id='par_1_39' title="bbox 339 2066 1911 2143">
     <span class='ocr_line' id='line_1_39' title="bbox 339 2066 1911 2143; baseline -0.005 -16"><span class='ocrx_word' id='word_1_283' title='bbox 339 2077 501 2142; x_wconf 79' lang='lat' dir='ltr'><strong>lotth</strong></span> <span class='ocrx_word' id='word_1_284' title='bbox 544 2085 664 2143; x_wconf 89' lang='lat' dir='ltr'><strong>post</strong></span> <span class='ocrx_word' id='word_1_285' title='bbox 697 2083 939 2141; x_wconf 88' lang='lat' dir='ltr'><strong>tempore</strong></span> <span class='ocrx_word' id='word_1_286' title='bbox 969 2070 1172 2124; x_wconf 86' lang='lat' dir='ltr'><strong>habuit.</strong></span> <span class='ocrx_word' id='word_1_287' title='bbox 1199 2069 1599 2137; x_wconf 84' lang='lat' dir='ltr'><strong>Quinquaginta</strong></span> <span class='ocrx_word' id='word_1_288' title='bbox 1632 2067 1774 2121; x_wconf 90' lang='lat' dir='ltr'><strong>enim</strong></span> <span class='ocrx_word' id='word_1_289' title='bbox 1807 2066 1911 2119; x_wconf 89' lang='lat' dir='ltr'><strong>illis</strong></span> 
     </span>
    </p>
   </div>
   <div class='ocr_carea' id='block_1_40' title="bbox 343 2157 1912 2246">
    <p class='ocr_par' dir='ltr' id='par_1_40' title="bbox 343 2157 1912 2246">
     <span class='ocr_line' id='line_1_40' title="bbox 343 2157 1912 2246; baseline -0.007 -27"><span class='ocrx_word' id='word_1_290' title='bbox 343 2168 396 2236; x_wconf 74' lang='lat' dir='ltr'><strong>in</strong></span> <span class='ocrx_word' id='word_1_291' title='bbox 449 2165 584 2224; x_wconf 75' lang='lat' dir='ltr'><strong>Acta</strong></span> <span class='ocrx_word' id='word_1_292' title='bbox 612 2163 853 2221; x_wconf 70' lang='lat' dir='ltr'><strong>&#39;homiliis</strong></span> <span class='ocrx_word' id='word_1_293' title='bbox 885 2161 1178 2246; x_wconf 57' lang='lat' dir='ltr'><strong>recitandis</strong></span> <span class='ocrx_word' id='word_1_294' title='bbox 1212 2176 1376 2214; x_wconf 90' lang='lat' dir='ltr'><strong>unum</strong></span> <span class='ocrx_word' id='word_1_295' title='bbox 1404 2158 1574 2214; x_wconf 85' lang='lat' dir='ltr'><strong>ferme</strong></span> <span class='ocrx_word' id='word_1_296' title='bbox 1597 2172 1796 2211; x_wconf 89' lang='lat' dir='ltr'><strong>annum</strong></span> <span class='ocrx_word' id='word_1_297' title='bbox 1829 2157 1912 2209; x_wconf 90' lang='lat' dir='ltr'><strong>in-</strong></span> 
     </span>
    </p>
   </div>
   <div class='ocr_carea' id='block_1_41' title="bbox 337 2250 1916 2329">
    <p class='ocr_par' dir='ltr' id='par_1_41' title="bbox 337 2250 1916 2329">
     <span class='ocr_line' id='line_1_41' title="bbox 337 2250 1916 2329; baseline -0.008 -16"><span class='ocrx_word' id='word_1_298' title='bbox 337 2258 590 2329; x_wconf 88' lang='lat' dir='ltr'><strong>sumpsit,</strong></span> <span class='ocrx_word' id='word_1_299' title='bbox 623 2273 743 2312; x_wconf 92' lang='lat' dir='ltr'><strong>cum</strong></span> <span class='ocrx_word' id='word_1_300' title='bbox 777 2270 883 2309; x_wconf 93' lang='lat' dir='ltr'><strong>non</strong></span> <span class='ocrx_word' id='word_1_301' title='bbox 936 2253 1176 2322; x_wconf 88' lang='lat' dir='ltr'><strong>quotidie</strong></span> <span class='ocrx_word' id='word_1_302' title='bbox 1206 2266 1391 2318; x_wconf 86' lang='lat' dir='ltr'><strong>unam,</strong></span> <span class='ocrx_word' id='word_1_303' title='bbox 1453 2250 1545 2305; x_wconf 89' lang='lat' dir='ltr'><strong>sed</strong></span> <span class='ocrx_word' id='word_1_304' title='bbox 1579 2251 1766 2318; x_wconf 91' lang='lat' dir='ltr'><strong>quinto</strong></span> <span class='ocrx_word' id='word_1_305' title='bbox 1798 2259 1916 2301; x_wconf 89' lang='lat' dir='ltr'><strong>tan-</strong></span> 
     </span>
    </p>
   </div>
   <div class='ocr_carea' id='block_1_42' title="bbox 339 2341 1914 2416">
    <p class='ocr_par' dir='ltr' id='par_1_42' title="bbox 339 2341 1914 2416">
     <span class='ocr_line' id='line_1_42' title="bbox 339 2341 1914 2416; baseline -0.008 -10"><span class='ocrx_word' id='word_1_306' title='bbox 339 2360 452 2406; x_wconf 91' lang='lat' dir='ltr'><strong>tum</strong></span> <span class='ocrx_word' id='word_1_307' title='bbox 491 2357 582 2402; x_wconf 91' lang='lat' dir='ltr'><strong>aut</strong></span> <span class='ocrx_word' id='word_1_308' title='bbox 615 2349 848 2416; x_wconf 73' lang='lat' dir='ltr'><strong>septimo</strong></span> <span class='ocrx_word' id='word_1_309' title='bbox 884 2347 990 2412; x_wconf 88' lang='lat' dir='ltr'><strong>die,</strong></span> <span class='ocrx_word' id='word_1_310' title='bbox 1029 2354 1083 2398; x_wconf 88' lang='lat' dir='ltr'><strong>et</strong></span> <span class='ocrx_word' id='word_1_311' title='bbox 1112 2343 1402 2412; x_wconf 86' lang='lat' dir='ltr'><strong>aliquando</strong></span> <span class='ocrx_word' id='word_1_312' title='bbox 1435 2343 1611 2396; x_wconf 89' lang='lat' dir='ltr'><strong>rarius</strong></span> <span class='ocrx_word' id='word_1_313' title='bbox 1633 2341 1794 2395; x_wconf 90' lang='lat' dir='ltr'><strong>etiam</strong></span> <span class='ocrx_word' id='word_1_314' title='bbox 1821 2355 1914 2394; x_wconf 90' lang='lat' dir='ltr'><strong>eas</strong></span> 
     </span>
    </p>
   </div>
   <div class='ocr_carea' id='block_1_43' title="bbox 336 2433 1916 2507">
    <p class='ocr_par' dir='ltr' id='par_1_43' title="bbox 336 2433 1916 2507">
     <span class='ocr_line' id='line_1_43' title="bbox 336 2433 1916 2507; baseline -0.008 -12"><span class='ocrx_word' id='word_1_315' title='bbox 336 2441 582 2495; x_wconf 85' lang='lat' dir='ltr'><strong>recitarit</strong></span> <span class='ocrx_word' id='word_1_316' title='bbox 615 2457 630 2494; x_wconf 90' lang='lat'><strong>:</strong></span> <span class='ocrx_word' id='word_1_317' title='bbox 661 2451 717 2494; x_wconf 88' lang='lat' dir='ltr'><strong>et</strong></span> <span class='ocrx_word' id='word_1_318' title='bbox 762 2438 1002 2507; x_wconf 89' lang='lat' dir='ltr'><strong>quidam,</strong></span> <span class='ocrx_word' id='word_1_319' title='bbox 1054 2444 1112 2489; x_wconf 88' lang='lat' dir='ltr'><strong>ut</strong></span> <span class='ocrx_word' id='word_1_320' title='bbox 1146 2435 1375 2503; x_wconf 91' lang='lat' dir='ltr'><strong>ipsemet</strong></span> <span class='ocrx_word' id='word_1_321' title='bbox 1409 2433 1590 2500; x_wconf 90' lang='lat' dir='ltr'><strong>tradit,</strong></span> <span class='ocrx_word' id='word_1_322' title='bbox 1643 2447 1763 2486; x_wconf 92' lang='lat' dir='ltr'><strong>cum</strong></span> <span class='ocrx_word' id='word_1_323' title='bbox 1806 2441 1916 2485; x_wconf 87' lang='lat' dir='ltr'><strong>ter-</strong></span> 
     </span>
    </p>
   </div>
   <div class='ocr_carea' id='block_1_44' title="bbox 335 2520 1911 2598">
    <p class='ocr_par' dir='ltr' id='par_1_44' title="bbox 335 2520 1911 2598">
     <span class='ocr_line' id='line_1_44' title="bbox 335 2520 1911 2598; baseline -0.006 -15"><span class='ocrx_word' id='word_1_324' title='bbox 335 2531 473 2586; x_wconf 88' lang='lat' dir='ltr'><strong>tium</strong></span> <span class='ocrx_word' id='word_1_325' title='bbox 498 2529 609 2598; x_wconf 83' lang='lat' dir='ltr'><strong>jam</strong></span> <span class='ocrx_word' id='word_1_326' title='bbox 642 2543 843 2582; x_wconf 90' lang='lat' dir='ltr'><strong>annum</strong></span> <span class='ocrx_word' id='word_1_327' title='bbox 875 2525 1067 2595; x_wconf 70' lang='lat' dir='ltr'><strong>pracsul</strong></span> <span class='ocrx_word' id='word_1_328' title='bbox 1099 2533 1263 2578; x_wconf 89' lang='lat' dir='ltr'><strong>esset.</strong></span> <span class='ocrx_word' id='word_1_329' title='bbox 1319 2526 1464 2589; x_wconf 79' lang='lat' dir='ltr'><strong>Quas</strong></span> <span class='ocrx_word' id='word_1_330' title='bbox 1494 2538 1621 2577; x_wconf 90' lang='lat' dir='ltr'><strong>vero</strong></span> <span class='ocrx_word' id='word_1_331' title='bbox 1653 2523 1705 2575; x_wconf 92' lang='lat' dir='ltr'><strong>in</strong></span> <span class='ocrx_word' id='word_1_332' title='bbox 1741 2520 1911 2576; x_wconf 86' lang='lat' dir='ltr'><strong>Gene-</strong></span> 
     </span>
    </p>
   </div>
   <div class='ocr_carea' id='block_1_45' title="bbox 337 2613 1917 2693">
    <p class='ocr_par' dir='ltr' id='par_1_45' title="bbox 337 2613 1917 2693">
     <span class='ocr_line' id='line_1_45' title="bbox 337 2613 1917 2693; baseline -0.006 -17"><span class='ocrx_word' id='word_1_333' title='bbox 337 2624 439 2677; x_wconf 78' lang='lat' dir='ltr'><strong>sim</strong></span> <span class='ocrx_word' id='word_1_334' title='bbox 473 2622 710 2693; x_wconf 86' lang='lat' dir='ltr'><strong>scripsit,</strong></span> <span class='ocrx_word' id='word_1_335' title='bbox 735 2635 841 2688; x_wconf 87' lang='lat' dir='ltr'><strong>quo</strong></span> <span class='ocrx_word' id='word_1_336' title='bbox 864 2620 974 2674; x_wconf 90' lang='lat' dir='ltr'><strong>sint</strong></span> <span class='ocrx_word' id='word_1_337' title='bbox 1027 2627 1267 2686; x_wconf 89' lang='lat' dir='ltr'><strong>tempore</strong></span> <span class='ocrx_word' id='word_1_338' title='bbox 1320 2617 1535 2678; x_wconf 62' lang='lat' dir='ltr'><strong>habitae,</strong></span> <span class='ocrx_word' id='word_1_339' title='bbox 1623 2631 1728 2668; x_wconf 91' lang='lat' dir='ltr'><strong>non</strong></span> <span class='ocrx_word' id='word_1_340' title='bbox 1765 2613 1917 2683; x_wconf 91' lang='lat' dir='ltr'><strong>potui</strong></span> 
     </span>
    </p>
   </div>
   <div class='ocr_carea' id='block_1_46' title="bbox 341 2705 1919 2784">
    <p class='ocr_par' dir='ltr' id='par_1_46' title="bbox 341 2705 1919 2784">
     <span class='ocr_line' id='line_1_46' title="bbox 341 2705 1919 2784; baseline -0.006 -15"><span class='ocrx_word' id='word_1_341' title='bbox 341 2727 694 2784; x_wconf 80' lang='lat' dir='ltr'><strong>cognoscere.</strong></span> <span class='ocrx_word' id='word_1_342' title='bbox 741 2711 974 2765; x_wconf 87' lang='lat' dir='ltr'><strong>Tantum</strong></span> <span class='ocrx_word' id='word_1_343' title='bbox 1016 2709 1059 2764; x_wconf 89' lang='lat' dir='ltr'><strong>si</strong></span> <span class='ocrx_word' id='word_1_344' title='bbox 1091 2708 1211 2763; x_wconf 90' lang='lat' dir='ltr'><strong>illas</strong></span> <span class='ocrx_word' id='word_1_345' title='bbox 1244 2723 1273 2760; x_wconf 89' lang='lat' dir='ltr'><strong>a</strong></span> <span class='ocrx_word' id='word_1_346' title='bbox 1327 2723 1386 2761; x_wconf 89' lang='lat' dir='ltr'><strong>se</strong></span> <span class='ocrx_word' id='word_1_347' title='bbox 1427 2707 1639 2761; x_wconf 87' lang='lat' dir='ltr'><strong>habitas</strong></span> <span class='ocrx_word' id='word_1_348' title='bbox 1668 2705 1919 2760; x_wconf 88' lang='lat' dir='ltr'><strong>homilias</strong></span> 
     </span>
    </p>
   </div>
   <div class='ocr_carea' id='block_1_47' title="bbox 339 2797 1918 2867">
    <p class='ocr_par' dir='ltr' id='par_1_47' title="bbox 339 2797 1918 2867">
     <span class='ocr_line' id='line_1_47' title="bbox 339 2797 1918 2867; baseline -0.009 -5"><span class='ocrx_word' id='word_1_349' title='bbox 339 2817 591 2862; x_wconf 83' lang='lat' dir='ltr'><strong>sermone</strong></span> <span class='ocrx_word' id='word_1_350' title='bbox 625 2802 714 2856; x_wconf 90' lang='lat' dir='ltr'><strong>illo</strong></span> <span class='ocrx_word' id='word_1_351' title='bbox 755 2816 925 2855; x_wconf 78' lang='lat' dir='ltr'><strong>xxvm</strong></span> <span class='ocrx_word' id='word_1_352' title='bbox 959 2799 1230 2863; x_wconf 86' lang='lat' dir='ltr'><strong>meminit,</strong></span> <span class='ocrx_word' id='word_1_353' title='bbox 1272 2813 1408 2867; x_wconf 88' lang='lat' dir='ltr'><strong>quas</strong></span> <span class='ocrx_word' id='word_1_354' title='bbox 1439 2797 1598 2851; x_wconf 85' lang='lat' dir='ltr'><strong>tertio</strong></span> <span class='ocrx_word' id='word_1_355' title='bbox 1628 2797 1918 2865; x_wconf 84' lang='lat' dir='ltr'><strong>episcopa-</strong></span> 
     </span>
    </p>
   </div>
   <div class='ocr_carea' id='block_1_48' title="bbox 339 2889 1918 2962">
    <p class='ocr_par' dir='ltr' id='par_1_48' title="bbox 339 2889 1918 2962">
     <span class='ocr_line' id='line_1_48' title="bbox 339 2889 1918 2962; baseline -0.007 -10"><span class='ocrx_word' id='word_1_356' title='bbox 339 2907 429 2952; x_wconf 88' lang='lat' dir='ltr'><strong>tus</strong></span> <span class='ocrx_word' id='word_1_357' title='bbox 463 2911 606 2949; x_wconf 88' lang='lat' dir='ltr'><strong>anno</strong></span> <span class='ocrx_word' id='word_1_358' title='bbox 664 2893 1008 2962; x_wconf 87' lang='lat' dir='ltr'><strong>composuit:</strong></span> <span class='ocrx_word' id='word_1_359' title='bbox 1039 2906 1209 2960; x_wconf 89' lang='lat' dir='ltr'><strong>neque</strong></span> <span class='ocrx_word' id='word_1_360' title='bbox 1241 2891 1307 2944; x_wconf 89' lang='lat' dir='ltr'><strong>de</strong></span> <span class='ocrx_word' id='word_1_361' title='bbox 1345 2890 1465 2944; x_wconf 92' lang='lat' dir='ltr'><strong>aliis</strong></span> <span class='ocrx_word' id='word_1_362' title='bbox 1486 2905 1647 2959; x_wconf 85' lang='lat' dir='ltr'><strong>quam</strong></span> <span class='ocrx_word' id='word_1_363' title='bbox 1688 2889 1743 2942; x_wconf 92' lang='lat' dir='ltr'><strong>in</strong></span> <span class='ocrx_word' id='word_1_364' title='bbox 1784 2889 1918 2941; x_wconf 84' lang='lat' dir='ltr'><strong>Acta</strong></span> 
     </span>
    </p>
   </div>
   <div class='ocr_carea' id='block_1_49' title="bbox 339 2979 1922 3056">
    <p class='ocr_par' dir='ltr' id='par_1_49' title="bbox 339 2979 1922 3056">
     <span class='ocr_line' id='line_1_49' title="bbox 339 2979 1922 3056; baseline -0.004 -14"><span class='ocrx_word' id='word_1_365' title='bbox 339 2988 580 3056; x_wconf 85' lang='lat' dir='ltr'><strong>scriptis,</strong></span> <span class='ocrx_word' id='word_1_366' title='bbox 611 2985 686 3041; x_wconf 88' lang='lat' dir='ltr'><strong>ibi</strong></span> <span class='ocrx_word' id='word_1_367' title='bbox 744 2983 1075 3040; x_wconf 89' lang='lat' dir='ltr'><strong>mentionem</strong></span> <span class='ocrx_word' id='word_1_368' title='bbox 1123 2982 1253 3036; x_wconf 87' lang='lat' dir='ltr'><strong>l‘acit</strong></span> <span class='ocrx_word' id='word_1_369' title='bbox 1279 2981 1443 3052; x_wconf 88' lang='lat' dir='ltr'><strong>(quod</strong></span> <span class='ocrx_word' id='word_1_370' title='bbox 1503 2981 1751 3050; x_wconf 88' lang='lat' dir='ltr'><strong>equidem</strong></span> <span class='ocrx_word' id='word_1_371' title='bbox 1794 2979 1922 3035; x_wconf 88' lang='lat' dir='ltr'><strong>hac—</strong></span> 
     </span>
    </p>
   </div>
   <div class='ocr_carea' id='block_1_50' title="bbox 2009 1795 3604 1870">
    <p class='ocr_par' dir='ltr' id='par_1_50' title="bbox 2009 1795 3604 1870">
     <span class='ocr_line' id='line_1_50' title="bbox 2009 1795 3604 1870; baseline 0.004 -22"><span class='ocrx_word' id='word_1_372' title='bbox 2009 1795 2301 1866; x_wconf 85' lang='grc' dir='ltr'>ωμίλησεν.</span> <span class='ocrx_word' id='word_1_373' title='bbox 2327 1797 2394 1848; x_wconf 80' lang='grc' dir='ltr'><strong>Αἰ</strong></span> <span class='ocrx_word' id='word_1_374' title='bbox 2443 1797 2552 1867; x_wconf 73' lang='grc' dir='ltr'><strong>γάρ</strong></span> <span class='ocrx_word' id='word_1_375' title='bbox 2577 1798 2658 1860; x_wconf 86' lang='grc' dir='ltr'>εἰς</span> <span class='ocrx_word' id='word_1_376' title='bbox 2685 1800 2784 1861; x_wconf 88' lang='grc' dir='ltr'>τὰς</span> <span class='ocrx_word' id='word_1_377' title='bbox 2810 1798 3046 1868; x_wconf 83' lang='grc' dir='ltr'>Πράξεις</span> <span class='ocrx_word' id='word_1_378' title='bbox 3075 1799 3282 1868; x_wconf 77' lang='grc' dir='ltr'>ὁμιλίαι</span> <span class='ocrx_word' id='word_1_379' title='bbox 3308 1806 3380 1852; x_wconf 80' lang='grc' dir='ltr'>νε¹</span> <span class='ocrx_word' id='word_1_380' title='bbox 3415 1801 3464 1831; x_wconf 74' lang='grc'><strong>⁸⁸</strong></span> <span class='ocrx_word' id='word_1_381' title='bbox 3499 1801 3604 1870; x_wconf 83' lang='grc' dir='ltr'><strong>μέν</strong></span> 
     </span>
    </p>
   </div>
   <div class='ocr_carea' id='block_1_51' title="bbox 2013 1889 3602 1964">
    <p class='ocr_par' dir='ltr' id='par_1_51' title="bbox 2013 1889 3602 1964">
     <span class='ocr_line' id='line_1_51' title="bbox 2013 1889 3602 1964; baseline 0.004 -23"><span class='ocrx_word' id='word_1_382' title='bbox 2013 1889 2143 1953; x_wconf 86' lang='grc' dir='ltr'>εἰσι,</span> <span class='ocrx_word' id='word_1_383' title='bbox 2176 1889 2358 1959; x_wconf 81' lang='grc' dir='ltr'>σχεδὸν</span> <span class='ocrx_word' id='word_1_384' title='bbox 2382 1889 2438 1942; x_wconf 86' lang='grc' dir='ltr'>δὲ</span> <span class='ocrx_word' id='word_1_385' title='bbox 2463 1889 2530 1942; x_wconf 88' lang='grc' dir='ltr'>δι’</span> <span class='ocrx_word' id='word_1_386' title='bbox 2557 1890 2679 1942; x_wconf 81' lang='grc' dir='ltr'>ὅλου</span> <span class='ocrx_word' id='word_1_387' title='bbox 2727 1890 2877 1960; x_wconf 86' lang='grc' dir='ltr'>αὑτῷ</span> <span class='ocrx_word' id='word_1_388' title='bbox 2912 1890 3008 1943; x_wconf 81' lang='grc' dir='ltr'>τοῦ</span> <span class='ocrx_word' id='word_1_389' title='bbox 3053 1891 3304 1945; x_wconf 77' lang='grc' dir='ltr'>ἐνιαυτοῦ</span> <span class='ocrx_word' id='word_1_390' title='bbox 3351 1893 3602 1964; x_wconf 61' lang='grc' dir='ltr'>ἐρρήθη-</span> 
     </span>
    </p>
   </div>
   <div class='ocr_carea' id='block_1_52' title="bbox 2014 1981 3592 2056">
    <p class='ocr_par' dir='ltr' id='par_1_52' title="bbox 2014 1981 3592 2056">
     <span class='ocr_line' id='line_1_52' title="bbox 2014 1981 3592 2056; baseline 0.002 -23"><span class='ocrx_word' id='word_1_391' title='bbox 2014 1999 2112 2034; x_wconf 91' lang='grc' dir='ltr'><strong>σαν</strong></span> <span class='ocrx_word' id='word_1_392' title='bbox 2140 1997 2156 2012; x_wconf 78' lang='grc' dir='ltr'><strong><em>ο</em></strong></span> <span class='ocrx_word' id='word_1_393' title='bbox 2186 1983 2255 2034; x_wconf 81' lang='grc' dir='ltr'><strong>ού.</strong></span> <span class='ocrx_word' id='word_1_394' title='bbox 2281 1981 2389 2052; x_wconf 84' lang='grc' dir='ltr'>γὰρ</span> <span class='ocrx_word' id='word_1_395' title='bbox 2427 1982 2550 2035; x_wconf 84' lang='grc' dir='ltr'>καθ’</span> <span class='ocrx_word' id='word_1_396' title='bbox 2582 1983 2796 2053; x_wconf 82' lang='grc' dir='ltr'>ἡμέραν</span> <span class='ocrx_word' id='word_1_397' title='bbox 2820 1983 3045 2048; x_wconf 89' lang='grc' dir='ltr'>ταύτας,</span> <span class='ocrx_word' id='word_1_398' title='bbox 3075 1983 3214 2038; x_wconf 86' lang='grc' dir='ltr'><strong>ἀλλά</strong></span> <span class='ocrx_word' id='word_1_399' title='bbox 3250 1986 3343 2038; x_wconf 73' lang='grc' dir='ltr'><strong>καὶ</strong></span> <span class='ocrx_word' id='word_1_400' title='bbox 3374 1985 3516 2056; x_wconf 78' lang='grc' dir='ltr'>ὑπὲρ</span> <span class='ocrx_word' id='word_1_401' title='bbox 3549 1981 3592 2036; x_wconf 84' lang='grc' dir='ltr'>ε’</span> 
     </span>
    </p>
   </div>
   <div class='ocr_carea' id='block_1_53' title="bbox 2013 2073 3600 2146">
    <p class='ocr_par' dir='ltr' id='par_1_53' title="bbox 2013 2073 3600 2146">
     <span class='ocr_line' id='line_1_53' title="bbox 2013 2073 3600 2146; baseline 0.001 -20"><span class='ocrx_word' id='word_1_402' title='bbox 2013 2073 2109 2126; x_wconf 74' lang='grc' dir='ltr'><strong>καὶ</strong></span> <span class='ocrx_word' id='word_1_403' title='bbox 2138 2073 2278 2142; x_wconf 77' lang='grc' dir='ltr'>ὑπὲρ</span> <span class='ocrx_word' id='word_1_404' title='bbox 2303 2073 2345 2136; x_wconf 77' lang='grc' dir='ltr'><strong>ζ’</strong></span> <span class='ocrx_word' id='word_1_405' title='bbox 2393 2073 2518 2144; x_wconf 83' lang='grc'><strong>[588</strong></span> <span class='ocrx_word' id='word_1_406' title='bbox 2556 2073 2648 2146; x_wconf 85' lang='lat' dir='ltr'><strong>R.]</strong></span> <span class='ocrx_word' id='word_1_407' title='bbox 2681 2075 2774 2128; x_wconf 76' lang='grc' dir='ltr'><strong>καὶ</strong></span> <span class='ocrx_word' id='word_1_408' title='bbox 2801 2075 2972 2129; x_wconf 81' lang='grc' dir='ltr'>πλείω</span> <span class='ocrx_word' id='word_1_409' title='bbox 3011 2077 3336 2146; x_wconf 83' lang='grc' dir='ltr'>καθωμίλει.</span> <span class='ocrx_word' id='word_1_410' title='bbox 3369 2079 3472 2138; x_wconf 71' lang='lat' dir='ltr'><strong>“Ac;</strong></span> <span class='ocrx_word' id='word_1_411' title='bbox 3500 2076 3600 2145; x_wconf 80' lang='grc' dir='ltr'><strong>δῆ-</strong></span> 
     </span>
    </p>
   </div>
   <div class='ocr_carea' id='block_1_54' title="bbox 2014 2163 3599 2237">
    <p class='ocr_par' dir='ltr' id='par_1_54' title="bbox 2014 2163 3599 2237">
     <span class='ocr_line' id='line_1_54' title="bbox 2014 2163 3599 2237; baseline 0.002 -22"><span class='ocrx_word' id='word_1_412' title='bbox 2014 2163 2103 2216; x_wconf 85' lang='grc' dir='ltr'><strong>λον</strong></span> <span class='ocrx_word' id='word_1_413' title='bbox 2158 2163 2317 2228; x_wconf 76' lang='grc' dir='ltr'>αὐτὸς</span> <span class='ocrx_word' id='word_1_414' title='bbox 2371 2167 2510 2216; x_wconf 86' lang='grc' dir='ltr'>ποιεῖ</span> <span class='ocrx_word' id='word_1_415' title='bbox 2565 2165 2646 2216; x_wconf 83' lang='grc' dir='ltr'><strong>ὅτι</strong></span> <span class='ocrx_word' id='word_1_416' title='bbox 2699 2167 3108 2237; x_wconf 84' lang='grc' dir='ltr'>ἀρχιερατεύων</span> <span class='ocrx_word' id='word_1_417' title='bbox 3153 2168 3293 2221; x_wconf 83' lang='grc' dir='ltr'><strong>κατά</strong></span> <span class='ocrx_word' id='word_1_418' title='bbox 3328 2167 3388 2220; x_wconf 82' lang='grc' dir='ltr'><strong>τὸ</strong></span> <span class='ocrx_word' id='word_1_419' title='bbox 3409 2169 3599 2237; x_wconf 86' lang='grc' dir='ltr'>τρίτον</span> 
     </span>
    </p>
   </div>
   <div class='ocr_carea' id='block_1_55' title="bbox 2015 2251 3600 2327">
    <p class='ocr_par' dir='ltr' id='par_1_55' title="bbox 2015 2251 3600 2327">
     <span class='ocr_line' id='line_1_55' title="bbox 2015 2251 3600 2327; baseline 0.006 -25"><span class='ocrx_word' id='word_1_420' title='bbox 2015 2253 2133 2314; x_wconf 81' lang='grc' dir='ltr'>ἔτος</span> <span class='ocrx_word' id='word_1_421' title='bbox 2159 2251 2423 2322; x_wconf 83' lang='grc' dir='ltr'>ὡμίλησε.</span> <span class='ocrx_word' id='word_1_422' title='bbox 2457 2253 2569 2316; x_wconf 86' lang='grc' dir='ltr'>Τὰς</span> <span class='ocrx_word' id='word_1_423' title='bbox 2603 2253 2724 2324; x_wconf 68' lang='grc'><strong>[201</strong></span> <span class='ocrx_word' id='word_1_424' title='bbox 2760 2254 2849 2326; x_wconf 83' lang='grc' dir='ltr'><strong>Η.]</strong></span> <span class='ocrx_word' id='word_1_425' title='bbox 2875 2255 2921 2308; x_wconf 93' lang='grc' dir='ltr'>δ’</span> <span class='ocrx_word' id='word_1_426' title='bbox 2949 2258 3030 2320; x_wconf 83' lang='grc' dir='ltr'><strong>είς</strong></span> <span class='ocrx_word' id='word_1_427' title='bbox 3079 2255 3175 2327; x_wconf 77' lang='grc' dir='ltr'>τὴν</span> <span class='ocrx_word' id='word_1_428' title='bbox 3219 2257 3444 2311; x_wconf 87' lang='grc' dir='ltr'>Γένεσιν</span> <span class='ocrx_word' id='word_1_429' title='bbox 3494 2259 3600 2311; x_wconf 82' lang='grc' dir='ltr'><strong>οὐκ</strong></span> 
     </span>
    </p>
   </div>
   <div class='ocr_carea' id='block_1_56' title="bbox 2017 2341 3600 2418">
    <p class='ocr_par' dir='ltr' id='par_1_56' title="bbox 2017 2341 3600 2418">
     <span class='ocr_line' id='line_1_56' title="bbox 2017 2341 3600 2418; baseline 0.005 -25"><span class='ocrx_word' id='word_1_430' title='bbox 2017 2341 2245 2412; x_wconf 77' lang='grc' dir='ltr'>ἔσχομεν</span> <span class='ocrx_word' id='word_1_431' title='bbox 2271 2343 2472 2411; x_wconf 85' lang='grc' dir='ltr'>γνῶναι</span> <span class='ocrx_word' id='word_1_432' title='bbox 2502 2345 2663 2396; x_wconf 76' lang='grc' dir='ltr'>ὁπότε</span> <span class='ocrx_word' id='word_1_433' title='bbox 2690 2346 2973 2415; x_wconf 80' lang='grc' dir='ltr'>ὁμιλήσειε</span> <span class='ocrx_word' id='word_1_434' title='bbox 3003 2349 3078 2379; x_wconf 74' lang='grc'><strong>⁸⁸·</strong></span> <span class='ocrx_word' id='word_1_435' title='bbox 3114 2347 3254 2418; x_wconf 80' lang='grc' dir='ltr'>πλὴν</span> <span class='ocrx_word' id='word_1_436' title='bbox 3284 2349 3330 2400; x_wconf 86' lang='grc' dir='ltr'><strong>εί</strong></span> <span class='ocrx_word' id='word_1_437' title='bbox 3367 2347 3600 2400; x_wconf 76' lang='grc' dir='ltr'>ἐκείνων</span> 
     </span>
    </p>
   </div>
   <div class='ocr_carea' id='block_1_57' title="bbox 2021 2436 3600 2511">
    <p class='ocr_par' dir='ltr' id='par_1_57' title="bbox 2021 2436 3600 2511">
     <span class='ocr_line' id='line_1_57' title="bbox 2021 2436 3600 2511; baseline 0.003 -23"><span class='ocrx_word' id='word_1_438' title='bbox 2021 2437 2290 2507; x_wconf 83' lang='grc' dir='ltr'>μέμνηται</span> <span class='ocrx_word' id='word_1_439' title='bbox 2312 2436 2420 2489; x_wconf 79' lang='grc' dir='ltr'><strong>τῶν</strong></span> <span class='ocrx_word' id='word_1_440' title='bbox 2461 2437 2685 2506; x_wconf 85' lang='grc' dir='ltr'>ὁμιλιῶν</span> <span class='ocrx_word' id='word_1_441' title='bbox 2725 2440 2782 2490; x_wconf 83' lang='grc' dir='ltr'><strong>ἐν</strong></span> <span class='ocrx_word' id='word_1_442' title='bbox 2812 2440 2891 2509; x_wconf 84' lang='grc' dir='ltr'><strong>τῷ</strong></span> <span class='ocrx_word' id='word_1_443' title='bbox 2925 2447 3010 2509; x_wconf 86' lang='grc' dir='ltr'>κη’</span> <span class='ocrx_word' id='word_1_444' title='bbox 3032 2440 3173 2511; x_wconf 82' lang='grc' dir='ltr'>λόγῳ</span> <span class='ocrx_word' id='word_1_445' title='bbox 3201 2443 3482 2511; x_wconf 80' lang='grc' dir='ltr'>ὁμιλῆσαι,</span> <span class='ocrx_word' id='word_1_446' title='bbox 3501 2439 3600 2501; x_wconf 72' lang='lat' dir='ltr'><strong>.a;</strong></span> 
     </span>
    </p>
   </div>
   <div class='ocr_carea' id='block_1_58' title="bbox 2016 2527 3602 2601">
    <p class='ocr_par' dir='ltr' id='par_1_58' title="bbox 2016 2527 3602 2601">
     <span class='ocr_line' id='line_1_58' title="bbox 2016 2527 3602 2601; baseline 0.001 -20"><span class='ocrx_word' id='word_1_447' title='bbox 2016 2529 2104 2582; x_wconf 87' lang='grc' dir='ltr'>διὰ</span> <span class='ocrx_word' id='word_1_448' title='bbox 2129 2529 2223 2582; x_wconf 77' lang='grc' dir='ltr'>τοῦ</span> <span class='ocrx_word' id='word_1_449' title='bbox 2249 2529 2431 2598; x_wconf 84' lang='grc' dir='ltr'>τρίτου</span> <span class='ocrx_word' id='word_1_450' title='bbox 2464 2527 2619 2589; x_wconf 74' lang='grc' dir='ltr'>ἔτους</span> <span class='ocrx_word' id='word_1_451' title='bbox 2648 2530 2746 2600; x_wconf 81' lang='grc' dir='ltr'>τῆς</span> <span class='ocrx_word' id='word_1_452' title='bbox 2773 2532 3178 2601; x_wconf 84' lang='grc' dir='ltr'>ἀρχιερωσύνης</span> <span class='ocrx_word' id='word_1_453' title='bbox 3221 2533 3384 2586; x_wconf 73' lang='grc' dir='ltr'>αὑτοῦ</span> <span class='ocrx_word' id='word_1_454' title='bbox 3421 2531 3602 2600; x_wconf 80' lang='grc' dir='ltr'>ἐξειρ-</span> 
     </span>
    </p>
   </div>
   <div class='ocr_carea' id='block_1_59' title="bbox 2017 2615 3605 2691">
    <p class='ocr_par' dir='ltr' id='par_1_59' title="bbox 2017 2615 3605 2691">
     <span class='ocr_line' id='line_1_59' title="bbox 2017 2615 3605 2691; baseline 0.003 -24"><span class='ocrx_word' id='word_1_455' title='bbox 2017 2616 2244 2683; x_wconf 83' lang='grc' dir='ltr'>γάσατο,</span> <span class='ocrx_word' id='word_1_456' title='bbox 2279 2615 2416 2668; x_wconf 87' lang='grc' dir='ltr'><strong>ἀλλά</strong></span> <span class='ocrx_word' id='word_1_457' title='bbox 2448 2617 2521 2686; x_wconf 82' lang='grc' dir='ltr'><strong>μὴ</strong></span> <span class='ocrx_word' id='word_1_458' title='bbox 2565 2615 2768 2686; x_wconf 79' lang='grc' dir='ltr'>ἑτέρων</span> <span class='ocrx_word' id='word_1_459' title='bbox 2808 2619 2970 2671; x_wconf 84' lang='grc' dir='ltr'>τινῶν</span> <span class='ocrx_word' id='word_1_460' title='bbox 3008 2621 3158 2691; x_wconf 76' lang='grc' dir='ltr'>παρὰ</span> <span class='ocrx_word' id='word_1_461' title='bbox 3181 2623 3223 2652; x_wconf 75' lang='grc'><strong>⁸⁷</strong></span> <span class='ocrx_word' id='word_1_462' title='bbox 3245 2621 3452 2684; x_wconf 84' lang='grc' dir='ltr'>ταύτας</span> <span class='ocrx_word' id='word_1_463' title='bbox 3489 2619 3605 2689; x_wconf 75' lang='grc' dir='ltr'><strong>(οὖ-</strong></span> 
     </span>
    </p>
   </div>
   <div class='ocr_carea' id='block_1_60' title="bbox 2019 2707 3604 2783">
    <p class='ocr_par' dir='ltr' id='par_1_60' title="bbox 2019 2707 3604 2783">
     <span class='ocr_line' id='line_1_60' title="bbox 2019 2707 3604 2783; baseline 0.004 -24"><span class='ocrx_word' id='word_1_464' title='bbox 2019 2725 2106 2759; x_wconf 81' lang='grc' dir='ltr'><strong>πω</strong></span> <span class='ocrx_word' id='word_1_465' title='bbox 2145 2708 2253 2776; x_wconf 81' lang='grc' dir='ltr'><strong>γὰρ</strong></span> <span class='ocrx_word' id='word_1_466' title='bbox 2279 2707 2433 2760; x_wconf 85' lang='grc' dir='ltr'>τοῦτο</span> <span class='ocrx_word' id='word_1_467' title='bbox 2473 2707 2687 2779; x_wconf 79' lang='grc' dir='ltr'>ἔγνων),</span> <span class='ocrx_word' id='word_1_468' title='bbox 2717 2708 2873 2777; x_wconf 85' lang='grc' dir='ltr'>δῆλον</span> <span class='ocrx_word' id='word_1_469' title='bbox 2895 2711 2976 2763; x_wconf 81' lang='grc' dir='ltr'>ὅτι</span> <span class='ocrx_word' id='word_1_470' title='bbox 3002 2715 3092 2764; x_wconf 64' lang='grc' dir='ltr'><strong>καὶ</strong></span> <span class='ocrx_word' id='word_1_471' title='bbox 3115 2712 3316 2774; x_wconf 89' lang='grc' dir='ltr'>ταύτας</span> <span class='ocrx_word' id='word_1_472' title='bbox 3343 2715 3604 2783; x_wconf 77' lang='grc' dir='ltr'>ἀρχιεραο</span> 
     </span>
    </p>
   </div>
   <div class='ocr_carea' id='block_1_61' title="bbox 2019 2797 3600 2875">
    <p class='ocr_par' dir='ltr' id='par_1_61' title="bbox 2019 2797 3600 2875">
     <span class='ocr_line' id='line_1_61' title="bbox 2019 2797 3600 2875; baseline 0.004 -26"><span class='ocrx_word' id='word_1_473' title='bbox 2019 2797 2191 2850; x_wconf 89' lang='grc' dir='ltr'>τεύων</span> <span class='ocrx_word' id='word_1_474' title='bbox 2243 2798 2642 2861; x_wconf 76' lang='grc' dir='ltr'>κατεσκεύασε,</span> <span class='ocrx_word' id='word_1_475' title='bbox 2693 2799 2792 2861; x_wconf 79' lang='grc' dir='ltr'><strong>τάς</strong></span> <span class='ocrx_word' id='word_1_476' title='bbox 2827 2801 2924 2870; x_wconf 83' lang='grc' dir='ltr'><strong>μὲν</strong></span> <span class='ocrx_word' id='word_1_477' title='bbox 2969 2800 3052 2866; x_wconf 77' lang='grc' dir='ltr'><strong>κζ’</strong></span> <span class='ocrx_word' id='word_1_478' title='bbox 3093 2806 3161 2873; x_wconf 83' lang='grc' dir='ltr'>τῇ</span> <span class='ocrx_word' id='word_1_479' title='bbox 3184 2807 3600 2875; x_wconf 81' lang='grc' dir='ltr'>τεσσαρακοστῇ</span> 
     </span>
    </p>
   </div>
   <div class='ocr_carea' id='block_1_62' title="bbox 2019 2889 3607 2968">
    <p class='ocr_par' dir='ltr' id='par_1_62' title="bbox 2019 2889 3607 2968">
     <span class='ocr_line' id='line_1_62' title="bbox 2019 2889 3607 2968; baseline 0.004 -28"><span class='ocrx_word' id='word_1_480' title='bbox 2019 2889 2114 2941; x_wconf 82' lang='grc' dir='ltr'>τοῦ</span> <span class='ocrx_word' id='word_1_481' title='bbox 2142 2889 2393 2960; x_wconf 80' lang='grc' dir='ltr'>δευτέρου</span> <span class='ocrx_word' id='word_1_482' title='bbox 2421 2891 2594 2956; x_wconf 78' lang='grc' dir='ltr'>ἔτους,</span> <span class='ocrx_word' id='word_1_483' title='bbox 2629 2891 2729 2956; x_wconf 79' lang='grc' dir='ltr'><strong>τὰς</strong></span> <span class='ocrx_word' id='word_1_484' title='bbox 2764 2892 2821 2945; x_wconf 84' lang='grc' dir='ltr'><strong>δὲ</strong></span> <span class='ocrx_word' id='word_1_485' title='bbox 2851 2892 3044 2958; x_wconf 77' lang='grc' dir='ltr'>λοιπὰς</span> <span class='ocrx_word' id='word_1_486' title='bbox 3069 2894 3142 2948; x_wconf 83' lang='grc' dir='ltr'>λδ¹</span> <span class='ocrx_word' id='word_1_487' title='bbox 3171 2899 3229 2950; x_wconf 82' lang='grc' dir='ltr'><strong>ὲν</strong></span> <span class='ocrx_word' id='word_1_488' title='bbox 3252 2895 3327 2966; x_wconf 83' lang='grc' dir='ltr'>τῷ</span> <span class='ocrx_word' id='word_1_489' title='bbox 3355 2897 3607 2968; x_wconf 76' lang='grc' dir='ltr'>τετάρτῳ</span> 
     </span>
    </p>
   </div>
   <div class='ocr_carea' id='block_1_63' title="bbox 2023 2980 2154 3034">
    <p class='ocr_par' dir='ltr' id='par_1_63' title="bbox 2023 2980 2154 3034">
     <span class='ocr_line' id='line_1_63' title="bbox 2023 2980 2154 3034; baseline 0.008 -1"><span class='ocrx_word' id='word_1_490' title='bbox 2023 2980 2154 3034; x_wconf 74' lang='grc' dir='ltr'>ἔτει.</span> 
     </span>
    </p>
   </div>
   <div class='ocr_carea' id='block_1_64' title="bbox 343 3069 3609 3151">
    <p class='ocr_par' dir='ltr' id='par_1_64' title="bbox 343 3069 3609 3151">
     <span class='ocr_line' id='line_1_64' title="bbox 343 3069 3609 3151; baseline 0 -15"><span class='ocrx_word' id='word_1_491' title='bbox 343 3093 502 3151; x_wconf 73' lang='lat' dir='ltr'><strong>tenus</strong></span> <span class='ocrx_word' id='word_1_492' title='bbox 536 3094 641 3135; x_wconf 92' lang='lat' dir='ltr'><strong>non</strong></span> <span class='ocrx_word' id='word_1_493' title='bbox 673 3077 819 3148; x_wconf 90' lang='lat' dir='ltr'><strong>potui</strong></span> <span class='ocrx_word' id='word_1_494' title='bbox 855 3071 1309 3144; x_wconf 84' lang='lat' dir='ltr'><strong>deprehendere),</strong></span> <span class='ocrx_word' id='word_1_495' title='bbox 1334 3069 1529 3140; x_wconf 80' lang='lat' dir='ltr'><strong>praesul</strong></span> <span class='ocrx_word' id='word_1_496' title='bbox 1558 3070 1812 3124; x_wconf 90' lang='lat' dir='ltr'><strong>nimirum</strong></span> <span class='ocrx_word' id='word_1_497' title='bbox 1843 3084 1965 3124; x_wconf 91' lang='lat' dir='ltr'><strong>cum</strong></span> <span class='ocrx_word' id='word_1_498' title='bbox 1994 3080 2158 3135; x_wconf 88' lang='lat' dir='ltr'><strong>esset,</strong></span> <span class='ocrx_word' id='word_1_499' title='bbox 2185 3071 2346 3124; x_wconf 87' lang='lat' dir='ltr'><strong>etiam</strong></span> <span class='ocrx_word' id='word_1_500' title='bbox 2368 3073 2465 3127; x_wconf 88' lang='lat' dir='ltr'><strong>has</strong></span> <span class='ocrx_word' id='word_1_501' title='bbox 2499 3075 2870 3141; x_wconf 84' lang='lat' dir='ltr'><strong>contexuerit;</strong></span> <span class='ocrx_word' id='word_1_502' title='bbox 2903 3077 3090 3147; x_wconf 81' lang='lat' dir='ltr'><strong>viginti</strong></span> <span class='ocrx_word' id='word_1_503' title='bbox 3140 3079 3357 3148; x_wconf 88' lang='lat' dir='ltr'><strong>quidem</strong></span> <span class='ocrx_word' id='word_1_504' title='bbox 3399 3090 3456 3135; x_wconf 90' lang='lat' dir='ltr'><strong>et</strong></span> <span class='ocrx_word' id='word_1_505' title='bbox 3514 3098 3609 3137; x_wconf 78' lang='lat' dir='ltr'><strong>se-</strong></span> 
     </span>
    </p>
   </div>
   <div class='ocr_carea' id='block_1_65' title="bbox 340 3164 2884 3253">
    <p class='ocr_par' dir='ltr' id='par_1_65' title="bbox 340 3164 2884 3253">
     <span class='ocr_line' id='line_1_65' title="bbox 340 3164 2884 3253; baseline -0.005 -17"><span class='ocrx_word' id='word_1_506' title='bbox 340 3191 486 3253; x_wconf 84' lang='lat' dir='ltr'><strong>ptem</strong></span> <span class='ocrx_word' id='word_1_507' title='bbox 541 3175 762 3242; x_wconf 80' lang='lat' dir='ltr'><strong>secundi</strong></span> <span class='ocrx_word' id='word_1_508' title='bbox 807 3173 936 3228; x_wconf 89' lang='lat' dir='ltr'><strong>anni</strong></span> <span class='ocrx_word' id='word_1_509' title='bbox 997 3170 1437 3240; x_wconf 80' lang='lat' dir='ltr'><strong>Quadragesima,</strong></span> <span class='ocrx_word' id='word_1_510' title='bbox 1464 3176 1688 3222; x_wconf 72' lang='lat' dir='ltr'><strong>caeteras</strong></span> <span class='ocrx_word' id='word_1_511' title='bbox 1763 3164 1886 3220; x_wconf 86' lang='lat' dir='ltr'><strong>dein</strong></span> <span class='ocrx_word' id='word_1_512' title='bbox 1944 3166 2164 3236; x_wconf 84' lang='lat' dir='ltr'><strong>triginta</strong></span> <span class='ocrx_word' id='word_1_513' title='bbox 2195 3175 2452 3234; x_wconf 87' lang='lat' dir='ltr'><strong>quatuor,</strong></span> <span class='ocrx_word' id='word_1_514' title='bbox 2492 3182 2634 3221; x_wconf 90' lang='lat' dir='ltr'><strong>anno</strong></span> <span class='ocrx_word' id='word_1_515' title='bbox 2664 3178 2884 3236; x_wconf 84' lang='lat' dir='ltr'><strong>quarto.</strong></span> 
     </span>
    </p>
   </div>
   <div class='ocr_carea' id='block_1_66' title="bbox 354 3259 1989 3335">
    <p class='ocr_par' dir='ltr' id='par_1_66' title="bbox 354 3259 1989 3335">
     <span class='ocr_line' id='line_1_66' title="bbox 354 3259 1989 3335; baseline -0.011 -6"><span class='ocrx_word' id='word_1_516' title='bbox 354 3265 360 3272; x_wconf 72' lang='grc'><strong>’</strong></span> <span class='ocrx_word' id='word_1_517' title='bbox 413 3273 590 3330; x_wconf 90' lang='lat' dir='ltr'><strong>Dictio</strong></span> <span class='ocrx_word' id='word_1_518' title='bbox 619 3271 710 3327; x_wconf 91' lang='lat' dir='ltr'><strong>hic</strong></span> <span class='ocrx_word' id='word_1_519' title='bbox 740 3269 885 3335; x_wconf 89' lang='lat' dir='ltr'><strong>illius</strong></span> <span class='ocrx_word' id='word_1_520' title='bbox 911 3269 977 3323; x_wconf 89' lang='lat' dir='ltr'><strong>de</strong></span> <span class='ocrx_word' id='word_1_521' title='bbox 1000 3280 1153 3321; x_wconf 89' lang='lat' dir='ltr'><strong>more</strong></span> <span class='ocrx_word' id='word_1_522' title='bbox 1187 3264 1474 3335; x_wconf 88' lang='lat' dir='ltr'><strong>perspicua</strong></span> <span class='ocrx_word' id='word_1_523' title='bbox 1493 3270 1547 3316; x_wconf 89' lang='lat' dir='ltr'><strong>et</strong></span> <span class='ocrx_word' id='word_1_524' title='bbox 1567 3275 1720 3331; x_wconf 89' lang='lat' dir='ltr'><strong>pura,</strong></span> <span class='ocrx_word' id='word_1_525' title='bbox 1740 3259 1921 3330; x_wconf 89' lang='lat' dir='ltr'><strong>splen-</strong></span> <span class='ocrx_word' id='word_1_526' title='bbox 1943 3270 1989 3333; x_wconf 71' lang='grc' dir='ltr'><strong>ρ</strong></span> 
     </span>
    </p>
   </div>
   <div class='ocr_carea' id='block_1_67' title="bbox 341 3351 1918 3434">
    <p class='ocr_par' dir='ltr' id='par_1_67' title="bbox 341 3351 1918 3434">
     <span class='ocr_line' id='line_1_67' title="bbox 341 3351 1918 3434; baseline -0.011 -12"><span class='ocrx_word' id='word_1_527' title='bbox 341 3369 465 3432; x_wconf 81' lang='lat' dir='ltr'><strong>dida</strong></span> <span class='ocrx_word' id='word_1_528' title='bbox 518 3367 742 3434; x_wconf 81' lang='lat' dir='ltr'><strong>insuper</strong></span> <span class='ocrx_word' id='word_1_529' title='bbox 785 3377 848 3416; x_wconf 90' lang='lat' dir='ltr'><strong>ac</strong></span> <span class='ocrx_word' id='word_1_530' title='bbox 888 3360 1060 3414; x_wconf 85' lang='lat' dir='ltr'><strong>ﬂuens</strong></span> <span class='ocrx_word' id='word_1_531' title='bbox 1121 3365 1389 3427; x_wconf 83' lang='lat' dir='ltr'><strong>apparet,</strong></span> <span class='ocrx_word' id='word_1_532' title='bbox 1419 3353 1644 3409; x_wconf 87' lang='lat' dir='ltr'><strong>multam</strong></span> <span class='ocrx_word' id='word_1_533' title='bbox 1699 3351 1918 3406; x_wconf 88' lang='lat' dir='ltr'><strong>interim</strong></span> 
     </span>
    </p>
   </div>
   <div class='ocr_carea' id='block_1_68' title="bbox 344 3443 1918 3516">
    <p class='ocr_par' dir='ltr' id='par_1_68' title="bbox 344 3443 1918 3516">
     <span class='ocr_line' id='line_1_68' title="bbox 344 3443 1918 3516; baseline -0.013 -1"><span class='ocrx_word' id='word_1_534' title='bbox 344 3475 468 3516; x_wconf 89' lang='lat' dir='ltr'><strong>cum</strong></span> <span class='ocrx_word' id='word_1_535' title='bbox 525 3470 780 3513; x_wconf 87' lang='lat' dir='ltr'><strong>sensuum</strong></span> <span class='ocrx_word' id='word_1_536' title='bbox 851 3453 1172 3507; x_wconf 87' lang='lat' dir='ltr'><strong>varietatem</strong></span> <span class='ocrx_word' id='word_1_537' title='bbox 1213 3489 1228 3515; x_wconf 93' lang='lat'><strong>,</strong></span> <span class='ocrx_word' id='word_1_538' title='bbox 1300 3459 1410 3502; x_wconf 93' lang='lat' dir='ltr'><strong>tum</strong></span> <span class='ocrx_word' id='word_1_539' title='bbox 1489 3443 1918 3516; x_wconf 80' lang='lat' dir='ltr'><strong>gratissimorum</strong></span> 
     </span>
    </p>
   </div>
   <div class='ocr_carea' id='block_1_69' title="bbox 344 3531 1922 3616">
    <p class='ocr_par' dir='ltr' id='par_1_69' title="bbox 344 3531 1922 3616">
     <span class='ocr_line' id='line_1_69' title="bbox 344 3531 1922 3616; baseline -0.011 -12"><span class='ocrx_word' id='word_1_540' title='bbox 344 3548 713 3616; x_wconf 79' lang='lat' dir='ltr'><strong>exemplorum</strong></span> <span class='ocrx_word' id='word_1_541' title='bbox 737 3544 952 3613; x_wconf 90' lang='lat' dir='ltr'><strong>copiam</strong></span> <span class='ocrx_word' id='word_1_542' title='bbox 984 3541 1268 3596; x_wconf 80' lang='lat' dir='ltr'><strong>exhibens.</strong></span> <span class='ocrx_word' id='word_1_543' title='bbox 1300 3538 1356 3592; x_wconf 92' lang='lat' dir='ltr'><strong>ln</strong></span> <span class='ocrx_word' id='word_1_544' title='bbox 1388 3535 1592 3591; x_wconf 89' lang='lat' dir='ltr'><strong>humile</strong></span> <span class='ocrx_word' id='word_1_545' title='bbox 1618 3544 1797 3588; x_wconf 87' lang='lat' dir='ltr'><strong>tamen</strong></span> <span class='ocrx_word' id='word_1_546' title='bbox 1831 3531 1922 3587; x_wconf 89' lang='lat' dir='ltr'><strong>hic</strong></span> 
     </span>
    </p>
   </div>
   <div class='ocr_carea' id='block_1_70' title="bbox 347 3624 1920 3708">
    <p class='ocr_par' dir='ltr' id='par_1_70' title="bbox 347 3624 1920 3708">
     <span class='ocr_line' id='line_1_70' title="bbox 347 3624 1920 3708; baseline -0.01 -16"><span class='ocrx_word' id='word_1_547' title='bbox 347 3638 559 3700; x_wconf 83' lang='lat' dir='ltr'><strong>dicendi</strong></span> <span class='ocrx_word' id='word_1_548' title='bbox 591 3651 759 3708; x_wconf 75' lang='lat' dir='ltr'><strong>genus</strong></span> <span class='ocrx_word' id='word_1_549' title='bbox 789 3634 955 3689; x_wconf 89' lang='lat' dir='ltr'><strong>dictio</strong></span> <span class='ocrx_word' id='word_1_550' title='bbox 987 3631 1216 3700; x_wconf 89' lang='lat' dir='ltr'><strong>pronior</strong></span> <span class='ocrx_word' id='word_1_551' title='bbox 1266 3637 1418 3684; x_wconf 90' lang='lat' dir='ltr'><strong>tanto</strong></span> <span class='ocrx_word' id='word_1_552' title='bbox 1469 3636 1552 3683; x_wconf 91' lang='lat' dir='ltr'><strong>est</strong></span> <span class='ocrx_word' id='word_1_553' title='bbox 1585 3641 1670 3690; x_wconf 90' lang='lat' dir='ltr'><strong>ea,</strong></span> <span class='ocrx_word' id='word_1_554' title='bbox 1707 3639 1815 3696; x_wconf 88' lang='lat' dir='ltr'><strong>qua</strong></span> <span class='ocrx_word' id='word_1_555' title='bbox 1865 3624 1920 3678; x_wconf 90' lang='lat' dir='ltr'><strong>in</strong></span> 
     </span>
    </p>
   </div>
   <div class='ocr_carea' id='block_1_71' title="bbox 346 3718 1918 3803">
    <p class='ocr_par' dir='ltr' id='par_1_71' title="bbox 346 3718 1918 3803">
     <span class='ocr_line' id='line_1_71' title="bbox 346 3718 1918 3803; baseline -0.01 -18"><span class='ocrx_word' id='word_1_556' title='bbox 346 3729 582 3803; x_wconf 86' lang='lat' dir='ltr'><strong>homiliis</strong></span> <span class='ocrx_word' id='word_1_557' title='bbox 639 3728 693 3782; x_wconf 93' lang='lat' dir='ltr'><strong>in</strong></span> <span class='ocrx_word' id='word_1_558' title='bbox 750 3727 883 3780; x_wconf 86' lang='lat' dir='ltr'><strong>Acta</strong></span> <span class='ocrx_word' id='word_1_559' title='bbox 942 3723 1306 3797; x_wconf 89' lang='lat' dir='ltr'><strong>apostolorum</strong></span> <span class='ocrx_word' id='word_1_560' title='bbox 1367 3721 1579 3785; x_wconf 84' lang='lat' dir='ltr'><strong>utitur,</strong></span> <span class='ocrx_word' id='word_1_561' title='bbox 1645 3718 1918 3782; x_wconf 78' lang='lat' dir='ltr'><strong>inferior,</strong></span> 
     </span>
    </p>
   </div>
   <div class='ocr_carea' id='block_1_72' title="bbox 345 3808 1921 3893">
    <p class='ocr_par' dir='ltr' id='par_1_72' title="bbox 345 3808 1921 3893">
     <span class='ocr_line' id='line_1_72' title="bbox 345 3808 1921 3893; baseline -0.009 -18"><span class='ocrx_word' id='word_1_562' title='bbox 345 3832 548 3893; x_wconf 88' lang='lat' dir='ltr'><strong>quanto</strong></span> <span class='ocrx_word' id='word_1_563' title='bbox 561 3820 678 3874; x_wconf 69' lang='lat' dir='ltr'><strong>haec</strong></span> <span class='ocrx_word' id='word_1_564' title='bbox 696 3836 723 3871; x_wconf 85' lang='lat' dir='ltr'><strong>a</strong></span> <span class='ocrx_word' id='word_1_565' title='bbox 741 3815 1164 3871; x_wconf 90' lang='lat' dir='ltr'><strong>Commentariis</strong></span> <span class='ocrx_word' id='word_1_566' title='bbox 1193 3813 1246 3866; x_wconf 91' lang='lat' dir='ltr'><strong>in</strong></span> <span class='ocrx_word' id='word_1_567' title='bbox 1263 3811 1577 3882; x_wconf 90' lang='lat' dir='ltr'><strong>Apostolum</strong></span> <span class='ocrx_word' id='word_1_568' title='bbox 1595 3825 1659 3866; x_wconf 88' lang='lat' dir='ltr'><strong>ac</strong></span> <span class='ocrx_word' id='word_1_569' title='bbox 1682 3808 1921 3865; x_wconf 85' lang='lat' dir='ltr'><strong>Psalmos</strong></span> 
     </span>
    </p>
   </div>
   <div class='ocr_carea' id='block_1_73' title="bbox 349 3900 1922 3982">
    <p class='ocr_par' dir='ltr' id='par_1_73' title="bbox 349 3900 1922 3982">
     <span class='ocr_line' id='line_1_73' title="bbox 349 3900 1922 3982; baseline -0.006 -18"><span class='ocrx_word' id='word_1_570' title='bbox 349 3920 655 3982; x_wconf 84' lang='lat' dir='ltr'><strong>superatur.</strong></span> <span class='ocrx_word' id='word_1_571' title='bbox 687 3909 821 3964; x_wconf 83' lang='lat' dir='ltr'><strong>Cum</strong></span> <span class='ocrx_word' id='word_1_572' title='bbox 851 3909 998 3963; x_wconf 90' lang='lat' dir='ltr'><strong>enim</strong></span> <span class='ocrx_word' id='word_1_573' title='bbox 1032 3906 1234 3974; x_wconf 88' lang='lat' dir='ltr'><strong>ubique</strong></span> <span class='ocrx_word' id='word_1_574' title='bbox 1265 3903 1566 3958; x_wconf 87' lang='lat' dir='ltr'><strong>orationem</strong></span> <span class='ocrx_word' id='word_1_575' title='bbox 1609 3916 1823 3971; x_wconf 86' lang='lat' dir='ltr'><strong>puram,</strong></span> <span class='ocrx_word' id='word_1_576' title='bbox 1857 3900 1922 3954; x_wconf 89' lang='lat' dir='ltr'><strong>il-</strong></span> 
     </span>
    </p>
   </div>
   <div class='ocr_carea' id='block_1_74' title="bbox 349 3990 1922 4065">
    <p class='ocr_par' dir='ltr' id='par_1_74' title="bbox 349 3990 1922 4065">
     <span class='ocr_line' id='line_1_74' title="bbox 349 3990 1922 4065; baseline -0.006 -11"><span class='ocrx_word' id='word_1_577' title='bbox 349 4002 576 4056; x_wconf 89' lang='lat' dir='ltr'><strong>lustrem</strong></span> <span class='ocrx_word' id='word_1_578' title='bbox 599 4013 663 4052; x_wconf 92' lang='lat' dir='ltr'><strong>ac</strong></span> <span class='ocrx_word' id='word_1_579' title='bbox 693 3997 830 4056; x_wconf 87' lang='lat' dir='ltr'><strong>bene</strong></span> <span class='ocrx_word' id='word_1_580' title='bbox 859 3994 1179 4065; x_wconf 86' lang='lat' dir='ltr'><strong>dispositam</strong></span> <span class='ocrx_word' id='word_1_581' title='bbox 1211 4007 1318 4048; x_wconf 88' lang='lat' dir='ltr'><strong>non</strong></span> <span class='ocrx_word' id='word_1_582' title='bbox 1341 3992 1460 4049; x_wconf 88' lang='lat' dir='ltr'><strong>sine</strong></span> <span class='ocrx_word' id='word_1_583' title='bbox 1483 3991 1760 4062; x_wconf 89' lang='lat' dir='ltr'><strong>voluptate</strong></span> <span class='ocrx_word' id='word_1_584' title='bbox 1786 3990 1922 4046; x_wconf 81' lang='lat' dir='ltr'><strong>arti-</strong></span> 
     </span>
    </p>
   </div>
   <div class='ocr_carea' id='block_1_75' title="bbox 349 4083 1922 4153">
    <p class='ocr_par' dir='ltr' id='par_1_75' title="bbox 349 4083 1922 4153">
     <span class='ocr_line' id='line_1_75' title="bbox 349 4083 1922 4153; baseline -0.007 -6"><span class='ocrx_word' id='word_1_585' title='bbox 349 4093 536 4148; x_wconf 86' lang='lat' dir='ltr'><strong>ﬁciose</strong></span> <span class='ocrx_word' id='word_1_586' title='bbox 556 4098 810 4144; x_wconf 68' lang='lat' dir='ltr'><strong>conterat</strong></span> <span class='ocrx_word' id='word_1_587' title='bbox 838 4104 852 4142; x_wconf 89' lang='lat'><strong>:</strong></span> <span class='ocrx_word' id='word_1_588' title='bbox 885 4087 938 4140; x_wconf 92' lang='lat' dir='ltr'><strong>in</strong></span> <span class='ocrx_word' id='word_1_589' title='bbox 969 4086 1053 4140; x_wconf 90' lang='lat' dir='ltr'><strong>his</strong></span> <span class='ocrx_word' id='word_1_590' title='bbox 1082 4084 1322 4150; x_wconf 74' lang='lat' dir='ltr'><strong>maxime</strong></span> <span class='ocrx_word' id='word_1_591' title='bbox 1363 4083 1584 4153; x_wconf 85' lang='lat' dir='ltr'><strong>scriptis</strong></span> <span class='ocrx_word' id='word_1_592' title='bbox 1629 4083 1922 4137; x_wconf 83' lang='lat' dir='ltr'><strong>virtutibus</strong></span> 
     </span>
    </p>
   </div>
   <div class='ocr_carea' id='block_1_76' title="bbox 350 4175 1923 4250">
    <p class='ocr_par' dir='ltr' id='par_1_76' title="bbox 350 4175 1923 4250">
     <span class='ocr_line' id='line_1_76' title="bbox 350 4175 1923 4250; baseline -0.009 -11"><span class='ocrx_word' id='word_1_593' title='bbox 350 4182 480 4248; x_wconf 89' lang='lat' dir='ltr'><strong>illis,</strong></span> <span class='ocrx_word' id='word_1_594' title='bbox 511 4179 994 4250; x_wconf 78' lang='lat' dir='ltr'><strong>exemplorumque</strong></span> <span class='ocrx_word' id='word_1_595' title='bbox 1022 4177 1302 4242; x_wconf 86' lang='lat' dir='ltr'><strong>ubertate,</strong></span> <span class='ocrx_word' id='word_1_596' title='bbox 1357 4184 1522 4244; x_wconf 87' lang='lat' dir='ltr'><strong>atque</strong></span> <span class='ocrx_word' id='word_1_597' title='bbox 1551 4175 1923 4244; x_wconf 86' lang='lat' dir='ltr'><strong>enthymema-</strong></span> 
     </span>
    </p>
   </div>
   <div class='ocr_carea' id='block_1_77' title="bbox 350 4265 1923 4340">
    <p class='ocr_par' dir='ltr' id='par_1_77' title="bbox 350 4265 1923 4340">
     <span class='ocr_line' id='line_1_77' title="bbox 350 4265 1923 4340; baseline -0.007 -11"><span class='ocrx_word' id='word_1_598' title='bbox 350 4284 466 4329; x_wconf 86' lang='lat' dir='ltr'><strong>tum</strong></span> <span class='ocrx_word' id='word_1_599' title='bbox 509 4271 693 4340; x_wconf 86' lang='lat' dir='ltr'><strong>copia,</strong></span> <span class='ocrx_word' id='word_1_600' title='bbox 757 4279 960 4324; x_wconf 91' lang='lat' dir='ltr'><strong>etcum</strong></span> <span class='ocrx_word' id='word_1_601' title='bbox 993 4267 1064 4321; x_wconf 89' lang='lat' dir='ltr'><strong>ita</strong></span> <span class='ocrx_word' id='word_1_602' title='bbox 1096 4281 1233 4336; x_wconf 84' lang='lat' dir='ltr'><strong>Opus</strong></span> <span class='ocrx_word' id='word_1_603' title='bbox 1279 4274 1405 4332; x_wconf 80' lang='lat' dir='ltr'><strong>est,</strong></span> <span class='ocrx_word' id='word_1_604' title='bbox 1452 4265 1618 4320; x_wconf 90' lang='lat' dir='ltr'><strong>etiam</strong></span> <span class='ocrx_word' id='word_1_605' title='bbox 1656 4265 1923 4334; x_wconf 74' lang='lat' dir='ltr'><strong>gravitate</strong></span> 
     </span>
    </p>
   </div>
   <div class='ocr_carea' id='block_1_78' title="bbox 351 4357 1921 4430">
    <p class='ocr_par' dir='ltr' id='par_1_78' title="bbox 351 4357 1921 4430">
     <span class='ocr_line' id='line_1_78' title="bbox 351 4357 1921 4430; baseline -0.009 -10"><span class='ocrx_word' id='word_1_606' title='bbox 351 4362 586 4420; x_wconf 82' lang='lat' dir='ltr'><strong>excellit.</strong></span> <span class='ocrx_word' id='word_1_607' title='bbox 613 4362 777 4430; x_wconf 84' lang='lat' dir='ltr'><strong>Quin,</strong></span> <span class='ocrx_word' id='word_1_608' title='bbox 809 4370 867 4416; x_wconf 90' lang='lat' dir='ltr'><strong>ut</strong></span> <span class='ocrx_word' id='word_1_609' title='bbox 895 4359 1064 4416; x_wconf 91' lang='lat' dir='ltr'><strong>semel</strong></span> <span class='ocrx_word' id='word_1_610' title='bbox 1103 4359 1316 4422; x_wconf 89' lang='lat' dir='ltr'><strong>dicam,</strong></span> <span class='ocrx_word' id='word_1_611' title='bbox 1351 4357 1531 4411; x_wconf 86' lang='lat' dir='ltr'><strong>verbis</strong></span> <span class='ocrx_word' id='word_1_612' title='bbox 1582 4358 1696 4411; x_wconf 70' lang='lat' dir='ltr'><strong>hare</strong></span> <span class='ocrx_word' id='word_1_613' title='bbox 1729 4369 1921 4408; x_wconf 68' lang='lat' dir='ltr'><strong>monuv</strong></span> 
     </span>
    </p>
   </div>
   <div class='ocr_carea' id='block_1_79' title="bbox 350 4448 1922 4526">
    <p class='ocr_par' dir='ltr' id='par_1_79' title="bbox 350 4448 1922 4526">
     <span class='ocr_line' id='line_1_79' title="bbox 350 4448 1922 4526; baseline -0.008 -12"><span class='ocrx_word' id='word_1_614' title='bbox 350 4471 553 4524; x_wconf 88' lang='lat' dir='ltr'><strong>menta,</strong></span> <span class='ocrx_word' id='word_1_615' title='bbox 588 4455 996 4526; x_wconf 88' lang='lat' dir='ltr'><strong>compositione,</strong></span> <span class='ocrx_word' id='word_1_616' title='bbox 1032 4453 1314 4515; x_wconf 84' lang='lat' dir='ltr'><strong>metltodo,</strong></span> <span class='ocrx_word' id='word_1_617' title='bbox 1339 4450 1608 4514; x_wconf 89' lang='lat' dir='ltr'><strong>sensibus,</strong></span> <span class='ocrx_word' id='word_1_618' title='bbox 1643 4458 1698 4502; x_wconf 85' lang='lat' dir='ltr'><strong>et</strong></span> <span class='ocrx_word' id='word_1_619' title='bbox 1733 4448 1788 4502; x_wconf 91' lang='lat' dir='ltr'><strong>id</strong></span> <span class='ocrx_word' id='word_1_620' title='bbox 1829 4463 1922 4514; x_wconf 71' lang='lat' dir='ltr'><strong>ge-</strong></span> 
     </span>
    </p>
   </div>
   <div class='ocr_carea' id='block_1_80' title="bbox 350 4538 1926 4620">
    <p class='ocr_par' dir='ltr' id='par_1_80' title="bbox 350 4538 1926 4620">
     <span class='ocr_line' id='line_1_80' title="bbox 350 4538 1926 4620; baseline -0.007 -16"><span class='ocrx_word' id='word_1_621' title='bbox 350 4566 452 4605; x_wconf 88' lang='lat' dir='ltr'><strong>nus</strong></span> <span class='ocrx_word' id='word_1_622' title='bbox 483 4559 776 4620; x_wconf 87' lang='lat' dir='ltr'><strong>apparatu,</strong></span> <span class='ocrx_word' id='word_1_623' title='bbox 811 4544 1258 4616; x_wconf 73' lang='lat' dir='ltr'><strong>praestantissime</strong></span> <span class='ocrx_word' id='word_1_624' title='bbox 1287 4550 1550 4596; x_wconf 80' lang='lat' dir='ltr'><strong>exornata</strong></span> <span class='ocrx_word' id='word_1_625' title='bbox 1589 4540 1777 4594; x_wconf 89' lang='lat' dir='ltr'><strong>edidit.</strong></span> <span class='ocrx_word' id='word_1_626' title='bbox 1810 4538 1926 4593; x_wconf 70' lang='lat' dir='ltr'><strong>Cae-</strong></span> 
     </span>
    </p>
   </div>
   <div class='ocr_carea' id='block_1_81' title="bbox 2105 3259 3606 3338">
    <p class='ocr_par' dir='ltr' id='par_1_81' title="bbox 2105 3259 3606 3338">
     <span class='ocr_line' id='line_1_81' title="bbox 2105 3259 3606 3338; baseline 0.007 -28"><span class='ocrx_word' id='word_1_627' title='bbox 2105 3259 2172 3312; x_wconf 85' lang='lat' dir='ltr'><strong>&#39;H</strong></span> <span class='ocrx_word' id='word_1_628' title='bbox 2196 3259 2251 3312; x_wconf 81' lang='grc' dir='ltr'><strong>δὲ</strong></span> <span class='ocrx_word' id='word_1_629' title='bbox 2281 3259 2481 3330; x_wconf 80' lang='grc' dir='ltr'>φράσις</span> <span class='ocrx_word' id='word_1_630' title='bbox 2512 3263 2662 3333; x_wconf 82' lang='grc' dir='ltr'><strong>αὑτῷ</strong></span> <span class='ocrx_word' id='word_1_631' title='bbox 2690 3264 2830 3333; x_wconf 87' lang='grc' dir='ltr'>μετὰ</span> <span class='ocrx_word' id='word_1_632' title='bbox 2864 3265 2966 3335; x_wconf 83' lang='grc' dir='ltr'>τῆς</span> <span class='ocrx_word' id='word_1_633' title='bbox 3008 3265 3272 3335; x_wconf 83' lang='grc' dir='ltr'>συνήθους</span> <span class='ocrx_word' id='word_1_634' title='bbox 3303 3268 3606 3338; x_wconf 70' lang='grc' dir='ltr'>σαφηνείας</span> 
     </span>
    </p>
   </div>
   <div class='ocr_carea' id='block_1_82' title="bbox 2023 3351 3607 3430">
    <p class='ocr_par' dir='ltr' id='par_1_82' title="bbox 2023 3351 3607 3430">
     <span class='ocr_line' id='line_1_82' title="bbox 2023 3351 3607 3430; baseline 0.003 -25"><span class='ocrx_word' id='word_1_635' title='bbox 2023 3351 2116 3405; x_wconf 74' lang='grc' dir='ltr'><strong>καὶ</strong></span> <span class='ocrx_word' id='word_1_636' title='bbox 2146 3351 2519 3422; x_wconf 85' lang='grc' dir='ltr'>καθαρότητος</span> <span class='ocrx_word' id='word_1_637' title='bbox 2547 3354 2642 3408; x_wconf 72' lang='grc' dir='ltr'><strong>καὶ</strong></span> <span class='ocrx_word' id='word_1_638' title='bbox 2675 3355 2736 3408; x_wconf 83' lang='grc' dir='ltr'><strong>τὸ</strong></span> <span class='ocrx_word' id='word_1_639' title='bbox 2771 3357 3032 3428; x_wconf 75' lang='grc' dir='ltr'>λαμπρὸν</span> <span class='ocrx_word' id='word_1_640' title='bbox 3063 3360 3157 3410; x_wconf 77' lang='grc' dir='ltr'><strong>καὶ</strong></span> <span class='ocrx_word' id='word_1_641' title='bbox 3182 3357 3375 3430; x_wconf 66' lang='grc' dir='ltr'>εὔρουν</span> <span class='ocrx_word' id='word_1_642' title='bbox 3431 3361 3607 3414; x_wconf 80' lang='grc' dir='ltr'>ἐνδεί-</span> 
     </span>
    </p>
   </div>
   <div class='ocr_carea' id='block_1_83' title="bbox 2021 3445 3606 3521">
    <p class='ocr_par' dir='ltr' id='par_1_83' title="bbox 2021 3445 3606 3521">
     <span class='ocr_line' id='line_1_83' title="bbox 2021 3445 3606 3521; baseline 0.003 -23"><span class='ocrx_word' id='word_1_643' title='bbox 2021 3461 2232 3511; x_wconf 87' lang='grc' dir='ltr'>κνυται,</span> <span class='ocrx_word' id='word_1_644' title='bbox 2290 3445 2352 3497; x_wconf 83' lang='grc' dir='ltr'><strong>τὸ</strong></span> <span class='ocrx_word' id='word_1_645' title='bbox 2410 3445 2680 3516; x_wconf 87' lang='grc' dir='ltr'>πολύχουν</span> <span class='ocrx_word' id='word_1_646' title='bbox 2728 3447 2836 3501; x_wconf 82' lang='grc' dir='ltr'>τῶν</span> <span class='ocrx_word' id='word_1_647' title='bbox 2882 3451 3170 3520; x_wconf 83' lang='grc' dir='ltr'>νοημάτων</span> <span class='ocrx_word' id='word_1_648' title='bbox 3217 3453 3311 3504; x_wconf 84' lang='grc' dir='ltr'><strong>καὶ</strong></span> <span class='ocrx_word' id='word_1_649' title='bbox 3347 3452 3446 3521; x_wconf 79' lang='grc' dir='ltr'>τὴν</span> <span class='ocrx_word' id='word_1_650' title='bbox 3494 3453 3606 3505; x_wconf 84' lang='grc' dir='ltr'><strong>τῶν</strong></span> 
     </span>
    </p>
   </div>
   <div class='ocr_carea' id='block_1_84' title="bbox 2021 3535 3605 3611">
    <p class='ocr_par' dir='ltr' id='par_1_84' title="bbox 2021 3535 3605 3611">
     <span class='ocr_line' id='line_1_84' title="bbox 2021 3535 3605 3611; baseline 0.004 -23"><span class='ocrx_word' id='word_1_651' title='bbox 2021 3535 2484 3607; x_wconf 84' lang='grc' dir='ltr'>παραδειγμάτων</span> <span class='ocrx_word' id='word_1_652' title='bbox 2533 3541 2994 3611; x_wconf 83' lang='grc' dir='ltr'>προσφυεστάτην</span> <span class='ocrx_word' id='word_1_653' title='bbox 3043 3541 3306 3611; x_wconf 80' lang='grc' dir='ltr'>εὐπορίαν</span> <span class='ocrx_word' id='word_1_654' title='bbox 3367 3559 3605 3596; x_wconf 88' lang='grc' dir='ltr'>συνυπο-</span> 
     </span>
    </p>
   </div>
   <div class='ocr_carea' id='block_1_85' title="bbox 2022 3626 3605 3704">
    <p class='ocr_par' dir='ltr' id='par_1_85' title="bbox 2022 3626 3605 3704">
     <span class='ocr_line' id='line_1_85' title="bbox 2022 3626 3605 3704; baseline 0.005 -25"><span class='ocrx_word' id='word_1_655' title='bbox 2022 3626 2305 3696; x_wconf 84' lang='grc' dir='ltr'>φαίνουσα.</span> <span class='ocrx_word' id='word_1_656' title='bbox 2349 3628 2683 3684; x_wconf 81' lang='grc' dir='ltr'>Ἠλάττωται</span> <span class='ocrx_word' id='word_1_657' title='bbox 2724 3631 2782 3685; x_wconf 82' lang='grc' dir='ltr'>δὲ</span> <span class='ocrx_word' id='word_1_658' title='bbox 2812 3633 2962 3700; x_wconf 85' lang='grc' dir='ltr'>ὅμως</span> <span class='ocrx_word' id='word_1_659' title='bbox 2989 3632 3089 3701; x_wconf 75' lang='grc' dir='ltr'>τῆς</span> <span class='ocrx_word' id='word_1_660' title='bbox 3121 3634 3178 3684; x_wconf 79' lang='grc' dir='ltr'><strong>ἐν</strong></span> <span class='ocrx_word' id='word_1_661' title='bbox 3209 3636 3328 3696; x_wconf 85' lang='grc' dir='ltr'>ταῖς</span> <span class='ocrx_word' id='word_1_662' title='bbox 3361 3634 3605 3704; x_wconf 82' lang='grc' dir='ltr'>Πράξεσι</span> 
     </span>
    </p>
   </div>
   <div class='ocr_carea' id='block_1_86' title="bbox 2022 3716 3608 3795">
    <p class='ocr_par' dir='ltr' id='par_1_86' title="bbox 2022 3716 3608 3795">
     <span class='ocr_line' id='line_1_86' title="bbox 2022 3716 3608 3795; baseline 0.006 -25"><span class='ocrx_word' id='word_1_663' title='bbox 2022 3716 2282 3786; x_wconf 85' lang='grc' dir='ltr'>φράσεως</span> <span class='ocrx_word' id='word_1_664' title='bbox 2319 3720 2411 3773; x_wconf 74' lang='grc' dir='ltr'><strong>ἐπὶ</strong></span> <span class='ocrx_word' id='word_1_665' title='bbox 2445 3720 2511 3773; x_wconf 86' lang='grc' dir='ltr'><strong>τὸ</strong></span> <span class='ocrx_word' id='word_1_666' title='bbox 2559 3723 2945 3794; x_wconf 80' lang='grc' dir='ltr'>ταπεινότερον</span> <span class='ocrx_word' id='word_1_667' title='bbox 2980 3724 3397 3795; x_wconf 82' lang='grc' dir='ltr'>ἀπενηνεγμένη</span> <span class='ocrx_word' id='word_1_668' title='bbox 3418 3765 3433 3788; x_wconf 96' lang='grc'><strong>,</strong></span> <span class='ocrx_word' id='word_1_669' title='bbox 3481 3727 3608 3779; x_wconf 84' lang='grc' dir='ltr'>ὅσον</span> 
     </span>
    </p>
   </div>
   <div class='ocr_carea' id='block_1_87' title="bbox 2019 3807 3607 3885">
    <p class='ocr_par' dir='ltr' id='par_1_87' title="bbox 2019 3807 3607 3885">
     <span class='ocr_line' id='line_1_87' title="bbox 2019 3807 3607 3885; baseline 0.005 -25"><span class='ocrx_word' id='word_1_670' title='bbox 2019 3807 2129 3861; x_wconf 84' lang='grc' dir='ltr'>τῶν</span> <span class='ocrx_word' id='word_1_671' title='bbox 2163 3811 2244 3872; x_wconf 82' lang='grc' dir='ltr'>εἰς</span> <span class='ocrx_word' id='word_1_672' title='bbox 2292 3811 2383 3866; x_wconf 86' lang='grc' dir='ltr'><strong>τὸν</strong></span> <span class='ocrx_word' id='word_1_673' title='bbox 2417 3811 2740 3866; x_wconf 83' lang='grc' dir='ltr'>Ἀπόστολον</span> <span class='ocrx_word' id='word_1_674' title='bbox 2783 3815 3088 3885; x_wconf 85' lang='grc' dir='ltr'>ἐρμηνειῶν</span> <span class='ocrx_word' id='word_1_675' title='bbox 3127 3811 3224 3869; x_wconf 72' lang='grc' dir='ltr'><strong>καὶ</strong></span> <span class='ocrx_word' id='word_1_676' title='bbox 3258 3816 3338 3870; x_wconf 77' lang='grc' dir='ltr'><strong>ἐτι</strong></span> <span class='ocrx_word' id='word_1_677' title='bbox 3386 3816 3496 3869; x_wconf 84' lang='grc' dir='ltr'>τῶν</span> <span class='ocrx_word' id='word_1_678' title='bbox 3524 3819 3607 3881; x_wconf 88' lang='grc' dir='ltr'>εἰς</span> 
     </span>
    </p>
   </div>
   <div class='ocr_carea' id='block_1_88' title="bbox 2021 3897 3609 3979">
    <p class='ocr_par' dir='ltr' id='par_1_88' title="bbox 2021 3897 3609 3979">
     <span class='ocr_line' id='line_1_88' title="bbox 2021 3897 3609 3979; baseline 0.006 -26"><span class='ocrx_word' id='word_1_679' title='bbox 2021 3897 2111 3953; x_wconf 82' lang='grc' dir='ltr'><strong>τόν</strong></span> <span class='ocrx_word' id='word_1_680' title='bbox 2138 3901 2406 3972; x_wconf 80' lang='grc' dir='ltr'>Ψαλτῆρα</span> <span class='ocrx_word' id='word_1_681' title='bbox 2434 3904 2845 3975; x_wconf 83' lang='grc' dir='ltr'>ὑπομνημάτων</span> <span class='ocrx_word' id='word_1_682' title='bbox 2874 3907 2906 3975; x_wconf 88' lang='grc' dir='ltr'><strong>ή</strong></span> <span class='ocrx_word' id='word_1_683' title='bbox 2940 3909 2998 3959; x_wconf 88' lang='grc' dir='ltr'><strong>ἐν</strong></span> <span class='ocrx_word' id='word_1_684' title='bbox 3027 3909 3146 3970; x_wconf 79' lang='grc' dir='ltr'>ταῖς</span> <span class='ocrx_word' id='word_1_685' title='bbox 3175 3904 3445 3979; x_wconf 80' lang='grc' dir='ltr'>Πράξεσιν</span> <span class='ocrx_word' id='word_1_686' title='bbox 3472 3909 3609 3962; x_wconf 81' lang='grc' dir='ltr'>ὑπο-</span> 
     </span>
    </p>
   </div>
   <div class='ocr_carea' id='block_1_89' title="bbox 2020 3989 3608 4064">
    <p class='ocr_par' dir='ltr' id='par_1_89' title="bbox 2020 3989 3608 4064">
     <span class='ocr_line' id='line_1_89' title="bbox 2020 3989 3608 4064; baseline 0.004 -20"><span class='ocrx_word' id='word_1_687' title='bbox 2020 3989 2286 4045; x_wconf 84' lang='grc' dir='ltr'>λείπεται.</span> <span class='ocrx_word' id='word_1_688' title='bbox 2315 3992 2598 4062; x_wconf 83' lang='grc' dir='ltr'>Πανταχοῧ</span> <span class='ocrx_word' id='word_1_689' title='bbox 2626 3994 2736 4063; x_wconf 83' lang='grc' dir='ltr'>γὰρ</span> <span class='ocrx_word' id='word_1_690' title='bbox 2760 3996 2873 4058; x_wconf 88' lang='grc' dir='ltr'>τοῖς</span> <span class='ocrx_word' id='word_1_691' title='bbox 2924 3995 3104 4064; x_wconf 85' lang='grc' dir='ltr'>λόγοις</span> <span class='ocrx_word' id='word_1_692' title='bbox 3141 3997 3305 4049; x_wconf 76' lang='grc' dir='ltr'>αὑτοῦ</span> <span class='ocrx_word' id='word_1_693' title='bbox 3336 3997 3400 4050; x_wconf 82' lang='grc' dir='ltr'><strong>τὸ</strong></span> <span class='ocrx_word' id='word_1_694' title='bbox 3429 3998 3608 4052; x_wconf 82' lang='grc' dir='ltr'>καθα-</span> 
     </span>
    </p>
   </div>
   <div class='ocr_carea' id='block_1_90' title="bbox 2028 4082 3606 4161">
    <p class='ocr_par' dir='ltr' id='par_1_90' title="bbox 2028 4082 3606 4161">
     <span class='ocr_line' id='line_1_90' title="bbox 2028 4082 3606 4161; baseline 0.004 -26"><span class='ocrx_word' id='word_1_695' title='bbox 2028 4082 2120 4154; x_wconf 85' lang='grc' dir='ltr'><strong>ρὸν</strong></span> <span class='ocrx_word' id='word_1_696' title='bbox 2174 4082 2271 4136; x_wconf 73' lang='grc' dir='ltr'>καὶ</span> <span class='ocrx_word' id='word_1_697' title='bbox 2327 4085 2579 4155; x_wconf 82' lang='grc' dir='ltr'>λαμπρὸν</span> <span class='ocrx_word' id='word_1_698' title='bbox 2650 4088 2744 4140; x_wconf 73' lang='grc' dir='ltr'>καὶ</span> <span class='ocrx_word' id='word_1_699' title='bbox 2792 4088 3043 4158; x_wconf 84' lang='grc' dir='ltr'>εὑκρινὲς</span> <span class='ocrx_word' id='word_1_700' title='bbox 3099 4090 3239 4157; x_wconf 87' lang='grc' dir='ltr'><strong>μετά</strong></span> <span class='ocrx_word' id='word_1_701' title='bbox 3296 4089 3392 4143; x_wconf 78' lang='grc' dir='ltr'>τοῦ</span> <span class='ocrx_word' id='word_1_702' title='bbox 3449 4090 3606 4161; x_wconf 80' lang='grc' dir='ltr'>ἡδέος</span> 
     </span>
    </p>
   </div>
   <div class='ocr_carea' id='block_1_91' title="bbox 2020 4173 3608 4250">
    <p class='ocr_par' dir='ltr' id='par_1_91' title="bbox 2020 4173 3608 4250">
     <span class='ocr_line' id='line_1_91' title="bbox 2020 4173 3608 4250; baseline 0.004 -24"><span class='ocrx_word' id='word_1_703' title='bbox 2020 4173 2385 4245; x_wconf 85' lang='grc' dir='ltr'>τεχνουργῶν,</span> <span class='ocrx_word' id='word_1_704' title='bbox 2428 4177 2637 4240; x_wconf 84' lang='grc' dir='ltr'>τούτοις</span> <span class='ocrx_word' id='word_1_705' title='bbox 2685 4194 2746 4229; x_wconf 92' lang='grc' dir='ltr'><strong>τε</strong></span> <span class='ocrx_word' id='word_1_706' title='bbox 2777 4177 3016 4231; x_wconf 79' lang='grc' dir='ltr'>ἐνταῦθα</span> <span class='ocrx_word' id='word_1_707' title='bbox 3049 4179 3282 4248; x_wconf 80' lang='grc' dir='ltr'>μάλιστα</span> <span class='ocrx_word' id='word_1_708' title='bbox 3310 4180 3608 4250; x_wconf 80' lang='grc' dir='ltr'>διαπρέπει</span> 
     </span>
    </p>
   </div>
   <div class='ocr_carea' id='block_1_92' title="bbox 2023 4265 3609 4342">
    <p class='ocr_par' dir='ltr' id='par_1_92' title="bbox 2023 4265 3609 4342">
     <span class='ocr_line' id='line_1_92' title="bbox 2023 4265 3609 4342; baseline 0.004 -24"><span class='ocrx_word' id='word_1_709' title='bbox 2023 4269 2120 4318; x_wconf 71' lang='grc' dir='ltr'>καὶ</span> <span class='ocrx_word' id='word_1_710' title='bbox 2153 4268 2218 4335; x_wconf 83' lang='grc' dir='ltr'>τῇ</span> <span class='ocrx_word' id='word_1_711' title='bbox 2257 4265 2368 4318; x_wconf 86' lang='grc' dir='ltr'>τῶν</span> <span class='ocrx_word' id='word_1_712' title='bbox 2403 4269 2868 4338; x_wconf 86' lang='grc' dir='ltr'>παραδειγμάτων</span> <span class='ocrx_word' id='word_1_713' title='bbox 2902 4270 3133 4342; x_wconf 79' lang='grc' dir='ltr'>εὐπορίᾳ</span> <span class='ocrx_word' id='word_1_714' title='bbox 3163 4271 3255 4324; x_wconf 67' lang='grc' dir='ltr'>καὶ</span> <span class='ocrx_word' id='word_1_715' title='bbox 3279 4275 3344 4342; x_wconf 81' lang='grc' dir='ltr'>τῇ</span> <span class='ocrx_word' id='word_1_716' title='bbox 3375 4272 3488 4324; x_wconf 84' lang='grc' dir='ltr'>τῶν</span> <span class='ocrx_word' id='word_1_717' title='bbox 3516 4273 3609 4324; x_wconf 57' lang='grc' dir='ltr'>ἐν-</span> 
     </span>
    </p>
   </div>
   <div class='ocr_carea' id='block_1_93' title="bbox 2023 4355 3606 4433">
    <p class='ocr_par' dir='ltr' id='par_1_93' title="bbox 2023 4355 3606 4433">
     <span class='ocr_line' id='line_1_93' title="bbox 2023 4355 3606 4433; baseline 0.005 -25"><span class='ocrx_word' id='word_1_718' title='bbox 2023 4355 2360 4426; x_wconf 84' lang='grc' dir='ltr'>θυμημάτων</span> <span class='ocrx_word' id='word_1_719' title='bbox 2380 4356 2611 4427; x_wconf 78' lang='grc' dir='ltr'>ἀφθονία</span> <span class='ocrx_word' id='word_1_720' title='bbox 2641 4359 2755 4423; x_wconf 73' lang='grc' dir='ltr'>καῖ,</span> <span class='ocrx_word' id='word_1_721' title='bbox 2789 4359 2964 4413; x_wconf 78' lang='grc' dir='ltr'>εἵπου</span> <span class='ocrx_word' id='word_1_722' title='bbox 3005 4361 3134 4428; x_wconf 82' lang='grc' dir='ltr'>δέοι,</span> <span class='ocrx_word' id='word_1_723' title='bbox 3177 4363 3272 4416; x_wconf 73' lang='grc' dir='ltr'>καὶ</span> <span class='ocrx_word' id='word_1_724' title='bbox 3299 4362 3568 4433; x_wconf 90' lang='grc' dir='ltr'>δεινότητι</span> <span class='ocrx_word' id='word_1_725' title='bbox 3590 4404 3606 4426; x_wconf 92' lang='grc'><strong>,</strong></span> 
     </span>
    </p>
   </div>
   <div class='ocr_carea' id='block_1_94' title="bbox 2025 4446 3610 4524">
    <p class='ocr_par' dir='ltr' id='par_1_94' title="bbox 2025 4446 3610 4524">
     <span class='ocr_line' id='line_1_94' title="bbox 2025 4446 3610 4524; baseline 0.005 -25"><span class='ocrx_word' id='word_1_726' title='bbox 2025 4450 2118 4500; x_wconf 73' lang='grc' dir='ltr'>καὶ</span> <span class='ocrx_word' id='word_1_727' title='bbox 2147 4446 2334 4510; x_wconf 83' lang='grc' dir='ltr'>ἁπλῶς</span> <span class='ocrx_word' id='word_1_728' title='bbox 2355 4446 2412 4503; x_wconf 79' lang='grc' dir='ltr'>ἐν</span> <span class='ocrx_word' id='word_1_729' title='bbox 2453 4465 2512 4500; x_wconf 87' lang='grc' dir='ltr'><strong>τε</strong></span> <span class='ocrx_word' id='word_1_730' title='bbox 2557 4448 2703 4513; x_wconf 79' lang='grc' dir='ltr'>λέξει</span> <span class='ocrx_word' id='word_1_731' title='bbox 2744 4451 2838 4503; x_wconf 76' lang='grc' dir='ltr'><strong>καὶ</strong></span> <span class='ocrx_word' id='word_1_732' title='bbox 2875 4450 3118 4523; x_wconf 74' lang='grc' dir='ltr'>συνθήκη</span> <span class='ocrx_word' id='word_1_733' title='bbox 3150 4453 3244 4505; x_wconf 76' lang='grc' dir='ltr'>καὶ</span> <span class='ocrx_word' id='word_1_734' title='bbox 3275 4453 3486 4524; x_wconf 85' lang='grc' dir='ltr'>μεθόδῳ</span> <span class='ocrx_word' id='word_1_735' title='bbox 3513 4457 3610 4508; x_wconf 77' lang='grc' dir='ltr'>καὶ</span> 
     </span>
    </p>
   </div>
   <div class='ocr_carea' id='block_1_95' title="bbox 2027 4539 3610 4614">
    <p class='ocr_par' dir='ltr' id='par_1_95' title="bbox 2027 4539 3610 4614">
     <span class='ocr_line' id='line_1_95' title="bbox 2027 4539 3610 4614; baseline 0.005 -24"><span class='ocrx_word' id='word_1_736' title='bbox 2027 4539 2264 4609; x_wconf 85' lang='grc' dir='ltr'>νοήμασι</span> <span class='ocrx_word' id='word_1_737' title='bbox 2296 4540 2390 4592; x_wconf 66' lang='grc' dir='ltr'>καὶ</span> <span class='ocrx_word' id='word_1_738' title='bbox 2411 4542 2477 4610; x_wconf 80' lang='grc' dir='ltr'>τῇ</span> <span class='ocrx_word' id='word_1_739' title='bbox 2517 4540 2610 4614; x_wconf 82' lang='grc' dir='ltr'><strong>ὅλῃ</strong></span> <span class='ocrx_word' id='word_1_740' title='bbox 2646 4542 2692 4573; x_wconf 77' lang='grc'><strong>⁸⁸</strong></span> <span class='ocrx_word' id='word_1_741' title='bbox 2729 4547 3044 4614; x_wconf 79' lang='grc' dir='ltr'>κατασκευῇ</span> <span class='ocrx_word' id='word_1_742' title='bbox 3076 4545 3270 4614; x_wconf 82' lang='grc' dir='ltr'>ἄριστα</span> <span class='ocrx_word' id='word_1_743' title='bbox 3316 4547 3480 4600; x_wconf 86' lang='grc' dir='ltr'>τάσδε</span> <span class='ocrx_word' id='word_1_744' title='bbox 3507 4547 3610 4611; x_wconf 78' lang='grc' dir='ltr'><strong>τὰς</strong></span> 
     </span>
    </p>
   </div>
   <div class='ocr_carea' id='block_1_96' title="bbox 353 4618 1917 4712">
    <p class='ocr_par' dir='ltr' id='par_1_96' title="bbox 353 4631 1917 4712">
     <span class='ocr_line' id='line_1_96' title="bbox 353 4631 1917 4712; baseline -0.01 -14"><span class='ocrx_word' id='word_1_745' title='bbox 353 4655 526 4700; x_wconf 83' lang='lat' dir='ltr'><strong>terum</strong></span> <span class='ocrx_word' id='word_1_746' title='bbox 550 4657 794 4712; x_wconf 81' lang='lat' dir='ltr'><strong>quamam</strong></span> <span class='ocrx_word' id='word_1_747' title='bbox 826 4641 878 4693; x_wconf 88' lang='lat' dir='ltr'><strong>in</strong></span> <span class='ocrx_word' id='word_1_748' title='bbox 914 4637 1154 4707; x_wconf 85' lang='lat' dir='ltr'><strong>Apostoli</strong></span> <span class='ocrx_word' id='word_1_749' title='bbox 1175 4634 1448 4703; x_wconf 87' lang='lat' dir='ltr'><strong>Epistolas</strong></span> <span class='ocrx_word' id='word_1_750' title='bbox 1469 4631 1771 4688; x_wconf 75' lang='lat' dir='ltr'><strong>Antiochia:</strong></span> <span class='ocrx_word' id='word_1_751' title='bbox 1793 4632 1917 4684; x_wconf 88' lang='lat' dir='ltr'><strong>dum</strong></span> 
     </span>
    </p>
   </div>
   <div class='ocr_carea' id='block_1_97' title="bbox 2022 4618 3610 4712">
    <p class='ocr_par' dir='ltr' id='par_1_97' title="bbox 2028 4631 3610 4706">
     <span class='ocr_line' id='line_1_97' title="bbox 2028 4631 3610 4706; baseline 0.006 -23"><span class='ocrx_word' id='word_1_752' title='bbox 2028 4631 2348 4702; x_wconf 76' lang='grc' dir='ltr'>συγγραφὰς</span> <span class='ocrx_word' id='word_1_753' title='bbox 2376 4633 2738 4701; x_wconf 77' lang='grc' dir='ltr'>ὑπεστήσατο.</span> <span class='ocrx_word' id='word_1_754' title='bbox 2778 4635 2934 4686; x_wconf 79' lang='grc' dir='ltr'>Ἀλλά</span> <span class='ocrx_word' id='word_1_755' title='bbox 2952 4637 3050 4699; x_wconf 78' lang='grc' dir='ltr'>τὰς</span> <span class='ocrx_word' id='word_1_756' title='bbox 3079 4637 3175 4706; x_wconf 80' lang='grc' dir='ltr'><strong>μὲν</strong></span> <span class='ocrx_word' id='word_1_757' title='bbox 3199 4638 3278 4700; x_wconf 88' lang='grc' dir='ltr'>εἰς</span> <span class='ocrx_word' id='word_1_758' title='bbox 3310 4639 3403 4691; x_wconf 80' lang='grc' dir='ltr'>τὸν</span> <span class='ocrx_word' id='word_1_759' title='bbox 3445 4640 3610 4692; x_wconf 80' lang='grc' dir='ltr'>Ἀπό-</span> 
     </span>
    </p>
   </div>
   <div class='ocr_carea' id='block_1_98' title="bbox 353 4723 1926 4806">
    <p class='ocr_par' dir='ltr' id='par_1_98' title="bbox 353 4723 1926 4806">
     <span class='ocr_line' id='line_1_98' title="bbox 353 4723 1926 4806; baseline -0.008 -17"><span class='ocrx_word' id='word_1_760' title='bbox 353 4744 557 4806; x_wconf 81' lang='lat' dir='ltr'><strong>ageret,</strong></span> <span class='ocrx_word' id='word_1_761' title='bbox 575 4732 954 4797; x_wconf 89' lang='lat' dir='ltr'><strong>elaboraverit,</strong></span> <span class='ocrx_word' id='word_1_762' title='bbox 979 4739 1033 4785; x_wconf 89' lang='lat' dir='ltr'><strong>et</strong></span> <span class='ocrx_word' id='word_1_763' title='bbox 1055 4727 1394 4784; x_wconf 88' lang='lat' dir='ltr'><strong>accuratiora</strong></span> <span class='ocrx_word' id='word_1_764' title='bbox 1419 4725 1635 4796; x_wconf 90' lang='lat' dir='ltr'><strong>quidem</strong></span> <span class='ocrx_word' id='word_1_765' title='bbox 1665 4723 1776 4787; x_wconf 87' lang='lat' dir='ltr'><strong>illa,</strong></span> <span class='ocrx_word' id='word_1_766' title='bbox 1804 4737 1926 4791; x_wconf 67' lang='lat' dir='ltr'><strong>quae</strong></span> 
     </span>
    </p>
   </div>
   <div class='ocr_carea' id='block_1_99' title="bbox 355 4815 1927 4894">
    <p class='ocr_par' dir='ltr' id='par_1_99' title="bbox 355 4815 1927 4894">
     <span class='ocr_line' id='line_1_99' title="bbox 355 4815 1927 4894; baseline -0.008 -12"><span class='ocrx_word' id='word_1_767' title='bbox 355 4829 484 4882; x_wconf 89' lang='lat' dir='ltr'><strong>item</strong></span> <span class='ocrx_word' id='word_1_768' title='bbox 513 4824 709 4894; x_wconf 71' lang='lat' dir='ltr'><strong>prazsul</strong></span> <span class='ocrx_word' id='word_1_769' title='bbox 747 4821 1150 4890; x_wconf 87' lang='lat' dir='ltr'><strong>conscripserit,</strong></span> <span class='ocrx_word' id='word_1_770' title='bbox 1183 4835 1246 4874; x_wconf 83' lang='lat' dir='ltr'><strong>ex</strong></span> <span class='ocrx_word' id='word_1_771' title='bbox 1272 4819 1378 4873; x_wconf 89' lang='lat' dir='ltr'><strong>illis</strong></span> <span class='ocrx_word' id='word_1_772' title='bbox 1400 4817 1531 4888; x_wconf 89' lang='lat' dir='ltr'><strong>ipsis</strong></span> <span class='ocrx_word' id='word_1_773' title='bbox 1557 4815 1711 4870; x_wconf 81' lang='lat' dir='ltr'><strong>facile</strong></span> <span class='ocrx_word' id='word_1_774' title='bbox 1751 4825 1927 4883; x_wconf 84' lang='lat' dir='ltr'><strong>potest</strong></span> 
     </span>
    </p>
   </div>
   <div class='ocr_carea' id='block_1_100' title="bbox 357 4909 1928 4989">
    <p class='ocr_par' dir='ltr' id='par_1_100' title="bbox 357 4909 1928 4989">
     <span class='ocr_line' id='line_1_100' title="bbox 357 4909 1928 4989; baseline -0.01 -15"><span class='ocrx_word' id='word_1_775' title='bbox 357 4916 622 4989; x_wconf 81' lang='lat' dir='ltr'><strong>dignosci.</strong></span> <span class='ocrx_word' id='word_1_776' title='bbox 669 4918 799 4981; x_wconf 78' lang='lat' dir='ltr'><strong>Quae</strong></span> <span class='ocrx_word' id='word_1_777' title='bbox 848 4923 1026 4967; x_wconf 87' lang='lat' dir='ltr'><strong>autem</strong></span> <span class='ocrx_word' id='word_1_778' title='bbox 1066 4913 1132 4965; x_wconf 90' lang='lat' dir='ltr'><strong>ad</strong></span> <span class='ocrx_word' id='word_1_779' title='bbox 1173 4910 1455 4964; x_wconf 89' lang='lat' dir='ltr'><strong>historiam</strong></span> <span class='ocrx_word' id='word_1_780' title='bbox 1497 4909 1928 4963; x_wconf 85' lang='lat' dir='ltr'><strong>Commentario-</strong></span> 
     </span>
    </p>
   </div>
   <div class='ocr_carea' id='block_1_101' title="bbox 355 4997 1924 5072">
    <p class='ocr_par' dir='ltr' id='par_1_101' title="bbox 355 4997 1924 5072">
     <span class='ocr_line' id='line_1_101' title="bbox 355 4997 1924 5072; baseline -0.012 -6"><span class='ocrx_word' id='word_1_781' title='bbox 355 5027 474 5066; x_wconf 88' lang='lat' dir='ltr'><strong>rum</strong></span> <span class='ocrx_word' id='word_1_782' title='bbox 500 5010 552 5063; x_wconf 89' lang='lat' dir='ltr'><strong>in</strong></span> <span class='ocrx_word' id='word_1_783' title='bbox 575 5006 818 5060; x_wconf 82' lang='lat' dir='ltr'><strong>Psalmos</strong></span> <span class='ocrx_word' id='word_1_784' title='bbox 837 5003 1125 5072; x_wconf 84' lang='lat' dir='ltr'><strong>pertinent,</strong></span> <span class='ocrx_word' id='word_1_785' title='bbox 1141 5016 1470 5070; x_wconf 83' lang='lat' dir='ltr'><strong>cognoscere</strong></span> <span class='ocrx_word' id='word_1_786' title='bbox 1491 4999 1724 5053; x_wconf 89' lang='lat' dir='ltr'><strong>nondum</strong></span> <span class='ocrx_word' id='word_1_787' title='bbox 1752 4997 1924 5061; x_wconf 88' lang='lat' dir='ltr'><strong>licuit,</strong></span> 
     </span>
    </p>
   </div>
   <div class='ocr_carea' id='block_1_102' title="bbox 357 5088 1930 5172">
    <p class='ocr_par' dir='ltr' id='par_1_102' title="bbox 357 5088 1930 5172">
     <span class='ocr_line' id='line_1_102' title="bbox 357 5088 1930 5172; baseline -0.011 -15"><span class='ocrx_word' id='word_1_788' title='bbox 357 5103 462 5159; x_wconf 86' lang='lat' dir='ltr'><strong>nisi</strong></span> <span class='ocrx_word' id='word_1_789' title='bbox 484 5101 604 5172; x_wconf 83' lang='lat' dir='ltr'><strong>quis</strong></span> <span class='ocrx_word' id='word_1_790' title='bbox 625 5097 763 5153; x_wconf 83' lang='lat' dir='ltr'><strong>forte</strong></span> <span class='ocrx_word' id='word_1_791' title='bbox 799 5097 946 5158; x_wconf 89' lang='lat' dir='ltr'><strong>vim,</strong></span> <span class='ocrx_word' id='word_1_792' title='bbox 983 5094 1223 5160; x_wconf 89' lang='lat' dir='ltr'><strong>aliasque</strong></span> <span class='ocrx_word' id='word_1_793' title='bbox 1257 5091 1468 5146; x_wconf 87' lang='lat' dir='ltr'><strong>dicendi</strong></span> <span class='ocrx_word' id='word_1_794' title='bbox 1499 5093 1724 5143; x_wconf 84' lang='lat' dir='ltr'><strong>virtutes</strong></span> <span class='ocrx_word' id='word_1_795' title='bbox 1751 5088 1930 5156; x_wconf 88' lang='lat' dir='ltr'><strong>suspi-</strong></span> 
     </span>
    </p>
   </div>
   <div class='ocr_carea' id='block_1_103' title="bbox 359 5183 1926 5261">
    <p class='ocr_par' dir='ltr' id='par_1_103' title="bbox 359 5183 1926 5261">
     <span class='ocr_line' id='line_1_103' title="bbox 359 5183 1926 5261; baseline -0.01 -10"><span class='ocrx_word' id='word_1_796' title='bbox 359 5198 506 5252; x_wconf 89' lang='lat' dir='ltr'><strong>ciens</strong></span> <span class='ocrx_word' id='word_1_797' title='bbox 528 5235 544 5261; x_wconf 92' lang='lat'><strong>,</strong></span> <span class='ocrx_word' id='word_1_798' title='bbox 571 5194 801 5247; x_wconf 88' lang='lat' dir='ltr'><strong>otiosum</strong></span> <span class='ocrx_word' id='word_1_799' title='bbox 827 5189 912 5242; x_wconf 86' lang='lat' dir='ltr'><strong>illa</strong></span> <span class='ocrx_word' id='word_1_800' title='bbox 933 5188 1135 5259; x_wconf 91' lang='lat' dir='ltr'><strong>potius,</strong></span> <span class='ocrx_word' id='word_1_801' title='bbox 1164 5201 1323 5254; x_wconf 82' lang='lat' dir='ltr'><strong>quam</strong></span> <span class='ocrx_word' id='word_1_802' title='bbox 1359 5183 1584 5253; x_wconf 90' lang='lat' dir='ltr'><strong>publicis</strong></span> <span class='ocrx_word' id='word_1_803' title='bbox 1612 5184 1926 5237; x_wconf 89' lang='lat' dir='ltr'><strong>immersum</strong></span> 
     </span>
    </p>
   </div>
   <div class='ocr_carea' id='block_1_104' title="bbox 361 5273 1927 5357">
    <p class='ocr_par' dir='ltr' id='par_1_104' title="bbox 361 5273 1927 5357">
     <span class='ocr_line' id='line_1_104' title="bbox 361 5273 1927 5357; baseline -0.009 -17"><span class='ocrx_word' id='word_1_804' title='bbox 361 5285 589 5357; x_wconf 82' lang='lat' dir='ltr'><strong>negotiis</strong></span> <span class='ocrx_word' id='word_1_805' title='bbox 607 5324 623 5349; x_wconf 95' lang='lat'><strong>,</strong></span> <span class='ocrx_word' id='word_1_806' title='bbox 646 5281 957 5338; x_wconf 87' lang='lat' dir='ltr'><strong>elaborasse</strong></span> <span class='ocrx_word' id='word_1_807' title='bbox 974 5276 1224 5332; x_wconf 83' lang='lat' dir='ltr'><strong>allirmet.</strong></span> <span class='ocrx_word' id='word_1_808' title='bbox 1244 5273 1398 5342; x_wconf 84' lang='lat' dir='ltr'><strong>Quod</strong></span> <span class='ocrx_word' id='word_1_809' title='bbox 1430 5273 1600 5340; x_wconf 87' lang='lat' dir='ltr'><strong>sicubi</strong></span> <span class='ocrx_word' id='word_1_810' title='bbox 1629 5274 1927 5332; x_wconf 87' lang='lat' dir='ltr'><strong>sentcntia-</strong></span> 
     </span>
    </p>
   </div>
   <div class='ocr_carea' id='block_1_105' title="bbox 2035 4723 3609 4794">
    <p class='ocr_par' dir='ltr' id='par_1_105' title="bbox 2035 4723 3609 4794">
     <span class='ocr_line' id='line_1_105' title="bbox 2035 4723 3609 4794; baseline 0.007 -21"><span class='ocrx_word' id='word_1_811' title='bbox 2035 4723 2219 4776; x_wconf 83' lang='grc' dir='ltr'>στολου</span> <span class='ocrx_word' id='word_1_812' title='bbox 2249 4723 2394 4776; x_wconf 78' lang='grc' dir='ltr'>ἔστιν</span> <span class='ocrx_word' id='word_1_813' title='bbox 2425 4724 2484 4787; x_wconf 82' lang='grc' dir='ltr'><strong>ἐξ</strong></span> <span class='ocrx_word' id='word_1_814' title='bbox 2523 4725 2701 4777; x_wconf 82' lang='grc' dir='ltr'>αὑτῶν</span> <span class='ocrx_word' id='word_1_815' title='bbox 2743 4725 2965 4779; x_wconf 78' lang='grc' dir='ltr'>ἐκείνων</span> <span class='ocrx_word' id='word_1_816' title='bbox 3010 4728 3330 4794; x_wconf 82' lang='grc' dir='ltr'>ἐπιγνῶναι,</span> <span class='ocrx_word' id='word_1_817' title='bbox 3363 4730 3514 4783; x_wconf 83' lang='grc' dir='ltr'>ποῖαί</span> <span class='ocrx_word' id='word_1_818' title='bbox 3545 4749 3609 4784; x_wconf 88' lang='grc' dir='ltr'><strong>τε</strong></span> 
     </span>
    </p>
   </div>
   <div class='ocr_carea' id='block_1_106' title="bbox 2034 4815 3613 4892">
    <p class='ocr_par' dir='ltr' id='par_1_106' title="bbox 2034 4815 3613 4892">
     <span class='ocr_line' id='line_1_106' title="bbox 2034 4815 3613 4892; baseline 0.006 -25"><span class='ocrx_word' id='word_1_819' title='bbox 2034 4815 2210 4868; x_wconf 81' lang='grc' dir='ltr'>αὐτῶν</span> <span class='ocrx_word' id='word_1_820' title='bbox 2251 4817 2308 4868; x_wconf 77' lang='grc' dir='ltr'><strong>ἐν</strong></span> <span class='ocrx_word' id='word_1_821' title='bbox 2367 4817 2668 4888; x_wconf 75' lang='grc' dir='ltr'>Ἀντιοχείᾳ</span> <span class='ocrx_word' id='word_1_822' title='bbox 2721 4818 3054 4888; x_wconf 78' lang='grc' dir='ltr'>διατρίϐοντι</span> <span class='ocrx_word' id='word_1_823' title='bbox 3093 4820 3521 4892; x_wconf 77' lang='grc' dir='ltr'>ἐξεπονήθησαν,</span> <span class='ocrx_word' id='word_1_824' title='bbox 3554 4824 3613 4879; x_wconf 66' lang='lat' dir='ltr'><strong>at</strong></span> 
     </span>
    </p>
   </div>
   <div class='ocr_carea' id='block_1_107' title="bbox 2033 4907 3614 4983">
    <p class='ocr_par' dir='ltr' id='par_1_107' title="bbox 2033 4907 3614 4983">
     <span class='ocr_line' id='line_1_107' title="bbox 2033 4907 3614 4983; baseline 0.005 -23"><span class='ocrx_word' id='word_1_825' title='bbox 2033 4907 2127 4960; x_wconf 73' lang='grc' dir='ltr'><strong>καὶ</strong></span> <span class='ocrx_word' id='word_1_826' title='bbox 2160 4908 2360 4976; x_wconf 82' lang='grc' dir='ltr'>μᾶλλον</span> <span class='ocrx_word' id='word_1_827' title='bbox 2406 4907 2814 4978; x_wconf 77' lang='grc' dir='ltr'>διηκρίϐωνται,</span> <span class='ocrx_word' id='word_1_828' title='bbox 2843 4912 2935 4963; x_wconf 81' lang='grc' dir='ltr'><strong>καὶ</strong></span> <span class='ocrx_word' id='word_1_829' title='bbox 2964 4913 3114 4964; x_wconf 84' lang='grc' dir='ltr'>ποῖαι</span> <span class='ocrx_word' id='word_1_830' title='bbox 3163 4913 3614 4983; x_wconf 84' lang='grc' dir='ltr'>ἀρχιερατεύοντι</span> 
     </span>
    </p>
   </div>
   <div class='ocr_carea' id='block_1_108' title="bbox 2037 4998 3617 5072">
    <p class='ocr_par' dir='ltr' id='par_1_108' title="bbox 2037 4998 3617 5072">
     <span class='ocr_line' id='line_1_108' title="bbox 2037 4998 3617 5072; baseline 0.004 -22"><span class='ocrx_word' id='word_1_831' title='bbox 2037 4999 2375 5070; x_wconf 79' lang='grc' dir='ltr'>ἐποιήθησαν</span> <span class='ocrx_word' id='word_1_832' title='bbox 2401 5015 2415 5029; x_wconf 86' lang='grc'><strong>·</strong></span> <span class='ocrx_word' id='word_1_833' title='bbox 2453 4998 2553 5062; x_wconf 81' lang='grc' dir='ltr'><strong>τὰς</strong></span> <span class='ocrx_word' id='word_1_834' title='bbox 2579 5000 2636 5052; x_wconf 86' lang='grc' dir='ltr'>δὲ</span> <span class='ocrx_word' id='word_1_835' title='bbox 2667 5003 2746 5063; x_wconf 87' lang='grc' dir='ltr'>εἰς</span> <span class='ocrx_word' id='word_1_836' title='bbox 2772 5002 2898 5063; x_wconf 86' lang='grc' dir='ltr'>τοὺς</span> <span class='ocrx_word' id='word_1_837' title='bbox 2921 5001 3185 5072; x_wconf 81' lang='grc' dir='ltr'>Ψαλμοὺς</span> <span class='ocrx_word' id='word_1_838' title='bbox 3213 5002 3363 5054; x_wconf 72' lang='grc' dir='ltr'>οὔπω</span> <span class='ocrx_word' id='word_1_839' title='bbox 3414 5003 3617 5072; x_wconf 84' lang='grc' dir='ltr'>ἔχομεν</span> 
     </span>
    </p>
   </div>
   <div class='ocr_carea' id='block_1_109' title="bbox 2034 5089 3617 5162">
    <p class='ocr_par' dir='ltr' id='par_1_109' title="bbox 2034 5089 3617 5162">
     <span class='ocr_line' id='line_1_109' title="bbox 2034 5089 3617 5162; baseline 0.003 -19"><span class='ocrx_word' id='word_1_840' title='bbox 2034 5093 2158 5144; x_wconf 85' lang='grc' dir='ltr'>ὅσον</span> <span class='ocrx_word' id='word_1_841' title='bbox 2185 5091 2229 5121; x_wconf 75' lang='grc'><strong><em>⁶⁹</em></strong></span> <span class='ocrx_word' id='word_1_842' title='bbox 2257 5089 2376 5142; x_wconf 85' lang='grc' dir='ltr'>καθ’</span> <span class='ocrx_word' id='word_1_843' title='bbox 2420 5091 2658 5161; x_wconf 80' lang='grc' dir='ltr'>ἱστορίαν</span> <span class='ocrx_word' id='word_1_844' title='bbox 2691 5091 2917 5158; x_wconf 82' lang='grc' dir='ltr'>γνῶναι,</span> <span class='ocrx_word' id='word_1_845' title='bbox 2946 5094 3086 5162; x_wconf 78' lang='grc' dir='ltr'>πλὴν</span> <span class='ocrx_word' id='word_1_846' title='bbox 3125 5094 3177 5145; x_wconf 87' lang='grc' dir='ltr'><strong>εί</strong></span> <span class='ocrx_word' id='word_1_847' title='bbox 3204 5111 3286 5156; x_wconf 88' lang='grc' dir='ltr'><strong>τις</strong></span> <span class='ocrx_word' id='word_1_848' title='bbox 3322 5095 3419 5162; x_wconf 72' lang='grc' dir='ltr'><strong>τὴν</strong></span> <span class='ocrx_word' id='word_1_849' title='bbox 3453 5095 3617 5148; x_wconf 85' lang='grc' dir='ltr'>δύνα-</span> 
     </span>
    </p>
   </div>
   <div class='ocr_carea' id='block_1_110' title="bbox 2038 5180 3615 5255">
    <p class='ocr_par' dir='ltr' id='par_1_110' title="bbox 2038 5180 3615 5255">
     <span class='ocr_line' id='line_1_110' title="bbox 2038 5180 3615 5255; baseline 0.003 -21"><span class='ocrx_word' id='word_1_850' title='bbox 2038 5200 2129 5253; x_wconf 86' lang='grc' dir='ltr'><strong>μιν</strong></span> <span class='ocrx_word' id='word_1_851' title='bbox 2153 5182 2248 5235; x_wconf 71' lang='grc' dir='ltr'>καὶ</span> <span class='ocrx_word' id='word_1_852' title='bbox 2277 5180 2374 5252; x_wconf 84' lang='grc' dir='ltr'><strong>τὴν</strong></span> <span class='ocrx_word' id='word_1_853' title='bbox 2405 5181 2573 5252; x_wconf 84' lang='grc' dir='ltr'>ἄλλην</span> <span class='ocrx_word' id='word_1_854' title='bbox 2607 5183 2809 5254; x_wconf 81' lang='grc' dir='ltr'>ἀρετὴν</span> <span class='ocrx_word' id='word_1_855' title='bbox 2835 5183 2929 5236; x_wconf 77' lang='grc' dir='ltr'>τοῦ</span> <span class='ocrx_word' id='word_1_856' title='bbox 2963 5183 3123 5251; x_wconf 87' lang='grc' dir='ltr'>λόγου</span> <span class='ocrx_word' id='word_1_857' title='bbox 3149 5185 3444 5253; x_wconf 76' lang='grc' dir='ltr'>θαυμάζων</span> <span class='ocrx_word' id='word_1_858' title='bbox 3488 5203 3615 5255; x_wconf 81' lang='grc' dir='ltr'>σχο-</span> 
     </span>
    </p>
   </div>
   <div class='ocr_carea' id='block_1_111' title="bbox 2033 5274 3612 5348">
    <p class='ocr_par' dir='ltr' id='par_1_111' title="bbox 2033 5274 3612 5348">
     <span class='ocr_line' id='line_1_111' title="bbox 2033 5274 3612 5348; baseline 0.002 -21"><span class='ocrx_word' id='word_1_859' title='bbox 2033 5275 2266 5340; x_wconf 77' lang='grc' dir='ltr'>λάζοντα</span> <span class='ocrx_word' id='word_1_860' title='bbox 2299 5274 2462 5328; x_wconf 83' lang='grc' dir='ltr'>αὑτὸν</span> <span class='ocrx_word' id='word_1_861' title='bbox 2491 5274 2693 5345; x_wconf 79' lang='grc' dir='ltr'>μᾶλλον</span> <span class='ocrx_word' id='word_1_862' title='bbox 2721 5276 2836 5330; x_wconf 78' lang='grc' dir='ltr'>ἀλλ’</span> <span class='ocrx_word' id='word_1_863' title='bbox 2865 5277 2928 5330; x_wconf 90' lang='grc' dir='ltr'><strong>οὑ</strong></span> <span class='ocrx_word' id='word_1_864' title='bbox 2966 5277 3256 5348; x_wconf 83' lang='grc' dir='ltr'>πράγμασι</span> <span class='ocrx_word' id='word_1_865' title='bbox 3287 5281 3488 5341; x_wconf 77' lang='grc' dir='ltr'>κοινοῖς</span> <span class='ocrx_word' id='word_1_866' title='bbox 3521 5282 3612 5330; x_wconf 69' lang='grc' dir='ltr'>ἐν-</span> 
     </span>
    </p>
   </div>
   <div class='ocr_carea' id='block_1_112' title="bbox 1678 5447 2363 5507">
    <p class='ocr_par' dir='ltr' id='par_1_112' title="bbox 1678 5447 2363 5507">
     <span class='ocr_line' id='line_1_112' title="bbox 1678 5447 2363 5507; baseline 0.003 -4"><span class='ocrx_word' id='word_1_867' title='bbox 1678 5447 1914 5504; x_wconf 67' lang='lat' dir='ltr'><strong>VARIIE</strong></span> <span class='ocrx_word' id='word_1_868' title='bbox 1954 5448 2363 5507; x_wconf 83' lang='lat' dir='ltr'><strong>LECTlONES.</strong></span> 
     </span>
    </p>
   </div>
   <div class='ocr_carea' id='block_1_113' title="bbox 437 5567 1810 5647">
    <p class='ocr_par' dir='ltr' id='par_1_113' title="bbox 437 5567 1810 5647">
     <span class='ocr_line' id='line_1_113' title="bbox 437 5567 1810 5647; baseline -0.004 -17"><span class='ocrx_word' id='word_1_869' title='bbox 437 5581 482 5612; x_wconf 77' lang='lat'><strong>&quot;</strong></span> <span class='ocrx_word' id='word_1_870' title='bbox 514 5577 701 5647; x_wconf 83' lang='grc' dir='ltr'>ἐτέρου</span> <span class='ocrx_word' id='word_1_871' title='bbox 730 5578 770 5631; x_wconf 79' lang='grc' dir='ltr'>Α</span> <span class='ocrx_word' id='word_1_872' title='bbox 803 5594 816 5628; x_wconf 90' lang='lat'><strong>:</strong></span> <span class='ocrx_word' id='word_1_873' title='bbox 843 5576 1099 5647; x_wconf 78' lang='grc' dir='ltr'>δευτέρου</span> <span class='ocrx_word' id='word_1_874' title='bbox 1118 5591 1217 5647; x_wconf 14' lang='grc' dir='ltr'>ξς.-</span> <span class='ocrx_word' id='word_1_875' title='bbox 1299 5571 1343 5647; x_wconf 47' lang='grc' dir='ltr'><strong>δέ</strong></span> <span class='ocrx_word' id='word_1_876' title='bbox 1569 5570 1692 5626; x_wconf 83' lang='lat' dir='ltr'><strong>add.</strong></span> 
     </span>
    </p>
   </div>
   <div class='ocr_carea' id='block_1_114' title="bbox 369 5642 1636 5719">
    <p class='ocr_par' dir='ltr' id='par_1_114' title="bbox 369 5642 1636 5719">
     <span class='ocr_line' id='line_1_114' title="bbox 369 5642 1636 5719; baseline -0.004 -18"><span class='ocrx_word' id='word_1_877' title='bbox 369 5652 412 5701; x_wconf 65' lang='grc' dir='ltr'>υ</span> <span class='ocrx_word' id='word_1_878' title='bbox 453 5642 674 5719; x_wconf 78' lang='grc' dir='ltr'>παράἈ</span> <span class='ocrx_word' id='word_1_879' title='bbox 710 5665 724 5702; x_wconf 88' lang='lat'><strong>:</strong></span> <span class='ocrx_word' id='word_1_880' title='bbox 767 5646 893 5717; x_wconf 79' lang='grc' dir='ltr'>περί</span> <span class='ocrx_word' id='word_1_881' title='bbox 924 5642 1017 5710; x_wconf 75' lang='grc' dir='ltr'>ς.”</span> <span class='ocrx_word' id='word_1_882' title='bbox 1092 5645 1135 5676; x_wconf 60' lang='grc' dir='ltr'><strong>τε</strong></span> <span class='ocrx_word' id='word_1_883' title='bbox 1177 5643 1271 5713; x_wconf 79' lang='grc' dir='ltr'>ὅλῃ</span> <span class='ocrx_word' id='word_1_884' title='bbox 1307 5645 1350 5696; x_wconf 87' lang='grc' dir='ltr'><strong>Λ</strong></span> <span class='ocrx_word' id='word_1_885' title='bbox 1387 5642 1548 5711; x_wconf 78' lang='grc' dir='ltr'>εάλλη</span> <span class='ocrx_word' id='word_1_886' title='bbox 1577 5659 1636 5705; x_wconf 73' lang='grc' dir='ltr'><strong>ς.</strong></span> 
     </span>
    </p>
   </div>
   <div class='ocr_carea' id='block_1_115' title="bbox 1745 5573 2406 5650">
    <p class='ocr_par' dir='ltr' id='par_1_115' title="bbox 1745 5573 2406 5650">
     <span class='ocr_line' id='line_1_115' title="bbox 1745 5573 2406 5650; baseline 0.011 -27"><span class='ocrx_word' id='word_1_887' title='bbox 1915 5573 1959 5605; x_wconf 72' lang='grc'>⁸⁵</span> <span class='ocrx_word' id='word_1_888' title='bbox 1983 5573 2043 5626; x_wconf 83' lang='grc' dir='ltr'><strong>ὃν</strong></span> <span class='ocrx_word' id='word_1_889' title='bbox 2070 5590 2183 5650; x_wconf 80' lang='lat' dir='ltr'><strong>om.</strong></span> <span class='ocrx_word' id='word_1_890' title='bbox 2221 5592 2300 5647; x_wconf 88' lang='lat' dir='ltr'><strong>pr.</strong></span> <span class='ocrx_word' id='word_1_891' title='bbox 2339 5575 2406 5631; x_wconf 79' lang='grc' dir='ltr'>Α.</span> 
     </span>
    </p>
   </div>
   <div class='ocr_carea' id='block_1_116' title="bbox 1737 5644 2160 5701">
    <p class='ocr_par' dir='ltr' id='par_1_116' title="bbox 1737 5644 2160 5701">
     <span class='ocr_line' id='line_1_116' title="bbox 1737 5644 2160 5701; baseline 0.007 -6"><span class='ocrx_word' id='word_1_892' title='bbox 1737 5644 1780 5674; x_wconf 67' lang='grc' dir='ltr'>θ’</span> <span class='ocrx_word' id='word_1_893' title='bbox 1811 5644 1932 5698; x_wconf 79' lang='grc' dir='ltr'>ὅσον</span> <span class='ocrx_word' id='word_1_894' title='bbox 1959 5660 2066 5700; x_wconf 84' lang='lat' dir='ltr'><strong>om.</strong></span> <span class='ocrx_word' id='word_1_895' title='bbox 2099 5647 2160 5701; x_wconf 71' lang='grc' dir='ltr'><strong>(Ζ.</strong></span> 
     </span>
    </p>
   </div>
   <div class='ocr_carea' id='block_1_117' title="bbox 2518 5573 3612 5654">
    <p class='ocr_par' dir='ltr' id='par_1_117' title="bbox 2518 5573 3612 5654">
     <span class='ocr_line' id='line_1_117' title="bbox 2518 5573 3612 5654; baseline 0.007 -28"><span class='ocrx_word' id='word_1_896' title='bbox 2518 5576 2561 5608; x_wconf 74' lang='grc'><strong>⁸⁵</strong></span> <span class='ocrx_word' id='word_1_897' title='bbox 2585 5581 2625 5627; x_wconf 84' lang='grc' dir='ltr'>ε’</span> <span class='ocrx_word' id='word_1_898' title='bbox 2648 5573 2772 5632; x_wconf 86' lang='lat' dir='ltr'><strong>add.</strong></span> <span class='ocrx_word' id='word_1_899' title='bbox 2797 5575 2865 5630; x_wconf 82' lang='lat' dir='ltr'><strong>A.</strong></span> <span class='ocrx_word' id='word_1_900' title='bbox 2971 5579 3017 5612; x_wconf 85' lang='lat'><strong>“</strong></span> <span class='ocrx_word' id='word_1_901' title='bbox 3044 5578 3322 5654; x_wconf 81' lang='grc' dir='ltr'>ὡμίλησεν</span> <span class='ocrx_word' id='word_1_902' title='bbox 3356 5597 3502 5639; x_wconf 85' lang='lat' dir='ltr'><strong>corr.</strong></span> <span class='ocrx_word' id='word_1_903' title='bbox 3542 5580 3612 5634; x_wconf 78' lang='grc' dir='ltr'><strong>Α.</strong></span> 
     </span>
    </p>
   </div>
  </div>
