  <div class='ocr_page' id='page_1' title='image "/cluster/home/n/w/nwhite01/storage/ocr_20150623/103 pt.3/mdp.39015061933738/262.png"; bbox 0 0 3932 6240; ppageno 0'>
   <div class='ocr_carea' id='block_1_1' title="bbox 227 266 333 332">
    <p class='ocr_par' dir='ltr' id='par_1_1' title="bbox 227 266 333 332">
     <span class='ocr_line' id='line_1_1' title="bbox 227 266 333 332; baseline 0 0"><span class='ocrx_word' id='word_1_1' title='bbox 227 266 333 332; x_wconf 78' lang='lat'><strong>505</strong></span> 
     </span>
    </p>
   </div>
   <div class='ocr_carea' id='block_1_2' title="bbox 1296 265 2423 331">
    <p class='ocr_par' dir='ltr' id='par_1_2' title="bbox 1296 265 2423 331">
     <span class='ocr_line' id='line_1_2' title="bbox 1296 265 2423 331; baseline -0.003 -5"><span class='ocrx_word' id='word_1_2' title='bbox 1296 265 1828 331; x_wconf 84' lang='lat' dir='ltr'><strong>BIBLIOTHECA.</strong></span> <span class='ocrx_word' id='word_1_3' title='bbox 1855 289 1928 302; x_wconf 88' lang='grc'><strong><em>--</em></strong></span> <span class='ocrx_word' id='word_1_4' title='bbox 1961 266 2128 327; x_wconf 88' lang='lat' dir='ltr'><strong>COD.</strong></span> <span class='ocrx_word' id='word_1_5' title='bbox 2156 265 2423 329; x_wconf 77' lang='lat' dir='ltr'><strong>CLXXV.</strong></span> 
     </span>
    </p>
   </div>
   <div class='ocr_carea' id='block_1_3' title="bbox 3382 258 3487 323">
    <p class='ocr_par' dir='ltr' id='par_1_3' title="bbox 3382 258 3487 323">
     <span class='ocr_line' id='line_1_3' title="bbox 3382 258 3487 323; baseline 0.057 -6"><span class='ocrx_word' id='word_1_6' title='bbox 3382 258 3487 323; x_wconf 84' lang='lat'><strong>506</strong></span> 
     </span>
    </p>
   </div>
   <div class='ocr_carea' id='block_1_4' title="bbox 232 352 1797 444">
    <p class='ocr_par' dir='ltr' id='par_1_4' title="bbox 232 352 1797 444">
     <span class='ocr_line' id='line_1_4' title="bbox 232 352 1797 444; baseline 0.001 -18"><span class='ocrx_word' id='word_1_7' title='bbox 232 352 601 444; x_wconf 77' lang='grc' dir='ltr'>στρεφόμενον</span> <span class='ocrx_word' id='word_1_8' title='bbox 626 371 834 437; x_wconf 82' lang='grc' dir='ltr'>ταύτας</span> <span class='ocrx_word' id='word_1_9' title='bbox 863 372 997 441; x_wconf 87' lang='grc' dir='ltr'>φαίη</span> <span class='ocrx_word' id='word_1_10' title='bbox 1029 371 1449 444; x_wconf 77' lang='grc' dir='ltr'>ἐξεργάσασθαι.</span> <span class='ocrx_word' id='word_1_11' title='bbox 1488 376 1553 429; x_wconf 80' lang='lat' dir='ltr'><strong>Ei.</strong></span> <span class='ocrx_word' id='word_1_12' title='bbox 1592 376 1652 430; x_wconf 79' lang='grc' dir='ltr'><strong>δέ</strong></span> <span class='ocrx_word' id='word_1_13' title='bbox 1682 391 1797 429; x_wconf 79' lang='grc' dir='ltr'>τινα</span> 
     </span>
    </p>
   </div>
   <div class='ocr_carea' id='block_1_5' title="bbox 1903 352 3482 444">
    <p class='ocr_par' dir='ltr' id='par_1_5' title="bbox 1904 369 3482 443">
     <span class='ocr_line' id='line_1_5' title="bbox 1904 369 3482 443; baseline -0.001 -16"><span class='ocrx_word' id='word_1_14' title='bbox 1904 389 2022 428; x_wconf 88' lang='lat' dir='ltr'><strong>rum</strong></span> <span class='ocrx_word' id='word_1_15' title='bbox 2066 374 2289 442; x_wconf 67' lang='lat' dir='ltr'><strong>aliqua»,</strong></span> <span class='ocrx_word' id='word_1_16' title='bbox 2320 369 2509 441; x_wconf 73' lang='lat'><strong>1190</strong></span> <span class='ocrx_word' id='word_1_17' title='bbox 2536 383 2630 424; x_wconf 91' lang='lat' dir='ltr'><strong>seu</strong></span> <span class='ocrx_word' id='word_1_18' title='bbox 2667 370 3162 439; x_wconf 77' lang='lat' dir='ltr'><strong>interpretationis,</strong></span> <span class='ocrx_word' id='word_1_19' title='bbox 3214 386 3309 428; x_wconf 89' lang='lat' dir='ltr'><strong>seu</strong></span> <span class='ocrx_word' id='word_1_20' title='bbox 3355 388 3482 443; x_wconf 85' lang='lat' dir='ltr'><strong>pro-</strong></span> 
     </span>
    </p>
   </div>
   <div class='ocr_carea' id='block_1_6' title="bbox 228 462 1796 537">
    <p class='ocr_par' dir='ltr' id='par_1_6' title="bbox 228 462 1796 537">
     <span class='ocr_line' id='line_1_6' title="bbox 228 462 1796 537; baseline 0.001 -20"><span class='ocrx_word' id='word_1_21' title='bbox 228 462 337 517; x_wconf 79' lang='grc' dir='ltr'><strong>τῶν</strong></span> <span class='ocrx_word' id='word_1_22' title='bbox 370 463 553 535; x_wconf 80' lang='grc' dir='ltr'><strong>ῥητῶν</strong></span> <span class='ocrx_word' id='word_1_23' title='bbox 583 463 618 534; x_wconf 79' lang='grc' dir='ltr'>ἢ</span> <span class='ocrx_word' id='word_1_24' title='bbox 655 463 948 534; x_wconf 77' lang='grc' dir='ltr'><strong>ἑρμηνείας</strong></span> <span class='ocrx_word' id='word_1_25' title='bbox 971 462 1006 533; x_wconf 81' lang='grc' dir='ltr'>ἢ</span> <span class='ocrx_word' id='word_1_26' title='bbox 1034 463 1336 535; x_wconf 81' lang='grc' dir='ltr'><strong>βαθυτέρας</strong></span> <span class='ocrx_word' id='word_1_27' title='bbox 1358 465 1588 537; x_wconf 83' lang='grc' dir='ltr'><strong>Θεωρίας</strong></span> <span class='ocrx_word' id='word_1_28' title='bbox 1609 466 1796 537; x_wconf 88' lang='grc' dir='ltr'>δεόμε-</span> 
     </span>
    </p>
   </div>
   <div class='ocr_carea' id='block_1_7' title="bbox 228 554 1800 628">
    <p class='ocr_par' dir='ltr' id='par_1_7' title="bbox 228 554 1800 628">
     <span class='ocr_line' id='line_1_7' title="bbox 228 554 1800 628; baseline 0.001 -19"><span class='ocrx_word' id='word_1_29' title='bbox 228 574 297 609; x_wconf 88' lang='grc' dir='ltr'><strong>να</strong></span> <span class='ocrx_word' id='word_1_30' title='bbox 321 557 421 609; x_wconf 77' lang='grc' dir='ltr'><strong>οὐκ</strong></span> <span class='ocrx_word' id='word_1_31' title='bbox 447 555 731 625; x_wconf 78' lang='grc' dir='ltr'><strong>ἐπιμελῶς</strong></span> <span class='ocrx_word' id='word_1_32' title='bbox 756 554 1069 626; x_wconf 76' lang='grc' dir='ltr'>ἐπεξῆλθεν,</span> <span class='ocrx_word' id='word_1_33' title='bbox 1101 557 1163 609; x_wconf 80' lang='grc' dir='ltr'><strong>οὐ</strong></span> <span class='ocrx_word' id='word_1_34' title='bbox 1197 555 1278 610; x_wconf 87' lang='grc' dir='ltr'><strong>δεῖ</strong></span> <span class='ocrx_word' id='word_1_35' title='bbox 1315 557 1617 628; x_wconf 80' lang='grc' dir='ltr'><strong>θαυμάζειν</strong></span> <span class='ocrx_word' id='word_1_36' title='bbox 1652 574 1667 589; x_wconf 75' lang='grc' dir='ltr'><strong><em>ο</em></strong></span> <span class='ocrx_word' id='word_1_37' title='bbox 1699 558 1800 612; x_wconf 81' lang='grc' dir='ltr'>ὅσα</span> 
     </span>
    </p>
   </div>
   <div class='ocr_carea' id='block_1_8' title="bbox 230 644 1802 719">
    <p class='ocr_par' dir='ltr' id='par_1_8' title="bbox 230 644 1802 719">
     <span class='ocr_line' id='line_1_8' title="bbox 230 644 1802 719; baseline 0.004 -24"><span class='ocrx_word' id='word_1_38' title='bbox 230 645 400 714; x_wconf 77' lang='grc' dir='ltr'><strong>γὰρὴ</strong></span> <span class='ocrx_word' id='word_1_39' title='bbox 447 644 558 696; x_wconf 88' lang='grc' dir='ltr'><strong>τῶν</strong></span> <span class='ocrx_word' id='word_1_40' title='bbox 625 644 911 716; x_wconf 82' lang='grc' dir='ltr'><strong>ἀκροατῶν</strong></span> <span class='ocrx_word' id='word_1_41' title='bbox 961 644 1158 715; x_wconf 82' lang='grc' dir='ltr'>ἐχώρει</span> <span class='ocrx_word' id='word_1_42' title='bbox 1202 644 1428 717; x_wconf 87' lang='grc' dir='ltr'>δύναμις</span> <span class='ocrx_word' id='word_1_43' title='bbox 1468 647 1562 700; x_wconf 78' lang='grc' dir='ltr'>καὶ</span> <span class='ocrx_word' id='word_1_44' title='bbox 1590 649 1670 710; x_wconf 86' lang='grc' dir='ltr'><strong>είς</strong></span> <span class='ocrx_word' id='word_1_45' title='bbox 1701 651 1802 719; x_wconf 85' lang='grc' dir='ltr'>τὴν</span> 
     </span>
    </p>
   </div>
   <div class='ocr_carea' id='block_1_9' title="bbox 230 735 1804 806">
    <p class='ocr_par' dir='ltr' id='par_1_9' title="bbox 230 735 1804 806">
     <span class='ocr_line' id='line_1_9' title="bbox 230 735 1804 806; baseline 0.004 -19"><span class='ocrx_word' id='word_1_46' title='bbox 230 735 456 789; x_wconf 75' lang='grc' dir='ltr'>ἐκείνων</span> <span class='ocrx_word' id='word_1_47' title='bbox 490 737 761 788; x_wconf 77' lang='grc' dir='ltr'>συνέτεινε</span> <span class='ocrx_word' id='word_1_48' title='bbox 800 735 1069 806; x_wconf 80' lang='grc' dir='ltr'>σωτηρίαν</span> <span class='ocrx_word' id='word_1_49' title='bbox 1098 736 1193 789; x_wconf 84' lang='grc' dir='ltr'>καὶ</span> <span class='ocrx_word' id='word_1_50' title='bbox 1217 735 1507 805; x_wconf 80' lang='grc' dir='ltr'>ὠφέλειαν,</span> <span class='ocrx_word' id='word_1_51' title='bbox 1540 737 1691 792; x_wconf 80' lang='grc' dir='ltr'>οὐδὲν</span> <span class='ocrx_word' id='word_1_52' title='bbox 1711 741 1804 792; x_wconf 76' lang='grc' dir='ltr'><strong>οὺ-</strong></span> 
     </span>
    </p>
   </div>
   <div class='ocr_carea' id='block_1_10' title="bbox 229 824 1804 897">
    <p class='ocr_par' dir='ltr' id='par_1_10' title="bbox 229 824 1804 897">
     <span class='ocr_line' id='line_1_10' title="bbox 229 824 1804 897; baseline 0.001 -18"><span class='ocrx_word' id='word_1_53' title='bbox 229 824 403 894; x_wconf 80' lang='grc' dir='ltr'>δαμοῦ</span> <span class='ocrx_word' id='word_1_54' title='bbox 435 825 677 895; x_wconf 85' lang='grc' dir='ltr'>παρῆκε.</span> <span class='ocrx_word' id='word_1_55' title='bbox 706 825 798 878; x_wconf 88' lang='grc' dir='ltr'>Διό</span> <span class='ocrx_word' id='word_1_56' title='bbox 841 844 931 895; x_wconf 89' lang='grc' dir='ltr'><strong>μοι</strong></span> <span class='ocrx_word' id='word_1_57' title='bbox 956 826 1051 879; x_wconf 77' lang='grc' dir='ltr'>καὶ</span> <span class='ocrx_word' id='word_1_58' title='bbox 1074 826 1159 880; x_wconf 77' lang='grc' dir='ltr'>ἀεὶ</span> <span class='ocrx_word' id='word_1_59' title='bbox 1181 825 1480 897; x_wconf 76' lang='grc' dir='ltr'>θαυμάζειν</span> <span class='ocrx_word' id='word_1_60' title='bbox 1504 827 1679 882; x_wconf 76' lang='grc' dir='ltr'>ἔπεισι</span> <span class='ocrx_word' id='word_1_61' title='bbox 1713 829 1804 883; x_wconf 82' lang='grc' dir='ltr'><strong>τὸν</strong></span> 
     </span>
    </p>
   </div>
   <div class='ocr_carea' id='block_1_11' title="bbox 230 915 1805 987">
    <p class='ocr_par' dir='ltr' id='par_1_11' title="bbox 230 915 1805 987">
     <span class='ocr_line' id='line_1_11' title="bbox 230 915 1805 987; baseline 0.001 -19"><span class='ocrx_word' id='word_1_62' title='bbox 230 915 702 985; x_wconf 84' lang='grc' dir='ltr'>τρισμακάριστον</span> <span class='ocrx_word' id='word_1_63' title='bbox 734 915 1020 987; x_wconf 77' lang='grc' dir='ltr'>ἄνθρωπον</span> <span class='ocrx_word' id='word_1_64' title='bbox 1068 915 1298 981; x_wconf 83' lang='grc' dir='ltr'>ἐκεῖνον,</span> <span class='ocrx_word' id='word_1_65' title='bbox 1348 916 1430 971; x_wconf 82' lang='grc' dir='ltr'>ὅτι</span> <span class='ocrx_word' id='word_1_66' title='bbox 1478 917 1565 971; x_wconf 75' lang='grc' dir='ltr'><strong>ἀεὶ</strong></span> <span class='ocrx_word' id='word_1_67' title='bbox 1600 917 1694 972; x_wconf 73' lang='grc' dir='ltr'>καὶ</span> <span class='ocrx_word' id='word_1_68' title='bbox 1746 918 1805 970; x_wconf 87' lang='grc' dir='ltr'><strong>ἐν</strong></span> 
     </span>
    </p>
   </div>
   <div class='ocr_carea' id='block_1_12' title="bbox 230 1005 1805 1079">
    <p class='ocr_par' dir='ltr' id='par_1_12' title="bbox 230 1005 1805 1079">
     <span class='ocr_line' id='line_1_12' title="bbox 230 1005 1805 1079; baseline 0.002 -21"><span class='ocrx_word' id='word_1_69' title='bbox 230 1008 401 1059; x_wconf 76' lang='grc' dir='ltr'>πᾶσιν</span> <span class='ocrx_word' id='word_1_70' title='bbox 426 1005 592 1059; x_wconf 87' lang='grc' dir='ltr'>αὐτοῦ</span> <span class='ocrx_word' id='word_1_71' title='bbox 614 1008 729 1069; x_wconf 83' lang='grc' dir='ltr'>τοῖς</span> <span class='ocrx_word' id='word_1_72' title='bbox 749 1007 796 1038; x_wconf 79' lang='grc'><strong>⁷⁸</strong></span> <span class='ocrx_word' id='word_1_73' title='bbox 819 1007 997 1075; x_wconf 82' lang='grc' dir='ltr'>λόγοις</span> <span class='ocrx_word' id='word_1_74' title='bbox 1017 1006 1177 1060; x_wconf 89' lang='grc' dir='ltr'>τοῦτο</span> <span class='ocrx_word' id='word_1_75' title='bbox 1205 1006 1404 1062; x_wconf 82' lang='grc' dir='ltr'>σκοπὸν</span> <span class='ocrx_word' id='word_1_76' title='bbox 1427 1009 1679 1072; x_wconf 84' lang='grc' dir='ltr'>ἐποιεῖτο,</span> <span class='ocrx_word' id='word_1_77' title='bbox 1707 1007 1805 1079; x_wconf 79' lang='grc' dir='ltr'><strong>τῆν</strong></span> 
     </span>
    </p>
   </div>
   <div class='ocr_carea' id='block_1_13' title="bbox 228 1098 1806 1171">
    <p class='ocr_par' dir='ltr' id='par_1_13' title="bbox 228 1098 1806 1171">
     <span class='ocr_line' id='line_1_13' title="bbox 228 1098 1806 1171; baseline 0.002 -20"><span class='ocrx_word' id='word_1_78' title='bbox 228 1098 502 1167; x_wconf 77' lang='grc' dir='ltr'>ὠφέλειαν</span> <span class='ocrx_word' id='word_1_79' title='bbox 518 1098 628 1151; x_wconf 88' lang='grc' dir='ltr'><strong>τῶν</strong></span> <span class='ocrx_word' id='word_1_80' title='bbox 664 1099 970 1171; x_wconf 81' lang='grc' dir='ltr'>ἀκροατῶν,</span> <span class='ocrx_word' id='word_1_81' title='bbox 1009 1098 1118 1152; x_wconf 87' lang='grc' dir='ltr'><strong>τῶν</strong></span> <span class='ocrx_word' id='word_1_82' title='bbox 1158 1098 1203 1152; x_wconf 79' lang='grc' dir='ltr'>δ’</span> <span class='ocrx_word' id='word_1_83' title='bbox 1232 1098 1473 1171; x_wconf 67' lang='lat' dir='ltr'><strong>anqu</strong></span> <span class='ocrx_word' id='word_1_84' title='bbox 1515 1099 1624 1154; x_wconf 79' lang='grc' dir='ltr'>οὐδ’</span> <span class='ocrx_word' id='word_1_85' title='bbox 1669 1100 1806 1165; x_wconf 84' lang='grc' dir='ltr'>ὅλως</span> 
     </span>
    </p>
   </div>
   <div class='ocr_carea' id='block_1_14' title="bbox 230 1188 1804 1261">
    <p class='ocr_par' dir='ltr' id='par_1_14' title="bbox 230 1188 1804 1261">
     <span class='ocr_line' id='line_1_14' title="bbox 230 1188 1804 1261; baseline 0.003 -18"><span class='ocrx_word' id='word_1_86' title='bbox 230 1188 607 1261; x_wconf 81' lang='grc' dir='ltr'>ἐφρόντιζενῆ</span> <span class='ocrx_word' id='word_1_87' title='bbox 642 1190 718 1254; x_wconf 86' lang='grc' dir='ltr'>ὡς</span> <span class='ocrx_word' id='word_1_88' title='bbox 755 1189 1058 1260; x_wconf 81' lang='grc' dir='ltr'>ἐλάχιστον,</span> <span class='ocrx_word' id='word_1_89' title='bbox 1105 1191 1241 1246; x_wconf 85' lang='grc' dir='ltr'><strong>άλλά</strong></span> <span class='ocrx_word' id='word_1_90' title='bbox 1274 1193 1370 1246; x_wconf 75' lang='grc' dir='ltr'>καὶ</span> <span class='ocrx_word' id='word_1_91' title='bbox 1415 1192 1508 1246; x_wconf 87' lang='grc' dir='ltr'><strong>τοῦ</strong></span> <span class='ocrx_word' id='word_1_92' title='bbox 1536 1192 1683 1258; x_wconf 79' lang='grc' dir='ltr'>δόξαι</span> <span class='ocrx_word' id='word_1_93' title='bbox 1707 1193 1804 1247; x_wconf 80' lang='grc' dir='ltr'>λα-</span> 
     </span>
    </p>
   </div>
   <div class='ocr_carea' id='block_1_15' title="bbox 230 1281 1801 1355">
    <p class='ocr_par' dir='ltr' id='par_1_15' title="bbox 230 1281 1801 1355">
     <span class='ocr_line' id='line_1_15' title="bbox 230 1281 1801 1355; baseline 0.002 -20"><span class='ocrx_word' id='word_1_94' title='bbox 230 1281 349 1335; x_wconf 83' lang='grc' dir='ltr'>θεῖν</span> <span class='ocrx_word' id='word_1_95' title='bbox 374 1283 537 1337; x_wconf 80' lang='grc' dir='ltr'>αὖτὸν</span> <span class='ocrx_word' id='word_1_96' title='bbox 569 1284 687 1336; x_wconf 81' lang='grc' dir='ltr'>ἐνια</span> <span class='ocrx_word' id='word_1_97' title='bbox 717 1282 826 1336; x_wconf 84' lang='grc' dir='ltr'><strong>τῶν</strong></span> <span class='ocrx_word' id='word_1_98' title='bbox 861 1282 1147 1352; x_wconf 82' lang='grc' dir='ltr'>νοημάτων</span> <span class='ocrx_word' id='word_1_99' title='bbox 1180 1284 1274 1337; x_wconf 74' lang='grc' dir='ltr'>καὶ</span> <span class='ocrx_word' id='word_1_100' title='bbox 1301 1283 1398 1337; x_wconf 82' lang='grc' dir='ltr'><strong>τοῦ</strong></span> <span class='ocrx_word' id='word_1_101' title='bbox 1440 1284 1577 1354; x_wconf 85' lang='grc' dir='ltr'>πρὸς</span> <span class='ocrx_word' id='word_1_102' title='bbox 1607 1284 1675 1338; x_wconf 73' lang='grc' dir='ltr'><strong>τά</strong></span> <span class='ocrx_word' id='word_1_103' title='bbox 1703 1284 1801 1355; x_wconf 84' lang='grc' dir='ltr'><strong>βα-</strong></span> 
     </span>
    </p>
   </div>
   <div class='ocr_carea' id='block_1_16' title="bbox 231 1373 1802 1447">
    <p class='ocr_par' dir='ltr' id='par_1_16' title="bbox 231 1373 1802 1447">
     <span class='ocr_line' id='line_1_16' title="bbox 231 1373 1802 1447; baseline 0.002 -22"><span class='ocrx_word' id='word_1_104' title='bbox 231 1373 436 1445; x_wconf 83' lang='grc' dir='ltr'>θύτερα</span> <span class='ocrx_word' id='word_1_105' title='bbox 464 1375 541 1446; x_wconf 85' lang='grc' dir='ltr'>μὴ</span> <span class='ocrx_word' id='word_1_106' title='bbox 571 1375 864 1447; x_wconf 79' lang='grc' dir='ltr'>πειρᾶσθαι</span> <span class='ocrx_word' id='word_1_107' title='bbox 890 1373 1286 1446; x_wconf 79' lang='grc' dir='ltr'>παρεισδύνειν,</span> <span class='ocrx_word' id='word_1_108' title='bbox 1320 1375 1415 1427; x_wconf 73' lang='grc' dir='ltr'><strong>καὶ</strong></span> <span class='ocrx_word' id='word_1_109' title='bbox 1461 1374 1515 1427; x_wconf 69' lang='grc' dir='ltr'>εἴ</span> <span class='ocrx_word' id='word_1_110' title='bbox 1546 1393 1598 1429; x_wconf 86' lang='grc' dir='ltr'><strong>τι</strong></span> <span class='ocrx_word' id='word_1_111' title='bbox 1625 1376 1802 1430; x_wconf 87' lang='grc' dir='ltr'>τοιοῦ-</span> 
     </span>
    </p>
   </div>
   <div class='ocr_carea' id='block_1_17' title="bbox 228 1464 1802 1536">
    <p class='ocr_par' dir='ltr' id='par_1_17' title="bbox 228 1464 1802 1536">
     <span class='ocr_line' id='line_1_17' title="bbox 228 1464 1802 1536; baseline 0.002 -19"><span class='ocrx_word' id='word_1_112' title='bbox 228 1481 345 1530; x_wconf 68' lang='grc' dir='ltr'>τον,</span> <span class='ocrx_word' id='word_1_113' title='bbox 386 1465 524 1536; x_wconf 74' lang='grc' dir='ltr'>ὑπὲρ</span> <span class='ocrx_word' id='word_1_114' title='bbox 552 1465 654 1536; x_wconf 87' lang='grc' dir='ltr'><strong>τῆς</strong></span> <span class='ocrx_word' id='word_1_115' title='bbox 671 1465 779 1518; x_wconf 85' lang='grc' dir='ltr'><strong>τῶν</strong></span> <span class='ocrx_word' id='word_1_116' title='bbox 807 1464 1174 1536; x_wconf 81' lang='grc' dir='ltr'>ἀκροωμένων</span> <span class='ocrx_word' id='word_1_117' title='bbox 1213 1464 1479 1533; x_wconf 87' lang='grc' dir='ltr'>ὠφελείας</span> <span class='ocrx_word' id='word_1_118' title='bbox 1511 1465 1802 1520; x_wconf 87' lang='grc' dir='ltr'>παντάπα-</span> 
     </span>
    </p>
   </div>
   <div class='ocr_carea' id='block_1_18' title="bbox 230 1557 639 1628">
    <p class='ocr_par' dir='ltr' id='par_1_18' title="bbox 230 1557 639 1628">
     <span class='ocr_line' id='line_1_18' title="bbox 230 1557 639 1628; baseline 0.01 -19"><span class='ocrx_word' id='word_1_119' title='bbox 230 1573 317 1610; x_wconf 91' lang='grc' dir='ltr'><strong>σιν</strong></span> <span class='ocrx_word' id='word_1_120' title='bbox 347 1557 639 1628; x_wconf 85' lang='grc' dir='ltr'>ὠλιγώρει.</span> 
     </span>
    </p>
   </div>
   <div class='ocr_carea' id='block_1_19' title="bbox 883 1735 1056 1791">
    <p class='ocr_par' dir='ltr' id='par_1_19' title="bbox 883 1735 1056 1791">
     <span class='ocr_line' id='line_1_19' title="bbox 883 1735 1056 1791; baseline 0.012 -2"><span class='ocrx_word' id='word_1_121' title='bbox 883 1735 1056 1791; x_wconf 86' lang='grc' dir='ltr'><strong>ΡοΕ¹.</strong></span> 
     </span>
    </p>
   </div>
   <div class='ocr_carea' id='block_1_20' title="bbox 225 1824 1804 1901">
    <p class='ocr_par' dir='ltr' id='par_1_20' title="bbox 225 1824 1804 1901">
     <span class='ocr_line' id='line_1_20' title="bbox 225 1824 1804 1901; baseline 0.007 -25"><span class='ocrx_word' id='word_1_122' title='bbox 225 1824 549 1893; x_wconf 74' lang='grc' dir='ltr'><strong>Παμφίλης</strong></span> <span class='ocrx_word' id='word_1_123' title='bbox 606 1826 958 1901; x_wconf 71' lang='grc' dir='ltr'>Συμμίκτων</span> <span class='ocrx_word' id='word_1_124' title='bbox 1003 1828 1321 1901; x_wconf 76' lang='grc' dir='ltr'>ἱστορικῶν</span> <span class='ocrx_word' id='word_1_125' title='bbox 1359 1829 1804 1901; x_wconf 77' lang='grc' dir='ltr'><strong>ὑπομνημάτων</strong></span> 
     </span>
    </p>
   </div>
   <div class='ocr_carea' id='block_1_21' title="bbox 875 1896 1154 1965">
    <p class='ocr_par' dir='ltr' id='par_1_21' title="bbox 875 1896 1154 1965">
     <span class='ocr_line' id='line_1_21' title="bbox 875 1896 1154 1965; baseline 0.007 -15"><span class='ocrx_word' id='word_1_126' title='bbox 875 1897 1046 1965; x_wconf 72' lang='grc' dir='ltr'>λόγοι</span> <span class='ocrx_word' id='word_1_127' title='bbox 1080 1896 1154 1963; x_wconf 89' lang='grc' dir='ltr'><strong>η’.</strong></span> 
     </span>
    </p>
   </div>
   <div class='ocr_carea' id='block_1_22' title="bbox 319 1983 1802 2061">
    <p class='ocr_par' dir='ltr' id='par_1_22' title="bbox 319 1983 1802 2061">
     <span class='ocr_line' id='line_1_22' title="bbox 319 1983 1802 2061; baseline 0.005 -24"><span class='ocrx_word' id='word_1_128' title='bbox 319 1983 768 2057; x_wconf 80' lang='grc' dir='ltr'>’Ᾱνεγνώσθησσν</span> <span class='ocrx_word' id='word_1_129' title='bbox 785 1987 1075 2057; x_wconf 81' lang='grc' dir='ltr'><strong>Παμφίλης</strong></span> <span class='ocrx_word' id='word_1_130' title='bbox 1097 1991 1454 2058; x_wconf 80' lang='grc' dir='ltr'><strong>Συμμίκτων</strong></span> <span class='ocrx_word' id='word_1_131' title='bbox 1485 1991 1802 2061; x_wconf 76' lang='grc' dir='ltr'>ἱστορικῶν</span> 
     </span>
    </p>
   </div>
   <div class='ocr_carea' id='block_1_23' title="bbox 224 2078 1796 2157">
    <p class='ocr_par' dir='ltr' id='par_1_23' title="bbox 224 2078 1796 2157">
     <span class='ocr_line' id='line_1_23' title="bbox 224 2078 1796 2157; baseline 0.005 -26"><span class='ocrx_word' id='word_1_132' title='bbox 224 2078 681 2146; x_wconf 76' lang='grc' dir='ltr'>ὑπομνημάτων</span> <span class='ocrx_word' id='word_1_133' title='bbox 717 2080 883 2147; x_wconf 74' lang='grc' dir='ltr'>λόγοι</span> <span class='ocrx_word' id='word_1_134' title='bbox 911 2080 983 2149; x_wconf 81' lang='grc' dir='ltr'>η’.</span> <span class='ocrx_word' id='word_1_135' title='bbox 1021 2080 1168 2152; x_wconf 78' lang='grc' dir='ltr'>Αὕτη</span> <span class='ocrx_word' id='word_1_136' title='bbox 1214 2084 1369 2153; x_wconf 79' lang='grc' dir='ltr'>ἀνδρὶ</span> <span class='ocrx_word' id='word_1_137' title='bbox 1417 2085 1516 2155; x_wconf 86' lang='grc' dir='ltr'>μὲν</span> <span class='ocrx_word' id='word_1_138' title='bbox 1545 2084 1796 2157; x_wconf 81' lang='grc' dir='ltr'>συνῴκει,</span> 
     </span>
    </p>
   </div>
   <div class='ocr_carea' id='block_1_24' title="bbox 219 2164 1796 2248">
    <p class='ocr_par' dir='ltr' id='par_1_24' title="bbox 219 2164 1796 2248">
     <span class='ocr_line' id='line_1_24' title="bbox 219 2164 1796 2248; baseline 0.009 -30"><span class='ocrx_word' id='word_1_139' title='bbox 219 2164 295 2227; x_wconf 77' lang='grc' dir='ltr'>ὡς</span> <span class='ocrx_word' id='word_1_140' title='bbox 319 2169 417 2220; x_wconf 72' lang='grc' dir='ltr'><strong>καὶ</strong></span> <span class='ocrx_word' id='word_1_141' title='bbox 463 2169 603 2241; x_wconf 77' lang='grc' dir='ltr'>αὑτὴ</span> <span class='ocrx_word' id='word_1_142' title='bbox 637 2170 679 2201; x_wconf 72' lang='grc'>⁷³</span> <span class='ocrx_word' id='word_1_143' title='bbox 730 2171 838 2222; x_wconf 86' lang='grc' dir='ltr'><strong>τῶν</strong></span> <span class='ocrx_word' id='word_1_144' title='bbox 883 2171 1292 2243; x_wconf 83' lang='grc' dir='ltr'>ὑπομνημάτων</span> <span class='ocrx_word' id='word_1_145' title='bbox 1332 2176 1796 2248; x_wconf 82' lang='grc' dir='ltr'>προοιμιαζομένη</span> 
     </span>
    </p>
   </div>
   <div class='ocr_carea' id='block_1_25' title="bbox 218 2253 1796 2337">
    <p class='ocr_par' dir='ltr' id='par_1_25' title="bbox 218 2253 1796 2337">
     <span class='ocr_line' id='line_1_25' title="bbox 218 2253 1796 2337; baseline 0.008 -28"><span class='ocrx_word' id='word_1_146' title='bbox 218 2258 651 2327; x_wconf 75' lang='grc' dir='ltr'>ἐπισημαίνεται</span> <span class='ocrx_word' id='word_1_147' title='bbox 689 2277 704 2290; x_wconf 90' lang='grc'><strong>·</strong></span> <span class='ocrx_word' id='word_1_148' title='bbox 736 2253 778 2326; x_wconf 81' lang='grc' dir='ltr'>ᾧ</span> <span class='ocrx_word' id='word_1_149' title='bbox 811 2261 906 2313; x_wconf 77' lang='grc' dir='ltr'><strong>καὶ</strong></span> <span class='ocrx_word' id='word_1_150' title='bbox 949 2268 1015 2329; x_wconf 89' lang='grc' dir='ltr'>ιγ’</span> <span class='ocrx_word' id='word_1_151' title='bbox 1053 2261 1148 2332; x_wconf 78' lang='grc' dir='ltr'><strong>ἐτη</strong></span> <span class='ocrx_word' id='word_1_152' title='bbox 1188 2266 1250 2315; x_wconf 80' lang='grc' dir='ltr'><strong>ἐκ</strong></span> <span class='ocrx_word' id='word_1_153' title='bbox 1276 2265 1465 2330; x_wconf 70' lang='grc' dir='ltr'>παιδὸς</span> <span class='ocrx_word' id='word_1_154' title='bbox 1493 2265 1796 2337; x_wconf 80' lang='grc' dir='ltr'>συμϐιοῦσα</span> 
     </span>
    </p>
   </div>
   <div class='ocr_carea' id='block_1_26' title="bbox 216 2348 1796 2427">
    <p class='ocr_par' dir='ltr' id='par_1_26' title="bbox 216 2348 1796 2427">
     <span class='ocr_line' id='line_1_26' title="bbox 216 2348 1796 2427; baseline 0.007 -27"><span class='ocrx_word' id='word_1_155' title='bbox 216 2348 315 2419; x_wconf 79' lang='grc' dir='ltr'><strong>ῆδη</strong></span> <span class='ocrx_word' id='word_1_156' title='bbox 357 2349 465 2418; x_wconf 83' lang='grc' dir='ltr'><strong>τῆς</strong></span> <span class='ocrx_word' id='word_1_157' title='bbox 512 2350 975 2421; x_wconf 79' lang='grc' dir='ltr'>ὑπομνηματικῆς</span> <span class='ocrx_word' id='word_1_158' title='bbox 1026 2352 1232 2424; x_wconf 84' lang='grc' dir='ltr'>ταύτης</span> <span class='ocrx_word' id='word_1_159' title='bbox 1276 2357 1601 2427; x_wconf 86' lang='grc' dir='ltr'>συγγραφῆς</span> <span class='ocrx_word' id='word_1_160' title='bbox 1649 2356 1796 2422; x_wconf 85' lang='grc' dir='ltr'>λέγει</span> 
     </span>
    </p>
   </div>
   <div class='ocr_carea' id='block_1_27' title="bbox 207 2439 1795 2518">
    <p class='ocr_par' dir='ltr' id='par_1_27' title="bbox 207 2439 1795 2518">
     <span class='ocr_line' id='line_1_27' title="bbox 207 2439 1795 2518; baseline 0.006 -26"><span class='ocrx_word' id='word_1_161' title='bbox 207 2439 592 2510; x_wconf 81' lang='grc' dir='ltr'>ἀπάρξασθαι,</span> <span class='ocrx_word' id='word_1_162' title='bbox 624 2440 752 2513; x_wconf 81' lang='grc'><strong>[589</strong></span> <span class='ocrx_word' id='word_1_163' title='bbox 778 2441 871 2514; x_wconf 65' lang='lat' dir='ltr'><strong>IL]</strong></span> <span class='ocrx_word' id='word_1_164' title='bbox 912 2443 1222 2513; x_wconf 76' lang='grc' dir='ltr'>συγγράψαι</span> <span class='ocrx_word' id='word_1_165' title='bbox 1257 2444 1314 2498; x_wconf 85' lang='grc' dir='ltr'>δὲ</span> <span class='ocrx_word' id='word_1_166' title='bbox 1347 2444 1383 2499; x_wconf 85' lang='grc' dir='ltr'><strong>ἀ</strong></span> <span class='ocrx_word' id='word_1_167' title='bbox 1409 2463 1468 2498; x_wconf 85' lang='grc' dir='ltr'><strong>τε</strong></span> <span class='ocrx_word' id='word_1_168' title='bbox 1503 2446 1653 2518; x_wconf 86' lang='grc' dir='ltr'><strong>παρά</strong></span> <span class='ocrx_word' id='word_1_169' title='bbox 1698 2447 1795 2501; x_wconf 86' lang='grc' dir='ltr'><strong>τοῦ</strong></span> 
     </span>
    </p>
   </div>
   <div class='ocr_carea' id='block_1_28' title="bbox 201 2531 1794 2621">
    <p class='ocr_par' dir='ltr' id='par_1_28' title="bbox 201 2531 1794 2621">
     <span class='ocr_line' id='line_1_28' title="bbox 201 2531 1794 2621; baseline 0.003 -34"><span class='ocrx_word' id='word_1_170' title='bbox 201 2531 408 2600; x_wconf 84' lang='grc' dir='ltr'>ἀνδρὸς</span> <span class='ocrx_word' id='word_1_171' title='bbox 432 2532 619 2603; x_wconf 81' lang='grc' dir='ltr'>μάθοι,</span> <span class='ocrx_word' id='word_1_172' title='bbox 646 2535 714 2587; x_wconf 80' lang='grc' dir='ltr'><strong>τά</strong></span> <span class='ocrx_word' id='word_1_173' title='bbox 745 2540 815 2600; x_wconf 89' lang='grc' dir='ltr'>ιγ’</span> <span class='ocrx_word' id='word_1_174' title='bbox 838 2533 930 2603; x_wconf 80' lang='grc' dir='ltr'><strong>ἐτη</strong></span> <span class='ocrx_word' id='word_1_175' title='bbox 965 2535 1201 2621; x_wconf 66' lang='grc' dir='ltr'>συνεχῶς</span> <span class='ocrx_word' id='word_1_176' title='bbox 1229 2535 1379 2606; x_wconf 82' lang='grc' dir='ltr'>αὐτῷ</span> <span class='ocrx_word' id='word_1_177' title='bbox 1413 2539 1667 2604; x_wconf 79' lang='grc' dir='ltr'>συνοῦσα,</span> <span class='ocrx_word' id='word_1_178' title='bbox 1698 2538 1794 2593; x_wconf 73' lang='grc' dir='ltr'><strong>καὶ</strong></span> 
     </span>
    </p>
   </div>
   <div class='ocr_carea' id='block_1_29' title="bbox 206 2622 1793 2697">
    <p class='ocr_par' dir='ltr' id='par_1_29' title="bbox 206 2622 1793 2697">
     <span class='ocr_line' id='line_1_29' title="bbox 206 2622 1793 2697; baseline 0.004 -23"><span class='ocrx_word' id='word_1_179' title='bbox 206 2622 339 2692; x_wconf 76' lang='grc' dir='ltr'>μηδ’</span> <span class='ocrx_word' id='word_1_180' title='bbox 381 2622 605 2694; x_wconf 79' lang='grc' dir='ltr'>ἡμέραν</span> <span class='ocrx_word' id='word_1_181' title='bbox 652 2623 777 2693; x_wconf 86' lang='grc' dir='ltr'>μηδ’</span> <span class='ocrx_word' id='word_1_182' title='bbox 816 2622 966 2693; x_wconf 78' lang='grc' dir='ltr'>ὤραν</span> <span class='ocrx_word' id='word_1_183' title='bbox 1010 2624 1434 2696; x_wconf 86' lang='grc' dir='ltr'>ἀπολειπομένη,</span> <span class='ocrx_word' id='word_1_184' title='bbox 1471 2627 1562 2679; x_wconf 74' lang='grc' dir='ltr'>καὶ</span> <span class='ocrx_word' id='word_1_185' title='bbox 1601 2626 1638 2682; x_wconf 76' lang='grc' dir='ltr'><strong>ἃ</strong></span> <span class='ocrx_word' id='word_1_186' title='bbox 1662 2630 1793 2697; x_wconf 79' lang='grc' dir='ltr'>παρ’</span> 
     </span>
    </p>
   </div>
   <div class='ocr_carea' id='block_1_30' title="bbox 201 2714 1794 2791">
    <p class='ocr_par' dir='ltr' id='par_1_30' title="bbox 201 2714 1794 2791">
     <span class='ocr_line' id='line_1_30' title="bbox 201 2714 1794 2791; baseline 0.003 -23"><span class='ocrx_word' id='word_1_187' title='bbox 201 2714 373 2768; x_wconf 74' lang='grc' dir='ltr'>ἄλλου</span> <span class='ocrx_word' id='word_1_188' title='bbox 404 2715 557 2778; x_wconf 76' lang='grc' dir='ltr'>τινὸς</span> <span class='ocrx_word' id='word_1_189' title='bbox 589 2715 821 2768; x_wconf 88' lang='grc' dir='ltr'>ἀκοῦσαι</span> <span class='ocrx_word' id='word_1_190' title='bbox 862 2714 992 2786; x_wconf 66' lang='grc'><strong>[202</strong></span> <span class='ocrx_word' id='word_1_191' title='bbox 1021 2715 1114 2789; x_wconf 82' lang='grc' dir='ltr'><strong>Η.]</strong></span> <span class='ocrx_word' id='word_1_192' title='bbox 1151 2717 1348 2788; x_wconf 80' lang='grc' dir='ltr'>συνέϐη</span> <span class='ocrx_word' id='word_1_193' title='bbox 1390 2718 1497 2773; x_wconf 86' lang='grc' dir='ltr'><strong>τῶν</strong></span> <span class='ocrx_word' id='word_1_194' title='bbox 1531 2721 1662 2791; x_wconf 88' lang='grc' dir='ltr'>παρ’</span> <span class='ocrx_word' id='word_1_195' title='bbox 1692 2722 1794 2773; x_wconf 69' lang='lat' dir='ltr'><strong>aii-</strong></span> 
     </span>
    </p>
   </div>
   <div class='ocr_carea' id='block_1_31' title="bbox 202 2806 1793 2883">
    <p class='ocr_par' dir='ltr' id='par_1_31' title="bbox 202 2806 1793 2883">
     <span class='ocr_line' id='line_1_31' title="bbox 202 2806 1793 2883; baseline 0.004 -24"><span class='ocrx_word' id='word_1_196' title='bbox 202 2806 299 2860; x_wconf 73' lang='grc' dir='ltr'><strong>τὸν</strong></span> <span class='ocrx_word' id='word_1_197' title='bbox 330 2807 757 2876; x_wconf 71' lang='grc' dir='ltr'>ἀφικνουμένων</span> <span class='ocrx_word' id='word_1_198' title='bbox 815 2809 1067 2879; x_wconf 83' lang='grc' dir='ltr'>(πολλοὺς</span> <span class='ocrx_word' id='word_1_199' title='bbox 1092 2810 1137 2841; x_wconf 77' lang='grc' dir='ltr'><strong>τ’</strong></span> <span class='ocrx_word' id='word_1_200' title='bbox 1163 2811 1220 2863; x_wconf 82' lang='grc' dir='ltr'>δὲ</span> <span class='ocrx_word' id='word_1_201' title='bbox 1263 2812 1451 2883; x_wconf 77' lang='grc' dir='ltr'>φοιτᾷν</span> <span class='ocrx_word' id='word_1_202' title='bbox 1482 2811 1653 2882; x_wconf 77' lang='grc' dir='ltr'>ὄνομα</span> <span class='ocrx_word' id='word_1_203' title='bbox 1698 2817 1793 2866; x_wconf 76' lang='grc' dir='ltr'>καὶ</span> 
     </span>
    </p>
   </div>
   <div class='ocr_carea' id='block_1_32' title="bbox 202 2900 1790 2978">
    <p class='ocr_par' dir='ltr' id='par_1_32' title="bbox 202 2900 1790 2978">
     <span class='ocr_line' id='line_1_32' title="bbox 202 2900 1790 2978; baseline 0.006 -26"><span class='ocrx_word' id='word_1_204' title='bbox 202 2900 371 2966; x_wconf 75' lang='grc' dir='ltr'>δόξαν</span> <span class='ocrx_word' id='word_1_205' title='bbox 401 2900 630 2970; x_wconf 77' lang='grc' dir='ltr'>ἔχοντας</span> <span class='ocrx_word' id='word_1_206' title='bbox 675 2903 767 2956; x_wconf 73' lang='grc' dir='ltr'><strong>ἐπὶ</strong></span> <span class='ocrx_word' id='word_1_207' title='bbox 804 2903 1066 2975; x_wconf 79' lang='grc' dir='ltr'>παιδείᾳ),</span> <span class='ocrx_word' id='word_1_208' title='bbox 1093 2905 1188 2959; x_wconf 75' lang='grc' dir='ltr'><strong>καὶ</strong></span> <span class='ocrx_word' id='word_1_209' title='bbox 1218 2905 1283 2977; x_wconf 78' lang='grc' dir='ltr'>δὴ</span> <span class='ocrx_word' id='word_1_210' title='bbox 1323 2907 1418 2960; x_wconf 73' lang='grc' dir='ltr'>καὶ</span> <span class='ocrx_word' id='word_1_211' title='bbox 1444 2907 1542 2960; x_wconf 84' lang='grc' dir='ltr'>ὅσα</span> <span class='ocrx_word' id='word_1_212' title='bbox 1572 2906 1790 2978; x_wconf 78' lang='grc' dir='ltr'>βιϐλίων</span> 
     </span>
    </p>
   </div>
   <div class='ocr_carea' id='block_1_33' title="bbox 205 2992 1790 3066">
    <p class='ocr_par' dir='ltr' id='par_1_33' title="bbox 205 2992 1790 3066">
     <span class='ocr_line' id='line_1_33' title="bbox 205 2992 1790 3066; baseline 0.006 -22"><span class='ocrx_word' id='word_1_213' title='bbox 205 2994 351 3062; x_wconf 83' lang='grc' dir='ltr'>αὑτὴ</span> <span class='ocrx_word' id='word_1_214' title='bbox 385 2992 702 3057; x_wconf 77' lang='grc' dir='ltr'>ἀνελέξατο.</span> <span class='ocrx_word' id='word_1_215' title='bbox 737 2994 921 3048; x_wconf 86' lang='grc' dir='ltr'>Ταῦτα</span> <span class='ocrx_word' id='word_1_216' title='bbox 969 2995 1025 3048; x_wconf 80' lang='grc' dir='ltr'>δὲ</span> <span class='ocrx_word' id='word_1_217' title='bbox 1056 2996 1255 3060; x_wconf 83' lang='grc' dir='ltr'>πάντα,</span> <span class='ocrx_word' id='word_1_218' title='bbox 1295 2998 1395 3051; x_wconf 84' lang='grc' dir='ltr'>ὅσα</span> <span class='ocrx_word' id='word_1_219' title='bbox 1431 2998 1591 3066; x_wconf 82' lang='grc' dir='ltr'>λόγου</span> <span class='ocrx_word' id='word_1_220' title='bbox 1621 3001 1666 3033; x_wconf 82' lang='grc'><strong>⁷⁸</strong></span> <span class='ocrx_word' id='word_1_221' title='bbox 1696 3001 1790 3053; x_wconf 79' lang='grc' dir='ltr'><strong>καὶ</strong></span> 
     </span>
    </p>
   </div>
   <div class='ocr_carea' id='block_1_34' title="bbox 210 3084 1791 3162">
    <p class='ocr_par' dir='ltr' id='par_1_34' title="bbox 210 3084 1791 3162">
     <span class='ocr_line' id='line_1_34' title="bbox 210 3084 1791 3162; baseline 0.006 -26"><span class='ocrx_word' id='word_1_222' title='bbox 210 3087 444 3155; x_wconf 77' lang='grc' dir='ltr'>μνήμης</span> <span class='ocrx_word' id='word_1_223' title='bbox 482 3087 620 3156; x_wconf 80' lang='grc' dir='ltr'>αὐτῇ</span> <span class='ocrx_word' id='word_1_224' title='bbox 652 3084 777 3149; x_wconf 82' lang='grc' dir='ltr'>ἄξια</span> <span class='ocrx_word' id='word_1_225' title='bbox 805 3086 996 3152; x_wconf 79' lang='grc' dir='ltr'>ἐδόκει,</span> <span class='ocrx_word' id='word_1_226' title='bbox 1024 3088 1104 3151; x_wconf 86' lang='grc' dir='ltr'><strong>είς</strong></span> <span class='ocrx_word' id='word_1_227' title='bbox 1130 3090 1493 3160; x_wconf 79' lang='grc' dir='ltr'>ὑπομνήματα</span> <span class='ocrx_word' id='word_1_228' title='bbox 1539 3093 1791 3162; x_wconf 79' lang='grc' dir='ltr'>συμμιγῆ</span> 
     </span>
    </p>
   </div>
   <div class='ocr_carea' id='block_1_35' title="bbox 206 3177 1793 3252">
    <p class='ocr_par' dir='ltr' id='par_1_35' title="bbox 206 3177 1793 3252">
     <span class='ocr_line' id='line_1_35' title="bbox 206 3177 1793 3252; baseline 0.003 -21"><span class='ocrx_word' id='word_1_229' title='bbox 206 3177 307 3231; x_wconf 76' lang='grc' dir='ltr'><strong>καὶ</strong></span> <span class='ocrx_word' id='word_1_230' title='bbox 359 3177 425 3230; x_wconf 77' lang='grc' dir='ltr'>οὐ</span> <span class='ocrx_word' id='word_1_231' title='bbox 496 3177 635 3248; x_wconf 74' lang='grc' dir='ltr'>πρὸς</span> <span class='ocrx_word' id='word_1_232' title='bbox 695 3179 792 3241; x_wconf 85' lang='grc' dir='ltr'><strong>τάς</strong></span> <span class='ocrx_word' id='word_1_233' title='bbox 839 3177 974 3242; x_wconf 80' lang='grc' dir='ltr'>ιδίας</span> <span class='ocrx_word' id='word_1_234' title='bbox 1031 3178 1315 3243; x_wconf 82' lang='grc' dir='ltr'>ὑποθέσεις</span> <span class='ocrx_word' id='word_1_235' title='bbox 1377 3180 1793 3252; x_wconf 82' lang='grc' dir='ltr'>διακεκριμένον</span> 
     </span>
    </p>
   </div>
   <div class='ocr_carea' id='block_1_36' title="bbox 204 3269 1793 3343">
    <p class='ocr_par' dir='ltr' id='par_1_36' title="bbox 204 3269 1793 3343">
     <span class='ocr_line' id='line_1_36' title="bbox 204 3269 1793 3343; baseline 0.004 -21"><span class='ocrx_word' id='word_1_236' title='bbox 204 3269 451 3322; x_wconf 73' lang='grc' dir='ltr'>ἕκαστον</span> <span class='ocrx_word' id='word_1_237' title='bbox 483 3269 696 3333; x_wconf 76' lang='grc' dir='ltr'>διελεῖν,</span> <span class='ocrx_word' id='word_1_238' title='bbox 737 3270 852 3325; x_wconf 84' lang='grc' dir='ltr'>ἀλλ’</span> <span class='ocrx_word' id='word_1_239' title='bbox 880 3270 1052 3335; x_wconf 75' lang='grc' dir='ltr'>οὕτως</span> <span class='ocrx_word' id='word_1_240' title='bbox 1099 3273 1221 3343; x_wconf 88' lang='grc' dir='ltr'>είκῆ</span> <span class='ocrx_word' id='word_1_241' title='bbox 1256 3273 1350 3326; x_wconf 76' lang='grc' dir='ltr'><strong>καὶ</strong></span> <span class='ocrx_word' id='word_1_242' title='bbox 1377 3273 1451 3337; x_wconf 84' lang='grc' dir='ltr'><strong>ὡς</strong></span> <span class='ocrx_word' id='word_1_243' title='bbox 1489 3274 1536 3307; x_wconf 69' lang='grc'><strong>⁷⁸</strong></span> <span class='ocrx_word' id='word_1_244' title='bbox 1563 3274 1793 3329; x_wconf 78' lang='grc' dir='ltr'>ἕκαστον</span> 
     </span>
    </p>
   </div>
   <div class='ocr_carea' id='block_1_37' title="bbox 205 3361 1790 3437">
    <p class='ocr_par' dir='ltr' id='par_1_37' title="bbox 205 3361 1790 3437">
     <span class='ocr_line' id='line_1_37' title="bbox 205 3361 1790 3437; baseline 0.004 -24"><span class='ocrx_word' id='word_1_245' title='bbox 205 3361 454 3429; x_wconf 77' lang='grc' dir='ltr'>ἐπῆλθεν</span> <span class='ocrx_word' id='word_1_246' title='bbox 483 3361 824 3432; x_wconf 75' lang='grc' dir='ltr'>ἀναγράψαι,</span> <span class='ocrx_word' id='word_1_247' title='bbox 849 3362 923 3426; x_wconf 89' lang='grc' dir='ltr'><strong>ὡς</strong></span> <span class='ocrx_word' id='word_1_248' title='bbox 948 3364 1071 3433; x_wconf 81' lang='grc' dir='ltr'>οὐχὶ</span> <span class='ocrx_word' id='word_1_249' title='bbox 1108 3363 1342 3434; x_wconf 81' lang='grc' dir='ltr'>χαλεπὸν</span> <span class='ocrx_word' id='word_1_250' title='bbox 1370 3364 1600 3435; x_wconf 76' lang='grc' dir='ltr'>ἔχουσα,</span> <span class='ocrx_word' id='word_1_251' title='bbox 1636 3368 1790 3437; x_wconf 77' lang='grc' dir='ltr'>φησὶ,</span> 
     </span>
    </p>
   </div>
   <div class='ocr_carea' id='block_1_38' title="bbox 202 3446 1795 3526">
    <p class='ocr_par' dir='ltr' id='par_1_38' title="bbox 202 3446 1795 3526">
     <span class='ocr_line' id='line_1_38' title="bbox 202 3446 1795 3526; baseline 0.003 -22"><span class='ocrx_word' id='word_1_252' title='bbox 202 3452 269 3504; x_wconf 83' lang='grc' dir='ltr'>τὺ</span> <span class='ocrx_word' id='word_1_253' title='bbox 304 3450 433 3504; x_wconf 86' lang='grc' dir='ltr'>κατ’</span> <span class='ocrx_word' id='word_1_254' title='bbox 485 3446 629 3514; x_wconf 80' lang='grc' dir='ltr'>εἶδος</span> <span class='ocrx_word' id='word_1_255' title='bbox 669 3452 806 3505; x_wconf 76' lang='grc' dir='ltr'>αὐτὰ</span> <span class='ocrx_word' id='word_1_256' title='bbox 849 3452 1065 3516; x_wconf 85' lang='grc' dir='ltr'>διελεῖν,</span> <span class='ocrx_word' id='word_1_257' title='bbox 1118 3452 1572 3526; x_wconf 80' lang='grc' dir='ltr'>ἐπιτερπέστερον</span> <span class='ocrx_word' id='word_1_258' title='bbox 1602 3453 1659 3507; x_wconf 80' lang='grc' dir='ltr'>δὲ</span> <span class='ocrx_word' id='word_1_259' title='bbox 1700 3456 1795 3509; x_wconf 78' lang='grc' dir='ltr'><strong>καὶ</strong></span> 
     </span>
    </p>
   </div>
   <div class='ocr_carea' id='block_1_39' title="bbox 202 3543 1793 3615">
    <p class='ocr_par' dir='ltr' id='par_1_39' title="bbox 202 3543 1793 3615">
     <span class='ocr_line' id='line_1_39' title="bbox 202 3543 1793 3615; baseline 0.001 -18"><span class='ocrx_word' id='word_1_260' title='bbox 202 3544 578 3615; x_wconf 79' lang='grc' dir='ltr'>χαριέστερον</span> <span class='ocrx_word' id='word_1_261' title='bbox 600 3543 663 3596; x_wconf 85' lang='grc' dir='ltr'>τὸ</span> <span class='ocrx_word' id='word_1_262' title='bbox 684 3543 1131 3615; x_wconf 82' lang='grc' dir='ltr'>ἀναμεμιγμένον</span> <span class='ocrx_word' id='word_1_263' title='bbox 1158 3546 1254 3598; x_wconf 77' lang='grc' dir='ltr'>καὶ</span> <span class='ocrx_word' id='word_1_264' title='bbox 1273 3545 1671 3614; x_wconf 73' lang='grc' dir='ltr'>τῆν’ποικιλίαν</span> <span class='ocrx_word' id='word_1_265' title='bbox 1697 3547 1793 3599; x_wconf 85' lang='grc' dir='ltr'><strong>τοῦ</strong></span> 
     </span>
    </p>
   </div>
   <div class='ocr_carea' id='block_1_40' title="bbox 207 3634 1796 3709">
    <p class='ocr_par' dir='ltr' id='par_1_40' title="bbox 207 3634 1796 3709">
     <span class='ocr_line' id='line_1_40' title="bbox 207 3634 1796 3709; baseline 0.001 -21"><span class='ocrx_word' id='word_1_266' title='bbox 207 3634 534 3706; x_wconf 81' lang='grc' dir='ltr'>μονοειδοῦς</span> <span class='ocrx_word' id='word_1_267' title='bbox 561 3634 878 3704; x_wconf 81' lang='grc' dir='ltr'>νομίζουσα.</span> <span class='ocrx_word' id='word_1_268' title='bbox 927 3635 1215 3705; x_wconf 84' lang='grc' dir='ltr'>Χρήσιμον</span> <span class='ocrx_word' id='word_1_269' title='bbox 1262 3635 1320 3688; x_wconf 83' lang='grc' dir='ltr'><strong>δέ</strong></span> <span class='ocrx_word' id='word_1_270' title='bbox 1365 3635 1425 3689; x_wconf 83' lang='grc' dir='ltr'>τὸ</span> <span class='ocrx_word' id='word_1_271' title='bbox 1464 3636 1664 3709; x_wconf 66' lang='grc' dir='ltr'>βιϐλίῳ</span> <span class='ocrx_word' id='word_1_272' title='bbox 1715 3639 1796 3701; x_wconf 88' lang='grc' dir='ltr'><strong>είς</strong></span> 
     </span>
    </p>
   </div>
   <div class='ocr_carea' id='block_1_41' title="bbox 203 3724 1795 3799">
    <p class='ocr_par' dir='ltr' id='par_1_41' title="bbox 203 3724 1795 3799">
     <span class='ocr_line' id='line_1_41' title="bbox 203 3724 1795 3799; baseline 0.001 -19"><span class='ocrx_word' id='word_1_273' title='bbox 203 3725 570 3795; x_wconf 79' lang='grc' dir='ltr'>πολυμαθίαν</span> <span class='ocrx_word' id='word_1_274' title='bbox 608 3726 653 3757; x_wconf 85' lang='grc'><strong>⁷⁸</strong></span> <span class='ocrx_word' id='word_1_275' title='bbox 683 3742 698 3757; x_wconf 76' lang='grc' dir='ltr'><strong>ο</strong></span> <span class='ocrx_word' id='word_1_276' title='bbox 733 3724 885 3794; x_wconf 81' lang='grc' dir='ltr'>εὕροι</span> <span class='ocrx_word' id='word_1_277' title='bbox 907 3724 1016 3795; x_wconf 80' lang='grc' dir='ltr'>γὰρ</span> <span class='ocrx_word' id='word_1_278' title='bbox 1047 3726 1112 3780; x_wconf 86' lang='grc' dir='ltr'><strong>ἀν</strong></span> <span class='ocrx_word' id='word_1_279' title='bbox 1144 3743 1229 3789; x_wconf 87' lang='grc' dir='ltr'><strong>τις</strong></span> <span class='ocrx_word' id='word_1_280' title='bbox 1257 3726 1350 3779; x_wconf 79' lang='grc' dir='ltr'><strong>καὶ</strong></span> <span class='ocrx_word' id='word_1_281' title='bbox 1377 3727 1489 3779; x_wconf 85' lang='grc' dir='ltr'><strong>τῶν</strong></span> <span class='ocrx_word' id='word_1_282' title='bbox 1511 3728 1795 3799; x_wconf 81' lang='grc' dir='ltr'>ἱστορικῶν</span> 
     </span>
    </p>
   </div>
   <div class='ocr_carea' id='block_1_42' title="bbox 204 3817 1796 3889">
    <p class='ocr_par' dir='ltr' id='par_1_42' title="bbox 204 3817 1796 3889">
     <span class='ocr_line' id='line_1_42' title="bbox 204 3817 1796 3889; baseline -0.001 -16"><span class='ocrx_word' id='word_1_283' title='bbox 204 3820 313 3873; x_wconf 77' lang='grc' dir='ltr'><strong>οὐκ</strong></span> <span class='ocrx_word' id='word_1_284' title='bbox 359 3818 522 3886; x_wconf 84' lang='grc' dir='ltr'>ὀλίγα</span> <span class='ocrx_word' id='word_1_285' title='bbox 558 3819 853 3885; x_wconf 87' lang='grc' dir='ltr'>ἀναγκαῖα,</span> <span class='ocrx_word' id='word_1_286' title='bbox 881 3818 975 3870; x_wconf 78' lang='grc' dir='ltr'><strong>καὶ</strong></span> <span class='ocrx_word' id='word_1_287' title='bbox 1093 3818 1187 3871; x_wconf 79' lang='grc' dir='ltr'>καὶ</span> <span class='ocrx_word' id='word_1_288' title='bbox 1232 3817 1675 3889; x_wconf 80' lang='grc' dir='ltr'>ἀποφθεγμάτων</span> <span class='ocrx_word' id='word_1_289' title='bbox 1700 3817 1796 3871; x_wconf 74' lang='grc' dir='ltr'><strong>καὶ</strong></span> 
     </span>
    </p>
   </div>
   <div class='ocr_carea' id='block_1_43' title="bbox 207 3908 1828 3983">
    <p class='ocr_par' dir='ltr' id='par_1_43' title="bbox 207 3908 1828 3983">
     <span class='ocr_line' id='line_1_43' title="bbox 207 3908 1828 3983; baseline -0.001 -19"><span class='ocrx_word' id='word_1_290' title='bbox 207 3910 523 3983; x_wconf 75' lang='grc' dir='ltr'>ῥητορικῆς</span> <span class='ocrx_word' id='word_1_291' title='bbox 553 3908 597 3942; x_wconf 77' lang='grc'><strong>’⁸</strong></span> <span class='ocrx_word' id='word_1_292' title='bbox 640 3909 923 3980; x_wconf 76' lang='grc' dir='ltr'>διατριϐῆς</span> <span class='ocrx_word' id='word_1_293' title='bbox 950 3909 1068 3963; x_wconf 75' lang='grc' dir='ltr'>ἔνια</span> <span class='ocrx_word' id='word_1_294' title='bbox 1110 3910 1207 3962; x_wconf 73' lang='grc' dir='ltr'><strong>καὶ</strong></span> <span class='ocrx_word' id='word_1_295' title='bbox 1246 3909 1534 3978; x_wconf 70' lang='grc' dir='ltr'>φιλοσόφου</span> <span class='ocrx_word' id='word_1_296' title='bbox 1565 3909 1828 3981; x_wconf 73' lang='grc' dir='ltr'>θεωρίας</span> 
     </span>
    </p>
   </div>
   <div class='ocr_carea' id='block_1_44' title="bbox 206 3997 1517 4071">
    <p class='ocr_par' dir='ltr' id='par_1_44' title="bbox 206 3997 1517 4071">
     <span class='ocr_line' id='line_1_44' title="bbox 206 3997 1517 4071; baseline -0.001 -17"><span class='ocrx_word' id='word_1_297' title='bbox 206 4001 512 4071; x_wconf 75' lang='grc' dir='ltr'>ποιητικῆς</span> <span class='ocrx_word' id='word_1_298' title='bbox 539 3998 703 4065; x_wconf 75' lang='grc' dir='ltr'>ἰδέας,</span> <span class='ocrx_word' id='word_1_299' title='bbox 732 3998 828 4053; x_wconf 83' lang='grc' dir='ltr'><strong>καὶ</strong></span> <span class='ocrx_word' id='word_1_300' title='bbox 852 3998 980 4052; x_wconf 85' lang='grc' dir='ltr'>εἴτι</span> <span class='ocrx_word' id='word_1_301' title='bbox 1001 3997 1241 4052; x_wconf 87' lang='grc' dir='ltr'>τοιοῦτον</span> <span class='ocrx_word' id='word_1_302' title='bbox 1268 3999 1517 4069; x_wconf 85' lang='grc' dir='ltr'>ἐμπέσοι.</span> 
     </span>
    </p>
   </div>
   <div class='ocr_carea' id='block_1_45' title="bbox 276 4173 1793 4248">
    <p class='ocr_par' dir='ltr' id='par_1_45' title="bbox 276 4173 1793 4248">
     <span class='ocr_line' id='line_1_45' title="bbox 276 4173 1793 4248; baseline -0.002 -16"><span class='ocrx_word' id='word_1_303' title='bbox 276 4176 567 4248; x_wconf 73' lang='grc' dir='ltr'>Αἰγυπτία</span> <span class='ocrx_word' id='word_1_304' title='bbox 595 4176 655 4230; x_wconf 71' lang='grc' dir='ltr'>δὲ</span> <span class='ocrx_word' id='word_1_305' title='bbox 680 4176 743 4229; x_wconf 78' lang='grc' dir='ltr'><strong>τὸ</strong></span> <span class='ocrx_word' id='word_1_306' title='bbox 771 4173 926 4244; x_wconf 70' lang='grc' dir='ltr'>γένος</span> <span class='ocrx_word' id='word_1_307' title='bbox 949 4176 982 4245; x_wconf 75' lang='grc' dir='ltr'><strong>ἡ</strong></span> <span class='ocrx_word' id='word_1_308' title='bbox 1026 4173 1306 4245; x_wconf 85' lang='grc' dir='ltr'>Παμφίλη,</span> <span class='ocrx_word' id='word_1_309' title='bbox 1339 4173 1558 4243; x_wconf 76' lang='grc' dir='ltr'>ἦκμασε</span> <span class='ocrx_word' id='word_1_310' title='bbox 1587 4173 1644 4227; x_wconf 71' lang='grc' dir='ltr'>δὲ</span> <span class='ocrx_word' id='word_1_311' title='bbox 1667 4174 1793 4229; x_wconf 76' lang='grc' dir='ltr'>καθ’</span> 
     </span>
    </p>
   </div>
   <div class='ocr_carea' id='block_1_46' title="bbox 202 4268 1797 4345">
    <p class='ocr_par' dir='ltr' id='par_1_46' title="bbox 202 4268 1797 4345">
     <span class='ocr_line' id='line_1_46' title="bbox 202 4268 1797 4345; baseline -0.006 -13"><span class='ocrx_word' id='word_1_312' title='bbox 202 4280 305 4337; x_wconf 75' lang='grc' dir='ltr'>οὓς</span> <span class='ocrx_word' id='word_1_313' title='bbox 332 4272 570 4345; x_wconf 80' lang='grc' dir='ltr'>χρόνους</span> <span class='ocrx_word' id='word_1_314' title='bbox 612 4270 657 4302; x_wconf 80' lang='grc'><strong>⁷⁷</strong></span> <span class='ocrx_word' id='word_1_315' title='bbox 699 4269 892 4340; x_wconf 86' lang='grc' dir='ltr'>Νέρων</span> <span class='ocrx_word' id='word_1_316' title='bbox 935 4270 964 4323; x_wconf 85' lang='grc' dir='ltr'><strong>ὁ</strong></span> <span class='ocrx_word' id='word_1_317' title='bbox 1011 4268 1297 4338; x_wconf 86' lang='grc' dir='ltr'>Ῥωμαίων</span> <span class='ocrx_word' id='word_1_318' title='bbox 1340 4268 1592 4339; x_wconf 75' lang='grc' dir='ltr'>ῆκμαςεν</span> <span class='ocrx_word' id='word_1_319' title='bbox 1635 4269 1797 4323; x_wconf 81' lang='grc' dir='ltr'>αὑτο-</span> 
     </span>
    </p>
   </div>
   <div class='ocr_carea' id='block_1_47' title="bbox 1904 455 3485 531">
    <p class='ocr_par' dir='ltr' id='par_1_47' title="bbox 1904 455 3485 531">
     <span class='ocr_line' id='line_1_47' title="bbox 1904 455 3485 531; baseline -0.001 -13"><span class='ocrx_word' id='word_1_320' title='bbox 1904 455 2170 518; x_wconf 74' lang='grc' dir='ltr'>Ῑιιιιιιίοτίε</span> <span class='ocrx_word' id='word_1_321' title='bbox 2201 461 2568 531; x_wconf 73' lang='lat' dir='ltr'><strong>indagationis</strong></span> <span class='ocrx_word' id='word_1_322' title='bbox 2591 459 2935 530; x_wconf 80' lang='lat' dir='ltr'><strong>indigebant,</strong></span> <span class='ocrx_word' id='word_1_323' title='bbox 2966 476 3142 531; x_wconf 89' lang='lat' dir='ltr'><strong>neque</strong></span> <span class='ocrx_word' id='word_1_324' title='bbox 3177 473 3354 518; x_wconf 84' lang='lat' dir='ltr'><strong>tamen</strong></span> <span class='ocrx_word' id='word_1_325' title='bbox 3399 464 3485 517; x_wconf 89' lang='lat' dir='ltr'><strong>di-</strong></span> 
     </span>
    </p>
   </div>
   <div class='ocr_carea' id='block_1_48' title="bbox 1902 551 3484 626">
    <p class='ocr_par' dir='ltr' id='par_1_48' title="bbox 1902 551 3484 626">
     <span class='ocr_line' id='line_1_48' title="bbox 1902 551 3484 626; baseline 0 -18"><span class='ocrx_word' id='word_1_326' title='bbox 1902 554 2130 626; x_wconf 87' lang='lat' dir='ltr'><strong>ligenter</strong></span> <span class='ocrx_word' id='word_1_327' title='bbox 2153 552 2284 609; x_wconf 86' lang='lat' dir='ltr'><strong>satis</strong></span> <span class='ocrx_word' id='word_1_328' title='bbox 2316 567 2411 608; x_wconf 87' lang='lat' dir='ltr'><strong>eas</strong></span> <span class='ocrx_word' id='word_1_329' title='bbox 2428 551 2736 621; x_wconf 75' lang='lat' dir='ltr'><strong>explanavit</strong></span> <span class='ocrx_word' id='word_1_330' title='bbox 2764 551 2961 605; x_wconf 90' lang='lat' dir='ltr'><strong>mirum</strong></span> <span class='ocrx_word' id='word_1_331' title='bbox 2986 551 3038 604; x_wconf 89' lang='lat' dir='ltr'><strong>id</strong></span> <span class='ocrx_word' id='word_1_332' title='bbox 3059 552 3281 608; x_wconf 88' lang='lat' dir='ltr'><strong>minime</strong></span> <span class='ocrx_word' id='word_1_333' title='bbox 3311 552 3484 609; x_wconf 83' lang='lat' dir='ltr'><strong>videri</strong></span> 
     </span>
    </p>
   </div>
   <div class='ocr_carea' id='block_1_49' title="bbox 1901 643 3485 714">
    <p class='ocr_par' dir='ltr' id='par_1_49' title="bbox 1901 643 3485 714">
     <span class='ocr_line' id='line_1_49' title="bbox 1901 643 3485 714; baseline -0.003 -11"><span class='ocrx_word' id='word_1_334' title='bbox 1901 647 2091 703; x_wconf 88' lang='lat' dir='ltr'><strong>debet.</strong></span> <span class='ocrx_word' id='word_1_335' title='bbox 2117 647 2459 714; x_wconf 71' lang='lat' dir='ltr'><strong>Quaecunque</strong></span> <span class='ocrx_word' id='word_1_336' title='bbox 2481 644 2623 698; x_wconf 89' lang='lat' dir='ltr'><strong>enim</strong></span> <span class='ocrx_word' id='word_1_337' title='bbox 2656 643 2961 698; x_wconf 89' lang='lat' dir='ltr'><strong>auditorum</strong></span> <span class='ocrx_word' id='word_1_338' title='bbox 2990 645 3485 713; x_wconf 89' lang='lat' dir='ltr'><strong>captuiaccommo-</strong></span> 
     </span>
    </p>
   </div>
   <div class='ocr_carea' id='block_1_50' title="bbox 1903 734 3482 806">
    <p class='ocr_par' dir='ltr' id='par_1_50' title="bbox 1903 734 3482 806">
     <span class='ocr_line' id='line_1_50' title="bbox 1903 734 3482 806; baseline -0.003 -12"><span class='ocrx_word' id='word_1_339' title='bbox 1903 741 2026 794; x_wconf 82' lang='lat' dir='ltr'><strong>data</strong></span> <span class='ocrx_word' id='word_1_340' title='bbox 2052 748 2275 801; x_wconf 85' lang='lat' dir='ltr'><strong>essent,</strong></span> <span class='ocrx_word' id='word_1_341' title='bbox 2313 748 2477 806; x_wconf 88' lang='lat' dir='ltr'><strong>atque</strong></span> <span class='ocrx_word' id='word_1_342' title='bbox 2508 736 2575 789; x_wconf 92' lang='lat' dir='ltr'><strong>ad</strong></span> <span class='ocrx_word' id='word_1_343' title='bbox 2604 751 2789 789; x_wconf 89' lang='lat' dir='ltr'><strong>eorum</strong></span> <span class='ocrx_word' id='word_1_344' title='bbox 2831 734 3055 795; x_wconf 81' lang='lat' dir='ltr'><strong>salutem</strong></span> <span class='ocrx_word' id='word_1_345' title='bbox 3088 746 3142 789; x_wconf 93' lang='lat' dir='ltr'><strong>et</strong></span> <span class='ocrx_word' id='word_1_346' title='bbox 3193 735 3482 790; x_wconf 87' lang='lat' dir='ltr'><strong>utilitatem</strong></span> 
     </span>
    </p>
   </div>
   <div class='ocr_carea' id='block_1_51' title="bbox 1904 829 3486 898">
    <p class='ocr_par' dir='ltr' id='par_1_51' title="bbox 1904 829 3486 898">
     <span class='ocr_line' id='line_1_51' title="bbox 1904 829 3486 898; baseline -0.001 -12"><span class='ocrx_word' id='word_1_347' title='bbox 1904 835 2253 897; x_wconf 85' lang='lat' dir='ltr'><strong>pertinerent.</strong></span> <span class='ocrx_word' id='word_1_348' title='bbox 2267 845 2331 885; x_wconf 89' lang='lat' dir='ltr'><strong>ea</strong></span> <span class='ocrx_word' id='word_1_349' title='bbox 2349 830 2658 898; x_wconf 74' lang='lat' dir='ltr'><strong>neutiquam</strong></span> <span class='ocrx_word' id='word_1_350' title='bbox 2682 829 2769 883; x_wconf 90' lang='lat' dir='ltr'><strong>ille</strong></span> <span class='ocrx_word' id='word_1_351' title='bbox 2794 830 3265 898; x_wconf 68' lang='lat' dir='ltr'><strong>praetermittebat.</strong></span> <span class='ocrx_word' id='word_1_352' title='bbox 3283 830 3486 897; x_wconf 81' lang='lat' dir='ltr'><strong>Quam-</strong></span> 
     </span>
    </p>
   </div>
   <div class='ocr_carea' id='block_1_52' title="bbox 1903 921 3485 992">
    <p class='ocr_par' dir='ltr' id='par_1_52' title="bbox 1903 921 3485 992">
     <span class='ocr_line' id='line_1_52' title="bbox 1903 921 3485 992; baseline 0 -15"><span class='ocrx_word' id='word_1_353' title='bbox 1903 925 2089 979; x_wconf 85' lang='lat' dir='ltr'><strong>obrem</strong></span> <span class='ocrx_word' id='word_1_354' title='bbox 2131 938 2307 992; x_wconf 88' lang='lat' dir='ltr'><strong>neque</strong></span> <span class='ocrx_word' id='word_1_355' title='bbox 2361 922 2615 976; x_wconf 85' lang='lat' dir='ltr'><strong>admirari</strong></span> <span class='ocrx_word' id='word_1_356' title='bbox 2664 922 3070 976; x_wconf 87' lang='lat' dir='ltr'><strong>sanctissimum</strong></span> <span class='ocrx_word' id='word_1_357' title='bbox 3130 922 3306 975; x_wconf 82' lang='lat' dir='ltr'><strong>virum</strong></span> <span class='ocrx_word' id='word_1_358' title='bbox 3351 921 3485 977; x_wconf 84' lang='lat' dir='ltr'><strong>satis</strong></span> 
     </span>
    </p>
   </div>
   <div class='ocr_carea' id='block_1_53' title="bbox 1905 1014 3485 1085">
    <p class='ocr_par' dir='ltr' id='par_1_53' title="bbox 1905 1014 3485 1085">
     <span class='ocr_line' id='line_1_53' title="bbox 1905 1014 3485 1085; baseline -0.002 -15"><span class='ocrx_word' id='word_1_359' title='bbox 1905 1030 2140 1085; x_wconf 85' lang='lat' dir='ltr'><strong>unquam</strong></span> <span class='ocrx_word' id='word_1_360' title='bbox 2162 1029 2403 1085; x_wconf 88' lang='lat' dir='ltr'><strong>possum,</strong></span> <span class='ocrx_word' id='word_1_361' title='bbox 2427 1015 2566 1082; x_wconf 88' lang='lat' dir='ltr'><strong>quod</strong></span> <span class='ocrx_word' id='word_1_362' title='bbox 2593 1024 2851 1082; x_wconf 91' lang='lat' dir='ltr'><strong>perpetuo</strong></span> <span class='ocrx_word' id='word_1_363' title='bbox 2871 1014 2923 1067; x_wconf 89' lang='lat' dir='ltr'><strong>in</strong></span> <span class='ocrx_word' id='word_1_364' title='bbox 2944 1014 3194 1069; x_wconf 89' lang='lat' dir='ltr'><strong>omnibus</strong></span> <span class='ocrx_word' id='word_1_365' title='bbox 3216 1014 3329 1070; x_wconf 88' lang='lat' dir='ltr'><strong>suis</strong></span> <span class='ocrx_word' id='word_1_366' title='bbox 3346 1015 3485 1069; x_wconf 88' lang='lat' dir='ltr'><strong>scri-</strong></span> 
     </span>
    </p>
   </div>
   <div class='ocr_carea' id='block_1_54' title="bbox 1906 1105 3482 1177">
    <p class='ocr_par' dir='ltr' id='par_1_54' title="bbox 1906 1105 3482 1177">
     <span class='ocr_line' id='line_1_54' title="bbox 1906 1105 3482 1177; baseline -0.001 -16"><span class='ocrx_word' id='word_1_367' title='bbox 1906 1108 2013 1177; x_wconf 89' lang='lat' dir='ltr'><strong>ptis</strong></span> <span class='ocrx_word' id='word_1_368' title='bbox 2028 1106 2331 1161; x_wconf 88' lang='lat' dir='ltr'><strong>auditorum</strong></span> <span class='ocrx_word' id='word_1_369' title='bbox 2359 1107 2435 1160; x_wconf 89' lang='lat' dir='ltr'><strong>ita</strong></span> <span class='ocrx_word' id='word_1_370' title='bbox 2464 1105 2793 1168; x_wconf 88' lang='lat' dir='ltr'><strong>utilitatem‘,</strong></span> <span class='ocrx_word' id='word_1_371' title='bbox 2826 1113 3077 1173; x_wconf 84' lang='lat' dir='ltr'><strong>tanquam</strong></span> <span class='ocrx_word' id='word_1_372' title='bbox 3096 1120 3315 1174; x_wconf 89' lang='lat' dir='ltr'><strong>scopum</strong></span> <span class='ocrx_word' id='word_1_373' title='bbox 3343 1119 3482 1176; x_wconf 72' lang='lat' dir='ltr'><strong>prae-</strong></span> 
     </span>
    </p>
   </div>
   <div class='ocr_carea' id='block_1_55' title="bbox 1908 1196 3484 1265">
    <p class='ocr_par' dir='ltr' id='par_1_55' title="bbox 1908 1196 3484 1265">
     <span class='ocr_line' id='line_1_55' title="bbox 1908 1196 3484 1265; baseline -0.003 -9"><span class='ocrx_word' id='word_1_374' title='bbox 1908 1200 2090 1256; x_wconf 82' lang='lat' dir='ltr'><strong>ﬁxisse</strong></span> <span class='ocrx_word' id='word_1_375' title='bbox 2110 1199 2215 1253; x_wconf 89' lang='lat' dir='ltr'><strong>sibi</strong></span> <span class='ocrx_word' id='word_1_376' title='bbox 2239 1198 2513 1261; x_wconf 83' lang='lat' dir='ltr'><strong>videatur,</strong></span> <span class='ocrx_word' id='word_1_377' title='bbox 2544 1201 2604 1249; x_wconf 88' lang='lat' dir='ltr'><strong>ut</strong></span> <span class='ocrx_word' id='word_1_378' title='bbox 2630 1204 2825 1251; x_wconf 84' lang='lat' dir='ltr'><strong>caetera</strong></span> <span class='ocrx_word' id='word_1_379' title='bbox 2854 1196 2939 1250; x_wconf 91' lang='lat' dir='ltr'><strong>vel</strong></span> <span class='ocrx_word' id='word_1_380' title='bbox 2967 1196 3190 1251; x_wconf 89' lang='lat' dir='ltr'><strong>omnino</strong></span> <span class='ocrx_word' id='word_1_381' title='bbox 3225 1197 3484 1265; x_wconf 80' lang='lat' dir='ltr'><strong>neglexe-</strong></span> 
     </span>
    </p>
   </div>
   <div class='ocr_carea' id='block_1_56' title="bbox 1911 1285 3483 1361">
    <p class='ocr_par' dir='ltr' id='par_1_56' title="bbox 1911 1285 3483 1361">
     <span class='ocr_line' id='line_1_56' title="bbox 1911 1285 3483 1361; baseline -0.001 -16"><span class='ocrx_word' id='word_1_382' title='bbox 1911 1291 2020 1358; x_wconf 86' lang='lat' dir='ltr'><strong>rit,</strong></span> <span class='ocrx_word' id='word_1_383' title='bbox 2046 1289 2132 1344; x_wconf 87' lang='lat' dir='ltr'><strong>vel</strong></span> <span class='ocrx_word' id='word_1_384' title='bbox 2168 1288 2443 1361; x_wconf 74' lang='lat' dir='ltr'><strong>levissime</strong></span> <span class='ocrx_word' id='word_1_385' title='bbox 2463 1286 2730 1356; x_wconf 75' lang='lat' dir='ltr'><strong>attigerit.</strong></span> <span class='ocrx_word' id='word_1_386' title='bbox 2766 1285 2873 1341; x_wconf 89' lang='lat' dir='ltr'><strong>Sed</strong></span> <span class='ocrx_word' id='word_1_387' title='bbox 2899 1295 2953 1341; x_wconf 90' lang='lat' dir='ltr'><strong>et</strong></span> <span class='ocrx_word' id='word_1_388' title='bbox 2975 1287 3101 1341; x_wconf 90' lang='lat' dir='ltr'><strong>illud</strong></span> <span class='ocrx_word' id='word_1_389' title='bbox 3132 1288 3344 1357; x_wconf 88' lang='lat' dir='ltr'><strong>penitus</strong></span> <span class='ocrx_word' id='word_1_390' title='bbox 3374 1304 3483 1359; x_wconf 67' lang='lat' dir='ltr'><strong>prae</strong></span> 
     </span>
    </p>
   </div>
   <div class='ocr_carea' id='block_1_57' title="bbox 1911 1377 3482 1446">
    <p class='ocr_par' dir='ltr' id='par_1_57' title="bbox 1911 1377 3482 1446">
     <span class='ocr_line' id='line_1_57' title="bbox 1911 1377 3482 1446; baseline 0.002 -13"><span class='ocrx_word' id='word_1_391' title='bbox 1911 1379 2215 1434; x_wconf 84' lang='lat' dir='ltr'><strong>auditorum</strong></span> <span class='ocrx_word' id='word_1_392' title='bbox 2245 1377 2481 1432; x_wconf 88' lang='lat' dir='ltr'><strong>utilitate</strong></span> <span class='ocrx_word' id='word_1_393' title='bbox 2507 1377 2864 1446; x_wconf 87' lang='lat' dir='ltr'><strong>contempsit,</strong></span> <span class='ocrx_word' id='word_1_394' title='bbox 2887 1380 3030 1446; x_wconf 91' lang='lat' dir='ltr'><strong>quod</strong></span> <span class='ocrx_word' id='word_1_395' title='bbox 3052 1379 3213 1434; x_wconf 87' lang='lat' dir='ltr'><strong>alicui</strong></span> <span class='ocrx_word' id='word_1_396' title='bbox 3239 1381 3318 1436; x_wconf 89' lang='lat' dir='ltr'><strong>vel</strong></span> <span class='ocrx_word' id='word_1_397' title='bbox 3351 1396 3482 1438; x_wconf 86' lang='lat' dir='ltr'><strong>sen-</strong></span> 
     </span>
    </p>
   </div>
   <div class='ocr_carea' id='block_1_58' title="bbox 1910 1468 3479 1542">
    <p class='ocr_par' dir='ltr' id='par_1_58' title="bbox 1910 1468 3479 1542">
     <span class='ocr_line' id='line_1_58' title="bbox 1910 1468 3479 1542; baseline 0.002 -16"><span class='ocrx_word' id='word_1_398' title='bbox 1910 1486 2006 1529; x_wconf 82' lang='lat' dir='ltr'><strong>sus</strong></span> <span class='ocrx_word' id='word_1_399' title='bbox 2033 1471 2244 1540; x_wconf 90' lang='lat' dir='ltr'><strong>aliquos</strong></span> <span class='ocrx_word' id='word_1_400' title='bbox 2270 1470 2576 1538; x_wconf 81' lang='lat' dir='ltr'><strong>ignorasse,</strong></span> <span class='ocrx_word' id='word_1_401' title='bbox 2611 1468 2697 1522; x_wconf 87' lang='lat' dir='ltr'><strong>vel</strong></span> <span class='ocrx_word' id='word_1_402' title='bbox 2746 1469 2811 1522; x_wconf 86' lang='lat' dir='ltr'><strong>ad</strong></span> <span class='ocrx_word' id='word_1_403' title='bbox 2859 1469 3205 1539; x_wconf 88' lang='lat' dir='ltr'><strong>profundiora</strong></span> <span class='ocrx_word' id='word_1_404' title='bbox 3232 1474 3479 1542; x_wconf 73' lang='lat' dir='ltr'><strong>quaedam</strong></span> 
     </span>
    </p>
   </div>
   <div class='ocr_carea' id='block_1_59' title="bbox 1907 1555 3478 1632">
    <p class='ocr_par' dir='ltr' id='par_1_59' title="bbox 1907 1555 3478 1632">
     <span class='ocr_line' id='line_1_59' title="bbox 1907 1555 3478 1632; baseline 0.004 -19"><span class='ocrx_word' id='word_1_405' title='bbox 1907 1569 2192 1632; x_wconf 87' lang='lat' dir='ltr'><strong>penetrare</strong></span> <span class='ocrx_word' id='word_1_406' title='bbox 2218 1556 2513 1628; x_wconf 81' lang='lat' dir='ltr'><strong>refugisse,</strong></span> <span class='ocrx_word' id='word_1_407' title='bbox 2546 1555 2632 1612; x_wconf 87' lang='lat' dir='ltr'><strong>vel</strong></span> <span class='ocrx_word' id='word_1_408' title='bbox 2661 1556 2713 1612; x_wconf 90' lang='lat' dir='ltr'><strong>id</strong></span> <span class='ocrx_word' id='word_1_409' title='bbox 2742 1572 2912 1627; x_wconf 88' lang='lat' dir='ltr'><strong>genus</strong></span> <span class='ocrx_word' id='word_1_410' title='bbox 2963 1559 3070 1614; x_wconf 86' lang='lat' dir='ltr'><strong>alia</strong></span> <span class='ocrx_word' id='word_1_411' title='bbox 3120 1563 3478 1631; x_wconf 64' lang='lat' dir='ltr'><strong>praeteriisse,</strong></span> 
     </span>
    </p>
   </div>
   <div class='ocr_carea' id='block_1_60' title="bbox 1909 1649 2312 1719">
    <p class='ocr_par' dir='ltr' id='par_1_60' title="bbox 1909 1649 2312 1719">
     <span class='ocr_line' id='line_1_60' title="bbox 1909 1649 2312 1719; baseline -0.005 -15"><span class='ocrx_word' id='word_1_412' title='bbox 1909 1649 2079 1706; x_wconf 79' lang='lat' dir='ltr'><strong>videri</strong></span> <span class='ocrx_word' id='word_1_413' title='bbox 2111 1657 2312 1719; x_wconf 88' lang='lat' dir='ltr'><strong>posset.</strong></span> 
     </span>
    </p>
   </div>
   <div class='ocr_carea' id='block_1_61' title="bbox 2578 1745 2835 1802">
    <p class='ocr_par' dir='ltr' id='par_1_61' title="bbox 2578 1745 2835 1802">
     <span class='ocr_line' id='line_1_61' title="bbox 2578 1745 2835 1802; baseline -0.004 0"><span class='ocrx_word' id='word_1_414' title='bbox 2578 1745 2835 1802; x_wconf 75' lang='lat' dir='ltr'><strong>CLXXV.</strong></span> 
     </span>
    </p>
   </div>
   <div class='ocr_carea' id='block_1_62' title="bbox 2108 1834 3249 1906">
    <p class='ocr_par' dir='ltr' id='par_1_62' title="bbox 2108 1834 3249 1906">
     <span class='ocr_line' id='line_1_62' title="bbox 2108 1834 3249 1906; baseline 0.004 -17"><span class='ocrx_word' id='word_1_415' title='bbox 2108 1834 2400 1906; x_wconf 81' lang='lat' dir='ltr'><strong>Pamphin</strong></span> <span class='ocrx_word' id='word_1_416' title='bbox 2427 1837 2660 1894; x_wconf 79' lang='lat' dir='ltr'><strong>historia:</strong></span> <span class='ocrx_word' id='word_1_417' title='bbox 2688 1837 2940 1893; x_wconf 71' lang='lat' dir='ltr'><strong>Miscetur:</strong></span> <span class='ocrx_word' id='word_1_418' title='bbox 2976 1837 3100 1891; x_wconf 81' lang='lat' dir='ltr'><strong>libri</strong></span> <span class='ocrx_word' id='word_1_419' title='bbox 3127 1853 3249 1894; x_wconf 76' lang='lat' dir='ltr'><strong>vru.</strong></span> 
     </span>
    </p>
   </div>
   <div class='ocr_carea' id='block_1_63' title="bbox 1972 1988 3475 2063">
    <p class='ocr_par' dir='ltr' id='par_1_63' title="bbox 1972 1988 3475 2063">
     <span class='ocr_line' id='line_1_63' title="bbox 1972 1988 3475 2063; baseline -0.004 -19"><span class='ocrx_word' id='word_1_420' title='bbox 1972 1989 2118 2044; x_wconf 88' lang='lat' dir='ltr'><strong>Lecti</strong></span> <span class='ocrx_word' id='word_1_421' title='bbox 2172 1999 2297 2045; x_wconf 88' lang='lat' dir='ltr'><strong>sunt</strong></span> <span class='ocrx_word' id='word_1_422' title='bbox 2330 1989 2624 2059; x_wconf 63' lang='lat' dir='ltr'><strong>Pamphilae</strong></span> <span class='ocrx_word' id='word_1_423' title='bbox 2658 1990 2769 2063; x_wconf 85' lang='lat'><strong>(87)</strong></span> <span class='ocrx_word' id='word_1_424' title='bbox 2808 1990 3093 2044; x_wconf 78' lang='lat' dir='ltr'><strong>Mistarum</strong></span> <span class='ocrx_word' id='word_1_425' title='bbox 3137 1988 3475 2042; x_wconf 79' lang='lat' dir='ltr'><strong>historiarum</strong></span> 
     </span>
    </p>
   </div>
   <div class='ocr_carea' id='block_1_64' title="bbox 1900 2078 3474 2155">
    <p class='ocr_par' dir='ltr' id='par_1_64' title="bbox 1900 2078 3474 2155">
     <span class='ocr_line' id='line_1_64' title="bbox 1900 2078 3474 2155; baseline -0.003 -20"><span class='ocrx_word' id='word_1_426' title='bbox 1900 2081 2022 2136; x_wconf 85' lang='lat' dir='ltr'><strong>libri</strong></span> <span class='ocrx_word' id='word_1_427' title='bbox 2050 2084 2411 2136; x_wconf 73' lang='lat' dir='ltr'><strong>commentarii</strong></span> <span class='ocrx_word' id='word_1_428' title='bbox 2444 2093 2559 2137; x_wconf 85' lang='lat' dir='ltr'><strong>octo</strong></span> <span class='ocrx_word' id='word_1_429' title='bbox 2586 2083 2740 2155; x_wconf 90' lang='lat'><strong>(88).</strong></span> <span class='ocrx_word' id='word_1_430' title='bbox 2795 2082 2941 2136; x_wconf 83' lang='lat' dir='ltr'><strong>Vixit</strong></span> <span class='ocrx_word' id='word_1_431' title='bbox 2968 2083 3080 2137; x_wconf 50' lang='lat' dir='ltr'><strong>haec</strong></span> <span class='ocrx_word' id='word_1_432' title='bbox 3115 2082 3230 2135; x_wconf 87' lang='lat' dir='ltr'><strong>viro</strong></span> <span class='ocrx_word' id='word_1_433' title='bbox 3284 2078 3474 2149; x_wconf 88' lang='lat' dir='ltr'><strong>nuptui</strong></span> 
     </span>
    </p>
   </div>
   <div class='ocr_carea' id='block_1_65' title="bbox 1899 2172 3477 2245">
    <p class='ocr_par' dir='ltr' id='par_1_65' title="bbox 1899 2172 3477 2245">
     <span class='ocr_line' id='line_1_65' title="bbox 1899 2172 3477 2245; baseline -0.002 -17"><span class='ocrx_word' id='word_1_434' title='bbox 1899 2175 2023 2228; x_wconf 87' lang='lat' dir='ltr'><strong>data</strong></span> <span class='ocrx_word' id='word_1_435' title='bbox 2056 2175 2073 2243; x_wconf 93' lang='lat'><strong>(</strong></span> <span class='ocrx_word' id='word_1_436' title='bbox 2101 2172 2244 2245; x_wconf 84' lang='lat'><strong>89),</strong></span> <span class='ocrx_word' id='word_1_437' title='bbox 2271 2183 2323 2228; x_wconf 91' lang='lat' dir='ltr'><strong>ut</strong></span> <span class='ocrx_word' id='word_1_438' title='bbox 2359 2176 2473 2242; x_wconf 88' lang='lat' dir='ltr'><strong>ipsa</strong></span> <span class='ocrx_word' id='word_1_439' title='bbox 2495 2175 2676 2244; x_wconf 91' lang='lat' dir='ltr'><strong>operis</strong></span> <span class='ocrx_word' id='word_1_440' title='bbox 2705 2175 2861 2228; x_wconf 90' lang='lat' dir='ltr'><strong>initio</strong></span> <span class='ocrx_word' id='word_1_441' title='bbox 2889 2174 3142 2242; x_wconf 66' lang='lat' dir='ltr'><strong>prmfatur</strong></span> <span class='ocrx_word' id='word_1_442' title='bbox 3169 2192 3184 2227; x_wconf 92' lang='lat'><strong>:</strong></span> <span class='ocrx_word' id='word_1_443' title='bbox 3213 2187 3333 2225; x_wconf 86' lang='lat' dir='ltr'><strong>cum</strong></span> <span class='ocrx_word' id='word_1_444' title='bbox 3366 2185 3477 2240; x_wconf 90' lang='lat' dir='ltr'><strong>quo</strong></span> 
     </span>
    </p>
   </div>
   <div class='ocr_carea' id='block_1_66' title="bbox 1899 2261 3475 2335">
    <p class='ocr_par' dir='ltr' id='par_1_66' title="bbox 1899 2261 3475 2335">
     <span class='ocr_line' id='line_1_66' title="bbox 1899 2261 3475 2335; baseline -0.003 -16"><span class='ocrx_word' id='word_1_445' title='bbox 1899 2266 2126 2334; x_wconf 81' lang='lat' dir='ltr'><strong>c0njuge</strong></span> <span class='ocrx_word' id='word_1_446' title='bbox 2156 2280 2328 2319; x_wconf 91' lang='lat' dir='ltr'><strong>annos</strong></span> <span class='ocrx_word' id='word_1_447' title='bbox 2367 2265 2511 2335; x_wconf 85' lang='lat' dir='ltr'><strong>ipsos</strong></span> <span class='ocrx_word' id='word_1_448' title='bbox 2538 2265 2791 2321; x_wconf 89' lang='lat' dir='ltr'><strong>tredecim</strong></span> <span class='ocrx_word' id='word_1_449' title='bbox 2826 2280 2854 2319; x_wconf 91' lang='lat' dir='ltr'><strong>a</strong></span> <span class='ocrx_word' id='word_1_450' title='bbox 2882 2265 3168 2335; x_wconf 86' lang='lat' dir='ltr'><strong>pubertate</strong></span> <span class='ocrx_word' id='word_1_451' title='bbox 3192 2261 3475 2329; x_wconf 85' lang='lat' dir='ltr'><strong>conjuncta</strong></span> 
     </span>
    </p>
   </div>
   <div class='ocr_carea' id='block_1_67' title="bbox 1898 2345 3472 2427">
    <p class='ocr_par' dir='ltr' id='par_1_67' title="bbox 1898 2345 3472 2427">
     <span class='ocr_line' id='line_1_67' title="bbox 1898 2345 3472 2427; baseline -0.001 -17"><span class='ocrx_word' id='word_1_452' title='bbox 1898 2345 2028 2421; x_wconf 85' lang='lat' dir='ltr'><strong>fuit,</strong></span> <span class='ocrx_word' id='word_1_453' title='bbox 2054 2367 2110 2412; x_wconf 88' lang='lat' dir='ltr'><strong>et</strong></span> <span class='ocrx_word' id='word_1_454' title='bbox 2136 2358 2237 2412; x_wconf 86' lang='lat' dir='ltr'><strong>hoc</strong></span> <span class='ocrx_word' id='word_1_455' title='bbox 2258 2373 2391 2425; x_wconf 90' lang='lat' dir='ltr'><strong>opus</strong></span> <span class='ocrx_word' id='word_1_456' title='bbox 2423 2358 2669 2413; x_wconf 88' lang='lat' dir='ltr'><strong>meditari</strong></span> <span class='ocrx_word' id='word_1_457' title='bbox 2705 2359 2869 2427; x_wconf 70' lang='lat' dir='ltr'><strong>cmpit</strong></span> <span class='ocrx_word' id='word_1_458' title='bbox 2901 2367 3061 2426; x_wconf 89' lang='lat' dir='ltr'><strong>atque</strong></span> <span class='ocrx_word' id='word_1_459' title='bbox 3108 2355 3472 2409; x_wconf 87' lang='lat' dir='ltr'><strong>conscribere.</strong></span> 
     </span>
    </p>
   </div>
   <div class='ocr_carea' id='block_1_68' title="bbox 1899 2446 3477 2519">
    <p class='ocr_par' dir='ltr' id='par_1_68' title="bbox 1899 2446 3477 2519">
     <span class='ocr_line' id='line_1_68' title="bbox 1899 2446 3477 2519; baseline 0 -17"><span class='ocrx_word' id='word_1_460' title='bbox 1899 2446 2129 2517; x_wconf 90' lang='lat' dir='ltr'><strong>Scripsit</strong></span> <span class='ocrx_word' id='word_1_461' title='bbox 2166 2457 2344 2503; x_wconf 88' lang='lat' dir='ltr'><strong>autem</strong></span> <span class='ocrx_word' id='word_1_462' title='bbox 2370 2491 2386 2516; x_wconf 92' lang='lat'><strong>,</strong></span> <span class='ocrx_word' id='word_1_463' title='bbox 2432 2458 2545 2502; x_wconf 92' lang='lat' dir='ltr'><strong>tum</strong></span> <span class='ocrx_word' id='word_1_464' title='bbox 2580 2464 2698 2519; x_wconf 72' lang='lat' dir='ltr'><strong>qua:</strong></span> <span class='ocrx_word' id='word_1_465' title='bbox 2738 2464 2801 2504; x_wconf 85' lang='lat' dir='ltr'><strong>ex</strong></span> <span class='ocrx_word' id='word_1_466' title='bbox 2837 2450 2951 2501; x_wconf 92' lang='lat' dir='ltr'><strong>viro</strong></span> <span class='ocrx_word' id='word_1_467' title='bbox 2996 2447 3183 2501; x_wconf 84' lang='lat' dir='ltr'><strong>didicit</strong></span> <span class='ocrx_word' id='word_1_468' title='bbox 3208 2462 3328 2501; x_wconf 91' lang='lat' dir='ltr'><strong>cum</strong></span> <span class='ocrx_word' id='word_1_469' title='bbox 3370 2459 3477 2514; x_wconf 87' lang='lat' dir='ltr'><strong>quo</strong></span> 
     </span>
    </p>
   </div>
   <div class='ocr_carea' id='block_1_69' title="bbox 1897 2537 3474 2608">
    <p class='ocr_par' dir='ltr' id='par_1_69' title="bbox 1897 2537 3474 2608">
     <span class='ocr_line' id='line_1_69' title="bbox 1897 2537 3474 2608; baseline -0.001 -15"><span class='ocrx_word' id='word_1_470' title='bbox 1897 2540 2152 2593; x_wconf 81' lang='lat' dir='ltr'><strong>tredecim</strong></span> <span class='ocrx_word' id='word_1_471' title='bbox 2180 2579 2195 2603; x_wconf 96' lang='lat'><strong>,</strong></span> <span class='ocrx_word' id='word_1_472' title='bbox 2232 2547 2290 2593; x_wconf 90' lang='lat' dir='ltr'><strong>ut</strong></span> <span class='ocrx_word' id='word_1_473' title='bbox 2314 2538 2552 2594; x_wconf 82' lang='lat' dir='ltr'><strong>diximus</strong></span> <span class='ocrx_word' id='word_1_474' title='bbox 2573 2580 2588 2605; x_wconf 96' lang='lat'><strong>,</strong></span> <span class='ocrx_word' id='word_1_475' title='bbox 2636 2555 2806 2594; x_wconf 88' lang='lat' dir='ltr'><strong>annos</strong></span> <span class='ocrx_word' id='word_1_476' title='bbox 2836 2537 3280 2608; x_wconf 78' lang='lat' dir='ltr'><strong>conjunctissime</strong></span> <span class='ocrx_word' id='word_1_477' title='bbox 3304 2537 3474 2601; x_wconf 80' lang='lat' dir='ltr'><strong>vixit,</strong></span> 
     </span>
    </p>
   </div>
   <div class='ocr_carea' id='block_1_70' title="bbox 1896 2631 3470 2686">
    <p class='ocr_par' dir='ltr' id='par_1_70' title="bbox 1896 2631 3470 2686">
     <span class='ocr_line' id='line_1_70' title="bbox 1896 2631 3470 2686; baseline -0.001 -1"><span class='ocrx_word' id='word_1_478' title='bbox 1896 2631 2040 2685; x_wconf 92' lang='lat' dir='ltr'><strong>nullo</strong></span> <span class='ocrx_word' id='word_1_479' title='bbox 2066 2632 2279 2685; x_wconf 84' lang='lat' dir='ltr'><strong>interim</strong></span> <span class='ocrx_word' id='word_1_480' title='bbox 2316 2632 2402 2686; x_wconf 90' lang='lat' dir='ltr'><strong>die</strong></span> <span class='ocrx_word' id='word_1_481' title='bbox 2435 2643 2528 2685; x_wconf 90' lang='lat' dir='ltr'><strong>aut</strong></span> <span class='ocrx_word' id='word_1_482' title='bbox 2553 2632 2681 2686; x_wconf 86' lang='lat' dir='ltr'><strong>hora</strong></span> <span class='ocrx_word' id='word_1_483' title='bbox 2710 2634 2879 2686; x_wconf 88' lang='lat' dir='ltr'><strong>otiose</strong></span> <span class='ocrx_word' id='word_1_484' title='bbox 2916 2643 3187 2685; x_wconf 86' lang='lat' dir='ltr'><strong>transacta</strong></span> <span class='ocrx_word' id='word_1_485' title='bbox 3222 2649 3235 2686; x_wconf 90' lang='lat'><strong>:</strong></span> <span class='ocrx_word' id='word_1_486' title='bbox 3264 2639 3373 2684; x_wconf 91' lang='lat' dir='ltr'><strong>tum</strong></span> <span class='ocrx_word' id='word_1_487' title='bbox 3406 2645 3470 2686; x_wconf 69' lang='lat' dir='ltr'><strong>ea</strong></span> 
     </span>
    </p>
   </div>
   <div class='ocr_carea' id='block_1_71' title="bbox 1895 2719 3475 2792">
    <p class='ocr_par' dir='ltr' id='par_1_71' title="bbox 1895 2719 3475 2792">
     <span class='ocr_line' id='line_1_71' title="bbox 1895 2719 3475 2792; baseline -0.001 -17"><span class='ocrx_word' id='word_1_488' title='bbox 1895 2736 2015 2789; x_wconf 61' lang='lat' dir='ltr'><strong>qua:</strong></span> <span class='ocrx_word' id='word_1_489' title='bbox 2047 2720 2114 2774; x_wconf 87' lang='lat' dir='ltr'><strong>ab</strong></span> <span class='ocrx_word' id='word_1_490' title='bbox 2146 2721 2264 2775; x_wconf 90' lang='lat' dir='ltr'><strong>aliis</strong></span> <span class='ocrx_word' id='word_1_491' title='bbox 2294 2723 2623 2790; x_wconf 82' lang='lat' dir='ltr'><strong>accepisset,</strong></span> <span class='ocrx_word' id='word_1_492' title='bbox 2658 2723 2746 2791; x_wconf 89' lang='lat' dir='ltr'><strong>qui</strong></span> <span class='ocrx_word' id='word_1_493' title='bbox 2786 2722 2967 2776; x_wconf 88' lang='lat' dir='ltr'><strong>mariti</strong></span> <span class='ocrx_word' id='word_1_494' title='bbox 3001 2722 3219 2777; x_wconf 90' lang='lat' dir='ltr'><strong>domum</strong></span> <span class='ocrx_word' id='word_1_495' title='bbox 3260 2719 3475 2792; x_wconf 87' lang='lat' dir='ltr'><strong>plurimi</strong></span> 
     </span>
    </p>
   </div>
   <div class='ocr_carea' id='block_1_72' title="bbox 1894 2811 3476 2883">
    <p class='ocr_par' dir='ltr' id='par_1_72' title="bbox 1894 2811 3476 2883">
     <span class='ocr_line' id='line_1_72' title="bbox 1894 2811 3476 2883; baseline -0.001 -16"><span class='ocrx_word' id='word_1_496' title='bbox 1894 2813 2337 2883; x_wconf 80' lang='lat' dir='ltr'><strong>frequentarent,</strong></span> <span class='ocrx_word' id='word_1_497' title='bbox 2373 2815 2590 2869; x_wconf 88' lang='lat' dir='ltr'><strong>nomine</strong></span> <span class='ocrx_word' id='word_1_498' title='bbox 2619 2823 2673 2867; x_wconf 86' lang='lat' dir='ltr'><strong>et</strong></span> <span class='ocrx_word' id='word_1_499' title='bbox 2729 2814 2988 2869; x_wconf 70' lang='lat' dir='ltr'><strong>doctrina:</strong></span> <span class='ocrx_word' id='word_1_500' title='bbox 3043 2813 3213 2882; x_wconf 80' lang='lat' dir='ltr'><strong>gloria</strong></span> <span class='ocrx_word' id='word_1_501' title='bbox 3270 2811 3476 2866; x_wconf 78' lang='lat' dir='ltr'><strong>claris:</strong></span> 
     </span>
    </p>
   </div>
   <div class='ocr_carea' id='block_1_73' title="bbox 1897 2903 3483 2975">
    <p class='ocr_par' dir='ltr' id='par_1_73' title="bbox 1897 2903 3483 2975">
     <span class='ocr_line' id='line_1_73' title="bbox 1897 2903 3483 2975; baseline 0.001 -18"><span class='ocrx_word' id='word_1_502' title='bbox 1897 2914 2007 2958; x_wconf 92' lang='lat' dir='ltr'><strong>tum</strong></span> <span class='ocrx_word' id='word_1_503' title='bbox 2031 2904 2263 2975; x_wconf 90' lang='lat' dir='ltr'><strong>denique</strong></span> <span class='ocrx_word' id='word_1_504' title='bbox 2290 2904 2547 2975; x_wconf 87' lang='lat' dir='ltr'><strong>quidquid</strong></span> <span class='ocrx_word' id='word_1_505' title='bbox 2580 2904 2808 2974; x_wconf 85' lang='lat' dir='ltr'><strong>legendo</strong></span> <span class='ocrx_word' id='word_1_506' title='bbox 2834 2906 2949 2974; x_wconf 90' lang='lat' dir='ltr'><strong>ipsa</strong></span> <span class='ocrx_word' id='word_1_507' title='bbox 2967 2905 3326 2959; x_wconf 88' lang='lat' dir='ltr'><strong>observasset.</strong></span> <span class='ocrx_word' id='word_1_508' title='bbox 3356 2903 3483 2958; x_wconf 65' lang='lat' dir='ltr'><strong>llaec</strong></span> 
     </span>
    </p>
   </div>
   <div class='ocr_carea' id='block_1_74' title="bbox 1896 2995 3480 3065">
    <p class='ocr_par' dir='ltr' id='par_1_74' title="bbox 1896 2995 3480 3065">
     <span class='ocr_line' id='line_1_74' title="bbox 1896 2995 3480 3065; baseline 0.001 -17"><span class='ocrx_word' id='word_1_509' title='bbox 1896 2999 2075 3050; x_wconf 88' lang='lat' dir='ltr'><strong>omnia</strong></span> <span class='ocrx_word' id='word_1_510' title='bbox 2101 3036 2116 3062; x_wconf 97' lang='lat'><strong>,</strong></span> <span class='ocrx_word' id='word_1_511' title='bbox 2148 3004 2200 3052; x_wconf 87' lang='lat' dir='ltr'><strong>et</strong></span> <span class='ocrx_word' id='word_1_512' title='bbox 2229 3011 2562 3065; x_wconf 64' lang='lat' dir='ltr'><strong>qumcunque</strong></span> <span class='ocrx_word' id='word_1_513' title='bbox 2594 2997 2852 3051; x_wconf 85' lang='lat' dir='ltr'><strong>memoria</strong></span> <span class='ocrx_word' id='word_1_514' title='bbox 2892 2996 3055 3065; x_wconf 84' lang='lat' dir='ltr'><strong>digna</strong></span> <span class='ocrx_word' id='word_1_515' title='bbox 3086 2996 3202 3051; x_wconf 84' lang='lat' dir='ltr'><strong>visa</strong></span> <span class='ocrx_word' id='word_1_516' title='bbox 3233 3004 3391 3061; x_wconf 84' lang='lat' dir='ltr'><strong>sunt,</strong></span> <span class='ocrx_word' id='word_1_517' title='bbox 3427 2995 3480 3049; x_wconf 91' lang='lat' dir='ltr'><strong>in</strong></span> 
     </span>
    </p>
   </div>
   <div class='ocr_carea' id='block_1_75' title="bbox 1895 3087 3482 3156">
    <p class='ocr_par' dir='ltr' id='par_1_75' title="bbox 1895 3087 3482 3156">
     <span class='ocr_line' id='line_1_75' title="bbox 1895 3087 3482 3156; baseline -0.003 -13"><span class='ocrx_word' id='word_1_518' title='bbox 1895 3087 2356 3143; x_wconf 85' lang='lat' dir='ltr'><strong>Commentarium</strong></span> <span class='ocrx_word' id='word_1_519' title='bbox 2385 3103 2481 3156; x_wconf 90' lang='lat' dir='ltr'><strong>per</strong></span> <span class='ocrx_word' id='word_1_520' title='bbox 2506 3098 2744 3142; x_wconf 82' lang='lat' dir='ltr'><strong>saturam</strong></span> <span class='ocrx_word' id='word_1_521' title='bbox 2778 3087 2993 3154; x_wconf 88' lang='lat' dir='ltr'><strong>retulit,</strong></span> <span class='ocrx_word' id='word_1_522' title='bbox 3021 3097 3196 3141; x_wconf 89' lang='lat' dir='ltr'><strong>etnon</strong></span> <span class='ocrx_word' id='word_1_523' title='bbox 3233 3102 3328 3156; x_wconf 91' lang='lat' dir='ltr'><strong>per</strong></span> <span class='ocrx_word' id='word_1_524' title='bbox 3353 3101 3482 3156; x_wconf 90' lang='lat' dir='ltr'><strong>pro-</strong></span> 
     </span>
    </p>
   </div>
   <div class='ocr_carea' id='block_1_76' title="bbox 1894 3174 3481 3249">
    <p class='ocr_par' dir='ltr' id='par_1_76' title="bbox 1894 3174 3481 3249">
     <span class='ocr_line' id='line_1_76' title="bbox 1894 3174 3481 3249; baseline -0.004 -15"><span class='ocrx_word' id='word_1_525' title='bbox 1894 3181 2039 3249; x_wconf 91' lang='lat' dir='ltr'><strong>prios</strong></span> <span class='ocrx_word' id='word_1_526' title='bbox 2064 3178 2272 3247; x_wconf 80' lang='lat' dir='ltr'><strong>singula</strong></span> <span class='ocrx_word' id='word_1_527' title='bbox 2300 3178 2448 3233; x_wconf 86' lang='lat' dir='ltr'><strong>locos</strong></span> <span class='ocrx_word' id='word_1_528' title='bbox 2470 3180 2778 3245; x_wconf 90' lang='lat' dir='ltr'><strong>distribuit,</strong></span> <span class='ocrx_word' id='word_1_529' title='bbox 2816 3180 2908 3233; x_wconf 86' lang='lat' dir='ltr'><strong>sed</strong></span> <span class='ocrx_word' id='word_1_530' title='bbox 2936 3189 2993 3233; x_wconf 89' lang='lat' dir='ltr'><strong>ut</strong></span> <span class='ocrx_word' id='word_1_531' title='bbox 3022 3178 3273 3248; x_wconf 78' lang='lat' dir='ltr'><strong>quodque</strong></span> <span class='ocrx_word' id='word_1_532' title='bbox 3302 3174 3481 3231; x_wconf 84' lang='lat' dir='ltr'><strong>visum</strong></span> 
     </span>
    </p>
   </div>
   <div class='ocr_carea' id='block_1_77' title="bbox 1894 3265 3485 3340">
    <p class='ocr_par' dir='ltr' id='par_1_77' title="bbox 1894 3265 3485 3340">
     <span class='ocr_line' id='line_1_77' title="bbox 1894 3265 3485 3340; baseline -0.004 -15"><span class='ocrx_word' id='word_1_533' title='bbox 1894 3280 2012 3335; x_wconf 88' lang='lat' dir='ltr'><strong>est,</strong></span> <span class='ocrx_word' id='word_1_534' title='bbox 2044 3281 2208 3340; x_wconf 88' lang='lat' dir='ltr'><strong>utque</strong></span> <span class='ocrx_word' id='word_1_535' title='bbox 2233 3271 2587 3334; x_wconf 84' lang='lat' dir='ltr'><strong>occurrebat,</strong></span> <span class='ocrx_word' id='word_1_536' title='bbox 2610 3270 2900 3338; x_wconf 86' lang='lat' dir='ltr'><strong>congessit,</strong></span> <span class='ocrx_word' id='word_1_537' title='bbox 2933 3285 3038 3323; x_wconf 90' lang='lat' dir='ltr'><strong>non</strong></span> <span class='ocrx_word' id='word_1_538' title='bbox 3073 3269 3214 3338; x_wconf 90' lang='lat' dir='ltr'><strong>quod</strong></span> <span class='ocrx_word' id='word_1_539' title='bbox 3269 3265 3485 3319; x_wconf 74' lang='lat' dir='ltr'><strong>difﬁcile</strong></span> 
     </span>
    </p>
   </div>
   <div class='ocr_carea' id='block_1_78' title="bbox 1899 3358 3481 3431">
    <p class='ocr_par' dir='ltr' id='par_1_78' title="bbox 1899 3358 3481 3431">
     <span class='ocr_line' id='line_1_78' title="bbox 1899 3358 3481 3431; baseline -0.005 -13"><span class='ocrx_word' id='word_1_540' title='bbox 1899 3362 2136 3418; x_wconf 90' lang='lat' dir='ltr'><strong>futurum</strong></span> <span class='ocrx_word' id='word_1_541' title='bbox 2173 3362 2273 3431; x_wconf 83' lang='lat' dir='ltr'><strong>ipsi</strong></span> <span class='ocrx_word' id='word_1_542' title='bbox 2296 3370 2442 3416; x_wconf 89' lang='lat' dir='ltr'><strong>esset</strong></span> <span class='ocrx_word' id='word_1_543' title='bbox 2472 3362 2524 3414; x_wconf 93' lang='lat' dir='ltr'><strong>in</strong></span> <span class='ocrx_word' id='word_1_544' title='bbox 2556 3376 2683 3416; x_wconf 90' lang='lat' dir='ltr'><strong>suas</strong></span> <span class='ocrx_word' id='word_1_545' title='bbox 2714 3375 2939 3430; x_wconf 76' lang='lat' dir='ltr'><strong>qureque</strong></span> <span class='ocrx_word' id='word_1_546' title='bbox 2975 3361 3176 3415; x_wconf 88' lang='lat' dir='ltr'><strong>classes</strong></span> <span class='ocrx_word' id='word_1_547' title='bbox 3207 3358 3481 3427; x_wconf 86' lang='lat' dir='ltr'><strong>dividere,</strong></span> 
     </span>
    </p>
   </div>
   <div class='ocr_carea' id='block_1_79' title="bbox 1895 3448 3480 3523">
    <p class='ocr_par' dir='ltr' id='par_1_79' title="bbox 1895 3448 3480 3523">
     <span class='ocr_line' id='line_1_79' title="bbox 1895 3448 3480 3523; baseline -0.006 -13"><span class='ocrx_word' id='word_1_548' title='bbox 1895 3456 1988 3510; x_wconf 86' lang='lat' dir='ltr'><strong>sed</strong></span> <span class='ocrx_word' id='word_1_549' title='bbox 2021 3454 2164 3523; x_wconf 90' lang='lat' dir='ltr'><strong>quod</strong></span> <span class='ocrx_word' id='word_1_550' title='bbox 2190 3452 2484 3522; x_wconf 88' lang='lat' dir='ltr'><strong>jucundius</strong></span> <span class='ocrx_word' id='word_1_551' title='bbox 2512 3451 2779 3521; x_wconf 80' lang='lat' dir='ltr'><strong>longeque</strong></span> <span class='ocrx_word' id='word_1_552' title='bbox 2832 3452 3036 3519; x_wconf 83' lang='lat' dir='ltr'><strong>gratius</strong></span> <span class='ocrx_word' id='word_1_553' title='bbox 3079 3448 3480 3503; x_wconf 86' lang='lat' dir='ltr'><strong>Miscellaneum</strong></span> 
     </span>
    </p>
   </div>
   <div class='ocr_carea' id='block_1_80' title="bbox 1895 3539 3483 3613">
    <p class='ocr_par' dir='ltr' id='par_1_80' title="bbox 1895 3539 3483 3613">
     <span class='ocr_line' id='line_1_80' title="bbox 1895 3539 3483 3613; baseline -0.004 -12"><span class='ocrx_word' id='word_1_554' title='bbox 1895 3547 2000 3601; x_wconf 90' lang='lat' dir='ltr'><strong>hoc</strong></span> <span class='ocrx_word' id='word_1_555' title='bbox 2028 3545 2286 3613; x_wconf 88' lang='lat' dir='ltr'><strong>scriptum</strong></span> <span class='ocrx_word' id='word_1_556' title='bbox 2313 3582 2327 3607; x_wconf 91' lang='lat'><strong>,</strong></span> <span class='ocrx_word' id='word_1_557' title='bbox 2361 3543 2788 3612; x_wconf 84' lang='lat' dir='ltr'><strong>varietatemque</strong></span> <span class='ocrx_word' id='word_1_558' title='bbox 2809 3582 2824 3605; x_wconf 94' lang='lat'><strong>,</strong></span> <span class='ocrx_word' id='word_1_559' title='bbox 2856 3556 3013 3611; x_wconf 90' lang='lat' dir='ltr'><strong>quam</strong></span> <span class='ocrx_word' id='word_1_560' title='bbox 3059 3541 3274 3610; x_wconf 83' lang='lat' dir='ltr'><strong>generis</strong></span> <span class='ocrx_word' id='word_1_561' title='bbox 3322 3539 3483 3594; x_wconf 88' lang='lat' dir='ltr'><strong>unius</strong></span> 
     </span>
    </p>
   </div>
   <div class='ocr_carea' id='block_1_81' title="bbox 1895 3630 3483 3707">
    <p class='ocr_par' dir='ltr' id='par_1_81' title="bbox 1895 3630 3483 3707">
     <span class='ocr_line' id='line_1_81' title="bbox 1895 3630 3483 3707; baseline -0.006 -14"><span class='ocrx_word' id='word_1_562' title='bbox 1895 3653 2030 3707; x_wconf 91' lang='lat' dir='ltr'><strong>opus</strong></span> <span class='ocrx_word' id='word_1_563' title='bbox 2058 3637 2408 3691; x_wconf 80' lang='lat' dir='ltr'><strong>existimaret.</strong></span> <span class='ocrx_word' id='word_1_564' title='bbox 2440 3633 2602 3690; x_wconf 87' lang='lat' dir='ltr'><strong>Utilis</strong></span> <span class='ocrx_word' id='word_1_565' title='bbox 2629 3648 2759 3688; x_wconf 89' lang='lat' dir='ltr'><strong>sane</strong></span> <span class='ocrx_word' id='word_1_566' title='bbox 2790 3633 2924 3688; x_wconf 89' lang='lat' dir='ltr'><strong>liber</strong></span> <span class='ocrx_word' id='word_1_567' title='bbox 2950 3633 3039 3688; x_wconf 89' lang='lat' dir='ltr'><strong>hic</strong></span> <span class='ocrx_word' id='word_1_568' title='bbox 3068 3632 3368 3702; x_wconf 84' lang='lat' dir='ltr'><strong>omnigenae</strong></span> <span class='ocrx_word' id='word_1_569' title='bbox 3384 3630 3483 3685; x_wconf 88' lang='lat' dir='ltr'><strong>do-</strong></span> 
     </span>
    </p>
   </div>
   <div class='ocr_carea' id='block_1_82' title="bbox 1897 3712 3484 3795">
    <p class='ocr_par' dir='ltr' id='par_1_82' title="bbox 1897 3712 3484 3795">
     <span class='ocr_line' id='line_1_82' title="bbox 1897 3712 3484 3795; baseline -0.006 -10"><span class='ocrx_word' id='word_1_570' title='bbox 1897 3729 2105 3785; x_wconf 78' lang='lat' dir='ltr'><strong>ctrinae.</strong></span> <span class='ocrx_word' id='word_1_571' title='bbox 2130 3727 2391 3795; x_wconf 86' lang='lat' dir='ltr'><strong>Reperias</strong></span> <span class='ocrx_word' id='word_1_572' title='bbox 2414 3726 2556 3780; x_wconf 91' lang='lat' dir='ltr'><strong>enim</strong></span> <span class='ocrx_word' id='word_1_573' title='bbox 2580 3724 2635 3778; x_wconf 90' lang='lat' dir='ltr'><strong>in</strong></span> <span class='ocrx_word' id='word_1_574' title='bbox 2659 3738 2726 3778; x_wconf 93' lang='lat' dir='ltr'><strong>eo</strong></span> <span class='ocrx_word' id='word_1_575' title='bbox 2747 3712 3004 3778; x_wconf 80' lang='lat' dir='ltr'><strong>historica</strong></span> <span class='ocrx_word' id='word_1_576' title='bbox 3028 3737 3132 3776; x_wconf 92' lang='lat' dir='ltr'><strong>non</strong></span> <span class='ocrx_word' id='word_1_577' title='bbox 3156 3736 3325 3793; x_wconf 86' lang='lat' dir='ltr'><strong>pauca</strong></span> <span class='ocrx_word' id='word_1_578' title='bbox 3344 3722 3484 3775; x_wconf 88' lang='lat' dir='ltr'><strong>bene</strong></span> 
     </span>
    </p>
   </div>
   <div class='ocr_carea' id='block_1_83' title="bbox 1900 3809 3483 3883">
    <p class='ocr_par' dir='ltr' id='par_1_83' title="bbox 1900 3809 3483 3883">
     <span class='ocr_line' id='line_1_83' title="bbox 1900 3809 3483 3883; baseline -0.006 -9"><span class='ocrx_word' id='word_1_579' title='bbox 1900 3818 2232 3883; x_wconf 87' lang='lat' dir='ltr'><strong>necessaria,</strong></span> <span class='ocrx_word' id='word_1_580' title='bbox 2271 3816 2379 3871; x_wconf 90' lang='lat' dir='ltr'><strong>imo</strong></span> <span class='ocrx_word' id='word_1_581' title='bbox 2408 3822 2461 3870; x_wconf 88' lang='lat' dir='ltr'><strong>et</strong></span> <span class='ocrx_word' id='word_1_582' title='bbox 2493 3814 2627 3869; x_wconf 86' lang='lat' dir='ltr'><strong>scite</strong></span> <span class='ocrx_word' id='word_1_583' title='bbox 2656 3814 2821 3869; x_wconf 87' lang='lat' dir='ltr'><strong>dicta.</strong></span> <span class='ocrx_word' id='word_1_584' title='bbox 2870 3809 3165 3869; x_wconf 75' lang='lat' dir='ltr'><strong>Rhetorica</strong></span> <span class='ocrx_word' id='word_1_585' title='bbox 3214 3811 3375 3866; x_wconf 89' lang='lat' dir='ltr'><strong>etiam</strong></span> <span class='ocrx_word' id='word_1_586' title='bbox 3419 3826 3483 3865; x_wconf 90' lang='lat' dir='ltr'><strong>ac</strong></span> 
     </span>
    </p>
   </div>
   <div class='ocr_carea' id='block_1_84' title="bbox 1899 3901 3484 3977">
    <p class='ocr_par' dir='ltr' id='par_1_84' title="bbox 1899 3901 3484 3977">
     <span class='ocr_line' id='line_1_84' title="bbox 1899 3901 3484 3977; baseline -0.006 -15"><span class='ocrx_word' id='word_1_587' title='bbox 1899 3907 2280 3977; x_wconf 67' lang='lat' dir='ltr'><strong>philosophica:</strong></span> <span class='ocrx_word' id='word_1_588' title='bbox 2313 3906 2779 3976; x_wconf 88' lang='lat' dir='ltr'><strong>contemplationis</strong></span> <span class='ocrx_word' id='word_1_589' title='bbox 2837 3903 3080 3975; x_wconf 69' lang='lat' dir='ltr'><strong>quaedam</strong></span> <span class='ocrx_word' id='word_1_590' title='bbox 3106 3941 3122 3967; x_wconf 92' lang='lat'><strong>,</strong></span> <span class='ocrx_word' id='word_1_591' title='bbox 3158 3909 3210 3955; x_wconf 85' lang='lat' dir='ltr'><strong>et</strong></span> <span class='ocrx_word' id='word_1_592' title='bbox 3260 3901 3484 3970; x_wconf 72' lang='lat' dir='ltr'><strong>poeticae</strong></span> 
     </span>
    </p>
   </div>
   <div class='ocr_carea' id='block_1_85' title="bbox 1897 3987 3483 4067">
    <p class='ocr_par' dir='ltr' id='par_1_85' title="bbox 1897 3987 3483 4067">
     <span class='ocr_line' id='line_1_85' title="bbox 1897 3987 3483 4067; baseline -0.006 -15"><span class='ocrx_word' id='word_1_593' title='bbox 1897 3996 2170 4052; x_wconf 80' lang='lat' dir='ltr'><strong>facultatis</strong></span> <span class='ocrx_word' id='word_1_594' title='bbox 2200 3996 2420 4063; x_wconf 85' lang='lat' dir='ltr'><strong>formas,</strong></span> <span class='ocrx_word' id='word_1_595' title='bbox 2445 3997 2561 4052; x_wconf 86' lang='lat' dir='ltr'><strong>etsi</strong></span> <span class='ocrx_word' id='word_1_596' title='bbox 2583 3998 2712 4066; x_wconf 90' lang='lat' dir='ltr'><strong>quid</strong></span> <span class='ocrx_word' id='word_1_597' title='bbox 2763 3993 3069 4067; x_wconf 76' lang='lat' dir='ltr'><strong>huiusmodi</strong></span> <span class='ocrx_word' id='word_1_598' title='bbox 3096 3991 3235 4046; x_wconf 92' lang='lat' dir='ltr'><strong>forte</strong></span> <span class='ocrx_word' id='word_1_599' title='bbox 3271 4004 3329 4045; x_wconf 89' lang='lat' dir='ltr'><strong>se</strong></span> <span class='ocrx_word' id='word_1_600' title='bbox 3349 3987 3483 4044; x_wconf 78' lang='lat' dir='ltr'><strong>olfe-</strong></span> 
     </span>
    </p>
   </div>
   <div class='ocr_carea' id='block_1_86' title="bbox 1897 4099 2001 4144">
    <p class='ocr_par' dir='ltr' id='par_1_86' title="bbox 1897 4099 2001 4144">
     <span class='ocr_line' id='line_1_86' title="bbox 1897 4099 2001 4144; baseline 0 -1"><span class='ocrx_word' id='word_1_601' title='bbox 1897 4103 1954 4143; x_wconf 86' lang='lat' dir='ltr'><strong>ra</strong></span> <span class='ocrx_word' id='word_1_602' title='bbox 1962 4099 2001 4144; x_wconf 91' lang='grc' dir='ltr'>ι.</span> 
     </span>
    </p>
   </div>
   <div class='ocr_carea' id='block_1_87' title="bbox 1967 4173 3483 4253">
    <p class='ocr_par' dir='ltr' id='par_1_87' title="bbox 1967 4173 3483 4253">
     <span class='ocr_line' id='line_1_87' title="bbox 1967 4173 3483 4253; baseline -0.008 -16"><span class='ocrx_word' id='word_1_603' title='bbox 1967 4179 2217 4253; x_wconf 68' lang='lat' dir='ltr'><strong>Egyptia</strong></span> <span class='ocrx_word' id='word_1_604' title='bbox 2266 4194 2462 4251; x_wconf 86' lang='lat' dir='ltr'><strong>genere</strong></span> <span class='ocrx_word' id='word_1_605' title='bbox 2487 4179 2764 4249; x_wconf 85' lang='lat' dir='ltr'><strong>Pamphila</strong></span> <span class='ocrx_word' id='word_1_606' title='bbox 2812 4179 2932 4234; x_wconf 86' lang='lat' dir='ltr'><strong>haec</strong></span> <span class='ocrx_word' id='word_1_607' title='bbox 2990 4178 3130 4245; x_wconf 85' lang='lat' dir='ltr'><strong>fult,</strong></span> <span class='ocrx_word' id='word_1_608' title='bbox 3193 4173 3483 4242; x_wconf 88' lang='lat' dir='ltr'><strong>floruitque</strong></span> 
     </span>
    </p>
   </div>
   <div class='ocr_carea' id='block_1_88' title="bbox 1898 4266 3478 4341">
    <p class='ocr_par' dir='ltr' id='par_1_88' title="bbox 1898 4266 3478 4341">
     <span class='ocr_line' id='line_1_88' title="bbox 1898 4266 3478 4341; baseline -0.006 -16"><span class='ocrx_word' id='word_1_609' title='bbox 1898 4285 1960 4325; x_wconf 87' lang='lat' dir='ltr'><strong>ea</strong></span> <span class='ocrx_word' id='word_1_610' title='bbox 2016 4279 2358 4341; x_wconf 86' lang='lat' dir='ltr'><strong>tempestate,</strong></span> <span class='ocrx_word' id='word_1_611' title='bbox 2407 4285 2529 4326; x_wconf 91' lang='lat' dir='ltr'><strong>cum</strong></span> <span class='ocrx_word' id='word_1_612' title='bbox 2580 4268 2727 4326; x_wconf 86' lang='lat' dir='ltr'><strong>Nero</strong></span> <span class='ocrx_word' id='word_1_613' title='bbox 2782 4269 3149 4324; x_wconf 80' lang='lat' dir='ltr'><strong>Romanorum</strong></span> <span class='ocrx_word' id='word_1_614' title='bbox 3192 4266 3478 4336; x_wconf 86' lang='lat' dir='ltr'><strong>imperium</strong></span> 
     </span>
    </p>
   </div>
   <div class='ocr_carea' id='block_1_89' title="bbox 197 4342 1797 4456">
    <p class='ocr_par' dir='ltr' id='par_1_89' title="bbox 197 4342 1794 4437">
     <span class='ocr_line' id='line_1_89' title="bbox 197 4342 1794 4437; baseline -0.003 -19"><span class='ocrx_word' id='word_1_615' title='bbox 197 4342 463 4437; x_wconf 61' lang='grc' dir='ltr'>πρά-τωρ.</span> <span class='ocrx_word' id='word_1_616' title='bbox 498 4363 568 4416; x_wconf 88' lang='grc' dir='ltr'><strong>Ἦ</strong></span> <span class='ocrx_word' id='word_1_617' title='bbox 607 4361 667 4415; x_wconf 75' lang='grc' dir='ltr'>δὲ</span> <span class='ocrx_word' id='word_1_618' title='bbox 712 4360 933 4433; x_wconf 80' lang='grc' dir='ltr'>φράσις,</span> <span class='ocrx_word' id='word_1_619' title='bbox 962 4360 1039 4423; x_wconf 81' lang='grc' dir='ltr'>ὡς</span> <span class='ocrx_word' id='word_1_620' title='bbox 1065 4359 1215 4413; x_wconf 77' lang='grc' dir='ltr'>ἐστιν</span> <span class='ocrx_word' id='word_1_621' title='bbox 1244 4363 1308 4414; x_wconf 81' lang='grc' dir='ltr'><strong>ἐκ</strong></span> <span class='ocrx_word' id='word_1_622' title='bbox 1350 4360 1458 4413; x_wconf 83' lang='grc' dir='ltr'><strong>τῶν</strong></span> <span class='ocrx_word' id='word_1_623' title='bbox 1489 4362 1794 4431; x_wconf 82' lang='grc' dir='ltr'>προοιμίων</span> 
     </span>
    </p>
   </div>
   <div class='ocr_carea' id='block_1_90' title="bbox 1903 4342 3481 4456">
    <p class='ocr_par' dir='ltr' id='par_1_90' title="bbox 1903 4342 3481 4432">
     <span class='ocr_line' id='line_1_90' title="bbox 1903 4342 3481 4432; baseline -0.008 -14"><span class='ocrx_word' id='word_1_624' title='bbox 1903 4362 2081 4418; x_wconf 61' lang='lat' dir='ltr'><strong>Casar</strong></span> <span class='ocrx_word' id='word_1_625' title='bbox 2136 4362 2326 4416; x_wconf 88' lang='lat' dir='ltr'><strong>tenuit.</strong></span> <span class='ocrx_word' id='word_1_626' title='bbox 2362 4361 2536 4417; x_wconf 88' lang='lat' dir='ltr'><strong>Dictio</strong></span> <span class='ocrx_word' id='word_1_627' title='bbox 2580 4376 2707 4417; x_wconf 87' lang='lat' dir='ltr'><strong>vero</strong></span> <span class='ocrx_word' id='word_1_628' title='bbox 2776 4342 3057 4432; x_wconf 63' lang='lat' dir='ltr'><strong>(quantu&#39;m</strong></span> <span class='ocrx_word' id='word_1_629' title='bbox 3100 4370 3169 4414; x_wconf 86' lang='lat' dir='ltr'><strong>ex</strong></span> <span class='ocrx_word' id='word_1_630' title='bbox 3215 4356 3481 4427; x_wconf 74' lang='lat' dir='ltr'><strong>prooemio</strong></span> 
     </span>
    </p>
   </div>
   <div class='ocr_carea' id='block_1_91' title="bbox 199 4449 1794 4523">
    <p class='ocr_par' dir='ltr' id='par_1_91' title="bbox 199 4449 1794 4523">
     <span class='ocr_line' id='line_1_91' title="bbox 199 4449 1794 4523; baseline -0.001 -14"><span class='ocrx_word' id='word_1_631' title='bbox 199 4457 504 4511; x_wconf 79' lang='grc' dir='ltr'>συλλαϐεῖν</span> <span class='ocrx_word' id='word_1_632' title='bbox 537 4455 637 4509; x_wconf 77' lang='grc' dir='ltr'>καὶ</span> <span class='ocrx_word' id='word_1_633' title='bbox 670 4457 728 4508; x_wconf 86' lang='grc' dir='ltr'><strong>ἐν</strong></span> <span class='ocrx_word' id='word_1_634' title='bbox 754 4449 836 4517; x_wconf 76' lang='grc' dir='ltr'>οἷς</span> <span class='ocrx_word' id='word_1_635' title='bbox 886 4451 1066 4507; x_wconf 78' lang='grc' dir='ltr'>ἄλλοθί</span> <span class='ocrx_word' id='word_1_636' title='bbox 1090 4469 1195 4505; x_wconf 88' lang='grc' dir='ltr'><strong>που</strong></span> <span class='ocrx_word' id='word_1_637' title='bbox 1226 4453 1357 4506; x_wconf 71' lang='grc' dir='ltr'>ἴδιόν</span> <span class='ocrx_word' id='word_1_638' title='bbox 1388 4469 1443 4506; x_wconf 85' lang='grc' dir='ltr'><strong>τι</strong></span> <span class='ocrx_word' id='word_1_639' title='bbox 1492 4452 1664 4523; x_wconf 82' lang='grc' dir='ltr'>λέγει,</span> <span class='ocrx_word' id='word_1_640' title='bbox 1698 4457 1794 4509; x_wconf 73' lang='grc' dir='ltr'><strong>καὶ</strong></span> 
     </span>
    </p>
   </div>
   <div class='ocr_carea' id='block_1_92' title="bbox 199 4536 1795 4615">
    <p class='ocr_par' dir='ltr' id='par_1_92' title="bbox 199 4536 1795 4615">
     <span class='ocr_line' id='line_1_92' title="bbox 199 4536 1795 4615; baseline 0 -17"><span class='ocrx_word' id='word_1_641' title='bbox 199 4546 456 4615; x_wconf 75' lang='grc' dir='ltr'>μάλιστα</span> <span class='ocrx_word' id='word_1_642' title='bbox 486 4544 633 4598; x_wconf 83' lang='grc' dir='ltr'><strong>κατά</strong></span> <span class='ocrx_word' id='word_1_643' title='bbox 671 4544 768 4615; x_wconf 75' lang='grc' dir='ltr'>τὴν</span> <span class='ocrx_word' id='word_1_644' title='bbox 799 4542 1060 4607; x_wconf 85' lang='grc' dir='ltr'>διάνοιαν,</span> <span class='ocrx_word' id='word_1_645' title='bbox 1113 4536 1200 4596; x_wconf 75' lang='grc' dir='ltr'>οἷα</span> <span class='ocrx_word' id='word_1_646' title='bbox 1233 4541 1297 4613; x_wconf 81' lang='grc' dir='ltr'>δὴ</span> <span class='ocrx_word' id='word_1_647' title='bbox 1341 4543 1437 4596; x_wconf 79' lang='grc' dir='ltr'><strong>καὶ</strong></span> <span class='ocrx_word' id='word_1_648' title='bbox 1464 4541 1512 4573; x_wconf 70' lang='grc' dir='ltr'><strong>ἠ’</strong></span> <span class='ocrx_word' id='word_1_649' title='bbox 1538 4545 1795 4612; x_wconf 80' lang='grc' dir='ltr'>γυναικὸς</span> 
     </span>
    </p>
   </div>
   <div class='ocr_carea' id='block_1_93' title="bbox 194 4632 1796 4707">
    <p class='ocr_par' dir='ltr' id='par_1_93' title="bbox 194 4632 1796 4707">
     <span class='ocr_line' id='line_1_93' title="bbox 194 4632 1796 4707; baseline 0.001 -19"><span class='ocrx_word' id='word_1_650' title='bbox 194 4635 439 4705; x_wconf 68' lang='grc' dir='ltr'>ἐπι-γονον</span> <span class='ocrx_word' id='word_1_651' title='bbox 461 4635 624 4696; x_wconf 75' lang='grc' dir='ltr'>οὖσα,</span> <span class='ocrx_word' id='word_1_652' title='bbox 653 4635 753 4702; x_wconf 79' lang='grc' dir='ltr'><strong>τῆς</strong></span> <span class='ocrx_word' id='word_1_653' title='bbox 780 4632 1015 4702; x_wconf 79' lang='grc' dir='ltr'>ἀφελοῦς</span> <span class='ocrx_word' id='word_1_654' title='bbox 1040 4634 1187 4686; x_wconf 81' lang='grc' dir='ltr'>ἐστιν</span> <span class='ocrx_word' id='word_1_655' title='bbox 1218 4632 1382 4697; x_wconf 86' lang='grc' dir='ltr'>ίδέας,</span> <span class='ocrx_word' id='word_1_656' title='bbox 1412 4633 1532 4688; x_wconf 76' lang='grc' dir='ltr'>οὐδὲ</span> <span class='ocrx_word' id='word_1_657' title='bbox 1555 4636 1619 4707; x_wconf 81' lang='grc' dir='ltr'>τῇ</span> <span class='ocrx_word' id='word_1_658' title='bbox 1650 4635 1796 4702; x_wconf 78' lang='grc' dir='ltr'>λέξει</span> 
     </span>
    </p>
   </div>
   <div class='ocr_carea' id='block_1_94' title="bbox 192 4718 1795 4798">
    <p class='ocr_par' dir='ltr' id='par_1_94' title="bbox 192 4718 1795 4798">
     <span class='ocr_line' id='line_1_94' title="bbox 192 4718 1795 4798; baseline 0.002 -20"><span class='ocrx_word' id='word_1_659' title='bbox 192 4727 351 4798; x_wconf 69' lang='grc' dir='ltr'>πρὸς</span> <span class='ocrx_word' id='word_1_660' title='bbox 403 4726 507 4796; x_wconf 74' lang='grc' dir='ltr'>τὴν</span> <span class='ocrx_word' id='word_1_661' title='bbox 559 4724 706 4778; x_wconf 75' lang='grc' dir='ltr'>ἰδέαν</span> <span class='ocrx_word' id='word_1_662' title='bbox 738 4722 1185 4794; x_wconf 80' lang='grc' dir='ltr'>ἀλλοτριουμένη.</span> <span class='ocrx_word' id='word_1_663' title='bbox 1246 4722 1333 4775; x_wconf 87' lang='grc' dir='ltr'>Ἑν</span> <span class='ocrx_word' id='word_1_664' title='bbox 1364 4718 1447 4786; x_wconf 76' lang='grc' dir='ltr'><strong>οἷς</strong></span> <span class='ocrx_word' id='word_1_665' title='bbox 1475 4724 1532 4778; x_wconf 86' lang='grc' dir='ltr'>δὲ</span> <span class='ocrx_word' id='word_1_666' title='bbox 1570 4726 1640 4779; x_wconf 88' lang='grc' dir='ltr'><strong>τά</strong></span> <span class='ocrx_word' id='word_1_667' title='bbox 1686 4727 1795 4781; x_wconf 87' lang='grc' dir='ltr'><strong>τῶν</strong></span> 
     </span>
    </p>
   </div>
   <div class='ocr_carea' id='block_1_95' title="bbox 192 4812 1795 4890">
    <p class='ocr_par' dir='ltr' id='par_1_95' title="bbox 192 4812 1795 4890">
     <span class='ocr_line' id='line_1_95' title="bbox 192 4812 1795 4890; baseline 0.002 -21"><span class='ocrx_word' id='word_1_668' title='bbox 192 4817 587 4886; x_wconf 77' lang='grc' dir='ltr'>ἀρχαιοτέρων</span> <span class='ocrx_word' id='word_1_669' title='bbox 621 4813 1148 4884; x_wconf 83' lang='grc' dir='ltr'>ἀπομνημονεύουσα</span> <span class='ocrx_word' id='word_1_670' title='bbox 1184 4812 1355 4879; x_wconf 89' lang='grc' dir='ltr'>λέγει,</span> <span class='ocrx_word' id='word_1_671' title='bbox 1406 4815 1795 4890; x_wconf 84' lang='grc' dir='ltr'>ποικιλώτερον</span> 
     </span>
    </p>
   </div>
   <div class='ocr_carea' id='block_1_96' title="bbox 189 4903 1563 4978">
    <p class='ocr_par' dir='ltr' id='par_1_96' title="bbox 189 4903 1563 4978">
     <span class='ocr_line' id='line_1_96' title="bbox 189 4903 1563 4978; baseline -0.001 -15"><span class='ocrx_word' id='word_1_672' title='bbox 189 4911 351 4978; x_wconf 79' lang='grc' dir='ltr'>αὐτῇ</span> <span class='ocrx_word' id='word_1_673' title='bbox 378 4908 474 4962; x_wconf 74' lang='grc' dir='ltr'><strong>καὶ</strong></span> <span class='ocrx_word' id='word_1_674' title='bbox 508 4908 571 4961; x_wconf 87' lang='grc' dir='ltr'><strong>οὐ</strong></span> <span class='ocrx_word' id='word_1_675' title='bbox 610 4906 735 4961; x_wconf 87' lang='grc' dir='ltr'>καθ’</span> <span class='ocrx_word' id='word_1_676' title='bbox 765 4905 823 4959; x_wconf 84' lang='grc' dir='ltr'>ἓν</span> <span class='ocrx_word' id='word_1_677' title='bbox 854 4903 993 4968; x_wconf 80' lang='grc' dir='ltr'>εἶδος</span> <span class='ocrx_word' id='word_1_678' title='bbox 1017 4905 1300 4974; x_wconf 82' lang='grc' dir='ltr'>σύγκειται</span> <span class='ocrx_word' id='word_1_679' title='bbox 1330 4907 1358 4958; x_wconf 87' lang='grc' dir='ltr'>ὁ</span> <span class='ocrx_word' id='word_1_680' title='bbox 1386 4905 1563 4975; x_wconf 86' lang='grc' dir='ltr'>λόγος.</span> 
     </span>
    </p>
   </div>
   <div class='ocr_carea' id='block_1_97' title="bbox 1901 4448 3482 4523">
    <p class='ocr_par' dir='ltr' id='par_1_97' title="bbox 1901 4448 3482 4523">
     <span class='ocr_line' id='line_1_97' title="bbox 1901 4448 3482 4523; baseline -0.004 -16"><span class='ocrx_word' id='word_1_681' title='bbox 1901 4452 2156 4523; x_wconf 86' lang='lat' dir='ltr'><strong>colligere</strong></span> <span class='ocrx_word' id='word_1_682' title='bbox 2196 4453 2345 4517; x_wconf 91' lang='lat' dir='ltr'><strong>licet,</strong></span> <span class='ocrx_word' id='word_1_683' title='bbox 2414 4468 2650 4523; x_wconf 90' lang='lat' dir='ltr'><strong>cumque</strong></span> <span class='ocrx_word' id='word_1_684' title='bbox 2688 4453 2964 4523; x_wconf 89' lang='lat' dir='ltr'><strong>proprium</strong></span> <span class='ocrx_word' id='word_1_685' title='bbox 3019 4451 3147 4521; x_wconf 91' lang='lat' dir='ltr'><strong>quid</strong></span> <span class='ocrx_word' id='word_1_686' title='bbox 3200 4448 3380 4512; x_wconf 71' lang='lat' dir='ltr'><strong>affert,</strong></span> <span class='ocrx_word' id='word_1_687' title='bbox 3425 4456 3482 4501; x_wconf 93' lang='lat' dir='ltr'><strong>et</strong></span> 
     </span>
    </p>
   </div>
   <div class='ocr_carea' id='block_1_98' title="bbox 1901 4538 3479 4616">
    <p class='ocr_par' dir='ltr' id='par_1_98' title="bbox 1901 4538 3479 4616">
     <span class='ocr_line' id='line_1_98' title="bbox 1901 4538 3479 4616; baseline -0.007 -14"><span class='ocrx_word' id='word_1_688' title='bbox 1901 4547 2136 4602; x_wconf 82' lang='lat' dir='ltr'><strong>maxime</strong></span> <span class='ocrx_word' id='word_1_689' title='bbox 2164 4547 2218 4601; x_wconf 89' lang='lat' dir='ltr'><strong>in</strong></span> <span class='ocrx_word' id='word_1_690' title='bbox 2261 4546 2446 4616; x_wconf 87' lang='lat' dir='ltr'><strong>sensu)</strong></span> <span class='ocrx_word' id='word_1_691' title='bbox 2481 4546 2675 4616; x_wconf 76' lang='lat' dir='ltr'><strong>120a</strong></span> <span class='ocrx_word' id='word_1_692' title='bbox 2712 4556 2771 4600; x_wconf 92' lang='lat' dir='ltr'><strong>ut</strong></span> <span class='ocrx_word' id='word_1_693' title='bbox 2805 4544 3045 4599; x_wconf 88' lang='lat' dir='ltr'><strong>mulieris</strong></span> <span class='ocrx_word' id='word_1_694' title='bbox 3077 4540 3315 4611; x_wconf 91' lang='lat' dir='ltr'><strong>propria,</strong></span> <span class='ocrx_word' id='word_1_695' title='bbox 3349 4538 3479 4592; x_wconf 90' lang='lat' dir='ltr'><strong>sim-</strong></span> 
     </span>
    </p>
   </div>
   <div class='ocr_carea' id='block_1_99' title="bbox 1902 4629 3477 4707">
    <p class='ocr_par' dir='ltr' id='par_1_99' title="bbox 1902 4629 3477 4707">
     <span class='ocr_line' id='line_1_99' title="bbox 1902 4629 3477 4707; baseline -0.004 -17"><span class='ocrx_word' id='word_1_696' title='bbox 1902 4638 2058 4707; x_wconf 88' lang='lat' dir='ltr'><strong>plicis</strong></span> <span class='ocrx_word' id='word_1_697' title='bbox 2077 4646 2162 4692; x_wconf 85' lang='lat' dir='ltr'><strong>est</strong></span> <span class='ocrx_word' id='word_1_698' title='bbox 2195 4637 2405 4705; x_wconf 62' lang='lat' dir='ltr'><strong>forma,</strong></span> <span class='ocrx_word' id='word_1_699' title='bbox 2437 4653 2499 4693; x_wconf 79' lang='lat' dir='ltr'><strong>uc</strong></span> <span class='ocrx_word' id='word_1_700' title='bbox 2531 4653 2600 4692; x_wconf 85' lang='lat' dir='ltr'><strong>ne</strong></span> <span class='ocrx_word' id='word_1_701' title='bbox 2637 4637 2819 4692; x_wconf 84' lang='lat' dir='ltr'><strong>verbis</strong></span> <span class='ocrx_word' id='word_1_702' title='bbox 2849 4635 3066 4706; x_wconf 89' lang='lat' dir='ltr'><strong>quidem</strong></span> <span class='ocrx_word' id='word_1_703' title='bbox 3097 4633 3226 4702; x_wconf 88' lang='lat' dir='ltr'><strong>ipsis</strong></span> <span class='ocrx_word' id='word_1_704' title='bbox 3246 4632 3314 4685; x_wconf 85' lang='lat' dir='ltr'><strong>ab</strong></span> <span class='ocrx_word' id='word_1_705' title='bbox 3356 4629 3477 4683; x_wconf 82' lang='lat' dir='ltr'><strong>idea</strong></span> 
     </span>
    </p>
   </div>
   <div class='ocr_carea' id='block_1_100' title="bbox 1903 4724 3479 4799">
    <p class='ocr_par' dir='ltr' id='par_1_100' title="bbox 1903 4724 3479 4799">
     <span class='ocr_line' id='line_1_100' title="bbox 1903 4724 3479 4799; baseline -0.006 -15"><span class='ocrx_word' id='word_1_706' title='bbox 1903 4728 1963 4784; x_wconf 81' lang='lat' dir='ltr'><strong>fit</strong></span> <span class='ocrx_word' id='word_1_707' title='bbox 2015 4728 2264 4784; x_wconf 88' lang='lat' dir='ltr'><strong>alienior.</strong></span> <span class='ocrx_word' id='word_1_708' title='bbox 2325 4730 2396 4784; x_wconf 86' lang='lat' dir='ltr'><strong>At</strong></span> <span class='ocrx_word' id='word_1_709' title='bbox 2446 4730 2659 4799; x_wconf 88' lang='lat' dir='ltr'><strong>quoties</strong></span> <span class='ocrx_word' id='word_1_710' title='bbox 2684 4735 2927 4781; x_wconf 88' lang='lat' dir='ltr'><strong>veterum</strong></span> <span class='ocrx_word' id='word_1_711' title='bbox 2963 4724 3104 4779; x_wconf 87' lang='lat' dir='ltr'><strong>dicta</strong></span> <span class='ocrx_word' id='word_1_712' title='bbox 3148 4735 3479 4777; x_wconf 84' lang='lat' dir='ltr'><strong>commemo-</strong></span> 
     </span>
    </p>
   </div>
   <div class='ocr_carea' id='block_1_101' title="bbox 1901 4812 3483 4890">
    <p class='ocr_par' dir='ltr' id='par_1_101' title="bbox 1901 4812 3483 4890">
     <span class='ocr_line' id='line_1_101' title="bbox 1901 4812 3483 4890; baseline -0.004 -18"><span class='ocrx_word' id='word_1_713' title='bbox 1901 4820 2069 4874; x_wconf 85' lang='lat' dir='ltr'><strong>randa</strong></span> <span class='ocrx_word' id='word_1_714' title='bbox 2105 4820 2327 4890; x_wconf 83' lang='lat' dir='ltr'><strong>colligit,</strong></span> <span class='ocrx_word' id='word_1_715' title='bbox 2365 4821 2514 4874; x_wconf 90' lang='lat' dir='ltr'><strong>varia</strong></span> <span class='ocrx_word' id='word_1_716' title='bbox 2539 4817 2655 4888; x_wconf 88' lang='lat' dir='ltr'><strong>ejus</strong></span> <span class='ocrx_word' id='word_1_717' title='bbox 2690 4818 2866 4872; x_wconf 87' lang='lat' dir='ltr'><strong>oratio</strong></span> <span class='ocrx_word' id='word_1_718' title='bbox 2891 4825 2996 4883; x_wconf 88' lang='lat' dir='ltr'><strong>est,</strong></span> <span class='ocrx_word' id='word_1_719' title='bbox 3029 4829 3207 4886; x_wconf 89' lang='lat' dir='ltr'><strong>neque</strong></span> <span class='ocrx_word' id='word_1_720' title='bbox 3246 4813 3336 4869; x_wconf 90' lang='lat' dir='ltr'><strong>uni</strong></span> <span class='ocrx_word' id='word_1_721' title='bbox 3369 4812 3483 4868; x_wconf 90' lang='lat' dir='ltr'><strong>for-.</strong></span> 
     </span>
    </p>
   </div>
   <div class='ocr_carea' id='block_1_102' title="bbox 1899 4911 2449 4968">
    <p class='ocr_par' dir='ltr' id='par_1_102' title="bbox 1899 4911 2449 4968">
     <span class='ocr_line' id='line_1_102' title="bbox 1899 4911 2449 4968; baseline 0.004 -3"><span class='ocrx_word' id='word_1_722' title='bbox 1899 4926 2000 4965; x_wconf 68' lang='lat' dir='ltr'><strong>mae</strong></span> <span class='ocrx_word' id='word_1_723' title='bbox 2025 4911 2449 4968; x_wconf 86' lang='lat' dir='ltr'><strong>accommodata.</strong></span> 
     </span>
    </p>
   </div>
   <div class='ocr_carea' id='block_1_103' title="bbox 1522 5036 2200 5095">
    <p class='ocr_par' dir='ltr' id='par_1_103' title="bbox 1522 5036 2200 5095">
     <span class='ocr_line' id='line_1_103' title="bbox 1522 5036 2200 5095; baseline 0.003 -3"><span class='ocrx_word' id='word_1_724' title='bbox 1522 5036 1756 5092; x_wconf 64' lang='lat' dir='ltr'><strong>VARI/E</strong></span> <span class='ocrx_word' id='word_1_725' title='bbox 1797 5036 2200 5095; x_wconf 85' lang='lat' dir='ltr'><strong>LECTIONES.</strong></span> 
     </span>
    </p>
   </div>
   <div class='ocr_carea' id='block_1_104' title="bbox 293 5154 1159 5297">
    <p class='ocr_par' dir='ltr' id='par_1_104' title="bbox 293 5154 1159 5297">
     <span class='ocr_line' id='line_1_104' title="bbox 293 5154 1159 5224; baseline 0.002 -16"><span class='ocrx_word' id='word_1_726' title='bbox 293 5158 352 5189; x_wconf 80' lang='grc' dir='ltr'><strong>⁷ο</strong></span> <span class='ocrx_word' id='word_1_727' title='bbox 382 5159 494 5218; x_wconf 83' lang='grc' dir='ltr'>τοῖς</span> <span class='ocrx_word' id='word_1_728' title='bbox 529 5170 641 5208; x_wconf 86' lang='lat' dir='ltr'><strong>om.</strong></span> <span class='ocrx_word' id='word_1_729' title='bbox 682 5155 749 5207; x_wconf 78' lang='grc' dir='ltr'><strong>Α.</strong></span> <span class='ocrx_word' id='word_1_730' title='bbox 842 5154 885 5185; x_wconf 85' lang='grc'><strong>⁷¹</strong></span> <span class='ocrx_word' id='word_1_731' title='bbox 928 5155 1050 5224; x_wconf 72' lang='grc' dir='ltr'><strong>αὐτ⁸</strong></span> <span class='ocrx_word' id='word_1_732' title='bbox 1098 5174 1159 5220; x_wconf 84' lang='grc' dir='ltr'>ς.</span> 
     </span>
     <span class='ocr_line' id='line_1_105' title="bbox 293 5156 1159 5297; baseline 0 -18"><span class='ocrx_word' id='word_1_733' title='bbox 293 5229 391 5279; x_wconf 61' lang='grc' dir='ltr'>ὃσα</span> <span class='ocrx_word' id='word_1_734' title='bbox 415 5227 572 5291; x_wconf 71' lang='grc' dir='ltr'>λόγου</span> <span class='ocrx_word' id='word_1_735' title='bbox 602 5226 731 5297; x_wconf 78' lang='lat' dir='ltr'><strong>add.</strong></span> <span class='ocrx_word' id='word_1_736' title='bbox 868 5295 879 5297; x_wconf 93' lang='lat'>_</span> <span class='ocrx_word' id='word_1_737' title='bbox 898 5224 944 5297; x_wconf 59' lang='grc' dir='ltr'><strong>Τ*</strong></span> <span class='ocrx_word' id='word_1_738' title='bbox 974 5156 1069 5297; x_wconf 55' lang='lat' dir='ltr'><strong>o3</strong></span> <span class='ocrx_word' id='word_1_739' title='bbox 1096 5244 1159 5297; x_wconf 68' lang='grc' dir='ltr'><strong>πρ</strong></span> 
     </span>
    </p>
   </div>
   <div class='ocr_carea' id='block_1_105' title="bbox 1263 5156 3473 5229">
    <p class='ocr_par' dir='ltr' id='par_1_105' title="bbox 1263 5156 3473 5229">
     <span class='ocr_line' id='line_1_106' title="bbox 1263 5156 3473 5229; baseline 0 -18"><span class='ocrx_word' id='word_1_740' title='bbox 1263 5159 1309 5189; x_wconf 74' lang='grc'><strong>⁷⁸</strong></span> <span class='ocrx_word' id='word_1_741' title='bbox 1343 5158 1571 5222; x_wconf 84' lang='grc' dir='ltr'>πολλοὺς</span> <span class='ocrx_word' id='word_1_742' title='bbox 1600 5160 1657 5212; x_wconf 84' lang='grc' dir='ltr'>δὲ</span> <span class='ocrx_word' id='word_1_743' title='bbox 1694 5162 1881 5229; x_wconf 77' lang='grc' dir='ltr'>φοιτᾷν</span> <span class='ocrx_word' id='word_1_744' title='bbox 1917 5190 1986 5199; x_wconf 92' lang='lat'><strong><em>—</em></strong></span> <span class='ocrx_word' id='word_1_745' title='bbox 2024 5159 2244 5229; x_wconf 80' lang='grc' dir='ltr'>ἔχοντας</span> <span class='ocrx_word' id='word_1_746' title='bbox 2273 5160 2320 5212; x_wconf 87' lang='grc' dir='ltr'><strong>Α</strong></span> <span class='ocrx_word' id='word_1_747' title='bbox 2351 5178 2362 5212; x_wconf 94' lang='lat'>:</span> <span class='ocrx_word' id='word_1_748' title='bbox 2391 5158 2601 5211; x_wconf 85' lang='grc' dir='ltr'>πολλῶν</span> <span class='ocrx_word' id='word_1_749' title='bbox 2641 5159 2808 5212; x_wconf 79' lang='grc' dir='ltr'>ὄντων</span> <span class='ocrx_word' id='word_1_750' title='bbox 2847 5158 2942 5210; x_wconf 76' lang='grc' dir='ltr'><strong>καὶ</strong></span> <span class='ocrx_word' id='word_1_751' title='bbox 2972 5187 3042 5198; x_wconf 90' lang='lat'><strong>-</strong></span> <span class='ocrx_word' id='word_1_752' title='bbox 3083 5157 3315 5229; x_wconf 48' lang='grc' dir='ltr'>ἐχόῃων</span> <span class='ocrx_word' id='word_1_753' title='bbox 3341 5156 3382 5211; x_wconf 91' lang='lat' dir='ltr'>C</span> <span class='ocrx_word' id='word_1_754' title='bbox 3413 5175 3473 5221; x_wconf 67' lang='grc' dir='ltr'>ς’,</span> 
     </span>
    </p>
   </div>
   <div class='ocr_carea' id='block_1_106' title="bbox 189 5216 3470 5300">
    <p class='ocr_par' dir='ltr' id='par_1_106' title="bbox 189 5216 3470 5300">
     <span class='ocr_line' id='line_1_107' title="bbox 189 5216 3470 5300; baseline 0.001 -21"><span class='ocrx_word' id='word_1_755' title='bbox 189 5227 242 5300; x_wconf 56' lang='grc' dir='ltr'>ἶ³</span> <span class='ocrx_word' id='word_1_756' title='bbox 276 5228 391 5279; x_wconf 80' lang='grc' dir='ltr'>ὅσα</span> <span class='ocrx_word' id='word_1_757' title='bbox 415 5216 572 5291; x_wconf 71' lang='grc' dir='ltr'>λόγου</span> <span class='ocrx_word' id='word_1_758' title='bbox 602 5226 731 5300; x_wconf 70' lang='lat' dir='ltr'><strong>add.</strong></span> <span class='ocrx_word' id='word_1_759' title='bbox 868 5224 944 5300; x_wconf 42' lang='grc' dir='ltr'><strong>-ῖδ</strong></span> <span class='ocrx_word' id='word_1_760' title='bbox 1096 5216 1231 5297; x_wconf 79' lang='grc' dir='ltr'>πρός</span> <span class='ocrx_word' id='word_1_761' title='bbox 1259 5229 1325 5282; x_wconf 91' lang='lat' dir='ltr'><strong>A.</strong></span> <span class='ocrx_word' id='word_1_762' title='bbox 1400 5230 1444 5261; x_wconf 78' lang='grc'>⁷⁸</span> <span class='ocrx_word' id='word_1_763' title='bbox 1482 5216 1852 5299; x_wconf 65' lang='grc' dir='ltr'>πολυμαθείαῖι</span> <span class='ocrx_word' id='word_1_764' title='bbox 1884 5248 1943 5294; x_wconf 83' lang='grc' dir='ltr'>ς.</span> <span class='ocrx_word' id='word_1_765' title='bbox 2020 5216 2346 5300; x_wconf 42' lang='lat' dir='ltr'><strong>timum</strong></span> <span class='ocrx_word' id='word_1_766' title='bbox 2374 5230 2549 5300; x_wconf 81' lang='grc' dir='ltr'>διατρ.</span> <span class='ocrx_word' id='word_1_767' title='bbox 2589 5246 2649 5291; x_wconf 81' lang='grc' dir='ltr'>ς.</span> <span class='ocrx_word' id='word_1_768' title='bbox 2724 5230 2769 5261; x_wconf 84' lang='grc'><strong>⁷⁷</strong></span> <span class='ocrx_word' id='word_1_769' title='bbox 2803 5229 3028 5299; x_wconf 85' lang='grc' dir='ltr'>χρόνους</span> <span class='ocrx_word' id='word_1_770' title='bbox 3087 5216 3145 5280; x_wconf 72' lang='grc' dir='ltr'><strong>ὁ”</strong></span> <span class='ocrx_word' id='word_1_771' title='bbox 3168 5225 3359 5299; x_wconf 83' lang='grc' dir='ltr'>Νέρων</span> 
     </span>
    </p>
   </div>
   <div class='ocr_carea' id='block_1_107' title="bbox 190 5295 1039 5368">
    <p class='ocr_par' dir='ltr' id='par_1_107' title="bbox 190 5295 1039 5368">
     <span class='ocr_line' id='line_1_108' title="bbox 190 5295 1039 5368; baseline -0.001 -18"><span class='ocrx_word' id='word_1_772' title='bbox 190 5297 467 5368; x_wconf 76' lang='grc' dir='ltr'>ἤκμασεν</span> <span class='ocrx_word' id='word_1_773' title='bbox 498 5315 561 5363; x_wconf 86' lang='grc' dir='ltr'>ς.</span> <span class='ocrx_word' id='word_1_774' title='bbox 638 5296 661 5327; x_wconf 82' lang='grc'><strong>⁸</strong></span> <span class='ocrx_word' id='word_1_775' title='bbox 691 5296 789 5349; x_wconf 77' lang='grc' dir='ltr'><strong>καὶ</strong></span> <span class='ocrx_word' id='word_1_776' title='bbox 818 5295 942 5350; x_wconf 82' lang='lat' dir='ltr'><strong>add.</strong></span> <span class='ocrx_word' id='word_1_777' title='bbox 971 5299 1039 5349; x_wconf 83' lang='lat' dir='ltr'><strong>A.</strong></span> 
     </span>
    </p>
   </div>
   <div class='ocr_carea' id='block_1_108' title="bbox 1715 5392 1948 5450">
    <p class='ocr_par' dir='ltr' id='par_1_108' title="bbox 1715 5392 1948 5450">
     <span class='ocr_line' id='line_1_109' title="bbox 1715 5392 1948 5450; baseline 0.009 -2"><span class='ocrx_word' id='word_1_778' title='bbox 1715 5392 1948 5450; x_wconf 73' lang='grc' dir='ltr'><strong>ΝΟΤᾸΞ.</strong></span> 
     </span>
    </p>
   </div>
   <div class='ocr_carea' id='block_1_109' title="bbox 273 5482 1796 5569">
    <p class='ocr_par' dir='ltr' id='par_1_109' title="bbox 273 5482 1796 5569">
     <span class='ocr_line' id='line_1_110' title="bbox 273 5482 1796 5569; baseline 0.003 -31"><span class='ocrx_word' id='word_1_779' title='bbox 273 5482 402 5569; x_wconf 77' lang='lat'><strong>(_87_)</strong></span> <span class='ocrx_word' id='word_1_780' title='bbox 431 5483 740 5569; x_wconf 64' lang='lat' dir='ltr'><strong>Pamphiles</strong></span> <span class='ocrx_word' id='word_1_781' title='bbox 755 5484 915 5569; x_wconf 76' lang='lat' dir='ltr'><strong>hujus</strong></span> <span class='ocrx_word' id='word_1_782' title='bbox 937 5485 1201 5569; x_wconf 40' lang='lat' dir='ltr'><strong>(sed-earn</strong></span> <span class='ocrx_word' id='word_1_783' title='bbox 1221 5487 1565 5569; x_wconf 70' lang='lat' dir='ltr'><strong>Epidauriam</strong></span> <span class='ocrx_word' id='word_1_784' title='bbox 1589 5488 1796 5569; x_wconf 80' lang='lat' dir='ltr'><strong>dice_u_s_)</strong></span> 
     </span>
    </p>
   </div>
   <div class='ocr_carea' id='block_1_110' title="bbox 187 5555 1789 5704">
    <p class='ocr_par' dir='ltr' id='par_1_110' title="bbox 187 5555 1789 5704">
     <span class='ocr_line' id='line_1_111' title="bbox 187 5555 1789 5628; baseline 0.004 -20"><span class='ocrx_word' id='word_1_785' title='bbox 187 5558 415 5623; x_wconf 84' lang='lat' dir='ltr'><strong>scripta</strong></span> <span class='ocrx_word' id='word_1_786' title='bbox 461 5556 627 5609; x_wconf 89' lang='lat' dir='ltr'><strong>refert</strong></span> <span class='ocrx_word' id='word_1_787' title='bbox 681 5555 909 5618; x_wconf 85' lang='lat' dir='ltr'><strong>Suidas,</strong></span> <span class='ocrx_word' id='word_1_788' title='bbox 942 5555 995 5610; x_wconf 82' lang='lat' dir='ltr'><strong>et</strong></span> <span class='ocrx_word' id='word_1_789' title='bbox 1049 5559 1219 5628; x_wconf 76' lang='lat' dir='ltr'><strong>Agell.</strong></span> <span class='ocrx_word' id='word_1_790' title='bbox 1267 5559 1361 5613; x_wconf 90' lang='lat' dir='ltr'><strong>lib.</strong></span> <span class='ocrx_word' id='word_1_791' title='bbox 1388 5573 1493 5627; x_wconf 86' lang='lat' dir='ltr'><strong>xv,</strong></span> <span class='ocrx_word' id='word_1_792' title='bbox 1520 5574 1638 5628; x_wconf 84' lang='lat' dir='ltr'><strong>cap.</strong></span> <span class='ocrx_word' id='word_1_793' title='bbox 1693 5555 1789 5615; x_wconf 77' lang='lat' dir='ltr'><strong>l7i</strong></span> 
     </span>
     <span class='ocr_line' id='line_1_112' title="bbox 188 5625 1789 5704; baseline 0.006 -30"><span class='ocrx_word' id='word_1_794' title='bbox 188 5625 662 5704; x_wconf 42' lang='lat' dir='ltr'><strong>perungit-arium</strong></span> <span class='ocrx_word' id='word_1_795' title='bbox 686 5626 1001 5704; x_wconf 46' lang='lat' dir='ltr'><strong>Pamphilas,</strong></span> <span class='ocrx_word' id='word_1_796' title='bbox 1023 5627 1112 5704; x_wconf 60' lang='grc' dir='ltr'>ες),</span> <span class='ocrx_word' id='word_1_797' title='bbox 1142 5626 1648 5704; x_wconf 80' lang='lat' dir='ltr'><strong>Iaudat._Supraque</strong></span> <span class='ocrx_word' id='word_1_798' title='bbox 1669 5632 1789 5687; x_wconf 78' lang='lat' dir='ltr'><strong>cod.</strong></span> 
     </span>
    </p>
   </div>
   <div class='ocr_carea' id='block_1_111' title="bbox 192 5692 1613 5764">
    <p class='ocr_par' dir='ltr' id='par_1_111' title="bbox 192 5692 1613 5764">
     <span class='ocr_line' id='line_1_113' title="bbox 192 5692 1613 5764; baseline 0.004 -13"><span class='ocrx_word' id='word_1_799' title='bbox 192 5694 303 5751; x_wconf 69' lang='grc'><strong>161</strong></span> <span class='ocrx_word' id='word_1_800' title='bbox 333 5732 356 5761; x_wconf 87' lang='grc'><strong>,</strong></span> <span class='ocrx_word' id='word_1_801' title='bbox 390 5692 755 5764; x_wconf 79' lang='lat' dir='ltr'><strong>Epitomarum</strong></span> <span class='ocrx_word' id='word_1_802' title='bbox 793 5692 909 5764; x_wconf 87' lang='lat' dir='ltr'><strong>ejus</strong></span> <span class='ocrx_word' id='word_1_803' title='bbox 929 5696 1047 5753; x_wconf 86' lang='lat' dir='ltr'><strong>libri</strong></span> <span class='ocrx_word' id='word_1_804' title='bbox 1076 5700 1261 5755; x_wconf 83' lang='lat' dir='ltr'><strong>decem</strong></span> <span class='ocrx_word' id='word_1_805' title='bbox 1283 5692 1613 5758; x_wconf 73' lang='lat' dir='ltr'><strong>referuntur.</strong></span> 
     </span>
    </p>
   </div>
   <div class='ocr_carea' id='block_1_112' title="bbox 1967 5489 2735 5559">
    <p class='ocr_par' dir='ltr' id='par_1_112' title="bbox 1967 5489 2735 5559">
     <span class='ocr_line' id='line_1_114' title="bbox 1967 5489 2735 5559; baseline 0.003 -18"><span class='ocrx_word' id='word_1_806' title='bbox 1967 5489 2112 5559; x_wconf 86' lang='lat'><strong>(88)</strong></span> <span class='ocrx_word' id='word_1_807' title='bbox 2137 5489 2330 5544; x_wconf 82' lang='lat' dir='ltr'><strong>Sttitlas</strong></span> <span class='ocrx_word' id='word_1_808' title='bbox 2358 5489 2427 5543; x_wconf 77' lang='lat'><strong>53</strong></span> <span class='ocrx_word' id='word_1_809' title='bbox 2469 5498 2735 5543; x_wconf 84' lang='lat' dir='ltr'><strong>numerat.</strong></span> 
     </span>
    </p>
   </div>
   <div class='ocr_carea' id='block_1_113' title="bbox 1967 5554 3465 5631">
    <p class='ocr_par' dir='ltr' id='par_1_113' title="bbox 1967 5554 3465 5631">
     <span class='ocr_line' id='line_1_115' title="bbox 1967 5554 3465 5631; baseline -0.001 -18"><span class='ocrx_word' id='word_1_810' title='bbox 1967 5554 2110 5631; x_wconf 76' lang='lat'><strong>(89)</strong></span> <span class='ocrx_word' id='word_1_811' title='bbox 2140 5559 2520 5631; x_wconf 10' lang='lat' dir='ltr'><strong>Socratidwrut</strong></span> <span class='ocrx_word' id='word_1_812' title='bbox 2555 5567 2783 5631; x_wconf 76' lang='lat' dir='ltr'><strong>testatur</strong></span> <span class='ocrx_word' id='word_1_813' title='bbox 2833 5555 2986 5610; x_wconf 85' lang='lat' dir='ltr'><strong>Suid.</strong></span> <span class='ocrx_word' id='word_1_814' title='bbox 3035 5555 3087 5631; x_wconf 83' lang='lat' dir='ltr'><strong>in</strong></span> <span class='ocrx_word' id='word_1_815' title='bbox 3130 5554 3411 5631; x_wconf 73' lang='lat' dir='ltr'><strong>Pamphile</strong></span> <span class='ocrx_word' id='word_1_816' title='bbox 3442 5571 3465 5620; x_wconf 68' lang='grc' dir='ltr'><strong>τι</strong></span> 
     </span>
    </p>
   </div>
   <div class='ocr_carea' id='block_1_114' title="bbox 1891 5626 3210 5698">
    <p class='ocr_par' dir='ltr' id='par_1_114' title="bbox 1891 5626 3210 5698">
     <span class='ocr_line' id='line_1_116' title="bbox 1891 5626 3210 5698; baseline -0.007 -10"><span class='ocrx_word' id='word_1_817' title='bbox 1891 5626 2006 5688; x_wconf 84' lang='lat' dir='ltr'><strong>sive</strong></span> <span class='ocrx_word' id='word_1_818' title='bbox 2029 5626 2290 5688; x_wconf 68' lang='lat' dir='ltr'><strong>Seteridte</strong></span> <span class='ocrx_word' id='word_1_819' title='bbox 2329 5640 2409 5698; x_wconf 89' lang='lat' dir='ltr'><strong>,ut</strong></span> <span class='ocrx_word' id='word_1_820' title='bbox 2432 5629 2572 5685; x_wconf 84' lang='lat' dir='ltr'><strong>idem</strong></span> <span class='ocrx_word' id='word_1_821' title='bbox 2599 5629 2650 5683; x_wconf 90' lang='lat' dir='ltr'><strong>in</strong></span> <span class='ocrx_word' id='word_1_822' title='bbox 2684 5629 2784 5683; x_wconf 88' lang='lat' dir='ltr'><strong>hac</strong></span> <span class='ocrx_word' id='word_1_823' title='bbox 2820 5640 2950 5683; x_wconf 87' lang='lat' dir='ltr'><strong>voce</strong></span> <span class='ocrx_word' id='word_1_824' title='bbox 2971 5626 3210 5698; x_wconf 76' lang='lat' dir='ltr'><strong>scripsit,</strong></span> 
     </span>
    </p>
   </div>
  </div>
