3932 6240
216 301 319 365 {Oli

1232 301 1756 363 BlBLIOTlIEC.-\.
1790 330 1860 342 --
1896 307 2061 369 COD.
2093 308 2392 369 CLXXVI.

3376 310 3482 377 510

215 424 364 477 ρεσιν
394 409 885 481 κατεργασαμένου
911 423 927 439 ·
950 405 1071 462 εἶτα
1100 409 1222 463 τίνα
1253 411 1457 482 τρόπον
1491 406 1736 484 Ἀκωρις
1764 415 1792 467 ό

1911 416 2067 473 )iadaa
2112 418 2222 473 sint
2255 436 2270 473 :
2307 419 2558 488 quodque
2622 432 2653 474 c
2704 417 2885 491 Syruo
2945 420 3151 489 posteri
3218 419 3481 477 Podalirii

212 500 512 568 Αἰγύπτιος
540 501 679 571 πρὸς
707 500 832 564 τοὺς
871 500 1091 562 Πισίδας
1117 500 1413 572 ἐποιήσατο
1453 503 1794 574 συμμαχίαν,

215 592 346 659 περί
399 608 461 644 τε
501 591 605 660 τῆς
652 591 837 661 χώρας
876 591 1058 646 αὐτῶν
1112 591 1209 645 καὶ
1260 592 1370 646 τῶν
1431 592 1795 648 Ἀσπενδίωνο

215 682 345 752 περί
368 699 431 734 τε
475 682 588 736 τῶν
617 684 678 735 ἐν
714 681 811 753 Κῷ
841 681 937 735 ita.)
968 681 1147 753 Κνίδῳ
1187 681 1407 753 ἰατρῶν,
1436 683 1513 746 ὡς
1567 683 1785 754 ’Λσκληι

216 772 412 827 πιάδαι
442 775 511 837 ⁸⁸,
536 774 635 828 καὶ
661 774 738 837 ὼς
760 775 825 826 ἐκ
850 774 1052 843 Σύρνου
1075 776 1125 827 οἱ
1149 774 1356 844 πρῶτοι
1379 774 1639 842 ἀφίκοντο
1662 775 1801 829 ἀπό-

213 882 363 932 γονοι
392 866 742 935 Ποδαλειρίου
765 881 780 896 ·
807 866 906 920 καὶ
936 866 1064 936 περὶ
1089 866 1278 935 Μόψου
1306 865 1402 919 τοῦ
1431 866 1675 936 μάντεως
1703 867 1799 920 uel.

212 959 328 1012 τῶν
364 958 681 1029 θυγατέρων
741 957 931 1029 Ῥόδης
973 957 1068 1011 καὶ
1108 957 1381 1027 Μηλιάδος
1424 958 1521 1010 καὶ
1563 958 1796 1026 Παμφυ-

214 1052 356 1116 λίας,
386 1052 446 1117 ἐξ
475 1046 550 1105 ὧν
572 1052 608 1122 ἦ
638 1068 699 1105 τε
747 1050 1092 1119 Μοψουεστία
1120 1051 1216 1103 καὶ
1262 1051 1297 1119 ή
1319 1051 1379 1102 ἐν
1402 1050 1581 1121 Λυκίᾳ
1619 1049 1798 1105 Ῥοδία

216 1144 312 1195 καὶ
338 1145 370 1212 ή
409 1142 705 1213 Παμφυλία
735 1140 890 1212 χώρα
914 1140 1015 1204 τὰς
1059 1140 1377 1210 ἐπωνυμίας
1407 1140 1620 1194 έλαόονο
1674 1140 1801 1195 τίνα

213 1251 275 1285 τε
301 1234 506 1304 τρόπον
557 1234 646 1302 ὑφ’
695 1233 965 1304 Ἐλλήνων
1009 1234 1044 1304 ή
1089 1232 1389 1304 Παμφυλία
1436 1232 1794 1304 κατῳκίσθη·

1901 509 2062 579 primi
2081 512 2431 566 accesserint.
2455 510 2530 566 De
2556 510 2742 581 Mopso
2769 513 2847 585 (l)
2866 521 3008 579 vate,
3027 513 3252 584 ejusque
3270 512 3484 571 ﬁliabus

1902 599 2114 666 Rhode,
2143 600 2370 658 Meliade
2410 618 2475 659 ac
2490 603 2830 677 Pamphylia.
2852 605 2936 660 Ab
2958 606 3044 661 his
3071 600 3479 674 Mopsuestiam,

1902 699 1961 743 et
1987 691 2040 743 in
2071 689 2234 762 Lycia
2263 692 2547 760 Rhodiam,
2576 694 3059 766 Pamphyliamque
3079 698 3357 768 regionem
3386 712 3486 752 no-

1904 796 2026 836 men
2048 784 2340 852 accepisse.
2355 781 2427 839 Ut
2443 800 2471 838 a
2486 783 2691 841 Graecis
2707 786 2938 841 habitari
2956 786 3268 858 Pamphylia
3285 798 3482 856 empta,

1905 881 2094 927 mutuo
2107 873 2248 927 bello
2260 876 2487 930 arserit:
2508 878 2843 944 etquomodo
2859 875 3009 946 Lycii
3022 891 3146 938 cum
3159 875 3484 941 Telmissiis,

1903 962 2029 1018 belli
2059 966 2193 1020 duce
2216 965 2427 1021 Pericle
2459 981 2644 1021 eorum
2688 982 2835 1038 rege,
2876 969 3169 1038 pugnarint
3204 983 3345 1023 :nec
3374 983 3488 1024 ma—

1905 1068 2008 1108 nus
2053 1067 2345 1109 conserere
2391 1054 2679 1120 desierint,
2718 1056 2892 1110 donec
2922 1057 3068 1125 ipsos
3113 1055 3254 1108 intra
3300 1068 3486 1108 muros

1905 1145 2213 1214 compulsos
2230 1145 2297 1200 ad
2317 1147 2667 1202 concordiam
2689 1149 3004 1218 adegerunt.
3029 1148 3151 1202 Haec
3170 1146 3488 1201 duodecimo

1904 1234 1994 1289 illo
2022 1235 2179 1303 libro,
2197 1252 2357 1307 quem
2389 1236 2757 1307 Metrophanes
2798 1255 2903 1294 non
2930 1241 3086 1304 vidit,
3115 1241 3483 1295 continentur.

216 1326 317 1377 καὶ
341 1330 369 1379 ὁ
391 1328 531 1396 πρὸς
558 1326 822 1396 ἀλλήλους
844 1326 1082 1397 πόλεμος
1107 1325 1151 1358 ³³
1177 1341 1194 1355 ’
1229 1326 1324 1379 καὶ
1360 1324 1436 1388 ὡς
1458 1325 1652 1379 Λύκιοι
1671 1325 1807 1397 πρὸς
1840 1326 2187 1397 Τελμισσεῖς,
2233 1330 2537 1401 ἡγουμένου
2587 1332 2771 1396 αὐτοῖς
2845 1331 2941 1385 τοῦ
3000 1331 3150 1399 σφῶν
3224 1323 3487 1399 βοισιλέως

212 1420 572 1491 Περικλέους,
599 1420 970 1491 ἐπολέμησαν,
1003 1421 1222 1474 καὶούκ
1248 1420 1461 1489 ἀνῆκαν
1494 1422 1857 1491 πολεμοῦντες
1890 1423 1998 1487 ἕως
2049 1426 2251 1489 αὐτοὺς
2298 1427 2579 1498 τειχήρεις
2630 1429 2958 1498 ποιήσαντες
3009 1426 3135 1480 καθ’
3193 1425 3482 1497 ὁμολογίαν

214 1513 657 1582 παρεστήσαντο.
697 1513 764 1563 Ἃ
814 1511 912 1581 μὲν
936 1506 1031 1564 οὖν
1075 1511 1104 1563 δ
1131 1510 1501 1581 ἠφανισμένος
1527 1512 1574 1544 ⁵*
1613 1512 1934 1581 Μηνοφάνει
1969 1514 2272 1578 δωδέκατος
2302 1516 2459 1584 λόγος
2488 1515 2752 1588 περιέχει,
2785 1516 2960 1570 ταῦτά
2985 1518 3156 1571 ἐστιν.

295 1607 457 1659 Ἔστι
488 1605 545 1657 δὲ
569 1604 892 1673 Θεόπομπος
947 1605 1077 1667 Χῖος
1109 1604 1209 1675 μὲν
1229 1604 1291 1658 τὸ
1337 1604 1518 1673 γένος,
1548 1605 1661 1666 υίὸς
1691 1606 1800 1658 Δα-

1979 1608 2361 1678 Theopompus
2392 1610 2480 1664 hic
2507 1609 2675 1665 Chius
2707 1625 2907 1680 genere
2938 1608 3058 1673 fuit,
3091 1609 3302 1675 genitus
3332 1617 3486 1677 patre

220 1699 559 1768 μοστράτου,
596 1698 786 1764 φυγεῖν
811 1696 869 1748 δὲ
901 1694 1120 1763 λέγεται
1156 1696 1256 1766 τῆς
1281 1695 1542 1764 πατρίδος
1570 1694 1690 1765 ἅμα
1719 1695 1798 1767 τῷ

1911 1697 2246 1754 Damostrate
2276 1700 2374 1771 (2).
2418 1700 2602 1755 Patria
2633 1715 2765 1755 vero
2792 1715 2914 1755 cum
2938 1709 3163 1771 parente
3185 1700 3485 1755 excessisse

216 1787 419 1858 πατρὶ,
452 1787 546 1839 ἐπὶ
577 1785 921 1855 Λακωνισμῷ
948 1785 1044 1838 τοῦ
1078 1785 1285 1856 πατρὸς
1312 1786 1551 1852 ἁλόντος,
1585 1788 1798 1840 ἀνασω-

216 1880 384 1949 θῆναι
413 1878 471 1931 δὲ
494 1879 563 1946 τῇ
584 1877 802 1948 πατρίδι
826 1877 1250 1948 τελευτήσαντος
1277 1877 1426 1947 αὐτῷ
1444 1877 1539 1931 τοῦ
1568 1879 1796 1947 πατρὸς,

216 1971 317 2041 τήν
344 1969 402 2022 δὲ
436 1969 661 2023 κάθοδον
693 1968 1042 2039 Ἀλεξάνδρου
1070 1970 1164 2022 τοῦ
1182 1969 1510 2023 Μακεδόνων
1534 1969 1798 2040 βασιλέως

212 2062 288 2113 δι’
310 2060 617 2114 ἐπιστολῶν
641 2060 750 2116 τῶν
773 2060 910 2131 πρὸς
935 2062 1061 2124 τοὺς
1088 2061 1252 2125 Χίους
1274 2061 1797 2133 καταπραξαμένουο

218 2154 362 2206 ὲτῶν
390 2152 451 2206 δέ
504 2149 647 2206 εἶναι
672 2153 794 2206 τότε
828 2154 917 2206 τὸν
954 2154 1280 2224 Θεόπομπον
1318 2153 1359 2208 ε’
1388 2153 1485 2208 καὶ
1528 2161 1601 2224 μ’.
1643 2154 1802 2209 Μετὰ

215 2247 275 2307 δὲ
305 2246 400 2300 τὸν
438 2245 791 2318 Ἀλεξάνδρου
836 2246 1067 2301 θάνατον
1096 2248 1439 2318 πανταχόθεν
1487 2249 1801 2304 ἐκπεσόντα

217 2341 302 2403 εἰς
330 2338 613 2408 Αἴγυπτον
649 2337 962 2408 ἀφικέσθαι,
1003 2339 1338 2410 Πτολεμαῖον
1371 2341 1429 2394 δὲ
1466 2341 1560 2394 τὸν
1599 2341 1802 2412 ταύτης

222 2429 457 2500 βασιλέα
484 2430 550 2483 οὐ
583 2429 904 2501 προσίεσθαι
942 2431 1033 2485 τὸν
1058 2431 1248 2503 ἄνδρα,
1279 2431 1419 2487 ἀλλὰ
1458 2433 1554 2486 καὶ
1586 2432 1663 2497 ὡς
1700 2450 1803 2486 πο-

217 2522 590 2592 λυπράγμονα
635 2522 842 2576 ἀνελεῖν
873 2522 1150 2594 ἐθελῆσαι,
1196 2524 1245 2576 εί
1278 2526 1353 2593 μή
1381 2542 1526 2586 τινες
1558 2525 1667 2577 τῶν
1708 2525 1802 2594 φί-

212 2616 328 2668 λων
357 2616 830 2684 παραιτησάμενοι
861 2614 1207 2672 διεσώσαντο.
1248 2616 1604 2686 Συνακμάσαι
1630 2616 1687 2669 δέ
1716 2615 1804 2669 λέ-

206 2724 307 2775 γει
334 2706 504 2770 αὐτὸς
536 2706 726 2759 ἑαυτὸν
755 2708 801 2739 ³³
858 2707 1154 2779 Ἰσοκράτει
1194 2724 1255 2760 τε
1280 2706 1360 2777 τῷ
1414 2706 1679 2777 Ἀθηναίῳ
1708 2707 1804 2761 καὶ

204 2798 494 2869 Θεοδέκτῃ
536 2796 615 2867 τῷ
641 2797 915 2870 Φασηλίτῃ
947 2798 1041 2851 καὶ
1084 2798 1397 2869 Ναυκράτει
1428 2799 1475 2831 ⁹⁴
1518 2799 1596 2870 τῷ
1643 2803 1806 2872 Ἐρυ-

208 2889 419 2961 θριαίῳ,
451 2890 548 2943 καὶ
575 2888 796 2952 τούτους
824 2890 941 2961 ἅμα
960 2889 1110 2961 αὐτῷ
1132 2891 1202 2943 τὰ
1223 2894 1464 2962 πρωτεῖα
1496 2893 1596 2962 τῆς
1627 2896 1684 2948 ἐν
1717 2895 1807 2947 λό-

206 2998 342 3052 γοις
368 2981 622 3044 παιδείας
661 2980 806 3051 ἔχειν
834 2982 893 3034 ἐν
918 2983 1030 3045 τοῖς
1055 2982 1347 3052 Ἕλλησιν·
1378 2983 1515 3038 ἀλλὰ
1559 2986 1805 3057 Ἰσοκρά-

1906 1791 2098 1857 fertur,
2132 1807 2252 1846 cum
2278 1792 2556 1848 Laconum
2587 1792 2679 1847 ille
2727 1792 2888 1847 rebus
2936 1793 3158 1847 studere
3200 1791 3484 1846 convictus

1906 1885 2113 1948 fuisset,
2128 1901 2235 1955 quo
2258 1894 2471 1940 mortuo
2495 1886 2683 1955 patria:
2712 1885 3020 1939 restitutum
3045 1884 3218 1951 aiunt,
3242 1884 3483 1937 Alexan-

1902 1976 2005 2032 dro
2056 1976 2411 2033 Macedonum
2460 1991 2588 2048 rege
2647 1992 2745 2047 per
2787 1976 3069 2047 epistolam
3110 1977 3176 2031 ad
3219 1976 3484 2031 Chienses

1908 2068 2139 2123 reditum
2187 2068 2287 2138 ipsi
2346 2068 2692 2136 impetrante,
2751 2068 2927 2121 aetatis
2958 2065 3287 2135 Theopompi
3339 2080 3483 2121 auito

1906 2160 2099 2229 quinto
2119 2167 2174 2215 et
2198 2156 2835 2229 quadragesimoNerum
2860 2168 3074 2211 mortuo
3097 2158 3220 2211 dein
3248 2156 3486 2210 Alexan-

1908 2253 2025 2316 dro,
2083 2251 2320 2317 undique
2391 2248 2728 2306 exsulantem
2794 2249 2847 2303 in
2903 2247 3197 2319 Egyptum
3270 2249 3486 2303 venisse

1908 2352 2155 2408 narrant,
2197 2341 2380 2411 ibique
2426 2355 2607 2411 regem
2639 2339 2986 2395 Ptolemaeum
3023 2355 3127 2394 non
3167 2339 3340 2395 solum
3384 2339 3484 2393 ho-

1906 2433 2106 2486 minem
2132 2448 2237 2485 uon
2270 2433 2568 2500 excepisse,
2603 2431 2697 2485 sed
2727 2431 2894 2484 etiam
2925 2430 3074 2485 velut
3104 2430 3266 2485 nimis
3304 2429 3486 2484 curio-

1909 2539 2030 2580 sum
2057 2522 2246 2578 tollere
2270 2522 2338 2577 de
2358 2522 2533 2577 medio
2564 2521 2820 2587 voluisse,
2869 2521 2973 2575 nisi
3029 2520 3328 2574 amicorum
3365 2533 3485 2588 pre-

1912 2614 2067 2670 cibus
2106 2621 2356 2668 servatus
2413 2611 2630 2667 fuisset.
2681 2609 2945 2679 Equales
2981 2610 3059 2680 (3)
3096 2623 3222 2663 suos
3255 2608 3486 2677 ipsemet

1912 2710 2158 2762 nominat
2190 2723 2206 2761 :
2242 2690 2532 2761 lsocratetn
2554 2703 2631 2776 (4)
2668 2703 3080 2766 Atheniensem,
3118 2700 3485 2754 Theodectem

1909 2799 2259 2866 Phaselitem,
2317 2808 2372 2853 et
2427 2796 2752 2851 Naucratem
2807 2795 3177 2866 Erythraeum,
3239 2805 3377 2860 quos
3431 2799 3489 2844 et

1912 2906 2096 2947 secum
2143 2892 2200 2945 in
2237 2892 2445 2945 dicendi
2480 2888 2736 2943 facultate
2775 2886 3139 2956 principatum
3183 2882 3243 2937 in
3277 2879 3486 2936 Graecia

1912 2984 2153 3039 tenuisse
2186 2980 2369 3036 refert.
2425 2980 2530 3036 Sed
2565 2980 2858 3035 lsocratem
2892 2977 3108 3048 quidem
3140 2974 3218 3031 rei
3260 2973 3488 3028 familia-

207 3043 323 3145 την
351 3076 455 3145 μὲν
499 3075 569 3128 δι’
596 3043 833 3144 ἀπορίαν
868 3074 985 3143 βίου
1012 3043 1124 3129 καὶ
1148 3043 1450 3149 Θεοδέκτην
1491 3078 1685 3149 μισθοῦ
1706 3043 1804 3133 ιλό-

1912 3075 1989 3131 ris
2029 3073 2303 3144 angustia,
2364 3072 2440 3127 uti
2489 3081 2544 3125 et
2574 3043 2941 3135 Theodecten,
2999 3069 3178 3138 pretio
3211 3066 3488 3122 orationes

210 3182 351 3233 γους
387 3164 627 3234 γράφειν
669 3167 763 3218 καὶ
816 3166 1174 3236 σοφιστεύειν,
1213 3169 1637 3235 ἐκπαιδεύοντας
1681 3174 1808 3238 τοὺς

206 3257 381 3320 νέους
411 3256 674 3310 κάκεῖθεν
709 3257 1127 3329 καρπουμένους
1176 3261 1277 3324 τὰς
1312 3262 1601 3331 ὠφελείας,
1644 3266 1806 3320 αὐτὸν

206 3350 272 3404 δὲ
316 3350 415 3403 καὶ
452 3349 793 3421 Ναυκράτην
830 3350 1122 3422 αὐτάρκως
1145 3351 1368 3422 ἔχοντας
1401 3354 1462 3408 ἐν
1483 3356 1693 3421 τούτοις
1722 3357 1809 3411 ἀεὶ

204 3444 320 3513 τὴν
340 3442 632 3515 διατριϐὴν
658 3444 715 3496 ἐν
734 3441 813 3513 τῷ
834 3442 1146 3513 φιλοσοφεῖν
1166 3446 1261 3498 καὶ
1286 3445 1606 3517 φιλομαθεῖν
1635 3451 1808 3503 ποιεῖ-

207 3534 371 3590 σθαι.
408 3534 526 3589 Καὶ
562 3534 638 3597 ὡς
662 3534 762 3588 οὐκ
783 3534 850 3589 ἂν
877 3533 964 3604 είη
998 3534 1146 3605 αύτῷ
1168 3536 1478 3607 παράλογον
1502 3540 1814 3593 ἀντιποιου-

209 3627 371 3697 μένῳ
408 3626 523 3679 τῶν
548 3625 853 3699 πρωτείων,
877 3626 978 3679 οὐκ
1002 3627 1300 3681 ἐλαττόνων
1332 3628 1481 3700 μένῆ
1508 3630 1811 3703 δισμυρίων

206 3718 371 3772 ἐπῶν
400 3718 535 3779 τοὺς
564 3716 965 3781 ἐπιδεικτικοὺς
994 3717 1104 3771 τῶν
1127 3718 1303 3786 λόγων
1331 3722 1773 3794 συγγραψαμένῳ
1792 3765 1809 3790 ,

208 3812 445 3871 πλείους
464 3810 526 3864 δὲ
555 3810 589 3880 ἢ
624 3816 686 3863 ιε’
724 3809 1011 3881 μυριάδας,
1045 3812 1105 3864 ἐν
1136 3806 1216 3873 οἷς
1240 3812 1338 3872 τάς
1365 3828 1425 3864 τε
1467 3811 1577 3865 τῶν
1618 3812 1811 3885 Ἐλλή-

206 3923 327 3959 νων
350 3905 452 3958 καὶ
476 3902 775 3974 βαρόάρων
813 3902 1045 3974 πράξεις
1092 3903 1255 3973 μέχρι
1278 3903 1374 3958 νῦν
1402 3905 1814 3977 ἀπαγγελλομέ-

205 4011 319 4057 va;
348 3993 470 4045 ἔστι
509 3992 696 4045 λαϐεῖν
734 4007 749 4023 ⁸
781 3990 860 4044 έτι
904 3991 961 4044 δὲ
998 3993 1094 4045 καὶ
1122 3991 1254 4045 διότι
1298 3992 1471 4057 ούδείς
1503 3996 1618 4048 ἐστι
1649 3995 1813 4060 τόπος

205 4084 401 4147 κοινὸς
445 4082 559 4136 τῶν
601 4082 868 4152 Ἐλλήνων
892 4081 1013 4136 οὐδὲ
1061 4083 1219 4146 πόλις
1261 4083 1580 4155 ἀξιόχρεως,
1613 4086 1695 4149 είς
1718 4085 1815 4150 οὒς

204 4176 382 4239 αὐτὸς
420 4176 527 4229 οὐκ
560 4175 847 4246 ἐπιδημῶν
898 4175 995 4228 καὶ
1034 4177 1135 4238 τὰς
1162 4175 1271 4228 τῶν
1300 4177 1476 4245 λόγων
1515 4179 1810 4244 ἐπιδείξεις

207 4269 555 4338 ποιούμενος
588 4268 711 4337 οὐχὶ
741 4266 871 4339 [204
900 4266 995 4339 Η.]
1024 4268 1169 4336 μέγα
1197 4267 1356 4332 κλέος
1387 4270 1482 4322 καὶ
1507 4270 1808 4341 ὑπόμνημα

1910 3166 2323 3236 conscripsisse,
2375 3179 2440 3219 ac
2489 3163 2620 3219 ludo
2671 3172 2861 3233 aperto
2914 3160 3285 3217 adolescentes
3322 3158 3490 3214 infor-

1912 3273 2111 3324 masse,
2167 3259 2402 3327 indeque
2451 3256 2661 3311 lucrum
2715 3263 3021 3324 reportasse
3050 3271 3065 3307 :
3097 3267 3159 3307 se
3195 3266 3327 3305 vero
3361 3264 3488 3305 cum

1908 3347 2202 3413 Naucrate,
2258 3347 2401 3417 quod
2437 3348 2603 3401 vitam
2642 3345 2780 3399 tueri
2808 3345 3035 3399 hOneste
3062 3351 3303 3412 possent,
3353 3340 3489 3394 assi-

1910 3442 2016 3496 due
2053 3440 2108 3494 in
2145 3440 2254 3503 his,
2289 3440 2345 3493 in
2387 3437 2745 3507 philosOphia,
2776 3437 3025 3505 inquam,
3063 3448 3128 3489 ac
3165 3432 3377 3488 dicendi
3412 3430 3490 3486 fa-

1910 3533 2111 3587 cultate
2141 3529 2463 3585 exercitum.
2501 3525 2703 3597 Neque,
2722 3540 2854 3581 vero
2881 3534 3085 3581 temere
3115 3538 3197 3587 se,
3227 3532 3319 3577 aut
3343 3537 3488 3591 prte-

1913 3636 1995 3680 ter
2016 3624 2278 3678 rationem
2311 3622 2513 3690 primas
2543 3620 2644 3675 sibi
2675 3618 2972 3682 vindicare,
3000 3630 3123 3672 cum
3143 3616 3486 3670 demonstra-

1915 3718 2008 3772 tivi
2042 3718 2258 3788 generis
2283 3714 2559 3770 orationes
2587 3727 2695 3767 non
2751 3710 3063 3781 pauciores,
3109 3722 3271 3779 quam
3298 3705 3487 3774 viginti

1911 3810 2140 3864 millium
2204 3822 2461 3863 versuum
2528 3804 2961 3874 conscripserit:
3007 3801 3138 3871 quin
3180 3809 3236 3854 et
3296 3797 3489 3868 121a

1912 3916 2075 3971 supra
2102 3900 2411 3971 quindecim
2432 3913 2686 3953 versuum
2722 3895 3015 3968 myriadas,
3050 3894 3106 3949 in
3133 3891 3327 3961 quibus
3341 3888 3489 3945 Grat-

1913 4010 2099 4051 corum
2130 4009 2194 4048 ac
2222 3992 2584 4047 Barbarornm
2607 4005 2697 4045 res
2738 3998 2920 4060 gestas
2944 3987 3213 4041 hactenus
3241 3990 3489 4038 narratas

1913 4091 2093 4159 legere
2126 4088 2307 4143 liceat.
2367 4085 2450 4140 Ad
2485 4087 2599 4139 haec
2625 4098 2753 4138 vero
2792 4082 2994 4136 nullam
3017 4093 3140 4133 esse
3166 4078 3244 4132 ait
3267 4073 3488 4131 Graecia

1914 4182 2145 4249 alicujus
2165 4178 2321 4248 pretii
2356 4178 2533 4232 locum
2571 4176 2850 4239 urbcmve,
2872 4188 2978 4243 quo
3008 4188 3117 4227 non
3147 4171 3264 4239 ipse
3295 4181 3486 4236 perre-

1914 4276 2078 4337 nerit,
2104 4271 2423 4341 publiceque
2449 4281 2712 4337 perorans
2744 4279 2998 4333 magnum
3018 4265 3205 4324 decus,
3225 4274 3290 4313 ac
3311 4258 3489 4312 virtu-

204 4361 322 4429 τῆς
371 4362 434 4412 ἐν
465 4358 655 4427 λόγοις
705 4359 873 4412 αὑτοῦ
931 4359 1226 4412 κατέλιπεν
1280 4360 1503 4429 ἀρετῆς.
1551 4361 1680 4432 [595
1709 4361 1804 4434 R.)

1915 4365 1984 4419 tis
2039 4364 2092 4417 in
2129 4361 2359 4416 dicendo
2411 4374 2522 4415 suae
2552 4366 2960 4413 monumentum
2996 4351 3296 4419 reliquerit.
3364 4347 3491 4403 Haec

204 4450 416 4505 Ταῦτα
446 4450 615 4513 αὐτὸς
652 4450 784 4522 περὶ
811 4449 976 4509 αὑτοῦ
999 4451 1044 4482 ⁸⁸
1074 4448 1249 4518 λέγων
1273 4490 1289 4517 ,
1319 4451 1447 4513 τοὺς
1476 4452 1535 4503 ἐν
1565 4455 1679 4516 τοῖς
1713 4452 1811 4523 ἐμ.

202 4544 465 4615 προσθεν
486 4543 708 4614 χρόνοις
732 4542 956 4613 ἔχοντας
983 4543 1040 4595 ὲν
1063 4543 1242 4611 λόγοις
1261 4543 1321 4596 τὸ
1345 4546 1649 4613 πρωτεύειν
1673 4548 1811 4605 πολὺ

204 4637 691 4705 καταδεεστέρους
734 4636 1098 4705 ἀποφαίνεται
1139 4636 1250 4691 τῶν
1298 4635 1421 4689 καθ’
1453 4637 1644 4691 ἐαυτὸν
1690 4638 1813 4693 οὐδὲ

200 4726 323 4792 τῆς
348 4726 620 4796 δευτέρας
646 4726 851 4790 τάξεως
892 4727 1229 4795 ἀξιουμένων
1250 4727 1317 4790 ⁸⁸,
1346 4728 1439 4779 καὶ
1470 4727 1629 4781 τοῦτο
1654 4728 1812 4799 δῆλον

202 4808 366 4867 εἷναί
397 4830 535 4884 φησι
579 4812 675 4867 καὶ
709 4815 767 4881 ἐξ
820 4815 1000 4869 αὐτῶν
1030 4816 1140 4869 τῶν
1167 4818 1296 4887 παρ’
1338 4817 1620 4888 ἑκατέροις
1650 4819 1814 4872 ἐκπε-

204 4905 558 4975 πονημένων
590 4906 689 4959 καὶ
725 4908 1239 4980 καταλελειμμένων
1280 4910 1453 4979 λόγων
1484 4925 1499 4940 ·
1535 4911 1735 4983 πολλὴν
1762 4912 1810 4944 ⁸⁷

1914 4454 1986 4523 de
2012 4467 2071 4507 se
2096 4451 2229 4517 ipsis
2250 4449 2629 4520 pronuntians,
2649 4462 2745 4502 eos
2773 4446 2864 4514 qui
2886 4444 3028 4512 apud
3054 4440 3310 4496 saeculum
3340 4438 3490 4505 prius

1917 4543 2146 4598 dicendo
2178 4541 2513 4605 claruerunt,
2560 4538 2740 4594 aetatis
2760 4536 2837 4608 (5)
2862 4550 2975 4590 sua:
2997 4531 3306 4587 oratoribus
3335 4529 3491 4596 longe

1918 4632 2210 4701 postponit,
2239 4646 2303 4686 ac
2320 4644 2389 4684 ne
2410 4631 2466 4684 in
2491 4625 2747 4683 secundis
2769 4625 2987 4696 quidem
3015 4620 3315 4677 subsistere
3333 4631 3492 4687 posse

1919 4723 2170 4788 afﬁrmat,
2211 4723 2529 4791 clarumque
2575 4721 2628 4776 id
2661 4735 2783 4776 esse
2814 4716 2901 4771 vel
2923 4732 2954 4771 e
2974 4714 3192 4784 scriptis
3218 4721 3496 4767 utrorum-

1917 4830 2046 4884 que,
2094 4824 2149 4868 et
2179 4815 2517 4869 orationibus
2545 4812 2611 4866 ad
2643 4820 2888 4880 posteros
2943 4805 3298 4862 transmissis.
3361 4804 3497 4859 Gre-

1923 4911 2063 4964 visse
2094 4924 2328 4978 namque
2362 4910 2683 4975 immensum
2714 4914 2975 4976 quantum
3026 4916 3122 4958 sua
3162 4908 3320 4955 aetate
3355 4899 3496 4985 hanc

1508 5044 1746 5102 VARUE
1801 5044 2215 5103 LECTIONES.

317 5180 371 5211 ⁸⁸
415 5179 794 5249 Ἀτκληπιάδα
816 5198 876 5244 ς’.

205 5251 382 5320 λέγει
409 5268 473 5314 ς.
540 5250 590 5282 ³⁵
622 5250 926 5321 Ναυκράτῃ
953 5268 1015 5314 ς.

954 5181 1000 5212 ’ί
1029 5179 1149 5233 ἀλλ.
1178 5178 1409 5250 συνέστη
1447 5178 1571 5234 πόλ.
1608 5178 1649 5233 C
1678 5197 1739 5244 ς.

1352 5198 1409 5260 Er)
1447 5181 1649 5260 πόλλα
1678 5197 1739 5260 ς.
1791 5181 1894 5260 m”
1918 5183 2290 5260 ἠφανισμένος
2322 5193 2443 5251 post
2488 5182 2645 5260 λόγος

1110 5250 1158 5282 ⁸⁵
1183 5251 1380 5302 ἐαυτοῦ
1398 5248 1481 5314 ς.
1553 5251 1601 5283 ⁸⁸
1630 5252 1725 5303 καὶ
1752 5251 1872 5307 οὐδὲ
1896 5248 1978 5294 -ἔ
1993 5248 2348 5325 ἀξιουμένους
2380 5270 2444 5317 ς.
2519 5248 2569 5285 ⁸⁷
2597 5248 2822 5324 πολλὴν]
2847 5249 3014 5304 πάλιν
3040 5250 3108 5301 Δ.

2674 5179 2830 5250 ponit
2868 5197 2937 5250 ς,
3029 5178 3075 5211 ⁸³
3107 5174 3271 5235 αὐτὸς
3301 5168 3496 5223 ἑαυτὸν

1753 5385 1985 5444 NOTAE.

288 5501 381 5577 (ᾖ)
415 5504 644 5577 Βολιυο
694 5512 751 5556 et
799 5502 998 5559 Strabo
1040 5503 1139 5559 lib.
1164 5520 1281 5570 τιν,
1339 5505 1403 5559 ad
1447 5505 1816 5577 Colophonem

205 5575 420 5639 Ioniae,
453 5573 657 5642 aliique
684 5588 847 5642 saepe.

300 5642 394 5714 (2)
429 5643 882 5714 {lamasistratum
914 5644 1111 5700 Suidas
1139 5645 1405 5700 nominat.

305 5701 402 5784 ξε]
440 5712 515 5770 De
542 5701 742 5790 quibus
769 5715 891 5772 vide
924 5715 1145 5787 Dionys.
1180 5715 1454 5774 Halicarn.

1995 5500 2070 5571 (.l)
2111 5501 2229 5566 Quo
2261 5509 2316 5554 et
2350 5492 2682 5571 praeceptore
2728 5508 2858 5552 usus
2887 5504 3023 5571 teste
3048 5492 3226 5571 (ᾕρεε,
3255 5491 3493 5571 _[_)ionys.

1922 5562 2085 5641 atque
2122 5562 2420 5626 Flutarclii.
2457 5562 2740 5637 Legendus
2770 5574 2950 5620 autem
2982 5564 3047 5641 de
3071 5562 3390 5641 bis_8_u_idas.

1997 5633 2075 5711 (5)
2113 5641 2300 5711 Simile
2346 5633 2561 5695 tractat'
2580 5646 2953 5711 argumentum
2986 5635 3102 5711 sire
3133 5633 3497 5711 Fabius,_sive

1941 5703 2202 5771 Tacitus;
2238 5710 2347 5774 Cur
2384 5726 2480 5767 rem
2516 5709 2599 5765 sui
2636 5703 2866 5764 oratores
2894 5703 3151 5763 veteribus
3182 5705 3493 5768 concedant.
