  <div class='ocr_page' id='page_1' title='image "/cluster/home/n/w/nwhite01/storage/ocr_20150623/103 pt.3/mdp.39015061933738/265.png"; bbox 0 0 3932 6240; ppageno 0'>
   <div class='ocr_carea' id='block_1_1' title="bbox 467 260 570 331">
    <p class='ocr_par' dir='ltr' id='par_1_1' title="bbox 467 260 570 331">
     <span class='ocr_line' id='line_1_1' title="bbox 467 260 570 331; baseline -0.039 0"><span class='ocrx_word' id='word_1_1' title='bbox 467 260 570 331; x_wconf 81' lang='grc'><strong>511</strong></span> 
     </span>
    </p>
   </div>
   <div class='ocr_carea' id='block_1_2' title="bbox 1603 255 2560 341">
    <p class='ocr_par' dir='ltr' id='par_1_2' title="bbox 1603 255 2560 341">
     <span class='ocr_line' id='line_1_2' title="bbox 1603 255 2560 341; baseline 0.002 -21"><span class='ocrx_word' id='word_1_2' title='bbox 1603 257 1869 320; x_wconf 87' lang='lat' dir='ltr'><strong>PHOTII</strong></span> <span class='ocrx_word' id='word_1_3' title='bbox 1904 255 2413 341; x_wconf 63' lang='lat' dir='ltr'><strong>PATBIARCHfE</strong></span> <span class='ocrx_word' id='word_1_4' title='bbox 2449 257 2560 322; x_wconf 87' lang='lat' dir='ltr'><strong>CP.</strong></span> 
     </span>
    </p>
   </div>
   <div class='ocr_carea' id='block_1_3' title="bbox 3613 264 3714 330">
    <p class='ocr_par' dir='ltr' id='par_1_3' title="bbox 3613 264 3714 330">
     <span class='ocr_line' id='line_1_3' title="bbox 3613 264 3714 330; baseline -0.02 0"><span class='ocrx_word' id='word_1_5' title='bbox 3613 264 3714 330; x_wconf 80' lang='lat'><strong>512</strong></span> 
     </span>
    </p>
   </div>
   <div class='ocr_carea' id='block_1_4' title="bbox 465 369 2048 449">
    <p class='ocr_par' dir='ltr' id='par_1_4' title="bbox 465 370 2044 449">
     <span class='ocr_line' id='line_1_4' title="bbox 465 370 2044 449; baseline -0.006 -13"><span class='ocrx_word' id='word_1_6' title='bbox 465 379 641 449; x_wconf 82' lang='lat' dir='ltr'><strong>ipsam</strong></span> <span class='ocrx_word' id='word_1_7' title='bbox 667 374 881 432; x_wconf 83' lang='lat' dir='ltr'><strong>dicendi</strong></span> <span class='ocrx_word' id='word_1_8' title='bbox 912 374 1242 430; x_wconf 72' lang='lat' dir='ltr'><strong>facultatem.</strong></span> <span class='ocrx_word' id='word_1_9' title='bbox 1286 371 1488 426; x_wconf 85' lang='lat' dir='ltr'><strong>Verum</strong></span> <span class='ocrx_word' id='word_1_10' title='bbox 1512 371 1662 440; x_wconf 88' lang='lat' dir='ltr'><strong>&#39;quos</strong></span> <span class='ocrx_word' id='word_1_11' title='bbox 1697 379 1856 426; x_wconf 70' lang='lat' dir='ltr'><strong>aetate</strong></span> <span class='ocrx_word' id='word_1_12' title='bbox 1895 370 2044 441; x_wconf 86' lang='lat' dir='ltr'><strong>prio-</strong></span> 
     </span>
    </p>
   </div>
   <div class='ocr_carea' id='block_1_5' title="bbox 2153 369 3716 449">
    <p class='ocr_par' dir='ltr' id='par_1_5' title="bbox 2153 369 3716 442">
     <span class='ocr_line' id='line_1_5' title="bbox 2153 369 3716 442; baseline 0.008 -19"><span class='ocrx_word' id='word_1_13' title='bbox 2153 370 2258 442; x_wconf 84' lang='grc' dir='ltr'><strong>γὰρ</strong></span> <span class='ocrx_word' id='word_1_14' title='bbox 2287 371 2389 441; x_wconf 81' lang='grc' dir='ltr'><strong>τὴν</strong></span> <span class='ocrx_word' id='word_1_15' title='bbox 2418 369 2678 441; x_wconf 75' lang='grc' dir='ltr'><strong>τοιαύτην</strong></span> <span class='ocrx_word' id='word_1_16' title='bbox 2708 374 2990 430; x_wconf 71' lang='grc' dir='ltr'>παίδευσιν</span> <span class='ocrx_word' id='word_1_17' title='bbox 3020 376 3261 432; x_wconf 80' lang='grc' dir='ltr'><strong>ἐπίδοσιν</strong></span> <span class='ocrx_word' id='word_1_18' title='bbox 3297 380 3484 434; x_wconf 82' lang='grc' dir='ltr'><strong>λαϐεῖν</strong></span> <span class='ocrx_word' id='word_1_19' title='bbox 3514 383 3657 435; x_wconf 74' lang='grc' dir='ltr'><strong>κατὰ</strong></span> <span class='ocrx_word' id='word_1_20' title='bbox 3673 383 3716 416; x_wconf 78' lang='grc'><strong>’⁸</strong></span> 
     </span>
    </p>
   </div>
   <div class='ocr_carea' id='block_1_6' title="bbox 468 461 2045 537">
    <p class='ocr_par' dir='ltr' id='par_1_6' title="bbox 468 461 2045 537">
     <span class='ocr_line' id='line_1_6' title="bbox 468 461 2045 537; baseline -0.007 -9"><span class='ocrx_word' id='word_1_21' title='bbox 468 487 560 528; x_wconf 89' lang='lat' dir='ltr'><strong>res</strong></span> <span class='ocrx_word' id='word_1_22' title='bbox 606 469 873 531; x_wconf 88' lang='lat' dir='ltr'><strong>nominet,</strong></span> <span class='ocrx_word' id='word_1_23' title='bbox 895 467 1144 537; x_wconf 86' lang='lat' dir='ltr'><strong>equidem</strong></span> <span class='ocrx_word' id='word_1_24' title='bbox 1175 473 1361 535; x_wconf 89' lang='lat' dir='ltr'><strong>aperte</strong></span> <span class='ocrx_word' id='word_1_25' title='bbox 1391 479 1495 520; x_wconf 86' lang='lat' dir='ltr'><strong>non</strong></span> <span class='ocrx_word' id='word_1_26' title='bbox 1526 465 1705 534; x_wconf 89' lang='lat' dir='ltr'><strong>capio.</strong></span> <span class='ocrx_word' id='word_1_27' title='bbox 1750 461 1869 518; x_wconf 86' lang='lat' dir='ltr'><strong>Non</strong></span> <span class='ocrx_word' id='word_1_28' title='bbox 1899 462 2045 518; x_wconf 89' lang='lat' dir='ltr'><strong>enim</strong></span> 
     </span>
    </p>
   </div>
   <div class='ocr_carea' id='block_1_7' title="bbox 468 554 2048 634">
    <p class='ocr_par' dir='ltr' id='par_1_7' title="bbox 468 554 2048 634">
     <span class='ocr_line' id='line_1_7' title="bbox 468 554 2048 634; baseline -0.007 -15"><span class='ocrx_word' id='word_1_29' title='bbox 468 561 633 619; x_wconf 82' lang='lat' dir='ltr'><strong>credo</strong></span> <span class='ocrx_word' id='word_1_30' title='bbox 655 559 1024 634; x_wconf 76' lang='lat' dir='ltr'><strong>perstringere</strong></span> <span class='ocrx_word' id='word_1_31' title='bbox 1062 557 1258 611; x_wconf 82' lang='lat' dir='ltr'><strong>audeat</strong></span> <span class='ocrx_word' id='word_1_32' title='bbox 1287 555 1618 610; x_wconf 82' lang='lat' dir='ltr'><strong>Herodotum</strong></span> <span class='ocrx_word' id='word_1_33' title='bbox 1650 564 1813 625; x_wconf 80' lang='lat' dir='ltr'><strong>atque</strong></span> <span class='ocrx_word' id='word_1_34' title='bbox 1830 554 2048 626; x_wconf 83' lang='lat' dir='ltr'><strong>Thucy-</strong></span> 
     </span>
    </p>
   </div>
   <div class='ocr_carea' id='block_1_8' title="bbox 467 645 2044 723">
    <p class='ocr_par' dir='ltr' id='par_1_8' title="bbox 467 645 2044 723">
     <span class='ocr_line' id='line_1_8' title="bbox 467 645 2044 723; baseline -0.004 -15"><span class='ocrx_word' id='word_1_35' title='bbox 467 655 670 720; x_wconf 78' lang='lat' dir='ltr'><strong>didem,</strong></span> <span class='ocrx_word' id='word_1_36' title='bbox 705 650 1006 723; x_wconf 87' lang='lat' dir='ltr'><strong>quibusille</strong></span> <span class='ocrx_word' id='word_1_37' title='bbox 1035 649 1165 704; x_wconf 89' lang='lat' dir='ltr'><strong>viris</strong></span> <span class='ocrx_word' id='word_1_38' title='bbox 1203 647 1360 718; x_wconf 80' lang='lat' dir='ltr'><strong>longe</strong></span> <span class='ocrx_word' id='word_1_39' title='bbox 1385 646 1635 702; x_wconf 74' lang='lat' dir='ltr'><strong>facundia</strong></span> <span class='ocrx_word' id='word_1_40' title='bbox 1679 645 1906 702; x_wconf 90' lang='lat' dir='ltr'><strong>inferior</strong></span> <span class='ocrx_word' id='word_1_41' title='bbox 1937 655 2044 702; x_wconf 89' lang='lat' dir='ltr'><strong>est.</strong></span> 
     </span>
    </p>
   </div>
   <div class='ocr_carea' id='block_1_9' title="bbox 468 739 2046 813">
    <p class='ocr_par' dir='ltr' id='par_1_9' title="bbox 468 739 2046 813">
     <span class='ocr_line' id='line_1_9' title="bbox 468 739 2046 813; baseline -0.004 -13"><span class='ocrx_word' id='word_1_42' title='bbox 468 746 581 802; x_wconf 86' lang='lat' dir='ltr'><strong>Nisi</strong></span> <span class='ocrx_word' id='word_1_43' title='bbox 632 746 863 801; x_wconf 80' lang='lat' dir='ltr'><strong>fortasse</strong></span> <span class='ocrx_word' id='word_1_44' title='bbox 892 742 1227 798; x_wconf 87' lang='lat' dir='ltr'><strong>Hellanicum</strong></span> <span class='ocrx_word' id='word_1_45' title='bbox 1253 740 1353 813; x_wconf 83' lang='lat'><strong>(6),</strong></span> <span class='ocrx_word' id='word_1_46' title='bbox 1386 748 1481 795; x_wconf 88' lang='lat' dir='ltr'><strong>aut</strong></span> <span class='ocrx_word' id='word_1_47' title='bbox 1502 739 1790 797; x_wconf 85' lang='lat' dir='ltr'><strong>Philistum</strong></span> <span class='ocrx_word' id='word_1_48' title='bbox 1819 739 2046 795; x_wconf 88' lang='lat' dir='ltr'><strong>histori-</strong></span> 
     </span>
    </p>
   </div>
   <div class='ocr_carea' id='block_1_10' title="bbox 466 831 2048 911">
    <p class='ocr_par' dir='ltr' id='par_1_10' title="bbox 466 831 2048 911">
     <span class='ocr_line' id='line_1_10' title="bbox 466 831 2048 911; baseline -0.003 -20"><span class='ocrx_word' id='word_1_49' title='bbox 466 851 564 891; x_wconf 86' lang='lat' dir='ltr'><strong>cos</strong></span> <span class='ocrx_word' id='word_1_50' title='bbox 614 835 810 901; x_wconf 91' lang='lat' dir='ltr'><strong>innuit,</strong></span> <span class='ocrx_word' id='word_1_51' title='bbox 860 833 944 888; x_wconf 91' lang='lat' dir='ltr'><strong>vel</strong></span> <span class='ocrx_word' id='word_1_52' title='bbox 994 832 1281 911; x_wconf 69' lang='lat' dir='ltr'><strong>Gorgiam,</strong></span> <span class='ocrx_word' id='word_1_53' title='bbox 1327 845 1382 888; x_wconf 87' lang='lat' dir='ltr'><strong>et</strong></span> <span class='ocrx_word' id='word_1_54' title='bbox 1426 831 1671 905; x_wconf 85' lang='lat' dir='ltr'><strong>Lysiam,</strong></span> <span class='ocrx_word' id='word_1_55' title='bbox 1713 841 2048 901; x_wconf 82' lang='lat' dir='ltr'><strong>caeterosque</strong></span> 
     </span>
    </p>
   </div>
   <div class='ocr_carea' id='block_1_11' title="bbox 466 925 2044 996">
    <p class='ocr_par' dir='ltr' id='par_1_11' title="bbox 466 925 2044 996">
     <span class='ocr_line' id='line_1_11' title="bbox 466 925 2044 996; baseline -0.004 -13"><span class='ocrx_word' id='word_1_56' title='bbox 466 929 613 983; x_wconf 67' lang='lat' dir='ltr'><strong>aetati</strong></span> <span class='ocrx_word' id='word_1_57' title='bbox 646 942 758 983; x_wconf 58' lang='lat' dir='ltr'><strong>suae</strong></span> <span class='ocrx_word' id='word_1_58' title='bbox 788 926 1099 988; x_wconf 86' lang='lat' dir='ltr'><strong>viciniores,</strong></span> <span class='ocrx_word' id='word_1_59' title='bbox 1123 925 1355 980; x_wconf 85' lang='lat' dir='ltr'><strong>obscure</strong></span> <span class='ocrx_word' id='word_1_60' title='bbox 1381 925 1654 996; x_wconf 83' lang='lat' dir='ltr'><strong>signiﬁcat</strong></span> <span class='ocrx_word' id='word_1_61' title='bbox 1685 944 1700 980; x_wconf 91' lang='lat'><strong>:</strong></span> <span class='ocrx_word' id='word_1_62' title='bbox 1735 939 2044 994; x_wconf 88' lang='lat' dir='ltr'><strong>quanquam</strong></span> 
     </span>
    </p>
   </div>
   <div class='ocr_carea' id='block_1_12' title="bbox 467 1014 2047 1088">
    <p class='ocr_par' dir='ltr' id='par_1_12' title="bbox 467 1014 2047 1088">
     <span class='ocr_line' id='line_1_12' title="bbox 467 1014 2047 1088; baseline -0.004 -12"><span class='ocrx_word' id='word_1_63' title='bbox 467 1035 540 1076; x_wconf 87' lang='lat' dir='ltr'><strong>ne</strong></span> <span class='ocrx_word' id='word_1_64' title='bbox 583 1019 634 1074; x_wconf 92' lang='lat' dir='ltr'><strong>hi</strong></span> <span class='ocrx_word' id='word_1_65' title='bbox 707 1019 925 1087; x_wconf 87' lang='lat' dir='ltr'><strong>quidem</strong></span> <span class='ocrx_word' id='word_1_66' title='bbox 972 1018 1110 1072; x_wconf 81' lang='lat' dir='ltr'><strong>adeo</strong></span> <span class='ocrx_word' id='word_1_67' title='bbox 1162 1016 1378 1072; x_wconf 86' lang='lat' dir='ltr'><strong>dicendi</strong></span> <span class='ocrx_word' id='word_1_68' title='bbox 1431 1017 1622 1088; x_wconf 88' lang='lat' dir='ltr'><strong>inopes</strong></span> <span class='ocrx_word' id='word_1_69' title='bbox 1668 1017 1905 1073; x_wconf 87' lang='lat' dir='ltr'><strong>fuerunt.</strong></span> <span class='ocrx_word' id='word_1_70' title='bbox 1968 1014 2047 1071; x_wconf 85' lang='lat' dir='ltr'><strong>Ita</strong></span> 
     </span>
    </p>
   </div>
   <div class='ocr_carea' id='block_1_13' title="bbox 468 1104 1097 1182">
    <p class='ocr_par' dir='ltr' id='par_1_13' title="bbox 468 1104 1097 1182">
     <span class='ocr_line' id='line_1_13' title="bbox 468 1104 1097 1182; baseline -0.002 -16"><span class='ocrx_word' id='word_1_71' title='bbox 468 1104 847 1182; x_wconf 85' lang='lat' dir='ltr'><strong>Theopompus</strong></span> <span class='ocrx_word' id='word_1_72' title='bbox 869 1110 1097 1182; x_wconf 71' lang='lat' dir='ltr'><strong>iudicat.</strong></span> 
     </span>
    </p>
   </div>
   <div class='ocr_carea' id='block_1_14' title="bbox 534 1376 2050 1449">
    <p class='ocr_par' dir='ltr' id='par_1_14' title="bbox 534 1376 2050 1449">
     <span class='ocr_line' id='line_1_14' title="bbox 534 1376 2050 1449; baseline 0 -14"><span class='ocrx_word' id='word_1_73' title='bbox 534 1377 744 1436; x_wconf 83' lang='lat' dir='ltr'><strong>Ferunt</strong></span> <span class='ocrx_word' id='word_1_74' title='bbox 786 1394 910 1435; x_wconf 90' lang='lat' dir='ltr'><strong>eum</strong></span> <span class='ocrx_word' id='word_1_75' title='bbox 959 1394 1067 1433; x_wconf 90' lang='lat' dir='ltr'><strong>una</strong></span> <span class='ocrx_word' id='word_1_76' title='bbox 1129 1392 1253 1433; x_wconf 92' lang='lat' dir='ltr'><strong>cum</strong></span> <span class='ocrx_word' id='word_1_77' title='bbox 1307 1377 1525 1445; x_wconf 82' lang='lat' dir='ltr'><strong>Ephoro</strong></span> <span class='ocrx_word' id='word_1_78' title='bbox 1572 1376 1827 1449; x_wconf 81' lang='lat' dir='ltr'><strong>Isocratis</strong></span> <span class='ocrx_word' id='word_1_79' title='bbox 1881 1378 2050 1434; x_wconf 88' lang='lat' dir='ltr'><strong>fuisse</strong></span> 
     </span>
    </p>
   </div>
   <div class='ocr_carea' id='block_1_15' title="bbox 463 1468 2049 1540">
    <p class='ocr_par' dir='ltr' id='par_1_15' title="bbox 463 1468 2049 1540">
     <span class='ocr_line' id='line_1_15' title="bbox 463 1468 2049 1540; baseline -0.003 -11"><span class='ocrx_word' id='word_1_80' title='bbox 463 1473 793 1538; x_wconf 85' lang='lat' dir='ltr'><strong>auditorem,</strong></span> <span class='ocrx_word' id='word_1_81' title='bbox 837 1480 896 1526; x_wconf 88' lang='lat' dir='ltr'><strong>ut</strong></span> <span class='ocrx_word' id='word_1_82' title='bbox 946 1479 1002 1527; x_wconf 92' lang='lat' dir='ltr'><strong>et</strong></span> <span class='ocrx_word' id='word_1_83' title='bbox 1047 1470 1171 1526; x_wconf 89' lang='lat' dir='ltr'><strong>libri</strong></span> <span class='ocrx_word' id='word_1_84' title='bbox 1213 1470 1312 1540; x_wconf 89' lang='lat' dir='ltr'><strong>ipsi</strong></span> <span class='ocrx_word' id='word_1_85' title='bbox 1385 1471 1520 1526; x_wconf 88' lang='lat' dir='ltr'><strong>satis</strong></span> <span class='ocrx_word' id='word_1_86' title='bbox 1559 1470 1860 1527; x_wconf 82' lang='lat' dir='ltr'><strong>declarant.</strong></span> <span class='ocrx_word' id='word_1_87' title='bbox 1913 1468 2049 1526; x_wconf 82' lang='lat' dir='ltr'><strong>Fre-</strong></span> 
     </span>
    </p>
   </div>
   <div class='ocr_carea' id='block_1_16' title="bbox 464 1562 2050 1633">
    <p class='ocr_par' dir='ltr' id='par_1_16' title="bbox 464 1562 2050 1633">
     <span class='ocr_line' id='line_1_16' title="bbox 464 1562 2050 1633; baseline 0.001 -15"><span class='ocrx_word' id='word_1_88' title='bbox 464 1579 636 1633; x_wconf 88' lang='lat' dir='ltr'><strong>quens</strong></span> <span class='ocrx_word' id='word_1_89' title='bbox 684 1565 832 1619; x_wconf 90' lang='lat' dir='ltr'><strong>enim</strong></span> <span class='ocrx_word' id='word_1_90' title='bbox 870 1572 957 1620; x_wconf 89' lang='lat' dir='ltr'><strong>est</strong></span> <span class='ocrx_word' id='word_1_91' title='bbox 995 1566 1049 1618; x_wconf 91' lang='lat' dir='ltr'><strong>in</strong></span> <span class='ocrx_word' id='word_1_92' title='bbox 1097 1562 1428 1632; x_wconf 88' lang='lat' dir='ltr'><strong>Theopompi</strong></span> <span class='ocrx_word' id='word_1_93' title='bbox 1477 1564 1694 1633; x_wconf 87' lang='lat' dir='ltr'><strong>scriptis</strong></span> <span class='ocrx_word' id='word_1_94' title='bbox 1740 1564 2050 1620; x_wconf 76' lang='lat' dir='ltr'><strong>Isocraticte</strong></span> 
     </span>
    </p>
   </div>
   <div class='ocr_carea' id='block_1_17' title="bbox 464 1654 2043 1726">
    <p class='ocr_par' dir='ltr' id='par_1_17' title="bbox 464 1654 2043 1726">
     <span class='ocr_line' id='line_1_17' title="bbox 464 1654 2043 1726; baseline 0.001 -16"><span class='ocrx_word' id='word_1_95' title='bbox 464 1655 653 1711; x_wconf 69' lang='lat' dir='ltr'><strong>formae</strong></span> <span class='ocrx_word' id='word_1_96' title='bbox 682 1655 935 1721; x_wconf 86' lang='lat' dir='ltr'><strong>imitatio,</strong></span> <span class='ocrx_word' id='word_1_97' title='bbox 974 1654 1188 1710; x_wconf 89' lang='lat' dir='ltr'><strong>tametsi</strong></span> <span class='ocrx_word' id='word_1_98' title='bbox 1217 1654 1272 1709; x_wconf 88' lang='lat' dir='ltr'><strong>in</strong></span> <span class='ocrx_word' id='word_1_99' title='bbox 1300 1655 1482 1723; x_wconf 86' lang='lat' dir='ltr'><strong>operis</strong></span> <span class='ocrx_word' id='word_1_100' title='bbox 1511 1656 1859 1712; x_wconf 87' lang='lat' dir='ltr'><strong>accuratione</strong></span> <span class='ocrx_word' id='word_1_101' title='bbox 1883 1655 2043 1726; x_wconf 83' lang='lat' dir='ltr'><strong>longe</strong></span> 
     </span>
    </p>
   </div>
   <div class='ocr_carea' id='block_1_18' title="bbox 463 1724 2118 1819">
    <p class='ocr_par' dir='ltr' id='par_1_18' title="bbox 463 1724 2118 1819">
     <span class='ocr_line' id='line_1_18' title="bbox 463 1724 2118 1819; baseline 0.001 -16"><span class='ocrx_word' id='word_1_102' title='bbox 463 1764 497 1803; x_wconf 88' lang='lat' dir='ltr'><strong>a</strong></span> <span class='ocrx_word' id='word_1_103' title='bbox 536 1759 687 1819; x_wconf 89' lang='lat' dir='ltr'><strong>tergo</strong></span> <span class='ocrx_word' id='word_1_104' title='bbox 729 1749 953 1803; x_wconf 78' lang='lat' dir='ltr'><strong>haereat.</strong></span> <span class='ocrx_word' id='word_1_105' title='bbox 985 1746 1054 1801; x_wconf 90' lang='lat' dir='ltr'><strong>Et</strong></span> <span class='ocrx_word' id='word_1_106' title='bbox 1080 1762 1213 1802; x_wconf 88' lang='lat' dir='ltr'><strong>vero</strong></span> <span class='ocrx_word' id='word_1_107' title='bbox 1253 1748 1513 1803; x_wconf 86' lang='lat' dir='ltr'><strong>narrandi</strong></span> <span class='ocrx_word' id='word_1_108' title='bbox 1563 1756 1879 1819; x_wconf 83' lang='lat' dir='ltr'><strong>argumenta</strong></span> <span class='ocrx_word' id='word_1_109' title='bbox 1910 1724 2049 1819; x_wconf 71' lang='lat' dir='ltr'><strong>prae-</strong></span> <span class='ocrx_word' id='word_1_110' title='bbox 2073 1724 2118 1781; x_wconf 80' lang='grc' dir='ltr'><strong>Β</strong></span> 
     </span>
    </p>
   </div>
   <div class='ocr_carea' id='block_1_19' title="bbox 462 1841 2042 1914">
    <p class='ocr_par' dir='ltr' id='par_1_19' title="bbox 462 1841 2042 1914">
     <span class='ocr_line' id='line_1_19' title="bbox 462 1841 2042 1914; baseline -0.003 -16"><span class='ocrx_word' id='word_1_111' title='bbox 462 1852 740 1912; x_wconf 89' lang='lat' dir='ltr'><strong>ceptorem</strong></span> <span class='ocrx_word' id='word_1_112' title='bbox 776 1841 992 1909; x_wconf 89' lang='lat' dir='ltr'><strong>utrique</strong></span> <span class='ocrx_word' id='word_1_113' title='bbox 1036 1841 1335 1909; x_wconf 84' lang='lat' dir='ltr'><strong>praebuisse</strong></span> <span class='ocrx_word' id='word_1_114' title='bbox 1387 1841 1591 1906; x_wconf 89' lang='lat' dir='ltr'><strong>volunt,</strong></span> <span class='ocrx_word' id='word_1_115' title='bbox 1639 1842 1939 1912; x_wconf 87' lang='lat' dir='ltr'><strong>superioris</strong></span> <span class='ocrx_word' id='word_1_116' title='bbox 1966 1841 2042 1914; x_wconf 85' lang='lat'><strong>(7)</strong></span> 
     </span>
    </p>
   </div>
   <div class='ocr_carea' id='block_1_20' title="bbox 464 1932 2048 2005">
    <p class='ocr_par' dir='ltr' id='par_1_20' title="bbox 464 1932 2048 2005">
     <span class='ocr_line' id='line_1_20' title="bbox 464 1932 2048 2005; baseline 0.003 -18"><span class='ocrx_word' id='word_1_117' title='bbox 464 1935 684 2005; x_wconf 89' lang='lat' dir='ltr'><strong>quidem</strong></span> <span class='ocrx_word' id='word_1_118' title='bbox 747 1934 925 1989; x_wconf 68' lang='lat' dir='ltr'><strong>aetatis</strong></span> <span class='ocrx_word' id='word_1_119' title='bbox 974 1932 1228 2002; x_wconf 85' lang='lat' dir='ltr'><strong>Ephoro,</strong></span> <span class='ocrx_word' id='word_1_120' title='bbox 1278 1933 1627 2005; x_wconf 90' lang='lat' dir='ltr'><strong>Theopompo</strong></span> <span class='ocrx_word' id='word_1_121' title='bbox 1684 1948 1865 1989; x_wconf 86' lang='lat' dir='ltr'><strong>autem</strong></span> <span class='ocrx_word' id='word_1_122' title='bbox 1928 1945 2048 2004; x_wconf 89' lang='lat' dir='ltr'><strong>post</strong></span> 
     </span>
    </p>
   </div>
   <div class='ocr_carea' id='block_1_21' title="bbox 465 2022 2048 2097">
    <p class='ocr_par' dir='ltr' id='par_1_21' title="bbox 465 2022 2048 2097">
     <span class='ocr_line' id='line_1_21' title="bbox 465 2022 2048 2097; baseline 0.001 -17"><span class='ocrx_word' id='word_1_123' title='bbox 465 2025 836 2097; x_wconf 82' lang='lat' dir='ltr'><strong>Thucydidem</strong></span> <span class='ocrx_word' id='word_1_124' title='bbox 868 2022 945 2095; x_wconf 92' lang='lat'><strong>(8)</strong></span> <span class='ocrx_word' id='word_1_125' title='bbox 980 2038 1067 2080; x_wconf 83' lang='lat' dir='ltr'><strong>res</strong></span> <span class='ocrx_word' id='word_1_126' title='bbox 1103 2023 1440 2089; x_wconf 74' lang='lat' dir='ltr'><strong>Graecorum,</strong></span> <span class='ocrx_word' id='word_1_127' title='bbox 1468 2040 1564 2096; x_wconf 90' lang='lat' dir='ltr'><strong>pro</strong></span> <span class='ocrx_word' id='word_1_128' title='bbox 1607 2026 1891 2096; x_wconf 88' lang='lat' dir='ltr'><strong>utriusque</strong></span> <span class='ocrx_word' id='word_1_129' title='bbox 1940 2027 2048 2082; x_wconf 89' lang='lat' dir='ltr'><strong>sci-</strong></span> 
     </span>
    </p>
   </div>
   <div class='ocr_carea' id='block_1_22' title="bbox 464 2117 2048 2188">
    <p class='ocr_par' dir='ltr' id='par_1_22' title="bbox 464 2117 2048 2188">
     <span class='ocr_line' id='line_1_22' title="bbox 464 2117 2048 2188; baseline -0.001 -14"><span class='ocrx_word' id='word_1_130' title='bbox 464 2120 593 2174; x_wconf 89' lang='lat' dir='ltr'><strong>licet</strong></span> <span class='ocrx_word' id='word_1_131' title='bbox 643 2128 825 2188; x_wconf 88' lang='lat' dir='ltr'><strong>captu,</strong></span> <span class='ocrx_word' id='word_1_132' title='bbox 876 2119 1041 2172; x_wconf 88' lang='lat' dir='ltr'><strong>etiam</strong></span> <span class='ocrx_word' id='word_1_133' title='bbox 1099 2118 1274 2188; x_wconf 86' lang='lat' dir='ltr'><strong>reipsa</strong></span> <span class='ocrx_word' id='word_1_134' title='bbox 1327 2119 1755 2173; x_wconf 88' lang='lat' dir='ltr'><strong>accommodata.</strong></span> <span class='ocrx_word' id='word_1_135' title='bbox 1808 2117 1950 2174; x_wconf 87' lang='lat' dir='ltr'><strong>Hinc</strong></span> <span class='ocrx_word' id='word_1_136' title='bbox 1993 2127 2048 2174; x_wconf 89' lang='lat' dir='ltr'><strong>et</strong></span> 
     </span>
    </p>
   </div>
   <div class='ocr_carea' id='block_1_23' title="bbox 467 2210 2044 2280">
    <p class='ocr_par' dir='ltr' id='par_1_23' title="bbox 467 2210 2044 2280">
     <span class='ocr_line' id='line_1_23' title="bbox 467 2210 2044 2280; baseline 0 -14"><span class='ocrx_word' id='word_1_137' title='bbox 467 2212 829 2267; x_wconf 83' lang='lat' dir='ltr'><strong>Historiarum</strong></span> <span class='ocrx_word' id='word_1_138' title='bbox 883 2211 1147 2280; x_wconf 75' lang='lat' dir='ltr'><strong>protemia</strong></span> <span class='ocrx_word' id='word_1_139' title='bbox 1186 2210 1434 2280; x_wconf 88' lang='lat' dir='ltr'><strong>utrisque</strong></span> <span class='ocrx_word' id='word_1_140' title='bbox 1466 2226 1589 2265; x_wconf 92' lang='lat' dir='ltr'><strong>cum</strong></span> <span class='ocrx_word' id='word_1_141' title='bbox 1636 2212 1884 2267; x_wconf 87' lang='lat' dir='ltr'><strong>sensibus</strong></span> <span class='ocrx_word' id='word_1_142' title='bbox 1935 2221 2044 2266; x_wconf 89' lang='lat' dir='ltr'><strong>tum</strong></span> 
     </span>
    </p>
   </div>
   <div class='ocr_carea' id='block_1_24' title="bbox 465 2302 2046 2367">
    <p class='ocr_par' dir='ltr' id='par_1_24' title="bbox 465 2302 2046 2367">
     <span class='ocr_line' id='line_1_24' title="bbox 465 2302 2046 2367; baseline -0.002 -7"><span class='ocrx_word' id='word_1_143' title='bbox 465 2305 589 2360; x_wconf 84' lang='lat' dir='ltr'><strong>aliis</strong></span> <span class='ocrx_word' id='word_1_144' title='bbox 626 2307 791 2359; x_wconf 88' lang='lat' dir='ltr'><strong>rebus</strong></span> <span class='ocrx_word' id='word_1_145' title='bbox 833 2318 954 2359; x_wconf 89' lang='lat' dir='ltr'><strong>esse</strong></span> <span class='ocrx_word' id='word_1_146' title='bbox 1002 2302 1301 2367; x_wconf 89' lang='lat' dir='ltr'><strong>simillima,</strong></span> <span class='ocrx_word' id='word_1_147' title='bbox 1334 2303 1481 2357; x_wconf 91' lang='lat' dir='ltr'><strong>velut</strong></span> <span class='ocrx_word' id='word_1_148' title='bbox 1523 2303 1592 2356; x_wconf 90' lang='lat' dir='ltr'><strong>ab</strong></span> <span class='ocrx_word' id='word_1_149' title='bbox 1644 2303 1838 2357; x_wconf 89' lang='lat' dir='ltr'><strong>iisdem</strong></span> <span class='ocrx_word' id='word_1_150' title='bbox 1884 2303 2046 2357; x_wconf 90' lang='lat' dir='ltr'><strong>stadii</strong></span> 
     </span>
    </p>
   </div>
   <div class='ocr_carea' id='block_1_25' title="bbox 466 2394 2045 2463">
    <p class='ocr_par' dir='ltr' id='par_1_25' title="bbox 466 2394 2045 2463">
     <span class='ocr_line' id='line_1_25' title="bbox 466 2394 2045 2463; baseline -0.001 -12"><span class='ocrx_word' id='word_1_151' title='bbox 466 2397 802 2462; x_wconf 89' lang='lat' dir='ltr'><strong>carceribus,</strong></span> <span class='ocrx_word' id='word_1_152' title='bbox 838 2396 905 2450; x_wconf 87' lang='lat' dir='ltr'><strong>ad</strong></span> <span class='ocrx_word' id='word_1_153' title='bbox 940 2395 1145 2450; x_wconf 88' lang='lat' dir='ltr'><strong>calcem</strong></span> <span class='ocrx_word' id='word_1_154' title='bbox 1197 2409 1370 2463; x_wconf 90' lang='lat' dir='ltr'><strong>usque</strong></span> <span class='ocrx_word' id='word_1_155' title='bbox 1421 2394 1652 2449; x_wconf 88' lang='lat' dir='ltr'><strong>historia</strong></span> <span class='ocrx_word' id='word_1_156' title='bbox 1701 2396 2045 2450; x_wconf 86' lang='lat' dir='ltr'><strong>decurrente.</strong></span> 
     </span>
    </p>
   </div>
   <div class='ocr_carea' id='block_1_26' title="bbox 463 2486 2043 2560">
    <p class='ocr_par' dir='ltr' id='par_1_26' title="bbox 463 2486 2043 2560">
     <span class='ocr_line' id='line_1_26' title="bbox 463 2486 2043 2560; baseline 0 -18"><span class='ocrx_word' id='word_1_157' title='bbox 463 2488 902 2560; x_wconf 89' lang='lat' dir='ltr'><strong>Digressionibus</strong></span> <span class='ocrx_word' id='word_1_158' title='bbox 931 2488 1113 2558; x_wconf 88' lang='lat' dir='ltr'><strong>itaque</strong></span> <span class='ocrx_word' id='word_1_159' title='bbox 1143 2488 1309 2542; x_wconf 83' lang='lat' dir='ltr'><strong>variae</strong></span> <span class='ocrx_word' id='word_1_160' title='bbox 1336 2486 1578 2541; x_wconf 81' lang='lat' dir='ltr'><strong>historiae</strong></span> <span class='ocrx_word' id='word_1_161' title='bbox 1606 2486 2043 2558; x_wconf 88' lang='lat' dir='ltr'><strong>quamplurimis,</strong></span> 
     </span>
    </p>
   </div>
   <div class='ocr_carea' id='block_1_27' title="bbox 461 2578 2046 2649">
    <p class='ocr_par' dir='ltr' id='par_1_27' title="bbox 461 2578 2046 2649">
     <span class='ocr_line' id='line_1_27' title="bbox 461 2578 2046 2649; baseline -0.002 -12"><span class='ocrx_word' id='word_1_162' title='bbox 461 2582 752 2638; x_wconf 87' lang='lat' dir='ltr'><strong>historicos</strong></span> <span class='ocrx_word' id='word_1_163' title='bbox 773 2596 900 2636; x_wconf 90' lang='lat' dir='ltr'><strong>suos</strong></span> <span class='ocrx_word' id='word_1_164' title='bbox 937 2580 1123 2649; x_wconf 87' lang='lat' dir='ltr'><strong>implet</strong></span> <span class='ocrx_word' id='word_1_165' title='bbox 1151 2580 1318 2633; x_wconf 87' lang='lat' dir='ltr'><strong>libros</strong></span> <span class='ocrx_word' id='word_1_166' title='bbox 1341 2578 1739 2649; x_wconf 89' lang='lat' dir='ltr'><strong>The0pompns.</strong></span> <span class='ocrx_word' id='word_1_167' title='bbox 1772 2578 2046 2646; x_wconf 84' lang='lat' dir='ltr'><strong>Quamob-</strong></span> 
     </span>
    </p>
   </div>
   <div class='ocr_carea' id='block_1_28' title="bbox 464 2669 2044 2743">
    <p class='ocr_par' dir='ltr' id='par_1_28' title="bbox 464 2669 2044 2743">
     <span class='ocr_line' id='line_1_28' title="bbox 464 2669 2044 2743; baseline -0.002 -14"><span class='ocrx_word' id='word_1_168' title='bbox 464 2690 578 2730; x_wconf 90' lang='lat' dir='ltr'><strong>rem</strong></span> <span class='ocrx_word' id='word_1_169' title='bbox 610 2681 666 2729; x_wconf 86' lang='lat' dir='ltr'><strong>et</strong></span> <span class='ocrx_word' id='word_1_170' title='bbox 711 2672 995 2742; x_wconf 87' lang='lat' dir='ltr'><strong>Philippus</strong></span> <span class='ocrx_word' id='word_1_171' title='bbox 1022 2670 1125 2743; x_wconf 91' lang='lat'><strong>(9),</strong></span> <span class='ocrx_word' id='word_1_172' title='bbox 1166 2671 1259 2726; x_wconf 89' lang='lat' dir='ltr'><strong>ille</strong></span> <span class='ocrx_word' id='word_1_173' title='bbox 1281 2671 1371 2741; x_wconf 90' lang='lat' dir='ltr'><strong>qui</strong></span> <span class='ocrx_word' id='word_1_174' title='bbox 1403 2686 1525 2726; x_wconf 91' lang='lat' dir='ltr'><strong>cum</strong></span> <span class='ocrx_word' id='word_1_175' title='bbox 1558 2669 1821 2726; x_wconf 85' lang='lat' dir='ltr'><strong>Romanis</strong></span> <span class='ocrx_word' id='word_1_176' title='bbox 1846 2671 2044 2727; x_wconf 87' lang='lat' dir='ltr'><strong>bellum</strong></span> 
     </span>
    </p>
   </div>
   <div class='ocr_carea' id='block_1_29' title="bbox 462 2763 2043 2843">
    <p class='ocr_par' dir='ltr' id='par_1_29' title="bbox 462 2763 2043 2843">
     <span class='ocr_line' id='line_1_29' title="bbox 462 2763 2043 2843; baseline -0.002 -21"><span class='ocrx_word' id='word_1_177' title='bbox 462 2766 652 2843; x_wconf 84' lang='lat' dir='ltr'><strong>gessit,</strong></span> <span class='ocrx_word' id='word_1_178' title='bbox 685 2765 1117 2835; x_wconf 75' lang='lat' dir='ltr'><strong>digressionibus</strong></span> <span class='ocrx_word' id='word_1_179' title='bbox 1144 2766 1295 2820; x_wconf 89' lang='lat' dir='ltr'><strong>hisce</strong></span> <span class='ocrx_word' id='word_1_180' title='bbox 1320 2765 1569 2830; x_wconf 89' lang='lat' dir='ltr'><strong>sublatis,</strong></span> <span class='ocrx_word' id='word_1_181' title='bbox 1596 2773 1651 2820; x_wconf 91' lang='lat' dir='ltr'><strong>et</strong></span> <span class='ocrx_word' id='word_1_182' title='bbox 1676 2763 1906 2835; x_wconf 88' lang='lat' dir='ltr'><strong>Philippi</strong></span> <span class='ocrx_word' id='word_1_183' title='bbox 1932 2764 2043 2837; x_wconf 82' lang='grc'><strong>(10)</strong></span> 
     </span>
    </p>
   </div>
   <div class='ocr_carea' id='block_1_30' title="bbox 460 2855 2047 2929">
    <p class='ocr_par' dir='ltr' id='par_1_30' title="bbox 460 2855 2047 2929">
     <span class='ocr_line' id='line_1_30' title="bbox 460 2855 2047 2929; baseline -0.003 -14"><span class='ocrx_word' id='word_1_184' title='bbox 460 2862 625 2916; x_wconf 87' lang='lat' dir='ltr'><strong>rebus</strong></span> <span class='ocrx_word' id='word_1_185' title='bbox 677 2856 865 2929; x_wconf 78' lang='lat' dir='ltr'><strong>gestis,</strong></span> <span class='ocrx_word' id='word_1_186' title='bbox 918 2871 1054 2926; x_wconf 88' lang='lat' dir='ltr'><strong>quas</strong></span> <span class='ocrx_word' id='word_1_187' title='bbox 1100 2855 1482 2927; x_wconf 86' lang='lat' dir='ltr'><strong>Theopompus</strong></span> <span class='ocrx_word' id='word_1_188' title='bbox 1531 2855 1677 2927; x_wconf 77' lang='lat' dir='ltr'><strong>(ll)</strong></span> <span class='ocrx_word' id='word_1_189' title='bbox 1729 2857 2047 2911; x_wconf 87' lang='lat' dir='ltr'><strong>scribendas</strong></span> 
     </span>
    </p>
   </div>
   <div class='ocr_carea' id='block_1_31' title="bbox 461 2946 2047 3020">
    <p class='ocr_par' dir='ltr' id='par_1_31' title="bbox 461 2946 2047 3020">
     <span class='ocr_line' id='line_1_31' title="bbox 461 2946 2047 3020; baseline 0.001 -18"><span class='ocrx_word' id='word_1_190' title='bbox 461 2949 806 3020; x_wconf 85' lang='lat' dir='ltr'><strong>potissimum</strong></span> <span class='ocrx_word' id='word_1_191' title='bbox 849 2955 1190 3016; x_wconf 86' lang='lat' dir='ltr'><strong>susceperat,</strong></span> <span class='ocrx_word' id='word_1_192' title='bbox 1236 2946 1518 3013; x_wconf 83' lang='lat' dir='ltr'><strong>collectis,</strong></span> <span class='ocrx_word' id='word_1_193' title='bbox 1570 2947 1625 3001; x_wconf 88' lang='lat' dir='ltr'><strong>in</strong></span> <span class='ocrx_word' id='word_1_194' title='bbox 1665 2948 1902 3004; x_wconf 89' lang='lat' dir='ltr'><strong>sedecim</strong></span> <span class='ocrx_word' id='word_1_195' title='bbox 1953 2963 2047 3004; x_wconf 87' lang='lat' dir='ltr'><strong>eas</strong></span> 
     </span>
    </p>
   </div>
   <div class='ocr_carea' id='block_1_32' title="bbox 460 3039 2123 3143">
    <p class='ocr_par' dir='ltr' id='par_1_32' title="bbox 460 3039 2123 3143">
     <span class='ocr_line' id='line_1_32' title="bbox 460 3039 2123 3143; baseline -0.002 -45"><span class='ocrx_word' id='word_1_196' title='bbox 460 3045 726 3098; x_wconf 81' lang='lat' dir='ltr'><strong>duntaxat</strong></span> <span class='ocrx_word' id='word_1_197' title='bbox 772 3039 984 3109; x_wconf 88' lang='lat' dir='ltr'><strong>libros(</strong></span> <span class='ocrx_word' id='word_1_198' title='bbox 1006 3040 1140 3095; x_wconf 89' lang='lat' dir='ltr'><strong>nihil</strong></span> <span class='ocrx_word' id='word_1_199' title='bbox 1172 3040 1239 3095; x_wconf 90' lang='lat' dir='ltr'><strong>de</strong></span> <span class='ocrx_word' id='word_1_200' title='bbox 1277 3054 1376 3143; x_wconf 75' lang='lat' dir='ltr'><strong>suo</strong></span> <span class='ocrx_word' id='word_1_201' title='bbox 1418 3040 1646 3143; x_wconf 74' lang='lat' dir='ltr'><strong>addens,</strong></span> <span class='ocrx_word' id='word_1_202' title='bbox 1703 3050 1817 3143; x_wconf 40' lang='lat' dir='ltr'><strong>aut.</strong></span> <span class='ocrx_word' id='word_1_203' title='bbox 1850 3048 2049 3110; x_wconf 63' lang='lat' dir='ltr'><strong>praeter</strong></span> <span class='ocrx_word' id='word_1_204' title='bbox 2075 3080 2123 3143; x_wconf 66' lang='grc' dir='ltr'>ϐ</span> 
     </span>
    </p>
   </div>
   <div class='ocr_carea' id='block_1_33' title="bbox 457 3130 1867 3203">
    <p class='ocr_par' dir='ltr' id='par_1_33' title="bbox 457 3130 1867 3203">
     <span class='ocr_line' id='line_1_33' title="bbox 457 3130 1867 3203; baseline -0.002 -14"><span class='ocrx_word' id='word_1_205' title='bbox 457 3134 844 3201; x_wconf 85' lang='lat' dir='ltr'><strong>digressiones,</strong></span> <span class='ocrx_word' id='word_1_206' title='bbox 876 3140 936 3186; x_wconf 91' lang='lat' dir='ltr'><strong>ut</strong></span> <span class='ocrx_word' id='word_1_207' title='bbox 965 3132 1226 3195; x_wconf 82' lang='lat' dir='ltr'><strong>diximus,</strong></span> <span class='ocrx_word' id='word_1_208' title='bbox 1267 3130 1566 3188; x_wconf 87' lang='lat' dir='ltr'><strong>detrahens</strong></span> <span class='ocrx_word' id='word_1_209' title='bbox 1593 3131 1612 3203; x_wconf 97' lang='lat'><strong>)</strong></span> <span class='ocrx_word' id='word_1_210' title='bbox 1636 3131 1867 3202; x_wconf 76' lang='lat' dir='ltr'><strong>redegit.</strong></span> 
     </span>
    </p>
   </div>
   <div class='ocr_carea' id='block_1_34' title="bbox 530 3222 2051 3294">
    <p class='ocr_par' dir='ltr' id='par_1_34' title="bbox 530 3222 2051 3294">
     <span class='ocr_line' id='line_1_34' title="bbox 530 3222 2051 3294; baseline 0.001 -14"><span class='ocrx_word' id='word_1_211' title='bbox 530 3225 689 3281; x_wconf 78' lang='lat' dir='ltr'><strong>Duris</strong></span> <span class='ocrx_word' id='word_1_212' title='bbox 723 3234 902 3280; x_wconf 86' lang='lat' dir='ltr'><strong>autem</strong></span> <span class='ocrx_word' id='word_1_213' title='bbox 933 3222 1153 3279; x_wconf 83' lang='lat' dir='ltr'><strong>Samius</strong></span> <span class='ocrx_word' id='word_1_214' title='bbox 1186 3223 1326 3279; x_wconf 91' lang='lat' dir='ltr'><strong>libro</strong></span> <span class='ocrx_word' id='word_1_215' title='bbox 1372 3224 1548 3294; x_wconf 91' lang='lat' dir='ltr'><strong>primo</strong></span> <span class='ocrx_word' id='word_1_216' title='bbox 1581 3223 1940 3279; x_wconf 86' lang='lat' dir='ltr'><strong>Historiarum</strong></span> <span class='ocrx_word' id='word_1_217' title='bbox 1971 3225 2051 3282; x_wconf 89' lang='lat' dir='ltr'><strong>sic</strong></span> 
     </span>
    </p>
   </div>
   <div class='ocr_carea' id='block_1_35' title="bbox 459 3312 2053 3388">
    <p class='ocr_par' dir='ltr' id='par_1_35' title="bbox 459 3312 2053 3388">
     <span class='ocr_line' id='line_1_35' title="bbox 459 3312 2053 3388; baseline -0.001 -15"><span class='ocrx_word' id='word_1_218' title='bbox 459 3317 526 3373; x_wconf 78' lang='lat' dir='ltr'><strong>de</strong></span> <span class='ocrx_word' id='word_1_219' title='bbox 570 3314 666 3371; x_wconf 92' lang='lat' dir='ltr'><strong>illo</strong></span> <span class='ocrx_word' id='word_1_220' title='bbox 705 3314 897 3370; x_wconf 87' lang='lat' dir='ltr'><strong>scribit</strong></span> <span class='ocrx_word' id='word_1_221' title='bbox 953 3330 969 3368; x_wconf 89' lang='lat'><strong>:</strong></span> <span class='ocrx_word' id='word_1_222' title='bbox 1018 3312 1269 3382; x_wconf 81' lang='lat' dir='ltr'><strong>Ephorus</strong></span> <span class='ocrx_word' id='word_1_223' title='bbox 1319 3324 1374 3369; x_wconf 92' lang='lat' dir='ltr'><strong>et</strong></span> <span class='ocrx_word' id='word_1_224' title='bbox 1429 3314 1620 3383; x_wconf 74' lang='lat'><strong>1216</strong></span> <span class='ocrx_word' id='word_1_225' title='bbox 1669 3314 2053 3388; x_wconf 86' lang='lat' dir='ltr'><strong>Theopompus</strong></span> 
     </span>
    </p>
   </div>
   <div class='ocr_carea' id='block_1_36' title="bbox 456 3405 2050 3477">
    <p class='ocr_par' dir='ltr' id='par_1_36' title="bbox 456 3405 2050 3477">
     <span class='ocr_line' id='line_1_36' title="bbox 456 3405 2050 3477; baseline 0.001 -14"><span class='ocrx_word' id='word_1_226' title='bbox 456 3406 830 3477; x_wconf 87' lang='lat' dir='ltr'><strong>superioribus</strong></span> <span class='ocrx_word' id='word_1_227' title='bbox 850 3405 1009 3476; x_wconf 82' lang='lat' dir='ltr'><strong>longe</strong></span> <span class='ocrx_word' id='word_1_228' title='bbox 1040 3414 1166 3462; x_wconf 89' lang='lat' dir='ltr'><strong>sunt</strong></span> <span class='ocrx_word' id='word_1_229' title='bbox 1199 3405 1504 3461; x_wconf 79' lang='lat' dir='ltr'><strong>inferiores.</strong></span> <span class='ocrx_word' id='word_1_230' title='bbox 1550 3405 1874 3464; x_wconf 87' lang='lat' dir='ltr'><strong>lmitationis</strong></span> <span class='ocrx_word' id='word_1_231' title='bbox 1905 3409 2050 3464; x_wconf 89' lang='lat' dir='ltr'><strong>enim</strong></span> 
     </span>
    </p>
   </div>
   <div class='ocr_carea' id='block_1_37' title="bbox 456 3497 2054 3569">
    <p class='ocr_par' dir='ltr' id='par_1_37' title="bbox 456 3497 2054 3569">
     <span class='ocr_line' id='line_1_37' title="bbox 456 3497 2054 3569; baseline 0.004 -16"><span class='ocrx_word' id='word_1_232' title='bbox 456 3499 628 3567; x_wconf 81' lang='lat' dir='ltr'><strong>gratia</strong></span> <span class='ocrx_word' id='word_1_233' title='bbox 658 3498 1043 3564; x_wconf 89' lang='lat' dir='ltr'><strong>destituuntur,</strong></span> <span class='ocrx_word' id='word_1_234' title='bbox 1067 3507 1364 3567; x_wconf 85' lang='lat' dir='ltr'><strong>carentque</strong></span> <span class='ocrx_word' id='word_1_235' title='bbox 1385 3497 1599 3553; x_wconf 88' lang='lat' dir='ltr'><strong>dicendi</strong></span> <span class='ocrx_word' id='word_1_236' title='bbox 1630 3511 1933 3569; x_wconf 85' lang='lat' dir='ltr'><strong>venustate,</strong></span> <span class='ocrx_word' id='word_1_237' title='bbox 1958 3502 2054 3558; x_wconf 88' lang='lat' dir='ltr'><strong>de-</strong></span> 
     </span>
    </p>
   </div>
   <div class='ocr_carea' id='block_1_38' title="bbox 458 3589 2048 3663">
    <p class='ocr_par' dir='ltr' id='par_1_38' title="bbox 458 3589 2048 3663">
     <span class='ocr_line' id='line_1_38' title="bbox 458 3589 2048 3663; baseline 0.003 -18"><span class='ocrx_word' id='word_1_238' title='bbox 458 3590 746 3646; x_wconf 89' lang='lat' dir='ltr'><strong>seribendo</strong></span> <span class='ocrx_word' id='word_1_239' title='bbox 772 3600 981 3646; x_wconf 89' lang='lat' dir='ltr'><strong>tantum</strong></span> <span class='ocrx_word' id='word_1_240' title='bbox 1009 3589 1250 3645; x_wconf 89' lang='lat' dir='ltr'><strong>solliciti.</strong></span> <span class='ocrx_word' id='word_1_241' title='bbox 1280 3590 1394 3644; x_wconf 84' lang='lat' dir='ltr'><strong>Etsi</strong></span> <span class='ocrx_word' id='word_1_242' title='bbox 1437 3590 1598 3645; x_wconf 88' lang='lat' dir='ltr'><strong>Duris</strong></span> <span class='ocrx_word' id='word_1_243' title='bbox 1623 3592 1740 3663; x_wconf 91' lang='lat' dir='ltr'><strong>ipse</strong></span> <span class='ocrx_word' id='word_1_244' title='bbox 1768 3594 1822 3648; x_wconf 90' lang='lat' dir='ltr'><strong>in</strong></span> <span class='ocrx_word' id='word_1_245' title='bbox 1852 3595 2048 3650; x_wconf 87' lang='lat' dir='ltr'><strong>eadem</strong></span> 
     </span>
    </p>
   </div>
   <div class='ocr_carea' id='block_1_39' title="bbox 455 3681 2051 3756">
    <p class='ocr_par' dir='ltr' id='par_1_39' title="bbox 455 3681 2051 3756">
     <span class='ocr_line' id='line_1_39' title="bbox 455 3681 2051 3756; baseline 0.004 -21"><span class='ocrx_word' id='word_1_246' title='bbox 455 3682 546 3735; x_wconf 85' lang='lat' dir='ltr'><strong>illa</strong></span> <span class='ocrx_word' id='word_1_247' title='bbox 592 3681 944 3751; x_wconf 88' lang='lat' dir='ltr'><strong>dispositione</strong></span> <span class='ocrx_word' id='word_1_248' title='bbox 977 3681 1135 3751; x_wconf 82' lang='lat' dir='ltr'><strong>longe</strong></span> <span class='ocrx_word' id='word_1_249' title='bbox 1176 3691 1297 3751; x_wconf 90' lang='lat' dir='ltr'><strong>post</strong></span> <span class='ocrx_word' id='word_1_250' title='bbox 1332 3683 1451 3747; x_wconf 86' lang='lat' dir='ltr'><strong>hos,</strong></span> <span class='ocrx_word' id='word_1_251' title='bbox 1487 3698 1625 3753; x_wconf 90' lang='lat' dir='ltr'><strong>quos</strong></span> <span class='ocrx_word' id='word_1_252' title='bbox 1674 3685 1850 3756; x_wconf 86' lang='lat' dir='ltr'><strong>carpit</strong></span> <span class='ocrx_word' id='word_1_253' title='bbox 1886 3685 2051 3752; x_wconf 83' lang='lat' dir='ltr'><strong>viros,</strong></span> 
     </span>
    </p>
   </div>
   <div class='ocr_carea' id='block_1_40' title="bbox 454 3770 2057 3848">
    <p class='ocr_par' dir='ltr' id='par_1_40' title="bbox 454 3770 2057 3848">
     <span class='ocr_line' id='line_1_40' title="bbox 454 3770 2057 3848; baseline 0.004 -22"><span class='ocrx_word' id='word_1_254' title='bbox 454 3772 746 3843; x_wconf 64' lang='lat' dir='ltr'><strong>intervallo</strong></span> <span class='ocrx_word' id='word_1_255' title='bbox 810 3770 1157 3841; x_wconf 86' lang='lat' dir='ltr'><strong>relinquitur.</strong></span> <span class='ocrx_word' id='word_1_256' title='bbox 1206 3772 1407 3829; x_wconf 82' lang='lat' dir='ltr'><strong>Verum</strong></span> <span class='ocrx_word' id='word_1_257' title='bbox 1458 3789 1524 3828; x_wconf 84' lang='lat' dir='ltr'><strong>an</strong></span> <span class='ocrx_word' id='word_1_258' title='bbox 1586 3774 1714 3830; x_wconf 88' lang='lat' dir='ltr'><strong>huic</strong></span> <span class='ocrx_word' id='word_1_259' title='bbox 1775 3778 2057 3848; x_wconf 82' lang='lat' dir='ltr'><strong>arroganti</strong></span> 
     </span>
    </p>
   </div>
   <div class='ocr_carea' id='block_1_41' title="bbox 455 3863 2057 3941">
    <p class='ocr_par' dir='ltr' id='par_1_41' title="bbox 455 3863 2057 3941">
     <span class='ocr_line' id='line_1_41' title="bbox 455 3863 2057 3941; baseline 0.006 -24"><span class='ocrx_word' id='word_1_260' title='bbox 455 3863 797 3934; x_wconf 72' lang='lat' dir='ltr'><strong>Theopompi</strong></span> <span class='ocrx_word' id='word_1_261' title='bbox 832 3879 1082 3919; x_wconf 72' lang='lat' dir='ltr'><strong>censum</strong></span> <span class='ocrx_word' id='word_1_262' title='bbox 1126 3864 1277 3936; x_wconf 91' lang='lat' dir='ltr'><strong>(qua</strong></span> <span class='ocrx_word' id='word_1_263' title='bbox 1314 3868 1589 3924; x_wconf 79' lang='lat' dir='ltr'><strong>veteribus</strong></span> <span class='ocrx_word' id='word_1_264' title='bbox 1621 3872 1891 3927; x_wconf 87' lang='lat' dir='ltr'><strong>secundas</strong></span> <span class='ocrx_word' id='word_1_265' title='bbox 1930 3871 2057 3941; x_wconf 88' lang='lat' dir='ltr'><strong>qui-</strong></span> 
     </span>
    </p>
   </div>
   <div class='ocr_carea' id='block_1_42' title="bbox 457 3956 2054 4030">
    <p class='ocr_par' dir='ltr' id='par_1_42' title="bbox 457 3956 2054 4030">
     <span class='ocr_line' id='line_1_42' title="bbox 457 3956 2054 4030; baseline 0.007 -20"><span class='ocrx_word' id='word_1_266' title='bbox 457 3957 585 4011; x_wconf 85' lang='lat' dir='ltr'><strong>dem</strong></span> <span class='ocrx_word' id='word_1_267' title='bbox 643 3956 960 4028; x_wconf 88' lang='lat' dir='ltr'><strong>tribuebat)</strong></span> <span class='ocrx_word' id='word_1_268' title='bbox 1018 3958 1120 4012; x_wconf 87' lang='lat' dir='ltr'><strong>hoc</strong></span> <span class='ocrx_word' id='word_1_269' title='bbox 1166 3958 1450 4030; x_wconf 70' lang='lat' dir='ltr'><strong>obiecerit,</strong></span> <span class='ocrx_word' id='word_1_270' title='bbox 1489 3976 1598 4015; x_wconf 92' lang='lat' dir='ltr'><strong>non</strong></span> <span class='ocrx_word' id='word_1_271' title='bbox 1643 3960 1817 4018; x_wconf 85' lang='lat' dir='ltr'><strong>habeo</strong></span> <span class='ocrx_word' id='word_1_272' title='bbox 1849 3962 2054 4021; x_wconf 90' lang='lat' dir='ltr'><strong>dicere.</strong></span> 
     </span>
    </p>
   </div>
   <div class='ocr_carea' id='block_1_43' title="bbox 470 4046 2059 4120">
    <p class='ocr_par' dir='ltr' id='par_1_43' title="bbox 470 4046 2059 4120">
     <span class='ocr_line' id='line_1_43' title="bbox 470 4046 2059 4120; baseline 0.005 -19"><span class='ocrx_word' id='word_1_273' title='bbox 470 4046 586 4103; x_wconf 87' lang='lat' dir='ltr'><strong>Hoc</strong></span> <span class='ocrx_word' id='word_1_274' title='bbox 637 4056 846 4104; x_wconf 85' lang='lat' dir='ltr'><strong>tantum</strong></span> <span class='ocrx_word' id='word_1_275' title='bbox 905 4048 988 4103; x_wconf 85' lang='lat' dir='ltr'><strong>vel</strong></span> <span class='ocrx_word' id='word_1_276' title='bbox 1047 4049 1283 4105; x_wconf 79' lang='lat' dir='ltr'><strong>maxime</strong></span> <span class='ocrx_word' id='word_1_277' title='bbox 1346 4052 1752 4120; x_wconf 86' lang='lat' dir='ltr'><strong>contenderim,</strong></span> <span class='ocrx_word' id='word_1_278' title='bbox 1804 4063 2059 4109; x_wconf 90' lang='lat' dir='ltr'><strong>neutrum</strong></span> 
     </span>
    </p>
   </div>
   <div class='ocr_carea' id='block_1_44' title="bbox 460 4138 2059 4209">
    <p class='ocr_par' dir='ltr' id='par_1_44' title="bbox 460 4138 2059 4209">
     <span class='ocr_line' id='line_1_44' title="bbox 460 4138 2059 4209; baseline 0.004 -16"><span class='ocrx_word' id='word_1_279' title='bbox 460 4140 703 4208; x_wconf 79' lang='lat' dir='ltr'><strong>ipsorum</strong></span> <span class='ocrx_word' id='word_1_280' title='bbox 746 4138 892 4208; x_wconf 84' lang='lat' dir='ltr'><strong>juste</strong></span> <span class='ocrx_word' id='word_1_281' title='bbox 937 4140 1070 4194; x_wconf 88' lang='lat' dir='ltr'><strong>satis</strong></span> <span class='ocrx_word' id='word_1_282' title='bbox 1129 4140 1631 4209; x_wconf 86' lang='lat' dir='ltr'><strong>reprehendendum</strong></span> <span class='ocrx_word' id='word_1_283' title='bbox 1658 4143 1846 4199; x_wconf 83' lang='lat' dir='ltr'><strong>fuisse.</strong></span> <span class='ocrx_word' id='word_1_284' title='bbox 1900 4142 2059 4201; x_wconf 81' lang='lat' dir='ltr'><strong>Cleo-</strong></span> 
     </span>
    </p>
   </div>
   <div class='ocr_carea' id='block_1_45' title="bbox 458 4228 2058 4305">
    <p class='ocr_par' dir='ltr' id='par_1_45' title="bbox 458 4228 2058 4305">
     <span class='ocr_line' id='line_1_45' title="bbox 458 4228 2058 4305; baseline 0.004 -20"><span class='ocrx_word' id='word_1_285' title='bbox 458 4229 657 4285; x_wconf 84' lang='lat' dir='ltr'><strong>chares</strong></span> <span class='ocrx_word' id='word_1_286' title='bbox 714 4242 845 4284; x_wconf 88' lang='lat' dir='ltr'><strong>vero</strong></span> <span class='ocrx_word' id='word_1_287' title='bbox 902 4228 1254 4300; x_wconf 85' lang='lat' dir='ltr'><strong>Smyrleanus</strong></span> <span class='ocrx_word' id='word_1_288' title='bbox 1302 4232 1369 4288; x_wconf 90' lang='lat' dir='ltr'><strong>de</strong></span> <span class='ocrx_word' id='word_1_289' title='bbox 1417 4230 1762 4301; x_wconf 89' lang='lat' dir='ltr'><strong>lsocraticis,</strong></span> <span class='ocrx_word' id='word_1_290' title='bbox 1816 4235 2058 4305; x_wconf 80' lang='lat' dir='ltr'><strong>Opinor,</strong></span> 
     </span>
    </p>
   </div>
   <div class='ocr_carea' id='block_1_46' title="bbox 451 4309 2060 4396">
    <p class='ocr_par' dir='ltr' id='par_1_46' title="bbox 451 4309 2060 4396">
     <span class='ocr_line' id='line_1_46' title="bbox 451 4309 2060 4396; baseline 0.002 -18"><span class='ocrx_word' id='word_1_291' title='bbox 451 4321 712 4378; x_wconf 79' lang='lat' dir='ltr'><strong>omnibus</strong></span> <span class='ocrx_word' id='word_1_292' title='bbox 740 4320 965 4392; x_wconf 92' lang='lat' dir='ltr'><strong>loquens</strong></span> <span class='ocrx_word' id='word_1_293' title='bbox 994 4322 1013 4393; x_wconf 84' lang='lat'><strong>(</strong></span> <span class='ocrx_word' id='word_1_294' title='bbox 1043 4322 1146 4378; x_wconf 94' lang='lat' dir='ltr'><strong>hoc</strong></span> <span class='ocrx_word' id='word_1_295' title='bbox 1182 4322 1327 4376; x_wconf 89' lang='lat' dir='ltr'><strong>enim</strong></span> <span class='ocrx_word' id='word_1_296' title='bbox 1373 4322 1450 4377; x_wconf 86' lang='lat' dir='ltr'><strong>illi</strong></span> <span class='ocrx_word' id='word_1_297' title='bbox 1487 4334 1591 4390; x_wconf 89' lang='lat' dir='ltr'><strong>est,</strong></span> <span class='ocrx_word' id='word_1_298' title='bbox 1627 4309 2060 4396; x_wconf 56' lang='lat' dir='ltr'><strong>in‘comparatio—</strong></span> 
     </span>
    </p>
   </div>
   <div class='ocr_carea' id='block_1_47' title="bbox 2145 462 3718 540">
    <p class='ocr_par' dir='ltr' id='par_1_47' title="bbox 2145 462 3718 540">
     <span class='ocr_line' id='line_1_47' title="bbox 2145 462 3718 540; baseline 0.008 -25"><span class='ocrx_word' id='word_1_299' title='bbox 2145 462 2246 533; x_wconf 84' lang='grc' dir='ltr'><strong>τὴν</strong></span> <span class='ocrx_word' id='word_1_300' title='bbox 2294 463 2461 517; x_wconf 82' lang='grc' dir='ltr'><strong>αὑτοῦ</strong></span> <span class='ocrx_word' id='word_1_301' title='bbox 2496 464 2731 536; x_wconf 77' lang='grc' dir='ltr'><strong>ἡλικίαν.</strong></span> <span class='ocrx_word' id='word_1_302' title='bbox 2761 467 2927 522; x_wconf 81' lang='grc' dir='ltr'><strong>Ἀλλὰ</strong></span> <span class='ocrx_word' id='word_1_303' title='bbox 2980 468 3135 535; x_wconf 87' lang='grc' dir='ltr'><strong>τίνας</strong></span> <span class='ocrx_word' id='word_1_304' title='bbox 3161 470 3309 540; x_wconf 79' lang='grc' dir='ltr'><strong>λέγει</strong></span> <span class='ocrx_word' id='word_1_305' title='bbox 3354 472 3482 536; x_wconf 75' lang='grc' dir='ltr'><strong>τοὺς</strong></span> <span class='ocrx_word' id='word_1_306' title='bbox 3524 474 3586 528; x_wconf 86' lang='grc' dir='ltr'><strong>ἐν</strong></span> <span class='ocrx_word' id='word_1_307' title='bbox 3610 476 3718 539; x_wconf 80' lang='grc' dir='ltr'><strong>τοῖς</strong></span> 
     </span>
    </p>
   </div>
   <div class='ocr_carea' id='block_1_48' title="bbox 2145 553 3717 635">
    <p class='ocr_par' dir='ltr' id='par_1_48' title="bbox 2145 553 3717 635">
     <span class='ocr_line' id='line_1_48' title="bbox 2145 553 3717 635; baseline 0.009 -28"><span class='ocrx_word' id='word_1_308' title='bbox 2145 553 2457 627; x_wconf 75' lang='grc' dir='ltr'><strong>ἔμπροσθεν</strong></span> <span class='ocrx_word' id='word_1_309' title='bbox 2486 557 2729 627; x_wconf 77' lang='grc' dir='ltr'><strong>χρόνοις,</strong></span> <span class='ocrx_word' id='word_1_310' title='bbox 2769 560 2872 613; x_wconf 80' lang='grc' dir='ltr'><strong>οὐκ</strong></span> <span class='ocrx_word' id='word_1_311' title='bbox 2911 559 3020 631; x_wconf 76' lang='grc' dir='ltr'><strong>ἐχω</strong></span> <span class='ocrx_word' id='word_1_312' title='bbox 3048 562 3236 631; x_wconf 84' lang='grc' dir='ltr'>σαφῶς</span> <span class='ocrx_word' id='word_1_313' title='bbox 3278 564 3585 635; x_wconf 85' lang='grc' dir='ltr'><strong>συμϐαλεῖν</strong></span> <span class='ocrx_word' id='word_1_314' title='bbox 3615 582 3630 598; x_wconf 67' lang='grc' dir='ltr'><strong>θ</strong></span> <span class='ocrx_word' id='word_1_315' title='bbox 3659 568 3717 621; x_wconf 88' lang='grc' dir='ltr'><strong>οὑ</strong></span> 
     </span>
    </p>
   </div>
   <div class='ocr_carea' id='block_1_49' title="bbox 2146 645 3719 728">
    <p class='ocr_par' dir='ltr' id='par_1_49' title="bbox 2146 645 3719 728">
     <span class='ocr_line' id='line_1_49' title="bbox 2146 645 3719 728; baseline 0.008 -29"><span class='ocrx_word' id='word_1_316' title='bbox 2146 645 2256 717; x_wconf 87' lang='grc' dir='ltr'><strong>γάρ</strong></span> <span class='ocrx_word' id='word_1_317' title='bbox 2290 646 2355 715; x_wconf 87' lang='grc' dir='ltr'><strong>δή</strong></span> <span class='ocrx_word' id='word_1_318' title='bbox 2400 662 2467 715; x_wconf 86' lang='grc' dir='ltr'><strong>γε</strong></span> <span class='ocrx_word' id='word_1_319' title='bbox 2494 646 2766 719; x_wconf 82' lang='grc' dir='ltr'><strong>τολμῆσαι</strong></span> <span class='ocrx_word' id='word_1_320' title='bbox 2795 650 2959 705; x_wconf 84' lang='grc' dir='ltr'><strong>αὑτὸν</strong></span> <span class='ocrx_word' id='word_1_321' title='bbox 2988 653 3358 724; x_wconf 97' lang='grc' dir='ltr'><strong>ὑπολαμϐάνω</strong></span> <span class='ocrx_word' id='word_1_322' title='bbox 3381 656 3464 719; x_wconf 84' lang='grc' dir='ltr'><strong>είς</strong></span> <span class='ocrx_word' id='word_1_323' title='bbox 3498 656 3719 728; x_wconf 79' lang='grc' dir='ltr'><strong>Ἠρόδο-</strong></span> 
     </span>
    </p>
   </div>
   <div class='ocr_carea' id='block_1_50' title="bbox 2145 737 3721 812">
    <p class='ocr_par' dir='ltr' id='par_1_50' title="bbox 2145 737 3721 812">
     <span class='ocr_line' id='line_1_50' title="bbox 2145 737 3721 812; baseline 0.007 -21"><span class='ocrx_word' id='word_1_324' title='bbox 2145 754 2237 791; x_wconf 90' lang='grc' dir='ltr'><strong>τον</strong></span> <span class='ocrx_word' id='word_1_325' title='bbox 2266 738 2360 792; x_wconf 58' lang='grc' dir='ltr'><strong>καί¹</strong></span> <span class='ocrx_word' id='word_1_326' title='bbox 2387 737 2714 812; x_wconf 75' lang='grc' dir='ltr'><strong>Θουκυδίδην</strong></span> <span class='ocrx_word' id='word_1_327' title='bbox 2735 742 3141 811; x_wconf 82' lang='grc' dir='ltr'><strong>ἀποτείνεσθαι,</strong></span> <span class='ocrx_word' id='word_1_328' title='bbox 3166 745 3300 800; x_wconf 80' lang='grc' dir='ltr'><strong>πολὺ</strong></span> <span class='ocrx_word' id='word_1_329' title='bbox 3330 746 3426 800; x_wconf 71' lang='grc' dir='ltr'><strong>καὶ</strong></span> <span class='ocrx_word' id='word_1_330' title='bbox 3463 747 3633 801; x_wconf 79' lang='grc' dir='ltr'><strong>αὑτοῦ</strong></span> <span class='ocrx_word' id='word_1_331' title='bbox 3665 750 3721 804; x_wconf 87' lang='grc' dir='ltr'><strong>ἐν</strong></span> 
     </span>
    </p>
   </div>
   <div class='ocr_carea' id='block_1_51' title="bbox 2146 829 3721 911">
    <p class='ocr_par' dir='ltr' id='par_1_51' title="bbox 2146 829 3721 911">
     <span class='ocr_line' id='line_1_51' title="bbox 2146 829 3721 911; baseline 0.007 -27"><span class='ocrx_word' id='word_1_332' title='bbox 2146 829 2360 896; x_wconf 85' lang='grc' dir='ltr'><strong>πολλοῖς</strong></span> <span class='ocrx_word' id='word_1_333' title='bbox 2381 831 2609 889; x_wconf 76' lang='grc' dir='ltr'><strong>ἐκείνων</strong></span> <span class='ocrx_word' id='word_1_334' title='bbox 2637 832 2746 887; x_wconf 87' lang='grc' dir='ltr'><strong>τῶν</strong></span> <span class='ocrx_word' id='word_1_335' title='bbox 2780 834 2991 906; x_wconf 83' lang='grc' dir='ltr'><strong>ἀνδρῶν</strong></span> <span class='ocrx_word' id='word_1_336' title='bbox 3028 836 3443 908; x_wconf 74' lang='grc' dir='ltr'><strong>ἐλαττουμένου.</strong></span> <span class='ocrx_word' id='word_1_337' title='bbox 3479 839 3557 894; x_wconf 83' lang='grc' dir='ltr'><strong>Ἦ</strong></span> <span class='ocrx_word' id='word_1_338' title='bbox 3584 839 3721 911; x_wconf 86' lang='grc' dir='ltr'><strong>τάχα</strong></span> 
     </span>
    </p>
   </div>
   <div class='ocr_carea' id='block_1_52' title="bbox 2145 922 3725 1005">
    <p class='ocr_par' dir='ltr' id='par_1_52' title="bbox 2145 922 3725 1005">
     <span class='ocr_line' id='line_1_52' title="bbox 2145 922 3725 1005; baseline 0.008 -29"><span class='ocrx_word' id='word_1_339' title='bbox 2145 922 2284 992; x_wconf 82' lang='grc' dir='ltr'><strong>πρὸς</strong></span> <span class='ocrx_word' id='word_1_340' title='bbox 2330 923 2640 980; x_wconf 81' lang='grc' dir='ltr'><strong>Ἑλλάνικον</strong></span> <span class='ocrx_word' id='word_1_341' title='bbox 2676 927 2773 981; x_wconf 81' lang='grc' dir='ltr'><strong>καὶ</strong></span> <span class='ocrx_word' id='word_1_342' title='bbox 2826 927 3075 981; x_wconf 81' lang='grc' dir='ltr'><strong>Φίλιστον</strong></span> <span class='ocrx_word' id='word_1_343' title='bbox 3116 931 3299 1002; x_wconf 76' lang='grc' dir='ltr'><strong>ἀφορᾷ</strong></span> <span class='ocrx_word' id='word_1_344' title='bbox 3351 932 3480 996; x_wconf 80' lang='grc' dir='ltr'><strong>τοὺς</strong></span> <span class='ocrx_word' id='word_1_345' title='bbox 3522 933 3725 1005; x_wconf 89' lang='grc' dir='ltr'><strong>ίστορι-</strong></span> 
     </span>
    </p>
   </div>
   <div class='ocr_carea' id='block_1_53' title="bbox 2147 1017 3722 1095">
    <p class='ocr_par' dir='ltr' id='par_1_53' title="bbox 2147 1017 3722 1095">
     <span class='ocr_line' id='line_1_53' title="bbox 2147 1017 3722 1095; baseline 0.007 -27"><span class='ocrx_word' id='word_1_346' title='bbox 2147 1017 2298 1084; x_wconf 82' lang='grc' dir='ltr'><strong>κοὺς,</strong></span> <span class='ocrx_word' id='word_1_347' title='bbox 2348 1017 2382 1087; x_wconf 81' lang='grc' dir='ltr'>ἦ</span> <span class='ocrx_word' id='word_1_348' title='bbox 2437 1017 2673 1090; x_wconf 81' lang='grc' dir='ltr'><strong>Γοργίαν</strong></span> <span class='ocrx_word' id='word_1_349' title='bbox 2718 1019 2814 1074; x_wconf 73' lang='grc' dir='ltr'><strong>καὶ</strong></span> <span class='ocrx_word' id='word_1_350' title='bbox 2864 1020 3070 1073; x_wconf 83' lang='grc' dir='ltr'>Λυσίαν</span> <span class='ocrx_word' id='word_1_351' title='bbox 3104 1021 3201 1075; x_wconf 74' lang='grc' dir='ltr'><strong>καὶ</strong></span> <span class='ocrx_word' id='word_1_352' title='bbox 3251 1024 3381 1088; x_wconf 76' lang='grc' dir='ltr'><strong>τοὺς</strong></span> <span class='ocrx_word' id='word_1_353' title='bbox 3423 1024 3722 1095; x_wconf 77' lang='grc' dir='ltr'><strong>τοιούτους,</strong></span> 
     </span>
    </p>
   </div>
   <div class='ocr_carea' id='block_1_54' title="bbox 2142 1107 3723 1183">
    <p class='ocr_par' dir='ltr' id='par_1_54' title="bbox 2142 1107 3723 1183">
     <span class='ocr_line' id='line_1_54' title="bbox 2142 1107 3723 1183; baseline 0.008 -23"><span class='ocrx_word' id='word_1_354' title='bbox 2142 1108 2314 1176; x_wconf 83' lang='grc' dir='ltr'><strong>ἐγγὺς</strong></span> <span class='ocrx_word' id='word_1_355' title='bbox 2343 1107 2444 1177; x_wconf 85' lang='grc' dir='ltr'><strong>τῆς</strong></span> <span class='ocrx_word' id='word_1_356' title='bbox 2483 1109 2650 1163; x_wconf 82' lang='grc' dir='ltr'><strong>αὑτοῦ</strong></span> <span class='ocrx_word' id='word_1_357' title='bbox 2690 1110 2906 1182; x_wconf 87' lang='grc' dir='ltr'><strong>ήλικίας</strong></span> <span class='ocrx_word' id='word_1_358' title='bbox 2939 1115 3363 1183; x_wconf 84' lang='grc' dir='ltr'><strong>προγεγονότας,</strong></span> <span class='ocrx_word' id='word_1_359' title='bbox 3404 1117 3723 1182; x_wconf 82' lang='grc' dir='ltr'><strong>αίνίττεται,</strong></span> 
     </span>
    </p>
   </div>
   <div class='ocr_carea' id='block_1_55' title="bbox 2146 1199 3726 1280">
    <p class='ocr_par' dir='ltr' id='par_1_55' title="bbox 2146 1199 3726 1280">
     <span class='ocr_line' id='line_1_55' title="bbox 2146 1199 3726 1280; baseline 0.009 -29"><span class='ocrx_word' id='word_1_360' title='bbox 2146 1199 2255 1253; x_wconf 84' lang='grc' dir='ltr'><strong>οὐδ’</strong></span> <span class='ocrx_word' id='word_1_361' title='bbox 2276 1201 2501 1254; x_wconf 83' lang='grc' dir='ltr'><strong>ἐκείνων</strong></span> <span class='ocrx_word' id='word_1_362' title='bbox 2520 1202 2775 1257; x_wconf 79' lang='grc' dir='ltr'><strong>τοσοῦτον</strong></span> <span class='ocrx_word' id='word_1_363' title='bbox 2798 1203 3141 1277; x_wconf 85' lang='grc' dir='ltr'><strong>ἐνδεέστερον</strong></span> <span class='ocrx_word' id='word_1_364' title='bbox 3164 1207 3396 1277; x_wconf 88' lang='grc' dir='ltr'><strong>ἐχόντων</strong></span> <span class='ocrx_word' id='word_1_365' title='bbox 3433 1209 3575 1280; x_wconf 81' lang='grc' dir='ltr'><strong>πρὸς</strong></span> <span class='ocrx_word' id='word_1_366' title='bbox 3600 1212 3726 1276; x_wconf 80' lang='grc' dir='ltr'><strong>τοὺς</strong></span> 
     </span>
    </p>
   </div>
   <div class='ocr_carea' id='block_1_56' title="bbox 2146 1293 3260 1367">
    <p class='ocr_par' dir='ltr' id='par_1_56' title="bbox 2146 1293 3260 1367">
     <span class='ocr_line' id='line_1_56' title="bbox 2146 1293 3260 1367; baseline 0.007 -20"><span class='ocrx_word' id='word_1_367' title='bbox 2146 1293 2358 1359; x_wconf 85' lang='grc' dir='ltr'><strong>λόγους.</strong></span> <span class='ocrx_word' id='word_1_368' title='bbox 2405 1294 2565 1349; x_wconf 84' lang='grc' dir='ltr'><strong>Ἀλλὰ</strong></span> <span class='ocrx_word' id='word_1_369' title='bbox 2583 1295 2909 1367; x_wconf 86' lang='grc' dir='ltr'><strong>Θεόπομπος</strong></span> <span class='ocrx_word' id='word_1_370' title='bbox 2943 1298 3044 1367; x_wconf 81' lang='grc' dir='ltr'><strong>μὲν</strong></span> <span class='ocrx_word' id='word_1_371' title='bbox 3064 1299 3260 1356; x_wconf 79' lang='grc' dir='ltr'><strong>ταῦτα.</strong></span> 
     </span>
    </p>
   </div>
   <div class='ocr_carea' id='block_1_57' title="bbox 2215 1387 3729 1465">
    <p class='ocr_par' dir='ltr' id='par_1_57' title="bbox 2215 1387 3729 1465">
     <span class='ocr_line' id='line_1_57' title="bbox 2215 1387 3729 1465; baseline 0.005 -24"><span class='ocrx_word' id='word_1_372' title='bbox 2215 1388 2354 1442; x_wconf 69' lang='grc' dir='ltr'>Φασὶ</span> <span class='ocrx_word' id='word_1_373' title='bbox 2383 1387 2440 1441; x_wconf 86' lang='grc' dir='ltr'><strong>δέ</strong></span> <span class='ocrx_word' id='word_1_374' title='bbox 2470 1388 2634 1443; x_wconf 82' lang='grc' dir='ltr'><strong>αὐτόν</strong></span> <span class='ocrx_word' id='word_1_375' title='bbox 2665 1405 2725 1443; x_wconf 91' lang='grc' dir='ltr'><strong>τε</strong></span> <span class='ocrx_word' id='word_1_376' title='bbox 2770 1392 2865 1443; x_wconf 73' lang='grc' dir='ltr'><strong>καὶ</strong></span> <span class='ocrx_word' id='word_1_377' title='bbox 2907 1391 3146 1462; x_wconf 83' lang='grc' dir='ltr'><strong>Ἔφορον</strong></span> <span class='ocrx_word' id='word_1_378' title='bbox 3178 1390 3530 1465; x_wconf 78' lang='grc' dir='ltr'><strong>Ἰσοκράτους</strong></span> <span class='ocrx_word' id='word_1_379' title='bbox 3571 1393 3729 1464; x_wconf 84' lang='grc' dir='ltr'><strong>γενέ·</strong></span> 
     </span>
    </p>
   </div>
   <div class='ocr_carea' id='block_1_58' title="bbox 2149 1475 3725 1560">
    <p class='ocr_par' dir='ltr' id='par_1_58' title="bbox 2149 1475 3725 1560">
     <span class='ocr_line' id='line_1_58' title="bbox 2149 1475 3725 1560; baseline 0.006 -32"><span class='ocrx_word' id='word_1_380' title='bbox 2149 1475 2275 1530; x_wconf 92' lang='grc' dir='ltr'><strong>σθαι</strong></span> <span class='ocrx_word' id='word_1_381' title='bbox 2309 1476 2574 1547; x_wconf 82' lang='grc' dir='ltr'><strong>μαθητάς.</strong></span> <span class='ocrx_word' id='word_1_382' title='bbox 2605 1477 2775 1545; x_wconf 82' lang='grc' dir='ltr'><strong>Δῆλον</strong></span> <span class='ocrx_word' id='word_1_383' title='bbox 2801 1478 2859 1532; x_wconf 84' lang='grc' dir='ltr'><strong>δέ</strong></span> <span class='ocrx_word' id='word_1_384' title='bbox 2897 1478 3057 1534; x_wconf 81' lang='grc' dir='ltr'><strong>τοῦτο</strong></span> <span class='ocrx_word' id='word_1_385' title='bbox 3087 1482 3306 1536; x_wconf 76' lang='grc' dir='ltr'><strong>ποιοῦσι</strong></span> <span class='ocrx_word' id='word_1_386' title='bbox 3337 1485 3436 1538; x_wconf 69' lang='grc' dir='ltr'><strong>καὶ</strong></span> <span class='ocrx_word' id='word_1_387' title='bbox 3465 1483 3688 1560; x_wconf 62' lang='grc' dir='ltr'><strong>οίλόγιζι</strong></span> <span class='ocrx_word' id='word_1_388' title='bbox 3709 1500 3725 1518; x_wconf 89' lang='grc'><strong>·</strong></span> 
     </span>
    </p>
   </div>
   <div class='ocr_carea' id='block_1_59' title="bbox 2147 1566 3730 1648">
    <p class='ocr_par' dir='ltr' id='par_1_59' title="bbox 2147 1566 3730 1648">
     <span class='ocr_line' id='line_1_59' title="bbox 2147 1566 3730 1648; baseline 0.008 -29"><span class='ocrx_word' id='word_1_389' title='bbox 2147 1566 2283 1620; x_wconf 81' lang='grc' dir='ltr'><strong>πολὺ</strong></span> <span class='ocrx_word' id='word_1_390' title='bbox 2303 1569 2349 1601; x_wconf 67' lang='lat'><strong><em>9°</em></strong></span> <span class='ocrx_word' id='word_1_391' title='bbox 2375 1567 2485 1639; x_wconf 81' lang='grc' dir='ltr'><strong>γὰρ</strong></span> <span class='ocrx_word' id='word_1_392' title='bbox 2511 1569 2571 1621; x_wconf 85' lang='grc' dir='ltr'><strong>ἐν</strong></span> <span class='ocrx_word' id='word_1_393' title='bbox 2591 1571 2704 1633; x_wconf 85' lang='grc' dir='ltr'><strong>τοῖς</strong></span> <span class='ocrx_word' id='word_1_394' title='bbox 2726 1569 3054 1642; x_wconf 83' lang='grc' dir='ltr'><strong>Θεοπόμπου</strong></span> <span class='ocrx_word' id='word_1_395' title='bbox 3085 1575 3119 1644; x_wconf 86' lang='grc' dir='ltr'><strong>ή</strong></span> <span class='ocrx_word' id='word_1_396' title='bbox 3161 1575 3306 1630; x_wconf 81' lang='grc' dir='ltr'><strong>κατὰ</strong></span> <span class='ocrx_word' id='word_1_397' title='bbox 3328 1578 3567 1648; x_wconf 81' lang='grc' dir='ltr'><strong>μίμησιν</strong></span> <span class='ocrx_word' id='word_1_398' title='bbox 3617 1577 3730 1631; x_wconf 80' lang='grc' dir='ltr'><strong>ίδέα</strong></span> 
     </span>
    </p>
   </div>
   <div class='ocr_carea' id='block_1_60' title="bbox 2147 1659 3730 1740">
    <p class='ocr_par' dir='ltr' id='par_1_60' title="bbox 2147 1659 3730 1740">
     <span class='ocr_line' id='line_1_60' title="bbox 2147 1659 3730 1740; baseline 0.005 -27"><span class='ocrx_word' id='word_1_399' title='bbox 2147 1659 2254 1714; x_wconf 85' lang='grc' dir='ltr'><strong>τῶν</strong></span> <span class='ocrx_word' id='word_1_400' title='bbox 2284 1661 2414 1732; x_wconf 86' lang='grc' dir='ltr'><strong>παρ’</strong></span> <span class='ocrx_word' id='word_1_401' title='bbox 2439 1661 2761 1732; x_wconf 82' lang='grc' dir='ltr'><strong>Ἰσοκράτει,</strong></span> <span class='ocrx_word' id='word_1_402' title='bbox 2790 1664 2839 1715; x_wconf 85' lang='grc' dir='ltr'><strong>εί</strong></span> <span class='ocrx_word' id='word_1_403' title='bbox 2869 1665 2965 1718; x_wconf 74' lang='grc' dir='ltr'><strong>καὶ</strong></span> <span class='ocrx_word' id='word_1_404' title='bbox 2993 1665 3243 1721; x_wconf 87' lang='grc' dir='ltr'><strong>λείπεται</strong></span> <span class='ocrx_word' id='word_1_405' title='bbox 3302 1669 3404 1740; x_wconf 85' lang='grc' dir='ltr'><strong>τῆς</strong></span> <span class='ocrx_word' id='word_1_406' title='bbox 3456 1668 3604 1723; x_wconf 77' lang='grc' dir='ltr'><strong>κατὰ</strong></span> <span class='ocrx_word' id='word_1_407' title='bbox 3632 1669 3730 1740; x_wconf 81' lang='grc' dir='ltr'><strong>τὴν</strong></span> 
     </span>
    </p>
   </div>
   <div class='ocr_carea' id='block_1_61' title="bbox 2147 1750 3731 1829">
    <p class='ocr_par' dir='ltr' id='par_1_61' title="bbox 2147 1750 3731 1829">
     <span class='ocr_line' id='line_1_61' title="bbox 2147 1750 3731 1829; baseline 0.005 -25"><span class='ocrx_word' id='word_1_408' title='bbox 2147 1750 2411 1823; x_wconf 78' lang='grc' dir='ltr'><strong>ἐργασίαν</strong></span> <span class='ocrx_word' id='word_1_409' title='bbox 2429 1752 2737 1822; x_wconf 84' lang='grc' dir='ltr'><strong>ἀκριϐείας.</strong></span> <span class='ocrx_word' id='word_1_410' title='bbox 2762 1754 2877 1808; x_wconf 77' lang='grc' dir='ltr'><strong>Καὶ</strong></span> <span class='ocrx_word' id='word_1_411' title='bbox 2905 1755 3006 1820; x_wconf 82' lang='grc' dir='ltr'><strong>τὰς</strong></span> <span class='ocrx_word' id='word_1_412' title='bbox 3046 1757 3326 1829; x_wconf 75' lang='grc' dir='ltr'><strong>ἱστορικὰς</strong></span> <span class='ocrx_word' id='word_1_413' title='bbox 3353 1760 3412 1813; x_wconf 85' lang='grc' dir='ltr'><strong>δὲ</strong></span> <span class='ocrx_word' id='word_1_414' title='bbox 3437 1759 3731 1825; x_wconf 79' lang='grc' dir='ltr'><strong>ὑποθέσεις</strong></span> 
     </span>
    </p>
   </div>
   <div class='ocr_carea' id='block_1_62' title="bbox 2146 1844 3730 1921">
    <p class='ocr_par' dir='ltr' id='par_1_62' title="bbox 2146 1844 3730 1921">
     <span class='ocr_line' id='line_1_62' title="bbox 2146 1844 3730 1921; baseline 0.004 -23"><span class='ocrx_word' id='word_1_415' title='bbox 2146 1845 2239 1899; x_wconf 81' lang='grc' dir='ltr'><strong>τὸν</strong></span> <span class='ocrx_word' id='word_1_416' title='bbox 2260 1844 2580 1899; x_wconf 88' lang='grc' dir='ltr'><strong>διδάσκαλον</strong></span> <span class='ocrx_word' id='word_1_417' title='bbox 2602 1845 2621 1876; x_wconf 73' lang='grc' dir='ltr'><strong>ί</strong></span> <span class='ocrx_word' id='word_1_418' title='bbox 2649 1847 2834 1911; x_wconf 82' lang='grc' dir='ltr'><strong>αὑτοῖς</strong></span> <span class='ocrx_word' id='word_1_419' title='bbox 2866 1848 3183 1914; x_wconf 83' lang='grc' dir='ltr'><strong>προϐαλεῖν,</strong></span> <span class='ocrx_word' id='word_1_420' title='bbox 3213 1850 3313 1913; x_wconf 86' lang='grc' dir='ltr'><strong>τὰς</strong></span> <span class='ocrx_word' id='word_1_421' title='bbox 3348 1851 3448 1921; x_wconf 86' lang='grc' dir='ltr'><strong>μὲν</strong></span> <span class='ocrx_word' id='word_1_422' title='bbox 3480 1851 3598 1906; x_wconf 77' lang='grc' dir='ltr'><strong>ἄνω</strong></span> <span class='ocrx_word' id='word_1_423' title='bbox 3623 1851 3730 1904; x_wconf 85' lang='grc' dir='ltr'><strong>τῶν</strong></span> 
     </span>
    </p>
   </div>
   <div class='ocr_carea' id='block_1_63' title="bbox 2146 1937 3730 2013">
    <p class='ocr_par' dir='ltr' id='par_1_63' title="bbox 2146 1937 3730 2013">
     <span class='ocr_line' id='line_1_63' title="bbox 2146 1937 3730 2013; baseline 0.003 -22"><span class='ocrx_word' id='word_1_424' title='bbox 2146 1937 2356 2009; x_wconf 84' lang='grc' dir='ltr'><strong>χρόνων</strong></span> <span class='ocrx_word' id='word_1_425' title='bbox 2398 1937 2633 2010; x_wconf 81' lang='grc' dir='ltr'><strong>Ἐφόρῳ,</strong></span> <span class='ocrx_word' id='word_1_426' title='bbox 2668 1938 2978 2011; x_wconf 79' lang='grc' dir='ltr'><strong>Θεοπόμπῳ</strong></span> <span class='ocrx_word' id='word_1_427' title='bbox 3007 1941 3063 1993; x_wconf 83' lang='grc' dir='ltr'><strong>δὲ</strong></span> <span class='ocrx_word' id='word_1_428' title='bbox 3104 1941 3203 2005; x_wconf 74' lang='grc' dir='ltr'><strong>τὰς</strong></span> <span class='ocrx_word' id='word_1_429' title='bbox 3239 1941 3377 2013; x_wconf 81' lang='grc' dir='ltr'><strong>μετὰ</strong></span> <span class='ocrx_word' id='word_1_430' title='bbox 3395 1943 3730 2013; x_wconf 76' lang='grc' dir='ltr'><strong>Θουκυδίδην</strong></span> 
     </span>
    </p>
   </div>
   <div class='ocr_carea' id='block_1_64' title="bbox 2160 2029 3732 2104">
    <p class='ocr_par' dir='ltr' id='par_1_64' title="bbox 2160 2029 3732 2104">
     <span class='ocr_line' id='line_1_64' title="bbox 2160 2029 3732 2104; baseline 0.002 -21"><span class='ocrx_word' id='word_1_431' title='bbox 2160 2029 2499 2101; x_wconf 81' lang='grc' dir='ltr'><strong>Ἑλληνικὰς,</strong></span> <span class='ocrx_word' id='word_1_432' title='bbox 2533 2031 2670 2102; x_wconf 82' lang='grc' dir='ltr'><strong>πρὸς</strong></span> <span class='ocrx_word' id='word_1_433' title='bbox 2697 2032 2797 2103; x_wconf 84' lang='grc' dir='ltr'><strong>τὴν</strong></span> <span class='ocrx_word' id='word_1_434' title='bbox 2830 2031 3098 2103; x_wconf 81' lang='grc' dir='ltr'><strong>ἐκατέρου</strong></span> <span class='ocrx_word' id='word_1_435' title='bbox 3144 2033 3308 2099; x_wconf 77' lang='grc' dir='ltr'><strong>φύσιν</strong></span> <span class='ocrx_word' id='word_1_436' title='bbox 3352 2033 3537 2087; x_wconf 80' lang='grc' dir='ltr'><strong>καὶτὸ</strong></span> <span class='ocrx_word' id='word_1_437' title='bbox 3568 2032 3732 2104; x_wconf 73' lang='grc' dir='ltr'><strong>ἔργον</strong></span> 
     </span>
    </p>
   </div>
   <div class='ocr_carea' id='block_1_65' title="bbox 2148 2121 3734 2193">
    <p class='ocr_par' dir='ltr' id='par_1_65' title="bbox 2148 2121 3734 2193">
     <span class='ocr_line' id='line_1_65' title="bbox 2148 2121 3734 2193; baseline 0.001 -18"><span class='ocrx_word' id='word_1_438' title='bbox 2148 2121 2553 2193; x_wconf 82' lang='grc' dir='ltr'><strong>ἁρμοσάμενον.</strong></span> <span class='ocrx_word' id='word_1_439' title='bbox 2577 2121 2671 2175; x_wconf 83' lang='grc' dir='ltr'><strong>Διὸ</strong></span> <span class='ocrx_word' id='word_1_440' title='bbox 2699 2122 2793 2176; x_wconf 61' lang='grc' dir='ltr'><strong>καί⁸</strong></span> <span class='ocrx_word' id='word_1_441' title='bbox 2819 2123 2888 2178; x_wconf 81' lang='grc' dir='ltr'><strong>τά</strong></span> <span class='ocrx_word' id='word_1_442' title='bbox 2913 2122 3178 2193; x_wconf 86' lang='grc' dir='ltr'><strong>προοίμια</strong></span> <span class='ocrx_word' id='word_1_443' title='bbox 3203 2124 3389 2186; x_wconf 86' lang='grc' dir='ltr'><strong>αὑτοῖς</strong></span> <span class='ocrx_word' id='word_1_444' title='bbox 3429 2124 3543 2178; x_wconf 83' lang='grc' dir='ltr'><strong>τῶν</strong></span> <span class='ocrx_word' id='word_1_445' title='bbox 3585 2126 3734 2178; x_wconf 88' lang='grc' dir='ltr'><strong>ίστο-</strong></span> 
     </span>
    </p>
   </div>
   <div class='ocr_carea' id='block_1_66' title="bbox 2149 2214 3727 2286">
    <p class='ocr_par' dir='ltr' id='par_1_66' title="bbox 2149 2214 3727 2286">
     <span class='ocr_line' id='line_1_66' title="bbox 2149 2214 3727 2286; baseline 0.002 -19"><span class='ocrx_word' id='word_1_446' title='bbox 2149 2214 2283 2286; x_wconf 83' lang='grc' dir='ltr'><strong>ριῶν</strong></span> <span class='ocrx_word' id='word_1_447' title='bbox 2307 2217 2375 2286; x_wconf 84' lang='grc' dir='ltr'><strong>τῇ</strong></span> <span class='ocrx_word' id='word_1_448' title='bbox 2409 2232 2469 2268; x_wconf 88' lang='grc' dir='ltr'><strong>τε</strong></span> <span class='ocrx_word' id='word_1_449' title='bbox 2501 2215 2714 2286; x_wconf 76' lang='grc' dir='ltr'><strong>διανοίᾳ</strong></span> <span class='ocrx_word' id='word_1_450' title='bbox 2749 2215 2845 2269; x_wconf 75' lang='grc' dir='ltr'><strong>καὶ</strong></span> <span class='ocrx_word' id='word_1_451' title='bbox 2875 2218 2989 2279; x_wconf 80' lang='grc' dir='ltr'><strong>τοῖς</strong></span> <span class='ocrx_word' id='word_1_452' title='bbox 3011 2215 3196 2280; x_wconf 84' lang='grc' dir='ltr'><strong>ἄλλοις</strong></span> <span class='ocrx_word' id='word_1_453' title='bbox 3220 2215 3370 2269; x_wconf 79' lang='grc' dir='ltr'><strong>ἐστὶν</strong></span> <span class='ocrx_word' id='word_1_454' title='bbox 3397 2216 3727 2285; x_wconf 82' lang='grc' dir='ltr'><strong>ὁμοιότατα,</strong></span> 
     </span>
    </p>
   </div>
   <div class='ocr_carea' id='block_1_67' title="bbox 2146 2305 3733 2380">
    <p class='ocr_par' dir='ltr' id='par_1_67' title="bbox 2146 2305 3733 2380">
     <span class='ocr_line' id='line_1_67' title="bbox 2146 2305 3733 2380; baseline 0 -18"><span class='ocrx_word' id='word_1_455' title='bbox 2146 2306 2223 2371; x_wconf 84' lang='grc' dir='ltr'><strong>ὡς</strong></span> <span class='ocrx_word' id='word_1_456' title='bbox 2242 2305 2308 2360; x_wconf 84' lang='grc' dir='ltr'><strong>ἂν</strong></span> <span class='ocrx_word' id='word_1_457' title='bbox 2325 2307 2433 2360; x_wconf 86' lang='grc' dir='ltr'><strong>άπὸ</strong></span> <span class='ocrx_word' id='word_1_458' title='bbox 2455 2307 2554 2376; x_wconf 82' lang='grc' dir='ltr'><strong>τῆς</strong></span> <span class='ocrx_word' id='word_1_459' title='bbox 2569 2308 2738 2377; x_wconf 84' lang='grc' dir='ltr'><strong>αὑτῆς</strong></span> <span class='ocrx_word' id='word_1_460' title='bbox 2767 2307 3071 2380; x_wconf 74' lang='grc' dir='ltr'><strong>ἀφετηρίας</strong></span> <span class='ocrx_word' id='word_1_461' title='bbox 3103 2308 3494 2380; x_wconf 85' lang='grc' dir='ltr'><strong>ἐκδραμόντων</strong></span> <span class='ocrx_word' id='word_1_462' title='bbox 3510 2310 3532 2340; x_wconf 82' lang='grc'><strong>’</strong></span> <span class='ocrx_word' id='word_1_463' title='bbox 3596 2309 3733 2362; x_wconf 79' lang='grc' dir='ltr'><strong>ἐκαο</strong></span> 
     </span>
    </p>
   </div>
   <div class='ocr_carea' id='block_1_68' title="bbox 2147 2396 3738 2469">
    <p class='ocr_par' dir='ltr' id='par_1_68' title="bbox 2147 2396 3738 2469">
     <span class='ocr_line' id='line_1_68' title="bbox 2147 2396 3738 2469; baseline 0.001 -20"><span class='ocrx_word' id='word_1_464' title='bbox 2147 2396 2309 2466; x_wconf 85' lang='grc' dir='ltr'><strong>τέρου</strong></span> <span class='ocrx_word' id='word_1_465' title='bbox 2339 2397 2480 2467; x_wconf 86' lang='grc' dir='ltr'><strong>πρὸς</strong></span> <span class='ocrx_word' id='word_1_466' title='bbox 2506 2397 2569 2450; x_wconf 80' lang='grc' dir='ltr'><strong>τὸ</strong></span> <span class='ocrx_word' id='word_1_467' title='bbox 2598 2397 2810 2451; x_wconf 85' lang='grc' dir='ltr'><strong>στάδιον</strong></span> <span class='ocrx_word' id='word_1_468' title='bbox 2843 2398 2942 2469; x_wconf 85' lang='grc' dir='ltr'><strong>τῆς</strong></span> <span class='ocrx_word' id='word_1_469' title='bbox 2972 2400 3237 2469; x_wconf 77' lang='grc' dir='ltr'><strong>ἱστορίας.</strong></span> <span class='ocrx_word' id='word_1_470' title='bbox 3297 2398 3595 2461; x_wconf 79' lang='grc' dir='ltr'><strong>Πλείσταις</strong></span> <span class='ocrx_word' id='word_1_471' title='bbox 3638 2398 3738 2468; x_wconf 83' lang='grc' dir='ltr'><strong>μὲν</strong></span> 
     </span>
    </p>
   </div>
   <div class='ocr_carea' id='block_1_69' title="bbox 2148 2483 3737 2563">
    <p class='ocr_par' dir='ltr' id='par_1_69' title="bbox 2148 2483 3737 2563">
     <span class='ocr_line' id='line_1_69' title="bbox 2148 2483 3737 2563; baseline 0.002 -22"><span class='ocrx_word' id='word_1_472' title='bbox 2148 2483 2243 2542; x_wconf 78' lang='grc' dir='ltr'><strong>οὖν</strong></span> <span class='ocrx_word' id='word_1_473' title='bbox 2281 2488 2657 2560; x_wconf 86' lang='grc' dir='ltr'><strong>παρεκϐάσεσι</strong></span> <span class='ocrx_word' id='word_1_474' title='bbox 2690 2490 3039 2560; x_wconf 81' lang='grc' dir='ltr'><strong>παντοδαπῆς</strong></span> <span class='ocrx_word' id='word_1_475' title='bbox 3080 2490 3322 2563; x_wconf 83' lang='grc' dir='ltr'><strong>ἱστορίας</strong></span> <span class='ocrx_word' id='word_1_476' title='bbox 3367 2491 3498 2554; x_wconf 81' lang='grc' dir='ltr'><strong>τοὺς</strong></span> <span class='ocrx_word' id='word_1_477' title='bbox 3527 2491 3737 2563; x_wconf 86' lang='grc' dir='ltr'><strong>ίστορι-</strong></span> 
     </span>
    </p>
   </div>
   <div class='ocr_carea' id='block_1_70' title="bbox 2148 2579 3740 2653">
    <p class='ocr_par' dir='ltr' id='par_1_70' title="bbox 2148 2579 3740 2653">
     <span class='ocr_line' id='line_1_70' title="bbox 2148 2579 3740 2653; baseline 0.001 -19"><span class='ocrx_word' id='word_1_478' title='bbox 2148 2581 2279 2641; x_wconf 70' lang='grc' dir='ltr'><strong>κους</strong></span> <span class='ocrx_word' id='word_1_479' title='bbox 2310 2579 2476 2634; x_wconf 83' lang='grc' dir='ltr'><strong>αὑτοῦ</strong></span> <span class='ocrx_word' id='word_1_480' title='bbox 2520 2581 2709 2649; x_wconf 75' lang='grc' dir='ltr'><strong>λόγους</strong></span> <span class='ocrx_word' id='word_1_481' title='bbox 2733 2582 3054 2651; x_wconf 83' lang='grc' dir='ltr'><strong>Θεόπομπος</strong></span> <span class='ocrx_word' id='word_1_482' title='bbox 3102 2582 3442 2653; x_wconf 85' lang='grc' dir='ltr'><strong>παρατείνει.</strong></span> <span class='ocrx_word' id='word_1_483' title='bbox 3479 2581 3576 2636; x_wconf 79' lang='grc' dir='ltr'><strong>Διὸ</strong></span> <span class='ocrx_word' id='word_1_484' title='bbox 3645 2581 3740 2637; x_wconf 78' lang='grc' dir='ltr'><strong>καὶ</strong></span> 
     </span>
    </p>
   </div>
   <div class='ocr_carea' id='block_1_71' title="bbox 2148 2672 3743 2746">
    <p class='ocr_par' dir='ltr' id='par_1_71' title="bbox 2148 2672 3743 2746">
     <span class='ocr_line' id='line_1_71' title="bbox 2148 2672 3743 2746; baseline 0.002 -20"><span class='ocrx_word' id='word_1_485' title='bbox 2148 2672 2412 2737; x_wconf 81' lang='grc' dir='ltr'><strong>Φίλιππος</strong></span> <span class='ocrx_word' id='word_1_486' title='bbox 2434 2675 2462 2727; x_wconf 89' lang='grc' dir='ltr'><strong>ό</strong></span> <span class='ocrx_word' id='word_1_487' title='bbox 2491 2675 2629 2745; x_wconf 84' lang='grc' dir='ltr'><strong>πρὸς</strong></span> <span class='ocrx_word' id='word_1_488' title='bbox 2678 2673 2984 2744; x_wconf 83' lang='grc' dir='ltr'><strong>Ῥωμαίους</strong></span> <span class='ocrx_word' id='word_1_489' title='bbox 3006 2674 3348 2746; x_wconf 82' lang='grc' dir='ltr'><strong>πολεμήσας,</strong></span> <span class='ocrx_word' id='word_1_490' title='bbox 3374 2673 3585 2741; x_wconf 79' lang='grc' dir='ltr'><strong>ἐξελὼν</strong></span> <span class='ocrx_word' id='word_1_491' title='bbox 3606 2675 3743 2729; x_wconf 84' lang='grc' dir='ltr'><strong>ταύ-</strong></span> 
     </span>
    </p>
   </div>
   <div class='ocr_carea' id='block_1_72' title="bbox 2150 2765 3743 2839">
    <p class='ocr_par' dir='ltr' id='par_1_72' title="bbox 2150 2765 3743 2839">
     <span class='ocr_line' id='line_1_72' title="bbox 2150 2765 3743 2839; baseline -0.001 -20"><span class='ocrx_word' id='word_1_492' title='bbox 2150 2783 2252 2829; x_wconf 86' lang='grc' dir='ltr'><strong>τας</strong></span> <span class='ocrx_word' id='word_1_493' title='bbox 2276 2765 2375 2819; x_wconf 69' lang='grc' dir='ltr'><strong>καὶ</strong></span> <span class='ocrx_word' id='word_1_494' title='bbox 2429 2765 2535 2829; x_wconf 86' lang='grc' dir='ltr'><strong>τὰς</strong></span> <span class='ocrx_word' id='word_1_495' title='bbox 2575 2766 2846 2820; x_wconf 85' lang='grc' dir='ltr'><strong>Φιλίππου</strong></span> <span class='ocrx_word' id='word_1_496' title='bbox 2908 2766 3309 2836; x_wconf 82' lang='grc' dir='ltr'><strong>συνταξάμενος</strong></span> <span class='ocrx_word' id='word_1_497' title='bbox 3367 2767 3630 2839; x_wconf 79' lang='grc' dir='ltr'><strong>πράξεις,</strong></span> <span class='ocrx_word' id='word_1_498' title='bbox 3686 2766 3743 2821; x_wconf 80' lang='grc' dir='ltr'><strong>αἰ</strong></span> 
     </span>
    </p>
   </div>
   <div class='ocr_carea' id='block_1_73' title="bbox 2152 2857 3744 2930">
    <p class='ocr_par' dir='ltr' id='par_1_73' title="bbox 2152 2857 3744 2930">
     <span class='ocr_line' id='line_1_73' title="bbox 2152 2857 3744 2930; baseline 0 -19"><span class='ocrx_word' id='word_1_499' title='bbox 2152 2858 2353 2921; x_wconf 88' lang='grc' dir='ltr'><strong>σκοπός</strong></span> <span class='ocrx_word' id='word_1_500' title='bbox 2392 2858 2499 2912; x_wconf 86' lang='grc' dir='ltr'><strong>εἰσι</strong></span> <span class='ocrx_word' id='word_1_501' title='bbox 2526 2857 2856 2928; x_wconf 83' lang='grc' dir='ltr'><strong>Θεοπόμπῳ,</strong></span> <span class='ocrx_word' id='word_1_502' title='bbox 2910 2861 2991 2921; x_wconf 80' lang='grc' dir='ltr'><strong>εἰς</strong></span> <span class='ocrx_word' id='word_1_503' title='bbox 3022 2864 3097 2924; x_wconf 83' lang='grc' dir='ltr'><strong>ις’</strong></span> <span class='ocrx_word' id='word_1_504' title='bbox 3151 2858 3367 2929; x_wconf 87' lang='grc' dir='ltr'><strong>βίϐλους</strong></span> <span class='ocrx_word' id='word_1_505' title='bbox 3405 2858 3607 2929; x_wconf 83' lang='grc' dir='ltr'><strong>μόνας,</strong></span> <span class='ocrx_word' id='word_1_506' title='bbox 3638 2876 3744 2930; x_wconf 84' lang='grc' dir='ltr'><strong>μη-</strong></span> 
     </span>
    </p>
   </div>
   <div class='ocr_carea' id='block_1_74' title="bbox 2149 2948 3742 3023">
    <p class='ocr_par' dir='ltr' id='par_1_74' title="bbox 2149 2948 3742 3023">
     <span class='ocr_line' id='line_1_74' title="bbox 2149 2948 3742 3023; baseline 0 -20"><span class='ocrx_word' id='word_1_507' title='bbox 2149 2949 2237 3003; x_wconf 79' lang='grc' dir='ltr'><strong>δὲν</strong></span> <span class='ocrx_word' id='word_1_508' title='bbox 2265 2948 2397 3020; x_wconf 83' lang='grc' dir='ltr'><strong>παρ’</strong></span> <span class='ocrx_word' id='word_1_509' title='bbox 2430 2948 2627 3004; x_wconf 80' lang='grc' dir='ltr'><strong>ἑαυτοῦ</strong></span> <span class='ocrx_word' id='word_1_510' title='bbox 2656 2949 2912 3021; x_wconf 70' lang='grc' dir='ltr'><strong>προσθεὶς</strong></span> <span class='ocrx_word' id='word_1_511' title='bbox 2944 2948 2978 3020; x_wconf 81' lang='grc' dir='ltr'>ἢ</span> <span class='ocrx_word' id='word_1_512' title='bbox 3010 2948 3244 3017; x_wconf 81' lang='grc' dir='ltr'><strong>ἀφελὼν,</strong></span> <span class='ocrx_word' id='word_1_513' title='bbox 3278 2949 3421 3019; x_wconf 80' lang='grc' dir='ltr'><strong>πλὴν</strong></span> <span class='ocrx_word' id='word_1_514' title='bbox 3458 2949 3540 3012; x_wconf 84' lang='grc' dir='ltr'><strong>ὡς</strong></span> <span class='ocrx_word' id='word_1_515' title='bbox 3580 2950 3742 3023; x_wconf 85' lang='grc' dir='ltr'><strong>εῐρη-</strong></span> 
     </span>
    </p>
   </div>
   <div class='ocr_carea' id='block_1_75' title="bbox 2150 3039 3528 3113">
    <p class='ocr_par' dir='ltr' id='par_1_75' title="bbox 2150 3039 3528 3113">
     <span class='ocr_line' id='line_1_75' title="bbox 2150 3039 3528 3113; baseline -0.001 -18"><span class='ocrx_word' id='word_1_516' title='bbox 2150 3057 2266 3107; x_wconf 89' lang='grc' dir='ltr'><strong>ται,</strong></span> <span class='ocrx_word' id='word_1_517' title='bbox 2299 3040 2410 3094; x_wconf 85' lang='grc' dir='ltr'><strong>τῶν</strong></span> <span class='ocrx_word' id='word_1_518' title='bbox 2442 3040 2862 3113; x_wconf 85' lang='grc' dir='ltr'><strong>παρεκτροπῶν,</strong></span> <span class='ocrx_word' id='word_1_519' title='bbox 2896 3040 2997 3103; x_wconf 73' lang='grc' dir='ltr'><strong>τὰς</strong></span> <span class='ocrx_word' id='word_1_520' title='bbox 3026 3039 3207 3104; x_wconf 76' lang='grc' dir='ltr'><strong>πάσας</strong></span> <span class='ocrx_word' id='word_1_521' title='bbox 3227 3040 3528 3111; x_wconf 81' lang='grc' dir='ltr'><strong>άπήρτισε.</strong></span> 
     </span>
    </p>
   </div>
   <div class='ocr_carea' id='block_1_76' title="bbox 2221 3192 3737 3290">
    <p class='ocr_par' dir='ltr' id='par_1_76' title="bbox 2221 3192 3737 3290">
     <span class='ocr_line' id='line_1_76' title="bbox 2221 3192 3737 3290; baseline -0.001 -20"><span class='ocrx_word' id='word_1_522' title='bbox 2221 3217 2415 3290; x_wconf 83' lang='grc' dir='ltr'><strong>Δοῦρις</strong></span> <span class='ocrx_word' id='word_1_523' title='bbox 2449 3216 2547 3288; x_wconf 85' lang='grc' dir='ltr'><strong>μὲν</strong></span> <span class='ocrx_word' id='word_1_524' title='bbox 2574 3210 2668 3269; x_wconf 72' lang='grc' dir='ltr'><strong>οὖν</strong></span> <span class='ocrx_word' id='word_1_525' title='bbox 2688 3216 2717 3268; x_wconf 88' lang='grc' dir='ltr'>ὁ</span> <span class='ocrx_word' id='word_1_526' title='bbox 2747 3192 2952 3285; x_wconf 77' lang='grc' dir='ltr'><strong>Σάμιος</strong></span> <span class='ocrx_word' id='word_1_527' title='bbox 2981 3213 3041 3267; x_wconf 85' lang='grc' dir='ltr'><strong>ἐν</strong></span> <span class='ocrx_word' id='word_1_528' title='bbox 3061 3215 3130 3285; x_wconf 81' lang='grc' dir='ltr'><strong>τῇ</strong></span> <span class='ocrx_word' id='word_1_529' title='bbox 3165 3212 3361 3285; x_wconf 82' lang='grc' dir='ltr'><strong>πρώτῃ</strong></span> <span class='ocrx_word' id='word_1_530' title='bbox 3409 3212 3526 3268; x_wconf 84' lang='grc' dir='ltr'><strong>τῶν</strong></span> <span class='ocrx_word' id='word_1_531' title='bbox 3559 3212 3737 3268; x_wconf 79' lang='grc' dir='ltr'><strong>αὑτοῦ</strong></span> 
     </span>
    </p>
   </div>
   <div class='ocr_carea' id='block_1_77' title="bbox 2163 3306 3748 3385">
    <p class='ocr_par' dir='ltr' id='par_1_77' title="bbox 2163 3306 3748 3385">
     <span class='ocr_line' id='line_1_77' title="bbox 2163 3306 3748 3385; baseline -0.004 -15"><span class='ocrx_word' id='word_1_532' title='bbox 2163 3314 2437 3385; x_wconf 81' lang='grc' dir='ltr'><strong>Ἱστοριῶν</strong></span> <span class='ocrx_word' id='word_1_533' title='bbox 2473 3310 2617 3366; x_wconf 79' lang='grc' dir='ltr'><strong>οὕτω</strong></span> <span class='ocrx_word' id='word_1_534' title='bbox 2668 3311 2855 3382; x_wconf 70' lang='grc' dir='ltr'><strong>φησίν*</strong></span> <span class='ocrx_word' id='word_1_535' title='bbox 2910 3310 3151 3381; x_wconf 86' lang='grc' dir='ltr'><strong>Ἔφορος</strong></span> <span class='ocrx_word' id='word_1_536' title='bbox 3184 3309 3242 3362; x_wconf 82' lang='grc' dir='ltr'><strong>δὲ</strong></span> <span class='ocrx_word' id='word_1_537' title='bbox 3274 3308 3371 3361; x_wconf 78' lang='grc' dir='ltr'><strong>καὶ</strong></span> <span class='ocrx_word' id='word_1_538' title='bbox 3406 3306 3748 3378; x_wconf 72' lang='grc' dir='ltr'><strong>Θεόπομπος</strong></span> 
     </span>
    </p>
   </div>
   <div class='ocr_carea' id='block_1_78' title="bbox 2152 3397 3748 3475">
    <p class='ocr_par' dir='ltr' id='par_1_78' title="bbox 2152 3397 3748 3475">
     <span class='ocr_line' id='line_1_78' title="bbox 2152 3397 3748 3475; baseline -0.006 -14"><span class='ocrx_word' id='word_1_539' title='bbox 2152 3406 2260 3460; x_wconf 88' lang='grc' dir='ltr'><strong>τῶν</strong></span> <span class='ocrx_word' id='word_1_540' title='bbox 2287 3404 2596 3475; x_wconf 76' lang='grc' dir='ltr'><strong>γενομένων</strong></span> <span class='ocrx_word' id='word_1_541' title='bbox 2622 3405 2645 3436; x_wconf 87' lang='grc'><strong><em>³</em></strong></span> <span class='ocrx_word' id='word_1_542' title='bbox 2673 3403 2925 3456; x_wconf 84' lang='grc' dir='ltr'><strong>πλεῖστον</strong></span> <span class='ocrx_word' id='word_1_543' title='bbox 2978 3401 3389 3472; x_wconf 80' lang='grc' dir='ltr'><strong>ἀπελείφθησαν</strong></span> <span class='ocrx_word' id='word_1_544' title='bbox 3415 3414 3430 3429; x_wconf 82' lang='lat'><strong><em>°</em></strong></span> <span class='ocrx_word' id='word_1_545' title='bbox 3468 3397 3602 3453; x_wconf 78' lang='grc' dir='ltr'><strong>οὔτε</strong></span> <span class='ocrx_word' id='word_1_546' title='bbox 3634 3399 3748 3469; x_wconf 77' lang='grc' dir='ltr'><strong>γὰρ</strong></span> 
     </span>
    </p>
   </div>
   <div class='ocr_carea' id='block_1_79' title="bbox 2157 3490 3752 3571">
    <p class='ocr_par' dir='ltr' id='par_1_79' title="bbox 2157 3490 3752 3571">
     <span class='ocr_line' id='line_1_79' title="bbox 2157 3490 3752 3571; baseline -0.004 -19"><span class='ocrx_word' id='word_1_547' title='bbox 2157 3501 2442 3571; x_wconf 87' lang='grc' dir='ltr'><strong>μιμήσεως</strong></span> <span class='ocrx_word' id='word_1_548' title='bbox 2499 3496 2793 3569; x_wconf 77' lang='grc' dir='ltr'><strong>μετέλαϐον</strong></span> <span class='ocrx_word' id='word_1_549' title='bbox 2839 3496 3099 3566; x_wconf 77' lang='grc' dir='ltr'><strong>οὐδεμιᾶς</strong></span> <span class='ocrx_word' id='word_1_550' title='bbox 3146 3492 3271 3548; x_wconf 79' lang='grc' dir='ltr'><strong>οὔτε</strong></span> <span class='ocrx_word' id='word_1_551' title='bbox 3324 3493 3526 3565; x_wconf 78' lang='grc' dir='ltr'><strong>ἡδονῆς</strong></span> <span class='ocrx_word' id='word_1_552' title='bbox 3578 3494 3643 3546; x_wconf 81' lang='grc' dir='ltr'><strong>ἐν</strong></span> <span class='ocrx_word' id='word_1_553' title='bbox 3669 3490 3752 3564; x_wconf 79' lang='grc' dir='ltr'><strong>τῷ</strong></span> 
     </span>
    </p>
   </div>
   <div class='ocr_carea' id='block_1_80' title="bbox 2154 3580 3750 3662">
    <p class='ocr_par' dir='ltr' id='par_1_80' title="bbox 2154 3580 3750 3662">
     <span class='ocr_line' id='line_1_80' title="bbox 2154 3580 3750 3662; baseline -0.006 -18"><span class='ocrx_word' id='word_1_554' title='bbox 2154 3591 2387 3662; x_wconf 80' lang='grc' dir='ltr'><strong>φράσαι,</strong></span> <span class='ocrx_word' id='word_1_555' title='bbox 2417 3586 2585 3641; x_wconf 81' lang='grc' dir='ltr'><strong>αὑτοῦ</strong></span> <span class='ocrx_word' id='word_1_556' title='bbox 2610 3586 2668 3640; x_wconf 86' lang='grc' dir='ltr'><strong>δέ</strong></span> <span class='ocrx_word' id='word_1_557' title='bbox 2691 3583 2784 3640; x_wconf 80' lang='grc' dir='ltr'><strong>τοῦ</strong></span> <span class='ocrx_word' id='word_1_558' title='bbox 2825 3586 3062 3656; x_wconf 85' lang='grc' dir='ltr'><strong>γράφειν</strong></span> <span class='ocrx_word' id='word_1_559' title='bbox 3099 3583 3262 3655; x_wconf 90' lang='grc' dir='ltr'><strong>μόνον</strong></span> <span class='ocrx_word' id='word_1_560' title='bbox 3290 3580 3750 3653; x_wconf 84' lang='grc' dir='ltr'><strong>ἐπεμελήθησαν.</strong></span> 
     </span>
    </p>
   </div>
   <div class='ocr_carea' id='block_1_81' title="bbox 2154 3675 3750 3752">
    <p class='ocr_par' dir='ltr' id='par_1_81' title="bbox 2154 3675 3750 3752">
     <span class='ocr_line' id='line_1_81' title="bbox 2154 3675 3750 3752; baseline -0.007 -15"><span class='ocrx_word' id='word_1_561' title='bbox 2154 3681 2350 3737; x_wconf 82' lang='grc' dir='ltr'><strong>Καίτοι</strong></span> <span class='ocrx_word' id='word_1_562' title='bbox 2381 3680 2575 3752; x_wconf 81' lang='grc' dir='ltr'><strong>Δοῦρις</strong></span> <span class='ocrx_word' id='word_1_563' title='bbox 2604 3679 2700 3732; x_wconf 78' lang='grc' dir='ltr'><strong>καὶ</strong></span> <span class='ocrx_word' id='word_1_564' title='bbox 2727 3679 2828 3748; x_wconf 84' lang='grc' dir='ltr'><strong>τῆς</strong></span> <span class='ocrx_word' id='word_1_565' title='bbox 2857 3680 2915 3732; x_wconf 88' lang='grc' dir='ltr'><strong>ἐν</strong></span> <span class='ocrx_word' id='word_1_566' title='bbox 2937 3678 3123 3740; x_wconf 83' lang='grc' dir='ltr'><strong>αὐτοῖς</strong></span> <span class='ocrx_word' id='word_1_567' title='bbox 3156 3675 3367 3738; x_wconf 85' lang='grc' dir='ltr'><strong>τούτοις</strong></span> <span class='ocrx_word' id='word_1_568' title='bbox 3395 3675 3750 3744; x_wconf 82' lang='grc' dir='ltr'><strong>οίκονομίας,</strong></span> 
     </span>
    </p>
   </div>
   <div class='ocr_carea' id='block_1_82' title="bbox 2154 3764 3753 3839">
    <p class='ocr_par' dir='ltr' id='par_1_82' title="bbox 2154 3764 3753 3839">
     <span class='ocr_line' id='line_1_82' title="bbox 2154 3764 3753 3839; baseline -0.006 -10"><span class='ocrx_word' id='word_1_569' title='bbox 2154 3770 2237 3839; x_wconf 79' lang='grc' dir='ltr'><strong>οἷς</strong></span> <span class='ocrx_word' id='word_1_570' title='bbox 2268 3775 2529 3837; x_wconf 74' lang='grc' dir='ltr'><strong>αἰτιᾶται,</strong></span> <span class='ocrx_word' id='word_1_571' title='bbox 2572 3770 2742 3825; x_wconf 85' lang='grc' dir='ltr'><strong>πολλὰ</strong></span> <span class='ocrx_word' id='word_1_572' title='bbox 2795 3769 2905 3823; x_wconf 83' lang='grc' dir='ltr'><strong>τῶν</strong></span> <span class='ocrx_word' id='word_1_573' title='bbox 2969 3767 3182 3839; x_wconf 82' lang='grc' dir='ltr'><strong>ἀνδρῶν</strong></span> <span class='ocrx_word' id='word_1_574' title='bbox 3231 3767 3585 3836; x_wconf 79' lang='grc' dir='ltr'><strong>λειπόμενος’</strong></span> <span class='ocrx_word' id='word_1_575' title='bbox 3629 3764 3753 3820; x_wconf 78' lang='grc' dir='ltr'><strong>ἀλλ’</strong></span> 
     </span>
    </p>
   </div>
   <div class='ocr_carea' id='block_1_83' title="bbox 2156 3854 3753 3937">
    <p class='ocr_par' dir='ltr' id='par_1_83' title="bbox 2156 3854 3753 3937">
     <span class='ocr_line' id='line_1_83' title="bbox 2156 3854 3753 3937; baseline -0.008 -17"><span class='ocrx_word' id='word_1_576' title='bbox 2156 3868 2207 3920; x_wconf 85' lang='grc' dir='ltr'><strong>εί</strong></span> <span class='ocrx_word' id='word_1_577' title='bbox 2249 3867 2350 3937; x_wconf 85' lang='grc' dir='ltr'><strong>μὲν</strong></span> <span class='ocrx_word' id='word_1_578' title='bbox 2415 3864 2551 3937; x_wconf 81' lang='grc' dir='ltr'><strong>πρὸς</strong></span> <span class='ocrx_word' id='word_1_579' title='bbox 2593 3861 2686 3915; x_wconf 80' lang='grc' dir='ltr'><strong>τὸν</strong></span> <span class='ocrx_word' id='word_1_580' title='bbox 2745 3859 3101 3931; x_wconf 81' lang='grc' dir='ltr'><strong>ὑπερήφανον</strong></span> <span class='ocrx_word' id='word_1_581' title='bbox 3153 3858 3361 3911; x_wconf 80' lang='grc' dir='ltr'><strong>ἐκεῖνον</strong></span> <span class='ocrx_word' id='word_1_582' title='bbox 3408 3854 3753 3923; x_wconf 83' lang='grc' dir='ltr'><strong>Θεοπόμπου</strong></span> 
     </span>
    </p>
   </div>
   <div class='ocr_carea' id='block_1_84' title="bbox 2157 3946 3758 4026">
    <p class='ocr_par' dir='ltr' id='par_1_84' title="bbox 2157 3946 3758 4026">
     <span class='ocr_line' id='line_1_84' title="bbox 2157 3946 3758 4026; baseline -0.009 -15"><span class='ocrx_word' id='word_1_583' title='bbox 2157 3958 2337 4026; x_wconf 83' lang='grc' dir='ltr'><strong>λόγον,</strong></span> <span class='ocrx_word' id='word_1_584' title='bbox 2387 3954 2447 4019; x_wconf 87' lang='grc' dir='ltr'><strong>ὂς</strong></span> <span class='ocrx_word' id='word_1_585' title='bbox 2479 3956 2607 4018; x_wconf 74' lang='grc' dir='ltr'><strong>τοὺς</strong></span> <span class='ocrx_word' id='word_1_586' title='bbox 2650 3951 3042 4024; x_wconf 83' lang='grc' dir='ltr'><strong>ἀρχαιοτέρους</strong></span> <span class='ocrx_word' id='word_1_587' title='bbox 3084 3948 3207 4003; x_wconf 82' lang='grc' dir='ltr'><strong>οὑδέ</strong></span> <span class='ocrx_word' id='word_1_588' title='bbox 3252 3947 3364 4001; x_wconf 83' lang='grc' dir='ltr'><strong>τῶν</strong></span> <span class='ocrx_word' id='word_1_589' title='bbox 3419 3946 3758 4017; x_wconf 83' lang='grc' dir='ltr'><strong>δευτερείων</strong></span> 
     </span>
    </p>
   </div>
   <div class='ocr_carea' id='block_1_85' title="bbox 2157 4035 3757 4119">
    <p class='ocr_par' dir='ltr' id='par_1_85' title="bbox 2157 4035 3757 4119">
     <span class='ocr_line' id='line_1_85' title="bbox 2157 4035 3757 4119; baseline -0.008 -18"><span class='ocrx_word' id='word_1_590' title='bbox 2157 4049 2333 4119; x_wconf 80' lang='grc' dir='ltr'><strong>ἠξίου,</strong></span> <span class='ocrx_word' id='word_1_591' title='bbox 2369 4045 2531 4100; x_wconf 80' lang='grc' dir='ltr'><strong>τοῦτο</strong></span> <span class='ocrx_word' id='word_1_592' title='bbox 2555 4042 2885 4116; x_wconf 70' lang='grc' dir='ltr'><strong>ἀπέρριψεν,</strong></span> <span class='ocrx_word' id='word_1_593' title='bbox 2918 4042 3019 4095; x_wconf 85' lang='grc' dir='ltr'><strong>οὑκ</strong></span> <span class='ocrx_word' id='word_1_594' title='bbox 3061 4040 3171 4110; x_wconf 77' lang='grc' dir='ltr'><strong>ἔχω</strong></span> <span class='ocrx_word' id='word_1_595' title='bbox 3196 4038 3379 4105; x_wconf 83' lang='grc' dir='ltr'><strong>λέγειν</strong></span> <span class='ocrx_word' id='word_1_596' title='bbox 3403 4052 3419 4069; x_wconf 85' lang='grc'><strong>·</strong></span> <span class='ocrx_word' id='word_1_597' title='bbox 3472 4036 3621 4108; x_wconf 86' lang='grc' dir='ltr'><strong>πλὴν</strong></span> <span class='ocrx_word' id='word_1_598' title='bbox 3667 4035 3757 4090; x_wconf 84' lang='grc' dir='ltr'><strong>ὃτι</strong></span> 
     </span>
    </p>
   </div>
   <div class='ocr_carea' id='block_1_86' title="bbox 2159 4129 3758 4209">
    <p class='ocr_par' dir='ltr' id='par_1_86' title="bbox 2159 4129 3758 4209">
     <span class='ocr_line' id='line_1_86' title="bbox 2159 4129 3758 4209; baseline -0.009 -15"><span class='ocrx_word' id='word_1_599' title='bbox 2159 4140 2445 4209; x_wconf 78' lang='grc' dir='ltr'><strong>οὐδέτερος</strong></span> <span class='ocrx_word' id='word_1_600' title='bbox 2472 4135 2654 4190; x_wconf 80' lang='grc' dir='ltr'><strong>αὐτῶν</strong></span> <span class='ocrx_word' id='word_1_601' title='bbox 2696 4132 3086 4207; x_wconf 86' lang='grc' dir='ltr'><strong>προσηκόντως</strong></span> <span class='ocrx_word' id='word_1_602' title='bbox 3132 4131 3452 4194; x_wconf 81' lang='grc' dir='ltr'><strong>ἐπελάϐετο,</strong></span> <span class='ocrx_word' id='word_1_603' title='bbox 3505 4131 3609 4183; x_wconf 80' lang='grc' dir='ltr'><strong>καὶ</strong></span> <span class='ocrx_word' id='word_1_604' title='bbox 3645 4129 3758 4200; x_wconf 78' lang='grc' dir='ltr'><strong>μά-</strong></span> 
     </span>
    </p>
   </div>
   <div class='ocr_carea' id='block_1_87' title="bbox 2160 4221 3758 4298">
    <p class='ocr_par' dir='ltr' id='par_1_87' title="bbox 2160 4221 3758 4298">
     <span class='ocr_line' id='line_1_87' title="bbox 2160 4221 3758 4298; baseline -0.009 -12"><span class='ocrx_word' id='word_1_605' title='bbox 2160 4231 2319 4286; x_wconf 86' lang='grc' dir='ltr'><strong>λιστα</strong></span> <span class='ocrx_word' id='word_1_606' title='bbox 2353 4230 2420 4284; x_wconf 83' lang='grc' dir='ltr'><strong>ἂν</strong></span> <span class='ocrx_word' id='word_1_607' title='bbox 2444 4226 2912 4298; x_wconf 84' lang='grc' dir='ltr'><strong>διισχυρισαίμην.</strong></span> <span class='ocrx_word' id='word_1_608' title='bbox 2939 4222 3260 4293; x_wconf 86' lang='grc' dir='ltr'><strong>Κλεοχάρης</strong></span> <span class='ocrx_word' id='word_1_609' title='bbox 3286 4221 3345 4275; x_wconf 79' lang='grc' dir='ltr'><strong>δὲ</strong></span> <span class='ocrx_word' id='word_1_610' title='bbox 3377 4221 3407 4274; x_wconf 85' lang='grc' dir='ltr'>ὁ</span> <span class='ocrx_word' id='word_1_611' title='bbox 3458 4221 3758 4291; x_wconf 82' lang='grc' dir='ltr'><strong>Σμυρλεα-</strong></span> 
     </span>
    </p>
   </div>
   <div class='ocr_carea' id='block_1_88' title="bbox 2163 4306 3758 4394">
    <p class='ocr_par' dir='ltr' id='par_1_88' title="bbox 2163 4306 3758 4394">
     <span class='ocr_line' id='line_1_88' title="bbox 2163 4306 3758 4394; baseline -0.011 -16"><span class='ocrx_word' id='word_1_612' title='bbox 2163 4324 2274 4387; x_wconf 82' lang='grc' dir='ltr'><strong>νὸς,</strong></span> <span class='ocrx_word' id='word_1_613' title='bbox 2305 4324 2447 4394; x_wconf 85' lang='grc' dir='ltr'><strong>ὑπὲρ</strong></span> <span class='ocrx_word' id='word_1_614' title='bbox 2478 4320 2588 4375; x_wconf 84' lang='grc' dir='ltr'><strong>τῶν</strong></span> <span class='ocrx_word' id='word_1_615' title='bbox 2630 4315 3015 4389; x_wconf 80' lang='grc' dir='ltr'><strong>’ίσοκρατικῶν</strong></span> <span class='ocrx_word' id='word_1_616' title='bbox 3043 4315 3324 4379; x_wconf 84' lang='grc' dir='ltr'><strong>ἁπάντων,</strong></span> <span class='ocrx_word' id='word_1_617' title='bbox 3362 4306 3551 4383; x_wconf 80' lang='grc' dir='ltr'><strong>οἶμαι,</strong></span> <span class='ocrx_word' id='word_1_618' title='bbox 3572 4310 3758 4381; x_wconf 77' lang='grc' dir='ltr'><strong>λέγων</strong></span> 
     </span>
    </p>
   </div>
   <div class='ocr_carea' id='block_1_89' title="bbox 455 4403 2048 4490">
    <p class='ocr_par' dir='ltr' id='par_1_89' title="bbox 455 4412 2046 4490">
     <span class='ocr_line' id='line_1_89' title="bbox 455 4412 2046 4490; baseline 0.004 -23"><span class='ocrx_word' id='word_1_619' title='bbox 455 4426 529 4477; x_wconf 77' lang='lat' dir='ltr'><strong>ne</strong></span> <span class='ocrx_word' id='word_1_620' title='bbox 592 4428 715 4469; x_wconf 91' lang='lat' dir='ltr'><strong>cum</strong></span> <span class='ocrx_word' id='word_1_621' title='bbox 747 4412 1112 4469; x_wconf 82' lang='lat' dir='ltr'><strong>Demosthene</strong></span> <span class='ocrx_word' id='word_1_622' title='bbox 1139 4429 1246 4469; x_wconf 91' lang='lat' dir='ltr'><strong>non</strong></span> <span class='ocrx_word' id='word_1_623' title='bbox 1277 4416 1701 4484; x_wconf 89' lang='lat' dir='ltr'><strong>postremasillis</strong></span> <span class='ocrx_word' id='word_1_624' title='bbox 1725 4417 1902 4490; x_wconf 90' lang='lat' dir='ltr'><strong>dare),</strong></span> <span class='ocrx_word' id='word_1_625' title='bbox 1924 4420 2001 4474; x_wconf 90' lang='lat' dir='ltr'><strong>ait</strong></span> <span class='ocrx_word' id='word_1_626' title='bbox 2031 4435 2046 4473; x_wconf 92' lang='lat'><strong>:</strong></span> 
     </span>
    </p>
   </div>
   <div class='ocr_carea' id='block_1_90' title="bbox 2153 4403 3760 4490">
    <p class='ocr_par' dir='ltr' id='par_1_90' title="bbox 2159 4403 3760 4490">
     <span class='ocr_line' id='line_1_90' title="bbox 2159 4403 3760 4490; baseline -0.011 -19"><span class='ocrx_word' id='word_1_627' title='bbox 2159 4415 2339 4490; x_wconf 76' lang='grc' dir='ltr'><strong>(τοῦτο</strong></span> <span class='ocrx_word' id='word_1_628' title='bbox 2359 4415 2467 4484; x_wconf 84' lang='grc' dir='ltr'><strong>γάρ</strong></span> <span class='ocrx_word' id='word_1_629' title='bbox 2496 4414 2612 4465; x_wconf 81' lang='grc' dir='ltr'><strong>ἐστι</strong></span> <span class='ocrx_word' id='word_1_630' title='bbox 2640 4410 2701 4465; x_wconf 84' lang='grc' dir='ltr'><strong>τὸ</strong></span> <span class='ocrx_word' id='word_1_631' title='bbox 2733 4410 2792 4462; x_wconf 82' lang='grc' dir='ltr'><strong>ἐν</strong></span> <span class='ocrx_word' id='word_1_632' title='bbox 2819 4410 2885 4479; x_wconf 80' lang='grc' dir='ltr'><strong>τῇ</strong></span> <span class='ocrx_word' id='word_1_633' title='bbox 2903 4407 2926 4438; x_wconf 69' lang='grc'>⁸</span> <span class='ocrx_word' id='word_1_634' title='bbox 2955 4406 3092 4478; x_wconf 82' lang='grc' dir='ltr'><strong>πρὸς</strong></span> <span class='ocrx_word' id='word_1_635' title='bbox 3114 4405 3207 4460; x_wconf 80' lang='grc' dir='ltr'><strong>τὸν</strong></span> <span class='ocrx_word' id='word_1_636' title='bbox 3232 4403 3593 4474; x_wconf 77' lang='grc' dir='ltr'><strong>Δημοσθένην</strong></span> <span class='ocrx_word' id='word_1_637' title='bbox 3616 4417 3760 4470; x_wconf 85' lang='grc' dir='ltr'><strong>συγ-</strong></span> 
     </span>
    </p>
   </div>
   <div class='ocr_carea' id='block_1_91' title="bbox 455 4505 2049 4580">
    <p class='ocr_par' dir='ltr' id='par_1_91' title="bbox 455 4505 2049 4580">
     <span class='ocr_line' id='line_1_91' title="bbox 455 4505 2049 4580; baseline 0.003 -18"><span class='ocrx_word' id='word_1_638' title='bbox 455 4505 819 4562; x_wconf 81' lang='lat' dir='ltr'><strong>Demouhenis</strong></span> <span class='ocrx_word' id='word_1_639' title='bbox 853 4509 1065 4577; x_wconf 72' lang='lat' dir='ltr'><strong>quidem</strong></span> <span class='ocrx_word' id='word_1_640' title='bbox 1094 4508 1360 4562; x_wconf 75' lang='lat' dir='ltr'><strong>orationes</strong></span> <span class='ocrx_word' id='word_1_641' title='bbox 1388 4508 1619 4564; x_wconf 79' lang='lat' dir='ltr'><strong>militum</strong></span> <span class='ocrx_word' id='word_1_642' title='bbox 1643 4510 1855 4580; x_wconf 76' lang='lat' dir='ltr'><strong>corpori</strong></span> <span class='ocrx_word' id='word_1_643' title='bbox 1896 4514 2049 4567; x_wconf 73' lang='lat' dir='ltr'><strong>simi-</strong></span> 
     </span>
    </p>
   </div>
   <div class='ocr_carea' id='block_1_92' title="bbox 455 4595 2045 4673">
    <p class='ocr_par' dir='ltr' id='par_1_92' title="bbox 455 4595 2045 4673">
     <span class='ocr_line' id='line_1_92' title="bbox 455 4595 2045 4673; baseline 0.004 -23"><span class='ocrx_word' id='word_1_644' title='bbox 455 4595 533 4659; x_wconf 74' lang='lat' dir='ltr'><strong>les</strong></span> <span class='ocrx_word' id='word_1_645' title='bbox 573 4599 802 4651; x_wconf 73' lang='lat' dir='ltr'><strong>maxime</strong></span> <span class='ocrx_word' id='word_1_646' title='bbox 854 4597 1038 4664; x_wconf 76' lang='lat' dir='ltr'><strong>videri,</strong></span> <span class='ocrx_word' id='word_1_647' title='bbox 1082 4595 1340 4652; x_wconf 77' lang='lat' dir='ltr'><strong>Isocratis</strong></span> <span class='ocrx_word' id='word_1_648' title='bbox 1368 4615 1487 4654; x_wconf 86' lang='lat' dir='ltr'><strong>vero</strong></span> <span class='ocrx_word' id='word_1_649' title='bbox 1527 4599 1850 4656; x_wconf 78' lang='lat' dir='ltr'><strong>athletarum</strong></span> <span class='ocrx_word' id='word_1_650' title='bbox 1910 4601 2045 4673; x_wconf 71' lang='lat' dir='ltr'><strong>(l2).</strong></span> 
     </span>
    </p>
   </div>
   <div class='ocr_carea' id='block_1_93' title="bbox 2157 4495 3755 4579">
    <p class='ocr_par' dir='ltr' id='par_1_93' title="bbox 2157 4495 3755 4579">
     <span class='ocr_line' id='line_1_93' title="bbox 2157 4495 3755 4579; baseline -0.009 -18"><span class='ocrx_word' id='word_1_651' title='bbox 2157 4507 2338 4579; x_wconf 87' lang='grc' dir='ltr'><strong>κρίσει</strong></span> <span class='ocrx_word' id='word_1_652' title='bbox 2374 4504 2450 4575; x_wconf 88' lang='grc' dir='ltr'><strong>μὴ</strong></span> <span class='ocrx_word' id='word_1_653' title='bbox 2483 4504 2553 4557; x_wconf 78' lang='grc' dir='ltr'><strong>τὰ</strong></span> <span class='ocrx_word' id='word_1_654' title='bbox 2587 4503 2777 4574; x_wconf 78' lang='grc' dir='ltr'><strong>πόρῤω</strong></span> <span class='ocrx_word' id='word_1_655' title='bbox 2798 4501 2981 4561; x_wconf 79' lang='grc' dir='ltr'><strong>αὐτοῖς</strong></span> <span class='ocrx_word' id='word_1_656' title='bbox 3033 4496 3368 4567; x_wconf 83' lang='grc' dir='ltr'><strong>παρασχεῖν)</strong></span> <span class='ocrx_word' id='word_1_657' title='bbox 3404 4495 3547 4566; x_wconf 74' lang='grc' dir='ltr'><strong>φησὶ</strong></span> <span class='ocrx_word' id='word_1_658' title='bbox 3600 4495 3755 4557; x_wconf 80' lang='grc' dir='ltr'><strong>τοὺς</strong></span> 
     </span>
    </p>
   </div>
   <div class='ocr_carea' id='block_1_94' title="bbox 2151 4586 3761 4670">
    <p class='ocr_par' dir='ltr' id='par_1_94' title="bbox 2151 4586 3761 4670">
     <span class='ocr_line' id='line_1_94' title="bbox 2151 4586 3761 4670; baseline -0.01 -16"><span class='ocrx_word' id='word_1_659' title='bbox 2151 4599 2270 4670; x_wconf 79' lang='grc' dir='ltr'><strong>μὲν</strong></span> <span class='ocrx_word' id='word_1_660' title='bbox 2319 4593 2802 4668; x_wconf 71' lang='grc' dir='ltr'><strong>Δημοσθενικοὺς</strong></span> <span class='ocrx_word' id='word_1_661' title='bbox 2842 4592 3069 4661; x_wconf 75' lang='grc' dir='ltr'><strong>λόγους</strong></span> <span class='ocrx_word' id='word_1_662' title='bbox 3107 4589 3231 4655; x_wconf 86' lang='grc' dir='ltr'><strong>τοῖς</strong></span> <span class='ocrx_word' id='word_1_663' title='bbox 3278 4586 3400 4642; x_wconf 78' lang='grc' dir='ltr'><strong>τῶν</strong></span> <span class='ocrx_word' id='word_1_664' title='bbox 3455 4602 3761 4655; x_wconf 74' lang='grc' dir='ltr'><strong>στρατιωο</strong></span> 
     </span>
    </p>
   </div>
   <div class='ocr_carea' id='block_1_95' title="bbox 542 4758 2430 4815">
    <p class='ocr_par' dir='ltr' id='par_1_95' title="bbox 542 4758 2430 4815">
     <span class='ocr_line' id='line_1_95' title="bbox 542 4758 2430 4815; baseline 0.003 -6"><span class='ocrx_word' id='word_1_665' title='bbox 542 4804 547 4809; x_wconf 87' lang='grc'><strong>.</strong></span> <span class='ocrx_word' id='word_1_666' title='bbox 1738 4759 1979 4815; x_wconf 64' lang='lat' dir='ltr'><strong>VARI/{&#39;3</strong></span> <span class='ocrx_word' id='word_1_667' title='bbox 2016 4758 2430 4815; x_wconf 84' lang='lat' dir='ltr'><strong>LECTIONES.</strong></span> 
     </span>
    </p>
   </div>
   <div class='ocr_carea' id='block_1_96' title="bbox 529 4834 3764 4922">
    <p class='ocr_par' dir='ltr' id='par_1_96' title="bbox 529 4834 3764 4922">
     <span class='ocr_line' id='line_1_96' title="bbox 529 4834 3764 4922; baseline 0.003 -25"><span class='ocrx_word' id='word_1_668' title='bbox 529 4844 576 4922; x_wconf 79' lang='lat'><strong>&#39;_&#39;</strong></span> <span class='ocrx_word' id='word_1_669' title='bbox 603 4844 787 4922; x_wconf 78' lang='grc' dir='ltr'><strong>λαϐεῖν</strong></span> <span class='ocrx_word' id='word_1_670' title='bbox 816 4844 950 4916; x_wconf 74' lang='grc' dir='ltr'><strong>φησὶ</strong></span> <span class='ocrx_word' id='word_1_671' title='bbox 965 4846 1107 4901; x_wconf 85' lang='grc' dir='ltr'><strong>κατά</strong></span> <span class='ocrx_word' id='word_1_672' title='bbox 1136 4865 1197 4912; x_wconf 84' lang='grc' dir='ltr'><strong>ς.</strong></span> <span class='ocrx_word' id='word_1_673' title='bbox 1273 4849 1319 4882; x_wconf 81' lang='grc'>⁹⁹</span> <span class='ocrx_word' id='word_1_674' title='bbox 1350 4865 1440 4905; x_wconf 90' lang='lat' dir='ltr'><strong>an.</strong></span> <span class='ocrx_word' id='word_1_675' title='bbox 1463 4849 1668 4922; x_wconf 79' lang='grc' dir='ltr'><strong>πολ).ήῖ</strong></span> <span class='ocrx_word' id='word_1_676' title='bbox 1744 4853 1759 4882; x_wconf 73' lang='grc' dir='ltr'><strong>ί</strong></span> <span class='ocrx_word' id='word_1_677' title='bbox 1787 4850 2107 4905; x_wconf 69' lang='grc' dir='ltr'><strong>διδάσκοντα</strong></span> <span class='ocrx_word' id='word_1_678' title='bbox 2130 4867 2190 4915; x_wconf 84' lang='grc' dir='ltr'><strong>ς.</strong></span> <span class='ocrx_word' id='word_1_679' title='bbox 2267 4851 2287 4880; x_wconf 84' lang='grc'>²</span> <span class='ocrx_word' id='word_1_680' title='bbox 2314 4848 2690 4919; x_wconf 82' lang='grc' dir='ltr'><strong>ἐνδραμόντων</strong></span> <span class='ocrx_word' id='word_1_681' title='bbox 2726 4862 2786 4909; x_wconf 82' lang='grc' dir='ltr'><strong>ς.</strong></span> <span class='ocrx_word' id='word_1_682' title='bbox 2862 4841 2884 4872; x_wconf 83' lang='grc'><em>³</em></span> <span class='ocrx_word' id='word_1_683' title='bbox 2912 4837 3330 4910; x_wconf 70' lang='grc' dir='ltr'><strong>προγενομένων</strong></span> <span class='ocrx_word' id='word_1_684' title='bbox 3355 4834 3764 4894; x_wconf 56' lang='lat' dir='ltr'><strong>Casaubon“-</strong></span> 
     </span>
    </p>
   </div>
   <div class='ocr_carea' id='block_1_97' title="bbox 458 4913 822 4989">
    <p class='ocr_par' dir='ltr' id='par_1_97' title="bbox 458 4913 822 4989">
     <span class='ocr_line' id='line_1_97' title="bbox 458 4913 822 4989; baseline -0.005 -18"><span class='ocrx_word' id='word_1_685' title='bbox 458 4913 485 4949; x_wconf 79' lang='grc'><strong>⁸</strong></span> <span class='ocrx_word' id='word_1_686' title='bbox 503 4917 572 4989; x_wconf 82' lang='grc' dir='ltr'><strong>τῇ</strong></span> <span class='ocrx_word' id='word_1_687' title='bbox 599 4915 726 4972; x_wconf 86' lang='lat' dir='ltr'><strong>add.</strong></span> <span class='ocrx_word' id='word_1_688' title='bbox 756 4917 822 4969; x_wconf 84' lang='lat' dir='ltr'><strong>A.</strong></span> 
     </span>
    </p>
   </div>
   <div class='ocr_carea' id='block_1_98' title="bbox 1922 5031 2157 5090">
    <p class='ocr_par' dir='ltr' id='par_1_98' title="bbox 1922 5031 2157 5090">
     <span class='ocr_line' id='line_1_98' title="bbox 1922 5031 2157 5090; baseline -0.009 -2"><span class='ocrx_word' id='word_1_689' title='bbox 1922 5031 2157 5090; x_wconf 66' lang='lat' dir='ltr'><strong>NOTE.</strong></span> 
     </span>
    </p>
   </div>
   <div class='ocr_carea' id='block_1_99' title="bbox 530 5153 1844 5226">
    <p class='ocr_par' dir='ltr' id='par_1_99' title="bbox 530 5153 1844 5226">
     <span class='ocr_line' id='line_1_99' title="bbox 530 5153 1844 5226; baseline -0.001 -16"><span class='ocrx_word' id='word_1_690' title='bbox 530 5154 609 5225; x_wconf 85' lang='lat'><strong>(6)</strong></span> <span class='ocrx_word' id='word_1_691' title='bbox 634 5154 769 5211; x_wconf 82' lang='lat' dir='ltr'><strong>Vide</strong></span> <span class='ocrx_word' id='word_1_692' title='bbox 798 5154 1018 5226; x_wconf 82' lang='lat' dir='ltr'><strong>Dionys.</strong></span> <span class='ocrx_word' id='word_1_693' title='bbox 1048 5153 1328 5226; x_wconf 84' lang='lat' dir='ltr'><strong>Halicarn.</strong></span> <span class='ocrx_word' id='word_1_694' title='bbox 1353 5154 1555 5210; x_wconf 84' lang='lat' dir='ltr'><strong>Crilica</strong></span> <span class='ocrx_word' id='word_1_695' title='bbox 1583 5164 1637 5226; x_wconf 86' lang='lat' dir='ltr'><strong>et</strong></span> <span class='ocrx_word' id='word_1_696' title='bbox 1663 5154 1844 5226; x_wconf 82' lang='lat' dir='ltr'><strong>Cicer.</strong></span> 
     </span>
    </p>
   </div>
   <div class='ocr_carea' id='block_1_100' title="bbox 2143 5142 3770 5219">
    <p class='ocr_par' dir='ltr' id='par_1_100' title="bbox 2143 5142 3770 5219">
     <span class='ocr_line' id='line_1_100' title="bbox 2143 5142 3770 5219; baseline -0.004 -18"><span class='ocrx_word' id='word_1_697' title='bbox 2143 5150 2286 5219; x_wconf 84' lang='lat' dir='ltr'><strong>quod</strong></span> <span class='ocrx_word' id='word_1_698' title='bbox 2355 5142 2706 5215; x_wconf 77' lang='lat' dir='ltr'><strong>Thucydides</strong></span> <span class='ocrx_word' id='word_1_699' title='bbox 2759 5144 3036 5219; x_wconf 80' lang='lat' dir='ltr'><strong>negotium</strong></span> <span class='ocrx_word' id='word_1_700' title='bbox 3096 5142 3457 5210; x_wconf 83' lang='lat' dir='ltr'><strong>destituerat,</strong></span> <span class='ocrx_word' id='word_1_701' title='bbox 3508 5142 3770 5199; x_wconf 83' lang='lat' dir='ltr'><strong>sedecim</strong></span> 
     </span>
    </p>
   </div>
   <div class='ocr_carea' id='block_1_101' title="bbox 532 5215 3034 5298">
    <p class='ocr_par' dir='ltr' id='par_1_101' title="bbox 532 5215 3034 5298">
     <span class='ocr_line' id='line_1_101' title="bbox 532 5215 3034 5298; baseline -0.001 -17"><span class='ocrx_word' id='word_1_702' title='bbox 648 5215 1752 5298; x_wconf 60' lang='lat' dir='ltr'><strong>Cumanus&#39;Ephorus(inquit_Diodorus</strong></span> <span class='ocrx_word' id='word_1_703' title='bbox 1794 5225 1887 5279; x_wconf 91' lang='lat' dir='ltr'><strong>lib.</strong></span> <span class='ocrx_word' id='word_1_704' title='bbox 1944 5238 2037 5277; x_wconf 72' lang='lat' dir='ltr'><strong>xv:</strong></span> <span class='ocrx_word' id='word_1_705' title='bbox 2147 5215 2417 5298; x_wconf 55' lang='lat' dir='ltr'><strong>annorum</strong></span> <span class='ocrx_word' id='word_1_706' title='bbox 2451 5215 3034 5298; x_wconf 56' lang='grc' dir='ltr'><strong>ιειιψυξνβεῖτεετίῃδίι-</strong></span> 
     </span>
    </p>
   </div>
   <div class='ocr_carea' id='block_1_102' title="bbox 459 5293 2035 5363">
    <p class='ocr_par' dir='ltr' id='par_1_102' title="bbox 459 5293 2035 5363">
     <span class='ocr_line' id='line_1_102' title="bbox 459 5293 2035 5363; baseline -0.006 -8"><span class='ocrx_word' id='word_1_707' title='bbox 459 5293 713 5355; x_wconf 71' lang='lat' dir='ltr'><strong>Biblioth.</strong></span> <span class='ocrx_word' id='word_1_708' title='bbox 752 5296 819 5351; x_wconf 89' lang='lat' dir='ltr'><strong>ad</strong></span> <span class='ocrx_word' id='word_1_709' title='bbox 859 5312 1058 5351; x_wconf 88' lang='lat' dir='ltr'><strong>annum</strong></span> <span class='ocrx_word' id='word_1_710' title='bbox 1110 5293 1357 5363; x_wconf 84' lang='lat' dir='ltr'><strong>Philippi</strong></span> <span class='ocrx_word' id='word_1_711' title='bbox 1384 5296 1476 5363; x_wconf 70' lang='lat' dir='ltr'><strong>xx)</strong></span> <span class='ocrx_word' id='word_1_712' title='bbox 1525 5293 1815 5349; x_wconf 87' lang='lat' dir='ltr'><strong>Historiam</strong></span> <span class='ocrx_word' id='word_1_713' title='bbox 1860 5309 2035 5358; x_wconf 85' lang='lat' dir='ltr'><strong>suam,</strong></span> 
     </span>
    </p>
   </div>
   <div class='ocr_carea' id='block_1_103' title="bbox 460 5365 2036 5437">
    <p class='ocr_par' dir='ltr' id='par_1_103' title="bbox 460 5365 2036 5437">
     <span class='ocr_line' id='line_1_103' title="bbox 460 5365 2036 5437; baseline -0.004 -14"><span class='ocrx_word' id='word_1_714' title='bbox 460 5382 586 5423; x_wconf 90' lang='lat' dir='ltr'><strong>cum</strong></span> <span class='ocrx_word' id='word_1_715' title='bbox 609 5370 675 5422; x_wconf 89' lang='lat' dir='ltr'><strong>ad</strong></span> <span class='ocrx_word' id='word_1_716' title='bbox 698 5366 942 5422; x_wconf 87' lang='lat' dir='ltr'><strong>Perinthi</strong></span> <span class='ocrx_word' id='word_1_717' title='bbox 965 5366 1416 5437; x_wconf 72' lang='lat' dir='ltr'><strong>oppugnationem</strong></span> <span class='ocrx_word' id='word_1_718' title='bbox 1442 5365 1796 5437; x_wconf 71' lang='lat' dir='ltr'><strong>pervenisset,</strong></span> <span class='ocrx_word' id='word_1_719' title='bbox 1820 5365 2036 5419; x_wconf 87' lang='lat' dir='ltr'><strong>desinit.</strong></span> 
     </span>
    </p>
   </div>
   <div class='ocr_carea' id='block_1_104' title="bbox 460 5435 2039 5499">
    <p class='ocr_par' dir='ltr' id='par_1_104' title="bbox 460 5435 2039 5499">
     <span class='ocr_line' id='line_1_104' title="bbox 460 5435 2039 5499; baseline -0.003 -7"><span class='ocrx_word' id='word_1_720' title='bbox 460 5437 513 5492; x_wconf 89' lang='lat' dir='ltr'><strong>ls</strong></span> <span class='ocrx_word' id='word_1_721' title='bbox 552 5438 606 5491; x_wconf 92' lang='lat' dir='ltr'><strong>in</strong></span> <span class='ocrx_word' id='word_1_722' title='bbox 642 5437 925 5493; x_wconf 88' lang='lat' dir='ltr'><strong>scribenda</strong></span> <span class='ocrx_word' id='word_1_723' title='bbox 950 5452 1012 5493; x_wconf 87' lang='lat' dir='ltr'><strong>ea</strong></span> <span class='ocrx_word' id='word_1_724' title='bbox 1042 5435 1549 5491; x_wconf 58' lang='lat' dir='ltr'><strong>ab&#39;Heraclidarum</strong></span> <span class='ocrx_word' id='word_1_725' title='bbox 1577 5435 1755 5490; x_wconf 88' lang='lat' dir='ltr'><strong>reditu</strong></span> <span class='ocrx_word' id='word_1_726' title='bbox 1790 5448 2039 5499; x_wconf 83' lang='lat' dir='ltr'><strong>exorsus,</strong></span> 
     </span>
    </p>
   </div>
   <div class='ocr_carea' id='block_1_105' title="bbox 461 5505 2042 5576">
    <p class='ocr_par' dir='ltr' id='par_1_105' title="bbox 461 5505 2042 5576">
     <span class='ocr_line' id='line_1_105' title="bbox 461 5505 2042 5576; baseline -0.001 -15"><span class='ocrx_word' id='word_1_727' title='bbox 461 5505 774 5562; x_wconf 74' lang='lat' dir='ltr'><strong>Graecorum</strong></span> <span class='ocrx_word' id='word_1_728' title='bbox 805 5519 861 5564; x_wconf 86' lang='lat' dir='ltr'><strong>et</strong></span> <span class='ocrx_word' id='word_1_729' title='bbox 895 5507 1258 5563; x_wconf 78' lang='lat' dir='ltr'><strong>Barbarorum</strong></span> <span class='ocrx_word' id='word_1_730' title='bbox 1290 5520 1376 5561; x_wconf 84' lang='lat' dir='ltr'><strong>res</strong></span> <span class='ocrx_word' id='word_1_731' title='bbox 1419 5514 1601 5576; x_wconf 77' lang='lat' dir='ltr'><strong>gestas</strong></span> <span class='ocrx_word' id='word_1_732' title='bbox 1633 5518 1902 5561; x_wconf 83' lang='lat' dir='ltr'><strong>annorum</strong></span> <span class='ocrx_word' id='word_1_733' title='bbox 1929 5505 2042 5560; x_wconf 85' lang='lat' dir='ltr'><strong>fer—</strong></span> 
     </span>
    </p>
   </div>
   <div class='ocr_carea' id='block_1_106' title="bbox 461 5576 1269 5647">
    <p class='ocr_par' dir='ltr' id='par_1_106' title="bbox 461 5576 1269 5647">
     <span class='ocr_line' id='line_1_106' title="bbox 461 5576 1269 5647; baseline -0.004 -16"><span class='ocrx_word' id='word_1_734' title='bbox 461 5591 551 5647; x_wconf 76' lang='lat' dir='ltr'><strong>me</strong></span> <span class='ocrx_word' id='word_1_735' title='bbox 579 5577 675 5632; x_wconf 85' lang='lat' dir='ltr'><strong>lOl</strong></span> <span class='ocrx_word' id='word_1_736' title='bbox 712 5578 863 5634; x_wconf 87' lang='lat' dir='ltr'><strong>libris</strong></span> <span class='ocrx_word' id='word_1_737' title='bbox 893 5576 962 5634; x_wconf 78' lang='lat'><strong>50</strong></span> <span class='ocrx_word' id='word_1_738' title='bbox 993 5576 1269 5647; x_wconf 63' lang='lat' dir='ltr'><strong>describit.</strong></span> 
     </span>
    </p>
   </div>
   <div class='ocr_carea' id='block_1_107' title="bbox 537 5644 2045 5718">
    <p class='ocr_par' dir='ltr' id='par_1_107' title="bbox 537 5644 2045 5718">
     <span class='ocr_line' id='line_1_107' title="bbox 537 5644 2045 5718; baseline -0.005 -14"><span class='ocrx_word' id='word_1_739' title='bbox 537 5647 895 5718; x_wconf 76' lang='lat' dir='ltr'><strong>(8)_Scriptor</strong></span> <span class='ocrx_word' id='word_1_740' title='bbox 923 5649 1016 5704; x_wconf 86' lang='lat' dir='ltr'><strong>ille</strong></span> <span class='ocrx_word' id='word_1_741' title='bbox 1057 5646 1147 5718; x_wconf 89' lang='lat' dir='ltr'><strong>(de</strong></span> <span class='ocrx_word' id='word_1_742' title='bbox 1176 5645 1523 5718; x_wconf 76' lang='lat' dir='ltr'><strong>Theopompo</strong></span> <span class='ocrx_word' id='word_1_743' title='bbox 1566 5644 1734 5702; x_wconf 80' lang='lat' dir='ltr'><strong>refert</strong></span> <span class='ocrx_word' id='word_1_744' title='bbox 1762 5644 1917 5701; x_wconf 91' lang='lat' dir='ltr'><strong>Diod.</strong></span> <span class='ocrx_word' id='word_1_745' title='bbox 1949 5644 2045 5718; x_wconf 69' lang='lat' dir='ltr'><strong>lib.</strong></span> 
     </span>
    </p>
   </div>
   <div class='ocr_carea' id='block_1_108' title="bbox 465 5714 2051 5791">
    <p class='ocr_par' dir='ltr' id='par_1_108' title="bbox 465 5714 2051 5791">
     <span class='ocr_line' id='line_1_108' title="bbox 465 5714 2051 5791; baseline -0.002 -15"><span class='ocrx_word' id='word_1_746' title='bbox 465 5714 560 5776; x_wconf 74' lang='grc' dir='ltr'><strong>ιιν</strong></span> <span class='ocrx_word' id='word_1_747' title='bbox 596 5714 915 5791; x_wconf 71' lang='grc' dir='ltr'><strong>ΒέὺίὶὁιΙι.)</strong></span> <span class='ocrx_word' id='word_1_748' title='bbox 949 5734 980 5777; x_wconf 90' lang='lat' dir='ltr'><strong>a</strong></span> <span class='ocrx_word' id='word_1_749' title='bbox 1012 5714 1200 5790; x_wconf 67' lang='lat' dir='ltr'><strong>praelio</strong></span> <span class='ocrx_word' id='word_1_750' title='bbox 1237 5717 1305 5776; x_wconf 78' lang='lat' dir='ltr'><strong>ad</strong></span> <span class='ocrx_word' id='word_1_751' title='bbox 1328 5714 1670 5789; x_wconf 78' lang='lat' dir='ltr'><strong>Cynbssema</strong></span> <span class='ocrx_word' id='word_1_752' title='bbox 1724 5731 1953 5777; x_wconf 81' lang='lat' dir='ltr'><strong>exorsus</strong></span> <span class='ocrx_word' id='word_1_753' title='bbox 1981 5714 2051 5773; x_wconf 83' lang='lat' dir='ltr'><strong>ad</strong></span> 
     </span>
    </p>
   </div>
   <div class='ocr_carea' id='block_1_109' title="bbox 2216 5256 3771 5360">
    <p class='ocr_par' dir='ltr' id='par_1_109' title="bbox 2216 5256 3771 5360">
     <span class='ocr_line' id='line_1_109' title="bbox 2216 5256 3771 5360; baseline -0.001 -17"><span class='ocrx_word' id='word_1_754' title='bbox 2329 5256 3307 5347; x_wconf 38' lang='lat' dir='ltr'><strong>Be&#39;nie‘t&#39;riiwlili&#39;usie;&#39;ﬁacedonicoru</strong></span> <span class='ocrx_word' id='word_1_755' title='bbox 3317 5302 3367 5341; x_wconf 92' lang='lat' dir='ltr'><strong>m</strong></span> <span class='ocrx_word' id='word_1_756' title='bbox 3395 5256 3583 5356; x_wconf 70' lang='lat' dir='ltr'><strong>regum</strong></span> <span class='ocrx_word' id='word_1_757' title='bbox 3619 5303 3771 5358; x_wconf 82' lang='lat' dir='ltr'><strong>pen-</strong></span> 
     </span>
    </p>
   </div>
   <div class='ocr_carea' id='block_1_110' title="bbox 2148 5359 2393 5413">
    <p class='ocr_par' dir='ltr' id='par_1_110' title="bbox 2148 5359 2393 5413">
     <span class='ocr_line' id='line_1_110' title="bbox 2148 5359 2393 5413; baseline -0.008 0"><span class='ocrx_word' id='word_1_758' title='bbox 2148 5359 2393 5413; x_wconf 88' lang='lat' dir='ltr'><strong>ultimus.</strong></span> 
     </span>
    </p>
   </div>
   <div class='ocr_carea' id='block_1_111' title="bbox 2247 5426 3496 5501">
    <p class='ocr_par' dir='ltr' id='par_1_111' title="bbox 2247 5426 3496 5501">
     <span class='ocr_line' id='line_1_111' title="bbox 2247 5426 3496 5501; baseline 0 -18"><span class='ocrx_word' id='word_1_759' title='bbox 2247 5431 2334 5501; x_wconf 73' lang='lat' dir='ltr'><strong>ill)</strong></span> <span class='ocrx_word' id='word_1_760' title='bbox 2355 5429 2607 5501; x_wconf 48' lang='lat' dir='ltr'><strong>Amynta“.</strong></span> <span class='ocrx_word' id='word_1_761' title='bbox 2636 5429 2731 5501; x_wconf 81' lang='lat' dir='ltr'><strong>filii</strong></span> <span class='ocrx_word' id='word_1_762' title='bbox 2763 5429 2934 5501; x_wconf 79' lang='lat' dir='ltr'><strong>patris</strong></span> <span class='ocrx_word' id='word_1_763' title='bbox 2960 5427 3256 5501; x_wconf 77' lang='lat' dir='ltr'><strong>Alexandri</strong></span> <span class='ocrx_word' id='word_1_764' title='bbox 3290 5426 3496 5501; x_wconf 71' lang='lat' dir='ltr'><strong>Magni.</strong></span> 
     </span>
    </p>
   </div>
   <div class='ocr_carea' id='block_1_112' title="bbox 2250 5497 3772 5568">
    <p class='ocr_par' dir='ltr' id='par_1_112' title="bbox 2250 5497 3772 5568">
     <span class='ocr_line' id='line_1_112' title="bbox 2250 5497 3772 5568; baseline 0.001 -15"><span class='ocrx_word' id='word_1_765' title='bbox 2250 5499 2334 5568; x_wconf 86' lang='lat' dir='ltr'><strong>l-l)</strong></span> <span class='ocrx_word' id='word_1_766' title='bbox 2368 5497 2522 5565; x_wconf 84' lang='lat' dir='ltr'><strong>Quod</strong></span> <span class='ocrx_word' id='word_1_767' title='bbox 2569 5507 2623 5552; x_wconf 91' lang='lat' dir='ltr'><strong>et</strong></span> <span class='ocrx_word' id='word_1_768' title='bbox 2651 5497 2917 5556; x_wconf 81' lang='lat' dir='ltr'><strong>Diodorus</strong></span> <span class='ocrx_word' id='word_1_769' title='bbox 2962 5508 3192 5555; x_wconf 88' lang='lat' dir='ltr'><strong>testatur</strong></span> <span class='ocrx_word' id='word_1_770' title='bbox 3223 5500 3313 5557; x_wconf 90' lang='lat' dir='ltr'><strong>lib.</strong></span> <span class='ocrx_word' id='word_1_771' title='bbox 3347 5515 3439 5554; x_wconf 78' lang='lat' dir='ltr'><strong>xvr</strong></span> <span class='ocrx_word' id='word_1_772' title='bbox 3484 5497 3772 5555; x_wconf 77' lang='lat' dir='ltr'><strong>Biblioth.</strong></span> 
     </span>
    </p>
   </div>
   <div class='ocr_carea' id='block_1_113' title="bbox 2152 5568 2894 5642">
    <p class='ocr_par' dir='ltr' id='par_1_113' title="bbox 2152 5568 2894 5642">
     <span class='ocr_line' id='line_1_113' title="bbox 2152 5568 2894 5642; baseline 0.001 -17"><span class='ocrx_word' id='word_1_773' title='bbox 2152 5568 2466 5642; x_wconf 31' lang='lat' dir='ltr'><strong>ad‘aimunr</strong></span> <span class='ocrx_word' id='word_1_774' title='bbox 2480 5568 2710 5642; x_wconf 83' lang='lat' dir='ltr'><strong>Philippi</strong></span> <span class='ocrx_word' id='word_1_775' title='bbox 2739 5587 2894 5642; x_wconf 75' lang='lat' dir='ltr'><strong>xvm.</strong></span> 
     </span>
    </p>
   </div>
   <div class='ocr_carea' id='block_1_114' title="bbox 2153 5638 3780 5771">
    <p class='ocr_par' dir='ltr' id='par_1_114' title="bbox 2153 5638 3780 5771">
     <span class='ocr_line' id='line_1_114' title="bbox 2225 5638 3780 5716; baseline 0.002 -22"><span class='ocrx_word' id='word_1_776' title='bbox 2225 5639 2338 5711; x_wconf 71' lang='grc'><strong>(12)</strong></span> <span class='ocrx_word' id='word_1_777' title='bbox 2372 5638 2766 5716; x_wconf 43' lang='lat' dir='ltr'><strong>Philippo—regi</strong></span> <span class='ocrx_word' id='word_1_778' title='bbox 2801 5641 3154 5700; x_wconf 80' lang='lat' dir='ltr'><strong>Macedonum</strong></span> <span class='ocrx_word' id='word_1_779' title='bbox 3186 5639 3291 5699; x_wconf 89' lang='lat' dir='ltr'><strong>hoc</strong></span> <span class='ocrx_word' id='word_1_780' title='bbox 3321 5638 3533 5698; x_wconf 86' lang='lat' dir='ltr'><strong>dictum</strong></span> <span class='ocrx_word' id='word_1_781' title='bbox 3561 5641 3780 5698; x_wconf 79' lang='lat' dir='ltr'><strong>tribuit</strong></span> 
     </span>
     <span class='ocr_line' id='line_1_115' title="bbox 2153 5710 2504 5771; baseline 0 -1"><span class='ocrx_word' id='word_1_782' title='bbox 2153 5710 2504 5771; x_wconf 81' lang='lat' dir='ltr'><strong>Plutarchus.</strong></span> 
     </span>
    </p>
   </div>
  </div>
