3932 6240
214 278 308 340 513

1224 276 1752 340 BIBLIOTHECA.
1773 299 1844 312 -
1880 274 2044 336 COD.
2073 276 2408 340 CLXXVII-

3365 269 3503 351 514,

214 386 325 441 τῶν
354 386 620 442 ἐοικέναι
641 390 914 460 μάλιστα
947 391 1209 461 σώμασι,
1243 391 1390 458 τοὺς
1407 390 1478 444 δὲ
1517 390 1777 459 Ἰσοκρα-

1905 391 2012 446 llud
2065 392 2296 459 clarum,
2341 390 2749 461 Theopompum
2801 388 3017 446 nemine
3051 401 3174 446 esse
3210 386 3467 444 Isocratis

212 480 416 547 τικοὺς
448 481 579 548 τοῖς
599 481 721 536 τῶν
745 481 1046 552 ἀθλητῶν.
1069 482 1237 555 Δῆλον
1271 483 1329 537 δὲ
1359 483 1434 547 ὡς
1462 483 1786 554 Θεόπομπος

212 573 423 637 οὐδενὸς
451 574 564 628 τῶν
631 574 1016 647 Ἰσοκρατικῶν
1067 577 1150 641 είς
1181 577 1308 640 τοὺς
1355 575 1549 645 λόγους
1592 576 1788 648 ἀτιμό-

214 682 390 734 τερος.

283 757 355 809 Τὸ
389 756 491 826 μὲν
521 751 615 810 οὖν
640 758 967 830 Θεοπόμπου
1000 759 1154 829 γένος
1183 759 1279 813 καὶ
1319 760 1355 830 ἡ
1385 758 1667 824 παίδευσις
1693 760 1788 813 καὶ

215 850 242 901 ὁ
264 847 589 912 διδάσκαλος
616 848 746 922 [205
774 850 867 924 Η.]
897 853 993 906 καὶ
1012 853 1062 905 oi
1092 851 1540 923 συνακμάσαντες
1592 853 1689 906 καὶ
1738 853 1788 907 οί

214 939 363 1008 λόγοι
394 941 490 993 καὶ
516 943 550 1012 ἡ
579 942 826 997 πολιτεία
849 946 945 1000 καὶ
985 946 1019 1016 ἡ
1040 946 1097 998 ἐν
1137 948 1253 1010 τοῖς
1301 945 1481 1013 λόγοις
1535 945 1649 999 ίδέα
1695 946 1791 999 καὶ

214 1032 560 1101 προαίρεσις,
594 1034 738 1088 κατὰ
778 1035 1125 1109 κεφαλαιώδη
1176 1038 1580 1108 ἀπαρίθμησιν,
1633 1037 1730 1093 καὶ
1754 1038 1785 1091 ὁ

215 1121 341 1176 καθ’
372 1123 433 1176 ὃν
459 1125 680 1195 ἤκμασε
710 1126 921 1197 χρόνος,
947 1127 1044 1181 καὶ
1093 1129 1196 1183 ὃσα
1254 1128 1405 1199 αὐτῷ
1444 1128 1784 1200 συνεκύρησε

213 1215 363 1268 κατά
391 1215 486 1267 τὸν
522 1214 660 1286 βίον,
694 1218 789 1269 ἐπὶ
808 1217 1082 1275 τοσοῦτον.

872 1309 1043 1365 ΡΟΖ’.

214 1397 537 1471 Θεοδώρου,
564 1397 914 1471 Ἀντιοχέως
936 1401 1088 1468 πρὸς
1112 1399 1256 1471 τοὺς
1272 1398 1564 1470 λέγοντας
1588 1405 1789 1471 φύσει,

351 1469 453 1522 καὶ
479 1470 553 1522 οὐ
589 1468 814 1540 γνώμῃ,
863 1471 1097 1524 πταίειν
1119 1470 1263 1538 τοὺς
1286 1468 1659 1541 ἀνθρώπούς.

286 1554 424 1627 [596
454 1555 549 1628 1L]
588 1557 932 1629 ’Λνεγνώσθη
956 1557 1159 1629 βιϐλίον
1179 1553 1296 1631 οὗή
1322 1560 1629 1634 ἐπιγραφὴ,
1653 1564 1791 1618 Θεο-

208 1644 410 1715 δώρου
427 1645 766 1717 Ἀντιοχέως
787 1650 809 1682 ⁸
834 1648 985 1717 πρὸς
1005 1650 1146 1717 τοὺς
1167 1650 1459 1723 λέγοντας
1473 1655 1675 1723 φύσει,
1693 1654 1795 1708 καὶ

1889 484 2279 554 discipulorum
2314 485 2368 538 in
2412 483 2641 538 dicendo
2673 481 3007 537 inferiorem.

1960 753 2234 812 Caeterum
2256 750 2589 822 Theopompi
2616 764 2810 822 genus,
2827 749 3240 817 institutionem,
3256 764 3463 819 praece-

1888 855 2120 915 ptorem,
2175 841 2434 911 aequales,
2472 840 2661 903 libros,
2691 839 2903 894 civilem
2942 837 3462 904 vitam,orationum

1888 934 2142 998 formam,
2166 942 2330 1002 atque
2363 932 2669 987 institutum
2697 930 3007 1001 singulatim
3031 932 3462 995 adnumerando,

1889 1026 2086 1098 quibus
2118 1025 2354 1094 denique
2404 1023 2734 1093 temporibus
2777 1024 3028 1094 viguerit,
3063 1039 3182 1094 quae
3212 1026 3340 1080 item
3387 1026 3465 1081 illi

1888 1118 1949 1173 in
1982 1118 2089 1173 vita
2119 1116 2465 1189 contigerint,
2494 1117 2754 1173 hactenus
2776 1118 3216 1187 exposuerimus.

2530 1292 2835 1349 CLXXVII.

1876 1380 2156 1444 Theodori
2188 1388 2497 1442 Antias/teni
2530 1386 2726 1442 Contra
2745 1394 3034 1441 asserentes
3066 1402 3279 1454 peccare
3295 1389 3468 1442 Itami-

2170 1474 2259 1512 ttes
2283 1467 2502 1522 natura,
2531 1475 2633 1511 non
2664 1457 2949 1521 voluntate,
2981 1456 3106 1511 libri
3134 1472 3187 1511 ν.

1961 1524 2182 1606 Lectum
2218 1559 2302 1604 est
2342 1563 2478 1618 opus
2508 1546 2779 1603 Theodori
2830 1545 3157 1601 Antiocheni
3186 1546 3205 1614 (
3239 1546 3327 1614 qui
3356 1545 3470 1599 Mo-

1894 1652 2148 1712 psuestus
2197 1641 2285 1695 ille
2314 1640 2602 1709 episcopus
2650 1645 2755 1702 est,
2799 1647 2858 1693 ut
2903 1654 2969 1694 ex
3000 1637 3118 1707 ejus
3150 1638 3469 1708 quibusdam

208 1739 285 1792 οὐ
310 1736 545 1807 γνώμῃ,
572 1741 814 1794 πταίειν
830 1741 972 1809 τοὺς
990 1743 1359 1814 ἀνθρώπους.
1380 1747 1796 1819 Διαπεραίνεται

1904 1734 2139 1804 epistolis
2173 1728 2525 1802 colligimus)
2564 1732 2665 1786 hoc
2707 1728 2863 1784 titulo
2895 1746 2910 1784 :
2955 1728 3153 1783 Contra
3185 1739 3470 1783 asserentes

214 1829 326 1899 μὲν
358 1829 509 1901 αὐτῷ
538 1831 567 1883 ὁ
596 1832 737 1903 προς
767 1832 963 1897 αὐτοὺς
994 1832 1146 1904 ἀγὼν
1170 1838 1228 1889 ἐν
1260 1836 1440 1906 λόγοις
1476 1844 1542 1905 ε’,
1576 1840 1713 1910 πρὸς
1739 1839 1796 1893 δὲ

208 1919 346 1982 τοὺς
375 1919 487 1972 ἀπὸ
524 1920 625 1990 τῆς
646 1919 860 1984 Δύσεως
895 1923 1050 1978 τοῦτο
1077 1925 1140 1978 τὸ
1183 1926 1397 1998 νόσημα
1438 1930 1798 1999 νενοσηκότας

209 2011 425 2082 γράφει
453 2011 518 2064 τὸ
552 2008 757 2083 βιϐλίον
788 2029 803 2044 ⁸
840 2007 917 2068 ὧν
957 2017 1052 2070 καὶ
1092 2018 1193 2089 τῆς
1241 2020 1506 2093 αἱρέσεως
1557 2023 1799 2094 ἀρχηγὸν

208 2103 369 2171 λέγει
401 2103 682 2173 γενέσθαι,
709 2106 920 2159 ἐκεῖθεν
957 2107 1056 2178 μὲν
1107 2111 1453 2182 ὁρμώμενον,
1474 2115 1586 2177 τοῖς
1609 2114 1665 2169 δέ
1699 2117 1799 2186 τῆς

212 2192 521 2263 ’Δνατολῆς
551 2195 983 2265 ἐπιχωριάζοντα
1033 2196 1242 2265 τόποις,
1297 2199 1391 2252 καὶ
1442 2200 1800 2254 συντάττοντα

208 2285 415 2354 λόγους
465 2285 606 2358 ὑπὲρ
654 2287 755 2356 τῆς
808 2289 1287 2361 καινοποιηθείσης
1340 2290 1492 2362 αὑτῷ
1536 2293 1800 2363 αἱρέσεως

208 2377 567 2446 διαπέμπειν
588 2378 704 2441 τοῖς
732 2377 792 2431 τὸ
812 2376 1069 2451 πατρῷον
1097 2380 1290 2449 ἔδαφος
1314 2383 1578 2451 οἰκοῦσιν,
1611 2386 1702 2454 ὑφ’
1725 2379 1801 2440 ὧν

210 2468 317 2521 καὶ
346 2467 581 2531 πολλοὺς
608 2467 719 2524 τῶν
748 2470 770 2502 ⁸
801 2470 982 2523 ἐκεῖσε
1032 2472 1169 2542 πρὸς
1197 2473 1259 2526 τὸ
1315 2476 1515 2529 οίκεϊον
1546 2477 1800 2547 φρόνημα

208 2558 474 2621 ἐλκῦσαι,
513 2559 591 2624 ὡς
621 2562 719 2614 καὶ
755 2560 1084 2634 Ἐκκλησίας
1131 2564 1260 2629 ὅλας
1309 2568 1404 2620 τοῦ
1448 2567 1801 2639 ἁτοπήματος

209 2650 608 2722 πληρωθῆναι.
631 2651 812 2723 Ἀρὰμ
841 2653 898 2707 δὲ
924 2654 1018 2708 τὸν
1068 2657 1312 2728 ἀρχηγὸν
1356 2659 1537 2714 αὐτῶν
1580 2662 1662 2733 (οὐ
1692 2660 1801 2733 γὰρ

208 2741 331 2813 ἔχω
375 2742 568 2810 σαφῶς
595 2746 795 2814 εἰπεῖν)
828 2745 938 2799 εἴτε
973 2747 1228 2818 ὀνομάζει
1285 2749 1395 2803 εἴτε
1451 2751 1799 2823 ἐπονομάζει.

209 2833 429 2887 Τοῦτον
458 2833 518 2887 δὲ
547 2833 804 2904 πέμπτον
822 2836 1151 2905 Εὐαγγέλιον
1166 2840 1612 2909 προσαναπλάσαι
1632 2842 1800 2911 λέγει,

207 2926 269 2979 ἐν
309 2927 440 2989 ταῖς
466 2925 729 2982 Εὐσεὸίου
756 2926 851 2986 τοῦ
888 2929 1242 2989 Ιιαλαιστινοῦ
1273 2930 1643 3004 βιϐλιοθήκαις
1679 2936 1805 2991 ὑποο

209 3014 596 3085 πλαττόμενον
630 3018 812 3089 εὑρεῖν
837 3035 852 3057 '
882 3022 979 3076 καὶ
1006 3021 1329 3077 ἀπώσασθαι
1381 3023 1481 3094 μὲν
1529 3026 1629 3097 τῆς
1651 3026 1802 3091 θείας

211 3108 310 3160 καὶ
339 3079 602 3171 Παλαιᾶς
634 3079 860 3180 Γραφῆς
897 3111 964 3181 ἣν
990 3114 1039 3165 οἱ
1071 3079 1472 3186 Ἐϐδομήκοντα
1506 3079 1800 3186 auitam)»:-
1825 3079 1873 3143 ο

211 3200 377 3265 θότες
400 3200 748 3255 ἐπιδεδώκασι
787 3203 1151 3274 μετάφρασιν,
1186 3207 1282 3260 καὶ
1312 3205 1376 3277 δὴ
1408 3207 1501 3261 καὶ
1531 3208 1632 3279 τὴν
1655 3209 1802 3279 Συμ-

213 3295 401 3365 μάχου
430 3293 531 3346 καὶ
578 3292 785 3347 Ἀκύλα
815 3295 1041 3349 καὶτῶν
1068 3296 1265 3362 ἄλλων,
1298 3298 1436 3352 ἰδίαν
1459 3299 1518 3353 δέ
1546 3317 1669 3353 τινα
1710 3300 1804 3355 καὶ

208 3385 420 3456 καινὴν
493 3385 805 3454 ἐπαρθῆναι
872 3387 1127 3452 συντάξαι
1183 3390 1321 3460 μήτε
1379 3389 1477 3459 τὴν
1537 3390 1804 3462 Ἑϐραίων

210 3474 416 3546 ὥσπερ
430 3476 638 3529 ἐκεῖνοι
652 3477 717 3531 ἐκ
733 3477 923 3541 παιδὸς
937 3478 1245 3548 ἀσκηθέντα
1265 3481 1402 3550 μήτε
1423 3481 1513 3535 τὸν
1536 3483 1636 3551 τῆς
1656 3482 1806 3545 θείας

206 3568 252 3622 Γ
257 3569 458 3640 ραφῆς
497 3571 627 3621 νοῦν
684 3569 1087 3640 ἐκδιδαχθέντα,
1130 3571 1400 3641 Ἐϐραίων
1442 3573 1500 3628 δέ
1557 3591 1670 3627 τισι
1697 3574 1808 3628 τῶν

210 3658 595 3730 χαμαιπετῶν
652 3660 845 3714 ἐαυτὸν
879 3661 1211 3717 ἐκδεδωκότα
1269 3664 1481 3719 ἐκεῖθεν
1534 3664 1806 3737 θαρρῆσαι

213 3752 365 3805 ἰδίαν
391 3750 615 3805 ἔκδοσιν
645 3751 1001 3822 ἀναγράφειν.
1037 3754 1195 3807 Ἔστι
1215 3754 1272 3808 δὲ
1302 3755 1372 3808 τὰ
1396 3757 1494 3826 τῆς
1545 3757 1809 3828 αἱρέσεως

210 3840 439 3907 αὐτοῖς,
466 3840 548 3903 ὡς
578 3840 637 3893 ἐν
656 3840 939 3912 κεφαλαίῳ
963 3842 1151 3910 φάναι,
1174 3842 1348 3899 ταῦτα
1366 3860 1383 3876 ο
1415 3846 1600 3911 Φύσει,
1623 3846 1720 3899 καὶ⁸
1747 3846 1806 3900 οὐ

209 3931 450 4004 γνώμῃ,
480 3931 700 3985 πταίειν
728 3934 895 4002 φασὶτ
926 3934 1053 3998 τοὺς
1082 3935 1427 4006 ἀνθρώπους,
1469 3936 1627 4007 φύσει
1653 3938 1712 3992 δὲ
1748 3940 1809 3992 οὐ

211 4026 342 4078 κατ’
370 4022 604 4094 ἐκείνην
626 4024 684 4076 ἐν
722 4018 917 4098 ᾖκατά
958 4025 1180 4091 πρώτας
1225 4028 1652 4099 δημιουργηθεὶς
1708 4030 1813 4083 ὐπ-

211 4117 356 4187 io?!)
381 4118 416 4170 ὁ
449 4115 627 4188 Ἀδὰμ
647 4117 880 4188 (ἐκείνην
908 4118 1017 4191 γὰρ
1038 4120 1247 4191 ἀγαθὴν
1267 4121 1470 4188 ἀγαθοῦ
1492 4123 1626 4177 Θεοῦ
1649 4124 1809 4196 ποίη-

215 4226 302 4281 μα
324 4205 507 4264 οὖσάν
532 4209 742 4281 φασιν),
766 4208 903 4264 ἀλλά
925 4211 1045 4265 κατ’
1069 4212 1285 4284 ἐκείνην
1303 4214 1370 4285 ῆν
1390 4213 1616 4285 ὕστερον
1633 4216 1812 4287 ἀμαρ-

1896 1843 2110 1897 peccare
2139 1826 2372 1880 homines
2404 1833 2621 1886 natura,
2645 1838 2749 1877 non
2774 1821 3059 1876 uoluntate.
3084 1821 3157 1876 Ea
3182 1821 3473 1890 disputatio

1897 1921 2135 1991 quinque
2182 1918 2337 1974 libris
2380 1918 2699 1982 absolvitur,
2743 1933 2878 1987 quos
2921 1919 3177 1974 adversus
3209 1916 3473 1973 Occiden-

1900 2013 2033 2067 tales
2062 2013 2165 2067 hac
2192 2012 2309 2067 labe
2330 2012 2559 2068 infectos
2588 2012 2826 2079 scripsit.
2854 2009 2984 2065 Inde
3011 2014 3153 2066 enim
3183 2010 3471 2066 oriundum

1897 2104 2123 2158 haeresis
2150 2102 2311 2172 hujus
2327 2110 2602 2157 auctorem
2633 2102 2684 2155 in
2708 2099 2948 2157 Orientis
2976 2099 3133 2156 modo
3166 2099 3476 2169 regionibus

1897 2197 2127 2262 versari,
2162 2194 2437 2265 librosque
2463 2196 2528 2250 de
2551 2208 2741 2250 recens
2763 2195 2830 2249 ab
2862 2208 2920 2250 se
2946 2194 3252 2265 excogitata
3280 2192 3471 2248 haeresi

1900 2287 2225 2357 compositos
2258 2288 2324 2342 ad
2349 2286 2634 2358 populares
2666 2301 2795 2341 suos
2839 2285 2892 2339 in
2923 2284 3153 2355 patriam
3192 2283 3474 2339 transmit-

1901 2387 2015 2434 tere
2062 2387 2267 2445 narrat,
2300 2388 2361 2434 ut
2382 2379 2491 2449 jam
2519 2379 2591 2433 ibi
2641 2378 2837 2433 multos
2884 2391 2982 2446 per
3031 2377 3174 2431 hanc
3211 2386 3385 2431 artem
3420 2376 3472 2429 in

1901 2486 2054 2526 suam
2113 2473 2441 2542 pertraxerit
2495 2471 2821 2527 sententiam
2858 2510 2874 2537 ,
2938 2470 3288 2539 integrosque
3339 2469 3475 2522 adeo

1900 2564 2173 2620 Ecclesias
2198 2564 2451 2620 absurdis
2480 2564 2586 2620 illis
2616 2564 2876 2620 imbuerit
2902 2562 3267 2634 opinionibus.
3310 2563 3472 2616 Aram

1898 2668 2030 2710 vero
2068 2656 2278 2710 illorum
2309 2656 2570 2711 librorum
2617 2664 2890 2712 auctorem
2932 2657 3047 2711 sive
3095 2654 3334 2718 nomine,
3361 2654 3477 2708 sive

1902 2746 2221 2819 cognomine
2266 2747 2419 2816 (15),
2474 2748 2737 2801 incertum
2800 2747 3052 2816 appellat.
3102 2746 3256 2801 Hunc
3311 2746 3473 2801 etiam

1902 2840 2149 2909 quintum
2200 2838 2548 2909 Evangelium
2603 2838 2961 2903 conﬁnxisse,
3010 2838 3248 2907 illudque
3301 2852 3361 2893 se
3418 2837 3475 2892 in

1902 2929 2117 2986 Eusebii
2149 2929 2421 2985 Palaestini
2449 2929 2808 2985 Bibliothccis
2838 2936 3103 2998 reperisse
3128 2931 3223 2984 ait.
3254 2928 3477 2998 Rejecta

1902 3031 2160 3091 praterea
2215 3021 2381 3075 divini
2433 3035 2497 3076 ac
2541 3022 2752 3076 Veteris
2800 3020 3131 3077 Testamenti
3179 3023 3419 3077 versione
3457 3039 3473 3088 ;

1903 3127 2064 3182 quam
2106 3110 2455 3181 Septuaginta
2507 3114 2831 3182 interpretes
2877 3114 3035 3167 simul
3098 3114 3478 3169 convenientes

1903 3202 2210 3269 ediderunt,
2251 3213 2309 3257 ut
2340 3211 2395 3257 et
2433 3203 2768 3275 Symmachi,
2798 3213 2854 3259 et
2880 3205 3106 3273 Aquila,
3142 3205 3476 3275 aliorumque

1904 3292 2367 3360 interpretatione,
2386 3295 2655 3363 propriam
2687 3296 2973 3364 quamdam
2997 3312 3149 3350 suam
3178 3310 3478 3365 novamque

1910 3383 2102 3453 122a
2132 3385 2401 3439 conficere
2431 3400 2620 3438 ausum
2654 3404 2668 3440 :
2695 3401 2817 3439 cum
2844 3401 3015 3457 neque
3066 3387 3338 3442 Hebraicae
3369 3388 3476 3441 lin-

1906 3491 2042 3544 gum,
2066 3484 2124 3529 ut
2144 3475 2239 3542 illi,
2254 3491 2282 3529 a
2310 3490 2478 3546 puero
2496 3478 2844 3542 assuevisset,
2863 3492 3037 3547 neque
3058 3487 3289 3533 tuentem
3311 3493 3479 3535 sacra:

1908 3568 2202 3640 Scriptura:
2239 3570 2515 3625 didicisset
2548 3589 2562 3625 :
2598 3570 2841 3625 Hebraeis
2866 3571 3236 3626 tantummodo
3256 3571 3479 3642 quibus-

1909 3661 2029 3715 dam
2076 3660 2300 3731 ahjectze
2335 3661 2498 3716 sortis
2529 3662 2583 3715 in
2611 3662 2951 3732 disciplinam
2987 3677 3046 3719 se
3072 3662 3375 3726 tradidisse,
3398 3672 3479 3718 at-

1908 3768 2013 3824 que
2061 3752 2186 3808 hinc
2218 3753 2489 3822 pr0priam
2529 3753 2631 3808 sibi
2669 3753 2958 3811 editionem
3001 3754 3344 3809 conscribere
3393 3768 3479 3822 ag-

1909 3862 2173 3917 gressum.
2211 3845 2387 3901 Se‘cta
2423 3860 2554 3900 vero
2588 3845 2732 3901 illius
2767 3861 2975 3902 summa
3004 3847 3177 3915 capita
3207 3847 3320 3903 haec
3368 3847 3481 3902 fere

1910 3947 2038 3992 sunt
2090 3936 2346 3994 Homines
2424 3946 2615 3993 natura
2665 3978 2682 4006 ,
2739 3954 2844 3994 non
2901 3940 3175 3996 voluntate
3233 3956 3477 4011 peccare.

1912 4027 2136 4095 Natura,
2192 4028 2412 4098 inquam
2440 4067 2456 4095 ,
2512 4044 2616 4082 non
2664 4044 2727 4082 ea
2758 4030 3171 4098 quapraeditus
3218 4029 3288 4086 ab
3327 4032 3481 4086 initio

1913 4123 2269 4192 conditusque
2297 4130 2381 4176 est
2427 4122 2600 4175 Adam
2656 4122 2822 4194 (illam
2855 4123 3000 4177 enim
3032 4122 3249 4188 bonam,
3274 4133 3330 4180 et
3356 4126 3481 4180 boni

1911 4211 2004 4268 Dei
2036 4227 2170 4281 opus
2209 4227 2331 4268 esse
2357 4212 2651 4285 asserunt),
2670 4213 2763 4268 sed
2791 4228 2852 4267 ea
2878 4229 3036 4283 quam
3067 4225 3183 4284 post
3205 4226 3480 4285 peccatum

207 4300 406 4372 ςήσας
460 4298 842 4371 ἐκληρώσατο,
885 4304 952 4374 τῇ
992 4304 1125 4373 περὶ
1176 4304 1237 4357 τὸ
1274 4306 1444 4360 κακὸν
1475 4306 1673 4377 πράξει
1716 4307 1799 4360 καλ

1913 4301 2138 4369 adeptus
2178 4300 2252 4354 sit
2293 4317 2309 4366 ;
2365 4301 2580 4369 quando
2630 4316 2727 4372 per
2780 4302 3274 4371 praevaricationem
3323 4314 3484 4374 atque

210 4390 490 4461 ἁμαρτίᾳ
514 4391 697 4460 κακήν
754 4408 815 4443 τε
842 4392 958 4445 ἀντ’
998 4393 1214 4464 ἀγαθῆς
1250 4394 1559 4476 ὲαυτῷἤκαὶ
1612 4397 1799 4471 θνητὴι

1914 4399 2189 4461 peccatum
2229 4391 2426 4444 malam
2485 4406 2583 4462 pro
2630 4392 2791 4457 bona,
2828 4392 3216 4462 mortalemque
3252 4408 3348 4464 pro
3382 4392 3485 4446 im-

206 4481 354 4537 dv't'l.
374 4481 483 4551 τῆς
501 4480 775 4535 ἀθανάτου
798 4483 1170 4553 ἀλλαξάμενος
1190 4500 1204 4515 ο
1235 4485 1405 4557 ταύτῃ
1425 4472 1506 4540 τοι
1527 4488 1622 4542 καὶ
1646 4490 1799 4558 φύσει

1915 4483 2127 4538 mortali
2172 4484 2540 4539 commutavit.
2602 4481 2714 4538 Hac
2776 4484 2973 4553 quippe
3024 4484 3231 4539 ratione
3293 4493 3481 4537 natura

208 4573 543 4641 γεγονότας
572 4573 777 4638 κακοὺς
801 4575 865 4628 ἐκ
892 4574 988 4628 τοῦ
1007 4575 1304 4647 ὑποστῆναι
1356 4576 1516 4647 φύσει
1544 4579 1799 4652 πρότεροι

1915 4589 2130 4644 quoque
2176 4574 2452 4643 improbos
2495 4571 2741 4638 enectos,
2788 4574 2877 4644 qui
2927 4583 3084 4627 antea
3132 4583 3319 4626 natura
3359 4572 3483 4626 boni

209 4665 503 4735 ἀγαθοὺς,
534 4666 597 4718 ἐν
624 4668 690 4737 τῇ
711 4652 893 4735 φύσει,
919 4670 1015 4723 καὶ
1042 4669 1144 4723 οὐκ
1176 4671 1234 4722 ἐν
1257 4672 1324 4742 τῇ
1346 4648 1689 4740 προαιρέσει,
1716 4648 1799 4727 κε-

1919 4664 2169 4733 fuissent,
2227 4664 2280 4718 in
2331 4672 2522 4717 natura
2547 4661 2681 4731 iam,
2722 4670 2777 4715 et
2816 4677 2922 4715 non
2968 4662 3019 4715 in
3055 4659 3327 4715 voluntate
3361 4675 3486 4730 pec-
3518 4648 3531 4705 Ι

211 4754 480 4824 κτῆσθαι
525 4757 633 4827 τὴν
659 4760 958 4829 ἁμαρτίαν.
993 4763 1258 4834 Δεύτερον
1309 4762 1604 4817 ἀκόλουθον
1630 4765 1799 4828 αὐτοῖς

1920 4768 2099 4813 catum
2141 4757 2241 4812 sibi
2302 4756 2671 4827 acquisivisse.
2703 4753 2944 4809 Alterum
2990 4753 3184 4809 deinde
3228 4763 3388 4824 caput
3418 4767 3486 4808 ex

169 4836 180 4847 ’
209 4844 420 4912 λέγειν
447 4847 588 4917 μηδὲ
623 4849 695 4903 τὰ
710 4850 924 4916 παιδία,
947 4852 1054 4906 κᾶν
1080 4849 1514 4926 ἀρτιγέννηταῇ,
1545 4854 1622 4927 μὴ
1638 4854 1799 4926 ἀπηλ-

1916 4850 2007 4905 illo
2038 4849 2345 4904 deductum.
2373 4845 2632 4914 infantes,
2671 4846 2883 4901 tametsi
2919 4860 3109 4901 recens
3141 4854 3321 4913 natos,
3360 4860 3488 4916 pec-

210 4935 439 5007 λάχθαι
475 4937 777 5008 ἁμαρτίας,
812 4940 908 4994 άτε
939 4940 1049 4995 ἀπὸ
1069 4942 1171 5012 τῆς
1208 4941 1304 4995 τοῦ
1353 4942 1527 5013 ’Λδάμ
1565 4941 1799 5013 παραϐά·

1919 4942 2025 4998 cati
2058 4941 2323 4997 immunes
2364 4955 2468 4995 non
2496 4953 2639 5002 esse,
2666 4954 2791 4994 cum
2823 4939 2895 4994 ob
2932 4939 3061 4994 Adae
3092 4938 3487 5010 praevaricatio-

212 5044 377 5093 σεως
406 5030 510 5099 τῆς
542 5028 760 5097 φύσεως
793 5032 852 5085 ἐν
873 5032 1173 5102 ἁμαρτίαις
1197 5032 1529 5105 ὑποστάσης,
1589 5032 1683 5087 καὶ
1736 5034 1799 5095 εἰς

1918 5047 2064 5099 nent,
2121 5042 2314 5087 natura
2336 5031 2389 5085 in
2414 5031 2648 5100 peccatis
2687 5031 3007 5094 constituta,
3042 5031 3109 5085 ad
3143 5045 3331 5085 omnes
3373 5030 3488 5099 ejus

210 5121 344 5174 πᾶν
376 5118 441 5174 τὺ
478 5119 544 5185 ἐξ
573 5121 783 5177 ἐκείνου
809 5123 968 5190 γένος
993 5123 1095 5192 τῆς
1137 5122 1469 5194 ἁμαρτωλῆς
1511 5124 1607 5196 (ὡς
1638 5123 1705 5178 ἂν
1735 5123 1799 5177 εί-

1922 5132 2169 5192 posteros
2225 5122 2503 5192 peccatrix
2541 5123 2625 5193 (ut
2669 5121 2770 5192 ipsi
2803 5121 3117 5191 loquuntur)
3148 5128 3333 5174 natura
3364 5133 3488 5187 pro-

210 5210 438 5264 ποιεν⁸
467 5210 694 5284 ἐκεῖνοι)
728 5213 945 5281 φύσεως
986 5214 1472 5284 παρατεινομένης.
1517 5213 1707 5284 Φέρειν
1756 5231 1799 5268 τε

1920 5223 2170 5283 pagetur.
2193 5214 2404 5270 Alfene
2431 5223 2611 5270 autem
2644 5214 2789 5283 ipsos
2810 5222 2866 5269 et
2897 5212 3026 5269 illud
3049 5215 3128 5266 ait
3159 5228 3175 5266 :
3207 5228 3226 5263 ι
3264 5208 3403 5264 Ecce
3432 5208 3486 5263 in

1518 5348 1754 5405 VARIAS
1798 5349 2210 5408 LECTIONES.

320 5440 349 5473 ³
399 5439 746 5521 ξΔντιοχέῳς]
776 5442 806 5521 δ
836 5439 1212 5521 Μοψουεστίας
1236 5441 1406 5510 ἐστὶν,
1446 5442 1524 5507 ώς
1549 5444 1658 5499 άπό
1684 5461 1847 5498 τινων
1878 5447 2175 5503 ἐπιστολῶν
2212 5446 2487 5521 ἐμάθομεν
2514 5461 2623 5519 mg.
2663 5443 2708 5501 Δ
2746 5460 2762 5499 :
2795 5455 2905 5498 om.
2924 5441 2988 5500 C.

213 5511 242 5543 ⁷
274 5511 432 5580 φασὶ
478 5511 612 5567 σιω.
637 5511 743 5568 Α.”
780 5511 802 5544 ⁸
839 5512 1041 5565 είποιεν
1067 5511 1135 5566 ἀν
1166 5528 1227 5576 ς.

3085 5438 3106 5471 ⁸
3133 5436 3243 5492 τῶν
3275 5434 3396 5491 add.
3419 5435 3490 5490 A.

306 5712 439 5785 (l3)
465 5713 547 5769 Ab
588 5714 826 5772 infausta
861 5713 1085 5772 forsitan
1114 5712 1229 5779 τοῦ,
1260 5712 1366 5786 ἀρὰ
1409 5622 1902 5785 signiﬁcatigim.
