  <div class='ocr_page' id='page_1' title='image "/cluster/home/n/w/nwhite01/storage/ocr_20150623/103 pt.3/mdp.39015061933738/267.png"; bbox 0 0 3932 6240; ppageno 0'>
   <div class='ocr_carea' id='block_1_1' title="bbox 453 326 557 392">
    <p class='ocr_par' dir='ltr' id='par_1_1' title="bbox 453 326 557 392">
     <span class='ocr_line' id='line_1_1' title="bbox 453 326 557 392; baseline 0 -1"><span class='ocrx_word' id='word_1_1' title='bbox 453 326 557 392; x_wconf 82' lang='grc'><strong>515</strong></span> 
     </span>
    </p>
   </div>
   <div class='ocr_carea' id='block_1_2' title="bbox 1581 320 2559 384">
    <p class='ocr_par' dir='ltr' id='par_1_2' title="bbox 1581 320 2559 384">
     <span class='ocr_line' id='line_1_2' title="bbox 1581 320 2559 384; baseline -0.002 0"><span class='ocrx_word' id='word_1_2' title='bbox 1581 323 1842 384; x_wconf 82' lang='grc' dir='ltr'><strong>ΡΠΟΤΙΙ</strong></span> <span class='ocrx_word' id='word_1_3' title='bbox 1883 320 2389 381; x_wconf 70' lang='lat' dir='ltr'><strong>PATRIARCIL-E</strong></span> <span class='ocrx_word' id='word_1_4' title='bbox 2449 322 2559 382; x_wconf 71' lang='grc' dir='ltr'><strong>(ΣΡ,</strong></span> 
     </span>
    </p>
   </div>
   <div class='ocr_carea' id='block_1_3' title="bbox 3628 318 3728 382">
    <p class='ocr_par' dir='ltr' id='par_1_3' title="bbox 3628 318 3728 382">
     <span class='ocr_line' id='line_1_3' title="bbox 3628 318 3728 382; baseline -0.02 0"><span class='ocrx_word' id='word_1_5' title='bbox 3628 318 3728 382; x_wconf 79' lang='lat'><strong>516</strong></span> 
     </span>
    </p>
   </div>
   <div class='ocr_carea' id='block_1_4' title="bbox 456 435 2063 513">
    <p class='ocr_par' dir='ltr' id='par_1_4' title="bbox 456 439 2046 513">
     <span class='ocr_line' id='line_1_4' title="bbox 456 439 2046 513; baseline -0.004 -19"><span class='ocrx_word' id='word_1_6' title='bbox 456 443 839 513; x_wconf 86' lang='lat' dir='ltr'><strong>iniquitatibus</strong></span> <span class='ocrx_word' id='word_1_7' title='bbox 892 448 1186 510; x_wconf 78' lang='lat' dir='ltr'><strong>conreptus</strong></span> <span class='ocrx_word' id='word_1_8' title='bbox 1233 454 1350 492; x_wconf 89' lang='lat' dir='ltr'><strong>sum</strong></span> <span class='ocrx_word' id='word_1_9' title='bbox 1396 440 1464 502; x_wconf 76' lang='grc'><strong>’⁷,</strong></span> <span class='ocrx_word' id='word_1_10' title='bbox 1512 458 1528 488; x_wconf 73' lang='grc' dir='ltr'><strong>ι</strong></span> <span class='ocrx_word' id='word_1_11' title='bbox 1584 451 1637 493; x_wconf 87' lang='lat' dir='ltr'><strong>et</strong></span> <span class='ocrx_word' id='word_1_12' title='bbox 1676 439 1720 494; x_wconf 89' lang='lat' dir='ltr'><strong>si</strong></span> <span class='ocrx_word' id='word_1_13' title='bbox 1770 454 1890 508; x_wconf 68' lang='lat' dir='ltr'><strong>qure</strong></span> <span class='ocrx_word' id='word_1_14' title='bbox 1919 452 2046 498; x_wconf 77' lang='lat' dir='ltr'><strong>sum</strong></span> 
     </span>
    </p>
   </div>
   <div class='ocr_carea' id='block_1_5' title="bbox 2177 435 3733 513">
    <p class='ocr_par' dir='ltr' id='par_1_5' title="bbox 2177 435 3733 508">
     <span class='ocr_line' id='line_1_5' title="bbox 2177 435 3733 508; baseline -0.001 -20"><span class='ocrx_word' id='word_1_15' title='bbox 2177 435 2353 499; x_wconf 83' lang='grc' dir='ltr'>ιὺτοὺς</span> <span class='ocrx_word' id='word_1_16' title='bbox 2399 437 2479 501; x_wconf 85' lang='grc' dir='ltr'><strong>τὸ,</strong></span> <span class='ocrx_word' id='word_1_17' title='bbox 2521 457 2538 487; x_wconf 88' lang='grc'><em>‹</em></span> <span class='ocrx_word' id='word_1_18' title='bbox 2590 436 2677 489; x_wconf 83' lang='grc' dir='ltr'>Ἐν</span> <span class='ocrx_word' id='word_1_19' title='bbox 2708 436 3004 508; x_wconf 75' lang='grc' dir='ltr'>ἁμαρτίαις</span> <span class='ocrx_word' id='word_1_20' title='bbox 3025 439 3046 470; x_wconf 82' lang='grc'><strong>⁹</strong></span> <span class='ocrx_word' id='word_1_21' title='bbox 3073 436 3388 507; x_wconf 76' lang='grc' dir='ltr'><strong>ἐγεννήθην,</strong></span> <span class='ocrx_word' id='word_1_22' title='bbox 3419 455 3436 486; x_wconf 68' lang='grc' dir='ltr'><strong>ι</strong></span> <span class='ocrx_word' id='word_1_23' title='bbox 3471 439 3565 490; x_wconf 62' lang='grc' dir='ltr'>καὶ</span> <span class='ocrx_word' id='word_1_24' title='bbox 3601 439 3733 490; x_wconf 79' lang='grc' dir='ltr'>εἴτι</span> 
     </span>
    </p>
   </div>
   <div class='ocr_carea' id='block_1_6' title="bbox 455 529 2045 604">
    <p class='ocr_par' dir='ltr' id='par_1_6' title="bbox 455 529 2045 604">
     <span class='ocr_line' id='line_1_6' title="bbox 455 529 2045 604; baseline -0.005 -16"><span class='ocrx_word' id='word_1_25' title='bbox 455 533 667 604; x_wconf 79' lang='lat' dir='ltr'><strong>generis</strong></span> <span class='ocrx_word' id='word_1_26' title='bbox 713 531 979 602; x_wconf 90' lang='lat' dir='ltr'><strong>ejusdem,</strong></span> <span class='ocrx_word' id='word_1_27' title='bbox 1018 540 1264 585; x_wconf 85' lang='lat' dir='ltr'><strong>sanctum</strong></span> <span class='ocrx_word' id='word_1_28' title='bbox 1301 531 1366 582; x_wconf 88' lang='lat' dir='ltr'><strong>ad</strong></span> <span class='ocrx_word' id='word_1_29' title='bbox 1404 531 1517 584; x_wconf 63' lang='lat' dir='ltr'><strong>haec</strong></span> <span class='ocrx_word' id='word_1_30' title='bbox 1554 529 1846 597; x_wconf 88' lang='lat' dir='ltr'><strong>baptisma,</strong></span> <span class='ocrx_word' id='word_1_31' title='bbox 1877 530 2045 582; x_wconf 88' lang='lat' dir='ltr'><strong>sacri-</strong></span> 
     </span>
    </p>
   </div>
   <div class='ocr_carea' id='block_1_7' title="bbox 455 622 2046 695">
    <p class='ocr_par' dir='ltr' id='par_1_7' title="bbox 455 622 2046 695">
     <span class='ocr_line' id='line_1_7' title="bbox 455 622 2046 695; baseline -0.002 -17"><span class='ocrx_word' id='word_1_32' title='bbox 455 643 562 695; x_wconf 86' lang='lat' dir='ltr'><strong>que</strong></span> <span class='ocrx_word' id='word_1_33' title='bbox 596 626 845 694; x_wconf 90' lang='lat' dir='ltr'><strong>corporis</strong></span> <span class='ocrx_word' id='word_1_34' title='bbox 899 623 1336 678; x_wconf 90' lang='lat' dir='ltr'><strong>communionem</strong></span> <span class='ocrx_word' id='word_1_35' title='bbox 1378 622 1429 674; x_wconf 91' lang='lat' dir='ltr'><strong>in</strong></span> <span class='ocrx_word' id='word_1_36' title='bbox 1458 632 1804 690; x_wconf 77' lang='lat' dir='ltr'><strong>peccatorum</strong></span> <span class='ocrx_word' id='word_1_37' title='bbox 1848 623 2046 676; x_wconf 89' lang='lat' dir='ltr'><strong>remis-</strong></span> 
     </span>
    </p>
   </div>
   <div class='ocr_carea' id='block_1_8' title="bbox 457 711 2047 782">
    <p class='ocr_par' dir='ltr' id='par_1_8' title="bbox 457 711 2047 782">
     <span class='ocr_line' id='line_1_8' title="bbox 457 711 2047 782; baseline -0.003 -11"><span class='ocrx_word' id='word_1_38' title='bbox 457 718 686 771; x_wconf 89' lang='lat' dir='ltr'><strong>sionem.</strong></span> <span class='ocrx_word' id='word_1_39' title='bbox 729 716 870 782; x_wconf 84' lang='lat' dir='ltr'><strong>Quin</strong></span> <span class='ocrx_word' id='word_1_40' title='bbox 901 715 1062 768; x_wconf 89' lang='lat' dir='ltr'><strong>etiam</strong></span> <span class='ocrx_word' id='word_1_41' title='bbox 1095 715 1224 782; x_wconf 84' lang='lat' dir='ltr'><strong>ipsis</strong></span> <span class='ocrx_word' id='word_1_42' title='bbox 1255 712 1553 766; x_wconf 86' lang='lat' dir='ltr'><strong>infantibus</strong></span> <span class='ocrx_word' id='word_1_43' title='bbox 1581 713 1738 766; x_wconf 89' lang='lat' dir='ltr'><strong>allata</strong></span> <span class='ocrx_word' id='word_1_44' title='bbox 1772 711 1886 767; x_wconf 67' lang='lat' dir='ltr'><strong>haec</strong></span> <span class='ocrx_word' id='word_1_45' title='bbox 1914 728 2047 782; x_wconf 73' lang='lat' dir='ltr'><strong>prze-</strong></span> 
     </span>
    </p>
   </div>
   <div class='ocr_carea' id='block_1_9' title="bbox 453 805 2044 878">
    <p class='ocr_par' dir='ltr' id='par_1_9' title="bbox 453 805 2044 878">
     <span class='ocr_line' id='line_1_9' title="bbox 453 805 2044 878; baseline -0.004 -14"><span class='ocrx_word' id='word_1_46' title='bbox 453 811 608 873; x_wconf 89' lang='lat' dir='ltr'><strong>bere,</strong></span> <span class='ocrx_word' id='word_1_47' title='bbox 633 811 697 863; x_wconf 87' lang='lat' dir='ltr'><strong>ad</strong></span> <span class='ocrx_word' id='word_1_48' title='bbox 720 809 948 878; x_wconf 69' lang='lat' dir='ltr'><strong>propriae</strong></span> <span class='ocrx_word' id='word_1_49' title='bbox 963 807 1234 876; x_wconf 86' lang='lat' dir='ltr'><strong>opinionis</strong></span> <span class='ocrx_word' id='word_1_50' title='bbox 1256 806 1744 861; x_wconf 76' lang='lat' dir='ltr'><strong>confirmationem.</strong></span> <span class='ocrx_word' id='word_1_51' title='bbox 1766 805 2044 858; x_wconf 84' lang='lat' dir='ltr'><strong>Neminem</strong></span> 
     </span>
    </p>
   </div>
   <div class='ocr_carea' id='block_1_10' title="bbox 457 897 2046 967">
    <p class='ocr_par' dir='ltr' id='par_1_10' title="bbox 457 897 2046 967">
     <span class='ocr_line' id='line_1_10' title="bbox 457 897 2046 967; baseline -0.002 -15"><span class='ocrx_word' id='word_1_52' title='bbox 457 910 718 967; x_wconf 59' lang='lat' dir='ltr'><strong>praeterea</strong></span> <span class='ocrx_word' id='word_1_53' title='bbox 745 899 1049 952; x_wconf 81' lang='lat' dir='ltr'><strong>mortalium</strong></span> <span class='ocrx_word' id='word_1_54' title='bbox 1075 913 1193 952; x_wconf 89' lang='lat' dir='ltr'><strong>esse</strong></span> <span class='ocrx_word' id='word_1_55' title='bbox 1213 897 1438 965; x_wconf 89' lang='lat' dir='ltr'><strong>justum.</strong></span> <span class='ocrx_word' id='word_1_56' title='bbox 1465 897 1617 964; x_wconf 86' lang='lat' dir='ltr'><strong>Quod</strong></span> <span class='ocrx_word' id='word_1_57' title='bbox 1642 898 1812 966; x_wconf 92' lang='lat' dir='ltr'><strong>ipsum</strong></span> <span class='ocrx_word' id='word_1_58' title='bbox 1839 898 1962 951; x_wconf 88' lang='lat' dir='ltr'><strong>item</strong></span> <span class='ocrx_word' id='word_1_59' title='bbox 1980 913 2046 950; x_wconf 81' lang='lat' dir='ltr'><strong>ex</strong></span> 
     </span>
    </p>
   </div>
   <div class='ocr_carea' id='block_1_11' title="bbox 458 987 2042 1058">
    <p class='ocr_par' dir='ltr' id='par_1_11' title="bbox 458 987 2042 1058">
     <span class='ocr_line' id='line_1_11' title="bbox 458 987 2042 1058; baseline -0.002 -15"><span class='ocrx_word' id='word_1_60' title='bbox 458 1005 547 1051; x_wconf 88' lang='lat' dir='ltr'><strong>eo,</strong></span> <span class='ocrx_word' id='word_1_61' title='bbox 576 990 718 1056; x_wconf 90' lang='lat' dir='ltr'><strong>quod</strong></span> <span class='ocrx_word' id='word_1_62' title='bbox 745 989 900 1044; x_wconf 89' lang='lat' dir='ltr'><strong>initio</strong></span> <span class='ocrx_word' id='word_1_63' title='bbox 924 999 1240 1058; x_wconf 89' lang='lat' dir='ltr'><strong>posuerunt,</strong></span> <span class='ocrx_word' id='word_1_64' title='bbox 1271 991 1661 1058; x_wconf 85' lang='lat' dir='ltr'><strong>consequitur:</strong></span> <span class='ocrx_word' id='word_1_65' title='bbox 1700 1007 1718 1039; x_wconf 84' lang='grc'><em>‹</em></span> <span class='ocrx_word' id='word_1_66' title='bbox 1755 987 1867 1042; x_wconf 83' lang='lat' dir='ltr'><strong>Non</strong></span> <span class='ocrx_word' id='word_1_67' title='bbox 1898 990 2042 1042; x_wconf 91' lang='lat' dir='ltr'><strong>enim</strong></span> 
     </span>
    </p>
   </div>
   <div class='ocr_carea' id='block_1_12' title="bbox 455 1081 2042 1151">
    <p class='ocr_par' dir='ltr' id='par_1_12' title="bbox 455 1081 2042 1151">
     <span class='ocr_line' id='line_1_12' title="bbox 455 1081 2042 1151; baseline -0.001 -17"><span class='ocrx_word' id='word_1_68' title='bbox 455 1082 880 1151; x_wconf 86' lang='lat' dir='ltr'><strong>justilicabitur,</strong></span> <span class='ocrx_word' id='word_1_69' title='bbox 936 1082 1110 1151; x_wconf 84' lang='lat' dir='ltr'><strong>inquit</strong></span> <span class='ocrx_word' id='word_1_70' title='bbox 1152 1081 1443 1149; x_wconf 80' lang='lat' dir='ltr'><strong>Propheta,</strong></span> <span class='ocrx_word' id='word_1_71' title='bbox 1500 1081 1551 1134; x_wconf 91' lang='lat' dir='ltr'><strong>in</strong></span> <span class='ocrx_word' id='word_1_72' title='bbox 1598 1091 1888 1149; x_wconf 89' lang='lat' dir='ltr'><strong>conspectu</strong></span> <span class='ocrx_word' id='word_1_73' title='bbox 1951 1089 2042 1133; x_wconf 93' lang='lat' dir='ltr'><strong>tuo</strong></span> 
     </span>
    </p>
   </div>
   <div class='ocr_carea' id='block_1_13' title="bbox 463 1170 2052 1242">
    <p class='ocr_par' dir='ltr' id='par_1_13' title="bbox 463 1170 2052 1242">
     <span class='ocr_line' id='line_1_13' title="bbox 463 1170 2052 1242; baseline 0 -17"><span class='ocrx_word' id='word_1_74' title='bbox 463 1173 638 1226; x_wconf 91' lang='lat' dir='ltr'><strong>omnis</strong></span> <span class='ocrx_word' id='word_1_75' title='bbox 712 1186 842 1226; x_wconf 89' lang='lat' dir='ltr'><strong>caro</strong></span> <span class='ocrx_word' id='word_1_76' title='bbox 868 1171 936 1237; x_wconf 77' lang='grc'><strong>³⁸,</strong></span> <span class='ocrx_word' id='word_1_77' title='bbox 974 1191 993 1224; x_wconf 75' lang='grc' dir='ltr'><strong>ι</strong></span> <span class='ocrx_word' id='word_1_78' title='bbox 1043 1181 1097 1225; x_wconf 89' lang='lat' dir='ltr'><strong>et</strong></span> <span class='ocrx_word' id='word_1_79' title='bbox 1132 1171 1216 1225; x_wconf 85' lang='lat' dir='ltr'><strong>his</strong></span> <span class='ocrx_word' id='word_1_80' title='bbox 1255 1172 1452 1225; x_wconf 78' lang='lat' dir='ltr'><strong>similia</strong></span> <span class='ocrx_word' id='word_1_81' title='bbox 1506 1171 1640 1242; x_wconf 72' lang='grc'>(14).</span> <span class='ocrx_word' id='word_1_82' title='bbox 1683 1170 1944 1236; x_wconf 85' lang='lat' dir='ltr'><strong>Quartum</strong></span> <span class='ocrx_word' id='word_1_83' title='bbox 1999 1173 2052 1232; x_wconf 85' lang='grc' dir='ltr'>(ο</span> 
     </span>
    </p>
   </div>
   <div class='ocr_carea' id='block_1_14' title="bbox 465 1262 2050 1336">
    <p class='ocr_par' dir='ltr' id='par_1_14' title="bbox 465 1262 2050 1336">
     <span class='ocr_line' id='line_1_14' title="bbox 465 1262 2050 1336; baseline -0.001 -20"><span class='ocrx_word' id='word_1_84' title='bbox 465 1264 810 1336; x_wconf 82' lang='lat' dir='ltr'><strong>blasphemas</strong></span> <span class='ocrx_word' id='word_1_85' title='bbox 829 1278 988 1317; x_wconf 89' lang='lat' dir='ltr'><strong>voces</strong></span> <span class='ocrx_word' id='word_1_86' title='bbox 1016 1273 1070 1316; x_wconf 92' lang='lat' dir='ltr'><strong>et</strong></span> <span class='ocrx_word' id='word_1_87' title='bbox 1093 1263 1319 1331; x_wconf 85' lang='lat' dir='ltr'><strong>impias!</strong></span> <span class='ocrx_word' id='word_1_88' title='bbox 1350 1264 1390 1329; x_wconf 92' lang='lat'><strong>),</strong></span> <span class='ocrx_word' id='word_1_89' title='bbox 1419 1277 1488 1316; x_wconf 91' lang='lat' dir='ltr'><strong>ne</strong></span> <span class='ocrx_word' id='word_1_90' title='bbox 1521 1263 1800 1317; x_wconf 87' lang='lat' dir='ltr'><strong>Christum</strong></span> <span class='ocrx_word' id='word_1_91' title='bbox 1834 1262 2050 1331; x_wconf 83' lang='lat' dir='ltr'><strong>quidem</strong></span> 
     </span>
    </p>
   </div>
   <div class='ocr_carea' id='block_1_15' title="bbox 466 1353 2052 1424">
    <p class='ocr_par' dir='ltr' id='par_1_15' title="bbox 466 1353 2052 1424">
     <span class='ocr_line' id='line_1_15' title="bbox 466 1353 2052 1424; baseline 0 -18"><span class='ocrx_word' id='word_1_92' title='bbox 466 1353 656 1417; x_wconf 88' lang='lat' dir='ltr'><strong>Deum,</strong></span> <span class='ocrx_word' id='word_1_93' title='bbox 710 1363 987 1424; x_wconf 90' lang='lat' dir='ltr'><strong>assumpta</strong></span> <span class='ocrx_word' id='word_1_94' title='bbox 1016 1356 1270 1408; x_wconf 87' lang='lat' dir='ltr'><strong>nimirum</strong></span> <span class='ocrx_word' id='word_1_95' title='bbox 1317 1355 1553 1423; x_wconf 81' lang='lat' dir='ltr'><strong>peccatis</strong></span> <span class='ocrx_word' id='word_1_96' title='bbox 1589 1355 1787 1409; x_wconf 78' lang='lat' dir='ltr'><strong>infecta</strong></span> <span class='ocrx_word' id='word_1_97' title='bbox 1836 1365 2052 1418; x_wconf 88' lang='lat' dir='ltr'><strong>natura,</strong></span> 
     </span>
    </p>
   </div>
   <div class='ocr_carea' id='block_1_16' title="bbox 467 1447 2040 1516">
    <p class='ocr_par' dir='ltr' id='par_1_16' title="bbox 467 1447 2040 1516">
     <span class='ocr_line' id='line_1_16' title="bbox 467 1447 2040 1516; baseline -0.001 -17"><span class='ocrx_word' id='word_1_98' title='bbox 467 1447 690 1502; x_wconf 91' lang='lat' dir='ltr'><strong>sceleris</strong></span> <span class='ocrx_word' id='word_1_99' title='bbox 721 1463 915 1516; x_wconf 89' lang='lat' dir='ltr'><strong>purum</strong></span> <span class='ocrx_word' id='word_1_100' title='bbox 950 1462 1088 1502; x_wconf 89' lang='lat' dir='ltr'><strong>esse.</strong></span> <span class='ocrx_word' id='word_1_101' title='bbox 1124 1447 1445 1515; x_wconf 86' lang='lat' dir='ltr'><strong>Quanquam</strong></span> <span class='ocrx_word' id='word_1_102' title='bbox 1476 1458 1529 1502; x_wconf 90' lang='lat' dir='ltr'><strong>et</strong></span> <span class='ocrx_word' id='word_1_103' title='bbox 1556 1448 1608 1501; x_wconf 94' lang='lat' dir='ltr'><strong>iu</strong></span> <span class='ocrx_word' id='word_1_104' title='bbox 1649 1448 1770 1502; x_wconf 91' lang='lat' dir='ltr'><strong>aliis</strong></span> <span class='ocrx_word' id='word_1_105' title='bbox 1802 1447 2040 1516; x_wconf 89' lang='lat' dir='ltr'><strong>ipsorum</strong></span> 
     </span>
    </p>
   </div>
   <div class='ocr_carea' id='block_1_17' title="bbox 465 1539 2056 1610">
    <p class='ocr_par' dir='ltr' id='par_1_17' title="bbox 465 1539 2056 1610">
     <span class='ocr_line' id='line_1_17' title="bbox 465 1539 2056 1610; baseline -0.001 -16"><span class='ocrx_word' id='word_1_106' title='bbox 465 1539 816 1610; x_wconf 82' lang='lat' dir='ltr'><strong>blasphemiis</strong></span> <span class='ocrx_word' id='word_1_107' title='bbox 851 1541 1144 1595; x_wconf 83' lang='lat' dir='ltr'><strong>observare</strong></span> <span class='ocrx_word' id='word_1_108' title='bbox 1184 1540 1328 1607; x_wconf 88' lang='lat' dir='ltr'><strong>licet,</strong></span> <span class='ocrx_word' id='word_1_109' title='bbox 1385 1541 1561 1610; x_wconf 87' lang='lat' dir='ltr'><strong>inquit</strong></span> <span class='ocrx_word' id='word_1_110' title='bbox 1617 1540 1726 1604; x_wconf 89' lang='lat' dir='ltr'><strong>ille,</strong></span> <span class='ocrx_word' id='word_1_111' title='bbox 1776 1555 1881 1593; x_wconf 93' lang='lat' dir='ltr'><strong>non</strong></span> <span class='ocrx_word' id='word_1_112' title='bbox 1928 1554 2056 1593; x_wconf 89' lang='lat' dir='ltr'><strong>vere</strong></span> 
     </span>
    </p>
   </div>
   <div class='ocr_carea' id='block_1_18' title="bbox 471 1630 2041 1702">
    <p class='ocr_par' dir='ltr' id='par_1_18' title="bbox 471 1630 2041 1702">
     <span class='ocr_line' id='line_1_18' title="bbox 471 1630 2041 1702; baseline 0.001 -20"><span class='ocrx_word' id='word_1_113' title='bbox 471 1634 570 1683; x_wconf 91' lang='lat' dir='ltr'><strong>hos</strong></span> <span class='ocrx_word' id='word_1_114' title='bbox 618 1640 671 1682; x_wconf 91' lang='lat' dir='ltr'><strong>et</strong></span> <span class='ocrx_word' id='word_1_115' title='bbox 709 1640 921 1693; x_wconf 91' lang='lat' dir='ltr'><strong>natura,</strong></span> <span class='ocrx_word' id='word_1_116' title='bbox 957 1631 1052 1684; x_wconf 85' lang='lat' dir='ltr'><strong>sed</strong></span> <span class='ocrx_word' id='word_1_117' title='bbox 1102 1631 1268 1702; x_wconf 85' lang='lat' dir='ltr'><strong>ligura</strong></span> <span class='ocrx_word' id='word_1_118' title='bbox 1317 1630 1584 1685; x_wconf 81' lang='lat' dir='ltr'><strong>duntaxat</strong></span> <span class='ocrx_word' id='word_1_119' title='bbox 1619 1632 1913 1684; x_wconf 88' lang='lat' dir='ltr'><strong>humanam</strong></span> <span class='ocrx_word' id='word_1_120' title='bbox 1943 1633 2041 1700; x_wconf 90' lang='lat' dir='ltr'><strong>ipsi</strong></span> 
     </span>
    </p>
   </div>
   <div class='ocr_carea' id='block_1_19' title="bbox 473 1723 2050 1800">
    <p class='ocr_par' dir='ltr' id='par_1_19' title="bbox 473 1723 2050 1800">
     <span class='ocr_line' id='line_1_19' title="bbox 473 1723 2050 1800; baseline 0.002 -26"><span class='ocrx_word' id='word_1_121' title='bbox 473 1731 718 1775; x_wconf 89' lang='lat' dir='ltr'><strong>naturam</strong></span> <span class='ocrx_word' id='word_1_122' title='bbox 774 1723 1092 1778; x_wconf 88' lang='lat' dir='ltr'><strong>attribuere.</strong></span> <span class='ocrx_word' id='word_1_123' title='bbox 1133 1724 1429 1800; x_wconf 79' lang='lat' dir='ltr'><strong>Quintum,</strong></span> <span class='ocrx_word' id='word_1_124' title='bbox 1483 1725 1912 1787; x_wconf 89' lang='lat' dir='ltr'><strong>matrimonium,</strong></span> <span class='ocrx_word' id='word_1_125' title='bbox 1967 1725 2050 1779; x_wconf 86' lang='lat' dir='ltr'><strong>vel</strong></span> 
     </span>
    </p>
   </div>
   <div class='ocr_carea' id='block_1_20' title="bbox 474 1815 2057 1884">
    <p class='ocr_par' dir='ltr' id='par_1_20' title="bbox 474 1815 2057 1884">
     <span class='ocr_line' id='line_1_20' title="bbox 474 1815 2057 1884; baseline 0.001 -16"><span class='ocrx_word' id='word_1_126' title='bbox 474 1824 624 1869; x_wconf 88' lang='lat' dir='ltr'><strong>certe</strong></span> <span class='ocrx_word' id='word_1_127' title='bbox 673 1815 1048 1884; x_wconf 82' lang='lat' dir='ltr'><strong>congrediendi</strong></span> <span class='ocrx_word' id='word_1_128' title='bbox 1080 1815 1450 1884; x_wconf 80' lang='lat' dir='ltr'><strong>cupiditatem,</strong></span> <span class='ocrx_word' id='word_1_129' title='bbox 1509 1825 1562 1871; x_wconf 90' lang='lat' dir='ltr'><strong>et</strong></span> <span class='ocrx_word' id='word_1_130' title='bbox 1591 1817 1812 1870; x_wconf 90' lang='lat' dir='ltr'><strong>seminis</strong></span> <span class='ocrx_word' id='word_1_131' title='bbox 1847 1817 2057 1870; x_wconf 87' lang='lat' dir='ltr'><strong>missio-</strong></span> 
     </span>
    </p>
   </div>
   <div class='ocr_carea' id='block_1_21' title="bbox 479 1906 2060 1977">
    <p class='ocr_par' dir='ltr' id='par_1_21' title="bbox 479 1906 2060 1977">
     <span class='ocr_line' id='line_1_21' title="bbox 479 1906 2060 1977; baseline 0 -17"><span class='ocrx_word' id='word_1_132' title='bbox 479 1919 624 1970; x_wconf 90' lang='lat' dir='ltr'><strong>nem,</strong></span> <span class='ocrx_word' id='word_1_133' title='bbox 667 1907 956 1974; x_wconf 90' lang='lat' dir='ltr'><strong>omniaque</strong></span> <span class='ocrx_word' id='word_1_134' title='bbox 1003 1906 1223 1971; x_wconf 89' lang='lat' dir='ltr'><strong>similia,</strong></span> <span class='ocrx_word' id='word_1_135' title='bbox 1262 1907 1456 1975; x_wconf 83' lang='lat' dir='ltr'><strong>quibus</strong></span> <span class='ocrx_word' id='word_1_136' title='bbox 1499 1909 1844 1962; x_wconf 87' lang='lat' dir='ltr'><strong>successione</strong></span> <span class='ocrx_word' id='word_1_137' title='bbox 1889 1923 2060 1977; x_wconf 85' lang='lat' dir='ltr'><strong>genus</strong></span> 
     </span>
    </p>
   </div>
   <div class='ocr_carea' id='block_1_22' title="bbox 478 1997 2062 2067">
    <p class='ocr_par' dir='ltr' id='par_1_22' title="bbox 478 1997 2062 2067">
     <span class='ocr_line' id='line_1_22' title="bbox 478 1997 2062 2067; baseline 0.001 -17"><span class='ocrx_word' id='word_1_138' title='bbox 478 1997 772 2050; x_wconf 87' lang='lat' dir='ltr'><strong>humanum</strong></span> <span class='ocrx_word' id='word_1_139' title='bbox 805 2006 1157 2067; x_wconf 84' lang='lat' dir='ltr'><strong>propagatur,</strong></span> <span class='ocrx_word' id='word_1_140' title='bbox 1195 2011 1470 2065; x_wconf 76' lang='lat' dir='ltr'><strong>perversa:</strong></span> <span class='ocrx_word' id='word_1_141' title='bbox 1502 2009 1709 2051; x_wconf 75' lang='lat' dir='ltr'><strong>natura:</strong></span> <span class='ocrx_word' id='word_1_142' title='bbox 1737 2012 1902 2064; x_wconf 87' lang='lat' dir='ltr'><strong>opera</strong></span> <span class='ocrx_word' id='word_1_143' title='bbox 1938 2011 2062 2051; x_wconf 89' lang='lat' dir='ltr'><strong>esse</strong></span> 
     </span>
    </p>
   </div>
   <div class='ocr_carea' id='block_1_23' title="bbox 477 2086 2062 2155">
    <p class='ocr_par' dir='ltr' id='par_1_23' title="bbox 477 2086 2062 2155">
     <span class='ocr_line' id='line_1_23' title="bbox 477 2086 2062 2155; baseline 0.001 -17"><span class='ocrx_word' id='word_1_144' title='bbox 477 2095 772 2140; x_wconf 87' lang='lat' dir='ltr'><strong>asserunt:</strong></span> <span class='ocrx_word' id='word_1_145' title='bbox 827 2087 881 2139; x_wconf 93' lang='lat' dir='ltr'><strong>iu</strong></span> <span class='ocrx_word' id='word_1_146' title='bbox 939 2101 1099 2155; x_wconf 88' lang='lat' dir='ltr'><strong>quam</strong></span> <span class='ocrx_word' id='word_1_147' title='bbox 1158 2087 1376 2155; x_wconf 88' lang='lat' dir='ltr'><strong>quidem</strong></span> <span class='ocrx_word' id='word_1_148' title='bbox 1421 2101 1518 2155; x_wconf 88' lang='lat' dir='ltr'><strong>per</strong></span> <span class='ocrx_word' id='word_1_149' title='bbox 1566 2095 1845 2154; x_wconf 89' lang='lat' dir='ltr'><strong>peccatum</strong></span> <span class='ocrx_word' id='word_1_150' title='bbox 1879 2086 2062 2155; x_wconf 83' lang='lat' dir='ltr'><strong>lapsus</strong></span> 
     </span>
    </p>
   </div>
   <div class='ocr_carea' id='block_1_24' title="bbox 477 2176 2062 2244">
    <p class='ocr_par' dir='ltr' id='par_1_24' title="bbox 477 2176 2062 2244">
     <span class='ocr_line' id='line_1_24' title="bbox 477 2176 2062 2244; baseline 0.001 -13"><span class='ocrx_word' id='word_1_151' title='bbox 477 2176 673 2244; x_wconf 82' lang='lat' dir='ltr'><strong>Adam,</strong></span> <span class='ocrx_word' id='word_1_152' title='bbox 704 2187 911 2232; x_wconf 73' lang='lat' dir='ltr'><strong>natura:</strong></span> <span class='ocrx_word' id='word_1_153' title='bbox 955 2194 1076 2232; x_wconf 83' lang='lat' dir='ltr'><strong>mox</strong></span> <span class='ocrx_word' id='word_1_154' title='bbox 1106 2179 1238 2232; x_wconf 90' lang='lat' dir='ltr'><strong>vitio</strong></span> <span class='ocrx_word' id='word_1_155' title='bbox 1265 2177 1528 2231; x_wconf 88' lang='lat' dir='ltr'><strong>malorum</strong></span> <span class='ocrx_word' id='word_1_156' title='bbox 1561 2180 1801 2232; x_wconf 91' lang='lat' dir='ltr'><strong>omnium</strong></span> <span class='ocrx_word' id='word_1_157' title='bbox 1831 2193 2062 2233; x_wconf 77' lang='lat' dir='ltr'><strong>examen</strong></span> 
     </span>
    </p>
   </div>
   <div class='ocr_carea' id='block_1_25' title="bbox 480 2266 1993 2339">
    <p class='ocr_par' dir='ltr' id='par_1_25' title="bbox 480 2266 1993 2339">
     <span class='ocr_line' id='line_1_25' title="bbox 480 2266 1993 2339; baseline 0.003 -19"><span class='ocrx_word' id='word_1_158' title='bbox 480 2267 538 2321; x_wconf 93' lang='lat' dir='ltr'><strong>in</strong></span> <span class='ocrx_word' id='word_1_159' title='bbox 569 2283 628 2323; x_wconf 90' lang='lat' dir='ltr'><strong>se</strong></span> <span class='ocrx_word' id='word_1_160' title='bbox 661 2269 983 2338; x_wconf 83' lang='lat' dir='ltr'><strong>susceperit.</strong></span> <span class='ocrx_word' id='word_1_161' title='bbox 1028 2266 1152 2323; x_wconf 67' lang='lat' dir='ltr'><strong>Haec</strong></span> <span class='ocrx_word' id='word_1_162' title='bbox 1184 2269 1539 2323; x_wconf 87' lang='lat' dir='ltr'><strong>sectariorum</strong></span> <span class='ocrx_word' id='word_1_163' title='bbox 1564 2269 1815 2339; x_wconf 80' lang='lat' dir='ltr'><strong>dogmata</strong></span> <span class='ocrx_word' id='word_1_164' title='bbox 1847 2279 1993 2326; x_wconf 91' lang='lat' dir='ltr'><strong>sunt.</strong></span> 
     </span>
    </p>
   </div>
   <div class='ocr_carea' id='block_1_26' title="bbox 548 2445 2065 2518">
    <p class='ocr_par' dir='ltr' id='par_1_26' title="bbox 548 2445 2065 2518">
     <span class='ocr_line' id='line_1_26' title="bbox 548 2445 2065 2518; baseline 0 -16"><span class='ocrx_word' id='word_1_165' title='bbox 548 2447 722 2502; x_wconf 88' lang='lat' dir='ltr'><strong>Porro</strong></span> <span class='ocrx_word' id='word_1_166' title='bbox 760 2445 1081 2501; x_wconf 83' lang='lat' dir='ltr'><strong>Theodorus</strong></span> <span class='ocrx_word' id='word_1_167' title='bbox 1123 2447 1210 2500; x_wconf 93' lang='lat' dir='ltr'><strong>hic</strong></span> <span class='ocrx_word' id='word_1_168' title='bbox 1264 2455 1410 2501; x_wconf 92' lang='lat' dir='ltr'><strong>recte</strong></span> <span class='ocrx_word' id='word_1_169' title='bbox 1461 2447 1676 2515; x_wconf 89' lang='lat' dir='ltr'><strong>quidem</strong></span> <span class='ocrx_word' id='word_1_170' title='bbox 1729 2447 1882 2513; x_wconf 79' lang='lat' dir='ltr'><strong>facit,</strong></span> <span class='ocrx_word' id='word_1_171' title='bbox 1922 2449 2065 2518; x_wconf 93' lang='lat' dir='ltr'><strong>quod</strong></span> 
     </span>
    </p>
   </div>
   <div class='ocr_carea' id='block_1_27' title="bbox 480 2537 2066 2608">
    <p class='ocr_par' dir='ltr' id='par_1_27' title="bbox 480 2537 2066 2608">
     <span class='ocr_line' id='line_1_27' title="bbox 480 2537 2066 2608; baseline -0.001 -14"><span class='ocrx_word' id='word_1_172' title='bbox 480 2540 596 2595; x_wconf 64' lang='lat' dir='ltr'><strong>haec</strong></span> <span class='ocrx_word' id='word_1_173' title='bbox 625 2541 740 2608; x_wconf 88' lang='lat' dir='ltr'><strong>ipsa</strong></span> <span class='ocrx_word' id='word_1_174' title='bbox 776 2539 1076 2592; x_wconf 89' lang='lat' dir='ltr'><strong>detestetur</strong></span> <span class='ocrx_word' id='word_1_175' title='bbox 1106 2553 1170 2591; x_wconf 91' lang='lat' dir='ltr'><strong>ac</strong></span> <span class='ocrx_word' id='word_1_176' title='bbox 1196 2537 1427 2606; x_wconf 87' lang='lat' dir='ltr'><strong>rejiciat,</strong></span> <span class='ocrx_word' id='word_1_177' title='bbox 1447 2537 1830 2606; x_wconf 87' lang='lat' dir='ltr'><strong>interdumque</strong></span> <span class='ocrx_word' id='word_1_178' title='bbox 1862 2539 2066 2607; x_wconf 84' lang='lat' dir='ltr'><strong>Optime</strong></span> 
     </span>
    </p>
   </div>
   <div class='ocr_carea' id='block_1_28' title="bbox 482 2628 2069 2698">
    <p class='ocr_par' dir='ltr' id='par_1_28' title="bbox 482 2628 2069 2698">
     <span class='ocr_line' id='line_1_28' title="bbox 482 2628 2069 2698; baseline -0.003 -13"><span class='ocrx_word' id='word_1_179' title='bbox 482 2645 548 2685; x_wconf 86' lang='lat' dir='ltr'><strong>ac</strong></span> <span class='ocrx_word' id='word_1_180' title='bbox 597 2629 777 2683; x_wconf 83' lang='lat' dir='ltr'><strong>valide</strong></span> <span class='ocrx_word' id='word_1_181' title='bbox 817 2629 1009 2697; x_wconf 74' lang='lat' dir='ltr'><strong>122b</strong></span> <span class='ocrx_word' id='word_1_182' title='bbox 1054 2629 1297 2698; x_wconf 86' lang='lat' dir='ltr'><strong>ipsorum</strong></span> <span class='ocrx_word' id='word_1_183' title='bbox 1344 2629 1606 2682; x_wconf 87' lang='lat' dir='ltr'><strong>absurdas</strong></span> <span class='ocrx_word' id='word_1_184' title='bbox 1636 2635 1691 2681; x_wconf 90' lang='lat' dir='ltr'><strong>et</strong></span> <span class='ocrx_word' id='word_1_185' title='bbox 1723 2628 2069 2697; x_wconf 88' lang='lat' dir='ltr'><strong>blasphemas</strong></span> 
     </span>
    </p>
   </div>
   <div class='ocr_carea' id='block_1_29' title="bbox 484 2718 2066 2791">
    <p class='ocr_par' dir='ltr' id='par_1_29' title="bbox 484 2718 2066 2791">
     <span class='ocr_line' id='line_1_29' title="bbox 484 2718 2066 2791; baseline -0.002 -14"><span class='ocrx_word' id='word_1_186' title='bbox 484 2722 766 2791; x_wconf 85' lang='lat' dir='ltr'><strong>opiniones</strong></span> <span class='ocrx_word' id='word_1_187' title='bbox 806 2721 1037 2785; x_wconf 81' lang='lat' dir='ltr'><strong>refellat,</strong></span> <span class='ocrx_word' id='word_1_188' title='bbox 1087 2735 1189 2775; x_wconf 88' lang='lat' dir='ltr'><strong>nec</strong></span> <span class='ocrx_word' id='word_1_189' title='bbox 1229 2736 1336 2775; x_wconf 90' lang='lat' dir='ltr'><strong>non</strong></span> <span class='ocrx_word' id='word_1_190' title='bbox 1380 2736 1551 2775; x_wconf 82' lang='lat' dir='ltr'><strong>sacrae</strong></span> <span class='ocrx_word' id='word_1_191' title='bbox 1585 2718 1884 2790; x_wconf 81' lang='lat' dir='ltr'><strong>Scripturae</strong></span> <span class='ocrx_word' id='word_1_192' title='bbox 1911 2722 2066 2786; x_wconf 88' lang='lat' dir='ltr'><strong>locis,</strong></span> 
     </span>
    </p>
   </div>
   <div class='ocr_carea' id='block_1_30' title="bbox 486 2812 2068 2883">
    <p class='ocr_par' dir='ltr' id='par_1_30' title="bbox 486 2812 2068 2883">
     <span class='ocr_line' id='line_1_30' title="bbox 486 2812 2068 2883; baseline -0.001 -16"><span class='ocrx_word' id='word_1_193' title='bbox 486 2814 686 2883; x_wconf 87' lang='lat' dir='ltr'><strong>quibus</strong></span> <span class='ocrx_word' id='word_1_194' title='bbox 717 2813 791 2866; x_wconf 93' lang='lat' dir='ltr'><strong>illi</strong></span> <span class='ocrx_word' id='word_1_195' title='bbox 827 2813 979 2867; x_wconf 87' lang='lat' dir='ltr'><strong>abusi</strong></span> <span class='ocrx_word' id='word_1_196' title='bbox 1013 2820 1163 2876; x_wconf 90' lang='lat' dir='ltr'><strong>sunt,</strong></span> <span class='ocrx_word' id='word_1_197' title='bbox 1212 2812 1465 2882; x_wconf 92' lang='lat' dir='ltr'><strong>proprios</strong></span> <span class='ocrx_word' id='word_1_198' title='bbox 1502 2827 1699 2866; x_wconf 84' lang='lat' dir='ltr'><strong>sensus</strong></span> <span class='ocrx_word' id='word_1_199' title='bbox 1743 2812 2068 2880; x_wconf 87' lang='lat' dir='ltr'><strong>adaptando,</strong></span> 
     </span>
    </p>
   </div>
   <div class='ocr_carea' id='block_1_31' title="bbox 490 2901 2074 2974">
    <p class='ocr_par' dir='ltr' id='par_1_31' title="bbox 490 2901 2074 2974">
     <span class='ocr_line' id='line_1_31' title="bbox 490 2901 2074 2974; baseline -0.001 -15"><span class='ocrx_word' id='word_1_200' title='bbox 490 2916 551 2960; x_wconf 93' lang='lat' dir='ltr'><strong>nt</strong></span> <span class='ocrx_word' id='word_1_201' title='bbox 582 2907 804 2961; x_wconf 84' lang='lat' dir='ltr'><strong>omnino</strong></span> <span class='ocrx_word' id='word_1_202' title='bbox 833 2905 1113 2972; x_wconf 87' lang='lat' dir='ltr'><strong>imperitos</strong></span> <span class='ocrx_word' id='word_1_203' title='bbox 1146 2909 1460 2972; x_wconf 81' lang='lat' dir='ltr'><strong>redarguat.</strong></span> <span class='ocrx_word' id='word_1_204' title='bbox 1493 2901 1693 2958; x_wconf 86' lang='lat' dir='ltr'><strong>Verum</strong></span> <span class='ocrx_word' id='word_1_205' title='bbox 1729 2904 1834 2960; x_wconf 90' lang='lat' dir='ltr'><strong>hoc</strong></span> <span class='ocrx_word' id='word_1_206' title='bbox 1861 2905 1912 2959; x_wconf 92' lang='lat' dir='ltr'><strong>ei</strong></span> <span class='ocrx_word' id='word_1_207' title='bbox 1949 2919 2074 2974; x_wconf 91' lang='lat' dir='ltr'><strong>per-</strong></span> 
     </span>
    </p>
   </div>
   <div class='ocr_carea' id='block_1_32' title="bbox 488 2995 2075 3067">
    <p class='ocr_par' dir='ltr' id='par_1_32' title="bbox 488 2995 2075 3067">
     <span class='ocr_line' id='line_1_32' title="bbox 488 2995 2075 3067; baseline 0.001 -16"><span class='ocrx_word' id='word_1_208' title='bbox 488 3009 710 3067; x_wconf 91' lang='lat' dir='ltr'><strong>petuum</strong></span> <span class='ocrx_word' id='word_1_209' title='bbox 741 3013 844 3052; x_wconf 91' lang='lat' dir='ltr'><strong>non</strong></span> <span class='ocrx_word' id='word_1_210' title='bbox 880 3007 963 3052; x_wconf 89' lang='lat' dir='ltr'><strong>est</strong></span> <span class='ocrx_word' id='word_1_211' title='bbox 995 3015 1012 3053; x_wconf 92' lang='lat'><strong>:</strong></span> <span class='ocrx_word' id='word_1_212' title='bbox 1046 3012 1168 3050; x_wconf 88' lang='lat' dir='ltr'><strong>nam</strong></span> <span class='ocrx_word' id='word_1_213' title='bbox 1194 3005 1250 3052; x_wconf 87' lang='lat' dir='ltr'><strong>et</strong></span> <span class='ocrx_word' id='word_1_214' title='bbox 1282 2995 1516 3051; x_wconf 86' lang='lat' dir='ltr'><strong>Nestorii</strong></span> <span class='ocrx_word' id='word_1_215' title='bbox 1544 3007 1748 3051; x_wconf 88' lang='lat' dir='ltr'><strong>sectam</strong></span> <span class='ocrx_word' id='word_1_216' title='bbox 1802 2997 1857 3052; x_wconf 89' lang='lat' dir='ltr'><strong>in</strong></span> <span class='ocrx_word' id='word_1_217' title='bbox 1892 2997 2075 3052; x_wconf 91' lang='lat' dir='ltr'><strong>multis</strong></span> 
     </span>
    </p>
   </div>
   <div class='ocr_carea' id='block_1_33' title="bbox 493 3089 2071 3164">
    <p class='ocr_par' dir='ltr' id='par_1_33' title="bbox 493 3089 2071 3164">
     <span class='ocr_line' id='line_1_33' title="bbox 493 3089 2071 3164; baseline -0.001 -17"><span class='ocrx_word' id='word_1_218' title='bbox 493 3092 766 3164; x_wconf 90' lang='lat' dir='ltr'><strong>parturire</strong></span> <span class='ocrx_word' id='word_1_219' title='bbox 814 3092 970 3146; x_wconf 82' lang='lat' dir='ltr'><strong>nobis</strong></span> <span class='ocrx_word' id='word_1_220' title='bbox 1015 3091 1164 3146; x_wconf 90' lang='lat' dir='ltr'><strong>visus</strong></span> <span class='ocrx_word' id='word_1_221' title='bbox 1209 3101 1314 3154; x_wconf 89' lang='lat' dir='ltr'><strong>est,</strong></span> <span class='ocrx_word' id='word_1_222' title='bbox 1355 3100 1410 3144; x_wconf 89' lang='lat' dir='ltr'><strong>et</strong></span> <span class='ocrx_word' id='word_1_223' title='bbox 1449 3089 1718 3156; x_wconf 74' lang='lat' dir='ltr'><strong>Origenis,</strong></span> <span class='ocrx_word' id='word_1_224' title='bbox 1767 3091 1957 3146; x_wconf 88' lang='lat' dir='ltr'><strong>saltem</strong></span> <span class='ocrx_word' id='word_1_225' title='bbox 2006 3094 2071 3146; x_wconf 88' lang='lat' dir='ltr'><strong>de</strong></span> 
     </span>
    </p>
   </div>
   <div class='ocr_carea' id='block_1_34' title="bbox 497 3149 2144 3250">
    <p class='ocr_par' dir='ltr' id='par_1_34' title="bbox 497 3149 2144 3250">
     <span class='ocr_line' id='line_1_34' title="bbox 497 3149 2144 3250; baseline 0 -13"><span class='ocrx_word' id='word_1_226' title='bbox 497 3183 600 3237; x_wconf 85' lang='lat' dir='ltr'><strong>line</strong></span> <span class='ocrx_word' id='word_1_227' title='bbox 675 3181 1087 3250; x_wconf 90' lang='lat' dir='ltr'><strong>suppliciorum,</strong></span> <span class='ocrx_word' id='word_1_228' title='bbox 1171 3181 1461 3235; x_wconf 84' lang='lat' dir='ltr'><strong>mussitare</strong></span> <span class='ocrx_word' id='word_1_229' title='bbox 1513 3181 1865 3236; x_wconf 90' lang='lat' dir='ltr'><strong>sententiam.</strong></span> <span class='ocrx_word' id='word_1_230' title='bbox 1916 3149 2144 3247; x_wconf 79' lang='lat' dir='ltr'><strong>Quodc</strong></span> 
     </span>
    </p>
   </div>
   <div class='ocr_carea' id='block_1_35' title="bbox 496 3275 2073 3346">
    <p class='ocr_par' dir='ltr' id='par_1_35' title="bbox 496 3275 2073 3346">
     <span class='ocr_line' id='line_1_35' title="bbox 496 3275 2073 3346; baseline 0.002 -17"><span class='ocrx_word' id='word_1_231' title='bbox 496 3286 676 3330; x_wconf 88' lang='lat' dir='ltr'><strong>autem</strong></span> <span class='ocrx_word' id='word_1_232' title='bbox 722 3276 917 3330; x_wconf 88' lang='lat' dir='ltr'><strong>asserit</strong></span> <span class='ocrx_word' id='word_1_233' title='bbox 949 3284 1213 3346; x_wconf 70' lang='lat' dir='ltr'><strong>praeterea</strong></span> <span class='ocrx_word' id='word_1_234' title='bbox 1257 3275 1388 3346; x_wconf 86' lang='lat' dir='ltr'><strong>(jam</strong></span> <span class='ocrx_word' id='word_1_235' title='bbox 1422 3277 1545 3330; x_wconf 88' lang='lat' dir='ltr'><strong>inde</strong></span> <span class='ocrx_word' id='word_1_236' title='bbox 1573 3277 1638 3330; x_wconf 91' lang='lat' dir='ltr'><strong>ab</strong></span> <span class='ocrx_word' id='word_1_237' title='bbox 1677 3277 1833 3331; x_wconf 88' lang='lat' dir='ltr'><strong>initio</strong></span> <span class='ocrx_word' id='word_1_238' title='bbox 1855 3279 2073 3346; x_wconf 88' lang='lat' dir='ltr'><strong>quidem</strong></span> 
     </span>
    </p>
   </div>
   <div class='ocr_carea' id='block_1_36' title="bbox 493 3365 2078 3433">
    <p class='ocr_par' dir='ltr' id='par_1_36' title="bbox 493 3365 2078 3433">
     <span class='ocr_line' id='line_1_36' title="bbox 493 3365 2078 3433; baseline 0.002 -13"><span class='ocrx_word' id='word_1_239' title='bbox 493 3366 787 3421; x_wconf 83' lang='lat' dir='ltr'><strong>formatum</strong></span> <span class='ocrx_word' id='word_1_240' title='bbox 825 3383 949 3422; x_wconf 91' lang='lat' dir='ltr'><strong>esse</strong></span> <span class='ocrx_word' id='word_1_241' title='bbox 991 3366 1272 3421; x_wconf 87' lang='lat' dir='ltr'><strong>mortalem</strong></span> <span class='ocrx_word' id='word_1_242' title='bbox 1300 3367 1492 3432; x_wconf 85' lang='lat' dir='ltr'><strong>Adam,</strong></span> <span class='ocrx_word' id='word_1_243' title='bbox 1523 3367 1613 3422; x_wconf 89' lang='lat' dir='ltr'><strong>sed</strong></span> <span class='ocrx_word' id='word_1_244' title='bbox 1651 3365 1843 3433; x_wconf 88' lang='lat' dir='ltr'><strong>Deum,</strong></span> <span class='ocrx_word' id='word_1_245' title='bbox 1873 3379 1930 3422; x_wconf 91' lang='lat' dir='ltr'><strong>ut</strong></span> <span class='ocrx_word' id='word_1_246' title='bbox 1972 3369 2078 3423; x_wconf 88' lang='lat' dir='ltr'><strong>sci-</strong></span> 
     </span>
    </p>
   </div>
   <div class='ocr_carea' id='block_1_37' title="bbox 496 3458 2073 3528">
    <p class='ocr_par' dir='ltr' id='par_1_37' title="bbox 496 3458 2073 3528">
     <span class='ocr_line' id='line_1_37' title="bbox 496 3458 2073 3528; baseline 0.001 -16"><span class='ocrx_word' id='word_1_247' title='bbox 496 3460 623 3515; x_wconf 87' lang='lat' dir='ltr'><strong>licet</strong></span> <span class='ocrx_word' id='word_1_248' title='bbox 663 3468 946 3528; x_wconf 88' lang='lat' dir='ltr'><strong>peccatqu</strong></span> <span class='ocrx_word' id='word_1_249' title='bbox 1003 3459 1327 3524; x_wconf 90' lang='lat' dir='ltr'><strong>odissemus,</strong></span> <span class='ocrx_word' id='word_1_250' title='bbox 1380 3458 1453 3513; x_wconf 90' lang='lat' dir='ltr'><strong>ita</strong></span> <span class='ocrx_word' id='word_1_251' title='bbox 1513 3468 1718 3512; x_wconf 89' lang='lat' dir='ltr'><strong>tantum</strong></span> <span class='ocrx_word' id='word_1_252' title='bbox 1764 3459 2073 3527; x_wconf 82' lang='lat' dir='ltr'><strong>simulasse,</strong></span> 
     </span>
    </p>
   </div>
   <div class='ocr_carea' id='block_1_38' title="bbox 497 3550 2079 3621">
    <p class='ocr_par' dir='ltr' id='par_1_38' title="bbox 497 3550 2079 3621">
     <span class='ocr_line' id='line_1_38' title="bbox 497 3550 2079 3621; baseline 0.003 -17"><span class='ocrx_word' id='word_1_253' title='bbox 497 3551 658 3619; x_wconf 92' lang='lat' dir='ltr'><strong>quasi</strong></span> <span class='ocrx_word' id='word_1_254' title='bbox 710 3566 809 3619; x_wconf 92' lang='lat' dir='ltr'><strong>pro</strong></span> <span class='ocrx_word' id='word_1_255' title='bbox 842 3561 1067 3619; x_wconf 87' lang='lat' dir='ltr'><strong>peccato</strong></span> <span class='ocrx_word' id='word_1_256' title='bbox 1116 3565 1292 3620; x_wconf 82' lang='lat' dir='ltr'><strong>poenae</strong></span> <span class='ocrx_word' id='word_1_257' title='bbox 1335 3550 1452 3605; x_wconf 87' lang='lat' dir='ltr'><strong>loco</strong></span> <span class='ocrx_word' id='word_1_258' title='bbox 1495 3566 1644 3607; x_wconf 89' lang='lat' dir='ltr'><strong>mors</strong></span> <span class='ocrx_word' id='word_1_259' title='bbox 1681 3551 1932 3621; x_wconf 88' lang='lat' dir='ltr'><strong>imposita</strong></span> <span class='ocrx_word' id='word_1_260' title='bbox 1967 3553 2079 3608; x_wconf 78' lang='lat' dir='ltr'><strong>fue-</strong></span> 
     </span>
    </p>
   </div>
   <div class='ocr_carea' id='block_1_39' title="bbox 501 3636 2074 3712">
    <p class='ocr_par' dir='ltr' id='par_1_39' title="bbox 501 3636 2074 3712">
     <span class='ocr_line' id='line_1_39' title="bbox 501 3636 2074 3712; baseline 0.001 -16"><span class='ocrx_word' id='word_1_261' title='bbox 501 3641 618 3712; x_wconf 84' lang='lat' dir='ltr'><strong>rit),</strong></span> <span class='ocrx_word' id='word_1_262' title='bbox 652 3643 790 3696; x_wconf 89' lang='lat' dir='ltr'><strong>mihi</strong></span> <span class='ocrx_word' id='word_1_263' title='bbox 830 3655 963 3695; x_wconf 85' lang='lat' dir='ltr'><strong>sane</strong></span> <span class='ocrx_word' id='word_1_264' title='bbox 1014 3636 1221 3695; x_wconf 78' lang='lat' dir='ltr'><strong>rectam</strong></span> <span class='ocrx_word' id='word_1_265' title='bbox 1271 3642 1598 3696; x_wconf 89' lang='lat' dir='ltr'><strong>sententiam</strong></span> <span class='ocrx_word' id='word_1_266' title='bbox 1628 3643 1830 3696; x_wconf 91' lang='lat' dir='ltr'><strong>nullam</strong></span> <span class='ocrx_word' id='word_1_267' title='bbox 1858 3643 2074 3708; x_wconf 75' lang='lat' dir='ltr'><strong>aﬂcrre,</strong></span> 
     </span>
    </p>
   </div>
   <div class='ocr_carea' id='block_1_40' title="bbox 499 3733 2076 3804">
    <p class='ocr_par' dir='ltr' id='par_1_40' title="bbox 499 3733 2076 3804">
     <span class='ocr_line' id='line_1_40' title="bbox 499 3733 2076 3804; baseline 0.003 -17"><span class='ocrx_word' id='word_1_268' title='bbox 499 3735 594 3788; x_wconf 88' lang='lat' dir='ltr'><strong>sed</strong></span> <span class='ocrx_word' id='word_1_269' title='bbox 640 3735 824 3787; x_wconf 89' lang='lat' dir='ltr'><strong>multis</strong></span> <span class='ocrx_word' id='word_1_270' title='bbox 871 3733 1050 3801; x_wconf 92' lang='lat' dir='ltr'><strong>potius</strong></span> <span class='ocrx_word' id='word_1_271' title='bbox 1095 3733 1367 3802; x_wconf 84' lang='lat' dir='ltr'><strong>objectqu</strong></span> <span class='ocrx_word' id='word_1_272' title='bbox 1422 3749 1542 3788; x_wconf 91' lang='lat' dir='ltr'><strong>esse</strong></span> <span class='ocrx_word' id='word_1_273' title='bbox 1583 3736 2076 3804; x_wconf 89' lang='lat' dir='ltr'><strong>criminationibus,</strong></span> 
     </span>
    </p>
   </div>
   <div class='ocr_carea' id='block_1_41' title="bbox 501 3823 2076 3896">
    <p class='ocr_par' dir='ltr' id='par_1_41' title="bbox 501 3823 2076 3896">
     <span class='ocr_line' id='line_1_41' title="bbox 501 3823 2076 3896; baseline 0.001 -15"><span class='ocrx_word' id='word_1_274' title='bbox 501 3824 548 3881; x_wconf 90' lang='lat' dir='ltr'><strong>si</strong></span> <span class='ocrx_word' id='word_1_275' title='bbox 577 3825 697 3894; x_wconf 92' lang='lat' dir='ltr'><strong>quis</strong></span> <span class='ocrx_word' id='word_1_276' title='bbox 725 3824 964 3879; x_wconf 89' lang='lat' dir='ltr'><strong>rationes</strong></span> <span class='ocrx_word' id='word_1_277' title='bbox 990 3823 1210 3894; x_wconf 81' lang='lat' dir='ltr'><strong>exigere</strong></span> <span class='ocrx_word' id='word_1_278' title='bbox 1233 3825 1382 3891; x_wconf 86' lang='lat' dir='ltr'><strong>velit,</strong></span> <span class='ocrx_word' id='word_1_279' title='bbox 1414 3826 1630 3880; x_wconf 87' lang='lat' dir='ltr'><strong>videtur</strong></span> <span class='ocrx_word' id='word_1_280' title='bbox 1665 3849 1676 3883; x_wconf 92' lang='lat'><strong>:</strong></span> <span class='ocrx_word' id='word_1_281' title='bbox 1707 3832 2076 3896; x_wconf 83' lang='lat' dir='ltr'><strong>quantumvis,</strong></span> 
     </span>
    </p>
   </div>
   <div class='ocr_carea' id='block_1_42' title="bbox 503 3914 2081 3989">
    <p class='ocr_par' dir='ltr' id='par_1_42' title="bbox 503 3914 2081 3989">
     <span class='ocr_line' id='line_1_42' title="bbox 503 3914 2081 3989; baseline 0.004 -21"><span class='ocrx_word' id='word_1_282' title='bbox 503 3926 563 3968; x_wconf 91' lang='lat' dir='ltr'><strong>nt</strong></span> <span class='ocrx_word' id='word_1_283' title='bbox 593 3917 706 3984; x_wconf 90' lang='lat' dir='ltr'><strong>ipse</strong></span> <span class='ocrx_word' id='word_1_284' title='bbox 736 3914 952 3981; x_wconf 81' lang='lat' dir='ltr'><strong>dixerit,</strong></span> <span class='ocrx_word' id='word_1_285' title='bbox 1003 3916 1138 3970; x_wconf 89' lang='lat' dir='ltr'><strong>satis</strong></span> <span class='ocrx_word' id='word_1_286' title='bbox 1181 3917 1385 3970; x_wconf 83' lang='lat' dir='ltr'><strong>acriter</strong></span> <span class='ocrx_word' id='word_1_287' title='bbox 1434 3917 1741 3984; x_wconf 76' lang='lat' dir='ltr'><strong>huiusmodi</strong></span> <span class='ocrx_word' id='word_1_288' title='bbox 1774 3921 1958 3989; x_wconf 91' lang='lat' dir='ltr'><strong>opinio</strong></span> <span class='ocrx_word' id='word_1_289' title='bbox 1995 3925 2081 3974; x_wconf 86' lang='lat' dir='ltr'><strong>ad-</strong></span> 
     </span>
    </p>
   </div>
   <div class='ocr_carea' id='block_1_43' title="bbox 419 4009 2078 4082">
    <p class='ocr_par' dir='ltr' id='par_1_43' title="bbox 419 4009 2078 4082">
     <span class='ocr_line' id='line_1_43' title="bbox 419 4009 2078 4082; baseline 0.008 -25"><span class='ocrx_word' id='word_1_290' title='bbox 419 4079 422 4082; x_wconf 11' lang='lat'><strong><em>.</em></strong></span> <span class='ocrx_word' id='word_1_291' title='bbox 500 4023 693 4063; x_wconf 85' lang='lat' dir='ltr'><strong>versus</strong></span> <span class='ocrx_word' id='word_1_292' title='bbox 745 4009 1029 4062; x_wconf 67' lang='lat' dir='ltr'><strong>haereticos</strong></span> <span class='ocrx_word' id='word_1_293' title='bbox 1082 4019 1300 4079; x_wconf 81' lang='lat' dir='ltr'><strong>pugnet.</strong></span> <span class='ocrx_word' id='word_1_294' title='bbox 1347 4009 1461 4064; x_wconf 79' lang='lat' dir='ltr'><strong>Non</strong></span> <span class='ocrx_word' id='word_1_295' title='bbox 1509 4013 1674 4077; x_wconf 86' lang='lat' dir='ltr'><strong>enim,</strong></span> <span class='ocrx_word' id='word_1_296' title='bbox 1709 4013 1754 4068; x_wconf 91' lang='lat' dir='ltr'><strong>si</strong></span> <span class='ocrx_word' id='word_1_297' title='bbox 1800 4015 1928 4082; x_wconf 90' lang='lat' dir='ltr'><strong>quid</strong></span> <span class='ocrx_word' id='word_1_298' title='bbox 1958 4031 2078 4070; x_wconf 89' lang='lat' dir='ltr'><strong>cum</strong></span> 
     </span>
    </p>
   </div>
   <div class='ocr_carea' id='block_1_44' title="bbox 505 4100 2082 4170">
    <p class='ocr_par' dir='ltr' id='par_1_44' title="bbox 505 4100 2082 4170">
     <span class='ocr_line' id='line_1_44' title="bbox 505 4100 2082 4170; baseline 0.004 -18"><span class='ocrx_word' id='word_1_299' title='bbox 505 4100 769 4153; x_wconf 89' lang='lat' dir='ltr'><strong>deteriori</strong></span> <span class='ocrx_word' id='word_1_300' title='bbox 807 4111 1027 4170; x_wconf 80' lang='lat' dir='ltr'><strong>pugnet,</strong></span> <span class='ocrx_word' id='word_1_301' title='bbox 1059 4103 1318 4154; x_wconf 86' lang='lat' dir='ltr'><strong>continuo</strong></span> <span class='ocrx_word' id='word_1_302' title='bbox 1349 4103 1549 4155; x_wconf 90' lang='lat' dir='ltr'><strong>bonum</strong></span> <span class='ocrx_word' id='word_1_303' title='bbox 1576 4113 1658 4157; x_wconf 88' lang='lat' dir='ltr'><strong>est</strong></span> <span class='ocrx_word' id='word_1_304' title='bbox 1691 4120 1707 4158; x_wconf 92' lang='lat'><strong>:</strong></span> <span class='ocrx_word' id='word_1_305' title='bbox 1742 4107 1940 4160; x_wconf 90' lang='lat' dir='ltr'><strong>etenim</strong></span> <span class='ocrx_word' id='word_1_306' title='bbox 1966 4123 2082 4160; x_wconf 89' lang='lat' dir='ltr'><strong>ma-</strong></span> 
     </span>
    </p>
   </div>
   <div class='ocr_carea' id='block_1_45' title="bbox 507 4193 2079 4267">
    <p class='ocr_par' dir='ltr' id='par_1_45' title="bbox 507 4193 2079 4267">
     <span class='ocr_line' id='line_1_45' title="bbox 507 4193 2079 4267; baseline 0.006 -25"><span class='ocrx_word' id='word_1_307' title='bbox 507 4193 614 4244; x_wconf 89' lang='lat' dir='ltr'><strong>hun</strong></span> <span class='ocrx_word' id='word_1_308' title='bbox 671 4206 885 4260; x_wconf 88' lang='lat' dir='ltr'><strong>quoque</strong></span> <span class='ocrx_word' id='word_1_309' title='bbox 932 4208 1114 4247; x_wconf 91' lang='lat' dir='ltr'><strong>secum</strong></span> <span class='ocrx_word' id='word_1_310' title='bbox 1165 4195 1338 4261; x_wconf 88' lang='lat' dir='ltr'><strong>ipsum</strong></span> <span class='ocrx_word' id='word_1_311' title='bbox 1413 4205 1661 4262; x_wconf 80' lang='lat' dir='ltr'><strong>pugnat:</strong></span> <span class='ocrx_word' id='word_1_312' title='bbox 1715 4198 1808 4252; x_wconf 86' lang='lat' dir='ltr'><strong>sed</strong></span> <span class='ocrx_word' id='word_1_313' title='bbox 1857 4200 1900 4251; x_wconf 90' lang='lat' dir='ltr'><strong>si</strong></span> <span class='ocrx_word' id='word_1_314' title='bbox 1955 4199 2079 4267; x_wconf 92' lang='lat' dir='ltr'><strong>quid</strong></span> 
     </span>
    </p>
   </div>
   <div class='ocr_carea' id='block_1_46' title="bbox 503 4285 2084 4360">
    <p class='ocr_par' dir='ltr' id='par_1_46' title="bbox 503 4285 2084 4360">
     <span class='ocr_line' id='line_1_46' title="bbox 503 4285 2084 4360; baseline 0.005 -22"><span class='ocrx_word' id='word_1_315' title='bbox 503 4289 665 4338; x_wconf 73' lang='lat' dir='ltr'><strong>recta:</strong></span> <span class='ocrx_word' id='word_1_316' title='bbox 713 4285 908 4338; x_wconf 89' lang='lat' dir='ltr'><strong>rationi</strong></span> <span class='ocrx_word' id='word_1_317' title='bbox 979 4296 1424 4353; x_wconf 87' lang='lat' dir='ltr'><strong>consentaneum,</strong></span> <span class='ocrx_word' id='word_1_318' title='bbox 1489 4289 2084 4360; x_wconf 49' lang='lat' dir='ltr'><strong>manifestumque5sit</strong></span> 
     </span>
    </p>
   </div>
   <div class='ocr_carea' id='block_1_47' title="bbox 504 4373 2082 4451">
    <p class='ocr_par' dir='ltr' id='par_1_47' title="bbox 504 4373 2082 4451">
     <span class='ocr_line' id='line_1_47' title="bbox 504 4373 2082 4451; baseline 0.008 -23"><span class='ocrx_word' id='word_1_319' title='bbox 504 4376 678 4429; x_wconf 81' lang='lat' dir='ltr'><strong>sacris</strong></span> <span class='ocrx_word' id='word_1_320' title='bbox 708 4373 951 4441; x_wconf 90' lang='lat' dir='ltr'><strong>Litteris,</strong></span> <span class='ocrx_word' id='word_1_321' title='bbox 1004 4378 1136 4431; x_wconf 87' lang='lat' dir='ltr'><strong>illud</strong></span> <span class='ocrx_word' id='word_1_322' title='bbox 1167 4380 1380 4434; x_wconf 83' lang='lat' dir='ltr'><strong>deruunt</strong></span> <span class='ocrx_word' id='word_1_323' title='bbox 1426 4383 1815 4451; x_wconf 84' lang='lat' dir='ltr'><strong>recipiendum,</strong></span> <span class='ocrx_word' id='word_1_324' title='bbox 1871 4387 2082 4440; x_wconf 80' lang='lat' dir='ltr'><strong>tametsi</strong></span> 
     </span>
    </p>
   </div>
   <div class='ocr_carea' id='block_1_48' title="bbox 505 4467 1831 4532">
    <p class='ocr_par' dir='ltr' id='par_1_48' title="bbox 505 4467 1831 4532">
     <span class='ocr_line' id='line_1_48' title="bbox 505 4467 1831 4532; baseline 0.008 -10"><span class='ocrx_word' id='word_1_325' title='bbox 505 4467 649 4522; x_wconf 91' lang='lat' dir='ltr'><strong>nulla</strong></span> <span class='ocrx_word' id='word_1_326' title='bbox 685 4470 907 4524; x_wconf 60' lang='lat' dir='ltr'><strong>haeresis</strong></span> <span class='ocrx_word' id='word_1_327' title='bbox 931 4471 980 4525; x_wconf 91' lang='lat' dir='ltr'><strong>ei</strong></span> <span class='ocrx_word' id='word_1_328' title='bbox 1015 4473 1295 4526; x_wconf 75' lang='lat' dir='ltr'><strong>sententia:</strong></span> <span class='ocrx_word' id='word_1_329' title='bbox 1326 4473 1580 4529; x_wconf 83' lang='lat' dir='ltr'><strong>resistere</strong></span> <span class='ocrx_word' id='word_1_330' title='bbox 1616 4477 1831 4532; x_wconf 86' lang='lat' dir='ltr'><strong>audeat.</strong></span> 
     </span>
    </p>
   </div>
   <div class='ocr_carea' id='block_1_49' title="bbox 570 4559 2080 4631">
    <p class='ocr_par' dir='ltr' id='par_1_49' title="bbox 570 4559 2080 4631">
     <span class='ocr_line' id='line_1_49' title="bbox 570 4559 2080 4631; baseline 0.007 -19"><span class='ocrx_word' id='word_1_331' title='bbox 570 4559 679 4614; x_wconf 83' lang='lat' dir='ltr'><strong>Nec</strong></span> <span class='ocrx_word' id='word_1_332' title='bbox 714 4560 841 4614; x_wconf 91' lang='lat' dir='ltr'><strong>illud</strong></span> <span class='ocrx_word' id='word_1_333' title='bbox 890 4561 1017 4616; x_wconf 87' lang='lat' dir='ltr'><strong>item</strong></span> <span class='ocrx_word' id='word_1_334' title='bbox 1070 4578 1170 4631; x_wconf 79' lang='lat' dir='ltr'><strong>ego</strong></span> <span class='ocrx_word' id='word_1_335' title='bbox 1210 4564 1426 4619; x_wconf 90' lang='lat' dir='ltr'><strong>curiose</strong></span> <span class='ocrx_word' id='word_1_336' title='bbox 1481 4565 1704 4631; x_wconf 88' lang='lat' dir='ltr'><strong>dictum,</strong></span> <span class='ocrx_word' id='word_1_337' title='bbox 1741 4577 1794 4621; x_wconf 91' lang='lat' dir='ltr'><strong>et</strong></span> <span class='ocrx_word' id='word_1_338' title='bbox 1825 4567 2080 4623; x_wconf 77' lang='lat' dir='ltr'><strong>Ecclesia:</strong></span> 
     </span>
    </p>
   </div>
   <div class='ocr_carea' id='block_1_50' title="bbox 501 4650 2085 4727">
    <p class='ocr_par' dir='ltr' id='par_1_50' title="bbox 501 4650 2085 4727">
     <span class='ocr_line' id='line_1_50' title="bbox 501 4650 2085 4727; baseline 0.006 -23"><span class='ocrx_word' id='word_1_339' title='bbox 501 4650 598 4705; x_wconf 90' lang='lat' dir='ltr'><strong>Dei</strong></span> <span class='ocrx_word' id='word_1_340' title='bbox 627 4651 953 4717; x_wconf 91' lang='lat' dir='ltr'><strong>inauditum,</strong></span> <span class='ocrx_word' id='word_1_341' title='bbox 1003 4653 1056 4707; x_wconf 90' lang='lat' dir='ltr'><strong>in</strong></span> <span class='ocrx_word' id='word_1_342' title='bbox 1085 4655 1330 4710; x_wconf 90' lang='lat' dir='ltr'><strong>veritatis</strong></span> <span class='ocrx_word' id='word_1_343' title='bbox 1380 4657 1720 4727; x_wconf 82' lang='lat' dir='ltr'><strong>dogmatibus</strong></span> <span class='ocrx_word' id='word_1_344' title='bbox 1767 4677 2085 4715; x_wconf 84' lang='lat' dir='ltr'><strong>ntnnerave-</strong></span> 
     </span>
    </p>
   </div>
   <div class='ocr_carea' id='block_1_51' title="bbox 499 4746 2080 4816">
    <p class='ocr_par' dir='ltr' id='par_1_51' title="bbox 499 4746 2080 4816">
     <span class='ocr_line' id='line_1_51' title="bbox 499 4746 2080 4816; baseline 0.008 -19"><span class='ocrx_word' id='word_1_345' title='bbox 499 4746 628 4808; x_wconf 75' lang='lat' dir='ltr'><strong>rim,</strong></span> <span class='ocrx_word' id='word_1_346' title='bbox 653 4761 774 4798; x_wconf 92' lang='lat' dir='ltr'><strong>cum</strong></span> <span class='ocrx_word' id='word_1_347' title='bbox 808 4748 941 4800; x_wconf 91' lang='lat' dir='ltr'><strong>duas</strong></span> <span class='ocrx_word' id='word_1_348' title='bbox 965 4762 1086 4802; x_wconf 91' lang='lat' dir='ltr'><strong>esse</strong></span> <span class='ocrx_word' id='word_1_349' title='bbox 1115 4759 1460 4816; x_wconf 90' lang='lat' dir='ltr'><strong>peccatorum</strong></span> <span class='ocrx_word' id='word_1_350' title='bbox 1485 4752 1834 4807; x_wconf 87' lang='lat' dir='ltr'><strong>remissiones</strong></span> <span class='ocrx_word' id='word_1_351' title='bbox 1865 4756 2080 4810; x_wconf 84' lang='lat' dir='ltr'><strong>asserit.</strong></span> 
     </span>
    </p>
   </div>
   <div class='ocr_carea' id='block_1_52' title="bbox 501 4835 2084 4904">
    <p class='ocr_par' dir='ltr' id='par_1_52' title="bbox 501 4835 2084 4904">
     <span class='ocr_line' id='line_1_52' title="bbox 501 4835 2084 4904; baseline 0.009 -18"><span class='ocrx_word' id='word_1_352' title='bbox 501 4835 745 4888; x_wconf 80' lang='lat' dir='ltr'><strong>Alteram</strong></span> <span class='ocrx_word' id='word_1_353' title='bbox 825 4837 1042 4904; x_wconf 91' lang='lat' dir='ltr'><strong>quidem</strong></span> <span class='ocrx_word' id='word_1_354' title='bbox 1103 4841 1168 4893; x_wconf 93' lang='lat' dir='ltr'><strong>de</strong></span> <span class='ocrx_word' id='word_1_355' title='bbox 1233 4842 1598 4898; x_wconf 83' lang='lat' dir='ltr'><strong>commissis:</strong></span> <span class='ocrx_word' id='word_1_356' title='bbox 1667 4844 1893 4899; x_wconf 88' lang='lat' dir='ltr'><strong>alteram</strong></span> <span class='ocrx_word' id='word_1_357' title='bbox 1954 4864 2084 4902; x_wconf 71' lang='lat' dir='ltr'><strong>vero</strong></span> 
     </span>
    </p>
   </div>
   <div class='ocr_carea' id='block_1_53' title="bbox 504 4927 2084 5003">
    <p class='ocr_par' dir='ltr' id='par_1_53' title="bbox 504 4927 2084 5003">
     <span class='ocr_line' id='line_1_53' title="bbox 504 4927 2084 5003; baseline 0.009 -25"><span class='ocrx_word' id='word_1_358' title='bbox 504 4927 691 4995; x_wconf 76' lang='lat' dir='ltr'><strong>(quam</strong></span> <span class='ocrx_word' id='word_1_359' title='bbox 749 4929 935 4982; x_wconf 90' lang='lat' dir='ltr'><strong>nescio</strong></span> <span class='ocrx_word' id='word_1_360' title='bbox 973 4931 1063 4995; x_wconf 88' lang='lat' dir='ltr'><strong>qui</strong></span> <span class='ocrx_word' id='word_1_361' title='bbox 1116 4933 1494 4987; x_wconf 88' lang='lat' dir='ltr'><strong>remissionem</strong></span> <span class='ocrx_word' id='word_1_362' title='bbox 1545 4937 1835 5003; x_wconf 88' lang='lat' dir='ltr'><strong>quispiam,</strong></span> <span class='ocrx_word' id='word_1_363' title='bbox 1892 4948 1951 4991; x_wconf 92' lang='lat' dir='ltr'><strong>ut</strong></span> <span class='ocrx_word' id='word_1_364' title='bbox 1994 4940 2084 4994; x_wconf 90' lang='lat' dir='ltr'><strong>ille</strong></span> 
     </span>
    </p>
   </div>
   <div class='ocr_carea' id='block_1_54' title="bbox 503 5015 2080 5097">
    <p class='ocr_par' dir='ltr' id='par_1_54' title="bbox 503 5015 2080 5097">
     <span class='ocr_line' id='line_1_54' title="bbox 503 5015 2080 5097; baseline 0.009 -29"><span class='ocrx_word' id='word_1_365' title='bbox 503 5015 770 5085; x_wconf 85' lang='lat' dir='ltr'><strong>loquitur,</strong></span> <span class='ocrx_word' id='word_1_366' title='bbox 799 5017 1071 5087; x_wconf 84' lang='lat' dir='ltr'><strong>appellare</strong></span> <span class='ocrx_word' id='word_1_367' title='bbox 1099 5021 1292 5091; x_wconf 85' lang='lat' dir='ltr'><strong>possit)</strong></span> <span class='ocrx_word' id='word_1_368' title='bbox 1326 5023 1738 5092; x_wconf 88' lang='lat' dir='ltr'><strong>impeccantiam</strong></span> <span class='ocrx_word' id='word_1_369' title='bbox 1769 5027 1880 5097; x_wconf 78' lang='grc'>(15)</span> <span class='ocrx_word' id='word_1_370' title='bbox 1915 5027 2080 5097; x_wconf 87' lang='lat' dir='ltr'><strong>ipsam</strong></span> 
     </span>
    </p>
   </div>
   <div class='ocr_carea' id='block_1_55' title="bbox 575 5154 1520 5227">
    <p class='ocr_par' dir='ltr' id='par_1_55' title="bbox 575 5154 1520 5227">
     <span class='ocr_line' id='line_1_55' title="bbox 575 5154 1520 5227; baseline 0.004 -19"><span class='ocrx_word' id='word_1_371' title='bbox 575 5155 619 5185; x_wconf 79' lang='grc'><strong><em>’⁷</em></strong></span> <span class='ocrx_word' id='word_1_372' title='bbox 647 5154 790 5210; x_wconf 88' lang='lat' dir='ltr'><strong>Psal.</strong></span> <span class='ocrx_word' id='word_1_373' title='bbox 822 5172 874 5218; x_wconf 85' lang='lat' dir='ltr'><strong>L,</strong></span> <span class='ocrx_word' id='word_1_374' title='bbox 907 5156 959 5209; x_wconf 89' lang='lat'><strong>7.</strong></span> <span class='ocrx_word' id='word_1_375' title='bbox 1037 5157 1080 5189; x_wconf 71' lang='grc'><strong>’⁸</strong></span> <span class='ocrx_word' id='word_1_376' title='bbox 1112 5155 1257 5212; x_wconf 77' lang='lat' dir='ltr'><strong>Psal.</strong></span> <span class='ocrx_word' id='word_1_377' title='bbox 1284 5175 1452 5227; x_wconf 75' lang='lat' dir='ltr'><strong>CXLII,</strong></span> <span class='ocrx_word' id='word_1_378' title='bbox 1484 5159 1520 5212; x_wconf 80' lang='grc'>2</span> 
     </span>
    </p>
   </div>
   <div class='ocr_carea' id='block_1_56' title="bbox 2108 4508 2156 4565">
    <p class='ocr_par' dir='ltr' id='par_1_56' title="bbox 2108 4508 2156 4565">
     <span class='ocr_line' id='line_1_56' title="bbox 2108 4508 2156 4565; baseline 0 0"><span class='ocrx_word' id='word_1_379' title='bbox 2108 4508 2156 4565; x_wconf 89' lang='grc'><strong>1)</strong></span> 
     </span>
    </p>
   </div>
   <div class='ocr_carea' id='block_1_57' title="bbox 2163 529 3732 600">
    <p class='ocr_par' dir='ltr' id='par_1_57' title="bbox 2163 529 3732 600">
     <span class='ocr_line' id='line_1_57' title="bbox 2163 529 3732 600; baseline 0.001 -20"><span class='ocrx_word' id='word_1_380' title='bbox 2163 529 2425 593; x_wconf 64' lang='grc' dir='ltr'>τοιοῦτον,</span> <span class='ocrx_word' id='word_1_381' title='bbox 2452 531 2548 583; x_wconf 71' lang='grc' dir='ltr'><strong>καὶ</strong></span> <span class='ocrx_word' id='word_1_382' title='bbox 2573 530 2702 583; x_wconf 75' lang='grc' dir='ltr'>αὐτὸ</span> <span class='ocrx_word' id='word_1_383' title='bbox 2733 529 2794 582; x_wconf 80' lang='grc' dir='ltr'>τὸ</span> <span class='ocrx_word' id='word_1_384' title='bbox 2828 530 2981 598; x_wconf 84' lang='grc' dir='ltr'>ἁγιον</span> <span class='ocrx_word' id='word_1_385' title='bbox 3014 529 3295 600; x_wconf 80' lang='grc' dir='ltr'>βάπτισμα</span> <span class='ocrx_word' id='word_1_386' title='bbox 3353 531 3446 583; x_wconf 76' lang='grc' dir='ltr'><strong>καὶ</strong></span> <span class='ocrx_word' id='word_1_387' title='bbox 3496 529 3594 600; x_wconf 81' lang='grc' dir='ltr'><strong>τὴν</strong></span> <span class='ocrx_word' id='word_1_388' title='bbox 3637 531 3732 582; x_wconf 70' lang='grc' dir='ltr'>τοῦ</span> 
     </span>
    </p>
   </div>
   <div class='ocr_carea' id='block_1_58' title="bbox 2154 621 3732 693">
    <p class='ocr_par' dir='ltr' id='par_1_58' title="bbox 2154 621 3732 693">
     <span class='ocr_line' id='line_1_58' title="bbox 2154 621 3732 693; baseline 0.001 -20"><span class='ocrx_word' id='word_1_389' title='bbox 2154 622 2426 692; x_wconf 85' lang='grc' dir='ltr'>ἀχράντου</span> <span class='ocrx_word' id='word_1_390' title='bbox 2453 621 2706 691; x_wconf 89' lang='grc' dir='ltr'>σώματος</span> <span class='ocrx_word' id='word_1_391' title='bbox 2740 622 3025 675; x_wconf 79' lang='grc' dir='ltr'>κοινωνίαν</span> <span class='ocrx_word' id='word_1_392' title='bbox 3054 622 3133 686; x_wconf 87' lang='grc' dir='ltr'><strong>είς</strong></span> <span class='ocrx_word' id='word_1_393' title='bbox 3161 621 3357 690; x_wconf 78' lang='grc' dir='ltr'>ἄφεσιν</span> <span class='ocrx_word' id='word_1_394' title='bbox 3393 622 3683 693; x_wconf 81' lang='grc' dir='ltr'>ἁμαρτιῶν</span> <span class='ocrx_word' id='word_1_395' title='bbox 3716 638 3732 652; x_wconf 84' lang='grc'><strong><em>⁸</em></strong></span> 
     </span>
    </p>
   </div>
   <div class='ocr_carea' id='block_1_59' title="bbox 2149 711 3736 785">
    <p class='ocr_par' dir='ltr' id='par_1_59' title="bbox 2149 711 3736 785">
     <span class='ocr_line' id='line_1_59' title="bbox 2149 711 3736 785; baseline 0.002 -21"><span class='ocrx_word' id='word_1_396' title='bbox 2149 713 2246 764; x_wconf 71' lang='grc' dir='ltr'><strong>καὶ</strong></span> <span class='ocrx_word' id='word_1_397' title='bbox 2280 713 2394 774; x_wconf 88' lang='grc' dir='ltr'>τοῖς</span> <span class='ocrx_word' id='word_1_398' title='bbox 2448 711 2709 782; x_wconf 80' lang='grc' dir='ltr'>βρέφεσιν</span> <span class='ocrx_word' id='word_1_399' title='bbox 2751 713 3123 784; x_wconf 79' lang='grc' dir='ltr'><strong>ἐπιφερόμενα</strong></span> <span class='ocrx_word' id='word_1_400' title='bbox 3156 715 3329 768; x_wconf 85' lang='grc' dir='ltr'>ταῦτα</span> <span class='ocrx_word' id='word_1_401' title='bbox 3377 715 3736 785; x_wconf 74' lang='grc' dir='ltr'>προκομίζειν</span> 
     </span>
    </p>
   </div>
   <div class='ocr_carea' id='block_1_60' title="bbox 2152 803 3736 878">
    <p class='ocr_par' dir='ltr' id='par_1_60' title="bbox 2152 803 3736 878">
     <span class='ocr_line' id='line_1_60' title="bbox 2152 803 3736 878; baseline 0.002 -22"><span class='ocrx_word' id='word_1_402' title='bbox 2152 803 2247 856; x_wconf 74' lang='grc' dir='ltr'>ἐπὶ</span> <span class='ocrx_word' id='word_1_403' title='bbox 2275 803 2587 872; x_wconf 78' lang='grc' dir='ltr'>βεϐαιώσει,</span> <span class='ocrx_word' id='word_1_404' title='bbox 2616 806 2750 877; x_wconf 71' lang='grc' dir='ltr'>φησὶ</span> <span class='ocrx_word' id='word_1_405' title='bbox 2779 807 2844 872; x_wconf 87' lang='grc'>¹⁰,</span> <span class='ocrx_word' id='word_1_406' title='bbox 2897 809 2997 876; x_wconf 80' lang='grc' dir='ltr'>τῆς</span> <span class='ocrx_word' id='word_1_407' title='bbox 3040 807 3247 870; x_wconf 77' lang='grc' dir='ltr'>οἰκείας</span> <span class='ocrx_word' id='word_1_408' title='bbox 3284 809 3569 878; x_wconf 83' lang='grc' dir='ltr'>νομίσεως.</span> <span class='ocrx_word' id='word_1_409' title='bbox 3614 809 3736 860; x_wconf 84' lang='grc' dir='ltr'>Ἔτι</span> 
     </span>
    </p>
   </div>
   <div class='ocr_carea' id='block_1_61' title="bbox 2156 894 3734 969">
    <p class='ocr_par' dir='ltr' id='par_1_61' title="bbox 2156 894 3734 969">
     <span class='ocr_line' id='line_1_61' title="bbox 2156 894 3734 969; baseline 0.002 -23"><span class='ocrx_word' id='word_1_410' title='bbox 2156 894 2214 946; x_wconf 81' lang='grc' dir='ltr'>δὲ</span> <span class='ocrx_word' id='word_1_411' title='bbox 2248 895 2340 948; x_wconf 76' lang='grc' dir='ltr'><strong>καὶ</strong></span> <span class='ocrx_word' id='word_1_412' title='bbox 2365 896 2444 948; x_wconf 83' lang='grc' dir='ltr'><strong>ὅτι</strong></span> <span class='ocrx_word' id='word_1_413' title='bbox 2483 896 2660 960; x_wconf 75' lang='grc' dir='ltr'>οὐδεὶς</span> <span class='ocrx_word' id='word_1_414' title='bbox 2695 897 2752 950; x_wconf 95' lang='grc' dir='ltr'><strong>ἐν</strong></span> <span class='ocrx_word' id='word_1_415' title='bbox 2778 897 3086 969; x_wconf 83' lang='grc' dir='ltr'>ἀνθρώποις</span> <span class='ocrx_word' id='word_1_416' title='bbox 3121 900 3238 951; x_wconf 80' lang='grc' dir='ltr'>ἐστὶ</span> <span class='ocrx_word' id='word_1_417' title='bbox 3284 899 3510 960; x_wconf 80' lang='grc' dir='ltr'>δίκαιος,</span> <span class='ocrx_word' id='word_1_418' title='bbox 3577 898 3734 950; x_wconf 78' lang='grc' dir='ltr'>Ἀκό-</span> 
     </span>
    </p>
   </div>
   <div class='ocr_carea' id='block_1_62' title="bbox 2152 986 3739 1061">
    <p class='ocr_par' dir='ltr' id='par_1_62' title="bbox 2152 986 3739 1061">
     <span class='ocr_line' id='line_1_62' title="bbox 2152 986 3739 1061; baseline -0.001 -24"><span class='ocrx_word' id='word_1_419' title='bbox 2152 986 2345 1038; x_wconf 87' lang='grc' dir='ltr'>λουθον</span> <span class='ocrx_word' id='word_1_420' title='bbox 2379 987 2435 1039; x_wconf 86' lang='grc' dir='ltr'>δὲ</span> <span class='ocrx_word' id='word_1_421' title='bbox 2469 989 2562 1041; x_wconf 70' lang='grc' dir='ltr'><strong>καὶ</strong></span> <span class='ocrx_word' id='word_1_422' title='bbox 2600 988 2758 1042; x_wconf 72' lang='grc' dir='ltr'>τοῦτο</span> <span class='ocrx_word' id='word_1_423' title='bbox 2789 990 3028 1059; x_wconf 76' lang='grc' dir='ltr'>δηλονότι</span> <span class='ocrx_word' id='word_1_424' title='bbox 3058 992 3156 1060; x_wconf 81' lang='grc' dir='ltr'><strong>τῆς</strong></span> <span class='ocrx_word' id='word_1_425' title='bbox 3191 990 3284 1045; x_wconf 85' lang='grc' dir='ltr'>ἀπ’</span> <span class='ocrx_word' id='word_1_426' title='bbox 3328 992 3500 1061; x_wconf 76' lang='grc' dir='ltr'>ἀρχῆς</span> <span class='ocrx_word' id='word_1_427' title='bbox 3555 991 3739 1043; x_wconf 69' lang='grc' dir='ltr'>αὐτῶν</span> 
     </span>
    </p>
   </div>
   <div class='ocr_carea' id='block_1_63' title="bbox 2155 1081 3742 1156">
    <p class='ocr_par' dir='ltr' id='par_1_63' title="bbox 2155 1081 3742 1156">
     <span class='ocr_line' id='line_1_63' title="bbox 2155 1081 3742 1156; baseline 0 -22"><span class='ocrx_word' id='word_1_428' title='bbox 2155 1081 2360 1146; x_wconf 85' lang='grc' dir='ltr'>θέσεως</span> <span class='ocrx_word' id='word_1_429' title='bbox 2390 1099 2404 1112; x_wconf 85' lang='grc'><strong>·</strong></span> <span class='ocrx_word' id='word_1_430' title='bbox 2444 1102 2463 1134; x_wconf 71' lang='grc' dir='ltr'><strong>ι</strong></span> <span class='ocrx_word' id='word_1_431' title='bbox 2507 1084 2582 1135; x_wconf 68' lang='lat' dir='ltr'><strong>(ib</strong></span> <span class='ocrx_word' id='word_1_432' title='bbox 2630 1083 3056 1153; x_wconf 80' lang='grc' dir='ltr'>δικαιωθήσεται</span> <span class='ocrx_word' id='word_1_433' title='bbox 3089 1086 3129 1116; x_wconf 90' lang='grc'>¹¹</span> <span class='ocrx_word' id='word_1_434' title='bbox 3171 1085 3279 1156; x_wconf 70' lang='grc' dir='ltr'><strong>γὰρ</strong></span> <span class='ocrx_word' id='word_1_435' title='bbox 3329 1084 3456 1156; x_wconf 70' lang='grc'><strong>[206</strong></span> <span class='ocrx_word' id='word_1_436' title='bbox 3500 1082 3592 1154; x_wconf 78' lang='lat' dir='ltr'><strong>IL]</strong></span> <span class='ocrx_word' id='word_1_437' title='bbox 3650 1086 3742 1135; x_wconf 84' lang='grc' dir='ltr'>ἐν-</span> 
     </span>
    </p>
   </div>
   <div class='ocr_carea' id='block_1_64' title="bbox 2154 1171 3742 1245">
    <p class='ocr_par' dir='ltr' id='par_1_64' title="bbox 2154 1171 3742 1245">
     <span class='ocr_line' id='line_1_64' title="bbox 2154 1171 3742 1245; baseline 0 -21"><span class='ocrx_word' id='word_1_438' title='bbox 2154 1171 2324 1225; x_wconf 91' lang='grc' dir='ltr'>ώπιόν</span> <span class='ocrx_word' id='word_1_439' title='bbox 2347 1190 2462 1237; x_wconf 86' lang='grc' dir='ltr'>σου,</span> <span class='ocrx_word' id='word_1_440' title='bbox 2487 1175 2639 1244; x_wconf 75' lang='grc' dir='ltr'>φησὶ,</span> <span class='ocrx_word' id='word_1_441' title='bbox 2660 1177 2809 1228; x_wconf 80' lang='grc' dir='ltr'>πᾶσα</span> <span class='ocrx_word' id='word_1_442' title='bbox 2830 1174 2985 1245; x_wconf 79' lang='grc' dir='ltr'>σάρξ,</span> <span class='ocrx_word' id='word_1_443' title='bbox 3017 1195 3034 1225; x_wconf 73' lang='grc' dir='ltr'><strong>ι</strong></span> <span class='ocrx_word' id='word_1_444' title='bbox 3057 1176 3150 1227; x_wconf 72' lang='grc' dir='ltr'><strong>καὶ</strong></span> <span class='ocrx_word' id='word_1_445' title='bbox 3177 1175 3243 1226; x_wconf 73' lang='grc' dir='ltr'><strong>τὰ</strong></span> <span class='ocrx_word' id='word_1_446' title='bbox 3260 1173 3505 1226; x_wconf 72' lang='grc' dir='ltr'>τοιαῦτα.</span> <span class='ocrx_word' id='word_1_447' title='bbox 3536 1173 3742 1240; x_wconf 75' lang='grc' dir='ltr'>Τέταρο</span> 
     </span>
    </p>
   </div>
   <div class='ocr_carea' id='block_1_65' title="bbox 2159 1265 3743 1336">
    <p class='ocr_par' dir='ltr' id='par_1_65' title="bbox 2159 1265 3743 1336">
     <span class='ocr_line' id='line_1_65' title="bbox 2159 1265 3743 1336; baseline -0.001 -18"><span class='ocrx_word' id='word_1_448' title='bbox 2159 1284 2252 1319; x_wconf 88' lang='grc' dir='ltr'><strong>τον</strong></span> <span class='ocrx_word' id='word_1_449' title='bbox 2290 1265 2354 1335; x_wconf 81' lang='grc' dir='ltr'><strong>(ὣ</strong></span> <span class='ocrx_word' id='word_1_450' title='bbox 2413 1267 2746 1336; x_wconf 80' lang='grc' dir='ltr'>βλασφήμων</span> <span class='ocrx_word' id='word_1_451' title='bbox 2791 1268 2886 1322; x_wconf 72' lang='grc' dir='ltr'>καὶ</span> <span class='ocrx_word' id='word_1_452' title='bbox 2941 1268 3218 1320; x_wconf 76' lang='grc' dir='ltr'>δυσσεϐὦν</span> <span class='ocrx_word' id='word_1_453' title='bbox 3257 1265 3602 1334; x_wconf 72' lang='grc' dir='ltr'>στομάτωνε)</span> <span class='ocrx_word' id='word_1_454' title='bbox 3663 1266 3743 1317; x_wconf 81' lang='grc' dir='ltr'>ὅτι</span> 
     </span>
    </p>
   </div>
   <div class='ocr_carea' id='block_1_66' title="bbox 2155 1357 3745 1430">
    <p class='ocr_par' dir='ltr' id='par_1_66' title="bbox 2155 1357 3745 1430">
     <span class='ocr_line' id='line_1_66' title="bbox 2155 1357 3745 1430; baseline -0.003 -18"><span class='ocrx_word' id='word_1_455' title='bbox 2155 1359 2265 1412; x_wconf 78' lang='grc' dir='ltr'>οὐδ’</span> <span class='ocrx_word' id='word_1_456' title='bbox 2295 1360 2324 1412; x_wconf 84' lang='grc' dir='ltr'>ὁ</span> <span class='ocrx_word' id='word_1_457' title='bbox 2356 1359 2595 1426; x_wconf 79' lang='grc' dir='ltr'>Χριστὸς</span> <span class='ocrx_word' id='word_1_458' title='bbox 2626 1362 2720 1412; x_wconf 77' lang='grc' dir='ltr'><strong>καὶ</strong></span> <span class='ocrx_word' id='word_1_459' title='bbox 2746 1361 2879 1423; x_wconf 78' lang='grc' dir='ltr'>Θεὸς</span> <span class='ocrx_word' id='word_1_460' title='bbox 2931 1358 3110 1430; x_wconf 82' lang='grc' dir='ltr'>ἡμῶν,</span> <span class='ocrx_word' id='word_1_461' title='bbox 3150 1359 3244 1412; x_wconf 61' lang='lat' dir='ltr'><strong>an;</strong></span> <span class='ocrx_word' id='word_1_462' title='bbox 3278 1359 3375 1428; x_wconf 85' lang='grc' dir='ltr'><strong>τὴν</strong></span> <span class='ocrx_word' id='word_1_463' title='bbox 3409 1357 3745 1428; x_wconf 79' lang='grc' dir='ltr'>ἡμαρτημέ-</span> 
     </span>
    </p>
   </div>
   <div class='ocr_carea' id='block_1_67' title="bbox 2157 1448 3744 1522">
    <p class='ocr_par' dir='ltr' id='par_1_67' title="bbox 2157 1448 3744 1522">
     <span class='ocr_line' id='line_1_67' title="bbox 2157 1448 3744 1522; baseline -0.004 -18"><span class='ocrx_word' id='word_1_464' title='bbox 2157 1469 2256 1521; x_wconf 88' lang='grc' dir='ltr'><strong>νην</strong></span> <span class='ocrx_word' id='word_1_465' title='bbox 2287 1451 2446 1520; x_wconf 83' lang='grc' dir='ltr'>φύσιν</span> <span class='ocrx_word' id='word_1_466' title='bbox 2477 1451 2882 1522; x_wconf 84' lang='grc' dir='ltr'>προσειληφὼς,</span> <span class='ocrx_word' id='word_1_467' title='bbox 2923 1451 3032 1505; x_wconf 73' lang='grc' dir='ltr'>οὐδ’</span> <span class='ocrx_word' id='word_1_468' title='bbox 3061 1453 3221 1512; x_wconf 70' lang='grc' dir='ltr'>αὐτὸς</span> <span class='ocrx_word' id='word_1_469' title='bbox 3251 1449 3593 1517; x_wconf 82' lang='grc' dir='ltr'>ἐκαθάρευεν</span> <span class='ocrx_word' id='word_1_470' title='bbox 3636 1448 3744 1503; x_wconf 77' lang='grc' dir='ltr'><strong>ἀπὸ</strong></span> 
     </span>
    </p>
   </div>
   <div class='ocr_carea' id='block_1_68' title="bbox 2163 1541 3742 1614">
    <p class='ocr_par' dir='ltr' id='par_1_68' title="bbox 2163 1541 3742 1614">
     <span class='ocr_line' id='line_1_68' title="bbox 2163 1541 3742 1614; baseline -0.003 -18"><span class='ocrx_word' id='word_1_471' title='bbox 2163 1544 2682 1614; x_wconf 82' lang='grc' dir='ltr'>ἀμαρτίας.Καίτοι</span> <span class='ocrx_word' id='word_1_472' title='bbox 2731 1542 2961 1612; x_wconf 84' lang='grc' dir='ltr'>ἀλλαχοῦ</span> <span class='ocrx_word' id='word_1_473' title='bbox 3021 1544 3118 1612; x_wconf 83' lang='grc' dir='ltr'>τῆς</span> <span class='ocrx_word' id='word_1_474' title='bbox 3161 1543 3516 1612; x_wconf 74' lang='grc' dir='ltr'>βλασφημίας</span> <span class='ocrx_word' id='word_1_475' title='bbox 3559 1541 3742 1594; x_wconf 71' lang='grc' dir='ltr'>αὐτῶν</span> 
     </span>
    </p>
   </div>
   <div class='ocr_carea' id='block_1_69' title="bbox 2159 1622 3741 1704">
    <p class='ocr_par' dir='ltr' id='par_1_69' title="bbox 2159 1633 3741 1704">
     <span class='ocr_line' id='line_1_69' title="bbox 2159 1633 3741 1704; baseline -0.001 -18"><span class='ocrx_word' id='word_1_476' title='bbox 2159 1633 2306 1689; x_wconf 84' lang='grc' dir='ltr'>έστιν</span> <span class='ocrx_word' id='word_1_477' title='bbox 2336 1635 2533 1698; x_wconf 78' lang='grc' dir='ltr'>αὐτοὺς</span> <span class='ocrx_word' id='word_1_478' title='bbox 2565 1636 2712 1698; x_wconf 84' lang='grc' dir='ltr'>ἰδεῖν,</span> <span class='ocrx_word' id='word_1_479' title='bbox 2740 1635 2814 1696; x_wconf 85' lang='grc' dir='ltr'><strong>ώς</strong></span> <span class='ocrx_word' id='word_1_480' title='bbox 2839 1634 3147 1703; x_wconf 80' lang='grc' dir='ltr'>φησιν,οὑδ“</span> <span class='ocrx_word' id='word_1_481' title='bbox 3184 1633 3412 1704; x_wconf 72' lang='grc' dir='ltr'>ἀληθείᾳ.</span> <span class='ocrx_word' id='word_1_482' title='bbox 3433 1634 3530 1685; x_wconf 73' lang='grc' dir='ltr'><strong>καὶ</strong></span> <span class='ocrx_word' id='word_1_483' title='bbox 3553 1633 3741 1701; x_wconf 77' lang='grc' dir='ltr'>φύσει,</span> 
     </span>
    </p>
   </div>
   <div class='ocr_carea' id='block_1_70' title="bbox 2165 1724 3747 1798">
    <p class='ocr_par' dir='ltr' id='par_1_70' title="bbox 2165 1724 3747 1798">
     <span class='ocr_line' id='line_1_70' title="bbox 2165 1724 3747 1798; baseline -0.003 -17"><span class='ocrx_word' id='word_1_484' title='bbox 2165 1729 2406 1798; x_wconf 79' lang='grc' dir='ltr'>σχήματι</span> <span class='ocrx_word' id='word_1_485' title='bbox 2469 1727 2526 1780; x_wconf 87' lang='grc' dir='ltr'><strong>δέ</strong></span> <span class='ocrx_word' id='word_1_486' title='bbox 2564 1728 2723 1797; x_wconf 79' lang='grc' dir='ltr'>μόνον</span> <span class='ocrx_word' id='word_1_487' title='bbox 2759 1729 2802 1759; x_wconf 85' lang='grc'>¹²</span> <span class='ocrx_word' id='word_1_488' title='bbox 2835 1727 3074 1789; x_wconf 80' lang='grc' dir='ltr'>διδόντας</span> <span class='ocrx_word' id='word_1_489' title='bbox 3112 1725 3262 1796; x_wconf 79' lang='grc' dir='ltr'>αὐτῷ</span> <span class='ocrx_word' id='word_1_490' title='bbox 3313 1727 3412 1795; x_wconf 81' lang='grc' dir='ltr'><strong>τὴν</strong></span> <span class='ocrx_word' id='word_1_491' title='bbox 3467 1724 3747 1794; x_wconf 85' lang='grc' dir='ltr'>ἐνανθρώ-</span> 
     </span>
    </p>
   </div>
   <div class='ocr_carea' id='block_1_71' title="bbox 2166 1817 3752 1891">
    <p class='ocr_par' dir='ltr' id='par_1_71' title="bbox 2166 1817 3752 1891">
     <span class='ocr_line' id='line_1_71' title="bbox 2166 1817 3752 1891; baseline -0.003 -20"><span class='ocrx_word' id='word_1_492' title='bbox 2166 1837 2354 1891; x_wconf 83' lang='grc' dir='ltr'>πησιν.</span> <span class='ocrx_word' id='word_1_493' title='bbox 2389 1818 2515 1890; x_wconf 81' lang='lat'><strong>[597</strong></span> <span class='ocrx_word' id='word_1_494' title='bbox 2549 1819 2643 1890; x_wconf 63' lang='lat' dir='ltr'><strong>IL]</strong></span> <span class='ocrx_word' id='word_1_495' title='bbox 2672 1820 2950 1889; x_wconf 82' lang='grc' dir='ltr'><strong>Πέμπτον,</strong></span> <span class='ocrx_word' id='word_1_496' title='bbox 2989 1819 3072 1870; x_wconf 85' lang='grc' dir='ltr'>ὅτι</span> <span class='ocrx_word' id='word_1_497' title='bbox 3104 1817 3196 1869; x_wconf 83' lang='grc' dir='ltr'><strong>τὸν</strong></span> <span class='ocrx_word' id='word_1_498' title='bbox 3236 1817 3434 1886; x_wconf 80' lang='grc' dir='ltr'>γάμον,</span> <span class='ocrx_word' id='word_1_499' title='bbox 3477 1819 3603 1886; x_wconf 71' lang='grc' dir='ltr'>ἤτοι</span> <span class='ocrx_word' id='word_1_500' title='bbox 3649 1817 3752 1884; x_wconf 74' lang='grc' dir='ltr'>τὴν</span> 
     </span>
    </p>
   </div>
   <div class='ocr_carea' id='block_1_72' title="bbox 2164 1911 3752 1983">
    <p class='ocr_par' dir='ltr' id='par_1_72' title="bbox 2164 1911 3752 1983">
     <span class='ocr_line' id='line_1_72' title="bbox 2164 1911 3752 1983; baseline -0.003 -17"><span class='ocrx_word' id='word_1_501' title='bbox 2164 1913 2264 1980; x_wconf 81' lang='grc' dir='ltr'>τῆς</span> <span class='ocrx_word' id='word_1_502' title='bbox 2297 1912 2494 1983; x_wconf 81' lang='grc' dir='ltr'>μίξεως</span> <span class='ocrx_word' id='word_1_503' title='bbox 2523 1912 2703 1982; x_wconf 78' lang='grc' dir='ltr'>ὄρεξιν</span> <span class='ocrx_word' id='word_1_504' title='bbox 2727 1914 2822 1966; x_wconf 71' lang='grc' dir='ltr'><strong>καὶ</strong></span> <span class='ocrx_word' id='word_1_505' title='bbox 2846 1914 2946 1983; x_wconf 84' lang='grc' dir='ltr'><strong>τὴν</strong></span> <span class='ocrx_word' id='word_1_506' title='bbox 2975 1911 3072 1965; x_wconf 82' lang='grc' dir='ltr'>τοῦ</span> <span class='ocrx_word' id='word_1_507' title='bbox 3097 1912 3411 1982; x_wconf 87' lang='grc' dir='ltr'>σπέρματος</span> <span class='ocrx_word' id='word_1_508' title='bbox 3433 1911 3752 1980; x_wconf 67' lang='grc' dir='ltr'>καταϐολὴν</span> 
     </span>
    </p>
   </div>
   <div class='ocr_carea' id='block_1_73' title="bbox 2167 1996 3748 2076">
    <p class='ocr_par' dir='ltr' id='par_1_73' title="bbox 2167 1996 3748 2076">
     <span class='ocr_line' id='line_1_73' title="bbox 2167 1996 3748 2076; baseline -0.005 -16"><span class='ocrx_word' id='word_1_509' title='bbox 2167 2007 2262 2060; x_wconf 76' lang='grc' dir='ltr'><strong>καὶ</strong></span> <span class='ocrx_word' id='word_1_510' title='bbox 2291 2006 2476 2059; x_wconf 88' lang='grc' dir='ltr'>πάντα</span> <span class='ocrx_word' id='word_1_511' title='bbox 2502 2006 2566 2076; x_wconf 84' lang='grc' dir='ltr'>δὴ</span> <span class='ocrx_word' id='word_1_512' title='bbox 2591 2005 2659 2058; x_wconf 79' lang='grc' dir='ltr'>τὰ</span> <span class='ocrx_word' id='word_1_513' title='bbox 2690 2006 2936 2070; x_wconf 79' lang='grc' dir='ltr'>τοιαῦτα,</span> <span class='ocrx_word' id='word_1_514' title='bbox 2968 2005 3062 2073; x_wconf 80' lang='grc' dir='ltr'>ἀφ’</span> <span class='ocrx_word' id='word_1_515' title='bbox 3088 1996 3272 2076; x_wconf 81' lang='grc' dir='ltr'>ὧνπερ</span> <span class='ocrx_word' id='word_1_516' title='bbox 3321 2005 3464 2057; x_wconf 80' lang='grc' dir='ltr'>κατὰ</span> <span class='ocrx_word' id='word_1_517' title='bbox 3493 2004 3748 2072; x_wconf 70' lang='grc' dir='ltr'>διαδοχὴν</span> 
     </span>
    </p>
   </div>
   <div class='ocr_carea' id='block_1_74' title="bbox 2166 2095 3754 2170">
    <p class='ocr_par' dir='ltr' id='par_1_74' title="bbox 2166 2095 3754 2170">
     <span class='ocr_line' id='line_1_74' title="bbox 2166 2095 3754 2170; baseline -0.004 -17"><span class='ocrx_word' id='word_1_518' title='bbox 2166 2099 2229 2153; x_wconf 83' lang='grc' dir='ltr'><strong>τδ</strong></span> <span class='ocrx_word' id='word_1_519' title='bbox 2261 2099 2531 2170; x_wconf 82' lang='grc' dir='ltr'>ἡμέτερον</span> <span class='ocrx_word' id='word_1_520' title='bbox 2564 2097 2720 2167; x_wconf 89' lang='grc' dir='ltr'>γένος</span> <span class='ocrx_word' id='word_1_521' title='bbox 2745 2096 2986 2162; x_wconf 70' lang='grc' dir='ltr'>αὒξεται,</span> <span class='ocrx_word' id='word_1_522' title='bbox 3009 2096 3108 2166; x_wconf 81' lang='grc' dir='ltr'><strong>τῆς</strong></span> <span class='ocrx_word' id='word_1_523' title='bbox 3139 2097 3420 2167; x_wconf 84' lang='grc' dir='ltr'>μοχθηρᾶς</span> <span class='ocrx_word' id='word_1_524' title='bbox 3447 2095 3588 2166; x_wconf 78' lang='grc' dir='ltr'>ἔργα</span> <span class='ocrx_word' id='word_1_525' title='bbox 3620 2097 3754 2163; x_wconf 77' lang='grc' dir='ltr'><strong>φασὶ</strong></span> 
     </span>
    </p>
   </div>
   <div class='ocr_carea' id='block_1_75' title="bbox 2169 2182 3751 2262">
    <p class='ocr_par' dir='ltr' id='par_1_75' title="bbox 2169 2182 3751 2262">
     <span class='ocr_line' id='line_1_75' title="bbox 2169 2182 3751 2262; baseline -0.034 27"><span class='ocrx_word' id='word_1_526' title='bbox 2169 2191 2410 2261; x_wconf 38' lang='lat' dir='ltr'><strong>vocem“</strong></span> <span class='ocrx_word' id='word_1_527' title='bbox 2437 2191 2518 2254; x_wconf 59' lang='grc' dir='ltr'><strong>εἰς</strong></span> <span class='ocrx_word' id='word_1_528' title='bbox 2549 2193 2616 2262; x_wconf 69' lang='grc' dir='ltr'><strong>ἢν</strong></span> <span class='ocrx_word' id='word_1_529' title='bbox 2644 2182 2731 2242; x_wconf 62' lang='grc' dir='ltr'><strong>διὰ</strong></span> <span class='ocrx_word' id='word_1_530' title='bbox 2754 2189 2855 2255; x_wconf 70' lang='grc' dir='ltr'><strong>τῆς</strong></span> <span class='ocrx_word' id='word_1_531' title='bbox 2879 2189 3155 2258; x_wconf 73' lang='grc' dir='ltr'>ἁμαρτίας</span> <span class='ocrx_word' id='word_1_532' title='bbox 3187 2186 3369 2241; x_wconf 85' lang='grc' dir='ltr'>πεσὼν</span> <span class='ocrx_word' id='word_1_533' title='bbox 3413 2190 3442 2241; x_wconf 85' lang='grc' dir='ltr'><strong>ό</strong></span> <span class='ocrx_word' id='word_1_534' title='bbox 3482 2187 3661 2256; x_wconf 75' lang='grc' dir='ltr'>Ἀδὰμ</span> <span class='ocrx_word' id='word_1_535' title='bbox 3684 2191 3751 2256; x_wconf 80' lang='grc' dir='ltr'>τῇ</span> 
     </span>
    </p>
   </div>
   <div class='ocr_carea' id='block_1_76' title="bbox 2175 2276 3753 2352">
    <p class='ocr_par' dir='ltr' id='par_1_76' title="bbox 2175 2276 3753 2352">
     <span class='ocr_line' id='line_1_76' title="bbox 2175 2276 3753 2352; baseline -0.002 -18"><span class='ocrx_word' id='word_1_536' title='bbox 2175 2282 2274 2351; x_wconf 86' lang='grc' dir='ltr'>τῆς</span> <span class='ocrx_word' id='word_1_537' title='bbox 2305 2281 2521 2351; x_wconf 82' lang='grc' dir='ltr'>φύσεως</span> <span class='ocrx_word' id='word_1_538' title='bbox 2572 2281 2743 2352; x_wconf 80' lang='grc' dir='ltr'>κακίᾳ.</span> <span class='ocrx_word' id='word_1_539' title='bbox 2780 2282 2870 2335; x_wconf 80' lang='grc' dir='ltr'><strong>τὸν</strong></span> <span class='ocrx_word' id='word_1_540' title='bbox 2911 2280 3076 2352; x_wconf 81' lang='grc' dir='ltr'>ἐσμὸν</span> <span class='ocrx_word' id='word_1_541' title='bbox 3119 2279 3343 2344; x_wconf 76' lang='grc' dir='ltr'>ἐδέξατο</span> <span class='ocrx_word' id='word_1_542' title='bbox 3384 2276 3497 2331; x_wconf 84' lang='grc' dir='ltr'>τῶν</span> <span class='ocrx_word' id='word_1_543' title='bbox 3541 2278 3753 2331; x_wconf 81' lang='grc' dir='ltr'>κακῶν.</span> 
     </span>
    </p>
   </div>
   <div class='ocr_carea' id='block_1_77' title="bbox 2183 2369 3381 2443">
    <p class='ocr_par' dir='ltr' id='par_1_77' title="bbox 2183 2369 3381 2443">
     <span class='ocr_line' id='line_1_77' title="bbox 2183 2369 3381 2443; baseline -0.003 -18"><span class='ocrx_word' id='word_1_544' title='bbox 2183 2371 2345 2427; x_wconf 84' lang='grc' dir='ltr'><strong>Ἀλλά</strong></span> <span class='ocrx_word' id='word_1_545' title='bbox 2377 2372 2446 2426; x_wconf 86' lang='grc' dir='ltr'>τὰ</span> <span class='ocrx_word' id='word_1_546' title='bbox 2475 2373 2571 2443; x_wconf 83' lang='grc' dir='ltr'><strong>μὲν</strong></span> <span class='ocrx_word' id='word_1_547' title='bbox 2603 2370 2709 2424; x_wconf 83' lang='grc' dir='ltr'>τῶν</span> <span class='ocrx_word' id='word_1_548' title='bbox 2731 2371 3117 2442; x_wconf 78' lang='grc' dir='ltr'>αίρετιζόντων</span> <span class='ocrx_word' id='word_1_549' title='bbox 3136 2369 3381 2422; x_wconf 77' lang='grc' dir='ltr'>τοιαῦτα.</span> 
     </span>
    </p>
   </div>
   <div class='ocr_carea' id='block_1_78' title="bbox 2253 2456 3756 2533">
    <p class='ocr_par' dir='ltr' id='par_1_78' title="bbox 2253 2456 3756 2533">
     <span class='ocr_line' id='line_1_78' title="bbox 2253 2456 3756 2533; baseline -0.003 -15"><span class='ocrx_word' id='word_1_550' title='bbox 2253 2466 2313 2518; x_wconf 87' lang='grc' dir='ltr'>Ὀ</span> <span class='ocrx_word' id='word_1_551' title='bbox 2340 2464 2395 2518; x_wconf 87' lang='grc' dir='ltr'>δὲ</span> <span class='ocrx_word' id='word_1_552' title='bbox 2418 2464 2692 2533; x_wconf 82' lang='grc' dir='ltr'>Θεόδωρος</span> <span class='ocrx_word' id='word_1_553' title='bbox 2720 2456 2872 2526; x_wconf 72' lang='grc' dir='ltr'>οὗτος</span> <span class='ocrx_word' id='word_1_554' title='bbox 2909 2462 2970 2516; x_wconf 78' lang='grc' dir='ltr'><strong>εὖ</strong></span> <span class='ocrx_word' id='word_1_555' title='bbox 2999 2463 3096 2531; x_wconf 83' lang='grc' dir='ltr'><strong>μὲν</strong></span> <span class='ocrx_word' id='word_1_556' title='bbox 3123 2463 3268 2514; x_wconf 85' lang='grc' dir='ltr'>ποιεῖ</span> <span class='ocrx_word' id='word_1_557' title='bbox 3286 2461 3756 2530; x_wconf 80' lang='grc' dir='ltr'>ἀποπεμπόμενος</span> 
     </span>
    </p>
   </div>
   <div class='ocr_carea' id='block_1_79' title="bbox 2175 2553 3760 2627">
    <p class='ocr_par' dir='ltr' id='par_1_79' title="bbox 2175 2553 3760 2627">
     <span class='ocr_line' id='line_1_79' title="bbox 2175 2553 3760 2627; baseline -0.006 -14"><span class='ocrx_word' id='word_1_558' title='bbox 2175 2559 2334 2623; x_wconf 82' lang='grc' dir='ltr'>αὐτὰ,</span> <span class='ocrx_word' id='word_1_559' title='bbox 2371 2556 2588 2627; x_wconf 80' lang='grc' dir='ltr'>ἐνιαχοῦ</span> <span class='ocrx_word' id='word_1_560' title='bbox 2611 2557 2668 2609; x_wconf 86' lang='grc' dir='ltr'><strong>δέ</strong></span> <span class='ocrx_word' id='word_1_561' title='bbox 2701 2557 2796 2609; x_wconf 73' lang='grc' dir='ltr'><strong>καὶ</strong></span> <span class='ocrx_word' id='word_1_562' title='bbox 2825 2557 3023 2626; x_wconf 85' lang='grc' dir='ltr'>ἄριστα</span> <span class='ocrx_word' id='word_1_563' title='bbox 3047 2555 3229 2608; x_wconf 82' lang='grc' dir='ltr'>αὐτῶν</span> <span class='ocrx_word' id='word_1_564' title='bbox 3250 2555 3343 2606; x_wconf 74' lang='grc' dir='ltr'><strong>καὶ</strong></span> <span class='ocrx_word' id='word_1_565' title='bbox 3370 2556 3467 2607; x_wconf 60' lang='grc' dir='ltr'><strong>σὺν</strong></span> <span class='ocrx_word' id='word_1_566' title='bbox 3503 2553 3652 2621; x_wconf 76' lang='grc' dir='ltr'>ἰσχύϊ</span> <span class='ocrx_word' id='word_1_567' title='bbox 3700 2554 3760 2604; x_wconf 81' lang='grc' dir='ltr'><strong>τὸ</strong></span> 
     </span>
    </p>
   </div>
   <div class='ocr_carea' id='block_1_80' title="bbox 2172 2646 3759 2719">
    <p class='ocr_par' dir='ltr' id='par_1_80' title="bbox 2172 2646 3759 2719">
     <span class='ocr_line' id='line_1_80' title="bbox 2172 2646 3759 2719; baseline -0.004 -14"><span class='ocrx_word' id='word_1_568' title='bbox 2172 2651 2468 2705; x_wconf 86' lang='grc' dir='ltr'>ἀλλόκοτον</span> <span class='ocrx_word' id='word_1_569' title='bbox 2499 2651 2593 2702; x_wconf 71' lang='grc' dir='ltr'>καὶ</span> <span class='ocrx_word' id='word_1_570' title='bbox 2629 2649 2948 2719; x_wconf 74' lang='grc' dir='ltr'>βλάσφημον</span> <span class='ocrx_word' id='word_1_571' title='bbox 2999 2646 3108 2699; x_wconf 86' lang='grc' dir='ltr'><strong>τῶν</strong></span> <span class='ocrx_word' id='word_1_572' title='bbox 3151 2646 3471 2716; x_wconf 68' lang='grc' dir='ltr'>ὑπολήψεων</span> <span class='ocrx_word' id='word_1_573' title='bbox 3518 2647 3759 2714; x_wconf 75' lang='grc' dir='ltr'>ἐπιρρα-</span> 
     </span>
    </p>
   </div>
   <div class='ocr_carea' id='block_1_81' title="bbox 2174 2738 3763 2812">
    <p class='ocr_par' dir='ltr' id='par_1_81' title="bbox 2174 2738 3763 2812">
     <span class='ocr_line' id='line_1_81' title="bbox 2174 2738 3763 2812; baseline -0.004 -16"><span class='ocrx_word' id='word_1_574' title='bbox 2174 2743 2344 2807; x_wconf 74' lang='grc' dir='ltr'>πίζει,</span> <span class='ocrx_word' id='word_1_575' title='bbox 2379 2743 2472 2796; x_wconf 71' lang='grc' dir='ltr'><strong>καὶ</strong></span> <span class='ocrx_word' id='word_1_576' title='bbox 2507 2744 2626 2804; x_wconf 87' lang='grc' dir='ltr'>ταῖς</span> <span class='ocrx_word' id='word_1_577' title='bbox 2651 2743 2954 2812; x_wconf 80' lang='grc' dir='ltr'>Γραφικαῖς</span> <span class='ocrx_word' id='word_1_578' title='bbox 2983 2741 3211 2808; x_wconf 78' lang='grc' dir='ltr'>φωναῖς,</span> <span class='ocrx_word' id='word_1_579' title='bbox 3243 2739 3309 2802; x_wconf 85' lang='grc' dir='ltr'>ἃς</span> <span class='ocrx_word' id='word_1_580' title='bbox 3331 2741 3529 2791; x_wconf 85' lang='grc' dir='ltr'>ἐκεῖνοι</span> <span class='ocrx_word' id='word_1_581' title='bbox 3571 2738 3763 2800; x_wconf 83' lang='grc' dir='ltr'>κακῶς</span> 
     </span>
    </p>
   </div>
   <div class='ocr_carea' id='block_1_82' title="bbox 2176 2832 3763 2908">
    <p class='ocr_par' dir='ltr' id='par_1_82' title="bbox 2176 2832 3763 2908">
     <span class='ocr_line' id='line_1_82' title="bbox 2176 2832 3763 2908; baseline -0.004 -18"><span class='ocrx_word' id='word_1_582' title='bbox 2176 2837 2566 2908; x_wconf 76' lang='grc' dir='ltr'>ἐξελάμϐανον,</span> <span class='ocrx_word' id='word_1_583' title='bbox 2622 2835 2723 2899; x_wconf 84' lang='grc' dir='ltr'>τὰς</span> <span class='ocrx_word' id='word_1_584' title='bbox 2790 2834 3158 2903; x_wconf 82' lang='grc' dir='ltr'>καταλλὴλους</span> <span class='ocrx_word' id='word_1_585' title='bbox 3223 2833 3432 2895; x_wconf 79' lang='grc' dir='ltr'>ἐννοίας</span> <span class='ocrx_word' id='word_1_586' title='bbox 3498 2832 3763 2902; x_wconf 74' lang='grc' dir='ltr'>ἁρμόζων</span> 
     </span>
    </p>
   </div>
   <div class='ocr_carea' id='block_1_83' title="bbox 2176 2922 3763 3000">
    <p class='ocr_par' dir='ltr' id='par_1_83' title="bbox 2176 2922 3763 3000">
     <span class='ocr_line' id='line_1_83' title="bbox 2176 2922 3763 3000; baseline -0.004 -18"><span class='ocrx_word' id='word_1_587' title='bbox 2176 2929 2409 3000; x_wconf 82' lang='grc' dir='ltr'>ἀμαθεῖς</span> <span class='ocrx_word' id='word_1_588' title='bbox 2434 2928 2631 2989; x_wconf 78' lang='grc' dir='ltr'>αὐτοὺς</span> <span class='ocrx_word' id='word_1_589' title='bbox 2652 2926 2871 2989; x_wconf 78' lang='grc' dir='ltr'>τελείως</span> <span class='ocrx_word' id='word_1_590' title='bbox 2894 2926 3192 2993; x_wconf 80' lang='grc' dir='ltr'>ἐξελέγχει.</span> <span class='ocrx_word' id='word_1_591' title='bbox 3223 2925 3336 2977; x_wconf 87' lang='grc' dir='ltr'><strong>Οὐκ</strong></span> <span class='ocrx_word' id='word_1_592' title='bbox 3365 2925 3454 2977; x_wconf 73' lang='grc' dir='ltr'>ἀεὶ</span> <span class='ocrx_word' id='word_1_593' title='bbox 3504 2922 3586 2987; x_wconf 85' lang='grc' dir='ltr'><strong>δέ,</strong></span> <span class='ocrx_word' id='word_1_594' title='bbox 3624 2923 3763 2975; x_wconf 77' lang='grc' dir='ltr'><strong>ἀλλά</strong></span> 
     </span>
    </p>
   </div>
   <div class='ocr_carea' id='block_1_84' title="bbox 2178 3014 3765 3092">
    <p class='ocr_par' dir='ltr' id='par_1_84' title="bbox 2178 3014 3765 3092">
     <span class='ocr_line' id='line_1_84' title="bbox 2178 3014 3765 3092; baseline -0.005 -18"><span class='ocrx_word' id='word_1_595' title='bbox 2178 3023 2278 3092; x_wconf 85' lang='grc' dir='ltr'>τήν</span> <span class='ocrx_word' id='word_1_596' title='bbox 2302 3039 2361 3074; x_wconf 88' lang='grc' dir='ltr'><strong>τε</strong></span> <span class='ocrx_word' id='word_1_597' title='bbox 2387 3019 2686 3089; x_wconf 83' lang='grc' dir='ltr'>Νεστορίου</span> <span class='ocrx_word' id='word_1_598' title='bbox 2745 3019 2954 3088; x_wconf 77' lang='grc' dir='ltr'>αἵρεσιν</span> <span class='ocrx_word' id='word_1_599' title='bbox 3005 3017 3212 3070; x_wconf 77' lang='grc' dir='ltr'>ὠδίνων</span> <span class='ocrx_word' id='word_1_600' title='bbox 3269 3017 3399 3086; x_wconf 80' lang='grc' dir='ltr'>ἡμῖν</span> <span class='ocrx_word' id='word_1_601' title='bbox 3451 3017 3510 3067; x_wconf 83' lang='grc' dir='ltr'><strong>ἐν</strong></span> <span class='ocrx_word' id='word_1_602' title='bbox 3544 3014 3765 3077; x_wconf 79' lang='grc' dir='ltr'>πολλοῖς</span> 
     </span>
    </p>
   </div>
   <div class='ocr_carea' id='block_1_85' title="bbox 2180 3106 3764 3180">
    <p class='ocr_par' dir='ltr' id='par_1_85' title="bbox 2180 3106 3764 3180">
     <span class='ocr_line' id='line_1_85' title="bbox 2180 3106 3764 3180; baseline -0.006 -13"><span class='ocrx_word' id='word_1_603' title='bbox 2180 3108 2380 3176; x_wconf 75' lang='grc' dir='ltr'>ὦπται,</span> <span class='ocrx_word' id='word_1_604' title='bbox 2412 3112 2505 3165; x_wconf 77' lang='grc' dir='ltr'><strong>καὶ</strong></span> <span class='ocrx_word' id='word_1_605' title='bbox 2523 3111 2623 3180; x_wconf 86' lang='grc' dir='ltr'>τὴν</span> <span class='ocrx_word' id='word_1_606' title='bbox 2669 3109 2974 3180; x_wconf 83' lang='grc' dir='ltr'>Ὠριγένους</span> <span class='ocrx_word' id='word_1_607' title='bbox 3041 3107 3184 3162; x_wconf 87' lang='grc' dir='ltr'><strong>κατὰ</strong></span> <span class='ocrx_word' id='word_1_608' title='bbox 3226 3124 3290 3176; x_wconf 85' lang='grc' dir='ltr'><strong>γε</strong></span> <span class='ocrx_word' id='word_1_609' title='bbox 3328 3108 3389 3160; x_wconf 81' lang='grc' dir='ltr'><strong>τὸ</strong></span> <span class='ocrx_word' id='word_1_610' title='bbox 3429 3106 3590 3170; x_wconf 81' lang='grc' dir='ltr'>τέλος</span> <span class='ocrx_word' id='word_1_611' title='bbox 3627 3109 3764 3159; x_wconf 83' lang='grc' dir='ltr'>ὐπο-</span> 
     </span>
    </p>
   </div>
   <div class='ocr_carea' id='block_1_86' title="bbox 2182 3197 3766 3273">
    <p class='ocr_par' dir='ltr' id='par_1_86' title="bbox 2182 3197 3766 3273">
     <span class='ocr_line' id='line_1_86' title="bbox 2182 3197 3766 3273; baseline -0.004 -17"><span class='ocrx_word' id='word_1_612' title='bbox 2182 3206 2378 3273; x_wconf 90' lang='grc' dir='ltr'>φωνείν</span> <span class='ocrx_word' id='word_1_613' title='bbox 2411 3203 2505 3270; x_wconf 84' lang='grc' dir='ltr'>τῆς</span> <span class='ocrx_word' id='word_1_614' title='bbox 2532 3201 2827 3262; x_wconf 77' lang='grc' dir='ltr'>κολάσεως.</span> <span class='ocrx_word' id='word_1_615' title='bbox 2857 3199 2978 3252; x_wconf 87' lang='grc' dir='ltr'>Ἔτι</span> <span class='ocrx_word' id='word_1_616' title='bbox 3003 3199 3059 3251; x_wconf 79' lang='grc' dir='ltr'>δὲ</span> <span class='ocrx_word' id='word_1_617' title='bbox 3090 3198 3212 3251; x_wconf 76' lang='grc' dir='ltr'><strong>οὐδέ</strong></span> <span class='ocrx_word' id='word_1_618' title='bbox 3267 3198 3328 3252; x_wconf 81' lang='grc' dir='ltr'><strong>τὸ</strong></span> <span class='ocrx_word' id='word_1_619' title='bbox 3364 3197 3548 3266; x_wconf 85' lang='grc' dir='ltr'>λέγειν</span> <span class='ocrx_word' id='word_1_620' title='bbox 3599 3199 3766 3250; x_wconf 78' lang='grc' dir='ltr'>αὐτὸν</span> 
     </span>
    </p>
   </div>
   <div class='ocr_carea' id='block_1_87' title="bbox 2181 3291 3765 3366">
    <p class='ocr_par' dir='ltr' id='par_1_87' title="bbox 2181 3291 3765 3366">
     <span class='ocr_line' id='line_1_87' title="bbox 2181 3291 3765 3366; baseline -0.005 -15"><span class='ocrx_word' id='word_1_621' title='bbox 2181 3298 2275 3351; x_wconf 82' lang='grc' dir='ltr'>ἀπ’</span> <span class='ocrx_word' id='word_1_622' title='bbox 2307 3295 2484 3366; x_wconf 83' lang='grc' dir='ltr'>ἀρχῆς</span> <span class='ocrx_word' id='word_1_623' title='bbox 2515 3295 2612 3365; x_wconf 83' lang='grc' dir='ltr'><strong>μὲν</strong></span> <span class='ocrx_word' id='word_1_624' title='bbox 2642 3294 2835 3364; x_wconf 82' lang='grc' dir='ltr'>θνητὸν</span> <span class='ocrx_word' id='word_1_625' title='bbox 2866 3293 3179 3347; x_wconf 80' lang='grc' dir='ltr'>πεπλάσθαι</span> <span class='ocrx_word' id='word_1_626' title='bbox 3210 3291 3301 3344; x_wconf 84' lang='grc' dir='ltr'>τὸν</span> <span class='ocrx_word' id='word_1_627' title='bbox 3345 3292 3537 3362; x_wconf 74' lang='grc' dir='ltr'>Ἀδὰμ,</span> <span class='ocrx_word' id='word_1_628' title='bbox 3587 3293 3765 3344; x_wconf 82' lang='grc' dir='ltr'>ἐνδεί-</span> 
     </span>
    </p>
   </div>
   <div class='ocr_carea' id='block_1_88' title="bbox 2184 3382 3769 3457">
    <p class='ocr_par' dir='ltr' id='par_1_88' title="bbox 2184 3382 3769 3457">
     <span class='ocr_line' id='line_1_88' title="bbox 2184 3382 3769 3457; baseline -0.004 -16"><span class='ocrx_word' id='word_1_629' title='bbox 2184 3388 2265 3454; x_wconf 83' lang='grc' dir='ltr'><strong>ξει</strong></span> <span class='ocrx_word' id='word_1_630' title='bbox 2295 3388 2352 3441; x_wconf 85' lang='grc' dir='ltr'><strong>δέ</strong></span> <span class='ocrx_word' id='word_1_631' title='bbox 2383 3387 2565 3457; x_wconf 82' lang='grc' dir='ltr'>μόνον,</span> <span class='ocrx_word' id='word_1_632' title='bbox 2601 3385 2688 3439; x_wconf 78' lang='grc' dir='ltr'><strong>ἵνα</strong></span> <span class='ocrx_word' id='word_1_633' title='bbox 2726 3385 3046 3454; x_wconf 81' lang='grc' dir='ltr'>μισήσωμεν</span> <span class='ocrx_word' id='word_1_634' title='bbox 3074 3382 3172 3452; x_wconf 80' lang='grc' dir='ltr'>τὴν</span> <span class='ocrx_word' id='word_1_635' title='bbox 3201 3383 3493 3453; x_wconf 84' lang='grc' dir='ltr'>ἁμαρτίαν,</span> <span class='ocrx_word' id='word_1_636' title='bbox 3552 3400 3769 3452; x_wconf 76' lang='grc' dir='ltr'>σχημαο</span> 
     </span>
    </p>
   </div>
   <div class='ocr_carea' id='block_1_89' title="bbox 2181 3475 3770 3545">
    <p class='ocr_par' dir='ltr' id='par_1_89' title="bbox 2181 3475 3770 3545">
     <span class='ocr_line' id='line_1_89' title="bbox 2181 3475 3770 3545; baseline -0.003 -11"><span class='ocrx_word' id='word_1_637' title='bbox 2181 3485 2329 3534; x_wconf 82' lang='grc' dir='ltr'>τίσαι</span> <span class='ocrx_word' id='word_1_638' title='bbox 2367 3478 2512 3534; x_wconf 81' lang='grc' dir='ltr'>οὓτω</span> <span class='ocrx_word' id='word_1_639' title='bbox 2542 3479 2632 3531; x_wconf 83' lang='grc' dir='ltr'><strong>τὸν</strong></span> <span class='ocrx_word' id='word_1_640' title='bbox 2661 3477 2811 3539; x_wconf 80' lang='grc' dir='ltr'>Θεὸν,</span> <span class='ocrx_word' id='word_1_641' title='bbox 2847 3476 2923 3538; x_wconf 87' lang='grc' dir='ltr'>ὼς</span> <span class='ocrx_word' id='word_1_642' title='bbox 2952 3475 3040 3530; x_wconf 79' lang='grc' dir='ltr'>διὰ</span> <span class='ocrx_word' id='word_1_643' title='bbox 3070 3476 3168 3544; x_wconf 85' lang='grc' dir='ltr'>τὴν</span> <span class='ocrx_word' id='word_1_644' title='bbox 3203 3476 3478 3545; x_wconf 80' lang='grc' dir='ltr'>ἁμαρτίαν</span> <span class='ocrx_word' id='word_1_645' title='bbox 3525 3478 3654 3529; x_wconf 85' lang='grc' dir='ltr'><strong>ἀντί</strong></span> <span class='ocrx_word' id='word_1_646' title='bbox 3689 3495 3770 3530; x_wconf 89' lang='grc' dir='ltr'>τι-</span> 
     </span>
    </p>
   </div>
   <div class='ocr_carea' id='block_1_90' title="bbox 2189 3568 3769 3646">
    <p class='ocr_par' dir='ltr' id='par_1_90' title="bbox 2189 3568 3769 3646">
     <span class='ocr_line' id='line_1_90' title="bbox 2189 3568 3769 3646; baseline -0.003 -18"><span class='ocrx_word' id='word_1_647' title='bbox 2189 3573 2401 3646; x_wconf 84' lang='grc' dir='ltr'>μωρίας</span> <span class='ocrx_word' id='word_1_648' title='bbox 2437 3572 2772 3624; x_wconf 76' lang='grc' dir='ltr'>ἐπιτέθειται</span> <span class='ocrx_word' id='word_1_649' title='bbox 2801 3572 2830 3622; x_wconf 87' lang='grc' dir='ltr'><strong>ό</strong></span> <span class='ocrx_word' id='word_1_650' title='bbox 2861 3568 3112 3632; x_wconf 87' lang='grc' dir='ltr'>Θάνατος,</span> <span class='ocrx_word' id='word_1_651' title='bbox 3143 3569 3204 3620; x_wconf 83' lang='grc' dir='ltr'><strong>οὐ</strong></span> <span class='ocrx_word' id='word_1_652' title='bbox 3241 3569 3340 3638; x_wconf 83' lang='grc' dir='ltr'><strong>μὲν</strong></span> <span class='ocrx_word' id='word_1_653' title='bbox 3370 3569 3461 3622; x_wconf 75' lang='grc' dir='ltr'><strong>οὖν</strong></span> <span class='ocrx_word' id='word_1_654' title='bbox 3499 3571 3769 3624; x_wconf 75' lang='grc' dir='ltr'>οὐδὲτοῦ-</span> 
     </span>
    </p>
   </div>
   <div class='ocr_carea' id='block_1_91' title="bbox 2183 3659 3770 3734">
    <p class='ocr_par' dir='ltr' id='par_1_91' title="bbox 2183 3659 3770 3734">
     <span class='ocr_line' id='line_1_91' title="bbox 2183 3659 3770 3734; baseline -0.004 -15"><span class='ocrx_word' id='word_1_655' title='bbox 2183 3666 2244 3719; x_wconf 82' lang='grc' dir='ltr'><strong>τό</strong></span> <span class='ocrx_word' id='word_1_656' title='bbox 2274 3683 2366 3734; x_wconf 90' lang='grc' dir='ltr'><strong>μοι</strong></span> <span class='ocrx_word' id='word_1_657' title='bbox 2395 3663 2588 3716; x_wconf 79' lang='grc' dir='ltr'>δοκοῦν</span> <span class='ocrx_word' id='word_1_658' title='bbox 2611 3664 2690 3726; x_wconf 87' lang='grc' dir='ltr'><strong>είς</strong></span> <span class='ocrx_word' id='word_1_659' title='bbox 2717 3661 2910 3732; x_wconf 81' lang='grc' dir='ltr'>ὀρθοὺς</span> <span class='ocrx_word' id='word_1_660' title='bbox 2935 3659 3231 3729; x_wconf 80' lang='grc' dir='ltr'>ἀναφέρειν</span> <span class='ocrx_word' id='word_1_661' title='bbox 3273 3659 3593 3728; x_wconf 73' lang='grc' dir='ltr'>λογισμοὺς,</span> <span class='ocrx_word' id='word_1_662' title='bbox 3631 3661 3770 3713; x_wconf 71' lang='grc' dir='ltr'>ὀ.)λά</span> 
     </span>
    </p>
   </div>
   <div class='ocr_carea' id='block_1_92' title="bbox 2185 3750 3772 3822">
    <p class='ocr_par' dir='ltr' id='par_1_92' title="bbox 2185 3750 3772 3822">
     <span class='ocr_line' id='line_1_92' title="bbox 2185 3750 3772 3822; baseline -0.004 -13"><span class='ocrx_word' id='word_1_663' title='bbox 2185 3756 2282 3809; x_wconf 76' lang='grc' dir='ltr'><strong>καὶ</strong></span> <span class='ocrx_word' id='word_1_664' title='bbox 2312 3754 2513 3817; x_wconf 77' lang='grc' dir='ltr'>πολλάς</span> <span class='ocrx_word' id='word_1_665' title='bbox 2566 3753 2790 3822; x_wconf 82' lang='grc' dir='ltr'>ὑπέχειν</span> <span class='ocrx_word' id='word_1_666' title='bbox 2840 3750 2941 3813; x_wconf 81' lang='grc' dir='ltr'>τὰς</span> <span class='ocrx_word' id='word_1_667' title='bbox 2995 3751 3248 3814; x_wconf 84' lang='grc' dir='ltr'>εὐθύνας,</span> <span class='ocrx_word' id='word_1_668' title='bbox 3288 3751 3459 3814; x_wconf 80' lang='grc' dir='ltr'>εἴτις</span> <span class='ocrx_word' id='word_1_669' title='bbox 3509 3753 3772 3805; x_wconf 81' lang='grc' dir='ltr'>ἀπαιτεῖν</span> 
     </span>
    </p>
   </div>
   <div class='ocr_carea' id='block_1_93' title="bbox 2186 3841 3770 3913">
    <p class='ocr_par' dir='ltr' id='par_1_93' title="bbox 2186 3841 3770 3913">
     <span class='ocr_line' id='line_1_93' title="bbox 2186 3841 3770 3913; baseline -0.004 -11"><span class='ocrx_word' id='word_1_670' title='bbox 2186 3848 2382 3913; x_wconf 89' lang='grc' dir='ltr'>ἐθέλοι,</span> <span class='ocrx_word' id='word_1_671' title='bbox 2415 3845 2538 3912; x_wconf 83' lang='grc' dir='ltr'><strong>κᾶν,</strong></span> <span class='ocrx_word' id='word_1_672' title='bbox 2563 3845 2636 3907; x_wconf 83' lang='grc' dir='ltr'>ὡς</span> <span class='ocrx_word' id='word_1_673' title='bbox 2658 3845 2864 3906; x_wconf 83' lang='grc' dir='ltr'>ἐκεῖνος</span> <span class='ocrx_word' id='word_1_674' title='bbox 2889 3843 3054 3906; x_wconf 79' lang='grc' dir='ltr'>εἴποι,</span> <span class='ocrx_word' id='word_1_675' title='bbox 3086 3841 3288 3904; x_wconf 86' lang='grc' dir='ltr'>ίκανῶς</span> <span class='ocrx_word' id='word_1_676' title='bbox 3316 3843 3348 3912; x_wconf 83' lang='grc' dir='ltr'><strong>ἡ</strong></span> <span class='ocrx_word' id='word_1_677' title='bbox 3381 3842 3605 3913; x_wconf 76' lang='grc' dir='ltr'>τοιαύτη</span> <span class='ocrx_word' id='word_1_678' title='bbox 3642 3845 3770 3906; x_wconf 77' lang='grc' dir='ltr'>δόξα</span> 
     </span>
    </p>
   </div>
   <div class='ocr_carea' id='block_1_94' title="bbox 2186 3933 3771 4010">
    <p class='ocr_par' dir='ltr' id='par_1_94' title="bbox 2186 3933 3771 4010">
     <span class='ocr_line' id='line_1_94' title="bbox 2186 3933 3771 4010; baseline -0.005 -18"><span class='ocrx_word' id='word_1_679' title='bbox 2186 3940 2324 4010; x_wconf 81' lang='grc' dir='ltr'>πρὸς</span> <span class='ocrx_word' id='word_1_680' title='bbox 2355 3941 2480 3995; x_wconf 79' lang='grc' dir='ltr'>τοὺς</span> <span class='ocrx_word' id='word_1_681' title='bbox 2506 3933 2830 4005; x_wconf 84' lang='grc' dir='ltr'>αίρεσιώτας</span> <span class='ocrx_word' id='word_1_682' title='bbox 2863 3933 3218 4004; x_wconf 85' lang='grc' dir='ltr'>ἀπομάχηται</span> <span class='ocrx_word' id='word_1_683' title='bbox 3251 3933 3313 3986; x_wconf 84' lang='grc'>¹³.</span> <span class='ocrx_word' id='word_1_684' title='bbox 3351 3934 3425 3987; x_wconf 75' lang='grc' dir='ltr'><strong>Οὐ</strong></span> <span class='ocrx_word' id='word_1_685' title='bbox 3483 3935 3593 4002; x_wconf 72' lang='grc' dir='ltr'>γὰρ</span> <span class='ocrx_word' id='word_1_686' title='bbox 3633 3937 3688 3987; x_wconf 82' lang='grc' dir='ltr'>εἰ</span> <span class='ocrx_word' id='word_1_687' title='bbox 3719 3951 3771 3984; x_wconf 85' lang='grc' dir='ltr'><strong>τι</strong></span> 
     </span>
    </p>
   </div>
   <div class='ocr_carea' id='block_1_95' title="bbox 2186 4025 3770 4101">
    <p class='ocr_par' dir='ltr' id='par_1_95' title="bbox 2186 4025 3770 4101">
     <span class='ocr_line' id='line_1_95' title="bbox 2186 4025 3770 4101; baseline -0.007 -16"><span class='ocrx_word' id='word_1_688' title='bbox 2186 4028 2604 4101; x_wconf 81' lang='grc' dir='ltr'>διαμάχεταιτῷ</span> <span class='ocrx_word' id='word_1_689' title='bbox 2619 4028 2845 4097; x_wconf 81' lang='grc' dir='ltr'>χείρονι,</span> <span class='ocrx_word' id='word_1_690' title='bbox 2870 4027 3076 4093; x_wconf 85' lang='grc' dir='ltr'>ἀγαθόν</span> <span class='ocrx_word' id='word_1_691' title='bbox 3100 4042 3114 4055; x_wconf 88' lang='grc'><strong>·</strong></span> <span class='ocrx_word' id='word_1_692' title='bbox 3145 4025 3238 4078; x_wconf 73' lang='grc' dir='ltr'><strong>καὶ</strong></span> <span class='ocrx_word' id='word_1_693' title='bbox 3289 4026 3398 4095; x_wconf 79' lang='grc' dir='ltr'><strong>γὰρ</strong></span> <span class='ocrx_word' id='word_1_694' title='bbox 3456 4027 3549 4077; x_wconf 74' lang='grc' dir='ltr'><strong>καὶ</strong></span> <span class='ocrx_word' id='word_1_695' title='bbox 3588 4026 3770 4094; x_wconf 80' lang='grc' dir='ltr'>ἐαυτῷ</span> 
     </span>
    </p>
   </div>
   <div class='ocr_carea' id='block_1_96' title="bbox 2192 4117 3772 4193">
    <p class='ocr_par' dir='ltr' id='par_1_96' title="bbox 2192 4117 3772 4193">
     <span class='ocr_line' id='line_1_96' title="bbox 2192 4117 3772 4193; baseline -0.011 -16"><span class='ocrx_word' id='word_1_696' title='bbox 2192 4125 2423 4193; x_wconf 88' lang='grc' dir='ltr'>μάχεται</span> <span class='ocrx_word' id='word_1_697' title='bbox 2455 4123 2514 4174; x_wconf 88' lang='grc' dir='ltr'><strong>τὸ</strong></span> <span class='ocrx_word' id='word_1_698' title='bbox 2542 4122 2710 4174; x_wconf 88' lang='grc' dir='ltr'>κακόν</span> <span class='ocrx_word' id='word_1_699' title='bbox 2735 4136 2748 4149; x_wconf 92' lang='grc'><strong>·</strong></span> <span class='ocrx_word' id='word_1_700' title='bbox 2781 4118 2895 4171; x_wconf 85' lang='grc' dir='ltr'>ἀλλ’</span> <span class='ocrx_word' id='word_1_701' title='bbox 2926 4118 3054 4170; x_wconf 83' lang='grc' dir='ltr'>εἴτι</span> <span class='ocrx_word' id='word_1_702' title='bbox 3080 4117 3370 4187; x_wconf 81' lang='grc' dir='ltr'>σύμφωνον</span> <span class='ocrx_word' id='word_1_703' title='bbox 3426 4117 3576 4189; x_wconf 79' lang='grc' dir='ltr'>ὀρθῷ</span> <span class='ocrx_word' id='word_1_704' title='bbox 3622 4121 3772 4188; x_wconf 74' lang='grc' dir='ltr'>λογι-</span> 
     </span>
    </p>
   </div>
   <div class='ocr_carea' id='block_1_97' title="bbox 2191 4210 3773 4287">
    <p class='ocr_par' dir='ltr' id='par_1_97' title="bbox 2191 4210 3773 4287">
     <span class='ocr_line' id='line_1_97' title="bbox 2191 4210 3773 4287; baseline -0.003 -19"><span class='ocrx_word' id='word_1_705' title='bbox 2191 4216 2314 4287; x_wconf 79' lang='grc' dir='ltr'>σμῷ</span> <span class='ocrx_word' id='word_1_706' title='bbox 2343 4215 2435 4267; x_wconf 74' lang='grc' dir='ltr'><strong>καὶ</strong></span> <span class='ocrx_word' id='word_1_707' title='bbox 2461 4213 2738 4284; x_wconf 83' lang='grc' dir='ltr'>γνώριμον</span> <span class='ocrx_word' id='word_1_708' title='bbox 2779 4214 2896 4274; x_wconf 85' lang='grc' dir='ltr'>ταῖς</span> <span class='ocrx_word' id='word_1_709' title='bbox 2918 4210 3091 4272; x_wconf 86' lang='grc' dir='ltr'>θείαις</span> <span class='ocrx_word' id='word_1_710' title='bbox 3121 4210 3388 4280; x_wconf 82' lang='grc' dir='ltr'>Γραφαῖς,</span> <span class='ocrx_word' id='word_1_711' title='bbox 3433 4210 3598 4262; x_wconf 78' lang='grc' dir='ltr'>τοῦτο</span> <span class='ocrx_word' id='word_1_712' title='bbox 3639 4214 3773 4264; x_wconf 80' lang='grc' dir='ltr'>ἀπο-</span> 
     </span>
    </p>
   </div>
   <div class='ocr_carea' id='block_1_98' title="bbox 2190 4301 3772 4374">
    <p class='ocr_par' dir='ltr' id='par_1_98' title="bbox 2190 4301 3772 4374">
     <span class='ocr_line' id='line_1_98' title="bbox 2190 4301 3772 4374; baseline -0.003 -14"><span class='ocrx_word' id='word_1_713' title='bbox 2190 4307 2400 4372; x_wconf 75' lang='grc' dir='ltr'>δεκτὺν,</span> <span class='ocrx_word' id='word_1_714' title='bbox 2427 4305 2528 4358; x_wconf 80' lang='grc' dir='ltr'><strong>κᾶν</strong></span> <span class='ocrx_word' id='word_1_715' title='bbox 2559 4305 2786 4374; x_wconf 73' lang='grc' dir='ltr'>οὐδεμία</span> <span class='ocrx_word' id='word_1_716' title='bbox 2819 4303 3029 4373; x_wconf 79' lang='grc' dir='ltr'>αἵρεσις</span> <span class='ocrx_word' id='word_1_717' title='bbox 3080 4301 3357 4371; x_wconf 88' lang='grc' dir='ltr'>μάχεσθαι</span> <span class='ocrx_word' id='word_1_718' title='bbox 3415 4302 3598 4373; x_wconf 81' lang='grc' dir='ltr'>τολμᾷ</span> <span class='ocrx_word' id='word_1_719' title='bbox 3635 4305 3772 4372; x_wconf 69' lang='grc' dir='ltr'>πρὸς</span> 
     </span>
    </p>
   </div>
   <div class='ocr_carea' id='block_1_99' title="bbox 2193 4399 2343 4452">
    <p class='ocr_par' dir='ltr' id='par_1_99' title="bbox 2193 4399 2343 4452">
     <span class='ocr_line' id='line_1_99' title="bbox 2193 4399 2343 4452; baseline -0.007 0"><span class='ocrx_word' id='word_1_720' title='bbox 2193 4399 2343 4452; x_wconf 77' lang='grc' dir='ltr'>αὑτό.</span> 
     </span>
    </p>
   </div>
   <div class='ocr_carea' id='block_1_100' title="bbox 2269 4570 3772 4642">
    <p class='ocr_par' dir='ltr' id='par_1_100' title="bbox 2269 4570 3772 4642">
     <span class='ocr_line' id='line_1_100' title="bbox 2269 4570 3772 4642; baseline -0.003 -15"><span class='ocrx_word' id='word_1_721' title='bbox 2269 4574 2476 4628; x_wconf 83' lang='grc' dir='ltr'>Ἔτιδέ</span> <span class='ocrx_word' id='word_1_722' title='bbox 2508 4575 2730 4626; x_wconf 82' lang='grc' dir='ltr'>κάκεῖνο</span> <span class='ocrx_word' id='word_1_723' title='bbox 2757 4573 2856 4626; x_wconf 82' lang='grc' dir='ltr'><strong>οὐκ</strong></span> <span class='ocrx_word' id='word_1_724' title='bbox 2902 4573 3142 4642; x_wconf 83' lang='grc' dir='ltr'>ἐγκρίνω</span> <span class='ocrx_word' id='word_1_725' title='bbox 3194 4570 3372 4639; x_wconf 81' lang='grc' dir='ltr'>ἔγωγε</span> <span class='ocrx_word' id='word_1_726' title='bbox 3438 4573 3556 4633; x_wconf 82' lang='grc' dir='ltr'>τοῖς</span> <span class='ocrx_word' id='word_1_727' title='bbox 3604 4570 3703 4638; x_wconf 76' lang='grc' dir='ltr'>τῆς</span> <span class='ocrx_word' id='word_1_728' title='bbox 3727 4571 3772 4600; x_wconf 68' lang='grc'><strong>’⁸</strong></span> 
     </span>
    </p>
   </div>
   <div class='ocr_carea' id='block_1_101' title="bbox 2195 4664 3770 4738">
    <p class='ocr_par' dir='ltr' id='par_1_101' title="bbox 2195 4664 3770 4738">
     <span class='ocr_line' id='line_1_101' title="bbox 2195 4664 3770 4738; baseline -0.003 -17"><span class='ocrx_word' id='word_1_729' title='bbox 2195 4667 2457 4738; x_wconf 81' lang='grc' dir='ltr'>ἀληθείας</span> <span class='ocrx_word' id='word_1_730' title='bbox 2486 4666 2742 4734; x_wconf 87' lang='grc' dir='ltr'>δόγμασι,</span> <span class='ocrx_word' id='word_1_731' title='bbox 2765 4666 3074 4736; x_wconf 84' lang='grc' dir='ltr'>περιέργως</span> <span class='ocrx_word' id='word_1_732' title='bbox 3104 4682 3162 4718; x_wconf 88' lang='grc' dir='ltr'><strong>τε</strong></span> <span class='ocrx_word' id='word_1_733' title='bbox 3194 4664 3491 4735; x_wconf 80' lang='grc' dir='ltr'>εἰρημένον</span> <span class='ocrx_word' id='word_1_734' title='bbox 3527 4665 3620 4716; x_wconf 70' lang='grc' dir='ltr'><strong>καὶ</strong></span> <span class='ocrx_word' id='word_1_735' title='bbox 3650 4665 3770 4716; x_wconf 75' lang='grc' dir='ltr'>οὐδὲ</span> 
     </span>
    </p>
   </div>
   <div class='ocr_carea' id='block_1_102' title="bbox 2192 4753 3777 4824">
    <p class='ocr_par' dir='ltr' id='par_1_102' title="bbox 2192 4753 3777 4824">
     <span class='ocr_line' id='line_1_102' title="bbox 2192 4753 3777 4824; baseline 0.001 -19"><span class='ocrx_word' id='word_1_736' title='bbox 2192 4755 2469 4824; x_wconf 83' lang='grc' dir='ltr'>γνώριμον</span> <span class='ocrx_word' id='word_1_737' title='bbox 2507 4756 2575 4822; x_wconf 84' lang='grc' dir='ltr'>τῇ</span> <span class='ocrx_word' id='word_1_738' title='bbox 2619 4753 2916 4824; x_wconf 75' lang='grc' dir='ltr'>Ἐκκλησία</span> <span class='ocrx_word' id='word_1_739' title='bbox 2953 4753 3044 4806; x_wconf 82' lang='grc' dir='ltr'>τοῦ</span> <span class='ocrx_word' id='word_1_740' title='bbox 3091 4755 3249 4815; x_wconf 81' lang='grc' dir='ltr'>Θεοῦ,</span> <span class='ocrx_word' id='word_1_741' title='bbox 3300 4753 3359 4805; x_wconf 82' lang='grc' dir='ltr'><strong>τὸ</strong></span> <span class='ocrx_word' id='word_1_742' title='bbox 3406 4754 3502 4806; x_wconf 74' lang='grc' dir='ltr'><strong>δύο</strong></span> <span class='ocrx_word' id='word_1_743' title='bbox 3552 4757 3777 4822; x_wconf 66' lang='grc' dir='ltr'>ἀφέσεις</span> 
     </span>
    </p>
   </div>
   <div class='ocr_carea' id='block_1_103' title="bbox 2195 4842 3772 4916">
    <p class='ocr_par' dir='ltr' id='par_1_103' title="bbox 2195 4842 3772 4916">
     <span class='ocr_line' id='line_1_103' title="bbox 2195 4842 3772 4916; baseline -0.001 -17"><span class='ocrx_word' id='word_1_744' title='bbox 2195 4846 2477 4916; x_wconf 83' lang='grc' dir='ltr'>ἁμαρτιῶν</span> <span class='ocrx_word' id='word_1_745' title='bbox 2508 4842 2643 4898; x_wconf 86' lang='grc' dir='ltr'>εἶναι</span> <span class='ocrx_word' id='word_1_746' title='bbox 2668 4844 2869 4911; x_wconf 85' lang='grc' dir='ltr'>λέγειν,</span> <span class='ocrx_word' id='word_1_747' title='bbox 2886 4847 2984 4915; x_wconf 78' lang='grc' dir='ltr'><strong>τὴν</strong></span> <span class='ocrx_word' id='word_1_748' title='bbox 3015 4847 3112 4914; x_wconf 83' lang='grc' dir='ltr'><strong>μὲν</strong></span> <span class='ocrx_word' id='word_1_749' title='bbox 3134 4845 3240 4899; x_wconf 84' lang='grc' dir='ltr'><strong>τῶν</strong></span> <span class='ocrx_word' id='word_1_750' title='bbox 3266 4847 3681 4914; x_wconf 79' lang='grc' dir='ltr'>πεπραγμένων</span> <span class='ocrx_word' id='word_1_751' title='bbox 3708 4846 3772 4908; x_wconf 86' lang='grc'><strong>¹³,</strong></span> 
     </span>
    </p>
   </div>
   <div class='ocr_carea' id='block_1_104' title="bbox 2191 4932 3778 5009">
    <p class='ocr_par' dir='ltr' id='par_1_104' title="bbox 2191 4932 3778 5009">
     <span class='ocr_line' id='line_1_104' title="bbox 2191 4932 3778 5009; baseline -0.001 -19"><span class='ocrx_word' id='word_1_752' title='bbox 2191 4940 2292 5009; x_wconf 76' lang='grc' dir='ltr'>τὴν</span> <span class='ocrx_word' id='word_1_753' title='bbox 2329 4939 2387 4991; x_wconf 82' lang='grc' dir='ltr'><strong>δὲ</strong></span> <span class='ocrx_word' id='word_1_754' title='bbox 2415 4939 2516 4990; x_wconf 79' lang='grc' dir='ltr'>οὐκ</span> <span class='ocrx_word' id='word_1_755' title='bbox 2543 4932 2640 4990; x_wconf 75' lang='grc' dir='ltr'>οἷδ’</span> <span class='ocrx_word' id='word_1_756' title='bbox 2674 4939 2822 5000; x_wconf 83' lang='grc' dir='ltr'>ὅπως</span> <span class='ocrx_word' id='word_1_757' title='bbox 2860 4939 3004 4990; x_wconf 82' lang='grc' dir='ltr'>εἴποι</span> <span class='ocrx_word' id='word_1_758' title='bbox 3067 4954 3151 5000; x_wconf 88' lang='grc' dir='ltr'><strong>τις</strong></span> <span class='ocrx_word' id='word_1_759' title='bbox 3180 4937 3246 4990; x_wconf 83' lang='grc' dir='ltr'><strong>ἂν</strong></span> <span class='ocrx_word' id='word_1_760' title='bbox 3296 4938 3390 4989; x_wconf 80' lang='grc' dir='ltr'><strong>καὶ</strong></span> <span class='ocrx_word' id='word_1_761' title='bbox 3421 4938 3644 5004; x_wconf 71' lang='grc' dir='ltr'>ἄφεσιν,</span> <span class='ocrx_word' id='word_1_762' title='bbox 3700 4936 3778 4997; x_wconf 83' lang='grc' dir='ltr'><strong>ὡς</strong></span> 
     </span>
    </p>
   </div>
   <div class='ocr_carea' id='block_1_105' title="bbox 2195 5028 3776 5101">
    <p class='ocr_par' dir='ltr' id='par_1_105' title="bbox 2195 5028 3776 5101">
     <span class='ocr_line' id='line_1_105' title="bbox 2195 5028 3776 5101; baseline -0.001 -19"><span class='ocrx_word' id='word_1_763' title='bbox 2195 5032 2404 5095; x_wconf 88' lang='grc' dir='ltr'>ἐκεῖνος</span> <span class='ocrx_word' id='word_1_764' title='bbox 2431 5029 2600 5097; x_wconf 83' lang='grc' dir='ltr'>λέγει,</span> <span class='ocrx_word' id='word_1_765' title='bbox 2629 5031 2802 5101; x_wconf 78' lang='grc' dir='ltr'>αὐτὴν</span> <span class='ocrx_word' id='word_1_766' title='bbox 2833 5028 2931 5099; x_wconf 82' lang='grc' dir='ltr'><strong>τὴν</strong></span> <span class='ocrx_word' id='word_1_767' title='bbox 2965 5029 3379 5100; x_wconf 84' lang='grc' dir='ltr'>ἀναμαρτησὶαν</span> <span class='ocrx_word' id='word_1_768' title='bbox 3423 5030 3548 5100; x_wconf 73' lang='grc' dir='ltr'>ἦτοι</span> <span class='ocrx_word' id='word_1_769' title='bbox 3578 5028 3642 5082; x_wconf 79' lang='grc' dir='ltr'>τὸ</span> <span class='ocrx_word' id='word_1_770' title='bbox 3673 5043 3776 5097; x_wconf 74' lang='grc' dir='ltr'>μη·</span> 
     </span>
    </p>
   </div>
   <div class='ocr_carea' id='block_1_106' title="bbox 1796 5257 2472 5314">
    <p class='ocr_par' dir='ltr' id='par_1_106' title="bbox 1796 5257 2472 5314">
     <span class='ocr_line' id='line_1_106' title="bbox 1796 5257 2472 5314; baseline -0.003 -2"><span class='ocrx_word' id='word_1_771' title='bbox 1796 5257 2030 5313; x_wconf 61' lang='grc' dir='ltr'><strong>ΥΑΒΙᾹΞ</strong></span> <span class='ocrx_word' id='word_1_772' title='bbox 2056 5257 2472 5314; x_wconf 75' lang='lat' dir='ltr'><strong>LECTIONES.</strong></span> 
     </span>
    </p>
   </div>
   <div class='ocr_carea' id='block_1_107' title="bbox 595 5391 1396 5464">
    <p class='ocr_par' dir='ltr' id='par_1_107' title="bbox 595 5391 1396 5464">
     <span class='ocr_line' id='line_1_107' title="bbox 595 5391 1396 5464; baseline -0.001 -19"><span class='ocrx_word' id='word_1_773' title='bbox 595 5395 618 5464; x_wconf 53' lang='grc' dir='ltr'><strong><em>Ψ</em></strong></span> <span class='ocrx_word' id='word_1_774' title='bbox 650 5396 706 5446; x_wconf 90' lang='grc' dir='ltr'><strong>ἐν</strong></span> <span class='ocrx_word' id='word_1_775' title='bbox 723 5391 1048 5464; x_wconf 78' lang='grc' dir='ltr'>ἁμαρτίαις]</span> <span class='ocrx_word' id='word_1_776' title='bbox 1088 5392 1231 5447; x_wconf 81' lang='lat' dir='ltr'><strong>Psal.</strong></span> <span class='ocrx_word' id='word_1_777' title='bbox 1265 5409 1318 5455; x_wconf 81' lang='grc' dir='ltr'>ι,</span> <span class='ocrx_word' id='word_1_778' title='bbox 1347 5393 1396 5444; x_wconf 86' lang='lat'><strong>7.</strong></span> 
     </span>
    </p>
   </div>
   <div class='ocr_carea' id='block_1_108' title="bbox 506 5463 1982 5534">
    <p class='ocr_par' dir='ltr' id='par_1_108' title="bbox 506 5463 1982 5534">
     <span class='ocr_line' id='line_1_108' title="bbox 506 5463 1982 5534; baseline 0.003 -17"><span class='ocrx_word' id='word_1_779' title='bbox 506 5463 783 5529; x_wconf 86' lang='grc' dir='ltr'>διαδόντας</span> <span class='ocrx_word' id='word_1_780' title='bbox 805 5467 869 5518; x_wconf 84' lang='lat' dir='ltr'><strong>A.</strong></span> <span class='ocrx_word' id='word_1_781' title='bbox 951 5466 992 5494; x_wconf 84' lang='grc'><strong>¹³</strong></span> <span class='ocrx_word' id='word_1_782' title='bbox 1022 5463 1364 5534; x_wconf 84' lang='grc' dir='ltr'>ἀπομάχεται</span> <span class='ocrx_word' id='word_1_783' title='bbox 1390 5463 1456 5518; x_wconf 85' lang='grc' dir='ltr'>Λ.</span> <span class='ocrx_word' id='word_1_784' title='bbox 1554 5465 1597 5494; x_wconf 65' lang='grc'><strong><em>³⁵</em></strong></span> <span class='ocrx_word' id='word_1_785' title='bbox 1627 5464 1725 5533; x_wconf 79' lang='grc' dir='ltr'>τῆς</span> <span class='ocrx_word' id='word_1_786' title='bbox 1759 5463 1889 5520; x_wconf 74' lang='lat' dir='ltr'><strong>add.</strong></span> <span class='ocrx_word' id='word_1_787' title='bbox 1918 5463 1982 5522; x_wconf 71' lang='grc' dir='ltr'>Α.</span> 
     </span>
    </p>
   </div>
   <div class='ocr_carea' id='block_1_109' title="bbox 546 5670 2078 5751">
    <p class='ocr_par' dir='ltr' id='par_1_109' title="bbox 546 5670 2078 5751">
     <span class='ocr_line' id='line_1_109' title="bbox 546 5670 2078 5751; baseline 0.007 -31"><span class='ocrx_word' id='word_1_788' title='bbox 546 5671 692 5751; x_wconf 31' lang='grc'><strong>,(14)</strong></span> <span class='ocrx_word' id='word_1_789' title='bbox 729 5674 888 5728; x_wconf 81' lang='grc' dir='ltr'>Πᾶσα</span> <span class='ocrx_word' id='word_1_790' title='bbox 919 5671 1072 5743; x_wconf 77' lang='grc' dir='ltr'>σάρξ.</span> <span class='ocrx_word' id='word_1_791' title='bbox 1107 5672 1160 5727; x_wconf 89' lang='lat' dir='ltr'><strong>In</strong></span> <span class='ocrx_word' id='word_1_792' title='bbox 1189 5670 1404 5741; x_wconf 77' lang='lat' dir='ltr'><strong>vulgata</strong></span> <span class='ocrx_word' id='word_1_793' title='bbox 1435 5673 1565 5727; x_wconf 88' lang='lat' dir='ltr'><strong>cuit.</strong></span> <span class='ocrx_word' id='word_1_794' title='bbox 1602 5675 1707 5730; x_wconf 75' lang='grc' dir='ltr'>πᾶς</span> <span class='ocrx_word' id='word_1_795' title='bbox 1748 5675 1876 5738; x_wconf 77' lang='grc' dir='ltr'>ζῶν,</span> <span class='ocrx_word' id='word_1_796' title='bbox 1909 5680 2078 5731; x_wconf 85' lang='lat' dir='ltr'><strong>omnis</strong></span> 
     </span>
    </p>
   </div>
   <div class='ocr_carea' id='block_1_110' title="bbox 511 5758 700 5796">
    <p class='ocr_par' dir='ltr' id='par_1_110' title="bbox 511 5758 700 5796">
     <span class='ocr_line' id='line_1_110' title="bbox 511 5758 700 5796; baseline 0 0"><span class='ocrx_word' id='word_1_797' title='bbox 511 5758 700 5796; x_wconf 70' lang='lat' dir='ltr'><strong>vivens.</strong></span> 
     </span>
    </p>
   </div>
   <div class='ocr_carea' id='block_1_111' title="bbox 1481 5392 2545 5467">
    <p class='ocr_par' dir='ltr' id='par_1_111' title="bbox 1481 5392 2545 5467">
     <span class='ocr_line' id='line_1_111' title="bbox 1481 5392 2545 5467; baseline 0.006 -23"><span class='ocrx_word' id='word_1_798' title='bbox 1481 5393 1522 5424; x_wconf 83' lang='grc'><strong>²⁰</strong></span> <span class='ocrx_word' id='word_1_799' title='bbox 1555 5392 1846 5467; x_wconf 73' lang='grc' dir='ltr'>βεϐαιώσει</span> <span class='ocrx_word' id='word_1_800' title='bbox 1871 5400 2005 5466; x_wconf 79' lang='grc' dir='ltr'>φησί</span> <span class='ocrx_word' id='word_1_801' title='bbox 2031 5399 2074 5450; x_wconf 84' lang='grc' dir='ltr'>Α</span> <span class='ocrx_word' id='word_1_802' title='bbox 2109 5418 2120 5451; x_wconf 91' lang='lat'><strong>:</strong></span> <span class='ocrx_word' id='word_1_803' title='bbox 2159 5398 2448 5467; x_wconf 72' lang='grc' dir='ltr'>βεϐαίωσιν</span> <span class='ocrx_word' id='word_1_804' title='bbox 2487 5417 2545 5463; x_wconf 79' lang='grc' dir='ltr'><strong>ς.</strong></span> 
     </span>
    </p>
   </div>
   <div class='ocr_carea' id='block_1_112' title="bbox 2089 5470 2639 5538">
    <p class='ocr_par' dir='ltr' id='par_1_112' title="bbox 2089 5470 2639 5538">
     <span class='ocr_line' id='line_1_112' title="bbox 2089 5470 2639 5538; baseline 0.004 -18"><span class='ocrx_word' id='word_1_805' title='bbox 2089 5470 2129 5500; x_wconf 81' lang='grc'><strong>⁸⁸</strong></span> <span class='ocrx_word' id='word_1_806' title='bbox 2160 5471 2268 5521; x_wconf 77' lang='grc' dir='ltr'>τῶν</span> <span class='ocrx_word' id='word_1_807' title='bbox 2297 5486 2354 5520; x_wconf 85' lang='grc' dir='ltr'><strong>τε</strong></span> <span class='ocrx_word' id='word_1_808' title='bbox 2380 5487 2546 5538; x_wconf 87' lang='grc' dir='ltr'>πεπρ.</span> <span class='ocrx_word' id='word_1_809' title='bbox 2579 5485 2639 5531; x_wconf 77' lang='grc' dir='ltr'><strong>ς’.</strong></span> 
     </span>
    </p>
   </div>
   <div class='ocr_carea' id='block_1_113' title="bbox 1941 5578 2170 5633">
    <p class='ocr_par' dir='ltr' id='par_1_113' title="bbox 1941 5578 2170 5633">
     <span class='ocr_line' id='line_1_113' title="bbox 1941 5578 2170 5633; baseline 0.009 -2"><span class='ocrx_word' id='word_1_810' title='bbox 1941 5578 2170 5633; x_wconf 65' lang='grc' dir='ltr'><strong>ΝΟΤίΕ.</strong></span> 
     </span>
    </p>
   </div>
   <div class='ocr_carea' id='block_1_114' title="bbox 2623 5396 3775 5470">
    <p class='ocr_par' dir='ltr' id='par_1_114' title="bbox 2623 5396 3775 5470">
     <span class='ocr_line' id='line_1_114' title="bbox 2623 5396 3775 5470; baseline 0.001 -21"><span class='ocrx_word' id='word_1_811' title='bbox 2623 5400 2661 5428; x_wconf 86' lang='grc'><strong>¹¹</strong></span> <span class='ocrx_word' id='word_1_812' title='bbox 2704 5398 2764 5450; x_wconf 88' lang='grc' dir='ltr'><strong>οὐ</strong></span> <span class='ocrx_word' id='word_1_813' title='bbox 2793 5396 2928 5469; x_wconf 44' lang='grc' dir='ltr'>δικ]</span> <span class='ocrx_word' id='word_1_814' title='bbox 2955 5396 3103 5454; x_wconf 86' lang='lat' dir='ltr'><strong>Psal.</strong></span> <span class='ocrx_word' id='word_1_815' title='bbox 3129 5412 3295 5462; x_wconf 73' lang='lat' dir='ltr'><strong>CXLII,</strong></span> <span class='ocrx_word' id='word_1_816' title='bbox 3319 5397 3374 5450; x_wconf 57' lang='grc' dir='ltr'>ἢ.</span> <span class='ocrx_word' id='word_1_817' title='bbox 3457 5399 3501 5429; x_wconf 77' lang='grc'><strong><em>³⁸</em></strong></span> <span class='ocrx_word' id='word_1_818' title='bbox 3538 5399 3682 5470; x_wconf 81' lang='grc' dir='ltr'>μόνῳ</span> <span class='ocrx_word' id='word_1_819' title='bbox 3708 5414 3775 5461; x_wconf 77' lang='grc' dir='ltr'><strong>ς.</strong></span> 
     </span>
    </p>
   </div>
   <div class='ocr_carea' id='block_1_115' title="bbox 2261 5675 3080 5742">
    <p class='ocr_par' dir='ltr' id='par_1_115' title="bbox 2261 5675 3080 5742">
     <span class='ocr_line' id='line_1_115' title="bbox 2261 5675 3080 5742; baseline 0.001 -15"><span class='ocrx_word' id='word_1_820' title='bbox 2261 5677 2373 5742; x_wconf 71' lang='grc'><strong>(15)</strong></span> <span class='ocrx_word' id='word_1_821' title='bbox 2424 5677 2501 5729; x_wconf 86' lang='lat' dir='ltr'><strong>lla</strong></span> <span class='ocrx_word' id='word_1_822' title='bbox 2565 5692 2684 5729; x_wconf 89' lang='lat' dir='ltr'><strong>cum</strong></span> <span class='ocrx_word' id='word_1_823' title='bbox 2737 5676 2795 5729; x_wconf 88' lang='grc' dir='ltr'>Β.</span> <span class='ocrx_word' id='word_1_824' title='bbox 2861 5675 3080 5729; x_wconf 88' lang='lat' dir='ltr'><strong>llieron.</strong></span> 
     </span>
    </p>
   </div>
   <div class='ocr_carea' id='block_1_116' title="bbox 3160 5680 3778 5747">
    <p class='ocr_par' dir='ltr' id='par_1_116' title="bbox 3160 5680 3778 5747">
     <span class='ocr_line' id='line_1_116' title="bbox 3160 5680 3778 5747; baseline 0.003 -15"><span class='ocrx_word' id='word_1_825' title='bbox 3160 5680 3424 5747; x_wconf 68' lang='lat' dir='ltr'><strong>promtnio</strong></span> <span class='ocrx_word' id='word_1_826' title='bbox 3479 5687 3778 5737; x_wconf 84' lang='lat' dir='ltr'><strong>comment.</strong></span> 
     </span>
    </p>
   </div>
   <div class='ocr_carea' id='block_1_117' title="bbox 2207 5747 3148 5816">
    <p class='ocr_par' dir='ltr' id='par_1_117' title="bbox 2207 5747 3148 5816">
     <span class='ocr_line' id='line_1_117' title="bbox 2207 5747 3148 5816; baseline 0.003 -16"><span class='ocrx_word' id='word_1_827' title='bbox 2207 5747 2260 5800; x_wconf 87' lang='lat' dir='ltr'><strong>in</strong></span> <span class='ocrx_word' id='word_1_828' title='bbox 2292 5747 2492 5800; x_wconf 76' lang='lat' dir='ltr'><strong>Jcrent.</strong></span> <span class='ocrx_word' id='word_1_829' title='bbox 2529 5750 2692 5802; x_wconf 77' lang='lat' dir='ltr'><strong>t‘cddc</strong></span> <span class='ocrx_word' id='word_1_830' title='bbox 2716 5749 3148 5816; x_wconf 76' lang='grc' dir='ltr'>ἀναμαρτησὲαν.</span> 
     </span>
    </p>
   </div>
  </div>
