3932 6240
252 297 330 362 517

1183 281 1711 343 BIBLIOTHECA.
1742 301 1813 312 —
1854 274 1999 336 COD
2054 273 2384 337 CLXXVII.

3341 271 3445 339 518

248 406 344 459 κέτι
375 397 701 470 ἁμαρτάνειν
729 414 743 428 ⁸
776 395 857 449 δεῖ
889 395 998 466 γὰρ
1019 395 1171 466 ἡμῖν,
1196 395 1272 457 ὡς
1294 395 1461 458 ἔοικε,
1488 395 1584 449 καὶ
1599 392 1779 447 πλειό-

1889 390 1996 446 sive
2038 404 2144 443 non
2199 386 2431 457 amplius
2485 397 2729 455 peccare.
2768 381 2998 455 Oportet
3041 385 3186 441 enim
3220 402 3338 446 nos.
3387 399 3447 441 ut

251 513 335 553 νων
359 487 751 561 σαφηνιστικῶν
770 487 989 552 λέξεων,
1040 487 1127 540 ἵνα
1152 486 1251 556 τὴν
1303 485 1498 556 καινὴν
1557 483 1774 551 ἐκείνην

249 583 645 657 ὓποδηλώσωμεν
673 579 782 633 τῶν
822 577 1109 649 ἁμαρτιῶν
1147 578 1342 645 ἄφεσιν
1373 592 1386 606 ο
1435 578 1573 645 ὅπερ
1610 576 1638 627 ὁ
1674 573 1773 643 μὲν

250 677 377 749 ὀρθὸς
402 673 551 741 λόγος
593 669 1011 742 ἀναμαρτησίαν
1050 663 1210 732 οἶδεν,
1249 662 1406 730 οὗτος
1462 667 1520 720 δὲ
1578 664 1774 733 ἄφεσιν

146 783 153 789 “
250 762 495 838 ἁμαρτιῶν
532 763 749 816 τελείαν
783 763 880 814 καὶ
931 760 1277 831 κυριωτάτην
1339 758 1434 812 καὶ
1494 756 1774 826 ἀναίρεσιν

249 859 374 913 καλεί
396 854 659 924 ἁμαρτίας
707 852 972 919 παντελῆ.
1006 852 1104 915 Τίς
1145 846 1240 905 οὖν
1265 852 1299 922 ἡ
1332 848 1556 918 τοιαύτη
1590 849 1774 917 ἀμαρ-

247 950 354 1004 τιών
376 947 581 1013 ἄφεσις,
625 944 723 997 καὶ
772 943 877 997 ποῦ
936 941 1211 1011 διδομένη,
1267 939 1364 994 καὶ
1396 938 1564 992 πόθεν
1607 936 1777 1007 ἀρξα-

250 1037 388 1109 μένη;
424 1035 658 1106 Ἤρξατο
679 1034 797 1103 μὲν,
839 1033 1089 1104 φησὶνίο,
1123 1029 1518 1101 ἐμφανίζεσθαι
1553 1027 1660 1081 ἀπὸ
1677 1025 1775 1095 τῆς

248 1129 364 1184 κατά
391 1128 474 1180 τὸν
497 1126 775 1196 Δεσπότην
803 1123 1040 1196 Χριστὸν
1068 1122 1382 1190 οἰκονομίας
1405 1121 1500 1174 καὶ
1526 1121 1586 1172 ὲν
1611 1119 1781 1189 ἀρρα-

246 1216 388 1278 όῶνος
410 1218 536 1286 ήμῖν
568 1213 809 1268 δίδοσθαι
850 1213 1026 1278 τάξει,
1060 1212 1261 1267 δίδοται
1325 1210 1384 1264 δὲ
1417 1208 1641 1271 τελείως
1682 1207 1778 1261 καὶ

245 1307 315 1360 ἐπ’
339 1305 505 1367 αὐτοῖς
532 1303 717 1375 ἔργοις
741 1305 783 1335 ¹⁷
813 1306 870 1357 ὲν
893 1306 959 1375 τῇ
990 1303 1129 1374 μετά
1160 1301 1260 1374 τὴν
1306 1299 1605 1355 ἀνάστασιν
1639 1299 1778 1352 ἀπο-

241 1394 562 1457 καταστάσει,
593 1395 734 1466 ὑπὲρ
760 1390 849 1467 ἦς,
878 1395 965 1447 ἵνα
993 1393 1264 1464 τύχωμεν,
1297 1394 1392 1445 καὶ¹
1411 1394 1570 1463 ἡμεῖς
1591 1393 1685 1444 καὶ
1710 1390 1776 1443 τὰ

245 1485 393 1556 βρέφη
423 1484 818 1556 βαπτιζόμεθα.
848 1486 1008 1540 Ἀλλά
1034 1487 1102 1539 τὰ
1151 1486 1267 1556 μὲν-
1301 1483 1668 1555 μέχριτούτου
1702 1483 1778 1547 ὡς

240 1577 409 1643 σεμνὰ,
437 1577 533 1630 καὶ
574 1578 866 1650 κεχηνέναι
910 1578 1070 1648 μόνον
1123 1576 1247 1648 οὐχὶ
1299 1577 1435 1645 πρὸς
1484 1577 1546 1628 τὸ
1602 1575 1779 1647 πέρας

239 1669 457 1731 ἅπαντας
484 1669 1000 1740 παρασκευάζοντα.
1049 1669 1186 1722 Εἰπὲ
1233 1667 1300 1739 δὴ
1342 1665 1528 1721 λοιπδν
1579 1668 1690 1720 Καὶ
1723 1665 1776 1718 τί

236 1759 400 1825 τοῦτοὶ
435 1730 606 1830 Ὀρθᾶ
651 1761 761 1830 γάρ
792 1730 876 1815 σοι
906 1758 1256 1831 παρεχόμεθα
1285 1730 1375 1814 ’τὰ
1418 1755 1553 1815 ὦτα.
1589 1759 1685 1824 Τίς
1741 1762 1774 1830 ἡ
1802 1730 1851 1790 Β

234 1851 328 1904 τῶν
352 1850 637 1921 ἁμαρτιῶν
671 1853 863 1922 ἄφεσις
892 1851 1016 1925 [207
1045 1851 1139 1925 Η.]
1179 1853 1216 1923 ὴ
1255 1851 1525 1923 παντελὴς
1553 1849 1735 1919 ἐκείνη
1759 1866 1775 1915 ;

237 1941 431 2006 Οὐκέτι,
463 1943 623 2012 φησὶ,
657 1943 797 2010 μετά
842 1945 938 2015 τὴν
979 1943 1273 1997 ἀνάστασιν
1325 1940 1777 2012 ἁμαρτησόμεθα.

245 2032 386 2086 Ἀλλὰ
399 2033 506 2104 γάρ
532 2032 614 2094 ὡς
637 2034 694 2100 ἐξ
719 2036 845 2087 οἴων
882 2036 1031 2105 ἡμᾶς
1078 2034 1427 2098 κατέσπασας
1481 2034 1588 2088 τῶν
1623 2033 1779 2086 ὲλπίιο

232 2123 367 2180 όωνῑ
409 2126 525 2179 Ἵνα
567 2126 679 2196 γὰρ
707 2126 802 2181 νῦν
850 2128 997 2190 ὲάσω
1029 2125 1211 2198 ζητεῖν
1249 2127 1397 2186 ὅπως
1439 2125 1556 2179 ἐστι
1602 2125 1781 2192 λέγειν

232 2216 403 2285 ἄφεσιν
437 2218 732 2289 ἁμαρτιῶν
767 2217 943 2283 τοῦτο,
973 2219 1151 2271 ἐκεῖνο
1209 2218 1487 2288 συντόμως
1533 2216 1643 2287 ὲρῶ
1670 2230 1685 2246 ο
1716 2214 1782 2269 Τί

232 2302 458 2373 οὗνςΔιά
486 2309 655 2377 τοῦτῤ
700 2326 782 2363 σοι
809 2309 1049 2380 Χριστὸς
1087 2308 1377 2380 ὲσαρκώθη
1431 2306 1527 2361 καὶ
1587 2309 1782 2360 ἐσταυ-

235 2399 385 2469 ρώθη,
403 2399 488 2453 ἴνα
518 2399 601 2471 μὴ
632 2400 842 2454 ἐκεῖθεν
866 2401 1103 2463 ἀναστὰς
1126 2400 1486 2471 ἀμαρτήσης;
1538 2398 1665 2469 [400
1686 2396 1777 2470 11.]

230 2493 521 2566 ἡμάρτανον
551 2492 616 2546 δὲ
645 2493 756 2563 ἄρα
791 2492 1001 2546 ἐκεῖθεν
1040 2492 1093 2545 οἱ
1134 2492 1647 2563 προκαταλύσαντες
1690 2492 1782 2546 τὸν

229 2580 346 2651 βίον,
381 2583 511 2652 πρὶν
547 2582 588 2653 ἢ
615 2582 847 2653 Χριστὸς
891 2583 1307 2653 ὲπιδημήσειεν;
1349 2584 1445 2638 “Av
1466 2584 1523 2637 δὲ
1548 2584 1624 2656 μὴ
1684 2584 1782 2654 βα-

230 2674 556 2742 πτιζώμεθα,
592 2674 867 2745 ἁμαρτίας
898 2673 980 2728 ἔτι
1002 2675 1419 2747 διαπραξόμεθά
1448 2694 1531 2730 σοι
1554 2678 1668 2730 ἐκεῖ
1690 2678 1783 2730 καὶ

225 2767 369 2836 ἡμεῖς
394 2768 501 2821 καὶ·
516 2766 596 2821 τὰ
623 2766 829 2838 βρέφη;
856 2766 910 2818 τί
942 2766 1029 2832 δέ;
1069 2769 1118 2820 oi
1143 2767 1360 2822 ἄπιστοι
1382 2769 1584 2832 πάντες
1622 2770 1784 2825 πάλιν

228 2858 317 2910 κάν
335 2857 409 2928 τῷ
440 2858 699 2929 μέλλοντι
730 2858 885 2911 αἰῶνι
902 2858 997 2911 καὶ⁹
1021 2859 1278 2928 κλέψουσι
1300 2861 1394 2914 καὶ
1417 2860 1780 2931 πορνεύσουσι

224 2949 308 3001 καὶ
339 2950 743 3022 δυσσεὸήσουσι
773 2953 866 3006 καὶ
896 2953 1253 3025 λῃστεύσουσι
1272 2953 1368 3006 καὶ
1397 2954 1578 3008 πᾶσαν
1599 2956 1779 3010 αὐτῶν

1873 492 2120 553 apparet,
2172 480 2417 550 pluribus
2455 478 2875 547 explanantibus
2913 479 3193 534 vocabulis
3242 479 3345 543 uti,
3383 490 3446 532 nt

1877 589 2068 629 novam
2097 573 2246 628 illam
2279 578 2625 641 peccatorum
2670 570 3045 625 remissionem
3080 569 3443 626 declaremus.

1874 664 2032 731 Quod
2061 663 2207 717 enim
2243 669 2389 717 recta
2427 659 2676 730 loquendi
2711 660 2851 714 ratio
2901 660 3304 726 impeccanuam
3348 674 3447 715 no-

1877 759 2068 819 minat,
2101 756 2190 809 ille
2215 760 2558 824 peccatorum
2586 752 2797 805 veniam
2836 751 3155 822 perfectam,
3183 762 3239 805 et
3275 753 3449 806 maxi-

1879 866 1965 904 me
1996 857 2195 911 ratam,
2224 848 2601 914 integrumque
2643 843 2876 912 appellat
2903 845 3109 912 peccati
3143 844 3443 899 interitum.

1878 939 2200 1008 Ecquaznam
2231 937 2397 1005 igitur
2432 937 2543 989 hazc
2587 945 2933 1002 peccatorum
2966 936 3233 998 remissio,
3259 947 3315 990 et
3355 938 3446 991 ubi

1877 1031 2047 1093 facta,
2082 1031 2328 1098 nndeqne
2365 1026 2630 1096 originem
2678 1026 2870 1080 duxit?
2896 1026 3075 1095 Coepit
3102 1028 3322 1097 quidem
3355 1028 3445 1082 illa

1880 1119 2231 1174 manifestare
2259 1133 2338 1183 se,
2380 1117 2479 1183 ait,
2510 1131 2577 1170 ex
2606 1130 2712 1184 quo
2740 1116 2990 1170 Christus
3026 1115 3293 1172 Dominus
3324 1131 3447 1172 car-

1880 1226 2004 1267 nem
2037 1211 2233 1276 induit,
2261 1219 2317 1263 et
2359 1209 2689 1264 arrhabonis
2717 1208 2874 1263 nobis
2900 1208 3019 1263 loco
3051 1210 3188 1263 tradi
3215 1226 3229 1262 :
3267 1209 3447 1278 perfe-

1880 1314 1968 1359 cte
2017 1317 2146 1356 vero
2200 1302 2379 1368 datur,
2431 1316 2556 1356 cum
2593 1314 2692 1368 pro
2731 1300 2892 1354 bonis
2938 1301 3219 1370 operibus,
3249 1312 3361 1355 tum
3394 1302 3448 1356 in

1878 1396 1968 1451 illa
2004 1394 2417 1457 instauratione,
2463 1407 2582 1461 quat
2620 1401 2742 1460 post
2785 1391 2964 1445 carnis
2990 1394 3448 1447 resurrectionem

1879 1486 2058 1541 futura
2090 1498 2196 1548 εει,
2223 1498 2332 1553 qua
2359 1494 2417 1535 ut
2445 1483 2736 1551 potiamur,
2782 1489 2891 1533 tam
2921 1495 3043 1544 nos,
3070 1495 3230 1550 quam
3260 1496 3450 1535 recens

1879 1578 1995 1633 nati
2048 1577 2278 1632 infantes
2325 1576 2686 1644 baptizamur.
2736 1571 2882 1628 Satis
2930 1572 3146 1642 quidem
3178 1572 3290 1638 illa,
3330 1587 3450 1642 quae

1882 1673 2023 1725 dicta
2058 1679 2183 1724 sunt
2212 1668 2498 1730 hactenus,
2543 1666 2825 1735 praeclara,
2868 1671 2923 1719 et
2955 1680 3075 1735 qua:
3107 1674 3311 1718 tantum
3343 1681 3448 1720 non

1877 1758 2087 1814 inhiare
2138 1757 2448 1811 liniomues
2488 1755 2731 1824 jubeant.
2797 1755 2891 1809 Dic
2959 1768 3090 1824 ergo
3141 1754 3394 1824 deinceps
3434 1773 3448 1808 :

1877 1852 1947 1906 Et
1983 1851 2113 1920 quid
2155 1849 2257 1904 hoc
2287 1848 2406 1904 rei:
2451 1861 2611 1903 aures
2645 1846 2794 1900 enim
2831 1846 2930 1902 tibi
2957 1857 3203 1902 arrectas
3244 1848 3452 1917 praebe-

1878 1959 2023 1999 mus.
2046 1943 2331 2010 Quaenam,
2367 1941 2612 2009 inquam,
2645 1940 2761 1994 haec
2794 1949 2880 1994 est
2906 1949 3251 2008 peccatorum
3277 1938 3454 2010 perfe-

1879 2046 1969 2092 cta
2019 2035 2315 2090 remissio?
2354 2032 2470 2088 Non
2516 2032 2771 2102 amplius,
2814 2032 3020 2101 inquis,
3051 2043 3172 2102 post
3203 2048 3451 2089 resurre-

1877 2131 2114 2184 ctionem
2158 2128 2521 2197 peccabimus.
2579 2125 2755 2193 Quam
2813 2141 2946 2181 sane
2978 2129 3046 2181 ab
3096 2128 3302 2196 ingenti
3352 2140 3451 2204 spe

1879 2238 1979 2278 nos
2026 2221 2361 2281 deturbastil
2399 2230 2458 2274 ut
2497 2220 2641 2274 enim
2692 2234 2836 2274 nunc
2880 2233 3128 2287 quaerere
3172 2218 3453 2286 omittam;

1878 2331 2116 2387 quonam
2157 2317 2316 2369 modo
2343 2313 2529 2368 dicere
2574 2313 2758 2379 liceat,
2785 2322 3135 2381 peccatorum
3163 2311 3453 2366 remissio-

1882 2420 2040 2473 nem;
2076 2406 2277 2477 123a
2309 2405 2438 2460 illud
2477 2414 2683 2458 tantum
2724 2403 2960 2458 breviter
3010 2404 3210 2473 rogabo
3247 2420 3262 2456 :
3312 2402 3455 2468 Quid

1880 2499 2012 2554 ais?
2038 2497 2404 2566 Proptereane
2464 2493 2716 2549 Christus
2744 2494 2839 2548 tibi
2872 2493 3033 2546 homo
3061 2492 3234 2547 factus
3267 2501 3371 2556 est,
3400 2500 3459 2545 et

1881 2590 2033 2645 cruci
2059 2589 2275 2653 afﬁxus,
2324 2601 2393 2641 ne
2433 2597 2489 2641 tu
2527 2586 2598 2641 ibi
2629 2593 2748 2653 post
2772 2585 3227 2639 resurreCtionem
3259 2583 3456 2636 iterum

1886 2693 2078 2748 pecces
2110 2679 2133 2733 ?
2168 2677 2545 2734 Peccabantne
2589 2675 2751 2744 igitur
2796 2674 2908 2728 illic
2935 2673 3091 2743 ,.qui
3146 2674 3254 2727 vita
3308 2673 3459 2742 prius

1887 2767 2158 2833 abierunt,
2188 2781 2351 2839 quam
2382 2766 2433 2821 in
2467 2764 2725 2820 mundum
2769 2761 3015 2818 Christus
3039 2762 3290 2824 veniret?
3316 2759 3379 2815 Et
3413 2761 3460 2815 si

1890 2860 2031 2917 forte
2069 2874 2175 2914 non
2226 2858 2586 2928 baptizemur,
2625 2856 2972 2926 peccabimus
3003 2856 3075 2909 ibi
3120 2856 3296 2910 adhuc
3343 2852 3461 2926 [tuo

1889 2951 2116 3024 judicio]
2149 2961 2203 3006 et
2237 2965 2356 3017 nos,
2410 2961 2468 3005 et
2496 2949 2765 3005 infantes?
2809 2948 2989 3016 Quid?
3039 2946 3289 3003 lniideles
3340 2962 3464 3002 om-

230 3038 493 3111 μοχθηρὰν
518 3040 827 3111 ἐπιθυμίαν
856 3041 1276 3114 πληρώσουσινς
1313 3043 1388 3097 Οὐ
1434 3045 1542 3115 γὰρ
1568 3044 1783 3110 δικαίας

1892 3061 2009 3112 nes,
2071 3058 2360 3099 rursumne
2409 3042 2591 3097 futuro
2647 3042 2867 3107 saeculo,
2905 3051 2961 3096 et
3030 3042 3374 3106 furabuutur,
3410 3050 3467 3095 et

221 3144 278 3194 γε
295 3130 474 3195 αὐτοῖς
500 3130 624 3184 τῶν
646 3130 879 3185 ἐνταῦθα
918 3132 1469 3205 πεπλημμελημένων
1502 3133 1597 3188 κα)⁸
1627 3133 1786 3207 βαρυ-

1895 3139 2324 3204 fornicabuntur,
2360 3137 2630 3207 impieque
2667 3143 2846 3207 agent,
2886 3151 2949 3190 ac
2973 3134 3462 3196 latrocinabuntnr,

222 3220 373 3285 τάτας
406 3221 641 3292 ἐξεῦρες
664 3221 764 3286 τὰς
800 3222 1089 3295 τιμωρίας.

1890 3243 2216 3298 omnemque
2261 3228 2394 3283 adeo
2442 3229 2523 3282 sui
2568 3226 2821 3281 desiderii
2874 3225 3168 3293 nequitiam
3199 3223 3463 3293 adimple-

226 3313 381 3367 bunt?
426 3311 551 3369 Non
614 3314 758 3369 enim
809 3316 980 3377 iustas
1031 3315 1166 3372 satis
1194 3315 1279 3371 vel
1314 3330 1527 3382 eorum,
1552 3332 1671 3388 quae
1713 3318 1803 3375 hic
1838 3322 2245 3386 commiserunt,
2287 3319 2635 3391 quantumvis
2672 3319 3025 3389 gravissimas
3103 3331 3316 3387 pmnas,
3379 3333 3466 3372 re-

221 3406 402 3463 parias.

282 3490 418 3544 Ἀλλ’
450 3491 515 3558 ἐξ
556 3484 642 3546 ὧν
688 3492 732 3524 ¹⁸
761 3509 854 3563 μοι
886 3492 988 3547 οὐκ
1019 3493 1300 3567 ἐγκριτέον
1349 3496 1515 3550 αὐτοῦ
1547 3498 1645 3568 τὴν
1684 3497 1796 3551 τῶν

219 3580 494 3651 ἁμαρτιῶν
517 3584 748 3653 ἄφεσιν,
789 3583 1163 3655 ἐνεδειξάμην.
1203 3586 1356 3658 Τάχα
1400 3587 1444 3640 δ’
1489 3588 1598 3641 οὐδ’
1635 3586 1795 3651 αὐτὸς

217 3672 346 3728 ἑκὼν
371 3676 467 3729 ἐπὶ
501 3674 673 3730 τοῦτο
716 3671 900 3746 ἦλθεν,
944 3675 1060 3730 ἀλλ’
1101 3677 1188 3731 ἵνα
1238 3678 1376 3752 λύσῃ
1420 3680 1519 3749 τὴν
1564 3678 1796 3749 ἀπορίαν

217 3767 315 3818 τὼν
334 3767 638 3836 λεγόντων,
676 3767 776 3821 Διά
806 3767 860 3820 τί
884 3767 954 3821 τὰ
984 3767 1156 3839 βρέφη
1186 3773 1435 3824 κοινωνεῖ
1464 3770 1571 3824 τῶν
1599 3771 1799 3840 ἀχράν-

218 3872 316 3911 των
353 3858 731 3930 μυστηρίων;
772 3858 861 3912 διὰ
891 3859 943 3913 τί
986 3859 1077 3913 τοῦ
1110 3860 1482 3931 βαπτίσματος
1528 3861 1793 3926 ἀξιοῦται,

218 3950 261 3999 εἰ
306 3949 379 4022 μὴ
414 3951 513 4004 καὶ
544 3951 692 4005 αὐτὰ
721 3952 880 4021 γέμει
922 3952 1228 4023 ἁμαρτιῶν,
1271 3953 1329 4005 ὲν
1373 3956 1438 4025 τῇ
1492 3953 1650 4023 φύσει
1697 3953 1799 4022 τῆς

214 4039 482 4110 ἁμαρτίας
536 4042 1007 4114 κατεσπαρμένης
1041 4059 1057 4108 ;
1116 4044 1210 4097 καὶ
1252 4044 1359 4115 γὰρ
1399 4046 1479 4109 είς
1523 4045 1717 4115 ἄφεσιν
1755 4048 1797 4080 ¹⁹

214 4131 375 4187 ταῦτα
404 4134 624 4190 δίδοται
648 4127 962 4205 ἁμαρτιῶν.
1006 4135 1144 4189 Ἀλλ’
1182 4138 1347 4207 ἐχρῆν
1395 4136 1492 4191 καὶ
1525 4139 1623 4208 τὴν
1659 4142 1799 4193 ἀπο-

213 4224 354 4295 ρίαν,
421 4228 639 4292 πολλὰς
688 4228 917 4299 ἔχουσαν
970 4228 1177 4282 λύσεων
1216 4229 1489 4300 ἀφορμὰς.
1532 4232 1798 4303 ἑτέρωθεν

212 4318 599 4380 ἐπιλύσασθαι.
641 4322 743 4374 καὶ
776 4321 847 4374 τὰ
874 4320 1113 4391 ἑπόμενα
1145 4323 1214 4391 τῇ
1243 4321 1436 4390 ἀφέσει
1471 4322 1581 4377 τῶν
1610 4326 1792 4395 ἁμαρ-

209 4406 332 4460 τιῶν
362 4409 537 4463 αὐτοῦ
561 4409 748 4464 ἄτοπα
774 4412 1224 4483 ὲπισκοπήσαντα
1257 4411 1424 4484 μηδὲν
1467 4415 1792 4486 τερατεύσα-

208 4494 326 4550 σθαι
352 4498 633 4553 τοιοῦτον.

274 4670 431 4724 Ἐστι
466 4673 578 4743 μὲν
615 4667 768 4736 οὗτος
805 4674 834 4726 ὁ
859 4673 1131 4746 Θεόδωρος
1175 4677 1203 4729 ό
1241 4677 1335 4730 καὶ
1372 4679 1494 4733 κατ’
1527 4680 1790 4752 Εὐνομίου

206 4759 259 4811 ὲν
285 4768 334 4814 κ’
362 4765 462 4816 καὶ
496 4762 551 4834 η’
577 4764 764 4832 λόγοις
793 4766 893 4819 οὐκ
915 4767 1155 4835 ἀγεννῶς
1174 4769 1601 4841 ἀγωνισάμενος,
1623 4775 1724 4843 τὴν
1744 4776 1793 4809 ’⁸

204 4849 484 4907 Βασιλείου
520 4853 631 4907 τοῦ
680 4854 989 4922 θεσπεσίου,
1043 4857 1245 4927 μᾶλλον
1284 4860 1341 4913 δὲ
1374 4860 1474 4931 τῆς
1512 4863 1789 4933 ἀληθείας,

206 4943 487 5009 κρατύνων
521 4943 732 5008 δόξανο
768 4945 803 5016 ἦ
850 4962 911 4999 τε
952 4946 1062 5018 γὰρ
1108 4948 1252 5014 λέξις
1299 4951 1395 5005 καὶ
1438 4951 1549 5006 τῶν
1596 4953 1794 5019 λέξεων

205 5029 237 5098 ἡ
268 5033 517 5106 συνθήκη
548 5034 656 5088 καὶ
683 5036 712 5088 ὁ
750 5034 875 5100 νοῦς
903 5037 1011 5091 τῶν
1053 5039 1337 5109 δογμάτων
1385 5044 1480 5096 καὶ
1518 5045 1580 5098 τὸ
1625 5046 1794 5101 πολύ-ο

206 5135 326 5186 χουν
355 5123 461 5193 τῆς
495 5126 827 5197 ἀνατροπῆς
874 5127 967 5181 καὶ⁵
998 5124 1167 5182 τᾶλλα
1198 5131 1317 5183 κατ’
1344 5133 1496 5186 οὐδὲν
1545 5136 1795 5192 διαλλάσ-

206 5226 303 5267 σει.
357 5215 623 5290 Ἀσαφὴς
674 5216 731 5271 δέ
777 5220 915 5285 ἐστι,
973 5219 1149 5274 καίτοι
1203 5221 1347 5287 λέξει
1393 5225 1455 5278 ού
1515 5225 1796 5302 ξενιζούσῃ

1959 3498 2039 3553 Εη
2070 3498 2167 3553 tibi
2206 3513 2268 3553 ex
2319 3499 2517 3569 quibus
2565 3498 2723 3553 istam
2772 3499 2941 3569 ipsius
2983 3506 3329 3567 peccatorum
3376 3512 3467 3552 re-

1893 3588 2203 3643 missionem
2247 3590 2480 3658 probare
2529 3604 2635 3643 non
2662 3589 2887 3658 possim,
2933 3588 3047 3659 jam
3088 3588 3323 3642 oatendi.
3358 3588 3469 3642 Sed

1894 3680 2128 3736 fortasse
2161 3695 2232 3735 ne
2259 3682 2374 3750 ipse
2423 3680 2641 3748 quidem
2693 3668 2880 3736 volens
2932 3682 3037 3735 huc
3069 3680 3331 3735 deductus
3360 3692 3467 3746 est,

1895 3781 2209 3841 tantumque
2258 3781 2316 3826 ut
2352 3772 2546 3826 dubios
2586 3773 2664 3827 sie
2690 3774 3045 3841 quaerentium
3070 3774 3237 3828 nodos
3272 3773 3470 3828 dissol-

1893 3871 1984 3916 vat
2016 3880 2031 3918 :
2061 3862 2237 3929 Quare
2267 3864 2417 3932 pueri
2448 3866 2807 3921 sanctissimis
2848 3866 3123 3936 mysteriis
3164 3866 3471 3921 communi-

1892 3954 2056 4009 cant?
2083 3953 2194 4009 Cur
2243 3956 2564 4025 baptismate
2612 3956 2760 4025 digni
2805 3956 3166 4027 iudicantur?
3202 3956 3306 4010 nisi
3342 3958 3465 4027 quia

1891 4052 1948 4097 et
1975 4044 2079 4111 ipsi
2128 4045 2364 4113 peccatis
2413 4045 2709 4109 abundant,
2757 4046 2922 4100 insito
2968 4044 3081 4116 jam
3118 4046 3170 4099 in
3220 4055 3466 4099 naturam

1894 4134 2063 4205 ipsam
2094 4136 2359 4205 peccato?
2390 4135 2448 4190 In
2477 4146 2817 4203 peccatorum
2853 4137 2996 4191 enim
3041 4138 3156 4191 haec
3179 4136 3469 4191 remissio-

1893 4242 2015 4281 nem
2048 4226 2417 4283 conferuntur.
2473 4227 2672 4283 Verum
2721 4230 3004 4299 oportebat
3036 4239 3091 4284 et
3137 4230 3281 4283 illam
3310 4228 3469 4281 dubio

1898 4322 2181 4386 tationem,
2212 4321 2409 4375 multas
2435 4322 2632 4391 alioqui
2668 4322 2954 4377 habentem
2975 4319 3301 4374 dissolvendi
3334 4320 3467 4380 vias,

1894 4412 2001 4467 alio
2057 4414 2216 4467 modo
2274 4414 2593 4477 dissolvere,
2650 4412 3009 4481 absurdisqne
3064 4412 3190 4473 illis,
3237 4425 3356 4478 quae
3399 4412 3465 4463 ad

1893 4499 2063 4570 ipsius
2098 4512 2439 4572 peccatorum
2471 4503 2845 4558 remissionem
2882 4509 3308 4568 consequuntur,
3338 4510 3468 4553 (ξοη-

1894 4594 2169 4656 sideralis,
2204 4594 2339 4648 nihil
2366 4593 2629 4663 ejusmodi
2658 4594 2965 4663 prodigiose
2993 4592 3322 4661 confingere.
3506 4648 3511 4667 Τ

1965 4686 2110 4741 ldem
2153 4683 2241 4741 hic
2273 4683 2591 4739 Theodorus
2624 4684 2713 4738 ille
2741 4692 2845 4747 est,
2888 4682 2980 4752 qui
3005 4682 3266 4736 adversus
3289 4680 3469 4735 Euno-

1897 4780 2064 4834 miutn
2100 4778 2258 4832 libris
2284 4787 2408 4832 octo
2446 4786 2501 4832 et
2527 4776 2715 4845 viginti
2759 4776 2871 4847 (16)
2900 4790 3009 4829 non
3042 4774 3278 4845 segniter
3308 4774 3472 4843 depu-

1900 4871 2104 4941 gnavit,
2135 4880 2191 4924 et
2221 4869 2397 4923 sancti
2425 4867 2635 4932 Basilii,
2678 4867 2759 4922 vel
2792 4868 3077 4937 ipsiusmet
3112 4865 3292 4935 potius
3331 4866 3476 4918 veri—

1900 4963 2050 5028 tatis,
2084 4961 2405 5017 sentenliam
2446 4959 2812 5015 c0ulirmavit.
2842 4958 3051 5014 Etenim
3081 4971 3254 5027 neque
3287 4971 3467 5022 voces,

1897 5069 2074 5124 neque
2102 5069 2293 5109 vocum
2344 5054 2685 5122 campositio,
2715 5067 2891 5122 neque
2935 5053 3242 5121 dogmatum
3293 5062 3466 5110 meus,

1903 5161 2080 5214 neque
2111 5146 2260 5200 varia
2297 5146 2382 5200 illa
2419 5155 2473 5200 et
2503 5145 2620 5200 fusa
2670 5144 2936 5200 refutandi
2971 5145 3130 5207 ratio,
3171 5157 3269 5197 nec
3306 5140 3357 5194 id
3382 5155 3474 5208 ge-

1904 5251 2005 5290 nus
2030 5236 2133 5290 alia
2165 5236 2442 5308 quidpiam
2470 5236 2743 5292 dilferunt.
2782 5238 2893 5292 Etsi
2938 5245 3117 5291 autem
3148 5231 3476 5287 dictionibus

1483 5357 1721 5418 VARUE
1779 5364 2187 5425 LECTIONES.

292 5492 338 5522 “
365 5494 546 5565 φησὶν
594 5491 731 5547 add.
760 5492 826 5547 Α.
903 5494 946 5525 ¹⁷
974 5493 1153 5566 ἔργοις
1175 5496 1269 5550 καὶ
1297 5496 1356 5551 ἐν
1385 5516 1446 5563 ς.
1527 5500 1569 5532 ³⁸
1598 5501 1657 5567 ἐξ
1683 5494 1756 5556 ὧν
1790 5504 1834 5557 Α
1863 5524 1877 5561 :
1918 5504 2043 5579 ἑξῆς
2078 5524 2139 5572 ς.
2217 5510 2260 5542 ¹⁹
2292 5510 2384 5565 καὶ
2409 5508 2518 5581 γὰρ
2550 5509 2644 5565 καὶ
2671 5510 2750 5573 είς
2779 5524 2839 5573 ς.
2925 5508 2971 5551 ’9
2999 5504 3122 5579 τὴν]
3152 5506 3247 5561 καὶ
3283 5503 3381 5582 τὴν
3406 5523 3471 5574 ς.

1673 5620 1899 5680 NOTAE.

273 5677 388 5749 (16)
423 5678 571 5751 Sup.
601 5679 736 5736 cod.
770 5688 873 5738 xxv
903 5683 1166 5741 duntaxat
1193 5667 1520 5744 rclcruutur.
