3932 6240
504 299 609 368 519

1645 302 1908 365 ΡΗΟΤΙΙ
1945 301 2083 362 ΡΑΤ

2182 301 2450 362 ARCIUE
2486 303 2593 365 (ΣΡ.
3608 307 3695 373 520

434 402 437 405 ’
503 427 687 476 utatur
737 431 841 472 non
894 415 1194 481 inusitatis,
1237 416 1501 472 obscurus
1553 425 1733 471 tamen
1781 425 1884 471 est.
1939 412 2072 481 Quia

2182 415 2457 486 χρώμενος
2485 432 2501 448 ⁸
2533 415 2670 469 ἀλλὰ
2694 415 2775 487 τῷ
2802 417 3158 488 σχοινοτενέσι
3185 415 3417 488 χρῆσθαι
3433 417 3493 470 ὲκ
3514 419 3596 471 τοῦ
3619 425 3695 480 ἐπὶ

498 512 647 566 enim
704 520 981 565 catenatas
1030 522 1091 565 ut
1126 511 1415 579 plurimum
1459 510 1679 564 adhibet
1726 510 1995 580 periodos,
2019 519 2075 563 et

501 600 940 671 interpositiones
1004 602 1261 666 crebras,
1312 616 1409 670 per
1471 616 1609 671 quas
1672 602 1835 655 etiam
1886 616 2075 656 sensus

502 708 663 761 quam
710 693 1028 763 longissime
1075 710 1103 747 a
1151 709 1213 749 re
1260 693 1533 763 proposita
1558 693 1810 747 recedit:
1856 708 2072 781 rursum

501 786 626 854 quia
673 786 949 840 nominum
990 784 1224 853 obliquis
1258 800 1322 840 ac
1361 784 1657 854 participiis
1698 784 1982 848 redundat,
2019 792 2075 837 et

498 890 593 939 res
623 877 839 930 easdem
886 874 1196 945 frequenter
1241 878 1439 946 (neque
1475 876 1527 931 id
1561 875 1694 930 satis
1738 875 1951 944 ornate)
1986 890 2073 929 re-

500 964 668 1018 volvit
708 980 771 1020 ac
830 967 1072 1035 repetit:
1108 969 1233 1036 quia
1270 969 1501 1036 denique
1543 968 1892 1038 repetitiones
1932 967 2077 1023 illius

501 1055 766 1123 pluribus,
829 1074 992 1128 quam
1044 1060 1383 1115 narrationes
1439 1060 1571 1129 ipsa:
1619 1062 1807 1131 (quod
1856 1064 2078 1117 omnino

503 1146 622 1200 sine
651 1148 905 1204 methodo
962 1150 1042 1220 ﬁt)
1075 1150 1504 1207 circumstantiis
1554 1152 1771 1208 refertae
1820 1163 1967 1220 sunt,
2001 1156 2078 1208 si-

504 1238 831 1310 milibusque
858 1257 927 1297 cx
981 1245 1161 1298 causis
1194 1259 1300 1298 non
1331 1259 1522 1313 parum
1553 1245 1905 1301 obscuritatis
1933 1247 2073 1301 scri-

504 1336 610 1403 ptis
637 1335 757 1389 suis
781 1337 1040 1407 aspergit.
1081 1338 1319 1408 Apparet
1352 1348 1533 1393 autem
1562 1339 1864 1394 studiosius
1893 1352 2079 1395 versa-

408 1486 419 1503 ἐ
508 1436 619 1481 tum
654 1426 822 1483 fuisse
851 1429 901 1482 in
933 1444 1090 1483 sacra
1118 1438 1302 1484 nostra
1341 1430 1526 1486 divina
1559 1430 1864 1501 Scriptura,
1890 1431 1991 1485 etsi
2025 1428 2078 1484 in

505 1516 780 1589 plerisque
803 1534 833 1573 a
867 1520 1098 1575 veritate
1128 1520 1367 1575 aberret.

1126 1612 1450 1668 CLXXVIII.

592 1744 603 1755 ρ
671 1704 998 1759 Dioscuridis
1045 1704 1119 1759 De
1148 1705 1371 1758 materia
1406 1706 1609 1759 medica
1631 1705 1752 1758 libri
1785 1720 1878 1759 vn.

577 1796 830 1866 Legimus
868 1792 1309 1849 Dioscoridis’De
1357 1797 1577 1849 materia
1633 1794 1883 1868 [medica]
1927 1793 2078 1849 volu-
2106 1764 2155 1831 Β

507 1902 637 1942 tuen
669 1886 860 1956 12311
921 1894 1132 1953 septem
1166 1882 1481 1939 distinctum
1525 1886 1695 1941 libris.
1747 1887 1982 1952 Quorum
2026 1886 2079 1941 in

510 1978 781 2048 prioribus
805 1976 1038 2045 quinque
1072 1976 1182 2045 agit
1227 1976 1293 2029 de
1319 1976 1522 2042 herbis,
1560 1976 1839 2046 stirpibus,
1865 1991 2081 2031 aroma-

510 2071 679 2132 tibus,
710 2068 1159 2137 conlectioneque
1183 2067 1285 2122 olei
1309 2077 1359 2121 et
1392 2069 1671 2137 unguenti.
1703 2068 1833 2122 Item
1868 2070 1934 2124 de
1965 2071 2083 2122 ani-

508 2161 789 2216 mantibus
823 2169 907 2224 ,et
929 2160 996 2214 de
1029 2161 1264 2229 partium
1292 2160 1508 2213 illorum
1549 2159 1802 2214 utilitate.
1832 2160 1907 2215 De
1925 2160 2083 2214 arbo-

513 2253 665 2307 ribus
705 2266 940 2322 quoqne,
988 2262 1046 2306 et
1092 2251 1290 2314 succis,
1322 2266 1387 2306 ac
1412 2250 1686 2322 lacrymis.
1720 2250 1987 2306 Praeterea
2018 2252 2084 2306 de

510 2343 692 2405 melle,
740 2351 795 2396 et
834 2341 996 2405 lacte,
1052 2349 1213 2409 atque
1244 2341 1435 2408 adipe:
1482 2341 1655 2409 deque
1694 2340 1781 2405 iis,
1825 2355 1943 2409 qua:
1971 2339 2084 2394 fru-

512 2443 790 2488 mentacea
817 2438 873 2485 et
913 2431 1161 2485 oleracea
1204 2436 1485 2485 vocantur.
1517 2430 1599 2485 Ad
1641 2431 1755 2484 b:cc
1790 2429 1855 2484 de
1892 2430 2084 2484 radici-

425 2554 432 2562 -
508 2524 632 2588 bus,
667 2524 885 2594 plantis,
922 2523 1177 2587 arbustis,
1215 2523 1420 2588 herbis,
1454 2530 1510 2576 et
1537 2537 1869 2591 quaecunque
1899 2537 1966 2576 ex
1997 2523 2082 2578 his

510 2617 593 2671 vel
652 2615 915 2686 liquorem
964 2615 1050 2670 vel
1085 2613 1318 2669 fructum
1362 2615 1429 2669 ad
1473 2615 1734 2669 medicam
1775 2613 2081 2670 facultatem

512 2706 697 2763 utilem
764 2707 983 2761 habent.
1035 2705 1173 2771 Quin
1224 2714 1280 2761 et
1311 2706 1377 2760 de
1406 2706 1515 2759 vini
1563 2706 1875 2774 generibus,
1909 2720 1972 2760 ac
2017 2705 2084 2761 de

510 2795 802 2851 metallicis
847 2808 968 2864 qua:
1001 2794 1370 2859 nominantur,
1396 2795 1610 2849 abunde
1652 2803 1849 2849 tractat
1877 2803 1934 2849 et
1964 2793 2084 2863 plu-

511 2886 796 2950 rimorum,
839 2884 907 2940 de
958 2884 1156 2952 quibus
1208 2885 1391 2939 dicere
1443 2885 1779 2950 instituerat,
1832 2884 2081 2954 ﬁguram,

515 2988 787 3042 naturam,
824 2986 979 3032 ortus
1009 2977 1208 3041 locum,
1256 2992 1363 3048 quo
1416 2978 1737 3046 investigata
1791 2979 1952 3033 citius
1990 2992 2085 3032 co-

514 3077 865 3141 gnoscantur,
923 3079 1177 3125 accurate
1222 3069 1493 3125 describit.
1557 3069 1777 3125 Parcius
1828 3070 2086 3125 duntaxat

516 3179 676 3221 usum
708 3163 787 3218 rei
844 3163 1123 3232 cujusque,
1173 3162 1458 3231 minusque
1507 3171 1757 3216 accurate
1802 3163 2081 3217 historiam

513 3256 756 3311 ascribit.
788 3254 1050 3310 Vinorum
1099 3256 1221 3309 item
1253 3253 1463 3307 varium
1507 3255 1559 3308 in
1599 3254 1683 3309 his
1713 3256 1894 3323 prodit
1920 3270 2085 3325 appa-

512 3356 712 3400 ratum.
766 3345 934 3401 Sexto
998 3357 1178 3400 autem
1246 3345 1384 3400 libro
1438 3345 1507 3401 de
1554 3346 1621 3400 its
1678 3346 2086 3401 medicamentis

513 3436 753 3502 disserit,
779 3451 897 3505 qme
924 3446 1015 3488 aut
1049 3436 1211 3490 noxia
1243 3445 1390 3501 sunt,
1423 3446 1517 3489 aut
1538 3436 1815 3490 salutaria.
1844 3435 2085 3504 Septimo

514 3530 748 3599 denique
781 3539 839 3584 et
880 3528 1039 3597 hujus
1082 3527 1262 3597 operis
1292 3527 1404 3597 (l8)
1452 3527 1664 3590 ultimo,
1694 3538 2083 3583 venenatorum

513 3622 868 3677 animantium
900 3621 1176 3675 historiam
1215 3620 1424 3685 scribit,
1474 3635 1538 3675 ac
1582 3634 1680 3689 per
1709 3634 1955 3688 quaenam
1995 3619 2086 3688 qni

516 3714 569 3766 in
594 3713 784 3766 horum
815 3711 1033 3781 aliquod
1074 3711 1381 3774 inciderint,
1409 3720 1503 3764 aut
1532 3711 1827 3781 perfectam
1863 3713 2089 3767 medici-

516 3819 667 3866 nam,
700 3814 794 3856 ant
822 3801 1085 3872 quidquid
1115 3802 1308 3856 saltem
1354 3802 1531 3856 solatii
1562 3802 1741 3858 all‘erri
1770 3806 1956 3872 possit,
1997 3820 2087 3857 re-

517 3896 750 3963 periant.
790 3893 968 3959 Atque
1022 3892 1108 3947 hic
1164 3894 1312 3961 operi
1364 3893 1489 3948 huic
1532 3909 1724 3964 scopus
1772 3895 2085 3965 pra'ﬁgitur.

522 3986 676 4052 Quod
715 3985 1063 4039 utilissimum
1118 3999 1251 4039 sane
1277 3994 1381 4053 est,
1442 4000 1546 4039 non
1600 3987 1820 4041 medica:
1877 3994 2087 4041 tantum

516 4072 766 4129 facultati
831 4065 1050 4138 deditis,
1115 4087 1301 4129 verum
1358 4074 1521 4129 etiam
1580 4075 1966 4143 philosophica)
2022 4089 2087 4130 ac

517 4168 753 4239 physica:
800 4167 1153 4236 speculationi
1201 4168 1443 4222 intentis.
1493 4165 1614 4222 Jam
1650 4177 1916 4237 quotquot
1966 4178 2089 4237 post

519 4259 666 4312 illum
698 4258 764 4312 de
812 4257 1144 4325 simplicibus
1190 4258 1600 4313 medicamentis
1649 4257 1935 4325 scripsisse
1984 4259 2086 4314 visi

516 4360 664 4414 Sunt,
717 4348 807 4403 alii
846 4348 1041 4403 librum
1093 4348 1238 4402 hunc
1285 4348 1547 4402 duntaxat
1607 4350 2081 4417 transcripsernnt,

2174 510 2427 564 πλεῖστον
2462 511 2733 582 περιόδοις
2766 512 2862 564 καὶ
2888 509 3265 582 παρεμϐολαῖς
3303 510 3693 586 ἁλλεπαλλήλοις,

2171 603 2239 657 δι’
2275 596 2349 658 ὧν
2371 606 2465 658 καὶ
2503 606 2585 667 είς
2608 605 2873 673 μήκιστον
2901 604 2929 655 ὁ
2958 603 3082 666 νοῦς
3107 603 3447 657 ἀποτείνεται
3471 605 3569 659 τῶν
3589 626 3697 678 προ-

2175 697 2466 766 κειμένων,
2494 699 2615 759 ταῑς
2641 713 2703 749 τε
2739 695 2849 749 τῶν
2883 696 3162 766 ὀνομάτων
3207 695 3461 764 πλαγίαις
3492 700 3575 751 καὶ
3601 706 3697 766 ταῖς

2168 791 2493 861 ’μετοχικαῖς
2523 788 2702 855 λέξεσι
2732 787 3069 851 πλεονάζειν,
3102 787 3171 840 τὰ
3197 787 3337 841 αὐτά
3382 804 3439 839 τε
3484 790 3699 857 πολλάκις

2175 878 2271 932 καὶ
2302 878 2423 932 οὐδὲ
2454 877 2551 932 σὺν
2587 879 2776 948 κόσμῳ
2810 877 3231 943 ἑπανακυκλείν,
3266 877 3360 930 καὶ
3396 877 3489 941 τὰς
3528 881 3697 935 ἐπανα-

2176 969 2368 1039 λήψεις
2402 968 2567 1023 πλέον
2601 968 2710 1023 τῶν
2736 968 3039 1040 διηγήσεων
3079 968 3236 1039 (ὅπερ
3265 967 3517 1039 άμέθοδον
3535 988 3700 1025 παντε.

2175 1060 2306 1132 λῶς)
2342 1063 2462 1124 ταῖς
2488 1061 2844 1133 περιστάσεσι
2877 1059 3282 1131 μεμεστῶσθαι,
3311 1059 3405 1113 καὶ
3429 1062 3530 1124 τοῖς
3556 1064 3701 1116 τοιού·

2177 1170 2291 1217 τοις
2318 1146 2421 1206 οὒκ
2447 1152 2626 1222 ὀλίγον
2647 1152 2812 1222 ζόφον
2830 1152 2941 1206 τῶν
2977 1151 3146 1207 αὐτοῦ
3180 1150 3515 1223 γραμμάτων
3564 1171 3702 1206 κατα-

2182 1245 2454 1309 σκεδάζει.
2491 1246 2676 1299 Ἐοικε
2715 1245 2773 1300 δὲ
2794 1243 3224 1315 φιλοπονώτερον
3276 1259 3341 1294 πε
3352 1241 3405 1312 pl.
3446 1240 3535 1313 τὴν
3580 1244 3702 1311 ἱερὰν

2177 1337 2337 1409 ἡμῶν
2362 1337 2458 1392 καὶ
2486 1337 2639 1391 Θείαν
2661 1336 2884 1408 Γραφὴν
2907 1336 3244 1407 διατεθῆναι,
3262 1335 3315 1388 εί
3335 1333 3429 1388 καὶ
3449 1334 3503 1389 ὲν
3525 1334 3700 1399 πολλοῖς

2179 1427 2555 1500 παρασύρεται
2575 1427 2676 1498 τῆς
2698 1426 2977 1500 ἀληθείας.

2812 1607 2992 1661 ΡΟΗ’.

2478 1699 2867 1769 Διοσκορίδου
2893 1698 3031 1766 Περὶ
3050 1698 3205 1764 ὕλης
3229 1700 3403 1768 λόγοι
3433 1695 3491 1759 ζ’.

2264 1791 2603 1864 Ἀνεγνὼσθη
2634 1791 2978 1862 Διοσκορίδου
3010 1790 3146 1857 Περὶ
3171 1790 3317 1856 ὕλης
3359 1788 3551 1858 βιϐλίον
3580 1788 3620 1853 ζ’
3639 1787 3707 1839 λό-

2180 1900 2299 1953 γοις
2330 1884 2674 1957 διῃρημένον.
2715 1884 2805 1937 Ἐν
2839 1882 2938 1953 μὲν
2966 1881 3059 1935 οὖν
3086 1884 3197 1944 τοῖς
3229 1880 3270 1933 ε’
3300 1880 3428 1951 περί
3465 1896 3520 1932 τε
3577 1879 3707 1949 βοταο

2180 1978 2288 2032 νῶν
2319 1978 2413 2031 καὶ
2442 1978 2625 2046 φυτῶν
2643 1977 2997 2047 διαλαμϐάνει
3019 1976 3324 2046 ἀρωμάτων
3349 1992 3410 2028 τε
3436 1975 3522 2028 καὶ
3547 1990 3707 2027 σκευα-

2184 2070 2308 2133 σίας
2339 2070 2537 2121 ἐλαίων
2577 2068 2671 2122 καὶ
2709 2069 2917 2138 μύρων,
2958 2068 3051 2119 καὶ
3098 2066 3161 2136 δὴ
3199 2066 3294 2119 καὶ
3336 2065 3488 2126 ζώων
3519 2064 3709 2131 καὶτῆς

2182 2163 2292 2216 ἀπὸ
2349 2161 2457 2215 τῶν
2509 2163 2568 2214 ἐν
2624 2162 2810 2224 αὐτοῖς
2858 2159 3062 2228 μορίων
3119 2157 3408 2224 ὠφελείας,
3463 2156 3586 2210 ἀλλὰ
3636 2155 3710 2208 καὶ

2178 2254 2416 2325 δένδρων
2448 2253 2542 2306 καὶ
2567 2252 2716 2305 ὀπῶν
2745 2250 2842 2304 καὶ
2868 2249 3140 2321 δακρύων,
3172 2250 3253 2302 ἔτι
3295 2249 3354 2302 δὲ
3402 2247 3602 2319 μέλιτος
3635 2248 3710 2300 καὶ

2185 2345 2457 2413 γάλακτος
2486 2346 2581 2399 καὶ
2615 2343 2857 2410 στέατος,
2889 2345 2985 2397 καὶ
3009 2342 3117 2396 τῶν
3141 2343 3486 2413 καλουμένων
3511 2341 3712 2412 σιτηρῶν

2182 2438 2279 2489 καὶ
2313 2435 2637 2506 λαχανικῶν,
2667 2435 2831 2505 ῥιζῶν
2861 2452 2920 2487 τε
2949 2436 3016 2499 ⁸³,
3044 2433 3226 2502 φυτῶν
3266 2433 3363 2486 καὶ
3403 2432 3605 2502 θάμνων
3639 2432 3712 2484 καὶ

2186 2524 2445 2595 βοτανῶν,
2500 2524 2598 2576 ὃσα
2648 2540 2710 2575 τε
2756 2523 2937 2576 αὐτῶν
2985 2521 3047 2574 τὸ
3083 2521 3321 2592 χύλισμα
3379 2522 3456 2583 εἰς
3503 2519 3713 2588 ἰατρικὴν

2182 2615 2373 2688 χρείαν
2400 2612 2683 2666 συντελῶν
2713 2611 2886 2682 ἔχειῆ
2925 2611 3018 2665 τὸν
3057 2612 3268 2680 καρπόν
3296 2625 3311 2640 ⁸
3365 2609 3490 2682 [208
3538 2606 3620 2678 Η.]
3663 2606 3712 2659 οὐ

2187 2708 2292 2779 μὴν
2317 2706 2452 2761 ἀλλὰ
2481 2707 2574 2759 καὶ
2597 2706 2725 2776 περὶ
2750 2704 2904 2757 οἴνων
2933 2704 3027 2757 καὶ
3045 2703 3154 2756 τῶν
3179 2702 3522 2771 καλουμένων
3546 2698 3713 2771 μεταλ-

2184 2800 2356 2854 λικῶν
2382 2800 2468 2869 ἐφ’
2494 2798 2678 2852 ἰκανὸν
2701 2796 3080 2865 διαλαμϐάνει.
3110 2795 3220 2849 Καὶ
3241 2794 3353 2846 τῶν
3374 2811 3435 2863 γε
3459 2794 3711 2851 πλείστων,

2183 2886 2260 2945 ὧν
2292 2889 2557 2961 προῦθετο
2597 2888 2797 2957 λέγειν,
2843 2884 2980 2951 εἶδός
3008 2870 3087 2941 τε(
3111 2887 3207 2940 καὶ
3254 2886 3417 2955 φύσιν
3452 2885 3541 2939 καὶ
3580 2884 3714 2935 τόπον

2185 2985 2453 3055 γενέσεως
2485 2985 2564 3046 είς
2600 2982 2663 3036 τὺ
2699 2981 2927 3052 ἀκριϐὲς
2948 2982 3084 3050 πρὸς
3116 2980 3412 3047 ἐπίγνωσιν
3441 2976 3531 3029 τοῦ
3553 2976 3715 3044 ζητου-

2189 3077 2349 3149 μένου
2377 3075 2717 3147 ὰναγράφειο
2748 3074 2836 3126 ἐπ’
2871 3073 3092 3127 ἔλαττον
3134 3072 3191 3126 δὲ
3225 3074 3323 3143 τὴν
3361 3070 3543 3141 χρείαν
3578 3067 3716 3138 μόνην

2185 3171 2218 3242 ἢ
2260 3170 2361 3223 οὐκ
2411 3168 2617 3238 ἀκριϐῆ
2654 3165 2756 3236 τὴν
2813 3165 3052 3236 ἱστορίαν
3099 3163 3431 3234 ὑπογράφει.
3476 3161 3631 3214 Οἷνων
3671 3155 3717 3208 δὲ

2184 3262 2475 3332 διαφόρους
2537 3258 2906 3329 παραδίδωσιν
2964 3258 3022 3309 ἐν
3069 3254 3282 3316 τούτοις
3341 3251 3618 3313 σκευασίας
3661 3248 3715 3298 ²’.

2187 3351 2309 3424 [401
2339 3349 2433 3422 R.]
2474 3350 2562 3403 ’Ev
2594 3351 2775 3419 μέντοι
2804 3346 2883 3418 τῷ
2910 3353 2961 3412 ς’
2991 3347 3120 3417 περὶ
3150 3344 3460 3416 φαρμάκων
3479 3340 3717 3403 διέξεισιν,

2184 3446 2284 3498 ὅσα
2310 3443 2371 3497 τέ
2393 3446 2508 3495 ἐστι
2528 3440 2637 3494 τῶν
2664 3440 3003 3510 δηλητηρίων
3030 3438 3122 3489 καὶ
3141 3438 3240 3489 ὅσα
3262 3436 3372 3488 τῶν
3396 3432 3715 3498 ἀλεξικάκων·

2185 3537 2245 3589 ὲν
2276 3535 2334 3589 δὲ
2356 3533 2434 3605 τῷ
2469 3535 2513 3600 ζ’
2551 3532 2767 3600 καὶτῆς
2796 3530 2924 3599 ὅλης
2964 3528 3275 3602 προθέσεως
3298 3525 3585 3593 τελευταίῳ
3612 3520 3718 3591 περὶ

2184 3626 2295 3681 τῶν
2353 3625 2571 3678 ἰοϐόλων
2617 3622 2773 3687 ζώων
2823 3623 2924 3690 τὴν
2973 3620 3216 3691 ἱστορίαν
3266 3622 3520 3683 ποιεῖται,
3561 3608 3634 3676 οἷς
3671 3626 3719 3662 τε

2185 3717 2237 3769 οἱ
2285 3714 2765 3785 περιπεπτωκότες
2804 3714 2910 3766 τινὶ
2951 3711 3159 3764 τούτων
3186 3710 3284 3782 τὴν
3313 3706 3545 3779 δυνατὴν
3574 3718 3721 3774 παρα-

2190 3808 2391 3878 μυθίαν
2417 3806 2452 3877 ἢ
2484 3807 2576 3860 καὶ
2603 3805 2816 3857 τελείαν
2854 3804 3151 3875 εὑρήσουσι
3186 3800 3507 3871 θεραπείαν.
3558 3796 3612 3848 '0
3642 3794 3723 3862 μὲν

2186 3897 2281 3952 οὖν
2305 3898 2526 3966 σύμπας
2554 3897 2648 3950 τοῦ
2682 3896 2887 3967 βιϐλίου
2921 3897 3123 3960 σκοπὸς
3156 3889 3332 3957 οὗτος,
3377 3892 3635 3963 χρήσιμον
3676 3881 3722 3935 δὲ

2187 3989 2250 4044 τὸ
2286 3989 2487 4060 βιϐλίον
2524 3990 2586 4042 οὐ
2642 3989 2780 4060 πρὸς
2823 3988 3073 4059 ἰατρικὴν
3113 3986 3429 4056 φιλοπονίαν
3479 3983 3524 4015 ⁸³
3572 3979 3721 4049 μόνον,

2188 4081 2324 4135 ἀλλὰ
2355 4081 2619 4152 καὶπρὸς
2649 4080 3009 4151 ὲμφιλόσοφον
3060 4080 3155 4132 καὶ
3208 4075 3447 4147 φυσικὴν
3502 4067 3722 4138 θεωρίαν.

2188 4172 2299 4225 Καὶ
2315 4172 2427 4224 ὅσοι
2454 4171 2511 4224 δὲ
2547 4171 2663 4241 μετ’
2685 4171 2852 4224 αὐτὸν
2881 4169 3008 4239 περὶ
3024 4167 3212 4222 ἁπλῶν
3237 4163 3544 4235 φαρμάκων
3570 4154 3725 4217 ἔδοξαν

2188 4258 2443 4329 γράφειν.
2475 4262 2523 4314 οἱ
2557 4260 2657 4329 μὲν
2686 4259 3032 4329 μετέγραψαν
3068 4257 3229 4324 μόνον
3266 4255 3329 4307 τὸ
3358 4251 3580 4323 βιϐλίον,
3615 4246 3657 4297 οἱ
3679 4241 3725 4293 ﬁl

2195 4347 2318 4401 οὐδὲ
2345 4347 2448 4400 κᾶν
2472 4350 2535 4418 τῇ
2572 4349 2896 4418 μεταγραφῇ
2932 4346 2978 4378 ⁸⁵
3013 4345 3076 4397 τὸ
3101 4340 3329 4413 ἀκριϐὲς
3369 4337 3619 4393 διασῶσαι
3644 4346 3724 4382 πε-

518 4440 639 4495 aliis
687 4454 754 4495 ne
798 4440 850 4495 in
901 4442 1016 4509 ipsa
1062 4439 1285 4509 quidem
1339 4455 1435 4495 sua
1466 4438 1764 4509 scriptione
1812 4442 2083 4497 accuratio

2191 4440 2563 4511 φροντίκασιν,
2590 4439 2727 4493 ἀλλὰ
2771 4439 2871 4493 καὶ
2911 4438 2958 4471 ’⁸
3002 4437 3301 4505 κατέτεμον
3352 4431 3417 4486 τὸ
3467 4426 3724 4494 ὀλόκληρον

518 4546 664 4587 curae
705 4530 840 4596 fuit;
879 4531 973 4586 sed
1023 4531 1331 4584 universam
1388 4531 1454 4584 de
1499 4530 1728 4599 singulis
1783 4531 2083 4587 doctrinam

2185 4533 2286 4602 τῆς
2312 4531 2442 4603 περὶ
2471 4532 2700 4584 ἑκάστου
2740 4529 3111 4593 διδασκαλίας,
3146 4527 3316 4599 χωρὶς
3353 4526 3454 4596 μὲν
3491 4517 3616 4580 deo;
3649 4512 3725 4567 καὶ

519 4627 942 4694 discerpserunt,
988 4623 1115 4677 dum
1171 4619 1431 4685 formam.
1471 4632 1717 4676 naturam
1797 4633 1853 4678 et
1904 4632 2083 4678 ortum

2191 4624 2355 4695 φύσιν
2388 4623 2484 4677 καὶ
2504 4623 2719 4691 γένεσιν
2742 4622 2851 4675 τῶν
2882 4620 3067 4675 ἁπλῶν
3107 4619 3542 4690 συναγείροντες,
3583 4608 3723 4678 χωρὶς

519 4714 845 4783 simplicium
884 4712 1113 4770 scorsim
1170 4711 1474 4781 colligunt;
1507 4712 1840 4781 seorsimque
1869 4727 2083 4767 rursum

2188 4716 2246 4770 δὲ
2285 4716 2381 4770 καὶ
2421 4714 2843 4786 μεμερισμένως
2863 4713 2962 4784 τὴν
3004 4710 3194 4782 χρείαν
3227 4710 3324 4763 καὶ
3353 4706 3614 4778 ὠφέλειαν
3631 4700 3726 4750 5:4-

520 4823 586 4862 ac
615 4807 827 4862 divisim
864 4820 1017 4859 usum
1073 4814 1130 4859 et
1151 4805 1438 4865 utilitatem
1471 4803 1830 4872 perscribunt.
1851 4804 2083 4858 Alexan-

2191 4805 2513 4877 γράφοντες.
2564 4805 2910 4875 Ἀλέξανδρος
2937 4803 2994 4857 δὲ
3034 4802 3132 4856 καὶ
3162 4800 3375 4862 Παῦλος
3415 4797 3509 4851 καὶ
3556 4791 3725 4846 Ἀέτιος

518 4899 619 4953 der
670 4894 1150 4970 [Aphrodisiensis]
1203 4911 1357 4959 vero,
1390 4894 1587 4949 Paulus
1633 4892 2083 4967 [Egineta],Ae—

2192 4897 2291 4951 καὶ
2318 4899 2369 4951 oi
2390 4896 2624 4950 τοιοῦτοι
2661 4896 2783 4950 οὐδὲ
2813 4893 2906 4947 τοῦ
2942 4892 3117 4955 εἴδους
3147 4892 3303 4959 λόγον
3348 4889 3552 4950 ἔθεντο,
3588 4882 3728 4970 μόνην

522 4990 649 5053 tius,
675 4967 995 5057 similesque
1019 5002 1087 5042 ne
1114 4987 1300 5041 formae
1326 4986 1545 5056 quidem
1583 4987 1843 5040 rationem
1886 4986 2083 5040 habue-

2191 4988 2248 5042 δὲ
2301 4989 2402 5060 τὴν
2444 4989 2633 5059 χρείαν
2665 4985 3178 5059 ἀκρωτηριάσαντες
3222 4985 3335 5045 τοῖς
3375 4980 3525 5041 ἰδίοις
3561 4967 3726 5060 cum?

520 5092 687 5138 runt:
728 5079 823 5135 sed
859 5078 1026 5135 solius
1074 5092 1204 5133 usus
1246 5092 1456 5133 summa
1509 5078 1774 5133 duntaxat
1803 5075 1965 5131 veluti
1995 5093 2083 5131 ca-

2190 5050 2395 5150 γμασίν
2428 5050 2769 5144 έναπέθενσιο,
2801 5079 2850 5132 εί
2876 5050 2976 5132 καὶ
3010 5077 3205 5147 Παύλῳ
3223 5076 3284 5128 οὐ
3317 5073 3481 5145 μόνον
3508 5066 3646 5122 οὐδὲν
3670 5050 3730 5115 ὧν

1751 5206 1991 5263 VARIE
2044 5208 2457 5270 LECTIONES.

1352 5298 1400 5331 ”
1435 5297 1821 5362 διασκευασίας
1846 5315 1907 5361 ς.
2023 5303 2068 5333 ’³
2108 5304 2423 5372 φιλοπονίαν
2453 5304 2495 5356 Λ
2522 5321 2535 5357 :
2570 5302 2885 5373 φιλοσοφίαν
2912 5319 2971 5367 ς.

1352 5386 1415 5421 ειν
1445 5385 1505 5423 ς.
1581 5370 1626 5401 ⁸³
1658 5369 1753 5421 καὶ
1785 5369 1910 5423 add.
1939 5367 2007 5423 A.

2025 5476 2262 5533 NOTA”

596 5580 707 5648 (Π)
740 5578 808 5635 Ut
837 5577 960 5633 libri
986 5576 1129 5648 editi
1148 5579 1598 5648 repraesentant.“
1782 5641 1796 5648 _
2206 5569 2714 5648 raiov.___Septit_num
2746 5582 2925 5648 autem
2953 5572 3093 5624 hunc
3126 5568 3180 5648 in
3208 5570 3353 5648 duos
3379 5567 3539 5648 modo
3566 5563 3734 5619 distra'

596 5638 707 5718 (l9)
737 5651 851 5715 Ipse
898 5638 1405 5718 Dioscorideslibri
1457 5659 1506 5697 vr
1563 5641 1834 5718 Protemio
1884 5650 2094 5718 sex_tum
2204 5652 2351 5697 ctum
2378 5640 2544 5698 libros
2584 5643 2638 5697 iu
2672 5642 2901 5713 vulgatis
2931 5638 3328 5713 exemplaribus
3357 5640 3620 5696 videmus.

531 5710 702 5788 ipsum
735 5710 935 5773 diserte
971 5718 1158 5772 statuit
1202 5716 1300 5785 τῆς
1338 5712 1464 5783 ὅλης
1500 5712 1875 5785 πραγματείας
1910 5710 2095 5764 τελευ-

613 5308 657 5341 ²¹
686 5322 747 5359 τε
773 5303 859 5377 φ.]
885 5321 945 5377 τε
973 5303 1069 5357 καὶ
1099 5318 1157 5369 φ.
1187 5317 1249 5377 ς)

3064 5300 3112 5333 ’⁸
3137 5303 3204 5371 τῇ
3231 5300 3420 5369 γραφῇ
3451 5298 3493 5350 Α
3523 5311 3537 5348 =
3564 5284 3731 5344 διαθεῖν

524 5394 613 5434 σαι
648 5378 711 5431 τὸ
750 5372 973 5445 ἀκριϐὲς
1004 5372 1415 5442 πεφρονήκασιν
1445 5385 1505 5432 ς.
