3932 6240
217 279 307 347 521

1012 283 1546 344 BIBLIOTHECA.
1582 307 1652 318 —
1689 281 1907 342 CODD.
1953 235 2314 356 CLXXVIII,
2358 283 2664 342 CLXXIX.

3389 282 3494 347 5‘22

218 393 597 465 Διοσκουρίδης
651 389 772 447 εἷπε
807 393 906 461 τῆς
952 393 1142 464 χρείας
1185 395 1483 462 παρεῖται,⁴
1515 390 1652 446 ἀλλὰ
1708 389 1802 443 καὶ

1921 391 2013 455 Γιὶιει
2053 391 2308 458 libantes,
2357 391 2470 445 suis
2521 405 2582 446 ea
2635 390 2853 460 scriptis
2902 390 3270 448 inseruerunt.
3303 395 3490 462 Quan-

217 480 286 541 ὧν
312 487 523 548 ἐκεῖνος
551 485 655 538 οὐκ
686 483 954 555 ἐμνήσθη,
991 485 1093 537 οὐκ
1133 484 1333 552 ὀλίγων
1366 486 1412 517 ’⁸
1448 486 1480 555 ὴ
1511 485 1672 555 χρεία
1713 483 1806 535 καὶ

218 579 273 631 τὸ
287 578 576 647 ’ὠφέλιμον
594 576 985 646 συνηθροῖσθαι
1008 577 1097 628 ¹⁶·.
1116 576 1320 638 Ἀέτιος
1341 576 1398 629 δὲ
1425 575 1564 644 μετά
1582 574 1676 628 τοῦ
1697 591 1805 642 μη-

216 671 300 724 δὲν
324 669 670 740 προσθεῖναι,
702 670 796 721 καὶ
836 667 1008 720 πολλὰ
1037 660 1113 720 ὦν
1141 668 1524 739 Διοσκουρίδης
1569 666 1807 738 ἔγραψεν

218 762 316 813 οὐκ
344 754 462 812 οἶδα
491 759 610 812 ἀνθ’
656 760 780 812 ὅτου
822 759 1124 829 παρῆλθεν.
1188 760 1326 813 Ἀλλ’
1363 760 1472 813 οὐδ’
1525 761 1554 812 ὁ
1602 760 1808 813 τούτων

214 853 386 907 δοκῶν
419 847 560 904 εἶναι
595 850 1106 924 πλατυντικώτερος
1133 854 1178 885 ⁸⁷
1221 851 1530 921 Ὀριὸἀσιος
1565 851 1804 918 ἅπαντα,

215 946 357 998 ὅσων
392 944 615 1013 μνήμην
646 944 773 1013 ἔσχε
798 945 1205 1016 Διοσκουρίδης,
1236 948 1295 999 ἐν
1328 947 1450 1009 ταῖς
1477 946 1636 1008 ἰδίαις
1679 962 1806 997 συν-

215 1037 461 1104 αγωγαῖς
505 1035 879 1106 ἀνεγράψατο,
915 1035 1053 1088 ἀλλά
1095 1037 1191 1090 καὶ
1224 1037 1325 1106 τὴν
1369 1036 1560 1106 χρείαν
1596 1035 1692 1089 τοῦ
1731 1035 1806 1088 εί-

213 1128 340 1191 δους
368 1128 464 1181 καὶ
493 1127 593 1199 τῆς
633 1125 846 1196 φύσεως
881 1126 1100 1198 ἔτεμεν.
1141 1127 1250 1181 Καὶ
1280 1126 1519 1198 Γαληνὸς
1547 1126 1688 1196 μετά
1714 1127 1808 1179 τοῦ

215 1221 449 1275 πλεῖστα
474 1220 582 1274 τῶν
613 1220 854 1291 βοτανῶν
881 1221 1230 1290 παραλιπεῖν,
1268 1219 1434 1290 μόνην
1463 1217 1561 1290 τὴν
1581 1218 1810 1288 δύναμιν

215 1314 339 1385 ἢτοι
373 1314 474 1382 τὴν
514 1313 715 1384 χρῆσιν
752 1313 848 1366 καὶ⁸
890 1305 966 1366 ὧν
997 1311 1404 1382 ἐμνημόνευσεν
1441 1310 1672 1380 ἔγραφε,
1702 1310 1808 1378 ψυ-

212 1407 357 1476 χρὰν
385 1403 568 1458 αἰτίαν
586 1404 680 1459 τοῦ
706 1404 1061 1475 παραλιπεῖν,
1085 1398 1224 1468 εἶδός
1246 1421 1305 1457 τε
1330 1402 1423 1456 καὶ
1447 1406 1608 1470 φύσιν
1630 1400 1810 1455 αὐτῶν

211 1497 578 1561 ἀποδεδωκώς
602 1512 618 1527 '
659 1497 835 1550 καίτοι
876 1496 1143 1569 περὶτῶν
1192 1493 1534 1566 μεταλλικῶν
1579 1493 1810 1564 διαλαμ-

217 1591 432 1655 ϐάνων,
461 1590 556 1643 καὶ
587 1589 1010 1661 περιεργότερον
1040 1587 1075 1661 ἢ
1111 1588 1252 1642 κατὰ
1290 1586 1678 1656 Διοσκουρίδην
1723 1585 1805 1638 δι-

211 1682 444 1745 έλαϐεν,
497 1684 600 1736 οὐκ
633 1681 903 1752 ἐλαχίστῳ
953 1680 1109 1751 μέρει
1151 1677 1401 1733 οὐδὲτοῦ
1435 1677 1707 1749 χρησίμου
1752 1679 1809 1730 ἐν

211 1775 435 1838 τούτοις
469 1775 560 1828 τὸν
593 1774 760 1845 ἄνδρα
799 1772 1400 1844 παρευδοκιμούμενος,
1436 1773 1536 1826 οὐκ
1566 1771 1656 1824 ἐπὶ
1683 1787 1811 1824 τοσ-

210 1869 379 1922 οῦτον
420 1867 479 1921 δὲ
509 1868 597 1935 ἐφ’
624 1867 749 1920 ὅσον
801 1867 930 1939 περὶ
977 1865 1088 1920 τῶν
1141 1863 1380 1935 βοτανῶν
1421 1863 1568 1933 λόγῳ
1619 1865 1813 1933 ὁρᾶται

212 1959 415 2013 τούτου
444 1957 898 2028 ἀπολειπόμενος.
941 1957 1130 2021 Ὥστε,
1179 1956 1280 2008 ὅσα
1325 1972 1389 2023 γε
1439 1955 1540 2023 ἐμὲ
1591 1953 1811 2017 εἰδέναι,

213 2055 297 2116 είς
334 2051 637 2121 ἐπίγνωσιν
683 2050 857 2112 είδους
894 2067 955 2103 τε
995 2045 1090 2104 καλ
1131 2048 1347 2116 φύσεως
1399 2049 1495 2100 καὶ
1542 2045 1814 2114 γενέσεως

211 2145 324 2198 οὐκ
351 2144 398 2177 ’⁸
435 2143 504 2198 ἄν
535 2161 620 2206 τις
638 2142 1068 2215 χρειωδεστέρου
1093 2141 1126 2212 ἢ
1159 2139 1541 2211 Διοσκουρίδου
1566 2135 1741 2210 τύχοι.

291 2326 459 2378 Ἔστι
484 2323 544 2377 δέ
569 2324 599 2375 ὁ
630 2323 794 2393 ἀνὴρ,
840 2322 916 2386 ὡς
944 2321 1041 2375 καὶ
1063 2319 1304 2388 Γαληνὸς
1355 2315 1629 2387 ἐπιμαρτΰ
1641 2333 1814 2387 ρεται,

227 2416 610 2489 ’Δναζαρϐεύς
641 2434 654 2448 ·
689 2417 802 2486 ἐγὼ
851 2416 909 2468 δὲ
963 2413 1212 2484 ἐνέτυχόν
1269 2430 1409 2465 τισιν
1457 2412 1506 2464 οἳ
1559 2410 1817 2464 Πεδάνιον

217 2512 345 2582 ἅμα
380 2512 479 2565 καὶ
522 2510 861 2581 ’Δναζαρϐἐα
898 2511 943 2542 ‘9
972 2511 1093 2570 ταῖς
1121 2507 1460 2576 ἐπιγραφαῖς
1491 2503 1816 2558 ἐπεκάλουν.

224 2602 457 2658 Πολλῶν
488 2602 550 2656 δὲ
571 2603 666 2658 καὶ
693 2602 804 2673 πρὸ
840 2599 1007 2654 αὐτοῦ
1045 2600 1144 2668 τὴν
1179 2599 1352 2668 αὐτὴν
1381 2597 1642 2650 ὑπόθεσιν
1685 2612 1819 2666 συγ-

218 2697 612 2768 γεγραφότων,
671 2693 1062 2765 ἀκριὸἐστερος
1103 2693 1361 2747 ἁπάντων
1389 2690 1435 2722 ³⁰
1480 2692 1575 2744 καὶ
1627 2707 1823 2760 χρειω-

216 2792 484 2863 δέστερος
519 2790 688 2862 πείρᾳ
719 2790 1072 2858 γινώσκεται.

943 2878 1112 2931 ΡΟΘ’.

649 2971 926 3042 Ἀταπίου
955 2971 1123 3038 λόγοι
1154 2976 1203 3038 γ’
1237 2968 1335 3021 καὶ
1362 2975 1434 3023 κ’.

1909 497 2072 550 quam
2117 482 2316 536 Paulus
2367 497 2470 536 non
2525 482 2698 536 solum
2746 497 2956 550 eorum,
2996 500 3114 554 qua:
3148 486 3494 544 Dioscorides

1911 573 2156 640 tradidit,
2209 589 2364 629 usum
2413 575 2636 630 minime
2690 576 2898 640 omisit,
2953 577 3046 632 sed
3085 585 3140 631 et
3171 579 3492 646 multorum,

1909 681 2138 736 quorum
2179 667 2266 722 ille
2309 683 2415 721 non
2447 669 2730 733 meminit,
2763 685 2924 724 usum
2968 670 3366 738 utilitatemque
3399 689 3462 726 ac

1910 760 2171 814 cumulat.
2209 761 2403 814 Aetius
2447 775 2576 815 vero
2623 771 2984 830 praeterquam
3028 763 3170 832 quod
3218 763 3348 817 nihil
3381 765 3492 833 ipse

1911 852 2093 916 addat,
2139 852 2303 906 multa
2354 852 2599 920 insuper,
2651 869 2770 922 quae
2805 856 3147 909 Dioscorides
3175 857 3490 924 scripserat,

1911 945 2098 998 nescio
2137 959 2244 1014 quo
2298 945 2528 1000 consilio
2576 949 2940 1015 prtrtermislt.
3005 946 3075 1001 At
3131 962 3308 1016 neque
3368 946 3494 1002 Ori-
3574 989 3583 993 -

1909 1036 2116 1102 Dasius,
2142 1037 2231 1106 qui
2262 1038 2349 1092 his
2382 1038 2635 1092 omnibus
2683 1038 2902 1092 uberior
2932 1053 3053 1093 esse
3077 1038 3344 1104 videatur,
3375 1055 3494 1092 out-

1914 1130 1999 1183 nia
2036 1144 2265 1200 quorum
2320 1128 2669 1183 Dioscorides
2723 1129 2997 1193 meminit,
3047 1130 3101 1183 in
3156 1146 3250 1185 sua
3310 1130 3496 1186 retulit

1911 1220 2274 1288 collectanea;
2312 1221 2404 1276 sed
2442 1237 2596 1276 usum
2622 1238 2651 1274 a
2683 1220 2856 1275 forma
2891 1231 3191 1290 naturaque
3213 1221 3494 1289 disjunxit.

1910 1309 2148 1368 Galenus
2181 1312 2374 1385 125a
2415 1315 2545 1368 item
2580 1330 2700 1368 cum
2743 1314 3032 1368 herbarum
3087 1315 3250 1368 multa
3297 1331 3495 1384 genera

1912 1406 2185 1469 amiserit,
2253 1405 2562 1460 facultatem
2614 1409 2894 1473 duntaxat,
2946 1415 3040 1459 aut
3082 1421 3238 1459 usum
3287 1421 3494 1472 earum,

1912 1513 2144 1566 quarum
2178 1500 2395 1566 quidem
2451 1498 2718 1562 meminit,
2775 1499 3088 1568 descripsit,
3136 1499 3330 1569 frigida
3362 1516 3498 1552 sane

1913 1607 2099 1653 causa,
2134 1606 2232 1645 cur
2282 1591 2472 1644 barmn
2509 1601 2565 1644 et
2609 1592 2860 1661 ﬁguram,
2889 1581 2954 1646 et
2989 1601 3236 1644 naturam
3277 1601 3500 1660 prteter-

1916 1685 2148 1745 miserit,
2194 1683 2376 1738 allata.
2433 1683 2543 1738 Etsi
2596 1684 2663 1738 de
2711 1683 2998 1738 metallicis
3053 1684 3323 1738 curiosius
3370 1689 3501 1739 Sane

1914 1791 2074 1845 quam
2104 1775 2453 1829 Dioscorides
2494 1776 2626 1844 egit,
2675 1790 2777 1828 non
2835 1776 3055 1829 minima
3105 1791 3172 1829 ex
3222 1786 3398 1846 parte,
3445 1787 3502 1830 et

1915 1868 2129 1936 quidem
2178 1867 2316 1931 utili,
2361 1867 2537 1920 virum
2593 1866 2740 1920 illurn
2785 1883 3070 1936 superans,
3124 1885 3228 1922 non
3259 1873 3394 1924 adeo
3417 1880 3502 1924 ta-

1915 1973 2060 2022 men,
2095 1969 2355 2028 quantum
2399 1960 2688 2014 herbarum
2729 1960 2797 2014 ab
2830 1961 2918 2014 illo
2961 1976 3122 2014 causa
3170 1963 3310 2016 vinci
3337 1963 3500 2017 vicis-

1915 2054 2017 2105 sim
2047 2051 2284 2106 \‘idetur.
2309 2051 2671 2118 Quamobrem
2707 2066 2825 2105 mea
2869 2053 3085 2120 quidem
3112 2055 3403 2120 sententia,
3435 2056 3500 2107 ad

1917 2145 2122 2214 ﬁgurat,
2147 2154 2377 2206 naturae,
2411 2153 2572 2213 atque
2602 2155 2757 2198 ortus
2809 2146 3247 2215 intelligentiam,
3284 2148 3506 2204 Diosco-

1917 2238 2032 2290 ride
2067 2252 2225 2291 nemo
2255 2235 2413 2290 facile
2443 2236 2628 2289 utilior
2663 2235 2993 2291 inveniatur.

1990 2324 2238 2397 scriptor
2302 2329 2414 2391 hic,
2470 2335 2527 2382 ut
2580 2335 2635 2382 et
2691 2330 2930 2383 Galenus
2989 2331 3100 2400 (l9)
3157 2332 3498 2397 testiﬁcatur,

1918 2423 2322 2476 Auazarbeusis
2382 2434 2486 2476 est.
2537 2422 2706 2476 lucidi
2767 2431 2946 2476 tamen
2996 2424 3286 2492 aliquando
3322 2425 3373 2478 in
3409 2440 3505 2480 eos

1921 2515 2106 2578 libros,
2139 2514 2228 2582 qui
2269 2512 2486 2567 Pedacii
2537 2513 2652 2582 (20)
2688 2515 2846 2567 simul
2885 2525 2939 2568 et
2979 2515 3279 2570 Anazarbei
3312 2531 3504 2569 nomen

1922 2607 1973 2659 in
2007 2606 2162 2660 titulo
2209 2605 2548 2674 praferrent.
2611 2607 2874 2662 Omnibus
2923 2616 3123 2672 autem,
3153 2608 3245 2676 qui
3285 2620 3409 2662 ante
3444 2608 3507 2662 ii-

1921 2698 2032 2751 lum
2069 2698 2224 2750 multi
2252 2713 2314 2751 ea
2360 2699 2426 2750 de
2462 2712 2520 2751 re
2559 2698 2922 2766 scripserunt,
2960 2701 3312 2753 accurattone
3343 2706 3508 2769 atque

1923 2790 2155 2844 utilitate
2189 2789 2519 2844 antecellere
2550 2789 2719 2843 videri
2755 2789 2870 2859 (2i)
2902 2789 3105 2844 studet.

2576 2883 2860 2939 CLXXIX.

2453 2974 2647 3044 Agapii
2670 2975 2792 3027 libri
2817 2991 2977 3028 XXIII.

293 3067 441 3144 [εοο
475 3065 572 3139 Η.]
617 3062 960 3134 Ἀνεγνώσθη
992 3061 1086 3114 τού
1126 3061 1357 3130 μισητοῦ
1388 3061 1481 3113 καὶ
1530 3057 1814 3118 δυσσεϐοῦς

1996 3065 2128 3135 Legi
2183 3065 2399 3136 Agapii,
2443 3065 2570 3118 odio
2623 3063 2771 3131 digni
2829 3075 2994 3131 atque
3048 3062 3195 3132 impii
3255 3063 3508 3127 hominis,

233 3161 512 3232 ’Δγαπίου
550 3157 777 3228 βιῦλίον,
833 3154 1042 3223 λογίδια
1073 3153 1328 3222 περιέχον
1374 3157 1422 3219 γ’
1465 3152 1560 3204 καὶ
1609 3157 1678 3213 κ’,
1729 3150 1823 3202 καὶ

220 3255 392 3329 ’ἐτερά
413 3270 542 3307 τινα
561 3252 603 3283 ³¹
637 3249 910 3318 κεφάλαια
947 3244 1108 3315 δῆθεν
1140 3243 1183 3313 β’
1209 3243 1307 3297 καὶ
1343 3249 1408 3314 ρ’,
1453 3243 1510 3295 ἐν
1537 3237 1618 3307 οἷς
1651 3241 1825 3296 ἅπασι

221 3348 482 3402 δείκνυσι
532 3341 632 3413 μὲν
660 3339 854 3394 ἐαυτὸν
892 3335 1322 3406 ὑποκρινόμενον
1371 3335 1544 3404 ὄνομα
1596 3334 1657 3386 τὸ
1699 3335 1828 3404 Χρι-

223 3435 493 3496 στιανῶν,
527 3431 700 3494 οὐδεὶς
727 3429 770 3482 δ’
800 3427 944 3482 οὕτω
973 3427 1040 3479 δι’
1070 3424 1248 3478 αὐτῶν
1277 3424 1502 3478 ἐκείνων
1542 3424 1824 3494 ἐλέγχεται

225 3526 594 3598 μισόχριστος
643 3519 740 3574 ὧν.
786 3519 1109 3589 Προσφωνεῖ
1134 3516 1191 3568 δέ
1216 3515 1390 3568 ταῦτα
1419 3503 1678 3586 Ὀὐρανία
1723 3515 1828 3566 τινὶ

219 3619 474 3690 τοῦνομα
513 3613 759 3685 γυναικὶ,
789 3609 1192 3681 συμφιλόσοφον
1215 3607 1607 3678 ἀποσεμνύνων
1632 3606 1824 3677 αὑτήν.

223 3713 426 3766 Πάντα
474 3706 611 3776 γοῦν
673 3703 936 3758 τάναντία
989 3699 1338 3768 δογματίζων
1392 3700 1488 3752 καὶ
1543 3697 1828 3768 κρατύνων

222 3799 614 3871 Χριστιανοῖς,
648 3793 776 3867 [404
812 3791 907 3864 Ιὶ.]
935 3791 1112 3862 ἀρχὴν
1142 3789 1388 3859 πονηρὰν
1417 3787 1829 3842 αὑθυπόστατον

219 3892 622 3960 ἀντανίστησιν
648 3887 706 3953 ἐξ
726 3887 898 3940 ἀϊδίου
938 3883 1010 3954 τῷ
1038 3880 1176 3951 Θεῷ,
1211 3881 1277 3950 ῆν
1312 3880 1442 3932 ποτέ
1487 3880 1586 3948 μὲν
1615 3879 1824 3948 φύσιν.

221 3985 429 4039 ἄλλοτε
455 3982 501 4035 δ’
527 3981 706 4047 ὕλην,
736 3979 830 4030 καὶ
855 3975 1042 4030 ἄλλοτε
1069 3973 1125 4026 δὲ
1149 3968 1426 4026 Σατανᾶν
1441 3971 1534 4024 καὶ
1553 3969 1830 4023 διάϐολον

222 4078 323 4130 καὶ
336 4075 613 4144 ἄρχοντα
637 4069 740 4123 τοῦ
759 4069 989 4136 κόσμου
1008 4065 1101 4118 καὶ
1117 4063 1255 4118 θεὸν
1272 4061 1375 4115 τοῦ
1390 4059 1603 4127 αἰῶνος
1615 4061 1830 4114 τούτου

221 4169 326 4223 καὶ
379 4165 606 4238 μυρίοις
661 4162 706 4194 ³¹
755 4160 939 4222 ἄλλοις
989 4158 1276 4211 ἀποκαλεῖ.
1337 4155 1578 4226 Ἀνάγκη
1619 4171 1681 4206 τε
1737 4154 1833 4206 κα)⁵

1927 3170 2062 3226 opus
2106 3156 2268 3210 trium
2313 3166 2368 3209 et
2408 3156 2593 3224 viginti
2652 3153 2980 3218 libellorum,
3017 3162 3071 3206 et
3104 3155 3206 3208 alia
3249 3164 3509 3222 praeterea

1926 3253 2105 3322 capita
2157 3252 2266 3305 duo
2315 3264 2475 3317 supra
2530 3256 2771 3300 centum.
2827 3246 3033 3312 Quibus
3079 3244 3330 3298 omnibus
3379 3246 3512 3298 satis

1933 3342 2198 3404 ostendit,
2238 3339 2376 3392 falso
2425 3354 2546 3392 eum
2580 3338 2682 3391 sibi
2717 3337 3008 3392 Christiani
3042 3351 3234 3390 nomen
3267 3335 3512 3389 vindica-

1930 3448 2012 3496 re,
2041 3447 2164 3488 cum
2199 3439 2380 3484 tantus
2432 3443 2590 3481 nemo
2617 3427 2859 3480 omnium
2890 3425 3090 3479 Christi
3124 3441 3251 3479 osor
3277 3435 3513 3494 quantus

1927 3525 2168 3596 Agapius
2214 3523 2296 3576 vel
2349 3535 2416 3575 ex
2447 3519 2532 3573 his
2588 3519 2720 3587 ipsis
2760 3518 2975 3579 libellis,
3031 3517 3508 3586 deprehendatur:

1933 3633 2072 3687 quos
2113 3615 2331 3672 Uraniae
2379 3613 2595 3666 cuidam
2637 3611 2850 3664 feminae
2893 3617 3055 3663 sectae
3089 3624 3202 3663 sua:
3235 3609 3514 3678 studiique

1930 3710 2112 3770 socize,
2162 3708 2238 3761 uti
2292 3706 2480 3776 jactat,
2540 3702 2810 3757 inscribit.
2887 3700 3021 3756 Cum
3085 3701 3249 3768 igitur
3305 3702 3511 3754 nullum

1931 3802 2123 3868 dogma
2160 3797 2468 3851 intruducat
2510 3804 2672 3863 atque
2700 3793 3005 3856 conﬁrmet,
3040 3793 3180 3861 quod
3214 3809 3315 3844 non
3352 3791 3513 3846 Chri-

1932 3892 2124 3943 stianm
2167 3888 2428 3941 doctrina:
2478 3887 2828 3946 adversetur,
2873 3883 3198 3951 principium
3243 3885 3513 3950 quoddam

1933 3983 2133 4038 malum
2171 3997 2267 4050 per
2295 3993 2353 4034 se
2381 3979 2702 4040 subsistens,
2729 3977 2797 4028 ab
2820 3987 3026 4030 aeterno
3057 3991 3177 4030 esse
3209 3975 3318 4031 Deo
3348 3991 3515 4046 oppo-

1934 4077 2099 4132 situm
2155 4074 2302 4138 vult,
2364 4071 2506 4140 quod
2569 4071 2838 4124 interdum
2891 4080 3174 4134 naturam,
3235 4071 3512 4122 materiam

1936 4180 2345 4234 nonnunquam,
2421 4163 2556 4215 alias
2637 4161 2800 4214 etiam
2868 4158 3148 4224 Satanam,
3220 4159 3510 4220 diabolum.

221 4262 477 4322 ἄκοντας
501 4256 634 4319 τοὺς
665 4252 988 4324 ἀνθρώπους
1027 4249 1244 4302 πταίειν
1273 4247 1618 4312 διατείνεται,
1643 4245 1736 4298 καὶ
1772 4245 1814 4297 τί

1937 4257 2118 4312 mundi
2189 4255 2501 4326 principem,
2576 4252 2758 4304 swruli
2817 4249 2973 4318 hujus
3028 4250 3206 4314 deum,
3286 4251 3514 4318 aliisque

220 4353 402 4422 σῶμα
432 4349 536 4420 τῆς
559 4345 773 4416 φαύλης
805 4343 1001 4414 μοίρας
1025 4337 1188 4408 εἶναι,
1219 4339 1322 4410 τῆς
1345 4339 1495 4401 θείας
1520 4337 1577 4390 δέ
1605 4336 1704 4408 τὴν
1725 4335 1814 4406 dpu-

1937 4349 2208 4404 sexcentis
2231 4345 2468 4416 appellat
2502 4343 2833 4396 nominibus.
2871 4341 3058 4394 Tradit
3081 4342 3289 4406 adhaec,
3320 4355 3513 4393 neces-

219 4448 357 4518 χὴν,
392 4446 493 4498 καὶ
542 4441 827 4511 ὁμοούσιον
855 4436 977 4507 (φεῦ
1007 4440 1106 4506 τῆς
1134 4435 1331 4506 μανίας
1355 4435 1408 4500 ί)
1442 4432 1522 4503 τῷ
1550 4430 1690 4501 Θεῷ.
1723 4429 1814 4500 Τὴ·

1938 4441 2086 4496 sario
2137 4449 2302 4508 atque
2365 4437 2566 4491 invitos
2613 4448 2842 4504 peccare
2899 4432 3185 4485 homines:
3220 4441 3275 4484 et
3319 4445 3516 4497 corpus

219 4539 280 4591 δὲ
311 4538 566 4590 παλαιὰν
590 4532 812 4603 Γραφὴν
841 4529 1117 4599 κωμῳδεῖ,
1140 4525 1382 4581 Momm-“Ea.
1399 4525 1444 4556 ³³
1459 4541 1520 4576 τε
1543 4523 1727 4587 αὐτὸν,
1745 4539 1814 4574 κα

1934 4531 2223 4587 deterioris
2255 4542 2376 4582 esse
2405 4527 2598 4596 partis,
2637 4525 2834 4577 divinae
2868 4537 2995 4576 vero
3025 4537 3172 4576 aurae
3194 4522 3515 4589 particulam

218 4637 388 4698 τοὺς,
411 4629 731 4701 προφήτας,
765 4625 862 4678 καὶ
914 4623 979 4692 δὴ
1017 4622 1116 4675 καὶ
1167 4621 1260 4673 τὸν
1292 4619 1598 4688 πρόδρομον
1626 4617 1656 4668 ὁ
1693 4632 1814 4686 τρισ

1933 4638 2052 4678 esse
2074 4623 2334 4682 animam,
2386 4629 2546 4688 atque
2581 4616 2634 4687 (ο
2665 4617 2937 4684 ingentem
2978 4613 3334 4683 amentiam!)
3367 4612 3514 4681 ejus-

219 4726 429 4785 άθλιος
456 4717 781 4789 δυσφημῶν·
825 4715 1055 4769 ἀνάπτει
1077 4731 1136 4766 τε
1173 4713 1397 4775 τούτους
1433 4712 1528 4765 καὶ
1551 4710 1728 4764 πάντα
1762 4711 1814 4761 τέ

1933 4717 2057 4771 dem
2106 4729 2228 4768 cum
2282 4713 2392 4765 Deo
2443 4721 2670 4764 natura).
2720 4709 2888 4763 Vetus
2928 4707 3052 4761 dein
3107 4707 3514 4761 Testamentum

222 4816 286 4868 ὲν
318 4817 397 4884 τῇ
432 4811 642 4881 παλαιᾷ
675 4807 976 4877 λελεγμένα
1011 4823 1072 4859 τε
1105 4806 1199 4857 καὶ¹
1229 4803 1598 4873 πεπραγμένα
1637 4801 1704 4870 (ὢ
1731 4801 1814 4867 τῆς

1937 4806 2144 4866 irridet,
2180 4817 2246 4856 ac
2275 4801 2497 4871 Moysen
2544 4800 2721 4868 ipsum
2765 4811 2887 4851 cum
2931 4798 3244 4866 prophetis;
3293 4797 3424 4866 quin
3464 4809 3520 4851 et

219 4906 538 4973 ἀθεότητος
563 4903 601 4970 ί)
620 4903 686 4971 τῇ
725 4900 929 4970 χείρονι
965 4898 1060 4951 καὶ
1093 4895 1452 4965 ἀντικειμένῃ
1484 4893 1564 4964 τῷ
1586 4893 1706 4964 Θεῷ
1739 4893 1809 4959 ἀρ

1937 4895 2149 4950 Domini
2208 4906 2600 4962 pratcursorem
2665 4888 3002 4943 miSerrimus
3054 4888 3145 4942 ille
3194 4889 3515 4942 subsannat.

221 5005 327 5074 χῇ.
367 5003 481 5054 Καὶ
512 4999 576 5052 τὸ
607 4999 667 5050 ἐν
709 4995 1027 5066 παραδείσῳ
1057 4992 1226 5062 φυτὸν
1263 4992 1353 5044 τὸν
1408 4990 1641 5059 Χριστὸν
1696 4982 1811 5039 εἷνα

1939 4987 2049 5042 Hos
2079 4996 2259 5040 autem
2289 4986 2455 5054 ipsos,
2490 4992 2546 5036 et
2575 4980 2787 5035 Veteris
2812 4979 3146 5034 Testamenti
3180 4980 3322 5034 dicta
3349 4980 3519 5034 facta-

218 5072 619 5163 τείρατολογεῖ,
677 5089 738 5142 ὃν
787 5089 882 5142 καὶ
927 5086 1134 5156 χείλεσι
1196 5085 1298 5147 μὲν
1348 5083 1514 5153 τιμᾷν
1561 5078 1814 5150 ὁμολογεῖ

1940 5096 2047 5150 que
2097 5079 2278 5132 omnia
2327 5081 2397 5146 (ο
2450 5075 2778 5144 impietatem
2803 5089 3067 5127 summam
3087 5074 3126 5144 ί)
3166 5073 3308 5126 malo
3348 5072 3425 5126 illi
3459 5081 3518 5128 et

221 5190 430 5261 ἔργοις
476 5186 536 5238 δὲ
576 5187 674 5237 καὶ
700 5183 879 5249 δόξαις
911 5177 1023 5233 οὐδ’
1082 5177 1200 5230 ἐστι
1252 5177 1434 5244 λόγοις
1485 5172 1812 5244 παραστῆσα

1942 5188 2066 5226 cum
2097 5170 2207 5224 Deo
2229 5171 2488 5239 pugnanti
2540 5166 2806 5236 principio
2835 5166 3082 5221 ascribit.
3118 5163 3360 5219 Paradisi
3385 5179 3520 5233 quu-

1527 5284 1764 5339 VARIE
1791 5283 2202 5340 LECTIONES.

309 5397 369 5429 η
401 5394 558 5463 ὀλίγη
594 5405 746 5446 θοι-ιι,
779 5390 842 5442 Α,
893 5389 960 5463 ξι*
990 5382 1356 5463 συνηθροςςθη
1386 5399 1446 5463 ς,
1521 5380 1582 5463 ’τἾ
1601 5377 2024 5463 πλατυκώητερος
2047 5395 2116 5463 Ξ.
2220 5376 2267 5407 ’⁸
2295 5373 2560 5463 ούΙκῙΔτῶχ
2606 5374 2728 5460 cod:
2767 5373 3129 5463 suprascript.
3153 5373 3282 5463 ρξοῂ
3316 5374 3416 5463 οὐΙκ
3447 5377 3515 5429 Α.

220 5472 276 5504 ⁸³
317 5444 727 5522 nisiniti/mi.
763 5444 1192 5528 ’Λναϐαρζέα’ς’.
1232 5455 1276 5484 ³⁸
1302 5444 1584 5520 ἁπάντων]
1618 5449 1712 5500 ἀπ’
1737 5444 2010 5502 αὐτῶνᾺι
2046 5449 2085 5478 ³³
2113 5465 2236 5500 τινα
2261 5448 2388 5500 add.
2408 5444 2485 5499 Ἀ.
2516 5444 2562 5474 ³³
2589 5446 2817 5516 μυρίους
2845 5444 3037 5506 ἄλλους
3066 5460 3126 5506 ς.
3151 5444 3195 5475 ³³
3222 5445 3426 5498 Murcia.
3452 5461 3516 5512 ς.

1779 5539 2009 5596 ΝΟΤίΕ.

307 5652 438 5726 (19)
469 5651 591 5726 Lib.
624 5663 675 5702 vn
713 5643 904 5726 Simpl.
947 5641 1224 5726 meditatur.
1262 5640 1552 5726 gramm-io.
1643 5713 1684 5726 η
1717 5711 1740 5726 α
1944 5634 2476 5726 κίιορ.(Διιορκρρίδου2
2505 5632 2882 5726 ξναέαρξέως
2910 5635 3041 5707 περὶ
3085 5634 3215 5707 ὕλης
3248 5637 3516 5709 ἰατρικῆς,

314 5705 447 5798 (ἐὺ)
475 5724 591 5790 Quo
643 5717 802 5772 modo
830 5705 882 5767 in
924 5713 1156 5782 vulgatis
1191 5713 1352 5765 hodie
1383 5713 1610 5780 legimus
1640 5711 1808 5766 [Ιιδα⁴
1997 5705 2108 5778 (21)
2145 5705 2293 5761 Libri
2314 5705 2478 5776 primi
2507 5705 2802 5761 Ρτοωιιιὶο.

573 5815 847 5877 ΡΔτιιοι..
894 5810 1013 5870 Gtt.
1044 5808 1207 5870 Clll.
3052 5806 3128 5862 ῃ
