3932 6240
274 249 400 318 ς525

1353 247 1878 308 BIBLIOTHECA.
1913 270 1984 282 —
2020 245 2184 306 COD.
2214 246 2487 306 CLXXX.

3440 249 3546 313 526

313 353 506 426 ἀρετῆς
560 350 895 424 ἐληλακότας
951 352 1034 415 εῖς
1065 351 1198 406 Θεὸν
1221 352 1491 417 ἀναλύων,
1551 356 1678 418 τοὺς
1712 355 1757 406 δ’
1803 355 1882 417 εἰς

1996 354 2294 424 prodigiose
2324 371 2354 409 e
2385 370 2482 410 suo
2512 354 2753 410 conﬁctis
2791 355 3035 419 cerebro,
3088 357 3349 413 malorum
3379 359 3548 414 collu-

279 473 282 476 η
310 447 521 515 ἔσχατον
568 445 614 476 δι
671 444 865 506 κακίας
893 445 1026 513 πυρὶ
1067 443 1243 507 διδοὺς
1275 446 1368 498 καὶ
1399 445 1596 515 σκότῳ,
1628 445 1756 506 τοὺς
1807 445 1864 496 δὲ

314 538 478 606 μέσως
497 553 616 600 πως
636 535 1132 604 πολιτευσαμένους
1160 536 1324 590 πάλιν
1355 537 1435 599 είς
1469 536 1698 606 σώματα
1738 553 1870 588 κατ-

314 629 467 695 άγων.
493 627 778 697 Κέχρηται
807 627 862 679 δὲ
888 627 1157 698 μάρτυσιν
1190 627 1728 698 ἀπηρυθριασμένως
1778 627 1874 680 καὶ

314 720 408 780 τοῖς
433 719 531 788 τὴν
554 717 795 788 Ἕλληνα
831 718 1130 790 θρησκείαν
1150 718 1488 789 ἠγαπηκόσι,
1534 718 1768 787 μάλιστα
1811 716 1870 769 δὲ

315 809 564 871 Πλάτωνι,
595 809 729 880 πρὸς
762 809 1019 862 σύστασιν
1040 811 1137 879 τῆς
1177 809 1310 872 ἰδίας
1337 809 1654 879 θεομαχίας,
1693 808 1871 870 θείους

313 901 496 963 αὐτοὺς
525 902 618 954 καὶ
643 902 844 972 ἱεροὺς,
878 900 1068 972 ὥσπερ
1097 902 1190 958 καὶ
1227 900 1319 953 τὸν
1354 903 1484 972 παρ’
1543 901 1692 971 αὒτῷ
1738 902 1871 971 Χριο

313 993 420 1048 στὸν
442 993 537 1045 καὶ
570 993 821 1063 Σωτῆρα,
859 993 1170 1047 ἀποκαλῶν.
1215 995 1324 1046 Καὶ
1373 992 1507 1047 ἄλλα
1559 993 1616 1047 δὲ
1671 991 1873 1062 πολλῆς

312 1086 483 1148 ἀνοίας
513 1087 607 1138 καὶ
669 1085 822 1138 δόλου
888 1087 982 1139 καὶ
1063 1085 1352 1156 ἀθεότητος
1406 1085 1638 1156 ἔμπλεα.
1691 1084 1876 1154 Μάχε-

311 1180 423 1232 σθαι
471 1179 529 1231 δὲ
557 1177 705 1231 δοκεῖ
734 1178 870 1249 πρὸς
892 1179 991 1246 τὴν
1025 1177 1290 1249 Εὐνομίου
1337 1178 1679 1241 κακοδοξίαν,
1719 1177 1879 1241 αὐτὸς

309 1270 566 1324 οὐδ’ἕστιν
599 1273 772 1324 εἰπεῖν
795 1271 915 1324 ὅσον
941 1271 1151 1324 ἐκείνου
1180 1269 1485 1341 ἀθεώτερον
1520 1269 1876 1340 βλασφημῶν.

1974 449 2135 510 viem,
2189 461 2352 518 atque
2391 450 2683 519 impietatis
2733 451 2962 520 apicem,
3002 467 3153 506 suam
3221 453 3427 506 stabilit
3462 470 3551 507 se-

1982 551 2144 595 ctam.
2205 541 2418 596 Divellit
2463 551 2517 596 et
2578 542 2717 597 dicta
2759 544 3000 612 quasdam
3051 544 3245 615 125a
3299 559 3326 597 a
3391 559 3550 600 sacro

1982 631 2296 701 Evangelia,
2342 631 2692 699 epistolisque
2732 632 2792 687 Β.
2848 632 3020 698 Pauli,
3057 651 3175 703 quae
3209 644 3264 688 et
3306 635 3420 703 ipsa
3450 637 3548 688 de-

1985 733 2239 792 torquere
2282 723 2523 787 molitur,
2573 735 2734 792 atque
2764 724 2830 778 ad
2875 740 3030 778 suum
3074 727 3290 780 trahere
3325 726 3548 796 impium

1981 815 2194 880 dogma.
2246 813 2396 866 Actis
2445 813 2570 865 item
2618 814 2742 876 illis,
2811 829 2931 883 qua:
2977 816 3259 869 duodecim
3326 826 3550 884 aposto-

1979 903 2152 959 lorum
2188 903 2299 974 (Ξέ)
2320 913 2601 967 vocantur,
2630 913 2683 957 et
2705 905 2931 959 Andrea:
2953 906 3207 970 maxime,
3239 921 3342 959 non
3375 906 3548 959 solum

1981 995 2298 1058 asscntitur,
2328 995 2601 1048 sedetiam
2648 995 2772 1050 'mde
2805 997 3053 1065 superbia
3085 999 3380 1053 extollitur.
3416 999 3553 1052 Pro.

1986 1087 2076 1140 bat
2101 1087 2325 1155 insuper
2368 1087 2673 1141 animarum
2711 1089 3107 1154 migrationes:
3143 1091 3279 1145 alios
3313 1092 3551 1160 quidem,

1987 1179 2076 1248 qui
2124 1180 2188 1233 ad
2233 1194 2504 1231 summum
2553 1180 2770 1235 virtutis
2815 1182 3028 1235 culmen
3083 1193 3466 1250 pervenerunt,
3501 1185 3553 1237 in

1989 1269 2156 1324 Deum
2195 1269 2550 1324 resolvendo:
2584 1270 2717 1323 alios
2753 1287 2900 1336 vero,
2931 1273 3020 1340 qui
3053 1287 3321 1326 summum
3355 1274 3556 1343 impro-

309 1362 478 1415 bitatis
507 1363 827 1430 attigerunt,
875 1361 984 1430 igni
1022 1363 1285 1417 tradendo
1325 1377 1391 1416 ac
1424 1363 1663 1416 tenebris
1691 1379 1707 1427 ;
1735 1361 1871 1415 alios
1917 1360 2170 1429 denique,
2213 1361 2304 1428 qni
2337 1361 2513 1413 medio
2561 1362 2797 1430 quodam
2838 1364 2998 1417 modo
3067 1366 3232 1417 vitam
3303 1365 3555 1419 institue-

309 1468 446 1520 runt,
499 1459 551 1512 in
580 1473 810 1527 corpora
857 1458 1053 1512 iterum
1091 1459 1414 1512 revocando.
1449 1457 1702 1514 Testibus
1753 1465 2014 1528 praeterea
2066 1456 2186 1510 sine
2224 1456 2568 1521 verecundia,
2622 1456 2784 1510 etiam
2844 1459 2909 1510 iis
2958 1461 3024 1511 ad
3059 1474 3214 1512 suam
3274 1458 3558 1513 stabilien-

306 1553 419 1607 dam
467 1548 802 1618 impietatem
857 1551 1048 1614 utitur,
1125 1550 1215 1618 qui
1262 1549 1502 1614 gentium
1556 1549 1871 1618 religionem
1905 1546 2123 1601 fuerunt
2156 1546 2430 1614 amplexi,
2473 1547 2816 1610 maximeque
2856 1547 3112 1615 Platone,
3170 1551 3384 1604 divinos
3441 1549 3562 1604 illos

307 1659 364 1697 ac
383 1657 568 1698 sacros
601 1640 819 1712 (quibus
847 1657 998 1710 mque
1029 1641 1339 1695 nominibus
1367 1640 1643 1695 Christum
1676 1638 2024 1694 Servatorem
2083 1637 2267 1707 allicit)
2319 1637 2620 1708 appellans.
2685 1639 2803 1692 Alia
2875 1655 3090 1709 quoque
3161 1641 3320 1698 aﬂ‘ert
3373 1644 3563 1710 ingen-

307 1739 369 1792 tis
410 1739 688 1799 amcntia',
721 1735 954 1799 fraudis,
993 1744 1156 1802 atque
1208 1735 1504 1804 impietatis
1539 1732 1874 1803 plenissima.
1913 1733 1970 1786 ln
2000 1732 2246 1786 Eunomii
2281 1731 2409 1785 item
2461 1745 2702 1786 errorem
2744 1733 2924 1788 invehi
2987 1734 3218 1801 videtur,
3272 1749 3393 1789 cum
3452 1737 3564 1805 ipse

315 1839 572 1900 quantum
608 1828 696 1881 vix
747 1827 890 1881 credi
947 1835 1144 1893 potest,
1193 1826 1355 1894 impie
1377 1825 1544 1892 magis
1587 1839 1747 1893 quam
1792 1823 1881 1878 ille
1910 1823 2268 1892 blasphemet.

369 1921 530 1972 Ἐστι
571 1918 627 1972 δὲ
673 1919 772 1987 τὴν
812 1917 955 1982 λέξιν
994 1918 1089 1970 καὶ
1120 1917 1318 1987 φράσιν
1362 1915 1574 1986 ἐνιαχοῦ
1635 1917 1732 1987 μὲν
1775 1917 1876 1970 οὐκ

2052 1916 2225 1971 Dictio
2247 1914 2363 1983 eius
2394 1927 2449 1971 et
2485 1917 2696 1985 phrasis
2727 1916 2996 1970 interdum
3032 1917 3247 1986 quidem
3285 1935 3389 1973 non
3430 1935 3566 1973 cou-

301 2013 576 2082 ἁδόκιμος,
613 2009 710 2063 καὶ
746 2010 981 2080 μάλιστα
1026 2008 1296 2080 ἕκφρασίν
1333 2025 1478 2072 τινος
1507 2008 1688 2062 εἵπου
1727 2010 1883 2080 μελε-

302 2104 425 2176 τῴη,
460 2107 528 2156 ὲν
557 2102 614 2155 δέ
649 2119 789 2155 τισιν
823 2084 1056 2170 εὐτελὴς
1086 2101 1179 2154 καὶ
1220 2099 1371 2153 οὐδὲν
1409 2099 1733 2171 διενηνοχὼς
1774 2101 1884 2153 τῶν

303 2198 361 2248 ὲκ
400 2194 644 2266 τριόδου.
691 2194 921 2262 Μετεῖχε
969 2192 1027 2244 δὲ
1074 2192 1237 2244 καὶη
1288 2192 1592 2260 φιλοσόφων
1646 2190 1808 2244 τινῶν
1857 2192 1886 2244 ὁ

306 2289 477 2351 ἄθλιος
532 2286 897 2357 μαθημάτων,
936 2283 1046 2338 οὐδ’
1089 2284 1320 2348 ἐκείνοις
1357 2284 1418 2336 τὸ
1463 2283 1747 2337 ἀνόθευτον
1789 2281 1886 2336 καὶ

304 2383 524 2450 γνήσιον
571 2375 878 2441 διασὼζων,
924 2376 1060 2429 ἀλλὰ
1104 2376 1282 2429 πάντα
1316 2375 1502 2429 κυκῶν
1537 2378 1632 2430 καὶ
1671 2375 1886 2444 συμφύ-

309 2489 430 2542 ρων.
467 2471 585 2523 Καὶ
615 2469 996 2540 κακουργῆσαι
1038 2468 1138 2538 μὲν
1172 2468 1406 2538 τάληθὲς
1437 2469 1532 2522 καὶ
1557 2468 1714 2532 εὐθὲς
1747 2469 1792 2499 ⁵³
1823 2469 1884 2520 οὐ

305 2565 488 2634 πόρρω
517 2561 619 2614 τοῦ
647 2561 976 2631 δραστηρίου
1007 2560 1098 2613 καὶ
1127 2560 1430 2623 δεινότατος
1461 2560 1531 2622 ⁵⁸,
1565 2561 1806 2631 ἐξευρεῖν
1829 2560 1888 2613 δὲ

307 2656 394 2706 καὶ
423 2653 767 2721 κατανοῆσαι
804 2651 1083 2714 παντελῶς
1115 2651 1316 2720 εὐήθης
1351 2653 1445 2705 καὶ
1477 2651 1704 2721 ἠλίθιος.
1741 2653 1889 2721 Χρη-

306 2745 515 2814 σιμεύει
553 2745 618 2798 δὲ
664 2745 725 2798 τὸ
763 2744 1072 2799 ἀθεώτατον
1117 2745 1285 2799 αὑτοῦ
1340 2745 1438 2799 καὶ
1487 2745 1889 2815 ἀχρηστότατον

308 2840 596 2909 σύνταγμα
638 2839 721 2901 εἰς
771 2837 991 2907 ἔλεγχον
1040 2838 1201 2904 μόνον
1247 2837 1341 2891 καὶ
1389 2838 1652 2908 αἰσχύνην
1680 2838 1791 2890 τῶν
1822 2839 1888 2908 τῇ

303 2931 718 3002 δυσσεϐεστάτη
767 2931 864 2984 καὶ
900 2930 1048 3002 ἀθέῳ
1091 2930 1220 3002 δόξῃ
1276 2929 1386 2982 τῶν
1430 2930 1749 3000 Μανιχαίων
1796 2930 1893 2983 καὶ

307 3024 450 3096 αὐτῷ
481 3025 688 3091 ἐκείνῳ
723 3023 1262 3095 προσανακειμένων.

1005 3203 1134 3255 PII'.

1987 2010 2270 2064 temnenda
2297 2051 2313 2076 ,
2343 2009 2646 2078 praesertim
2699 2008 2743 2062 si
2778 2009 2906 2078 quid
2961 2017 3054 2062 aut
3100 2010 3432 2074 describere,
3475 2021 3569 2065 aut

1985 2098 2255 2167 explicare
2290 2099 2525 2169 satagit;
2561 2099 2614 2151 in
2646 2099 2973 2167 quihusdam
3005 2112 3191 2152 rursus
3233 2099 3376 2166 vilis,
3397 2099 3566 2155 nihil-

1985 2203 2089 2256 que
2123 2203 2152 2239 a
2187 2188 2494 2243 trivialibus
2535 2188 2810 2243 differens.
2843 2189 3073 2258 Attingit
3107 2199 3159 2244 et
3189 2189 3564 2260 philosophica

1987 2281 2230 2348 quaedam
2271 2281 2520 2348 dogmata
2551 2283 2715 2334 miser
2749 2280 2876 2343 ille;
2901 2283 2952 2334 in
2999 2283 3197 2350 quibus
3236 2281 3415 2338 tatnen
3449 2297 3569 2354 ger-

1989 2387 2206 2426 manum
2245 2372 2378 2426 nihil
2404 2381 2497 2424 aut
2523 2374 2815 2440 genuinum
2851 2374 3065 2439 retinet,
3097 2376 3190 2428 sed
3213 2377 3393 2429 omnia
3435 2379 3568 2430 mis-

1989 2476 2076 2519 cet
2149 2475 2310 2534 atque
2383 2465 2689 2518 confundit.
2747 2465 2827 2518 Ad
2884 2467 3292 2534 depravandum
3365 2469 3569 2523 etenim

1987 2571 2174 2609 verum
2225 2565 2537 2626 rectumque
2587 2571 2692 2610 non
2733 2571 2921 2623 parum
2970 2558 3020 2609 in
3059 2559 3267 2626 agendo
3295 2568 3568 2625 strenuus,

1990 2644 2072 2699 vel
2114 2645 2166 2698 in
2203 2644 2430 2698 dicendo
2481 2645 2672 2709 solers,
2705 2647 2770 2700 ad
2812 2647 3192 2702 inveniendum
3219 2659 3380 2716 atque
3404 2666 3570 2704 exco-

1990 2734 2268 2801 gitandum
2289 2735 2515 2804 simplex
2544 2737 2766 2791 omnino
2787 2752 2851 2790 ac
2875 2738 3100 2792 stolidus
3122 2739 3570 2807 deprehenditur.

1992 2825 2220 2880 Prodest
2263 2834 2440 2878 autem
2482 2826 2704 2894 impium
2761 2827 2904 2882 illius
2960 2838 3124 2896 atque
3170 2829 3568 2898 ineptissimum

1991 2931 2128 2984 Opus
2177 2916 2243 2970 ad
2293 2919 2800 2987 reprehendendum
2851 2921 3151 2983 duntaxat,
3207 2922 3576 2992 pudoremque

1994 3007 2387 3074 incutiendum,
2421 3025 2544 3062 cum
2579 3009 2995 3065 Manichaeorum
3031 3012 3412 3081 impiissimam
3448 3015 3576 3069 doc-

1999 3104 2218 3168 trinam,
2248 3109 2360 3155 tum
2395 3103 2536 3157 hunc
2567 3103 2744 3173 ipsum
2771 3105 3125 3160 sectantibus.

2651 3193 2912 3249 CLXXX.

313 3296 611 3353 Ἰωάννου
657 3295 1024 3364 Λαυρεντίου
1065 3293 1482 3362 Φιλαδελφέως
1530 3292 1636 3347 τοῦ
1691 3291 1887 3346 Λυδοῦ

1996 3281 2220 3336 Joannis
2239 3283 2513 3339 Laurentii
2531 3283 2988 3354 Philadelphensis
3005 3287 3142 3359 Lydi
3165 3299 3426 3344 tractatus
3447 3299 3568 3344 tres.

863 3364 1251 3433 πραγματεῖαι
1274 3371 1346 3433 γ’.

378 3454 838 3524 ’Δνεγνὼσθησαν
882 3453 1130 3505 Ἰωάννου
1161 3450 1490 3521 Λαυρεντίου
1517 3447 1891 3514 Φιλαδελφέως

296 3545 390 3597 τοῦ
431 3545 620 3599 Λυδοῦ
667 3544 1049 3613 πραγματεῖαι
1095 3544 1268 3610 τρεῖς,
1327 3543 1460 3607 περὶ
1507 3537 1889 3606 διοσημειῶν,

299 3636 429 3702 περὶ
456 3633 703 3705 μην-ῶν,
745 3632 876 3700 περὶ
917 3630 1118 3701 ἀρχῶν
1145 3627 1493 3684 πολιτικῶν.
1556 3629 1695 3682 Ἀλλ’
1728 3632 1760 3698 ἡ
1794 3630 1892 3697 μὲν

299 3729 424 3798 περὶ
455 3725 825 3797 διοσημειῶν,
863 3725 963 3778 ὅσα
994 3741 1058 3792 γε
1093 3725 1216 3777 κατ’
1250 3721 1390 3792 ἐμὴν
1431 3722 1614 3793 κρίσιν
1648 3722 1742 3774 καὶ
1771 3723 1890 3773 πεῖ-

297 3834 416 3884 ραν,
450 3817 618 3871 οὐδὲν
661 3816 696 3887 ἢ
731 3817 818 3869 ἐπ’
848 3815 1026 3883 ὀλίγον
1053 3814 1324 3884 διενήνοχε
1376 3812 1580 3884 μύθων’
1614 3815 1647 3882 ἡ
1679 3813 1734 3864 δὲ
1766 3812 1894 3880 περὶ

298 3907 507 3976 μηνῶν,
539 3908 594 3960 εί
638 3908 738 3960 καὶ
767 3904 901 3959 πολὺ
930 3904 991 3957 τὸ
1024 3904 1294 3976 ἄχρηστον
1325 3903 1460 3973 ἔχει,
1496 3903 1611 3956 ἀλλ’
1640 3899 1732 3956 οὖν
1759 3903 1893 3972 πρὸς

294 3999 389 4068 τὴν
432 3999 539 4067 τῆς
589 3997 958 4068 ἀρχαιότητος
1006 3995 1243 4066 μάθησιν
1283 3995 1508 4067 ἐπίχαρί
1535 4011 1596 4047 τε
1641 3995 1733 4046 καὶ
1775 3993 1894 4046 λίαν

291 4089 581 4160 χρειῶδες
633 4092 668 4159 ἡ
707 4088 763 4140 δὲ
803 4089 931 4156 περὶ
982 4087 1277 4139 πολιτικῶν
1309 4087 1492 4156 ἀρχῶν
1528 4089 1637 4144 τοῖς
1671 4085 1800 4153 περὶ
1827 4083 1895 4134 τά

291 4178 522 4231 τοιαῦτα,
551 4177 804 4248 μάλιστα
823 4175 1295 4246 φιλοτιμουμένοις
1317 4177 1418 4228 οὐκ
1452 4173 1572 4246 [211
1605 4171 1698 4244 IL]
1724 4172 1898 4242 ἄκομ-

289 4265 387 4335 ψον
418 4267 745 4338 παρέχεται
770 4263 815 4295 ⁸⁵
844 4263 943 4335 τὴν
977 4262 1241 4334 ἱστορίαν.

357 4358 666 4428 Κέχρηται
707 4355 750 4408 δ’
779 4348 932 4418 οὗτος
963 4357 991 4408 ὁ
1023 4352 1377 4424 συγγραφεὺς
1403 4355 1635 4424 τροπαῖς
1664 4352 1898 4406 κατακό-

291 4465 420 4518 ρως,
448 4450 550 4502 καὶ
579 4446 864 4517 πολλαχοῦ
895 4445 992 4516 μὲν
1017 4444 1240 4515 ψυχρῶς
1264 4445 1403 4512 ἄγαν
1430 4447 1524 4497 καὶ
1549 4445 1894 4513 παραϐόλως,

287 4543 403 4590 ἐστι
435 4539 482 4591 δ’
519 4538 664 4590 ἔνθα
699 4535 914 4599 οἰκείως
952 4538 1046 4589 καὶ
1090 4536 1488 4606 ἐπαφροδίτως.
1537 4537 1656 4588 Κάν
1695 4534 1743 4566 ⁴⁸
1785 4538 1898 4595 τοῖς

2063 3432 2190 3502 Legi
2223 3432 2452 3490 Joannis
2477 3433 2752 3490 Laurentii
2779 3435 3244 3506 Philadelphensis
3271 3439 3403 3509 Lydi
3433 3448 3574 3494 Irae-

1995 3535 2140 3579 tatus
2174 3537 2317 3581 tres:
2346 3527 2421 3581 De
2442 3529 2735 3597 prodigiis;
2768 3532 2830 3583 de
2857 3532 3142 3596 mensibus,
3166 3541 3221 3586 et
3249 3535 3314 3586 de
3343 3531 3574 3602 politici:

1994 3617 2416 3686 magistratibus.
2444 3620 2513 3672 At
2546 3620 2634 3674 ille
2663 3620 2741 3674 De
2764 3623 3042 3693 prodigiis,
3067 3640 3182 3679 mea
3211 3627 3428 3694 quidem
3454 3641 3579 3680 scu-

1998 3709 2160 3761 tentia
2223 3721 2387 3778 atque
2434 3709 2676 3777 judicio,
2732 3727 2921 3781 parum
2970 3724 3066 3768 aut
3114 3717 3248 3770 nihil
3303 3732 3333 3770 a
3378 3716 3577 3772 fabulis

1995 3797 2192 3852 dillert.
2233 3800 2384 3855 Alter
2418 3816 2545 3856 vero
2578 3801 2654 3854 De
2691 3804 2977 3868 mensibus,
3011 3807 3113 3860 etsi
3149 3807 3360 3862 inutilia
3411 3809 3578 3863 multa

1995 3892 2261 3956 continet,
2286 3892 2352 3946 ad
2384 3893 2728 3963 antiquitatis
2756 3905 2935 3951 tamen
2968 3907 3176 3968 gratam
3204 3901 3581 3971 atquejucuu-

1996 3981 2121 4035 dum
2151 3983 2520 4051 cognitionem
2554 3987 2911 4043 vehementer
2950 3992 3207 4058 prodesse
3247 4002 3444 4059 potest.
3479 3993 3582 4047 De-

1999 4071 2161 4142 nique
2183 4072 2255 4127 De
2278 4076 2678 4144 magistratibus
2697 4079 2927 4146 politicis
2952 4080 3108 4146 liber,
3132 4081 3198 4135 iis
3215 4084 3578 4149 potissimum,

1997 4167 2088 4232 qui
2121 4164 2385 4234 ejusmodi
2409 4169 2674 4235 ambiunt,
2702 4186 2808 4224 non
2836 4171 3193 4240 inelegantem
3227 4173 3384 4229 εστι-ι
3413 4175 3582 4231 histo-

2000 4271 2162 4308 nam.

2077 4344 2257 4400 Utitur
2292 4356 2473 4402 autem
2519 4349 2608 4405 hic
2654 4352 2888 4421 scriptor
2923 4354 3205 4407 verborum
3249 4354 3583 4410 immutatio-

2007 4442 2164 4496 nibus
2217 4444 2284 4495 ad
2343 4444 2756 4508 satietatem,et
2807 4446 3120 4514 plerumque
3169 4445 3365 4516 frigide
3418 4449 3582 4502 nimis

2002 4543 2163 4601 atque
2189 4532 2487 4597 audacter,
2539 4535 2639 4587 etsi
2690 4534 2954 4587 interdum
2995 4549 3211 4602 quoque
3257 4538 3477 4604 proprie
3517 4553 3582 4590 ac

285 4630 474 4693 ἄλλοις
493 4629 555 4682 δὲ
593 4627 812 4696 πολλὴν
832 4629 978 4679 νοσεῖ
998 4626 1097 4696 τὴν
1118 4626 1455 4695 ἀνωμαλίαν,
1485 4626 1798 4696 ὑπερόπτης
1846 4627 1887 4678 ἐπ

2013 4635 2255 4678 venuste.
2295 4625 2486 4693 125b
2521 4624 2576 4677 In
2616 4625 2739 4679 aliis
2783 4626 2912 4680 item
2949 4625 3316 4694 inaequalitate
3345 4628 3580 4692 laborat,

284 4717 364 4782 οἷς
384 4724 450 4774 οὐ
476 4721 590 4784 δεῖ,
618 4719 725 4772 καὶ
753 4715 1114 4788 κατεπτηχὼς
1140 4718 1299 4772 πάλιν
1329 4719 1386 4770 ὲν
1407 4712 1487 4780 οἷς
1519 4718 1593 4788 μὴ
1614 4717 1714 4780 δεῖ,
1738 4717 1901 4783 κόλαξ

284 4829 342 4864 τε
357 4813 471 4866 τῶν
489 4812 816 4883 περιόντων
833 4810 1258 4880 ἀπροφάσιστος,
1275 4808 1402 4881 [408
1416 4808 1505 4878 8.]
1521 4807 1730 4860 καὶτῶν
1746 4809 1900 4860 ἀποι-

285 4906 568 4974 χομένων,
597 4905 706 4956 καὶ
734 4900 868 4972 παρ’
888 4896 962 4954 ὧν
991 4902 1051 4952 οὐ
1077 4900 1286 4969 νομίζει
1310 4900 1464 4969 δίκην
1489 4899 1700 4969 ὕϐρεως
1723 4899 1898 4968 πράτ-

283 4995 504 5061 τεσθαι,
544 4999 634 5058 εἰς
658 4994 730 5047 τὸ
755 4992 1160 5063 φορτικώτατον
1188 4993 1315 5054 τοὺς
1342 4991 1568 5060 μώμους
1593 4993 1898 5060 καταχέων.

286 5088 401 5141 Καὶ
427 5088 588 5152 λέξει
631 5085 745 5156 μὲν
771 5085 917 5137 ἔστιν
955 5079 1017 5136 οὗ
1047 5083 1314 5153 κέχρηται
1339 5081 1524 5149 λογάδι
1553 5099 1613 5134 τε
1643 5081 1737 5134 καὶ
1766 5083 1824 5143 ἐς
1843 5082 1902 5132 τὸ

287 5177 706 5246 ὴττικισμένον
750 5173 1054 5245 ἀνηγμένη,
1091 5165 1205 5226 ἔστι
1242 5172 1286 5225 δ’
1313 5172 1445 5224 ὅπου
1479 5175 1816 5243 χαμαιπετεῖ
1845 5191 1904 5226 τε

2011 4713 2139 4767 dum
2192 4714 2490 4768 l'astuosuin
2534 4715 2665 4783 agit,
2713 4715 2802 4768 ubi
2855 4730 2960 4768 non
2998 4726 3238 4785 oportet;
3289 4727 3345 4771 et
3392 4729 3583 4773 contra

2009 4804 2253 4870 ahjectus
2304 4813 2408 4866 est,
2445 4804 2533 4858 ubi
2575 4815 2630 4860 et
2680 4807 2781 4859 hoc
2829 4807 3052 4861 minime
3099 4807 3274 4862 decet.
3319 4809 3586 4865 Adulator

2010 4896 2194 4950 adhzec
2220 4897 2573 4964 superstitum
2599 4898 2998 4964 inexcusabilis,
3023 4900 3075 4953 in
3097 4911 3432 4956 mortuorum
3457 4917 3584 4958 vero

2011 5003 2064 5046 et
2089 5007 2117 5044 a
2153 4992 2348 5060 quibus
2378 4992 2670 5046 vindictam
2701 5008 2807 5046 non
2832 4993 3072 5058 timeret,
3104 4995 3579 5062 reprehensiones,

2013 5084 2299 5138 immodice
2344 5081 2569 5138 eliusus.
2607 5084 2850 5140 Dictioue
2895 5095 3159 5156 prmterea
3203 5088 3374 5141 utitur
3416 5085 3586 5140 inter-

2015 5177 2139 5228 dum
2165 5175 2382 5244 quidem
2403 5173 2621 5240 selecta,
2644 5187 2807 5246 atque
2826 5177 3124 5233 Atticorum
3153 5193 3304 5233 more
3325 5176 3543 5234 sublimi
3564 5196 3581 5234 :

1641 5309 1882 5365 VARle
1914 5312 2321 5369 LECTIONES.

351 5403 394 5435 “
435 5409 701 5482 ἔσχατον
728 5408 809 5461 A:
837 5407 1005 5482 ἄκρον
1029 5425 1100 5482 ς.
1167 5406 1495 5482 "_xatl._ad_d.
1537 5407 1633 5482 Α.Δ
1681 5405 1728 5436 ⁸³
1761 5407 1918 5471 εὐθές
1947 5408 2078 5463 AC:
2113 5409 2439 5482 ltothomag.
2475 5411 2626 5468 εὐθύ.
2703 5412 2750 5445 “
2782 5412 3084 5476 δεινότατος
3119 5425 3266 5468 corr.
3290 5411 3377 5468 A:
3413 5411 3586 5469 δεινό-

283 5493 449 5551 τητος
481 5477 553 5545 ςι
642 5478 702 5511 ⁸⁸
738 5479 1052 5549 περιέχεται
1075 5480 1140 5535 Α.
1218 5479 1264 5510 ⁴⁶
1297 5478 1398 5531 κάν
1423 5479 1466 5529 Λ
1502 5494 1516 5530 :
1550 5477 1640 5530 καῖ
1671 5491 1734 5539 ς.

1834 5590 2065 5648 ΝΟΤᾸΕ.

1834 5593 2065 5648 NOTAE.

357 5686 482 5757 (‘29.)
523 5685 609 5740 De
650 5684 864 5754 quibus
898 5684 1124 5754 cepiose
1160 5683 1223 5740 D.
1261 5682 1458 5739 Baron.
1499 5695 1535 5738 t.
1572 5685 1611 5752 Ι,
1645 5685 1711 5740 ad
1743 5699 1942 5739 annum
1975 5685 2182 5741 Christ.
2226 5685 2311 5740 44.
