3932 6240
293 283 398 344 527
1380 275 1656 344 PHORII
1696 275 1846 334 ΡΑΤΪ

1994 272 2204 331 RClI/E
2239 272 2346 332 CP.
3439 267 3547 329 528

296 405 350 448 et
395 401 476 448 est
524 405 762 454 rursum,
789 391 875 444 ubi
922 403 982 442 ea
1017 397 1169 458 repat
1199 386 1377 450 humi,
1413 395 1576 456 atque
1619 386 1849 455 neglecta

1991 385 2060 435 παὶ
2094 379 2498 454 παρεωραμένῃ
2527 379 2621 434 καὶ
2653 379 2818 450 μηδὲν
2854 378 3059 449 ἐχούσῃ
3091 377 3200 431 τῶν
3233 379 3297 431 ἐκ
3327 379 3544 448 τριόδου

298 485 388 546 sit,
418 483 662 551 nihilque
685 496 845 551 supra
875 480 1142 534 trivialem
1169 477 1377 532 afferat.
1403 478 1598 531 Verum
1632 477 1683 529 in
1713 475 1851 529 libris

1999 477 2150 529 ελέον.
2196 475 2335 527 Ἀλλ’
2368 475 2424 528 ἐν
2466 474 2564 543 μὲν
2600 475 2666 543 τῇ
2718 473 2852 540 περὶ
2898 469 3261 540 διοσημειῶν
3291 470 3552 540 καὶπερὶ

303 576 377 629 De
402 574 682 644 prodigiis,
709 588 772 626 ac
791 573 864 626 De
891 571 1149 625 mensibus
1182 584 1340 622 nemo
1367 566 1614 622 fortassis
1660 567 1856 622 idcirco

2000 567 2172 634 ιηνῶν
2201 569 2490 636 συγγραφῇ
2531 566 2721 619 τούτου
2753 581 2816 634 γε
2845 566 3009 618 ἕνεκα
3037 567 3096 618 οὐ
3127 563 3273 633 μάλα
3301 563 3346 595 ⁵⁷
3373 564 3440 618 ἄν
3468 581 3553 627 τις

299 668 472 736 ipsum
512 665 799 720 admodum
844 662 1292 732 reprehenderit:
1325 662 1540 728 quando
1579 670 1758 713 tamen
1801 657 1852 712 (1(

2002 677 2100 723 τως
2133 659 2293 712 αὐτὸν
2325 659 2626 728 νεμεσήσῃο
2675 658 2763 710 ὅτε
2809 657 2867 710 δὲ
2912 657 3006 709 καὶ
3048 655 3336 719 πολιτικὰς
3377 655 3555 726 ἀρχὰς

298 749 535 832 ροίἰιίιὲἱε
567 773 730 828 agens
765 755 1187 824 magistratibus,
1218 763 1272 810 et
1307 755 1596 807 historicas
1628 753 1851 807 referens

2000 752 2324 823 ιναγρὰφων,
2367 753 2462 804 καὶ
2500 751 2565 820 δὴ
2609 751 2706 803 καὶ
2747 749 3052 820 ἱστορικοὺς
3085 746 3296 812 διεξιὼν
3338 747 3553 814 λόγους,

303 851 667 911 narrationes,
690 857 782 902 aut
818 849 1028 917 aliquos
1059 846 1357 900 laudandos
1387 845 1710 912 suscipiens.
1729 858 1856 897 eam

2010 844 2106 896 λλὰ
2128 843 2224 896 καὶ
2249 845 2328 905 είς
2351 843 2508 895 ἐνίων
2532 841 2782 910 ἐγκώμια
2800 840 3012 902 καθιεὶς
3031 840 3244 903 ἑαυτὸν,
3264 840 3362 909 τῆς
3383 839 3559 908 αὐτῆς

302 945 421 998 dem
451 942 647 996 retinet
673 939 884 994 dicendi
919 939 1418 1008 inmquabilitatem,
1441 952 1563 990 cum
1594 936 1647 989 in
1677 935 1855 989 dictio-

2008 951 2090 987 στι
2125 933 2276 1002 φίλος
2310 932 2627 1002 ἀνωμαλίας
2659 933 2786 1002 περί
2813 949 2870 984 τε
2891 930 2988 1001 τὴν
3012 929 3158 994 λέξιν
3188 929 3282 982 καὶ
3311 929 3402 982 τὸν
3431 928 3561 982 νοῦν

304 1035 460 1086 nibus
493 1040 652 1100 atque
685 1030 957 1092 sensibus,
989 1037 1101 1080 tum
1135 1027 1188 1080 in
1220 1025 1617 1094 compositione
1644 1023 1857 1091 scriptor

2016 1027 2069 1076 αὶ
2090 1024 2188 1095 τὴν
2214 1022 2462 1100 σύνταξιν
2480 1025 2587 1077 τῶν
2614 1023 3037 1094 γεγραμμένων,
3064 1023 3145 1082 εἰς
3173 1021 3431 1091 οὐδεμίαν
3449 1021 3564 1073 λοι-

303 1139 444 1188 rum,
490 1122 690 1176 nullam
737 1135 839 1190 ego
885 1119 1096 1174 veniam
1132 1117 1388 1187 deinceps
1437 1115 1702 1184 ejusmodi
1742 1114 1856 1167 viti:

2011 1119 2078 1171 τὸν
2111 1117 2439 1188 συγγνώμην
2464 1117 2575 1187 ὁρῶ
2602 1118 2700 1186 τὴν
2727 1116 2988 1185 τοιαύτην
3016 1113 3401 1185 πλημμέλειαν
3429 1115 3564 1167 ἀνα-

304 1216 498 1270 mereri
527 1214 706 1267 video.

1980 1209 2287 1280 φερομένην
2299 1248 2310 1260 .

371 1301 627 1356 Militavit
661 1302 748 1354 hic
778 1300 866 1351 vir
896 1301 996 1352 sub
1021 1296 1289 1364 praefectis
1314 1311 1513 1349 annum
1545 1309 1714 1363 agens
1731 1296 1878 1349 vice-

2062 1299 2494 1370 ⁹Εστρατεύσατο
2519 1299 2563 1352 δ’
2589 1293 2747 1363 οὗτος
2779 1302 2808 1352 ό
2841 1299 2978 1372 ἀνὴρ
3012 1300 3118 1352 ὑπὸ
3146 1301 3261 1363 τοῖς
3292 1297 3566 1368 ὑπάρχοις

304 1393 498 1446 simum
539 1392 794 1460 primum.
833 1389 1030 1443 jEtatis
1067 1402 1196 1440 vero
1233 1387 1647 1457 quadragesimo
1689 1400 1857 1439 causa:

2016 1409 2128 1460 ηγων
2158 1393 2375 1464 ἡλικίας
2401 1399 2507 1456 κα’,
2540 1392 2632 1462 ἔτη
2671 1393 2730 1445 δὲ
2765 1398 2817 1461 μ’
2861 1391 3140 1459 δικολόγος
3171 1391 3268 1455 ὢν,
3313 1386 3431 1444 εἶτα
3472 1392 3569 1443 καὶ

304 1484 435 1550 egit,
480 1482 672 1537 deinde
727 1490 782 1534 et.
835 1479 1233 1533 matricularius
1275 1477 1388 1547 (25)
1440 1477 1564 1540 fuit,
1606 1487 1724 1546 post
1763 1491 1857 1544 qua

2018 1484 2443 1554 ιατρικουλάριος
2485 1483 2551 1514 ⁸⁸·
2603 1483 2721 1553 μεθ’
2750 1483 2810 1535 ὃν
2853 1483 3041 1554 χρόνον
3071 1481 3165 1535 καὶ
3208 1483 3304 1545 τὰς
3341 1483 3571 1552 εἰρημέ-

303 1585 544 1641 tempora
569 1581 622 1627 et
655 1583 910 1628 tractatus
935 1573 1053 1626 illos
1084 1587 1144 1626 se
1181 1571 1573 1640 conscripsisse
1617 1570 1800 1630 refert,
1829 1585 1856 1621 e

2018 1591 2082 1638 ας
2117 1575 2434 1645 συγγράψαι
2470 1575 2620 1644 λέγει
2643 1574 2688 1606 ‘9
2729 1575 3133 1646 πραγματείας,
3161 1575 3255 1628 καὶ
3283 1575 3382 1643 τῆς
3409 1573 3571 1642 βασι-

309 1665 652 1734 imperatoris
692 1665 896 1732 judicio
934 1664 1131 1732 palatio
1173 1663 1394 1732 dignum
1448 1676 1568 1716 esse
1619 1661 1856 1715 habilttm

2015 1666 2146 1736 uti};
2182 1667 2350 1736 αὐλῆς
2378 1666 2546 1737 ψήφῳ
2587 1666 2854 1736 βασιλέως
2887 1667 3212 1736 ἀξιωθῆναι.
3244 1667 3452 1738 Χρόνος
3485 1664 3568 1726 δὲ,

311 1755 385 1810 De
417 1766 657 1826 tempore
691 1772 797 1825 quo
828 1756 961 1809 vixit
997 1773 1008 1809 :
1043 1754 1318 1808 Anastasii
1360 1754 1641 1824 imperium
1680 1753 1861 1822 attigit

2020 1758 2108 1812 ,σθ’
2142 1757 2202 1811 ὃν
2230 1750 2389 1822 οὗτος
2419 1759 2567 1813 ὲὸίου
2591 1758 2659 1825 ⁵ο,
2704 1761 3057 1814 ’Λναστασίου
3097 1760 3299 1830 ἥπτετο
3337 1759 3436 1828 τῆς
3468 1757 3573 1827 βα-

309 1857 363 1902 et
392 1845 588 1902 Justini
625 1850 906 1917 transegit,
939 1849 1295 1918 gubernantis
1328 1847 1549 1916 insuper
1576 1855 1696 1916 post
1735 1845 1861 1899 illun

2024 1851 2196 1915 ιλείας
2241 1851 2334 1904 καὶ
2376 1851 2476 1921 τὴν
2535 1852 2824 1904 Ἰουστίνου
2885 1851 3164 1922 ὲπεραίου,
3215 1851 3429 1922 μετρῶν
3478 1850 3577 1903 καὶ

308 1936 602 1996 Justiniani
651 1941 935 1994 emetiens.
973 1940 1252 2009 Religione
1294 1954 1422 1994 vero
1459 1937 1855 2007 superstitiosio

2023 1942 2079 1994 οὔ
2115 1943 2231 2011 μετ’
2266 1943 2474 1994 ἐκεῖνον
2509 1940 2914 1995 Ἰουστινιανοῦ.
2953 1942 3064 2012 Τὴν
3102 1941 3159 1993 δὲ
3207 1940 3508 2012 θρησκείαν
3545 1940 3576 1991 ὁ

312 2033 545 2087 videtur.
570 2030 863 2086 Gentilium
893 2034 1034 2088 enim
1064 2043 1265 2086 sectam
1289 2031 1414 2085 colit
1443 2031 1604 2084 simul
1647 2039 1702 2084 et
1729 2029 1865 2083 ftden

2026 2034 2127 2104 νὴρ
2165 2033 2309 2086 ἔοικε
2342 2033 2688 2103 δεισιδαίμων
2729 2029 2890 2087 εἶναι·
2920 2033 3138 2087 σέϐεται
3171 2035 3270 2104 μὲν
3297 2034 3404 2104 γὰρ
3426 2034 3472 2065 ⁸¹
3503 2033 3575 2085 τὰ

313 2135 579 2191 nostram,
617 2127 696 2180 sic
744 2135 942 2191 tamen,
986 2136 1043 2178 ut
1091 2125 1261 2179 lector
1311 2138 1416 2178 non
1465 2122 1622 2177 facile
1651 2121 1866 2192 colligat

2022 2127 2273 2196 Ελλήνων
2303 2128 2397 2180 καὶ
2441 2126 2670 2190 θειάζει.
2716 2123 2923 2189 θειάζει
2973 2126 3030 2179 δὲ
3072 2126 3168 2179 καὶ
3202 2127 3271 2179 τὰ
3301 2126 3575 2196 ἡμέτερα,

315 2227 494 2271 utrum
549 2217 630 2272 sic
669 2231 794 2272 vere
834 2217 1052 2280 sentiat,
1090 2231 1157 2269 an
1196 2215 1375 2284 potius
1414 2214 1580 2269 veluti
1628 2214 1681 2268 in
1727 2228 1868 2268 scen:

2021 2219 2069 2287 ιὴ
2103 2219 2280 2281 διδοὺς
2321 2220 2434 2280 τοῖς
2479 2219 2950 2285 ἀναγινώσκουσιν
2982 2218 3047 2269 ἐκ
3075 2215 3167 2269 τοῦ
3199 2217 3398 2287 ῥᾴστου
3432 2233 3574 2285 συμ-

314 2309 481 2365 ludat.
1995 2312 2176 2366 ϐαλεῖν
2195 2311 2422 2381 πότερον
2437 2310 2580 2364 οὕτω
2598 2309 2832 2381 νομίζων
2849 2309 3074 2376 θειάξει,
3093 2310 3126 2380 ἢ
3144 2309 3219 2372 ὡς
3238 2309 3330 2362 ἐπὶ
3349 2308 3580 2379 σκηνῆς.

958 2400 1244 2456 CLXXXI.
2710 2402 2890 2454 PﬂA'.

315 2493 587 2548 Damascii
613 2494 932 2548 Damasceni
955 2495 1106 2560 liber,
1134 2493 1205 2546 De
1229 2492 1423 2546 Isidori
1452 2491 1746 2560 philosophi
1767 2490 1868 2543 vita

2030 2495 2342 2565 .ayaowlov
2402 2492 2803 2564 Δαμασκηνοῦ
2856 2494 2944 2556 είς
2981 2491 3087 2544 τὸν
3131 2490 3435 2559 Ἰσιδώρου
3476 2489 3583 2544 τοῦ

2523 2565 2867 2627 φιλοσόφου
2893 2563 3064 2627 βίον.

2525 2579 2867 2618 (οιΑοσΟφον
2893 2579 3064 2618 μιον.

387 2650 584 2707 Lectus
609 2660 690 2705 est
717 2651 1030 2705 Datnascius
1061 2649 1427 2703 Damascenus
1456 2647 1528 2701 De
1553 2644 1750 2699 Isidori
1781 2644 1896 2714 phi-

2523 2595 2699 2632 δνιιιιυυ
2893 2595 3028 2627 ,μινυι
3047 2601 3064 2617 ο

2083 2657 2420 2727 Ἀνεγνώσθη
2503 2656 2823 2726 Δαμασκίου
2885 2653 3247 2724 Δαμασκηνοῦ
3321 2657 3409 2720 είς
3479 2652 3588 2707 τόν

319 2743 519 2810 Iosephi
552 2745 659 2796 vita
695 2743 829 2814 (24).
862 2742 1025 2796 Liber
1063 2750 1146 2796 est
1194 2740 1486 2794 multorum
1520 2753 1795 2801 versuum,
1843 2736 1872 2790 il

2036 2751 2312 2818 imb‘cbpov
2355 2749 2463 2803 τοῦ
2507 2749 2852 2817 φιλοσόφου
2895 2747 3062 2809 ,ϐίονο
3096 2746 3212 2799 ἔστι
3259 2746 3361 2816 μὲν
3399 2740 3493 2798 οὖν
3526 2759 3589 2796 το

318 2835 496 2903 capita
552 2833 667 2904 (25)
722 2831 838 2888 fere
891 2831 1171 2901 sexaginta
1221 2831 1450 2884 divisus.
1486 2827 1673 2882 Isidori
1719 2837 1871 2882 auten

2044 2843 2212 2895 ιὸλίον
2245 2840 2592 2910 πολύστιχον,
2629 2840 2795 2892 οἱονεὶ
2836 2839 2894 2893 δὲ
2926 2839 3244 2908 κεφαλαίοις
3275 2837 3316 2902 ξ’
3351 2839 3590 2907 ἀπαρτί-

319 2928 486 2980 vitam
512 2927 750 2981 scribere
780 2925 1089 2990 instituens,
1115 2924 1414 2978 Theodora:
1443 2922 1659 2976 cuidam
1687 2918 1872 2975 femin:

2034 2941 2176 2990 εται.
2223 2934 2460 3006 Γράφειν
2503 2932 2562 2985 δὲ
2598 2933 2692 2985 τὸν
2744 2931 3013 3001 Ἰσιδώρου
3066 2931 3179 3001 βίον
3230 2931 3587 3002 προθέμενος,

321 3031 458 3086 opus
489 3016 769 3082 inscribit,
799 3015 1141 3070 ethnicorum
1186 3029 1345 3084 aeque
1381 3017 1582 3066 cultum
1635 3012 1867 3066 sectanti

2039 3023 2256 3096 νεοδώρᾳ
2279 3024 2386 3077 τιν)⁵
2410 3024 2469 3075 τὸ
2497 3021 2785 3092 σύνταγμα
2818 3023 3314 3093 προσπεφώνηκεν,
3349 3021 3592 3090 Ἕλληνα

322 3120 377 3164 et
407 3108 788 3178 philosOphicac
818 3109 1095 3173 doctrinm,
1139 3108 1494 3176 omniumque
1526 3106 1640 3160 sive
1670 3105 1738 3158 ad
1770 3119 1875 3172 poet

2038 3119 2106 3169 ιὲν
2133 3093 2394 3184 καὶίαὺτῇ
2429 3113 2729 3184 Ορησκείαν
2756 3115 2997 3183 τιμώσῃ,
3033 3111 3374 3182 μαθημάτων
3400 3113 3458 3164 δὲ
3483 3112 3591 3164 τῶν

328 3200 510 3264 ticam,
529 3199 645 3254 sive
675 3199 740 3252 ad
766 3197 1176 3266 grammaticam
1207 3194 1516 3248 facultatem
1543 3193 1881 3262 spectantiun

2040 3222 2063 3256 ε
2101 3205 2244 3258 κατὰ
2290 3205 2638 3272 φιλοσοφίαν,
2689 3204 2784 3257 καὶ
2816 3203 2916 3254 ὅσα
2968 3203 3096 3272 περὶ
3142 3202 3369 3270 ποιητάς
3404 3218 3462 3252 τε
3497 3201 3593 3253 καὶ

327 3307 432 3346 non
462 3291 746 3360 imperitze,
786 3290 894 3346 imo
933 3299 988 3344 et
1021 3291 1086 3344 ad
1110 3287 1499 3358 geometricam
1527 3296 1690 3355 atque
1735 3285 1876 3338 arith

2046 3297 2401 3366 ραμματικὴν
2461 3296 2753 3368 στρέφεται
2819 3294 3134 3366 ἐμπειρίαν,
3191 3295 3291 3346 οὐκ
3347 3293 3594 3360 ἀπείρως

327 3383 580 3438 meticam
635 3382 1058 3452 Speculationem
1113 3389 1352 3444 evectae;
1399 3393 1561 3447 quam
1611 3393 1719 3432 una
1782 3393 1880 3430 cun

2043 3389 2226 3459 χούσῃ,
2259 3389 2397 3442 ἀλλά
2435 3405 2500 3456 γε
2542 3388 2636 3441 καὶ
2668 3387 2804 3457 πρὸς
2831 3387 3222 3458 γεωμετρικήν
3257 3402 3318 3437 τε
3349 3385 3439 3436 καὶ
3474 3386 3596 3454 ἀρι-

321 3476 630 3547 junioribus
679 3475 959 3530 sororibus
1017 3475 1258 3529 Isidorus
1315 3474 1428 3542 ipse
1475 3481 1637 3540 atque
1679 3470 1874 3524 Damas

2046 3481 2276 3552 μητικὴν
2298 3481 2580 3552 ᾀνηγμένῃ
2601 3480 2853 3551 Θεωρίαν,
2877 3479 3044 3535 αὐτοῦ
3065 3496 3123 3532 τε
3157 3478 3478 3548 Δαμασκίου
3501 3479 3599 3529 καὶ

329 3568 447 3620 cius
499 3567 662 3622 variis
711 3570 1008 3621 docuerant
1059 3563 1415 3633 temporibus.
1458 3563 1594 3617 Filia
1643 3563 1757 3616 [me
1807 3561 1880 3614 fui

2044 3572 2190 3626 Ισιδώ
2199 3590 2288 3642 ρου
2302 3573 2346 3603 ⁵³
2359 3573 2458 3641 τὴν
2471 3571 2819 3626 διδασκαλίαν
2833 3575 2968 3644 αὐτῇ
2986 3590 3045 3624 τε
3061 3571 3156 3624 καὶ
3168 3573 3288 3632 ταῖς
3299 3569 3597 3638 νεωτέραις

336 3655 544 3728 126a
573 3655 806 3725 Cyrinae,
827 3665 990 3724 atque
1015 3653 1289 3724 Diogenis,
1323 3654 1538 3710 Eusebii
1573 3651 1634 3706 F.
1663 3652 1884 3706 Flavian

2044 3664 2266 3732 δελφαῖς
2287 3663 2427 3716 κατὰ
2455 3661 2745 3730 διαφόρους
2762 3660 2987 3732 χρόνους
3015 3659 3424 3728 πεποιημένων.
3446 3657 3597 3726 Αὕτη

331 3747 468 3817 Nep.
499 3747 588 3816 qui
619 3761 790 3816 genus
824 3747 978 3800 duxit
1010 3761 1039 3799 a
1075 3747 1533 3818 Sampsigeramo,
1565 3753 1620 3798 et
1651 3743 1883 3797 Monimo

2047 3755 2259 3823 υγὰτηρ
2311 3753 2558 3822 ἐγεγόνει
2599 3755 2840 3824 Κυρίνας
2884 3756 2977 3806 καὶ
3017 3752 3304 3820 Διογένους
3350 3749 3447 3804 τοῦ
3491 3750 3596 3802 Εὑ-

334 3856 363 3894 a
399 3841 597 3910 quibus
638 3851 692 3894 et
728 3839 1062 3893 .Iambliclms
1103 3839 1365 3908 originem
1401 3837 1614 3906 repetit,
1649 3837 1782 3888 viris
1820 3850 1887 3902 qu

2049 3845 2195 3897 εϐίου
2227 3844 2319 3896 τοῦ
2347 3842 2671 3908 Φλαϐιανοῦ,
2697 3843 2756 3904 ὃς
2788 3836 2938 3895 εἷλκε
2968 3843 3029 3895 τὸ
3061 3843 3217 3908 γένος
3244 3841 3352 3894 ἀπὸ
3385 3839 3599 3910 Σαμψι-

333 3934 541 4003 primas
576 3933 626 3986 in
670 3931 1007 3986 idololatrica
1041 3931 1427 4000 superstitione
1457 3929 1717 3983 tulerunt.
1745 3928 1880 3996 lgitu

2053 3935 2262 4004 εράμου
2282 3934 2327 3965 ⁸³
2369 3950 2428 3984 τε
2471 3932 2565 3985 καὶ
2612 3931 2882 4002 Μονίμου,
2927 3934 3007 3994 είς
3049 3929 3143 3993 οὓς
3191 3932 3458 3997 ἀνάγεται
3506 3930 3601 3981 καὶ

336 4024 652 4079 Daniascius
680 4022 868 4077 lsidori
921 4024 1084 4077 vitam
1121 4024 1245 4078 huic
1274 4023 1510 4086 dedicat,
1552 4021 1708 4090 cujus
1748 4020 1889 4074 etian

2051 4024 2356 4095 Ιὰμϐλιχος,
2389 4023 2589 4094 ἄνδρας
2626 4023 2693 4076 τὰ
2727 4023 2918 4094 πρῶτα
2945 4025 3044 4093 τῆς
3108 4021 3604 4092 είδωλολατρούσης

335 4115 550 4187 petitio,
572 4116 956 4171 accedentibus
974 4126 1028 4170 et
1058 4116 1179 4169 aliis
1205 4117 1526 4185 quibusdam
1555 4115 1757 4177 causis,
1786 4128 1888 4166 auc

2057 4117 2272 4178 σεϐείας
2303 4117 2806 4185 ἁπενεγκαμένους.
2845 4117 2956 4186 Τὴν
3004 4115 3103 4186 μὲν
3138 4115 3231 4168 οὖν
3274 4114 3601 4184 βιογραφίαν

338 4221 512 4264 torem
545 4211 610 4262 ad
641 4208 986 4263 scribendum
1030 4209 1266 4278 impulit,
1301 4218 1358 4262 ut
1389 4217 1646 4262 testatum
1677 4207 1793 4274 ipse
1826 4221 1891 4259 rei

2051 4205 2304 4275 Ισιδώρου
2344 4206 2371 4255 ὁ
2397 4205 2445 4235 ⁸⁵
2488 4206 2802 4274 Δαμάσκιος
2838 4206 3006 4276 ταύτῃ
3043 4207 3376 4276 προσφωνεῖ,
3409 4218 3479 4276 ης
3509 4205 3604 4257 καὶ

338 4300 516 4368 liquit.
568 4298 752 4369 Neque
811 4309 989 4354 tamen
1045 4299 1236 4353 lsiduri
1278 4299 1450 4369 magis
1506 4301 1693 4362 vitam,
1750 4313 1891 4367 quan

2050 4323 2053 4366 γ
2089 4297 2338 4362 ἀξίωσις,
2372 4297 2464 4349 καὶ
2490 4297 2664 4350 ἄλλων
2697 4297 2857 4350 τινῶν
2893 4297 3186 4351 συναιτίων
3216 4296 3603 4366 γεγενημένων

339 4390 628 4444 multorum
658 4391 912 4456 aliorum,
939 4395 1032 4460 qui
1071 4393 1152 4445 vel
1185 4392 1374 4445 eadem
1403 4405 1523 4445 cum
1556 4405 1642 4453 eo,
1671 4389 1752 4442 vel
1776 4404 1892 4457 prae

2055 4390 2120 4459 ἧς
2143 4391 2479 4459 προτροπῆς,
2498 4389 2645 4441 αἰτία
2666 4390 2902 4459 κατέστη
2920 4389 2997 4460 τῷ
3015 4392 3343 4458 συγγραφεῖ,
3363 4387 3602 4460 [21211.]

337 4484 560 4537 cedente
579 4490 737 4537 :etate
761 4483 1079 4547 ﬂoruerunt,
1101 4499 1204 4537 una
1230 4483 1489 4538 describit
1511 4499 1524 4535 :
1546 4484 1682 4535 actis
1704 4496 1890 4550 quoquc

2053 4481 2270 4551 abdit-sp
2297 4483 2457 4544 αὐτὸς
2488 4483 2946 4553 ἐπιμαρτύρεται,
2971 4482 3071 4551 τῆς
3105 4483 3362 4552 σπουδῆς.
3395 4484 3470 4535 Οὐ
3500 4484 3606 4553 μήν

337 4589 524 4628 eorum
557 4590 622 4630 ac
664 4577 1076 4631 narrationibus
1135 4591 1258 4631 cum
1307 4576 1742 4644 digressionibus
1797 4575 1885 4641 plu

2053 4592 2083 4627 ’Ξ
2117 4574 2317 4645 μᾶλλον
2361 4573 2630 4643 Ἰσιδώρου
2663 4575 2776 4645 βίον
2806 4576 2838 4646 ἦ
2883 4575 3092 4629 πολλῶν
3121 4575 3316 4640 ἄλλων,
3357 4575 3466 4626 τῶν
3509 4576 3606 4645 μὲν

339 4667 494 4722 rimis
528 4670 594 4721 ad
623 4670 928 4723 satietatem
957 4668 1262 4738 Ladjunctis.
1297 4669 1376 4720 Ad
1406 4668 1722 4736 religionem
1758 4683 1892 4735 porri

2052 4667 2460 4736 ὐνηκμακότων
2520 4667 2733 4738 τάνδρὶ,
2776 4668 2884 4720 τῶν
2930 4667 2987 4720 δὲ
3037 4668 3132 4721 καὶ
3173 4669 3605 4737 προγεγονότων,

339 4757 484 4824 quod
527 4757 740 4818 attinet,
765 4773 977 4811 summe
1017 4759 1064 4811 is
1093 4758 1290 4824 impius
1327 4757 1448 4823 fuit,
1477 4766 1533 4810 et
1563 4757 1718 4810 novis
1760 4769 1884 4826 atqu

2057 4759 2454 4828 υναναγρὰφει,
2511 4759 2740 4830 πράξεις
2780 4778 2839 4813 τε
2893 4763 2987 4814 καὶ
3035 4760 3351 4830 διηγήματα
3403 4761 3608 4813 τούτων

340 4847 576 4900 anilibus
623 4847 834 4902 fabellis
868 4850 1106 4903 animum
1147 4848 1259 4919 (26)
1301 4848 1460 4904 simul
1491 4865 1555 4904 ac
1617 4863 1893 4902 sermonem

2055 4851 2389 4914 ςυνδιατιθεὶς
2412 4853 2505 4905 καὶ
2525 4852 2752 4925 πλείστῃ
2771 4852 3048 4921 χρώμενος
3072 4854 3164 4906 καὶ
3190 4853 3332 4906 κατὰ
3355 4853 3516 4922 κόρον
3542 4856 3608 4923 τῇ

343 4937 602 4994 refertum
630 4954 844 5007 gerens.
879 4939 1060 5005 Quare
1087 4949 1142 4994 et
1171 4950 1418 4996 sanctam
1466 4939 1623 4994 (idem
1659 4950 1896 4994 nostram

2056 4942 2412 5012 ταρεκδρομῇ.
2448 4943 2604 4994 Ἔστι
2636 4943 2693 4995 δὲ
2734 4943 2832 5013 τὴν
2870 4945 2968 5013 μὲν
3009 4945 3137 5012 περὶ
3169 4945 3237 4995 τὰ
3285 4943 3404 4995 οεῖα
3453 4943 3609 5008 δόξαν

1623 5055 1860 5109 VARIAS
1896 5055 2307 5112 LECTIONES.

416 5150 464 5181 ⁸⁷
495 5149 642 5221 μάλα
685 5152 728 5204 Α
765 5170 778 5204 :
811 5153 1042 5222 μάλιστα
1087 5170 1145 5216 ς.
1205 5151 1353 5221 αὑτῷ
1385 5166 1532 5205 corr.
1574 5152 1640 5222 Α.
1749 5150 1793 5180 ⁸⁸
1830 5149 2330 5222 μματρικουλὰριος]
2376 5153 2821 5222 κορνικουλάριος
2871 5151 3072 5206 llasius
3120 5159 3489 5206 commentor.
3546 5151 3612 5204 de

343 5219 553 5293 Joanne
578 5222 726 5293 Lydo
758 5219 1003 5291 ρξΧΧίΙ.
1083 5223 1127 5254 δ’
1156 5222 1306 5288 λέγει
1328 5219 1667 5293 συγγράψαι
1688 5237 1752 5293 ςἶ
1828 5219 2032 5293 ’ίθέέϐίω
2063 5239 2124 5284 ς.
2192 5219 2243 5252 ’⁸¹
2275 5219 2384 5292 γαρ
2411 5219 2536 5277 add.
2567 5226 2633 5275 Α.
2708 5219 2754 5253 δ’
2786 5223 3056 5291 Ἰσιδώρου
3086 5223 3179 5275 καὶ
3204 5223 3520 5292 Δαμασκίου
3550 5238 3610 5284 ς.

343 5291 389 5322 ⁸³
425 5291 854 5364 Σαμψιγεράμου
881 5297 968 5346 AG
997 5311 1011 5346 :
1053 5291 1495 5361 Ζαμψιγεράμου
1523 5308 1582 5354 ς.
1659 5292 1705 5321 ⁸⁸
1733 5291 1760 5342 ὁ
1792 5291 1916 5344 add.
1953 5294 2017 5344 A.

1864 5383 2104 5439 NOTIE.

419 5474 530 5546 (23)
559 5477 730 5541 Fisci,
766 5478 900 5545 fori,
934 5494 1002 5532 an
1042 5478 1248 5531 militiae
1305 5477 1499 5531 tabulis
1539 5476 1628 5530 hic
1668 5477 1925 5544 praefuit?
2101 5477 2216 5546 (25)
2264 5476 2381 5542 Qua
2453 5477 2616 5531 etiam
2665 5479 3012 5532 distinctione
3063 5491 3192 5531 usus
3239 5475 3444 5530 dicitur
3492 5491 3613 5542 sup.

349 5544 558 5617 Indices
605 5551 747 5602 enim
787 5560 842 5601 et
887 5548 1162 5616 catalogos
1207 5548 1508 5617 iurisperiti
1555 5550 1824 5617 matrices,
1859 5563 1920 5604 ac
2027 5544 2148 5614 cap.
2185 5544 2311 5600 150.

350 5631 443 5684 per
476 5616 910 5687 dinujnutiooem,
939 5614 1248 5672 matricum:
1281 5617 1543 5686 appellare
1572 5616 1739 5687 soliti.
2096 5617 2209 5685 (26)
2252 5618 2422 5680 Quem
2456 5619 2767 5684 apparuisse
2793 5617 3005 5672 vtdetur
3033 5626 3269 5687 quatuor
3300 5615 3416 5672 illis
3442 5614 3614 5669 Para-

419 5686 528 5755 (24)
560 5686 826 5758 Excerpta
861 5691 988 5745 inde
1028 5689 1124 5743 inf.
1161 5693 1399 5757 reperias
1423 5703 1539 5756 cap.
1571 5686 1699 5743 242.
2024 5691 2200 5743 doxon
2232 5687 2388 5742 libris
2408 5703 2526 5756 sup.
2559 5703 2676 5755 cap.
2705 5687 2826 5742 150.
