3932 6240
357 309 453 372 529

1375 302 1900 376 BIBLIOTHECA,
1922 326 1992 337 -
2021 301 2184 363 COD.
2223 302 2526 363 CLXXX-1.

3471 305 3574 368 530

355 421 426 478 εἰς
473 415 644 486 ἄκρον
684 411 966 482 δυσσεϐὴς,
1009 410 1214 464 καινῶν
1236 411 1282 444 ⁸⁸
1312 411 1370 466 δέ
1408 413 1502 466 καὶ
1548 409 1912 481 γραοπρεπῶν

2022 413 2240 466 tametsi
2281 412 2492 478 timide,
2549 421 2795 482 tectaque
2843 414 3248 480 malevolentia,
3299 433 3403 472 non
3453 434 3576 475 raro

358 508 634 580 μυθαρίων
660 508 822 560 αὐτόν
851 521 909 558 τε
940 506 1032 557 τὸν
1056 506 1182 558 νοῦν
1207 503 1301 556 καὶ
1324 504 1452 568 τοὺς
1480 504 1672 572 λόγους
1699 502 1912 572 πεπλη-

358 599 612 671 ρωμένος·
657 599 740 652 διὸ
774 599 870 652 καὶ
902 599 1001 666 τῆς
1027 599 1178 668 ἱερᾶς
1219 597 1397 667 ἡμῶν,
1445 597 1492 648 εί
1531 596 1626 648 καὶ
1663 593 1913 664 δειλιώσῃ

353 695 438 747 καὶ
478 691 840 761 λαθραιοτέρᾳ.
881 689 1286 760 κακοφροσύνῃ,
1337 689 1486 759 ὅμως
1530 688 1628 740 οὐκ
1669 687 1916 754 ὀλιγάκις

354 784 596 853 φαίνεται
619 783 666 814 ⁵⁸
701 781 1056 836 καθυλακτῶν
1083 780 1383 843 εὐσεϐείας.
1421 779 1545 850 μου
1569 777 1660 850 R.]
1691 779 1914 832 Πάντων

352 874 390 928 δ’
409 874 566 936 ὅσους
595 870 800 940 ἐξαίρει
829 872 942 932 τοῖς
967 870 1169 938 λόγοις,
1188 870 1281 922 καὶ
1309 865 1645 938 κρείττουςῆ
1673 865 1796 919 κατ’
1819 867 1912 919 ἀν-

353 964 581 1034 θρώπων
613 962 773 1031 φύσιν
806 961 1013 1026 θειάζει
1046 958 1330 1028 γεγονέναι
1351 961 1470 1020 ταῖς
1490 975 1550 1010 τε
1581 957 1626 988 ⁸⁷
1650 955 1759 1010 τῶν
1791 957 1913 1008 ἐπι-

355 1072 445 1125 στη
454 1054 568 1125 μῶν
586 1054 945 1115 τελεωτάταις
963 1051 1245 1122 θεωρίαις,
1262 1051 1358 1104 καὶ
1380 1049 1459 1120 τῷ
1488 1049 1646 1119 τάχει
1666 1048 1767 1117 τῆς
1795 1048 1911 1100 διαν

352 1147 514 1209 νοίας,
543 1145 747 1200 τούτων
779 1146 1010 1198 ἑκάστου
1032 1145 1226 1214 κριτὴν
1256 1143 1450 1195 ἐαυτὸν
1484 1139 1847 1194 ἐπικαθιστῶν
1870 1136 1914 1169 ⁸⁸

351 1239 446 1291 οὐκ
468 1239 618 1290 ἐστιν
636 1240 759 1291 ὅτου
786 1239 860 1308 μὴ
889 1237 1194 1308 καθήψατο,
1219 1235 1303 1306 ἐφ’
1319 1236 1549 1289 ἑκάστου
1569 1234 1678 1286 τῶν
1702 1233 1914 1302 θαυμα-

352 1331 593 1400 ζομένων
619 1332 692 1401 μὴ
716 1331 1053 1398 ἐνδεέστερον
1082 1329 1244 1398 ἔχειν,
1279 1328 1374 1382 τοῦ
1401 1327 1498 1397 μὲν
1528 1329 1608 1389 είς
1635 1326 1916 1396 ἀγχίνοιαν

349 1419 647 1490 ἐξηρμένου
666 1420 732 1485 ",
761 1421 843 1473 ὅτι
884 1418 962 1490 μὴ
987 1418 1163 1472 πάντα
1186 1418 1461 1488 ἀγχίνους,
1491 1417 1586 1468 τοῦ
1613 1415 1658 1468 δ’
1687 1418 1765 1477 εἰς
1795 1417 1914 1468 ἐπι-

353 1513 564 1580 στήμας
595 1511 1003 1583 ἀπαραϐλήτου,
1029 1512 1110 1563 ὅτι
1145 1511 1219 1580 μὴ
1247 1511 1426 1563 πάντα
1455 1511 1794 1579 ἐπιστήμων,
1826 1507 1918 1560 καὶ

349 1603 408 1672 δὴ
440 1603 539 1655 καὶ
579 1601 673 1656 τοῦ
711 1604 792 1666 είς
824 1603 1024 1674 ἀρετὴν
1054 1600 1362 1670 ἐγγίζοντος
1400 1601 1541 1670 Θεῷ,
1586 1603 1669 1654 ὅτι
1708 1600 1918 1652 πολλῶν

350 1693 553 1760 ἐνδεής.
612 1692 797 1755 Οὕτως
845 1694 1070 1746 ἐκείνων
1119 1693 1372 1756 ἕκαστον,
1431 1691 1525 1754 οὓς
1575 1691 1688 1745 ἄνω
1735 1692 1917 1762 φέρων

349 1785 534 1854 ἐξῆρε,
566 1785 891 1855 κατασύρων
915 1787 1007 1837 καὶ
1035 1784 1240 1855 ῥίπτων
1267 1785 1462 1854 χαμαὶ,
1481 1785 1543 1838 τὸ
1570 1785 1768 1855 κράτος
1795 1785 1919 1837 ἐαυ-

347 1876 422 1943 τῷ
453 1874 601 1928 κατὰ
635 1875 849 1928 πάντων
895 1875 986 1928 καὶ
1027 1875 1120 1927 ἐπὶ
1160 1875 1294 1927 πᾶσι
1344 1874 1642 1945 λεληθότως
1685 1876 1914 1947 ἀναρτᾷ.

347 1967 432 2019 Διὸ
473 1968 571 2019 καὶ
601 1967 868 2038 Ἰσίδωρον
901 1967 998 2036 οὐχ
1026 1962 1190 2039 ἦττον
1221 1967 1462 2020 ἐπαινῶν
1487 1966 1520 2038 ἢ
1547 1967 1736 2036 ψόγοις
1763 1983 1918 2036 περιο

347 2058 559 2112 ϐάλλων
595 2059 843 2113 διατελεῖ.
873 2062 1067 2114 Καίτοι
1087 2077 1149 2128 γε
1179 2059 1239 2124 ἐξ
1265 2053 1340 2112 ὧν
1366 2059 1652 2129 ἀλλοτρίας
1680 2075 1740 2112 τε
1773 2059 1920 2126 λογι-

346 2155 443 2216 κὰς
484 2153 722 2222 ἀπορίας
764 2154 858 2206 καὶ
897 2153 1079 2216 λύσεις
1117 2154 1192 2216 ῶς
1225 2152 1288 2224 δὴ
1332 2151 1668 2221 θαυμασίους
1715 2167 1917 2221 προκο-

349 2244 520 2313 μίζει,
567 2247 662 2298 καὶ
709 2245 775 2308 ἃς
824 2245 986 2309 αὐτὸς
1033 2244 1126 2298 ἐπὶ
1169 2246 1325 2316 τάχει
1375 2245 1467 2299 νοῦ
1515 2245 1612 2299 καὶ
1662 2244 1918 2316 ἀκριϐείᾳ

345 2342 659 2412 ἐπιστήμης
689 2341 830 2411 μέγα
856 2343 1068 2412 φρονῶν
1113 2342 1195 2404 είς
1237 2341 1400 2410 μέσον
1426 2341 1682 2410 προάγει,
1715 2339 1837 2394 οὔτε
1866 2358 1919 2393 τι

343 2433 447 2486 τῶν
481 2433 617 2503 περὶ
651 2433 970 2502 φιλοσοφίαν
1018 2432 1264 2503 συνήθων
1295 2432 1624 2505 ὑψηλότερον
1653 2433 1799 2487 ἐστιν
1827 2433 1918 2486 εὑ-

347 2526 454 2596 ρεῖν
497 2523 590 2577 τὸν
627 2525 913 2597 ἄνθρωπον
940 2523 1361 2594 κατωρθωκότα,
1390 2524 1513 2578 οὔτε
1548 2524 1654 2596 μὴν
1690 2527 1770 2588 είς
1805 2525 1916 2578 δει-

345 2618 545 2686 νότητα
577 2617 674 2668 καὶ
701 2616 1064 2686 ἀγχίστροφον
1100 2616 1340 2678 διανοίας
1377 2617 1562 2686 τάχος,
1594 2618 1692 2686 ὅση
1730 2633 1793 2686 γε
1823 2618 1918 2670 ἀν-

347 2707 620 2778 θρωπίνη,
680 2708 755 2778 μὴ
803 2709 888 2762 ὅτι
916 2709 962 2740 ⁸ο
1008 2724 1073 2776 γε
1110 2707 1383 2776 δαιμονία,
1435 2709 1762 2779 ἀνηγμένον,
1803 2710 1919 2763 ἀλλ’

345 2801 462 2853 οὐδέ
485 2817 617 2877 τινα
648 2800 757 2854 τῶν
806 2800 1042 2871 μετρίως
1087 2817 1204 2862 πως
1236 2801 1366 2870 περὶ
1419 2799 1738 2872 φιλοσοφίαν
1768 2802 1920 2874 ἐχόν-

345 2911 468 2958 των,
506 2895 588 2964 μή
629 2894 684 2946 τί
713 2910 777 2962 γε
813 2893 880 2946 δι’
909 2893 1197 2962 ἀκριϐείας
1235 2893 1482 2960 ἐντελοῦς
1518 2895 1793 2966 ἡγμένων,
1839 2893 1919 2962 οἷς

345 2987 551 3049 ἐκεῖνος
580 2984 1040 3056 ἐλλαμπρύνεται,
1081 2987 1500 3058 σεμνυνόμενον.

412 3076 526 3147 Τὴν
571 3076 756 3147 μέντοι
799 3078 996 3148 φράσιν
1039 3080 1068 3132 ὁ
1107 3078 1246 3149 ἀνὴρ
1276 3081 1418 3134 κατά
1452 3097 1514 3148 γε
1557 3081 1617 3134 τὸ
1667 3082 1918 3136 πλεῖστον
1946 3107 1990 3167 c

345 3167 506 3220 αὑτοῦ
560 3168 675 3221 τῶν
724 3167 922 3235 λέξεων
972 3170 1034 3222 οὐ
1088 3170 1278 3242 πόρρω
1325 3174 1490 3225 τείνει
1536 3173 1632 3226 τοῦ
1691 3172 1916 3242 σαφοῦς.

349 3257 497 3326 Ἔχει
529 3256 593 3310 δέ
625 3273 678 3311 τι
721 3258 816 3310 καὶ
843 3257 953 3310 τῶν
981 3257 1157 3312 ἄλλων
1198 3257 1372 3324 ἰδεῶν,
1415 3260 1535 3312 ὅσαι
1584 3261 1921 3330 χαρακτηρί·

344 3348 529 3411 ζονται
559 3349 762 3414 λέξεσι,
789 3351 886 3420 τήν
912 3366 972 3402 τε
998 3350 1254 3420 τραχεῖάν
1279 3367 1446 3422 φημι,
1472 3351 1538 3404 δι’
1565 3346 1632 3423 ἧς
1653 3349 1920 3422 τραχύνε-

343 3443 486 3511 ταιή
519 3440 670 3510 ἠχὼ,
701 3441 796 3493 καὶ
828 3440 893 3510 δὴ
926 3443 1019 3494 καὶ
1055 3442 1156 3511 ὅση
1187 3441 1446 3495 πλατύνει
1478 3444 1578 3513 τὴν
1605 3445 1808 3513 φωνὴν,
1827 3444 1922 3496 καὶ

341 3533 438 3600 τὴν
464 3534 554 3595 εἰς
589 3532 652 3585 τὸ
675 3531 1124 3603 ποιητικώτερον,
1155 3535 1204 3586 εί
1235 3534 1332 3587 καὶ
1361 3535 1673 3600 σπανιάκις,
1708 3536 1924 3588 ἐλευθε-

343 3622 670 3694 ριάζουσαν.
710 3626 821 3678 Καὶ
858 3627 913 3677 αἱ
951 3627 1209 3696 τροπικαὶ
1237 3625 1295 3679 δὲ
1333 3626 1726 3696 διαμορφοῦσιν
1757 3626 1920 3680 αὑτοῦ

339 3717 464 3778 τοὺς
502 3715 726 3784 λόγους,
756 3716 859 3769 οὐκ
882 3719 960 3780 είς
987 3718 1227 3786 ἄμουσον
1253 3717 1621 3789 ψυχρολογίαν
1650 3720 1682 3790 ἢ
1715 3721 1922 3790 τροπὰς

340 3808 662 3878 ἀποτόμους
689 3810 1076 3880 ἐκφερόμεναι,
1106 3809 1224 3862 ἀλλ’
1249 3809 1313 3863 ἐκ
1341 3827 1405 3878 γε
1433 3811 1528 3864 τοῦ
1554 3813 1646 3864 ἐπὶ
1671 3813 1922 3867 πλεῖστον

338 3902 398 3952 τὸ
423 3899 606 3969 γλυκύ
628 3917 688 3954 τε
719 3902 812 3953 καὶ
835 3901 1023 3971 χαρίεν
1049 3902 1108 3954 τὸ
1134 3902 1257 3956 καθ’
1291 3903 1492 3966 ἑαυτὰς
1521 3905 1916 3974 παρεχόμεναι.

353 3992 514 4045 Ἀλλὰ
554 3992 738 4061 σαφὴς
767 3991 842 4043 ῶν
887 3990 965 4062 τῷ
1003 3992 1238 4063 πλείστῳ
1282 3994 1440 4064 μέρει
1476 3993 1586 4046 τῶν
1621 3995 1822 4058 λέξεων
1847 3995 1916 4060 ⁶¹,

340 4081 525 4133 οὐκέτι
553 4081 654 4134 καὶ
681 4082 748 4150 τῇ
766 4080 864 4152 ὅλῃ
892 4080 985 4134 τοῦ
1017 4080 1175 4148 λόγου
1205 4083 1490 4154 οἰκονομίᾳ
1511 4084 1750 4148 τοιοῦτος
1781 4083 1918 4137 καθ-

340 4172 596 4242 έστηκενο
638 4172 675 4242 ἦ
717 4189 778 4224 τε
817 4173 925 4243 γὰρ
957 4174 1200 4244 συνθήκη
1246 4175 1308 4227 οὐ
1353 4176 1591 4246 συνθήκη
1661 4175 1920 4248 μᾶλλονδῆ

340 4263 768 4333 καινοπρέπεια,
802 4265 894 4318 καὶ
919 4265 953 4335 ἡ
995 4265 1255 4336 περιϐολὴ
1295 4266 1455 4336 κόρον
1485 4266 1792 4336 ἐμποιοῦσα
1829 4284 1920 4319 au-

337 4356 462 4424 χνὸν
491 4357 556 4409 τό
585 4373 651 4408 τε
677 4357 760 4420 είς
793 4359 1087 4427 σαφήνειαν
1115 4357 1450 4426 ἐπηλυγάζει
1489 4360 1922 4430 προφαινόμενον

2016 513 2192 558 tamen
2232 503 2464 558 allatrat.
2500 503 2776 574 Quotquot
2806 519 2986 561 autem
3022 509 3202 562 verbis
3245 510 3485 579 extollit,
3521 521 3577 566 et

2014 610 2118 663 qua
2139 597 2208 651 ob
2235 596 2498 652 doctrina:
2522 598 2918 663 excellentiam,
2947 616 3052 668 qua
3077 601 3146 655 ob
3177 602 3372 669 ingenii
3403 602 3576 657 soler-

2017 687 2142 740 tiam
2170 701 2333 755 snpra
2373 687 2660 741 humanam
2700 690 3087 754 conditionem,
3116 703 3174 744 ut
3199 691 3410 745 divinos
3439 677 3578 747 celei

2015 777 2158 842 brat,
2194 779 2382 854 borum
2413 778 2922 850 cujusquejudicem
2955 783 3191 850 seipsum
3219 785 3576 852 constituens,

2014 870 2219 926 nullum
2248 887 2351 927 non
2386 873 2715 943 perstringit,
2756 875 2807 928 in
2846 875 3073 946 singulis
3096 876 3258 931 etiam
3293 890 3429 945 quos
3462 877 3580 930 lau-

2014 963 2190 1027 darat,
2219 963 2423 1032 aliquid
2460 964 2811 1022 desiderans:
2843 969 2894 1021 in
2923 970 3038 1023 acri
3077 969 3292 1038 ingenio
3329 971 3577 1040 praedito,

2014 1056 2155 1122 quod
2176 1071 2278 1110 non
2297 1073 2392 1126 per
2409 1058 2585 1111 omnia
2610 1074 2760 1127 atque
2778 1060 2950 1115 solers
2973 1061 3075 1116 sit:
3098 1062 3149 1115 in
3179 1077 3244 1116 eo
3259 1063 3349 1130 qui
3375 1064 3581 1117 incom-

2013 1150 2238 1218 parabili
2266 1160 2349 1204 est
2381 1151 2628 1217 scientia,
2659 1155 2801 1220 quod
2828 1169 2930 1208 non
2959 1157 3139 1209 omnia
3176 1157 3344 1222 sciat;
3391 1157 3498 1210 imo
3526 1165 3583 1212 et

2015 1237 2068 1290 in
2100 1251 2183 1300 eo,
2212 1239 2303 1306 qui
2326 1237 2524 1292 virtute
2540 1237 2649 1292 Deo
2667 1241 2943 1308 proximus
2961 1242 3224 1306 videatur,
3241 1244 3381 1312 quod
3407 1244 3584 1298 adhuc

2015 1325 2182 1379 multa
2210 1327 2259 1381 ei
2283 1326 2479 1383 desint.
2513 1327 2589 1382 Ita
2615 1329 2856 1398 singulos
2894 1345 3102 1394 eorum,
3134 1348 3271 1402 quos
3298 1333 3350 1386 in
3383 1334 3581 1388 uelum

2017 1427 2171 1472 antea
2199 1419 2516 1486 sustulerat,
2558 1437 2768 1474 rursum
2801 1423 3134 1478 detrahendo
3161 1426 3432 1494 humoque
3460 1426 3579 1479 alli-

2015 1510 2212 1577 dendo,
2251 1513 2536 1581 imperium
2565 1515 2666 1568 sibi
2703 1515 2754 1567 in
2799 1529 2990 1570 omnes
3028 1525 3082 1570 et
3114 1517 3182 1572 de
3223 1519 3474 1590 omnibus
3503 1519 3584 1572 la-

2019 1610 2195 1657 tenter
2217 1614 2456 1674 arrogat.
2474 1605 2838 1671 Quamobrem
2856 1607 3115 1662 lsidorum
3135 1624 3350 1680 quoque
3370 1613 3585 1668 assidue

2020 1710 2124 1749 non
2170 1696 2341 1765 magis
2391 1697 2594 1761 laudat,
2624 1713 2786 1768 quam
2827 1700 3104 1769 vituperiis
3143 1713 3354 1757 onerat.
3401 1702 3587 1774 Neque

2021 1803 2149 1842 vero
2179 1803 2244 1843 ex
2275 1789 2464 1861 logicis
2487 1805 2607 1843 cum
2633 1793 3041 1860 qumstionibus,
3059 1803 3170 1848 tum
3203 1795 3582 1862 solutionibus,

2018 1895 2154 1950 quas
2180 1881 2262 1935 vel
2291 1896 2356 1935 ex
2384 1882 2503 1939 aliis
2529 1883 2617 1938 ille
2643 1900 2741 1953 pro
2763 1886 3114 1950 admirandis,
3140 1887 3226 1940 vel
3251 1887 3317 1941 de
3345 1902 3442 1941 suo
3464 1903 3590 1957 pec-

2023 1979 2138 2026 tore
2159 1971 2249 2041 (ob
2275 1973 2503 2026 celerem
2527 1976 2723 2029 mentis
2748 1976 3095 2046 agitationem
3123 1985 3176 2032 et
3197 1977 3584 2033 accuratiorem

2019 2064 2304 2119 scientiam
2337 2076 2654 2136 arroganter
2685 2082 2806 2122 sese
2834 2067 3086 2140 ell‘erens)
3110 2071 3162 2122 in
3188 2071 3426 2125 medium
3459 2085 3586 2140 pro-

2021 2152 2188 2215 ducit,
2213 2153 2506 2222 quidquam
2539 2169 2702 2223 supra
2737 2171 2854 2220 ens,
2880 2158 2970 2226 qui
3005 2159 3056 2211 in
3091 2159 3434 2229 philosophia
3463 2175 3586 2216 ver-

2020 2243 2129 2298 sari
2163 2245 2318 2316 vulgo
2351 2246 2547 2311 solent,
2578 2247 2646 2300 ab
2674 2247 2774 2302 hoc
2797 2248 3012 2304 homine
3039 2252 3200 2319 paulo
3227 2251 3436 2307 felicius
3459 2268 3589 2308 con-

2021 2335 2218 2390 fectum
2265 2338 2537 2408 reperias;
2577 2350 2669 2393 aut
2714 2356 2926 2396 rursum
2970 2343 3036 2397 ad
3077 2359 3303 2399 acumen
3347 2360 3504 2412 eum,
3533 2356 3588 2402 et

2020 2429 2306 2484 volubilem
2371 2434 2569 2486 mentis
2629 2433 3018 2500 agitationem,
3076 2447 3336 2505 quantum
3396 2438 3585 2493 saltem

2019 2519 2226 2575 homini
2271 2522 2354 2578 las
2403 2533 2506 2590 est,
2548 2526 2740 2580 nedum
2789 2538 3049 2594 quantum
3094 2527 3224 2595 Deo,
3254 2532 3586 2599 pervenisse,

2022 2612 2116 2666 sed
2145 2629 2322 2682 neque
2340 2615 2443 2668 alia
2465 2625 2759 2682 ostentare,
2781 2633 2900 2686 quae
2924 2618 3005 2672 vel
3031 2621 3322 2674 mediocria
3349 2621 3402 2674 in
3425 2621 3590 2676 rebus

2019 2705 2408 2776 philosophicis
2440 2708 2570 2762 sint.
2604 2707 2759 2762 Mitto
2792 2723 2912 2778 quae
2941 2724 3036 2778 per
3066 2725 3333 2765 summam
3367 2726 3587 2767 accura-

2023 2798 2221 2852 tionem
2271 2797 2630 2860 deducantur,
2673 2800 2870 2870 quibus
2919 2809 3101 2856 tamen
3149 2800 3238 2856 ille
3283 2801 3590 2858 nominibus

2019 2889 2203 2945 clarus
2233 2891 2566 2961 illustrisque
2599 2891 2851 2948 habetur.

2093 3070 2174 3124 Ad
2207 3071 2403 3143 stylum
2438 3071 2581 3140 quod
2622 3072 2836 3137 attinet,
2871 3071 3126 3143 pleraque
3152 3072 3269 3142 ejus
3296 3074 3459 3129 verba
3485 3089 3590 3129 non

2024 3163 2208 3234 procul
2236 3180 2265 3217 a
2297 3166 2684 3235 perspicuitate
2713 3165 3019 3220 discedunt.
3048 3164 3369 3222 Habetitem
3390 3167 3591 3242 aliquid

2028 3257 2187 3327 126
2203 3257 2231 3308 b
2249 3258 2478 3311 aliarum
2506 3257 2800 3310 formarum
2818 3297 2833 3322 ,
2857 3271 2977 3326 quae
2996 3257 3179 3311 verbis
3203 3259 3589 3325 designantur:

2021 3349 2391 3416 asperitatem,
2420 3351 2662 3417 inquam,
2697 3365 2802 3418 qua
2839 3351 3208 3418 pronuntiatio
3232 3351 3498 3419 asperior,
3531 3365 3595 3406 ac

2020 3455 2122 3495 vox
2155 3442 2309 3508 quasi
2329 3440 2538 3508 planior
2559 3441 2830 3505 redditur;
2858 3451 2911 3495 et
2934 3441 2986 3494 in
3022 3441 3295 3510 poeticum
3328 3450 3592 3510 przeterea

2022 3548 2203 3593 usum,
2236 3547 2412 3585 raram
2444 3533 2681 3600 quidem,
2704 3533 2796 3585 sed
2842 3532 3152 3586 liberiorem
3196 3533 3590 3602 evagationem.

2024 3624 2187 3692 Tropi
2218 3638 2346 3678 vero
2379 3624 2450 3677 ita
2483 3623 2598 3692 ejus
2641 3623 2928 3677 eﬂ‘ormant
2965 3625 3267 3677 orationem
3298 3633 3356 3677 ut
3396 3623 3448 3676 in
3488 3625 3594 3678 im-

2022 3717 2249 3784 peritam
2295 3719 2585 3785 quamdam
2642 3730 2706 3768 ac
2757 3715 3007 3784 frigidam
3077 3714 3460 3781 elocutionem,
3503 3725 3597 3769 aut

2024 3805 2296 3859 duriorem
2335 3804 2570 3874 aliquam
2614 3805 3042 3858 immutationem
3075 3819 3414 3875 nequaquam
3448 3805 3597 3861 defe-

2025 3904 2238 3960 rantur,
2287 3895 2382 3948 sed
2433 3894 2756 3948 suavitatem
2807 3903 2865 3948 ut
2909 3894 3204 3963 plurimum
3257 3905 3314 3950 et
3363 3896 3594 3965 gratiam

2023 4003 2090 4042 ex
2132 3987 2325 4055 seipsis
2377 3987 2570 4041 saltem
2601 3986 2911 4040 concilient.
2949 3985 3150 4040 Verum
3191 3998 3249 4042 ut
3281 3991 3597 4058 perspicuus

2023 4079 2115 4144 sit,
2149 4079 2442 4132 maximam
2479 4093 2671 4132 vocum
2709 4087 2941 4148 partem,
2969 4078 3220 4132 universa
3255 4088 3434 4133 tamen
3469 4094 3596 4134 ora-

2025 4171 2188 4228 tionis
2215 4173 2376 4235 serie,
2416 4187 2520 4225 non
2554 4171 2704 4226 item.
2734 4170 2867 4225 Nam
2900 4179 2954 4226 et
2982 4173 3302 4242 compositio
3331 4173 3450 4242 ejus
3491 4189 3596 4227 non

2027 4277 2134 4321 tam
2183 4265 2527 4332 compositio,
2575 4277 2735 4333 quam
2771 4263 3052 4318 innovatio
3093 4265 3340 4334 quzedam
3383 4274 3505 4320 est:
3545 4275 3599 4318 et

2026 4358 2142 4428 ipsa
2189 4373 2350 4429 porro
2381 4357 2778 4412 circumductio
2821 4358 3092 4411 assiduam
3125 4357 3354 4413 aﬂ‘erens
3375 4360 3598 4414 satieta-

339 4448 433 4498 καὶ
455 4447 558 4516 τὴν
595 4446 766 4516 ἀλλην
805 4447 1021 4500 ἃπασαν
1061 4447 1154 4500 τοῦ
1198 4447 1356 4516 λόγου
1399 4449 1655 4518 σπουδήν.
1701 4449 1792 4502 Διὸ
1825 4450 1918 4502 καὶ

2027 4462 2156 4512 tem,
2193 4464 2298 4504 non
2332 4448 2736 4520 perspicuitatis
2765 4447 2924 4500 modo
2961 4446 3159 4501 factam
3199 4463 3370 4517 spem,
3409 4464 3599 4502 verum

337 4540 551 4609 χαρίεις
583 4538 651 4592 ἂν
673 4539 848 4603 ἄλλως
879 4541 909 4592 ὁ
937 4537 1093 4605 λόγος
1123 4535 1262 4592 εἶναι
1297 4539 1614 4610 δυνάμενος,
1659 4541 1756 4611 τὴν
1788 4542 1918 4613 ὅσην

338 4629 404 4681 ἂν
446 4629 681 4692 δυνατὸς
707 4625 777 4700 ἦν
816 4631 1235 4700 κεκολασμένων
1291 4629 1494 4683 τούτων
1537 4631 1697 4701 χάριν
1735 4648 1919 4702 παρα-

337 4725 488 4791 σχεῖν
520 4727 640 4786 τοϊς
667 4723 978 4794 εἰρημένοις
1005 4723 1301 4795 ἀφῄρηται.
1336 4725 1445 4777 Καὶ
1474 4725 1530 4776 al
1558 4725 1839 4794 περιϐολαί
1860 4723 1918 4778 δέ

338 4815 455 4868 οὔτι
484 4833 550 4884 γε
580 4816 834 4886 δριμείας
853 4815 1111 4880 διανοίας,
1137 4814 1262 4888 [215
1284 4814 1374 4886 ιι]
1403 4816 1512 4868 οὐδ’
1545 4817 1916 4885 ἐπαφρόδιτοι,

337 4908 462 4960 οὐδὲ
491 4908 555 4962 τὸ
586 4907 787 4980 γοργὸν
820 4909 1238 4979 ὑποτρέχουσαι,
1279 4901 1368 4971 αἷς
1401 4908 1466 4960 ἄν
1491 4925 1576 4972 τις
1613 4911 1755 4963 κατὰ
1791 4911 1918 4981 τρό-

339 5018 441 5053 πον
473 5003 575 5054 καὶ
601 5001 1029 5065 καλλωπίσαιτο,
1069 4999 1206 5057 ἀλλὰ
1239 5001 1446 5054 τούτων
1481 5002 1546 5072 δή
1573 5002 1682 5055 τῶν
1725 5003 1919 5056 κοινῶν

339 5094 434 5146 καὶ
465 5093 812 5146 ἐπιπολαίων
839 5094 932 5148 καὶ
955 5093 1075 5146 οὐδὲ
1101 5094 1162 5146 τὸ
1185 5095 1482 5161 ἀναγκαῖον
1503 5097 1570 5165 τῇ
1600 5095 1796 5166 χρήσει
1828 5098 1920 5149 καὶ

338 5188 457 5248 ταῖς
489 5185 884 5256 περιστάσεσιν
908 5186 1319 5254 ἀναφαινόντων
1343 5186 1386 5216 ⁶²
1418 5186 1795 5256 βλαστήματα.
1839 5187 1922 5241 Τὰ

334 5280 394 5333 δὲ
433 5283 702 5351 σχήματα
734 5281 783 5332 εί
821 5280 896 5350 μὴ
922 5279 1062 5333 κατὰ
1096 5280 1159 5334 τὸ
1197 5281 1492 5345 πλεονάζον
1530 5283 1623 5334 ἐπὶ
1657 5283 1922 5350 μήκιστον

338 5373 460 5434 ταῖς
507 5370 788 5439 περιόδοις
829 5369 1144 5438 ἐξετείνετο,
1187 5369 1298 5424 οὒτ’
1331 5371 1404 5424 ἂν
1449 5371 1590 5425 αὐτὰ
1625 5373 1686 5423 τὸ
1876 5373 1920 5405 ⁸³

2023 4544 2188 4598 etiam
2233 4557 2396 4597 omne
2438 4542 2658 4594 onmino
2704 4541 2757 4593 in
2789 4541 3038 4594 oratione
3084 4541 3318 4608 positum
3361 4542 3596 4596 studium

2025 4635 2300 4688 obscurat.
2337 4634 2517 4701 Quare
2560 4648 2682 4686 cum
2725 4631 2962 4702 jucunda
3005 4641 3193 4698 posset
3233 4631 3371 4686 alias
3422 4633 3598 4687 oratio

2025 4741 2168 4788 esse,
2213 4727 2358 4779 omni
2401 4725 2485 4778 illa
2519 4725 2710 4792 gratia,
2754 4737 2916 4792 quam
2972 4722 3054 4776 his
3107 4723 3358 4792 expolitis
3401 4723 3600 4778 habere

2025 4825 2260 4887 poterat,
2292 4830 2387 4883 per
2425 4829 2488 4866 ea
2519 4828 2640 4882 qua:
2681 4814 2913 4866 diximus
2950 4811 3182 4882 spoliata
3217 4824 3319 4868 est.
3351 4812 3599 4868 Circum-

2027 4908 2306 4961 ductiones
2339 4905 2546 4968 adhaec,
2581 4918 2757 4972 neque
2791 4904 3057 4958 acriorem
3096 4919 3315 4960 sensum
3346 4905 3597 4974 aliquem,

2028 5013 2205 5068 neque
2246 5006 2610 5062 venustatem,
2669 5009 2843 5064 neque
2895 4996 3238 5052 velocitatem
3294 4999 3377 5053 vel
3427 4998 3602 5052 obiter

2024 5090 2328 5158 attingunt;
2353 5086 2549 5157 quibus
2581 5096 2760 5139 tamen
2787 5087 2947 5140 rebus
2979 5101 3084 5140 non
3115 5085 3296 5155 inepte
3328 5085 3599 5155 quispiam

2024 5181 2330 5251 glorietur:
2359 5192 2546 5232 verum
2577 5177 2944 5232 communium
2991 5177 3181 5232 horum
3217 5186 3380 5244 atque
3405 5176 3601 5230 levium

2023 5280 2467 5327 ornamentorum
2503 5285 2569 5325 ne
2596 5284 2657 5325 ea
2681 5270 2894 5338 quidem
2925 5269 3010 5323 hic
3049 5280 3312 5338 apparent
3335 5268 3600 5336 germina,

2023 5379 2143 5434 qua:
2164 5367 2230 5418 ad
2256 5363 2619 5418 necessarium
2645 5377 2801 5417 usum
2824 5370 2987 5430 atque
3019 5359 3456 5415 circumstantias
3477 5374 3600 5428 per-

1625 5527 1865 5584 VARle
1905 5525 2308 5585 LECTIONES.

408 5646 456 5676 ⁸⁸
496 5645 729 5719 καινῶν]
767 5649 946 5715 aptius
991 5649 1208 5704 videtur
1245 5649 1435 5704 κενῶν.

345 5715 508 5790 μένου
543 5726 601 5769 et
643 5713 730 5790 28,
763 5713 953 5788 ἐξῆρεν
978 5721 1219 5789 Scaliger
1253 5739 1264 5773 :
1304 5722 1427 5773 libri
1464 5713 1797 5789 ἐξῃρημένου
1827 5751 1895 5761 -
1925 5718 2128 5790 ἐξῄρει.
2209 5718 2253 5748 ⁶⁰
2283 5717 2356 5788 μὴ
2385 5715 2496 5786 ὅτιι
2524 5717 2631 5770 imo
2664 5714 2738 5784 μή
2772 5713 2841 5767 τί.

1532 5651 1578 5681 ⁵⁸
1603 5649 1852 5718 φαίνεται
1883 5649 2009 5702 add.
2041 5652 2104 5704 A.

2722 5643 2769 5675 ⁸⁸
2794 5638 3182 5695 ἀποκαθιστῶν
3227 5657 3288 5705 ς,
3365 5641 3412 5672 ⁸9
3445 5637 3603 5708 ἐξηρ-

2920 5712 2961 5742 ⁸⁸
2988 5709 3094 5765 τῶν
3125 5709 3321 5776 λέξεων
3354 5711 3508 5781 μέρει
3539 5725 3601 5772 ς.

2229 5647 2272 5678 ³⁷
2302 5662 2362 5698 τε
2388 5643 2510 5699 add.
2550 5644 2612 5699 A.

344 5787 386 5814 ι’
416 5787 899 5854 αποφαινόντωνλ
934 5808 945 5846 :
987 5787 1371 5859 ἀποφαίνονται
1399 5807 1457 5854 ς.
1532 5787 1578 5823 δ’
1708 5801 1832 5846 ante
1863 5787 2140 5846 acati—um.
2161 5791 2224 5842 Α.
