3932 6240
336 238 434 303 531

1474 240 1737 302 PHOTlI
1775 242 2284 304 l’ATRIARCH/E
2320 242 2430 303 ΟΡ.

3481 234 3586 301 532

341 345 715 403 tineant.Jam
765 348 969 419 figura,
1010 349 1114 405 nisi
1162 348 1479 420 longissime
1530 367 1670 406 cum.
1702 351 1909 408 redun-

2014 351 2152 405 κατὰ
2184 351 2247 405 τὸ
2287 351 2488 422 μᾶλλον
2529 349 2922 421 μεγεθύνεσθαι
2950 349 3074 405 οὔτε
3102 349 3165 403 τὸ
3199 348 3274 421 μὴ
3305 349 3368 404 τό
3405 350 3587 403 ποικί-

338 439 527 495 dantia
570 454 670 509 per
713 442 948 497 ambitus
999 441 1448 509 extenderentur,
1491 458 1768 513 nunquam
1816 459 1911 500 eas

336 532 484 586 vires
524 532 810 600 baberent,
845 533 1040 603 quibus
1087 544 1118 586 a
1163 533 1340 588 medio
1381 534 1747 605 decorumque
1789 550 1909 591 ser-

338 634 502 681 vante
542 635 970 696 temperamento
1010 626 1365 682 abducerent.
1404 625 1751 683 Vehementia
1780 630 1909 684 item

336 726 502 785 atque
545 718 824 772 amarities
857 718 1068 774 abunde
1120 718 1208 773 his
1251 719 1389 773 inest
1433 719 1651 790 scriptis
1689 736 1910 790 :quan-

336 822 501 875 quam
531 818 587 862 et
613 807 698 862 illa
746 823 1119 877 saepenumero
1158 809 1486 881 languescit,
1520 827 1624 866 non
1659 812 1911 868 mistione

338 914 402 952 ac
437 909 864 969 temperamento
887 900 1154 970 idearum,
1176 904 1317 974 quod
1351 903 1492 958 foret
1510 904 1794 974 optimum,
1815 906 1910 960 sed

337 990 640 1045 defectione
683 992 979 1048 dictionum
1024 1002 1080 1047 et
1134 1010 1321 1049 earum
1366 997 1595 1065 partium
1640 1012 1761 1066 qua:
1789 1012 1907 1052 eam

336 1081 446 1134 vim
498 1082 721 1149 habent,
780 1093 838 1138 ut
888 1084 1127 1155 pbrasim
1175 1085 1528 1141 valentiorem
1575 1087 1807 1143 reddant
1844 1103 1911 1144 ac

339 1170 727 1239 turgidiorem;
765 1174 908 1242 quod
944 1174 1129 1229 multis
1160 1174 1401 1244 quidem,
1429 1174 1696 1243 ejusmodi
1743 1191 1905 1245 pecu-

337 1261 526 1317 liarem
581 1264 817 1332 aliquam
864 1266 1120 1335 loquendi
1170 1264 1400 1321 formam
1448 1268 1909 1332 consectantibus,

336 1354 604 1425 contingit
650 1373 666 1410 :
715 1372 819 1409 non
875 1367 1051 1411 tamen
1088 1359 1361 1412 hoc-cunt
1413 1357 1571 1411 laude
1610 1358 1676 1412 iis
1716 1358 1908 1412 saltem

336 1448 540 1512 evenit,
580 1448 673 1516 qui
720 1448 987 1502 sustinere
1030 1463 1193 1517 supra
1227 1448 1374 1503 vires
1420 1458 1726 1519 susceptum
1770 1464 1910 1505 onus

339 1551 447 1591 non
473 1546 783 1607 potuerunt.
804 1536 918 1592 Hoc
949 1538 1113 1608 igitur
1133 1547 1271 1602 esto,
1293 1550 1354 1593 ut
1373 1538 1693 1608 simpliciter
1712 1539 1906 1605 dicam,

338 1630 406 1683 de
431 1629 550 1699 ejus
583 1630 818 1685 dictione
851 1630 1115 1699 judicium
1149 1647 1164 1684 :
1201 1645 1324 1684 nam
1374 1630 1427 1684 in
1481 1646 1581 1695 eo,
1616 1630 1705 1699 qui
1744 1630 1909 1684 vitam

2011 439 2102 493 λον
2125 441 2173 472 ⁸⁵
2214 440 2624 509 ἀπενέγκασθαι
2678 441 2778 493 οὐκ
2826 440 2893 494 ἂν
2940 440 3080 494 αὐτὰ
3124 440 3226 510 τῆς
3267 438 3587 511 συμμέτρου

2010 530 2266 602 κράσεως
2310 530 2409 584 καὶ
2452 529 2515 583 τὸ
2558 530 2769 600 πρέπον
2821 529 3053 602 ἐχούσης
3096 531 3250 600 ἰσχὺν
3289 523 3436 600 εἶχεν
3477 530 3588 583 άπ-

2010 623 2190 691 ἁγειν.
2231 621 2305 675 Τὸ
2331 621 2513 692 μέντοι
2541 620 2759 676 εὔτονον
2784 621 2831 655 ⁸⁸
2863 623 2961 675 καὶ
2983 621 3184 692 πικρὸν
3228 619 3476 691 περίεστι
3508 619 3588 691 τῷ

2010 713 2173 784 λόγῳ·
2203 713 2339 768 ἀλλὰ
2384 714 2478 767 καὶ
2514 712 2674 766 τοῦτο
2717 711 2980 778 πολλάκις
3027 711 3303 776 ἐκλύεται,
3339 712 3400 766 ού
3442 710 3590 783 μίξει

2010 807 2105 860 καὶ
2134 807 2327 877 κράσει
2352 806 2462 859 τῶν
2507 805 2683 868 ἰδεῶν,
2730 806 2868 877 ὅπερ
2898 803 3144 876 ἄριστον,
3174 803 3292 857 ἀλλ’
3322 803 3589 875 ἐπιλείψει

2010 897 2478 968 καταϐιαζόμενον
2512 897 2558 931 ⁸⁸
2611 897 2720 951 τῶν
2756 898 3040 952 τεινόντων
3084 896 3182 968 τὴν
3246 896 3450 970 φράσιν
3492 896 3590 950 καὶ

2009 986 2368 1056 διογκούντων
2404 985 2609 1053 λέξεών
2648 1003 2710 1038 τε
2750 985 2846 1040 καὶ⁵
2884 985 2993 1039 τῶν
3038 984 3214 1038 ἄλλων
3263 982 3451 1054 μερῶν
3488 982 3591 1051 τῆς

2009 1079 2263 1150 τοιαύτης
2297 1078 2499 1149 ἰσχύος·
2542 1076 2671 1149 [412
2699 1076 2797 1151 R.]
2825 1076 2855 1130 ὂ
2881 1077 3097 1141 πολλοῖς
3133 1076 3233 1147 μὲν
3253 1077 3364 1128 τῶν
3392 1091 3457 1143 γε
3486 1072 3591 1145 τὴν

2008 1170 2266 1241 τοιαύτην
2323 1169 2653 1241 ίδιοτροπίαν
2704 1168 3200 1240 ὲπιτετηδευκότων
3254 1167 3480 1237 συνέϐη,
3524 1167 3589 1219 οὐ

2013 1263 2120 1335 μὴν
2151 1262 2287 1333 πρὸς
2326 1263 2553 1316 ἐπαίνου
2596 1277 2659 1328 γε
2680 1263 2794 1325 τοῖς
2833 1261 2908 1331 μὴ
2933 1259 3291 1315 διασεσωκόσι
3330 1259 3423 1312 τὸν
3446 1258 3593 1328 ὑπὲρ

2014 1356 2168 1426 ἰσχὺν
2191 1356 2428 1427 ἠρμένον
2471 1356 2670 1426 φόρτον
2707 1354 3017 1408 ἀποϐαίνει.
3076 1352 3238 1405 Ἀλλὰ
3274 1350 3446 1405 ταῦτα
3488 1353 3591 1420 μὲν

2010 1449 2192 1519 κρίσις
2209 1450 2278 1514 ⁸⁷,
2301 1449 2376 1512 ὡς
2400 1450 2575 1503 εἰπεῖν
2600 1447 2788 1511 ἁπλῶς
2813 1463 2878 1515 γε
2902 1446 3082 1515 λόγου·
3109 1442 3206 1498 τοῦ
3231 1443 3289 1497 δὲ
3319 1441 3431 1513 βίον
3456 1443 3591 1513 γρά-

2011 1557 2204 1610 φοντος
2234 1542 2375 1613 τάχα
2412 1542 2481 1595 ἂν
2521 1541 2608 1611 εἴη
2652 1540 2749 1595 καὶ
2781 1539 2947 1611 ἕτερα
2980 1537 3224 1591 πλείονα.
3252 1536 3319 1590 Τί
3350 1536 3460 1606 γὰρ
3491 1534 3592 1588 αὒ-

2010 1630 2089 1702 τῷ
2125 1632 2308 1703 δεήσει
2344 1634 2527 1705 μορφὴ
2574 1622 2664 1687 διὰ
2699 1631 2965 1704 μεγέθους
3003 1631 3245 1701 ἤκουσας
3291 1627 3591 1699 νομοθέτου

338 1720 658 1786 conscribit,
705 1720 907 1777 fuerint
969 1732 1025 1777 et
1079 1722 1184 1777 alia
1243 1723 1473 1778 fortasse
1517 1724 1668 1793 plura
1718 1725 1909 1779 adver-

2014 1724 2122 1796 γάρ
2148 1725 2249 1780 καὶ
2279 1725 2710 1797 προστάττοντος
2735 1723 2895 1778 τοῦτο
2920 1723 3099 1791 λόγου.
3129 1722 3195 1775 Τί
3223 1722 3281 1775 δὲ
3312 1721 3465 1785 τόνος
3494 1721 3593 1775 καὶ

336 1811 524 1866 tenda.
567 1810 706 1877 Quid
754 1812 899 1867 enim
945 1827 1080 1882 opus
1130 1814 1232 1883 ipsi
1286 1822 1405 1868 erat
1455 1815 1777 1883 granditatis
1829 1817 1905 1870 uti

2014 1817 2277 1890 περιϐολὴ
2298 1818 2538 1889 τοσαύτη
2566 1819 2661 1873 καὶ
2689 1818 2789 1889 τῆς
2809 1816 3085 1888 συνθήκης
3107 1815 3168 1870 τὸ
3192 1814 3387 1887 iniice;
3425 1814 3595 1869 Ἀλλὰ

335 1902 555 1957 forma?
582 1903 909 1974 legislatoris
955 1905 1101 1960 enim
1144 1920 1207 1960 ac
1244 1907 1641 1974 praescribentis
1674 1908 1905 1963 orationi

2014 1909 2191 1965 ταῦτα
2221 1911 2320 1982 μὲν
2349 1912 2443 1965 ἐπὶ
2470 1912 2745 1965 τοσοῦτον.

337 2000 445 2057 hoc
486 2001 781 2071 proprium.
830 2001 968 2070 Quid
1014 2001 1138 2058 dein
1189 2001 1504 2074 contentio,|
1542 2011 1801 2073 tantaque
1865 2004 2297 2073 circumductio,
2344 2015 2401 2063 et
2448 2004 2866 2076 compositionis
2916 2005 3174 2060 inusitata
3260 2000 3442 2059 ratio?
3482 2000 3593 2058 Sed

337 2093 455 2149 haec
484 2094 764 2149 hactenus.
858 2136 867 2149 κ

412 2185 727 2242 Damascius
750 2194 928 2241 autem
963 2186 1015 2241 in
1047 2186 1262 2242 dicendi
1291 2197 1406 2242 arte
1433 2197 1541 2243 tres
1569 2190 1713 2258 ipsos
1742 2204 1909 2244 annos

2093 2190 2153 2243 '0
2181 2191 2238 2244 δὲ
2270 2190 2585 2262 Δαμάσκιος
2609 2191 2710 2261 τήν
2741 2206 2802 2244 τε
2826 2187 3225 2261 ρητορεύουσαν
3249 2187 3449 2257 τέχνην
3482 2184 3591 2237 ὑπὸ

340 2275 545 2333 Theoui
573 2292 791 2346 operam
824 2276 992 2344 dedit,
1023 2277 1350 2348 praefuitqne
1388 2279 1668 2348 rhetoricis
1698 2283 1909 2336 exerci-

2014 2284 2179 2337 Θέωνι
2215 2284 2342 2354 τρία
2373 2283 2467 2354 ἐτη
2499 2282 2597 2336 ὅλα
2630 2280 2945 2352 διεπόνησε,
2973 2280 3068 2334 καὶ
3101 2278 3345 2354 προῦστη
3374 2278 3589 2346 διατρισ-

339 2367 639 2424 tationibus
676 2381 847 2422 annos
890 2366 1004 2422 fere
1042 2382 1260 2423 novem.
1291 2367 1615 2423 Geometriaa
1646 2379 1701 2424 et
1737 2370 1909 2425 arith-

2014 2375 2119 2428 ϐῶν
2150 2374 2454 2447 ῥητορικῶν
2483 2375 2577 2428 ἐπὶ
2606 2373 2705 2443 ἔτη
2747 2373 2814 2437 θ’,
2847 2373 3190 2445 γεωμετρίας
3228 2368 3284 2427 δὲ
3322 2371 3417 2427 καὶ
3462 2371 3589 2443 ἀρι-

346 2460 556 2513 inetica:
613 2458 807 2528 127a
870 2466 1306 2527 caeterarutuque
1367 2462 1567 2514 artium
1630 2463 1908 2517 doctorem

2014 2466 2282 2537 θμητικῆς
2319 2467 2411 2519 καὶ
2452 2466 2561 2519 τῶν
2606 2464 2785 2519 ἄλλων
2834 2464 3172 2535 μαθημάτων
3212 2467 3452 2535 Μαρῖνον
3491 2463 3589 2516 τὸν

338 2552 529 2606 habuit
570 2551 834 2606 Marinum
869 2551 981 2623 (27)
1013 2551 1240 2606 Athenis
1287 2550 1461 2607 Procli
1511 2567 1907 2609 successorem.

332 2644 394 2698 In
424 2644 814 2714 philosophicis
844 2643 1164 2714 disciplinis,
1208 2643 1491 2701 Zenodoro
1522 2646 1751 2700 Athenis
1783 2662 1911 2703 usus

335 2745 421 2793 est
450 2737 729 2808 magistro,
759 2737 848 2806 qui
873 2753 928 2791 et.
958 2738 1076 2806 ipse
1109 2748 1235 2806 post
1268 2738 1531 2793 Marinum
1566 2738 1754 2793 Proclo
1786 2755 1905 2796 suov

336 2831 534 2895 cessit;
589 2830 879 2884 Aunnonio
934 2844 1063 2885 vero
1118 2829 1348 2886 Hermia:
1381 2831 1492 2885 lilio
1526 2831 1638 2902 (‘28)
1681 2833 1914 2886 Alexan-

335 2928 488 2994 driae,
520 2942 681 2997 quem
711 2943 817 2981 non
854 2942 1040 2997 parum
1073 2928 1285 2983 caeteris
1310 2943 1421 2983 sua:
1452 2929 1629 2983 aetatis
1678 2930 1914 2999 philoso-

2011 2559 2254 2630 διάδοχον
2282 2558 2529 2630 Πρόκλου
2557 2558 2616 2611 ἐν
2661 2556 2915 2628 Ἀθήναις
2950 2556 3077 2627 ἔσχε
3103 2556 3440 2612 διδάσκαλον.
3471 2557 3592 2627 Τῆς

2013 2650 2071 2704 δὲ
2095 2649 2384 2718 φιλοσόφου
2415 2649 2649 2714 θεωρίας
2678 2649 2707 2701 ὅ
2743 2665 2803 2701 τε
2844 2647 3137 2715 Ζηνόδοτος
3171 2647 3321 2718 αὐτῷ
3348 2647 3591 2717 καθηγε-

2018 2742 2135 2814 μὼν
2181 2742 2440 2815 Ἀθήνῃσι
2480 2742 2576 2795 καὶ
2611 2741 2774 2805 αὐτὸς
2817 2741 3060 2809 ἐγεγόνει
3099 2740 3362 2810 (διάδοχος
3390 2739 3451 2793 δὲ
3488 2740 3592 2793 καὶ

1968 2850 1973 2859 ’
2014 2830 2167 2899 οὗτος
2221 2835 2490 2905 Πρόκλου,
2539 2834 2605 2886 τὰ
2647 2832 2875 2902 δεύτερα
2921 2832 3170 2905 Μαρίνου
3223 2832 3452 2901 φέρων),
3492 2833 3592 2885 καὶ

2029 2926 2337 2998 Ἀμμώνιος
2369 2927 2428 2979 ὲν
2469 2925 2847 2997 Ἀλεξανδρείᾳ
2873 2927 2901 2979 ὁ
2931 2925 3210 2996 Ἑρμείου,
3234 2924 3294 2977 ὃν
3314 2925 3376 2977 ού
3405 2922 3593 2995 μικρῷ

334 3018 460 3088 phis
478 3019 806 3074 antecellere
830 3019 1041 3086 scribit,
1063 3030 1120 3074 et
1143 3021 1374 3074 maxime
1402 3022 1454 3074 in
1487 3020 1906 3075 mathematicis.

2016 3019 2200 3090 μέτρῳ
2218 3016 2326 3072 τῶν
2350 3016 2473 3070 καθ’
2494 3016 2687 3071 ἑαυτὸν
2703 3017 2797 3069 ἐπὶ
2820 3015 3108 3087 φιλοσοφίᾳ
3133 3014 3265 3085 φησὶ
3282 3014 3588 3086 διαφέρειν,

335 3108 509 3178 Hujus
543 3110 596 3165 in
624 3109 915 3166 Platonicis
951 3126 1010 3166 se
1047 3112 1350 3167 auditorem
1391 3112 1559 3167 fuisse
1593 3110 1911 3166 Damascius

332 3200 544 3267 scribit,
598 3212 658 3257 ut
709 3212 766 3257 et
820 3199 1098 3259 Ptolemaai
1154 3218 1366 3274 magna:
1416 3203 1910 3258 astronomicorum

333 3304 645 3368 syntaxeos.
686 3295 986 3351 Dialecticte
1026 3303 1205 3349 tamen
1251 3295 1660 3350 exercitationis
1678 3293 1911 3365 vimzusu

336 3402 400 3443 se
445 3402 511 3443 ac
554 3386 926 3443 familiaritate
967 3385 1157 3443 lsidori
1203 3395 1555 3441 consecutum
1607 3385 1907 3450 contendit,

333 3496 494 3551 quem
538 3489 594 3535 et
647 3481 701 3534 in
744 3480 845 3536 hac
899 3481 1013 3549 ipsa
1063 3479 1363 3535 disserendi
1417 3476 1675 3532 facultate
1719 3491 1911 3532 omnes

334 3581 599 3644 quotquot
621 3572 750 3627 illud
778 3572 1034 3627 saeculum
1064 3571 1211 3637 tulit,
1231 3573 1421 3628 doctos
1446 3571 1697 3627 homines
1716 3568 1911 3625 obscu-

331 3677 488 3719 rasse
515 3672 923 3719 commemorat.

966 3837 1271 3895 CLXXXII.

339 3929 407 3986 B.
446 3930 681 4001 Eulogii,
727 3930 1034 4054 archiepisc.
1069 3931 1451 4054 λῗξτιξαηάνίηί,
1487 3930 1686 3988 Contra
1724 3932 1910 3990 Nava-

972 4018 1058 4054 um
1104 4020 1117 4054 ι
1158 4018 1202 4053 η
1227 4018 1301 4054 vr.

972 4018 1058 4055 um
1082 4018 1202 4054 mm
1227 4018 1301 4058 Vl.

403 4098 559 4155 Lecti
606 4107 732 4153 sunt
777 4097 839 4152 B.
871 4098 1082 4168 Eulogii
1126 4098 1480 4154 Alexandrini
1512 4100 1908 4172 archiepiscopi

2014 3113 2110 3166 καὶ
2134 3111 2371 3181 μάλιστα
2402 3111 2518 3173 τοῖς
2545 3110 2853 3181 μαθήμασι.
2887 3108 3088 3163 Τοῦτον
3117 3109 3211 3161 καὶ
3232 3107 3338 3160 τῶν
3358 3108 3591 3161 Πλατω-

2013 3204 2179 3258 νικῶν
2202 3202 2478 3274 ἐξηγητὴν
2503 3201 2652 3272 αύτῷ
2671 3201 3000 3271 γεγενῆσθαι
3019 3198 3328 3271 Δαμάσκιος
3348 3199 3593 3268 ἀναγρά-

2012 3314 2126 3366 φει,
2167 3297 2264 3351 καὶ
2310 3299 2410 3367 τῆς
2454 3294 2761 3360 συντάξεως
2806 3293 2916 3347 τῶν
2948 3292 3358 3364 ἀστρονομικῶν
3387 3292 3591 3344 Πτολε-

2015 3385 2174 3455 μαίου
2220 3383 2460 3454 βιϐλίων.
2502 3384 2616 3451 Τῆς
2666 3383 2849 3451 μέντοι
2879 3381 3229 3451 διαλεκτικῆς
3272 3380 3470 3450 τριϐῆς
3491 3381 3594 3443 τὰς

2024 3474 2296 3546 Ἰσιδώρου
2322 3475 2610 3539 συνουσίας
2638 3474 2738 3547 τὴν
2764 3474 2917 3544 ἰσχὺν
2944 3472 3094 3543 αὐτῷ
3122 3472 3452 3526 διατείνεται
3481 3488 3591 3524 πα-

2015 3573 2255 3641 ρασχεῖν,
2298 3570 2358 3625 ὃν
2389 3572 2484 3625 καὶ
2517 3571 2610 3625 ἐπὶ
2653 3573 2719 3641 τῇ
2759 3569 2982 3641 τοιαύτῃ
3023 3569 3133 3622 τῶν
3160 3568 3333 3637 λόγων
3360 3566 3592 3637 δυνάμει

2012 3661 2222 3725 πάντας
2249 3660 2595 3729 ἀνθρώπους.
2625 3660 2784 3721 ὅσους
2807 3661 2837 3713 ό
2864 3658 2986 3713 κατ’
3018 3660 3237 3730 ἐκείνην
3264 3658 3366 3729 τὴν
3395 3657 3593 3726 γενεὰν

2010 3755 2211 3826 ἤνεγκε
2247 3754 2457 3825 χρόνος,
2491 3751 2914 3823 ἀποκρύψασθαι
2940 3768 3128 3822 φησιν.

2644 3843 2816 3897 ΡΠΒ’.

2012 3938 2333 4009 Εὐλογίου,
2375 3936 2852 4009 ἀρχιεπισξιόπου
2902 3934 3387 4009 Ἀλεξανδρείας,
3441 3934 3594 3989 κατὰ

2505 4006 2785 4061 Ναυάτου
2813 4009 2984 4076 λόγοι
3021 4006 3096 4071 ς’.

2094 4098 2431 4168 Ἀνεγνώσθη
2456 4098 2711 4167 Εὐλογίου
2739 4097 2835 4151 τοῦ
2868 4100 2926 4151 ὲν
2953 4097 3131 4167 ἁγίοις
3154 4096 3594 4169 ἀρχιεπισκόπου

334 4187 534 4245 Contra
560 4187 827 4244 Novatum
851 4190 963 4260 (29)
981 4198 1036 4244 et
1068 4189 1147 4244 De
1178 4191 1637 4247 administratione
1668 4193 1780 4264 (50)
1805 4191 1909 4265 [ec-

2023 4190 2427 4262 Ἀλεξανδρείας
2456 4190 2610 4244 κατὰ
2643 4189 2919 4244 Ναυάτου
2950 4191 3044 4243 καὶ
3076 4188 3210 4258 περὶ
3244 4190 3593 4259 οἰκονομίας

334 4279 652 4353 clesiauica]
698 4280 819 4335 libri
871 4282 1114 4352 quinque
1166 4282 1304 4353 (51).
1344 4281 1593 4338 Hominis
1634 4284 1800 4341 dictio
1841 4285 1909 4339 ad

2014 4285 2179 4354 λόγοι
2215 4288 2278 4337 ε’.
2310 4284 2464 4335 Ἐστι
2488 4282 2588 4353 τὴν
2610 4282 2811 4353 φράσιν
2842 4284 2870 4335 ὁ
2898 4282 3059 4352 ἀνὴρ,
3093 4284 3196 4335 ὅσα
3226 4281 3326 4353 μὲν
3357 4284 3442 4345 είς
3497 4282 3592 4335 λέ-

330 4372 496 4428 verba
530 4372 673 4442 quod
704 4374 932 4438 attinet,
964 4371 1079 4428 fere
1121 4374 1474 4429 mediocriter
1499 4385 1584 4431 est
1607 4385 1862 4431 accurata
1888 4393 1904 4431 :

2014 4375 2094 4440 ξιν
2129 4376 2273 4446 ἥκει,
2309 4373 2405 4428 τοῦ
2442 4374 2666 4446 μετρίου
2694 4390 2814 4439 πως
2868 4374 2956 4426 ἐπ’
3007 4373 3227 4428 ἔλαττον
3282 4373 3594 4445 ἠκριϐωμέ-

329 4479 518 4520 verum
552 4467 958 4522 constructione
996 4483 1103 4523 non
1143 4467 1329 4536 procul
1359 4483 1503 4538 saepe
1532 4484 1560 4522 a
1595 4468 1906 4525 soloecismo

2014 4485 2124 4532 νος,
2155 4469 2255 4522 ὅσα
2279 4468 2336 4522 δὲ
2373 4468 2453 4531 είς
2475 4465 2778 4532 συντάξεις,
2797 4467 2966 4536 ἐγγὺς
2996 4467 3255 4528 πολλάκις
3282 4465 3395 4520 τῶν
3422 4466 3592 4520 σολοι-

330 4556 590 4612 abscedit.
629 4542 945 4611 Divinarum
980 4557 1169 4613 adbtec
1214 4556 1613 4626 Scripturarum
1666 4575 1771 4615 non
1819 4572 1906 4616 est

2014 4558 2278 4623 κιζόντων
2311 4558 2639 4630 ἀφιγμένος,
2685 4559 2794 4612 τῶν
2827 4558 2886 4612 δὲ
2918 4558 3079 4612 θείων
3106 4558 3206 4612 οὐκ
3254 4557 3593 4629 ἀμελέτητος

330 4647 636 4718 imperitus,
671 4662 901 4719 quarum
935 4650 1245 4705 testimonia
1271 4648 1503 4706 feliciter
1537 4660 1700 4721 atque
1738 4668 1906 4723 appo—

2014 4650 2268 4721 Γραφῶν,
2299 4650 2434 4704 ἀλλὰ
2479 4651 2574 4705 καὶ
2602 4648 2874 4722 εὐστόχως
2903 4649 3097 4713 αὑταῖς
3124 4650 3268 4704 κατά
3293 4666 3354 4704 τε
3375 4649 3421 4682 ⁸⁸
3443 4650 3598 4705 Ναυε

1602 4767 1837 4824 VARIAE
1874 4766 2281 4824 LECTIONES.

1838 4859 1884 4891 “
1904 4859 2045 4913 κατὰ
2077 4859 2138 4912 τὸ
2180 4858 2498 4928 βιαζόμενον
2527 4874 2590 4921 ς’.

1843 4974 2074 5032 ΝΟΤιΕ.

400 5071 513 5142 (27)
549 5068 714 5139 Cujus
758 5070 990 5142 libellus
1033 5071 1106 5126 De
1151 5068 1328 5125 Procli
1380 5069 1642 5124 Diadochi
1702 5072 1808 5126 vita
1847 5073 1903 5126 in
2012 5072 2329 5140 cepbornm,
2359 5072 2487 5127 item
2519 5070 2726 5142 Callist.
2755 5066 2985 5142 etSttid.

328 5129 582 5198 manibus
610 5129 724 5207 est;
757 5140 1065 5213 legeSuid.
1098 5211 1109 5213 7
1430 5212 1439 5213 7
1794 5212 1801 5213 7
2048 5212 2051 5213 7
2078 5129 2196 5212 '(50)
2228 5129 2364 5213 Περὶ
2399 5141 2746 5213 οἰκονομίας..
2769 5139 3014 5213 Intelligo
3039 5140 3362 5213 potestatein
3398 5129 3589 5213 Eccle-

398 5213 513 5283 (28)
544 5214 622 5267 Ad
650 5202 1058 5283 distinctionem
1096 5211 1262 5283 hujus
1293 5214 1360 5268 ab
1394 5212 1567 5267 altero
1598 5212 1907 5282 antiquiore
2012 5202 2107 5267 site
2150 5202 2201 5266 in
2249 5202 2595 5283 recipiendis
2617 5210 2802 5279 lapsis.
2852 5209 2928 5262 De
2952 5202 3256 5275 ὀἰκονομίᾳ
3292 5203 3440 5257 idem
3490 5202 3586 5256 inf.

328 5281 619 5357 Ammonio
640 5282 831 5357 Sacca.
867 5285 935 5338 de
956 5298 1072 5357 7quo
1106 5281 1324 5357 S7ui7das.
1433 5352 1446 5357 7
1532 5350 1578 5357 __
1734 5281 1746 5282 ί
2014 5281 2633 5357 quo_q_ne_cod._7227._y
2880 5346 2897 5357 7
2925 5347 2939 5357 _
3060 5345 3074 5357 7
3198 5344 3210 5357 _

403 5352 514 5423 (9.9)
556 5340 913 5407 Novatian'um
956 5340 1102 5407 h'unc
1132 5353 1323 5416 fuisse,
1355 5352 1447 5407 sed
1475 5368 1504 5405 a
1531 5350 1740 5423 Novato
1771 5368 1907 5421 quo-
2088 5340 2200 5423 (5i)
2233 5351 2309 5407 De
2335 5352 2531 5421 quibus
2555 5340 2772 5413 iterum,
2803 5346 2897 5402 sed
2925 5345 3166 5423 brevius,
3198 5340 3586 5423 in7f.cod.2l8.

330 5415 451 5494 dam
481 5415 575 5479 7B.
618 5422 876 5493 Cypriani
935 5424 1114 5493 presh.
1191 5425 1471 5479 seductum
1520 5422 1669 5494 (qua;
1703 5415 1907 5479 Griecis
2015 5415 2219 5494 Eoi-um
2273 5415 2438 5491 porro
2473 5428 2752 5494 excerpta,
2788 5433 2907 5488 qua:
2939 5415 3166 5494 quidem
3200 5416 3276 5494 ad7
3308 5428 3588 5494 sacrarunt

330 5482 1043 5562 forte7ansa'confutidéndi
1077 5494 1269 5549 borum
1319 5482 1797 5562 nomina)',7disces
1840 5508 1907 5548 ex
2016 5482 2420 5562 Scripturarum
2472 5482 2881 5562 expositionem
2934 5482 3210 5562 facerent,
3261 5483 3449 5562 habes
3492 5482 3584 5562 inf.

330 5561 436 5637 ΒΒἶ
467 5560 727 5637 cornelii,
772 5562 1283 5637 Clpr.7Hieron.7et
1318 5554 1905 5637 aliorum'lﬁtinornm
2015 5554 2709 5637 cod._'250.Sextus_autem
2733 5559 2824 5637 qui
2852 5557 3007 5637 [ictas
3035 5555 3105 5611 de
3128 5554 3342 5637 Navatu
3378 5554 3588 5637 fabulas

330 5579 434 5615 In).
467 5579 726 5625 bornelll,
772 5579 812 5618 υ
854 5579 935 5632 ρι’.
977 5579 1198 5621 nteron.
1230 5579 1283 5618 Pl.
1318 5579 1546 5616 altorum
1586 5579 1905 5617 Latinorum
2015 5579 2137 5615 (ΞΟΠ.
2162 5579 2288 5616 που.
2304 5579 2504 5617 Dexius
2530 5579 2709 5615 autem
2733 5579 2824 5627 qu:
2852 5579 3007 5614 uetas
3035 5579 3105 5611 ιω
3128 5579 3342 5614 navath
3378 5579 3586 5608 lamnas

330 5632 573 5699 scriptis.
628 5631 766 5687 Vide
806 5579 1164 5701 lgpipbattium
1217 5634 1406 5687 haeresi
1455 5633 1521 5693 59
1555 5649 1569 5697 ;
1630 5630 1903 5688 Tbeodor.
2014 5633 2281 5700 confutat,
2307 5639 2494 5689 contra
2513 5632 2659 5704 ipsos
2684 5628 2863 5700 potius
2893 5629 3009 5701 ejus
3036 5635 3335 5686 sectatores
3352 5625 3586 5695 scriptus

334 5698 538 5755 eret.
578 5699 688 5769 [οὐ.
733 5701 825 5758 lib.
858 5717 942 5769 ιιι,
975 5710 1031 5758 ει
1056 5703 1249 5757 Annal.
1285 5718 1325 5757 ιι
1367 5702 1562 5759 Baron.
1608 5703 1783 5769 card.,
1819 5701 1908 5760 Μ-
2013 5701 2244 5758 videtur.

524 5738 538 5755 ο
578 5717 688 5769 ιω.
733 5717 825 5758 ΙΙΙ).
858 5717 942 5770 Ill,
975 5717 1031 5758 ει
1056 5717 1249 5757 mutat.
1285 5718 1325 5757 ιι
1367 5717 1562 5759 1531⁸01).
1608 5717 1783 5769 caru.,
1820 5717 1908 5760 's‘l‘

398 4856 449 4891 “
472 4856 753 4915 ποικίλλον
779 4858 846 4915 Α.
922 4856 970 4891 ⁸⁵
1003 4857 1213 4913 ἔντονον
1241 4877 1301 4924 ς.
1336 4858 1443 4911 τῶν
1467 4857 1643 4925 λόγων
1678 4876 1740 4924 ς.
1838 4859 1884 4891 ⁸⁸
1904 4859 2045 4913 κατὰ
2077 4859 2138 4912 τὸ
2180 4858 2498 4926 βιαζόμενον
2527 4874 2590 4921 ς.
2686 4855 2732 4888 ⁵⁷
2758 4853 2937 4926 κρίσιν
2964 4856 3030 4908 Α.
3108 4854 3153 4886 ⁸³
3182 4869 3241 4906 τε
3273 4852 3400 4908 add.
3429 4851 3496 4906 Α.

2013 5701 2244 5758 videtur.
