3932 6240
438 289 546 355 539

1536 289 1803 351 ΡΗΟΤΙΙ
1843 289 2352 351 PATRIARCH/E
2389 292 2500 354 CP.

3600 289 3710 353 540

435 404 679 463 venerit.
722 413 887 475 atque
936 405 1002 460 ad
1057 404 1214 460 Indos
1269 404 1596 470 accesserit,
1658 420 1888 476 quaeque
1940 404 2013 458 ibi

2136 405 2164 459 :’
2193 406 2310 459 ἐκεῖ
2335 404 2614 478 παράδοξα
2633 404 2727 459 καὶ
2746 403 2934 469 δεινῶς
2951 403 3125 459 ἄτοπα
3142 404 3276 460 ἄλλα
3293 421 3352 458 τε
3386 404 3481 457 καὶ
3508 403 3709 458 εἴδωλα

438 496 715 567 inopinata
775 505 831 551 et
873 495 1029 551 valde
1073 495 1330 560 absurda,
1361 511 1484 550 cum
1536 496 1669 561 alia,
1707 505 1818 550 tum
1852 495 2024 551 simu-

438 584 588 642 lacra
629 587 827 656 viderit
874 597 1041 658 atque
1083 586 1407 642 observarit.
1439 588 1603 643 Addit
1643 601 1722 654 se,
1758 602 1879 641 cum
1926 585 2024 640 tri-

439 681 701 736 cesimum
727 680 838 749 jam
870 680 1041 735 :elatis
1071 695 1271 734 annum
1301 682 1617 750 attingeret,
1644 679 1710 733 ad
1742 678 2023 733 Chaldaeos

438 771 679 835 venisse,
713 785 1014 839 eorumque
1053 770 1249 825 litteris
1291 771 1623 834 institutum,
1666 770 2021 839 astrologiam

438 871 695 917 accurate
737 862 1113 931 perdidicisse,
1164 878 1393 933 quaeque
1442 864 1545 916 alia
1596 864 1816 933 cognitu
1860 864 2021 931 digna

439 954 579 1024 apud
623 953 745 1009 illos
782 954 1127 1011 viderentur.
1171 952 1363 1009 Omnia
1416 956 1628 1009 tandem
1671 957 1783 1008 lucc
1823 954 2024 1007 vidisse

439 1042 699 1108 refutata,
727 1035 953 1113 quando
1004 1045 1172 1099 stulto
1222 1062 1318 1100 seu
1369 1046 1549 1115 potius
1599 1046 1797 1100 animis
1842 1045 2024 1114 perni—

440 1136 590 1192 cioso
619 1137 807 1192 labore
836 1138 986 1192 hisce
1018 1140 1227 1193 artibus
1262 1140 1529 1210 impenso,
1566 1156 1597 1194 a
1627 1139 1839 1195 Justina
1878 1154 2022 1193 mar-

442 1239 561 1300 tyre
594 1231 845 1299 repulsus
878 1242 984 1287 est.
1023 1232 1426 1289 Commemorat
1459 1234 1588 1289 item
1621 1233 1711 1289 hic
1737 1233 2020 1298 nonnulla,

440 1322 636 1388 quibus
691 1321 856 1376 alium
911 1339 973 1379 se
1029 1325 1144 1394 ipse
1203 1327 1474 1380 interdum
1532 1327 1760 1396 magicis
1816 1327 2026 1381 artibus

440 1413 716 1480 exhibuit,
749 1416 999 1486 aliosque
1048 1418 1317 1473 interdum
1369 1418 1778 1473 transformavit
1810 1436 1824 1473 :
1859 1430 2025 1487 utque

441 1520 472 1560 a
511 1508 814 1561 daemonum
853 1507 1003 1562 cultu
1054 1510 1360 1575 discedens,
1399 1511 1834 1566 cacodaemonem
1868 1511 2026 1565 mini-

442 1608 681 1668 tantem,
733 1607 788 1654 et
843 1600 912 1655 ad
966 1601 1399 1671 desperationem
1457 1617 1628 1673 usque
1686 1603 2023 1658 territantem

442 1692 703 1757 senserit,
740 1707 805 1746 ac
850 1695 1122 1762 quomodo
1174 1695 1366 1748 horum
1422 1694 1493 1749 sit
1546 1705 1692 1750 metu
1741 1694 2023 1761 liberatus,

442 1799 569 1837 cum
605 1785 658 1837 in
700 1785 847 1856 pium
899 1786 1072 1840 virum
1121 1786 1422 1852 incidisset,
1457 1788 1544 1843 cui
1596 1786 1882 1843 Timotheo
1930 1805 2026 1842 no-
2056 1764 2099 1818 Β

441 1892 593 1932 men.
631 1877 915 1946 Quomodo
957 1887 1215 1948 praeterea
1254 1880 1557 1935 Antiochia:
1597 1881 1737 1949 apud
1769 1879 2026 1950 frequens

443 1970 777 2024 auditorium
828 1970 1161 2038 narraverit,
1211 1970 1440 2025 nefanda
1480 1972 1650 2028 multa
1691 1988 1750 2027 se
1792 1988 1857 2028 ac
1895 1989 2024 2044 pro-

441 2060 652 2129 digiosa
703 2061 971 2129 effecisse,
1018 2064 1218 2133 quibus
1270 2062 1524 2119 homines
1572 2065 1646 2119 ita
1696 2066 2023 2136 decipiebat,

440 2161 503 2207 ut
540 2167 640 2222 pro
685 2154 788 2208 deo
845 2153 1019 2222 ipsum
1073 2154 1355 2210 haberent.
1401 2153 1681 2226 Lacrymis
1730 2157 1917 2226 itaque
1962 2174 2027 2214 ac

442 2245 594 2301 luctu
655 2261 825 2317 genas
876 2247 947 2302 ob
997 2247 1115 2301 haec
1175 2247 1597 2316 humectantem,
1639 2264 1707 2304 ex
1764 2251 2025 2305 memoria

442 2338 818 2408 improborum
874 2338 1179 2394 facinorum
1238 2339 1290 2393 in
1346 2340 1540 2395 salutis
1594 2341 2025 2408 desperationem

440 2429 643 2484 iterum
690 2432 1036 2501 delapsurum
1095 2430 1289 2497 fuisse,
1329 2432 1432 2487 nisi
1481 2431 1756 2489 Eusebius
1809 2434 2025 2503 quidam

440 2523 683 2591 optimus
730 2524 796 2578 ad
854 2523 1108 2592 pietatem
1163 2532 1218 2578 et
1268 2524 1643 2592 paenitentiam
1684 2527 2029 2591 dux,‘sacr:e

442 2615 741 2687 Scriptura:
791 2615 1068 2686 alloquiis,
1117 2619 1400 2686 sacrisque
1455 2618 1883 2684 narrationibus,
1929 2620 2028 2672 de-

442 2709 775 2777 sperationis
828 2709 1075 2763 nebulam
1130 2710 1426 2778 dissipans,
1469 2711 1660 2781 129a
1702 2712 1862 2765 clara:
1913 2711 2028 2780 Spei

442 2798 613 2853 radiis
669 2813 794 2853 eum
848 2799 1201 2864 illustrasset,
1235 2810 1291 2855 et
1342 2800 1395 2853 in
1453 2801 1670 2859 domum
1726 2816 1879 2855 suam
1935 2806 2031 2855 de—

445 2894 667 2945 ductum
694 2891 893 2945 cibum
936 2905 1134 2959 capere
1168 2890 1440 2959 iussisset,
1477 2894 1640 2946 trium
1675 2894 1881 2946 dierum
1916 2892 2029 2947 ine-

445 2982 534 3034 dia
565 2982 677 3052 jam
711 2992 1070 3037 maceratum.
1101 2982 1291 3037 Refert
1325 2983 1479 3049 item,
1513 2992 1571 3036 ut
1612 2984 1668 3037 in
1703 2999 1917 3038 sacrum
1963 2985 2032 3037 ah

444 3071 539 3129 illo
597 3073 856 3139 templum
915 3075 1080 3130 fuerit
1138 3075 1427 3137 adductus,
1463 3082 1519 3129 et
1568 3090 1664 3129 sua
1712 3075 1829 3145 ipse
1871 3090 2030 3129 manu

446 3181 634 3222 coram
668 3165 1012 3222 multitudine
1042 3167 1267 3237 magica:
1299 3166 1435 3221 artis
1473 3181 1585 3221 suae
1620 3166 1786 3220 libros
1831 3165 2026 3221 allatos

447 3259 681 3313 flammis
722 3259 1027 3326 tradiderit,
1069 3273 1135 3318 ac
1182 3260 1323 3314 bona
1364 3260 1590 3328 insuper
1635 3274 1729 3313 sua
1775 3264 2027 3329 pauperi-

445 3351 551 3409 bus
580 3352 941 3417 distribuerit,
975 3362 1138 3422 atque
1170 3351 1236 3406 ad
1267 3351 1700 3407 Christianorum
1743 3351 1869 3406 inde
1909 3364 2023 3405 caa-

445 3452 558 3497 tum
594 3451 918 3513 aggregatus
949 3442 1067 3497 sit:
1107 3441 1371 3498 Eusebius
1414 3452 1594 3497 autem
1648 3443 1756 3506 hic,
1793 3442 1892 3507 ait,
1934 3459 2024 3497 sa-

444 3536 674 3591 cerdotii
706 3536 970 3606 dignitate
996 3546 1298 3591 exornatus
1326 3543 1466 3591 erat.
1494 3535 1724 3590 Accedit
1752 3534 2025 3604 quomodo
2059 3533 2353 3603 Aglaidas,
2407 3526 2591 3599 gravis
2646 3524 2736 3578 ille
2788 3522 3014 3578 Iustinae
3089 3534 3287 3590 procus
3307 3558 3324 3583 ,

2125 492 2236 550 εἶδέ
2260 514 2319 550 τε
2356 497 2451 550 καὶ
2481 495 2716 567 ἐξέμαθε
2742 513 2757 528 ·
2788 497 2884 551 καὶ
2919 498 2999 560 εἰς
3054 496 3506 567 τριακονταετίαν
3554 493 3712 566 αὐτῷ

2122 590 2222 660 τῆς
2253 589 2471 660 ἡλικίας
2512 587 2774 659 τελούσης
2800 590 2894 642 ἐπὶ
2944 587 3246 651 Χαλδαίους
3286 584 3438 658 ἦλθε,
3491 589 3590 642 καὶ
3637 589 3712 643 τὰ

2124 682 2349 736 ἐκείνων
2382 681 2563 735 πάντα
2599 681 2830 752 μυηθεὶς
2857 679 3216 751 ἀστρολογίαν
3245 697 3305 732 τε
3327 679 3707 752 ἠκριϐῶσατο,

2124 776 2219 829 καὶ¹
2249 773 2302 827 εί
2331 791 2385 827 τι
2408 774 2535 828 ἄλλο
2562 774 2723 845 σοφὸν
2748 773 2794 807 ⁸⁸
2825 771 3106 842 νομίζεται
3136 769 3268 842 παρ’
3333 772 3539 836 αὐτοῖς.
3597 771 3714 825 Καὶ

2123 866 2205 919 ὅτι
2230 864 2404 918 ταῦτα
2433 865 2611 918 πάντα
2627 862 2767 919 εἶδεν
2793 863 3129 935 ἐληλεγμένα
3159 862 3255 917 καὶ
3288 861 3540 933 μάταιον,
3570 862 3714 934 μᾶλ-

2122 958 2213 1010 λον
2234 956 2291 1010 δὲ
2324 957 2368 1007 ⁸7
2402 956 2653 1028 ψυχὼλεθ
2663 974 2754 1028 ρον
2777 956 2961 1021 πόνον,
2980 952 3309 1027 προσϐαλὼν
3334 956 3457 1016 ταῖς
3485 953 3714 1025 τέχναις

2122 1048 2190 1118 τῇ
2221 1047 2462 1117 μάρτυρι
2502 1047 2763 1118 Ἰουστίνῃ
2793 1046 2862 1104 ⁸⁸.
2890 1046 3124 1111 Διέξεισι
3155 1045 3212 1098 δὲ
3233 1047 3291 1099 ὲν
3319 1044 3532 1107 τούτοις
3589 1042 3713 1097 ἔνια

2123 1130 2199 1191 ὧν
2227 1137 2391 1198 αὐτός
2414 1154 2475 1190 τε
2502 1138 2693 1192 ἑαυτὸν
2725 1140 2845 1202 ταῖς
2873 1139 3130 1209 μαγείαις
3161 1137 3342 1199 ἄλλοις
3361 1134 3521 1189 ἄλλον
3544 1136 3714 1204 ἐφάν-

2123 1246 2286 1283 τασεν
2315 1228 2524 1295 ἄλλοτε,
2568 1232 2663 1283 καὶ
2689 1222 2766 1283 ὧν
2816 1230 3037 1298 ἑτέρους
3066 1228 3387 1300 έμόρφωσεν
3411 1245 3426 1258 ·
3466 1228 3618 1291 ὅπως
3646 1244 3714 1281 τε

2124 1322 2224 1392 τῆς
2274 1321 2567 1391 δαιμονίων
2593 1321 2803 1394 πλάνης
2834 1322 3079 1385 ἀποστὰς
3124 1321 3216 1374 τὸν
3270 1320 3508 1392 πονηρὸν
3552 1321 3717 1374 ἀπει-

2125 1412 2322 1467 λοῦντα
2377 1413 2501 1484 ἔσχε
2536 1413 2631 1467 καὶ
2665 1417 2745 1477 είς
2776 1414 3089 1483 ἀπόγνωσιν
3119 1412 3553 1481 ὲκδειμαίνοντα,
3610 1412 3715 1467 καὶ

2125 1501 2203 1564 ὡς
2247 1500 2410 1573 ἐλύθη
2442 1500 2650 1555 τούτων
2691 1501 2791 1572 τῆς
2815 1502 3021 1567 δειλίας
3047 1502 3283 1573 ἐντυχὼν
3332 1501 3490 1572 ἀνδρὶ
3520 1502 3713 1557 θεοσε-

2126 1594 2253 1659 ϐεῖ,
2297 1593 2470 1665 ὄνομα
2498 1595 2773 1667 Τιμοθέῳ.
2826 1594 2946 1649 Ἐπ’
3012 1595 3346 1667 Ἀντιοχείας
3382 1612 3445 1650 τε
3487 1597 3569 1659 είς
3613 1596 3718 1649 ἑπ-

2127 1687 2293 1757 ήκοον
2318 1686 2363 1718 ⁸⁸
2412 1686 2626 1741 πολλῶν
2651 1687 2728 1752 ὡς
2760 1687 3078 1759 ἐξήγγειλεν
3105 1680 3243 1759 ἔργα
3287 1687 3460 1741 πολλὰ
3511 1687 3717 1758 ἀθέμι-

2128 1794 2198 1831 τα
2223 1779 2270 1811 ⁹⁰
2293 1779 2388 1831 καὶ
2424 1780 2687 1849 τεράστια
2711 1779 3135 1852 διαπράξασθαι,
3189 1776 3273 1844 οἷς
3313 1779 3596 1834 ὲδουκόλει
3652 1779 3718 1833 τὸ

2130 1866 2474 1940 ἀνθρώπινον
2501 1869 2598 1923 καὶ
2642 1868 2764 1923 θεὸν
2793 1868 2956 1923 αὑτὸν
3001 1868 3284 1923 τίθεσθαιο
3321 1869 3471 1933 ὅπως
3514 1886 3577 1922 τε
3621 1868 3717 1922 δά-

2130 1973 2296 2026 κρυσι
2361 1957 2455 2011 καὶ
2515 1957 2737 2028 θρήνοις
2788 1957 3095 2030 ἐρραίνετο.
3159 1958 3253 2010 καὶ
3289 1957 3324 2027 ἡ
3377 1958 3568 2028 μνήμη
3606 1956 3719 2010 τῶν

2131 2048 2410 2120 ἀθεμίτων
2460 2047 2640 2120 ἔργων
2680 2049 2761 2112 είς
2810 2047 3165 2102 ἀνελπιστίαν
3219 2046 3497 2118 σωτηρίας
3550 2045 3721 2101 αὑτὸν

2132 2142 2294 2196 πάλιν
2342 2141 2624 2212 ἔρριπτεν,
2656 2142 2705 2194 εί
2745 2142 2818 2212 μή
2851 2157 2938 2204 τις
2962 2139 3247 2204 Εὐσέϐιος,
3293 2137 3583 2203 εὐσεϐείας
3606 2138 3725 2211 ἀρι-

2134 2252 2259 2298 στος
2281 2235 2376 2288 καὶ
2393 2234 2683 2305 μετανοίας
2714 2233 3023 2305 ὑφηγητὴς,
3049 2235 3161 2296 τοῖς
3180 2249 3241 2286 τε
3268 2230 3430 2295 θείοις
3448 2231 3654 2301 λογίοις
3671 2229 3719 2261 ⁸⁸

2135 2328 2232 2382 καὶ
2271 2330 2394 2390 ταῖς
2427 2328 2600 2397 ἱεραῖς
2634 2324 2897 2395 ἱστορίαις
2924 2324 3098 2390 λύσας
3126 2325 3189 2378 τὸ
3218 2324 3319 2395 τῆς
3350 2324 3724 2393 ἀπογνώσεως

2134 2420 2316 2490 νέφος,
2348 2418 2559 2489 ηῠγασε
2586 2417 2858 2489 λαμπρῶν
2880 2416 3110 2471 ἐλπίδων
3141 2417 3343 2483 ἀκτῖσι,
3385 2418 3481 2471 καὶ
3509 2415 3726 2487 τροφῆς

2136 2512 2322 2566 ἔπεισε
2357 2512 2672 2582 μετασχεῖν,
2714 2511 2795 2573 είς
2821 2504 2969 2562 οἷκον
3000 2508 3225 2578 ἀγαγὼν
3252 2508 3380 2570 ὅλας
3401 2510 3555 2580 τρεῖς
3578 2509 3725 2579 ἠμέ-

2137 2622 2239 2676 ρας
2278 2603 2539 2657 ἀπόσιτον
2584 2600 2977 2670 διαγεγονότα·
3012 2600 3161 2663 ὅπως
3207 2616 3269 2652 τε
3314 2600 3394 2661 είς
3425 2598 3518 2651 τὸν
3576 2597 3729 2651 θεῖον

2136 2696 2261 2765 ἄγει
2284 2694 2441 2757 νεὼν,
2478 2693 2572 2747 καὶ
2613 2692 2762 2754 ὅπως
2787 2692 2953 2756 αὐτὸς
2987 2692 3016 2743 ὁ
3048 2691 3301 2761 τεχνίτης
3345 2690 3448 2753 τάς
3510 2689 3728 2760 μάγους

2137 2788 2370 2843 ἐνώπιον
2400 2784 2612 2839 πολλῶν
2641 2784 2858 2855 βίϐλους
2891 2783 3026 2853 πυρὶ
3051 2782 3235 2837 δίδωσι
3266 2781 3475 2850 φέρων,
3505 2782 3605 2834 τόν
3662 2796 3727 2832 τε

2137 2879 2371 2934 πλοῦτον
2404 2878 2603 2948 πένησι
2629 2877 2806 2946 νέμει,
2848 2874 2944 2928 καὶ
2974 2873 3075 2943 τῆς
3104 2871 3450 2945 Χριστιανῶν
3514 2871 3725 2942 ἀγέλης

2137 2972 2386 3038 ἀξιοῦται
2420 2986 2434 3001 '
2467 2967 2771 3038 ἱερωσύνης
2800 2966 2845 3020 δ’
2892 2967 2922 3019 ὁ
2977 2965 3238 3030 Εὐσέϐιος
3293 2964 3512 3035 ἀξίωμα
3559 2981 3723 3034 περι-

2140 3066 2339 3122 έκειτο.
2377 3062 2489 3116 Καὶ
2512 3061 2590 3126 ὡς
2627 3059 2913 3129 Ἀγλαῖδας
2968 3056 2997 3110 ὁ
3051 3057 3154 3126 τῆς
3212 3055 3507 3125 Ἰουστίνης
3551 3055 3727 3118 δεινὸς

2138 3157 2398 3229 ἐραστὴς,
2428 3151 2717 3224 ἀποτυχὼν
2747 3145 2823 3206 ὧν
2854 3150 3180 3215 ἐσπούδαζε,
3218 3151 3342 3202 τότε
3386 3149 3454 3221 δὴ
3491 3150 3592 3203 καὶ
3631 3148 3728 3202 αύ-

2131 3252 2224 3316 τὸς
2259 3252 2351 3304 τόν
2381 3265 2444 3301 τε
2480 3249 2526 3279 ⁹¹
2555 3245 2787 3300 πλοῦτον
2818 3243 3028 3311 πένησι
3056 3242 3323 3313 διανέμει,
3355 3243 3453 3296 καὶ
3479 3242 3596 3295 τῶν
3611 3242 3725 3295 δαι-

2135 3348 2313 3419 μόνων
2338 3345 2415 3409 ὡς
2442 3340 2740 3413 ἀπατηλῶν
2772 3340 3049 3411 ἀλογήσας
3076 3339 3146 3392 τά
3198 3338 3549 3410 Χριστιανῶν
3593 3339 3723 3392 ἀντ-

2131 3438 2420 3512 ηλλάξατο.
2458 3433 2617 3490 υῦτω
2660 3432 2757 3486 καὶ
2788 3434 2816 3485 ὁ
2849 3430 3107 3501 δεύτερος
3128 3428 3307 3498 λόγος.

3409 3533 3538 3573 cum
3618 3521 3723 3572 voti

446 3646 671 3701 compos
720 3631 896 3687 factus
953 3647 1058 3688 non
1110 3641 1282 3695 esset,
1345 3632 1487 3687 bona
1537 3644 1754 3702 quoque
1799 3628 2032 3686 fortunae
2094 3627 2423 3700 pauperibus
2471 3622 2655 3678 omnia
2725 3619 3054 3690 erogaverit,
3115 3627 3168 3672 et
3217 3617 3563 3673 daemonibus
3612 3625 3727 3669 tan-

448 3737 616 3792 quam
682 3721 1064 3792 deceptoribus
1121 3724 1315 3779 nuntio
1378 3724 1644 3790 remisso,
1707 3722 2034 3779 Christianis
2067 3737 2187 3778 sese
2231 3718 2407 3775 sacris
2463 3711 2733 3770 addixerit
2772 3727 2789 3766 :
2831 3710 2885 3765 in
2956 3724 3065 3780 quo
3140 3708 3367 3764 secundi
3418 3707 3550 3763 libri
3601 3706 3723 3761 linis

446 3825 554 3873 est.

512 3908 732 3965 Tertius
753 3908 989 3979 denique
1006 3912 1325 3982 martyrium
1351 3911 1731 3981 complectitur
1758 3912 1899 3969 beati
1923 3910 2031 3983 Cy-

448 4001 647 4071 priani,
666 4010 722 4054 et
749 4000 912 4055 clara:
940 4000 1168 4070 virginis
1200 3999 1454 4063 .lustinaa,
1483 4002 1572 4069 qui
1614 4000 1947 4054 Diocletiano
1979 4008 2034 4053 et
2061 4000 2065 4005 ”

449 4092 747 4147 Maximino
779 4091 964 4146 Romae
996 4092 1411 4161 imperantibus,
1439 4102 1614 4146 morte
1667 4090 2030 4145 testimonium

450 4185 715 4238 dixerunt
751 4183 897 4237 ﬁdei.
931 4182 1045 4238 Una
1061 4184 1205 4237 enim
1229 4184 1296 4237 ad
1322 4183 1572 4253 martyrii
1603 4182 1844 4235 lauream
1876 4181 2033 4235 abre-

450 4280 528 4349 pti
562 4288 687 4333 sunt
718 4294 734 4344 ;
773 4277 1080 4349 Cyprianus
1100 4275 1320 4346 quidem
1361 4292 1427 4330 ex
1465 4275 1641 4345 patria
1672 4284 1727 4328 et
1766 4273 1899 4328 urbe
1922 4273 2035 4327 An-

453 4372 677 4435 tiochia,
719 4369 873 4439 cujus
904 4370 1068 4425 etiam
1117 4370 1644 4437 archiepiscopatum
1696 4375 1817 4437 post
1847 4365 2043 4419 Anthi-

2225 3902 2285 3955 Ὀ
2319 3900 2379 3954 δὲ
2421 3898 2604 3971 τρίτος
2641 3895 2705 3949 τὸ
2740 3891 3040 3966 μαρτύριον
3070 3888 3166 3943 τοῦ
3197 3886 3354 3957 ἁγίου
3401 3883 3726 3957 Κυπριανοῦ

2138 3997 2234 4053 καὶ
2271 3993 2566 4061 Ἰουστίνης
2584 3988 2686 4058 τῆς
2707 3984 3145 4055 καλλιπαρθένου
3168 3981 3386 4051 μετρεῖ,
3408 3979 3461 4031 οἲ
3489 3975 3731 4047 ἐμαρτύ-

2138 4105 2315 4161 ρησαν
2348 4080 2735 4153 Διοκλητιανοῦ
2776 4079 2872 4131 καὶ
2914 4071 3264 4145 Μαξιμιανοῦ
3298 4070 3399 4140 τὴν
3437 4070 3729 4139 Ῥωμαίων

2138 4181 2316 4252 ἀρχὴν
2350 4177 2604 4247 ἑχόντων.
2645 4170 3068 4239 Συνελήφθησαν
3112 4166 3158 4218 δ’
3192 4164 3286 4218 ἐπὶ
3323 4163 3386 4216 τὸ
3422 4162 3730 4233 μαρτύριον

2143 4274 2172 4326 ὁ
2206 4273 2303 4343 μὲν
2325 4270 2383 4336 ἐξ
2422 4264 2775 4336 Ἀντιοχείας,
2810 4258 2880 4334 ἦς
2909 4261 3005 4314 καὶ
3037 4257 3175 4329 μετά
3212 4255 3476 4324 ’Δνθιμον
3507 4254 3606 4307 τὸν
3632 4254 3731 4324 ἀρ-

2148 4360 2460 4436 χιερατικὸν
2506 4357 2655 4412 ἴθυνε
2707 4353 2947 4423 θεσμὸν,
2988 4351 3088 4418 τὴν
3135 4348 3307 4416 αὐτὴν
3345 4345 3441 4398 καὶ
3489 4343 3732 4414 πατρίδα

450 4481 601 4521 Inum
656 4464 1113 4530 administrarat;
1178 4462 1391 4517 Justina
1442 4476 1573 4515 vero
1612 4461 1878 4514 Damasco
1910 4475 1926 4525 ;
1961 4456 2030 4510 ibi

2137 4455 2340 4527 λαχὼν,
2372 4454 2407 4523 ἡ
2444 4452 2502 4506 δὲ
2534 4452 2599 4503 ὲκ
2622 4444 2917 4519 Δαμασκοῦ
2942 4460 2956 4475 ·
2990 4444 3108 4497 ἐκεῖ
3150 4441 3262 4511 γὰρ
3306 4437 3408 4506 τῆς
3450 4436 3730 4530 Ἀντιόχου

449 4557 598 4613 enim
644 4556 755 4624 illa,
807 4564 1089 4624 postquam
1148 4551 1446 4608 Antiochia
1497 4550 1763 4620 migrarat
1789 4548 1930 4619 (quae
1976 4557 2035 4600 et

453 4647 571 4717 ipsa
606 4645 837 4715 virginis
869 4645 1044 4714 patria
1094 4642 1235 4712 erat)
1278 4642 1456 4711 palam
1481 4640 1762 4694 Christum
1794 4636 2037 4706 professa

454 4749 557 4795 est.
581 4738 676 4793 llis
700 4739 774 4793 ita
807 4738 1000 4808 captis,
1037 4753 1159 4791 cum
1184 4734 1334 4803 impii
1377 4733 1464 4788 ille
1490 4732 1727 4789 hominis
1768 4729 2038 4786 sermoni-

452 4833 556 4886 lms
591 4831 721 4885 nihil
770 4839 1102 4894 moveretur,
1134 4826 1369 4882 vinculis
1397 4827 1449 4880 in
1495 4824 1727 4880 sublime
1782 4816 1922 4892 rapti
1957 4822 2037 4875 la-

458 4934 572 4979 tera
605 4924 887 4986 raduntur,
940 4922 1055 4978 ιιι]εο
1100 4932 1281 4976 autem
1336 4919 1498 4974 boum
1558 4917 1740 4972 nervis
1789 4915 2037 4970 caatlitur.

456 5017 659 5072 Verum
689 5018 779 5071 ubi
810 5016 943 5070 nihil
972 5016 1046 5070 illi
1078 5016 1145 5071 de
1166 5014 1469 5069 constantia
1505 5012 1784 5066 remittere
1815 5019 2043 5080 tyranno

456 5113 734 5176 videntur,
768 5111 820 5165 in
854 5108 1153 5165 custodiam
1195 5124 1289 5162 eos
1322 5121 1569 5163 seorsum
1610 5106 1863 5159 reductos
1888 5116 2043 5156 com-

460 5206 658 5276 pingit.
688 5203 845 5260 Unde
882 5212 1007 5275 post
1033 5211 1308 5267 evocatos,
1339 5216 1461 5254 cum
1492 5198 1678 5253 verbis
1699 5196 1902 5251 frustra
1935 5205 2047 5248 ten-

471 5309 663 5366 tasset,
697 5299 751 5353 in
802 5312 1000 5352 aeream
1050 5293 1377 5364 sartaginem
1406 5293 1571 5362 (pice,
1604 5290 1782 5359 adipe,
1828 5303 1892 5342 ac
1923 5300 2048 5341 cera

459 5391 514 5447 in
551 5392 743 5448 eadem
801 5390 961 5445 simul
1015 5387 1213 5452 mistis,
1280 5384 1557 5453 multoque
1612 5386 1735 5452 igne
1787 5379 2044 5450 accenso)

2143 4548 2459 4622 μεταστᾶσα
2495 4542 2656 4616 (αὖτη
2686 4541 2744 4595 δὲ
2767 4540 2865 4594 καὶ
2885 4540 2952 4608 τῇ
2986 4534 3243 4607 παρθένῳ
3272 4530 3398 4603 [217
3568 4530 3732 4622 ἐχρη-

2145 4618 2341 4714 μάτιζε
2394 4634 2638 4708 πατρὶς)
2683 4633 2776 4685 τὸν
2828 4628 3063 4701 Χριστὸν
3115 4624 3386 4694 ἐκήρυσσε
3429 4618 3729 4714 λαμπρῶς.

2144 4710 2549 4804 ξυλληφθέντες
2577 4728 2656 4791 δὲ,
2687 4726 2717 4777 ὁ
2742 4723 2844 4793 μὲν
2876 4721 2951 4792 μὴ
2982 4717 3305 4787 πειθόμενος
3329 4715 3445 4776 τοῖς
3472 4710 3577 4764 τοῦ
3606 4710 3732 4804 δυσ-

2147 4802 2433 4885 σεϐοῦντος
2460 4820 2641 4889 λόγοις
2684 4815 2960 4887 μετέωρος
2989 4811 3212 4879 δεσμοῖς
3242 4806 3461 4877 αἴρεται
3493 4805 3597 4859 καὶ
3637 4802 3732 4863 τὰς

2143 4913 2389 4985 πλευρὰς
2418 4910 2604 4975 ξύεται
2632 4908 2700 4973 9⁸,
2727 4907 2761 4976 ὴ
2790 4905 2848 4957 δὲ
2878 4901 3191 4974 βουνεύροις
3214 4897 3507 4952 τύπτεται.
3557 4894 3649 4956 Ὧς
3675 4891 3732 4944 δὲ

2142 5005 2369 5076 οὐδεμία
2419 5002 2625 5064 ἔνδοσις
2674 5000 2732 5051 έν
2781 4997 2965 5057 αὐτοῖς
3021 4992 3127 5047 ὑπὸ
3177 4990 3273 5044 τοῦ
3337 4986 3734 5059 τυραννοῦντος

2142 5098 2410 5169 ὲνωρᾶτο,
2438 5093 2709 5163 φυλακαῖς
2743 5089 2840 5160 μὲν
2871 5087 2994 5140 τότε
3028 5081 3471 5155 κεχωρισμένους
3511 5076 3733 5169 καθειρ-

2147 5167 2337 5262 γνύει,
2370 5185 2490 5240 εἶτα
2536 5180 3051 5254 μετακαλεσάμενος
3075 5219 3090 5242 ,
3130 5176 3257 5229 ἐπεὶ
3298 5173 3486 5240 λόγοις
3528 5167 3735 5262 πειρῶν

2151 5259 2315 5338 πάλιν
2344 5276 2745 5346 ἀπετύγχανεν,
2778 5274 2838 5326 ἐν
2865 5270 3052 5344 χαλκῷ
3079 5268 3301 5340 τηγάνῳ
3330 5264 3542 5334 πίσσης
3566 5263 3615 5295 ’δ
3647 5259 3737 5313 καὶ

2156 5376 2382 5435 στέατος
2433 5370 2528 5425 καὶ
2567 5366 2740 5439 κηροῦ
2796 5363 3104 5436 βληθέντων
3147 5362 3244 5414 καὶ
3276 5357 3488 5429 πολλῆς
3542 5353 3734 5424 φλογὸς

1806 5533 2041 5595 ἾΑῐὶιέΕ
2074 5527 2482 5589 LECTIONES.

533 5662 581 5695 “
631 5662 859 5732 σοφόνΑ
891 5681 904 5718 :
932 5662 1221 5730 φιλόσοφον
1248 5678 1308 5725 ς.
1422 5657 1632 5732 εἶδέ-Α
1664 5677 1678 5710 :
1706 5656 1802 5709 καί
1835 5673 1895 5732 ς.

1995 5653 2041 5685 ⁸⁸
2070 5658 2192 5721 post
2230 5643 2494 5721 Ἰούστίνῃ

2549 5656 2669 5695 cum
2694 5641 2737 5692 Α
2777 5638 2935 5693 omisi
2962 5632 3341 5707 ἀπεκρούσθη.
3367 5631 3428 5685 δέ
3453 5630 3499 5686 Δ
3533 5645 3551 5683 :
3584 5627 3642 5682 τέ
3675 5640 3734 5690 ς.

459 5731 504 5763 ’ν
538 5704 859 5805 (inﬁdelis:
893 5706 904 5718 ’
933 5704 1373 5804 ἶῖἕόἔᾷἷέτᾶᾏ.
1453 5704 1799 5796 “Teir—ot}?
1833 5704 1893 5758 εί
1911 5741 1971 5778 τε
1997 5704 2122 5779 add.
2155 5721 2220 5776 Α.
2280 5717 2327 5752 θ’
2359 5704 2534 5780 ξέεέέιι
2572 5728 2612 5776 τ
2685 5710 2731 5743 ³⁸
2756 5710 2963 5780 πίσσης
2985 5711 3029 5763 Α
3064 5704 3241 5777 πιλετά
3268 5704 3474 5774 πίσσης
3508 5716 3573 5765 ς-
