3932 6240
145 265 237 330 511

1113 275 1643 339 BIBLIOTHECA.
1672 305 1737 314 —
1755 279 1920 340 COD.
1947 279 2268 340 CLXXXV.

3293 271 3397 336 542

147 379 478 451 ἀναφθείσης
521 381 786 453 ἐμϐάλλει
817 383 945 446 τοὺς
977 382 1263 453 μάρτυρας
1309 386 1540 454 Κυρίου.
1597 389 1720 456 Ἐγ-

1841 399 2090 459 nartyres
2119 388 2211 443 Dei
2244 387 2495 456 conjecit.
2531 385 2604 442 lbi
2653 401 2774 439 cum
2808 385 3023 440 athleta:
3073 384 3147 439 illi
3184 386 3398 441 fortiter

147 472 560 544 καρτερούντων
585 474 641 528 δὲ
663 473 770 527 τῶν
791 474 1038 546 ἀθλητῶν
1071 478 1138 547 τῇ
1171 477 1409 549 βασάνῳ,
1446 479 1646 549 μᾶλλον
1668 481 1715 534 δ’

1818 482 1870 534 in
1903 480 2233 536 cruciatibus
2280 483 2655 549 perdurarent,
2682 493 2746 532 ac
2783 479 2962 546 potius
2992 479 3133 533 velut
3166 480 3218 532 in
3274 494 3398 533 rore

145 567 222 629 ὡς
265 568 324 618 ὲν
367 566 545 638 δρόσῳ
585 567 824 636 φαιδρῶς
868 568 1000 621 Θεὸν
1051 569 1191 640 ὑπὲρ
1240 565 1315 624 ὧν
1343 573 1389 604 ⁸⁸
1432 572 1721 642 κρείσσους

1841 576 2008 639 )eum,
2038 575 2180 642 quod
2238 572 2526 628 tormentis
2577 572 2882 641 superiores
2932 573 3257 639 evasissent,
3289 572 3396 626 laeti

145 659 346 714 ὀδυνῶν
375 659 615 725 ἐγίνοντο
639 658 987 725 δοξαζόντων,
1023 660 1148 734 [420
1174 662 1266 735 R.]
1310 664 1622 730 Ἀθανάσιός
1639 683 1722 730 τις

1841 667 2126 730 audareut,
2155 666 2484 720 Athanasius
2509 663 2731 734 quidam
2769 665 3276 727 miser,daamonum
3307 679 3400 720 sa-

146 748 328 811 ἄθλιος
378 748 650 818 δαιμόνων
708 749 887 818 ἱερεὺς
944 751 1039 804 καὶ
1096 752 1189 806 τοῦ
1251 753 1398 806 θείου
1455 755 1721 827 πρότερον

1841 760 2194 823 :erdos,beato
2213 759 2478 828 Cypriane
2489 767 2643 812 antea
2666 757 3062 825 perfamiliaris,
3083 766 3135 809 et
3157 771 3403 811 assessor

150 841 389 911 συνήθης
446 843 795 913 Κυπριανοῦ,
845 843 1094 914 σύνεδρός
1137 861 1200 898 τε
1223 845 1269 877 ⁸⁸
1325 847 1579 915 τηνικάδε
1627 845 1722 900 τοῦ

147 933 474 998 κολάζοντος
523 934 916 1006 χρηματίζων,
971 937 1200 1008 ἀπονοίᾳ
1244 937 1472 1010 ληφθεὶς
1519 939 1726 1008 ἐτόλμα

150 1026 359 1096 βαίνειν
391 1027 486 1080 ἐπὶ
514 1027 608 1080 τοῦ
641 1028 843 1098 πυρὸς,
871 1029 998 1090 τοὺς
1034 1030 1266 1093 οἰκείους
1297 1030 1727 1098 ἐπικαλούμενος

149 1117 306 1181 θεοὺς
331 1119 400 1180 ⁸⁷,
436 1117 759 1190 σμικρύνειν
797 1119 857 1171 τὸ
901 1119 1086 1190 θαῦμα
1111 1121 1168 1173 ὲν
1199 1121 1278 1192 τῷ
1323 1121 1444 1192 μηδ’
1474 1121 1638 1176 αὐτόν
1674 1141 1726 1175 τι

146 1208 347 1262 παθεῖν
387 1208 804 1278 διατεινόμενος.
846 1209 920 1262 Τὸ
957 1209 1015 1262 δὲ
1061 1209 1223 1264 πλέον
1257 1209 1489 1279 ηὔξετο·
1531 1212 1730 1266 αὐτίκα

148 1302 260 1372 γὰρ
291 1293 449 1366 οὗτος
483 1301 655 1372 πυρὸς
673 1301 886 1372 δαπάνη
917 1302 1012 1354 καὶ
1040 1302 1217 1372 τέφρα
1259 1302 1552 1360 ἐδείκνυτο.
1615 1303 1732 1366 Ἐξ-

149 1395 446 1465 απορήσας
475 1393 533 1446 δὲ
555 1395 583 1446 ό
611 1393 858 1456 κολάζων
876 1392 1228 1463 ἀναπέμπειν
1259 1394 1402 1462 ἔγνω
1420 1396 1547 1457 τοὺς
1589 1393 1728 1466 μάρ-

148 1501 327 1552 τυρας
361 1483 504 1554 πρὸς
540 1483 942 1551 Διοκλητιανδν,
971 1483 1189 1553 γράψας
1224 1485 1316 1536 καὶ
1349 1482 1384 1536 ά
1407 1500 1469 1535 τε
1504 1481 1731 1536 πάθοιεν

150 1577 246 1630 καὶ
295 1577 377 1640 ὡς
423 1576 704 1640 κρείττους
755 1576 950 1630 πασῶν
982 1576 1029 1607 ’⁸
1075 1577 1183 1629 είσι
1237 1575 1506 1646 βασάνων.
1573 1576 1632 1628 '0
1675 1575 1732 1628 δὲ

147 1668 328 1721 ταῦτα
362 1670 424 1720 έν
454 1671 520 1738 τῇ
560 1669 907 1740 Νικομήδους
937 1669 1188 1738 διαγνοὺς
1223 1667 1558 1740 προστάσσει
1597 1667 1735 1739 πρὸς

1824 862 1935 905 tum
1968 850 2322 918 fortejudicis
2353 859 2618 904 tormenta
2647 848 2945 911 inferentis,
2991 849 3186 902 mentis
3236 847 3396 901 caeci-

1824 952 1935 998 tate
1949 951 2252 1012 correptus,
2278 957 2442 996 ausus
2465 951 2568 1007 est,
2599 942 2728 996 deos
2763 956 2888 995 suos
2919 941 3217 994 familiares
3253 942 3404 993 invo-

1825 1035 2049 1097 cans,in
2081 1035 2265 1106 ignem
2302 1048 2516 1101 quoque
2552 1033 2784 1102 ingredi,
2811 1034 2904 1087 sed
2931 1033 3054 1086 dum
3085 1032 3404 1087 ntiraculut‘n

1825 1139 2123 1183 extenuare
2156 1127 2366 1190 nititur,
2390 1127 2435 1179 si
2463 1134 2518 1180 et
2551 1127 2664 1194 ipse
2697 1127 2815 1179 sine
2849 1141 2989 1178 noxa
3028 1125 3221 1178 ibidem
3272 1138 3406 1192 per-

1829 1220 2070 1285 duraret,
2116 1219 2288 1288 magis
2313 1218 2441 1271 illud
2473 1218 2641 1271 auxit.
2677 1216 2974 1272 Confestim
3009 1217 3151 1270 enim
3200 1214 3407 1283 abigne

1829 1315 2150 1381 absumptus
2198 1313 2250 1364 in
2286 1311 2522 1365 cinerem
2577 1324 2766 1364 versus
2814 1319 2915 1363 est.
2970 1307 3231 1361 Haesimus
3278 1320 3408 1375 ergo

1826 1405 2010 1474 judex,
2045 1404 2288 1458 decrevit
2328 1411 2596 1473 martyres
2630 1402 2698 1456 ad
2742 1400 3133 1455 Diocletianum
3169 1398 3406 1459 mittere,

1832 1506 1883 1550 et
1900 1497 1965 1549 ad
1982 1512 2127 1560 eum,
2149 1505 2258 1548 tum
2282 1510 2399 1563 quae
2419 1494 2763 1565 pertulissent
2781 1501 3069 1556 tormenta,
3091 1500 3201 1544 tum
3221 1506 3412 1560 quem-

1832 1590 2121 1643 admodum
2159 1589 2335 1658 poenis
2379 1596 2561 1642 essent
2611 1587 2861 1641 omnibus
2903 1586 3244 1654 superiores,
3288 1598 3411 1652 per-

1835 1679 2094 1733 scribere.
2125 1677 2254 1744 Quae
2281 1692 2402 1732 cum
2440 1678 2735 1747 imperator
2758 1674 3090 1730 Nicomedia:
3119 1673 3412 1728 intellexis-

149 1761 228 1832 τῷ
265 1762 668 1833 παρακειμένῳ
702 1766 767 1832 τῇ
802 1763 954 1816 πόλει
990 1763 1220 1834 ποταμῷ
1256 1763 1500 1834 (Γάλλος
1526 1762 1571 1816 δ’
1606 1761 1736 1815 ὠνό-

1841 1777 1941 1834 set,
1968 1771 2225 1839 praecepit
2261 1779 2531 1842 martyres
2586 1770 2652 1824 ad
2708 1769 2950 1823 vicinum
3007 1767 3128 1820 urbi
3187 1764 3410 1832 flumen,

152 1853 375 1922 μαστο)
418 1852 519 1912 τὰς
554 1851 800 1920 κεφαλὰς
840 1855 966 1916 τοὺς
1001 1853 1285 1923 μάρτυρας
1323 1853 1726 1924 ἀποτμηθῆναι.

148 1945 256 1997 Σὺν
310 1935 396 2006 οἷς
451 1943 548 1995 καὶ
599 1943 918 2006 Θεόκτιστος
977 1943 1226 2014 αὐθωρὸν
1282 1943 1437 2014 ὤφθη
1496 1945 1728 2014 μάρτυς,

147 2035 381 2104 ἔλεγχον
427 2033 605 2104 εὑρὼν
654 2034 755 2104 τῆς
808 2034 1091 2098 εὐσεϐείας
1128 2035 1190 2088 τὸ
1247 2035 1731 2106 προσφθέγξασθαι

145 2126 227 2196 τῷ
264 2127 514 2198 μάρτυρι
544 2126 771 2196 Κυρίου.
803 2127 884 2179 Τὰ
908 2126 964 2178 δὲ
995 2126 1222 2196 λείψανα
1258 2128 1366 2180 τῶν
1396 2127 1566 2193 ἁγίων
1595 2126 1731 2181 ναῦ-

147 2219 241 2272 ταῖ
269 2235 422 2281 τινες
463 2218 575 2272 ἀπὺ
620 2217 838 2294 Ῥώμης
879 2218 1340 2289 ὲπιδεδήμηκότες
1370 2221 1516 2290 ἄρτι,
1549 2213 1625 2273 ὧν
1661 2214 1732 2290 ἦν

149 2313 370 2382 ἑταῖρος
397 2310 495 2364 καὶ
517 2312 545 2364 ό
571 2295 786 2380 μάρτυς
800 2309 1140 2376 Θεόκτιστος,
1166 2305 1312 2365 οὗτοι
1333 2311 1588 2375 λαθόντες
1609 2314 1733 2376 τοὺς

147 2404 406 2472 φύλακας
433 2401 711 2457 ἀνείλοντο
745 2402 842 2455 καὶ
883 2402 964 2465 είς
1014 2401 1232 2473 Ῥώμην
1267 2404 1648 2473 ἀπεκόμισαν,
1676 2407 1734 2456 ὲν

146 2491 181 2568 ᾗ
214 2495 315 2548 καὶ
343 2493 477 2555 ναὸς
507 2494 691 2556 αὐτοῖς
717 2493 1077 2564 περικαλλὴς,
1106 2495 1340 2563 ὲγγίζων
1365 2496 1442 2566 τῷ
1471 2496 1734 2550 Κλαυδίου

148 2589 326 2659 φόρῳ,
361 2585 647 2657 ἀνηγέρθη
671 2626 686 2650 ,
718 2587 877 2656 ἔργον
917 2586 1200 2657 Ῥουφίνης
1231 2589 1640 2661 εὐσεϐόφρονος,
1668 2584 1737 2661 ἧς

146 2683 213 2736 τὸ
239 2682 403 2748 γένος
434 2681 516 2742 εἰς
545 2681 604 2732 τὸ
637 2679 904 2733 Κλαυδίου
934 2679 1200 2735 διέϐαινεν
1233 2678 1390 2753 αἷμα.
1423 2684 1608 2739 Ταῦτα
1645 2688 1739 2740 καὶ

149 2779 179 2830 ὁ
200 2779 245 2810 ’⁸
271 2776 468 2847 τρίτος
501 2773 682 2843 λόγος.

871 2866 1034 2924 ΡΘΕ’.

218 2961 556 3014 Διονυσίου
581 2961 802 3031 Αἰγέως
832 2961 1175 3017 Δικτυακῶν
1223 2962 1520 3033 κεφάλαια
1532 2970 1609 3034 ρ’.

254 3052 608 3120 Ἀνεγνὼσθη
647 3055 662 3086 ¹
756 3055 1083 3124 βιϐλιδάριον
1152 3056 1428 3109 Διονυσίου
1496 3057 1742 3128 Λίγέως,

149 3145 506 3200 Δικτυακῶν
535 3146 850 3218 ἐπιγραφὴν
879 3147 1020 3218 ἕχον,
1057 3150 1115 3200 ὲν
1150 3141 1194 3216 ᾧ
1225 3148 1495 3216 κεφάλαια
1529 3151 1740 3221 περιεί-

149 3237 330 3306 ληπτο
355 3239 454 3290 τὸν
488 3239 728 3310 ἀριθμὸν
775 3246 838 3310 ρ’.
872 3242 1100 3308 Πρῶτον
1136 3243 1216 3295 ὅτι
1262 3244 1320 3309 ἐξ
1348 3243 1675 3314 ἀμφοτέρων
1705 3247 1740 3315 ἡ

150 3329 246 3383 τοῦ
284 3332 609 3402 σπέρματος
641 3333 916 3403 καταϐολὴ
943 3335 1036 3386 καὶ
1063 3333 1346 3403 ζωογονία,
1379 3335 1631 3408 δεύτερον
1660 3340 1743 3391 ὅτι

150 3422 256 3474 οὐκ
283 3421 346 3487 ἐξ
371 3423 730 3495 ἀμφοτέρων·
759 3424 942 3493 τρίτον
967 3427 1049 3478 ὅτι
1080 3427 1173 3495 ἀφ’
1203 3426 1324 3479 ὅλου
1353 3427 1446 3480 τοῦ
1495 3426 1744 3496 σώματος

149 3517 184 3584 ἠ
209 3516 314 3569 τοῦ
351 3516 672 3586 σπέρματος
697 3516 946 3588 ἔκκρισις
973 3518 1205 3585 γίνεται,
1245 3517 1503 3587 τέταρτον
1534 3520 1616 3572 ὅτι
1645 3518 1746 3572 οὐκ

147 3607 246 3674 ἀφ’
296 3607 447 3671 ὅλου,
503 3607 622 3660 ἀλλ’
668 3608 778 3661 ἀπὸ
825 3607 934 3661 τῶν
986 3608 1244 3680 διδύμων·
1274 3607 1314 3661 ε’
1367 3610 1450 3663 ὅτι
1495 3611 1529 3679 ἡ
1581 3610 1746 3680 πέψις

150 3698 442 3771 θερμασίᾳ
483 3699 717 3767 γίνεται,
759 3706 813 3764 ς’
855 3702 938 3754 ὃτι
989 3703 1084 3754 καὶ
1108 3703 1193 3771 ’ἡ
1243 3701 1408 3771 πέψις
1447 3701 1508 3755 οὐ
1539 3702 1749 3770 γίνεται

149 3790 462 3861 θερμασίᾳ·
485 3789 532 3855 ζ’
559 3792 643 3844 ὅτι
671 3792 854 3862 τρίψει
879 3795 913 3863 ή
947 3793 1133 3862 πέψις,
1159 3792 1209 3864 η’
1239 3795 1334 3847 καὶ
1362 3795 1442 3847 ὅτι
1477 3795 1538 3847 οὐ
1567 3795 1749 3864 τρίψει

151 3882 186 3952 ἡ
212 3883 406 3951 πέψις·
441 3879 484 3933 θ’
517 3883 600 3936 ὅτι
629 3883 850 3952 ἰδιότητι
872 3885 1186 3954 πνεύματος
1216 3887 1248 3956 ὴ
1277 3886 1463 3955 πέψις,
1494 3893 1522 3938 ι’
1552 3888 1644 3938 καὶ
1670 3888 1752 3940 ὅτι

149 3972 258 4025 οὐκ
287 3973 517 4044 ἰδιότητι
544 3975 859 4043 πνεύματος
892 3979 926 4045 ὴ
966 3977 1152 4046 πέψις·
1190 3984 1257 4029 ια’
1285 3978 1368 4031 ὅτι
1396 3979 1557 4047 σήψει
1584 3981 1616 4049 ἡ
1656 3979 1753 4032 πέ-

148 4064 277 4132 ψις,
317 4064 385 4135 ιβ’
415 4067 510 4120 καί
544 4068 627 4120 ὅτι
658 4069 718 4122 οὐ
751 4067 913 4139 σήψει
941 4071 974 4138 ἡ
1011 4071 1202 4140 πέψις·
1236 4077 1302 4138 ιγ’
1337 4072 1420 4124 ὃτι
1451 4072 1753 4142 θερμασίας

152 4159 393 4228 ἰδιότητι
425 4161 458 4227 ὴ
488 4159 672 4230 πέψις,
707 4162 768 4214 ιδ’
795 4162 892 4216 καὶ
921 4163 1003 4215 ὅτι
1034 4164 1093 4215 οὐ
1121 4164 1313 4233 χυμῶν
1346 4164 1569 4233 ἰδιότητι
1600 4167 1630 4232 ἡ
1659 4165 1756 4217 πέ-

1833 1865 1917 1916 cui
1951 1861 2142 1933 129b
2193 1861 2346 1918 Gallo
2372 1877 2588 1927 nomen,
2625 1862 2801 1931 capite
2849 1860 3112 1915 truncari.
3139 1858 3272 1914 Cum
3302 1856 3413 1921 his,

1830 1966 1887 2010 et
1939 1958 2127 2009 eadem
2159 1956 2272 2023 ipsa
2308 1954 2438 2007 hora
2473 1953 2818 2008 Tlteoctistus
2857 1952 2970 2023 (45)
3005 1949 3250 2021 martyrii
3299 1948 3414 2018 pal—

1835 2063 1979 2101 mam
2008 2047 2236 2115 accepit,
2287 2046 2644 2114 pietatis‘sum
2701 2047 2804 2099 hoc
2859 2044 2978 2099 solo
3016 2045 3141 2097 dato
3194 2040 3414 2106 iudicio,

1838 2139 1979 2209 quod
2008 2137 2532 2208 martyrentChristi
2563 2136 2870 2190 salutasset.
2891 2133 3167 2203 Reliquias
3187 2133 3416 2185 istorum

1836 2239 2150 2286 sanctorum
2192 2239 2367 2282 nauta:
2406 2227 2624 2296 quidam
2674 2227 2843 2280 Roma
2887 2241 2952 2280 eo
3021 2240 3190 2293 nuper
3227 2222 3414 2278 delati.

1837 2321 2034 2392 quibus
2053 2331 2108 2375 et
2139 2318 2484 2374 Theoctisuts
2537 2326 2744 2386 martyr
2773 2331 2903 2371 usus
2950 2313 3130 2369 fuerat
3185 2313 3418 2367 familia-

1838 2415 1998 2477 riter,
2033 2413 2173 2468 clam
2214 2410 2531 2466 custodibus
2561 2409 2924 2472 abstulerunt,
2961 2405 3299 2472 Romamque
3327 2417 3420 2458 ve-

1838 2511 2055 2565 xerunt,
2129 2502 2217 2556 ubi
2249 2511 2304 2554 et
2360 2499 2646 2569 pulchrum
2695 2497 2827 2564 ipsis
2887 2493 3146 2564 templum
3199 2491 3414 2547 Claudii

1843 2595 1961 2650 foro
2005 2593 2317 2664 proximum
2357 2593 2674 2655 excitatum,
2725 2603 2888 2657 opera
2926 2585 3132 2639 Ruﬁna:
3171 2586 3270 2653 piae
3309 2599 3419 2637 ma-

1847 2697 2037 2749 tronm,
2076 2700 2195 2756 quae
2225 2687 2444 2755 generis
2479 2685 2701 2752 stirpem
2737 2697 2768 2736 a
2817 2680 3042 2734 Claudio
3093 2680 3422 2749 imperatore

1845 2781 2143 2849 repetebat.
2182 2777 2248 2831 Et
2286 2777 2401 2832 haec
2437 2776 2656 2844 quidem
2695 2775 2834 2827 libro
2861 2772 3038 2826 tertio.

2476 2863 2786 2923 CLXXXV.

2268 2959 2515 3029 Dionysii
2533 2957 2690 3028 IEgei
2724 2957 2998 3027 Dictyaca.

1917 3052 2046 3123 Legi
2075 3051 2274 3106 bellum
2312 3051 2549 3120 Dionysii
2593 3049 2773 3117 [Egeh
2846 3049 2931 3103 cui
2973 3046 3228 3116 Diclyaca
3282 3045 3427 3101 titu-

1847 3145 1932 3200 lus
1963 3154 2066 3208 est,
2095 3146 2269 3212 capita
2300 3145 2410 3214 (14)
2444 3154 2659 3198 centum
2703 3140 3279 3210 compreltendeutem.
3305 3139 3426 3191 Pri-

1846 3255 1992 3293 muun
2023 3246 2108 3293 est
2146 3238 2219 3292 ab
2249 3249 2481 3306 utroque
2514 3246 2740 3305 parente
2784 3249 2969 3289 semen
3023 3233 3220 3295 emitti,
3255 3232 3430 3302 gigni-

1844 3350 1948 3404 que
1978 3334 2198 3388 animal.
2226 3332 2282 3390 2.
2321 3331 2650 3395 Secundum,
2700 3331 2750 3382 id
2784 3344 2891 3382 non
2931 3330 2997 3380 ab
3030 3337 3260 3393 utroque
3287 3324 3425 3379 fieri.

1844 3428 1898 3480 ’5.
1950 3427 1991 3481 Ε
2049 3438 2160 3480 toto
2208 3440 2437 3495 corpore
2496 3423 2721 3478 seminis
2779 3421 2893 3475 fieri
2945 3419 3332 3473 excretionem.
3377 3417 3433 3470 4·

1846 3518 1963 3574 Νοιι
1998 3534 2028 3574 e
2071 3527 2187 3572 toto
2219 3532 2470 3587 corpore,
2513 3516 2605 3569 sed
2644 3529 2674 3568 c
2721 3513 2971 3568 testibus.
3016 3511 3068 3566 5.
3106 3509 3430 3563 Concoctio-

1849 3628 1975 3668 nem
2018 3627 2115 3682 per
2158 3611 2395 3666 calorem
2450 3610 2588 3664 fieri.
2623 3608 2676 3664 6.
2725 3605 3146 3661 Concoctionem
3178 3617 3284 3656 non
3317 3601 3434 3655 fieri

1852 3720 1947 3774 per
1965 3705 2226 3760 calorem.
2260 3704 2313 3757 7.
2349 3703 2448 3756 Per
2475 3702 2718 3756 attritum
2759 3701 2874 3755 sive
2915 3697 3285 3752 subactionem
3317 3692 3438 3766 [ali-

1854 3798 2046 3871 menti]
2083 3796 2487 3852 concoctionem
2520 3795 2656 3848 lieri.
2692 3793 2746 3848 8.
2805 3791 2921 3846 Non
2959 3790 3097 3844 fieri.
3130 3790 3184 3844 9.
3211 3787 3437 3856 PrOprio

1854 3892 2078 3957 Spiritus
2125 3888 2356 3961 [calore]
2389 3887 2676 3942 concoctio
2745 3889 2824 3941 fit.
2877 3885 2966 3939 10.
3016 3885 3072 3937 1d
3132 3893 3309 3951 negat.
3347 3881 3436 3933 11.

1855 3981 2264 4038 Putrefactione
2318 3982 2734 4036 concoctionem
2795 3979 2936 4033 fieri.
2988 3976 3074 4030 12.
3110 3975 3278 4044 Negat
3313 3975 3437 4027 hoc.

1856 4077 1945 4129 15.
1981 4075 2192 4129 Galeris
2251 4074 2366 4144 (15)
2432 4074 2767 4142 proprietate
2821 4068 3230 4125 concoctionem
3295 4079 3437 4119 esse.

1857 4166 1945 4218 M.
1981 4163 2096 4217 Non
2134 4179 2422 4218 succorum
2459 4164 2795 4230 pr0prietate
2821 4157 3232 4232 concoctionem
3299 4152 3437 4206 fieri.

144 4251 276 4317 ψις·
321 4257 380 4302 ιε’
413 4251 495 4303 ὅτι
533 4251 783 4322 διαφέρει
811 4253 872 4306 τὸ
904 4254 1107 4325 θερμὸν
1149 4255 1421 4325 ποιότητι,
1464 4262 1538 4320 ις’
1567 4257 1648 4308 ὃτι
1691 4257 1736 4310 οἰ

1859 4260 1947 4314 15.
1969 4258 2215 4313 Calorem
2243 4257 2486 4310 nativum
2544 4256 2610 4309 ad
2670 4253 2988 4323 qualitatem
3016 4250 3310 4320 pertinere.
3348 4245 3436 4298 16.

144 4341 412 4410 διαφέρει
458 4342 521 4395 τὺ
566 4343 769 4414 θερμὸν
819 4346 1108 4414 ποιότητι·
1160 4347 1225 4409 ιζ’
1264 4348 1345 4400 ὅτι
1401 4347 1674 4418 θερμασίᾳ
1721 4350 1736 4399 1'

1859 4352 2104 4407 Calorem
2136 4352 2284 4404 illum
2320 4351 2386 4403 ad
2414 4349 2552 4402 hanc
2616 4361 2719 4400 non
2777 4346 3073 4413 pertinere.
3106 4340 3192 4392 17.
3227 4339 3330 4392 Per
3355 4352 3442 4391 ca-

143 4434 442 4497 ἁνάὂοσις,
483 4441 554 4504 ιη’
584 4439 679 4489 καὶ
710 4437 793 4490 ὅτι
819 4439 882 4490 οὐ
912 4439 1209 4509 θερμασίᾳ·
1239 4439 1302 4492 ιϐ’
1328 4441 1412 4493 ὅτι
1441 4443 1475 4512 ἠ
1507 4441 1736 4494 ἀνάδοσις

1863 4447 2035 4500 loretn
2083 4445 2198 4498 fieri
2265 4444 2510 4497 ciborum
2540 4440 2930 4508 digestionem.
2960 4433 3046 4488 18.
3076 4433 3220 4487 ldctn
3258 4437 3436 4497 negat.

142 4523 217 4576 τὸ
247 4524 355 4594 τὴν
389 4525 696 4595 θερμασίαν
724 4526 851 4599 [218
883 4527 974 4600 Η.]
1006 4531 1091 4598 ἐφ’
1125 4530 1324 4599 ἑαυτὴν
1358 4530 1558 4592 ἕλκειν,
1591 4529 1638 4584 κ’
1662 4533 1736 4584 κα

1867 4536 1956 4590 19.
1987 4535 2352 4604 Digestiouem
2393 4548 2457 4586 ex
2498 4545 2562 4584 co
2597 4531 2710 4584 fieri
2743 4527 2880 4598 (46),
2923 4526 3065 4595 quod
3099 4521 3248 4577 calor
3277 4520 3340 4571 ad
3385 4531 3443 4571 se

147 4616 246 4669 ὅτι
295 4617 393 4668 οὐκ
427 4617 720 4687 ἐφέλκεται
763 4619 823 4672 τὸ
868 4621 1090 4690 θερμόν·
1130 4619 1216 4674 κα¹
1247 4621 1330 4674 ὅτι
1368 4622 1447 4690 τῷ
1486 4623 1734 4692 πνεύματ

1868 4628 2067 4681 trahat.
2105 4627 2199 4682 20.
2225 4625 2340 4679 Non
2365 4623 2643 4677 attrahere
2673 4621 2940 4675 calorem.
2971 4617 3061 4670 21.
3095 4614 3298 4682 Spiritu
3328 4609 3444 4664 fieri

139 4708 180 4777 ἡ
211 4708 508 4772 ἀνάδοσις,
551 4710 635 4779 κβ¹
669 4712 766 4763 καὶ
801 4711 881 4763 ὅτι
911 4713 970 4764 οὐ
999 4711 1081 4780 τῷ
1116 4711 1390 4782 πνεύματι
1419 4715 1453 4782 ἡ
1485 4713 1732 4776 ἀνάδοσις

1864 4719 2250 4788 digestiouem.
2280 4716 2373 4770 22.
2422 4717 2568 4769 ldem
2632 4720 2810 4782 negat.
2840 4711 2931 4764 25.
2961 4709 3296 4762 Arteriaruut
3349 4717 3444 4769 ap-

141 4808 242 4866 κγ¹
269 4804 357 4855 ὅτι
387 4805 456 4872 τῇ
487 4802 600 4855 τῶν
631 4804 916 4873 ἀρτηριῶν
958 4805 1261 4876 παραθέσει
1296 4808 1328 4874 ἡ
1359 4806 1631 4870 ἀνάδοσις,
1677 4806 1736 4859 κδ

1862 4811 2153 4880 plicatioue
2184 4809 2543 4878 digestione")
2579 4805 2716 4858 fieri.
2740 4805 2832 4857 24.
2870 4802 2926 4855 ld
2967 4810 3144 4868 negat.
3175 4797 3263 4851 25.
3295 4794 3447 4862 Quod

139 4896 252 4948 καὶ
285 4895 374 4948 ὅτι
405 4897 466 4948 οὐ
495 4899 565 4967 τῇ
600 4896 710 4950 τῶν
741 4898 1019 4969 ἀρτηριῶν
1073 4899 1376 4969 παραθέσει
1405 4901 1438 4968 ὴ
1473 4898 1722 4960 ἀνάδοσις

1867 4917 1962 4970 per
1996 4903 2285 4967 defectum,
2323 4903 2412 4969 qui
2445 4916 2566 4953 cum
2606 4897 2882 4951 vacuitate
2915 4903 3016 4962 est,
3045 4891 3272 4960 digestio
3331 4889 3444 4952 fiat.

1499 5011 1739 5067 VARle
1781 5014 2186 5070 LECTIONES.

217 5101 397 5180 "763v
428 5109 510 5163 A:
546 5101 608 5163 οὗ
645 5127 706 5173 ς.
780 5109 829 5180 ’ἦ
855 5107 938 5178 τε]
987 5108 1166 5180 malim
1201 5109 1278 5164 δέ.
1356 5111 1400 5141 ⁸⁷
1441 5109 1598 5173 θεούς
1627 5111 1670 5164 Α
1702 5128 1714 5140 ·
1746 5110 1900 5176 θεοὺς
1934 5113 2027 5164 καί
2066 5130 2126 5176 ς’.
2211 5113 2255 5142 ⁹⁸
2287 5108 2503 5180 πασῶν]
2526 5109 2779 5160 ἁπάντων
2947 5105 2992 5136 9°
3031 5101 3212 5180 eauti.
3292 5097 3449 5180 "Av:

141 5179 422 5262 ξγνὼσθη
451 5210 524 5221 -
562 5167 734 5241 ιῖιθὺ,
780 5179 872 5234 25.
923 5167 1212 5234 ἀνεύθυνον
1244 5195 1354 5236 om.
1399 5179 1465 5234 Α.
1491 5167 1687 5250 quippe
1752 5167 2246 5252 qttze'infrav(c0tl.
2281 5181 2408 5250 211)
2446 5167 2749 5234 recurrant.
2829 5175 2952 5228 ²ὅτι
2982 5171 3102 5243 καί]
3151 5171 3316 5224 itumo
3355 5167 3450 5220 καὶ

137 5268 266 5304 οτι.

62 5351 130 5390 'Lr
1700 5340 1936 5398 ΝΟΤΑΞ.

219 5435 354 5507 (45,
391 5435 557 5505 Cujus
592 5449 772 5504 neque
811 5434 880 5507 iu_
906 5433 1084 5507 Rotu._
1117 5433 1399 5507 Martyrol.
1433 5442 1527 5487 aut
1579 5434 1762 5507 Graeco
1872 5437 1993 5491 cod.
2035 5436 2161 5492 211.

134 5495 436 5574 Ménoiog.
466 5495 644 5572 neque
677 5495 820 5572 apud
859 5505 917 5558 D.
954 5504 1213 5577 Naziatrz.
1249 5495 1356 5558 ulla
1401 5508 1625 5561 mentio.
1657 5506 1765 5560 Eu-
1927 5508 2041 5577 (45)
2075 5509 2209 5562 Cod.
2240 5507 2368 5564 211.
2392 5504 2489 5560 inf.
2531 5507 2820 5572 utriusque
2849 5501 3042 5554 horum
3086 5496 3322 5565 capitum
3347 5495 3448 5550 ad-

135 5579 605 5648 doeiamAtamen
639 5586 860 5629 secutus
882 5586 965 5628 est
1002 5575 1141 5648 Sim.
1162 5575 1514 5648 Metapltrast.
1628 5639 1640 5648 _
1666 5639 1698 5648 __
1874 5575 2031 5632 versa
2074 5579 2370 5648 disputatio
2403 5577 2692 5648 iudicatur.

215 5644 568 5717 (44)Omnia
597 5647 717 5700 haec
739 5648 912 5714 capita
945 5646 1163 5719 totidem
1186 5639 1320 5715 pene
1343 5645 1544 5707 verbis,
1577 5639 1756 5719 addita
1940 5648 2052 5719 (46)
2088 5639 2172 5703 Ειξ
2199 5649 2313 5705 cod,
2350 5647 2476 5712 2H,
2501 5648 2618 5716 [ego
2649 5645 2732 5699 hic
2762 5643 2906 5711 τῷ...
2936 5639 3138 5694 ἕλκειν.

141 5709 440 5775 duntaxat
513 5731 748 5774 censura
807 5709 1199 5778 'brevissima,'
1246 5723 1563 5785 repetuntur
1626 5709 1754 5764 iufr.
