3932 6240
538 289 644 354 543

1633 290 1860 352 ΡΠΟΤΙ
1867 291 1894 350 Ι
1923 288 2431 350 ΡΑΤΒΙΑΒΟΙΙίΕ
2456 293 2568 352 CP.

3684 279 3792 344 546

538 403 634 460 26.
656 401 772 460 Non
808 417 904 474 per
941 402 1209 460 defectum
1269 403 1533 459 incertum
1578 403 1692 458 sive
1729 418 2108 474 quemcunque

2215 409 2289 455 κε’
2317 404 2399 456 ὅτι
2435 406 2504 474 τῇ
2541 402 2683 456 κατὰ
2717 400 2778 452 τὸ
2829 398 2985 452 κενὸν
3033 395 3273 466 ἀπουσίᾳ
3304 396 3338 464 ή
3377 392 3653 456 ἀνάδοσις,
3698 399 3792 458 κς⁹

539 494 898 562 digestionem
945 495 1081 550 ﬁeri.
1138 493 1228 551 27.
1280 493 1661 550 Glaucedinem
1713 509 1778 549 ex
1838 509 1902 549 eo
1959 495 2114 562 oriri,

541 586 688 650 quod
725 594 934 637 meatus
973 583 1196 637 visualis
1225 582 1480 637 alimento
1507 583 1852 639 destituatur.
1884 583 1974 637 28.
2007 582 2115 638 Ne-

541 682 630 740 gat
659 672 732 727 id.
764 672 854 728 29.
891 674 994 728 Per
1024 676 1304 744 sanguinis
1331 675 1574 744 illapsum
1606 675 1660 729 in
1683 676 1948 730 visualcm
1974 692 2117 730 mea-

540 771 676 826 tum,
711 762 1082 832 glaucedincm
1117 766 1251 818 lieri.
1303 765 1392 818 50.
1425 765 1594 836 Negat
1645 767 1718 820 id.
1745 766 1833 820 51.
1858 766 2115 822 Crassitie

540 853 827 908 humorum
879 866 1042 924 atque
1106 857 1451 913 exhalatione
1527 858 1902 929 glaucedinem
1970 859 2112 912 ﬁeri.

543 944 734 1014 130a
772 946 861 1001 52.
920 947 1064 1002 Idem
1111 949 1401 1003 inticiatur.
1455 949 1546 1006 55.
1588 949 1970 1004 :Pltrenitidem
2017 965 2116 1020 per.

538 1035 806 1103 meniugis
831 1036 1242 1103 distensionem,
1277 1040 1667 1110 sanguinisque
1713 1041 2111 1109 corruptionem

537 1125 679 1179 Iieri.
723 1125 825 1193 354.
884 1126 1254 1183 Phrenitidem
1313 1132 1386 1184 ita
1461 1131 1579 1186 ﬁeri
1633 1142 1878 1200 negatur.
1922 1131 2011 1186 55.
2073 1134 2114 1188 Ε

537 1215 736 1269 caloris
810 1219 971 1272 nimia
1042 1221 1372 1276 abundantia
1430 1224 1792 1292 phrenitidem
1843 1225 2110 1279 accidere.

535 1305 627 1359 56.
654 1307 806 1373 Quod
841 1311 1089 1378 sequitur
1135 1321 1301 1381 caput
1337 1313 1476 1367 idem
1515 1325 1695 1382 negat.
1747 1313 1836 1368 57.
1891 1314 2115 1370 Contin-

540 1411 670 1464 gere
713 1400 1080 1468 pbrenitidem
1105 1418 1170 1456 ex
1196 1401 1648 1458 inﬂammatione.
1700 1405 1792 1460 58.
1850 1404 2108 1474 Negatur.

536 1488 626 1543 59.
661 1488 988 1561 Lethargum
1049 1491 1470 1548 inﬂammatione
1524 1494 1691 1566 gigni.
1715 1495 1804 1550 40.
1836 1496 2111 1552 Μοχίίίειη

543 1592 727 1651 negat.
766 1584 856 1638 41.
897 1582 1284 1653 Lethargicum
1328 1588 1574 1642 morbum
1626 1589 1957 1644 distentione
1996 1590 2111 1645 ﬁeri

535 1685 590 1726 et
613 1678 982 1744 corruptione.
1016 1677 1106 1730 42.
1135 1677 1516 1748 Letltargicum
1559 1694 1662 1734 non
1694 1681 1764 1734 ob
1816 1683 2115 1738 multitudi-

537 1779 682 1828 nem,
709 1767 799 1820 sed
827 1769 896 1822 ob
944 1770 1260 1838 qualitatem
1291 1786 1501 1838 eorum,
1531 1786 1650 1840 qua:
1689 1774 2010 1828 exhalantur
2027 1792 2112 1832 ac-
2142 1757 2187 1810 Β

536 1858 740 1914 cidere.
775 1861 867 1915 45.
902 1861 1104 1916 Edendi
1130 1863 1461 1932 bibendique
1484 1866 1782 1934 appetitum
1842 1875 1956 1921 toto
1991 1882 2113 1923 cor-

545 1964 676 2018 pore
710 1950 958 2007 diﬂ‘undi.
1007 1953 1100 2006 44.
1141 1953 1256 2006 Non
1301 1953 1356 2008 in
1391 1963 1501 2008 toto
1542 1970 1768 2021 corpore
1798 1957 1943 2013 hunc
1993 1974 2114 2015 esse

535 2041 854 2108 appetitum,
889 2041 985 2095 sed
1035 2043 1085 2096 in
1123 2044 1426 2100 stomacho.
1461 2046 1552 2101 45.
1604 2047 1817 2102 Edendi
1863 2049 2112 2105 bibendi-

533 2146 639 2198 que
671 2132 968 2200 appetitum
1006 2132 1058 2186 in
1096 2134 1483 2206 imaginatione
1515 2155 1656 2194 esse.
1687 2139 1781 2196 46.
1827 2141 1984 2196 Sitim
2023 2159 2115 2197 na-

533 2224 612 2276 sci
642 2239 707 2276 ex
737 2223 1022 2278 humorum
1050 2225 1376 2295 indigentia.
1403 2230 1494 2283 47.
1535 2229 1651 2285 Non
1689 2232 1744 2286 in
1771 2234 2111 2289 humidorum

535 2314 744 2370 defectu
770 2316 919 2371 sitim
955 2333 1095 2372 esse.
1127 2319 1218 2374 48.
1253 2321 1526 2389 Duplicem
1554 2327 1842 2392 quamdam
1911 2341 2032 2382 esse
2060 2329 2111 2382 in

533 2408 816 2462 stomacho
864 2410 1256 2478 operationem.
1293 2411 1383 2467 49.
1438 2413 1552 2470 Hoc
1590 2429 1770 2486 negat.
1817 2417 1909 2472 50.
1949 2418 2114 2475 Exte-

536 2497 734 2551 riorem
787 2499 931 2553 illam
963 2503 1172 2556 cerebri
1225 2504 1552 2574 pelliculam,
1587 2524 1707 2576 qua:
1747 2510 1799 2563 in
1832 2526 1966 2566 cavo
2007 2523 2112 2580 est,

533 2590 856 2659 principium
897 2608 1018 2648 esse
1065 2611 1376 2653 nervorum.
1439 2601 1533 2656 5|.
1580 2601 1692 2660 IIoc
1750 2604 1893 2660 idem
1940 2622 2112 2677 nega-

532 2693 639 2736 tur.
707 2684 796 2738 52.
852 2685 1154 2742 Pharmaca
1194 2705 1316 2745 cum
1366 2707 1466 2760 per
1527 2710 1721 2766 corpus
1764 2710 2110 2768 sparguntur,

529 2789 784 2840 purgare.
822 2776 911 2831 55.
935 2777 1050 2832 Non
1083 2795 1204 2834 cum
1267 2782 1666 2850 diﬂ‘unduntur,
1701 2790 1795 2844 sed
1851 2790 1970 2858 ipso
2032 2792 2114 2846 al-

532 2861 683 2931 lapsu
716 2879 813 2919 suo
851 2883 1085 2938 purgare
1113 2874 1334 2927 asserit.
1389 2874 1476 2929 54.
1503 2875 1824 2933 Pharmacis
1847 2885 2110 2936 utendttm

531 2967 653 3005 esse
676 2956 989 3024 purgativis.
1041 2958 1128 3012 55.
1180 2960 1384 3017 Deinde
1439 2965 1490 3018 id
1539 2980 1718 3037 negat.
1742 2969 1847 3040 :56.
1904 2971 2110 3028 Venam

2218 497 2311 548 καὶ
2343 497 2424 548 ὅτι
2453 497 2514 548 ού
2535 497 2599 565 τῇ
2635 493 2776 547 κατά
2795 492 2855 544 τὸ
2882 489 3077 560 ἄδηλον
3106 487 3344 558 ἀπουσία
3361 485 3684 556 ἡὰνὰδοσις·
3708 483 3793 547 κζ’

2215 587 2298 640 ὅτι
2328 587 2395 639 δι’
2418 586 2681 657 ἀτροφίαν
2707 583 2800 639 τοῦ
2830 582 3083 654 ὁρατικοῦ
3110 581 3276 650 πόρου
3303 581 3337 649 ή
3366 577 3792 645 ἀπογλαύκωσις

2216 680 2445 748 γίνεται,
2499 684 2584 748 κη’
2628 679 2724 730 καὶ
2763 678 2845 730 ὅτι
2897 676 2957 728 οὐ
2991 674 3059 728 δι’
3098 672 3360 743 ἀτροφίαν
3396 671 3490 724 τοῦ
3531 669 3790 740 ὁρατικοῦ

2217 773 2383 844 πόρου
2413 773 2446 842 ἡ
2470 769 2889 839 ἁπογλαύκωσις
2917 766 3148 835 γίνεται·
3182 762 3264 817 κθ¹
3291 764 3374 817 ὅτι
3397 764 3543 817 κατὰ
3570 762 3790 832 παρέμ-

2215 880 2422 916 πτωσιν
2447 861 2678 931 αἵματος
2708 861 2788 923 εἰς
2830 859 2920 912 τὸν
2960 856 3214 928 ὁρατικὸν
3251 856 3419 926 πόρον
3447 856 3482 924 ἠ
3508 853 3790 920 ἀπογλαύ-

2214 976 2384 1022 κωσις
2421 958 2650 1028 γίνεται,
2684 955 2729 1008 λ’
2755 953 2852 1008 καὶ
2882 954 2965 1006 ὅτι
2996 953 3058 1005 οὑ
3095 949 3238 1004 κατὰ
3272 949 3674 1019 παρέμπτωσιν
3701 946 3790 999 αῖ-

2216 1069 2390 1122 ματος
2409 1053 2486 1113 είς
2506 1049 2595 1102 τὸν
2613 1047 2866 1118 ὁρατικὸν
2887 1045 3050 1112 πόρον
3067 1044 3100 1114 ἡ
3117 1041 3536 1109 ἀπογλαύκωσις
3552 1039 3788 1107 γίνεται·

2212 1145 2292 1198 λα’
2321 1144 2403 1196 ὅτι
2436 1142 2558 1194 καθ’
2592 1139 2775 1208 ὑγρῶν
2806 1138 2980 1207 πάχος
3017 1138 3110 1188 καὶ
3149 1133 3407 1202 διαπνοὴν
3437 1133 3470 1200 ή
3508 1131 3791 1197 ἀπογλαύ-

2213 1252 2383 1298 κωσις
2408 1234 2635 1302 γίνεται,
2668 1231 2746 1299 λβ¹
2777 1231 2872 1282 καὶ
2906 1230 2989 1281 ὅτι
3015 1228 3073 1280 ού
3118 1225 3240 1280 καθ’
3278 1224 3462 1296 ὑγρῶν
3489 1223 3668 1292 πάχος
3698 1223 3790 1273 καί

2211 1326 2472 1397 διαπνοὴν
2501 1327 2535 1396 ἡ
2581 1322 3004 1392 ἀπογλαύκωσις
3048 1320 3276 1388 γίνεται·
3311 1317 3431 1390 [421
3470 1315 3669 1389 11.]λγ’
3709 1317 3790 1369 ὅτι

2212 1423 2246 1492 ἡ
2279 1421 2517 1490 φρενῖτις
2545 1414 2686 1469 κατὰ
2711 1414 2992 1467 διάστασιν
3020 1412 3121 1480 τῆς
3155 1411 3418 1481 μήνιγγος
3453 1407 3550 1461 καὶ
3580 1407 3788 1477 φθορὰν

2211 1513 2305 1565 τοῦ
2345 1512 2575 1580 αἵματος
2619 1507 2862 1576 γίνεται,
2895 1506 2967 1558 λδ’
3002 1504 3097 1558 καὶ
3140 1504 3224 1556 ὅτι
3271 1505 3330 1554 ού
3374 1502 3464 1554 διὰ
3505 1501 3715 1570 ταύτην
3757 1503 3788 1567 ἡ

2213 1605 2458 1677 φρενῖτις
2490 1601 2720 1670 γίνεται·
2749 1597 2821 1652 λε’
2852 1600 2933 1652 ὅτι
2956 1597 3098 1650 κατὰ
3124 1596 3425 1666 θερμασίας
3451 1594 3789 1663 πλεονασμὸν

2217 1698 2251 1766 ἡ
2290 1697 2530 1766 φρενῖτις
2565 1691 2873 1762 συμϐαίνει,
2919 1689 3004 1753 λς’
3043 1689 3138 1742 καὶ
3167 1688 3251 1740 ὅτι
3291 1687 3352 1739 ού
3385 1685 3473 1739 διὰ
3501 1686 3683 1738 τοῦτο·
3714 1684 3790 1748 λζ’

2213 1791 2293 1842 ὃτι
2330 1788 2417 1842 διὰ
2450 1785 2756 1856 φλεγμονὴν
2785 1786 2819 1854 ἡ
2850 1784 3092 1852 φρενῖτις
3122 1779 3432 1850 συμϐαίνει,
3471 1776 3555 1849 λη’
3589 1779 3684 1832 καὶ
3710 1780 3788 1831 ὅτι

2212 1881 2274 1933 οὑ
2301 1879 2391 1932 διὰ
2418 1877 2760 1947 φλεγμονήν·
2793 1875 2871 1926 λθ¹
2901 1876 2982 1927 ὅτι
3011 1875 3038 1926 ό
3068 1872 3342 1942 λήθαργος
3373 1870 3517 1924 κατὰ
3545 1871 3788 1936 φλεγμο-

2213 1972 2308 2042 νὴν
2333 1971 2541 2037 γίνεται
2568 2009 2582 2034 ,
2620 1975 2671 2037 μ’
2698 1969 2791 2020 καὶ
2818 1968 2900 2020 ὅτι
2931 1969 2960 2018 ό
2986 1965 3259 2034 λήθαργος
3295 1965 3355 2016 ού
3395 1962 3611 2030 γίνεται
3649 1960 3789 2014 κατὰ

2214 2065 2545 2137 φλεγμονὴν·
2579 2068 2667 2131 μα’
2689 2063 2770 2114 ότι
2794 2060 2934 2114 κατὰ
2955 2059 3236 2112 διάστασιν
3263 2059 3310 2110 οἱ
3337 2055 3667 2125 ληθαργικοὶ
3695 2053 3790 2106 καὶ

2215 2157 2440 2230 φθοράν
2471 2156 2556 2227 μβ¹
2580 2156 2661 2209 ὅτι
2692 2153 3023 2224 ληθαργικὸς
3047 2151 3108 2204 ού
3137 2150 3288 2217 παρὰ
3308 2150 3367 2201 τὸ
3395 2146 3623 2214 πλῆθος,
3654 2145 3790 2199 ἀλλᾶ

2212 2248 2313 2319 τὴν
2346 2247 2609 2317 ποιότητα
2639 2246 2748 2299 τῶν
2775 2242 3180 2312 διαπνεομένων
3227 2239 3535 2310 πμόαίνει·
3585 2244 3676 2308 μγ’
3711 2238 3788 2290 ὅτι

2215 2342 2344 2412 περὶ
2384 2340 2506 2393 ὅλον
2544 2341 2606 2392 τὸ
2657 2338 2817 2408 σῶμα
2861 2337 2894 2405 ἡ
2936 2335 3114 2405 ὄρεξις
3146 2332 3241 2386 τοῦ
3285 2333 3478 2402 φαγεῖν
3514 2331 3614 2383 καὶ
3645 2332 3789 2382 πιεῖν

2213 2434 2474 2504 ὑπάρχει,
2499 2431 2582 2503 μδ⁹
2607 2432 2702 2485 καὶ
2729 2432 2812 2484 ὃτι
2842 2430 2903 2482 οὺ
2928 2429 3056 2497 περὶ
3082 2425 3224 2490 ὅλον,
3247 2425 3380 2479 ἀλλὰ
3404 2441 3469 2476 πε
3481 2427 3531 2493 pl.
3555 2424 3650 2476 τὸν
3678 2422 3791 2474 στό-

2217 2541 2389 2595 μαχον
2412 2541 2426 2556 ·
2463 2521 2546 2594 με’
2582 2523 2664 2576 ὅτι
2689 2525 2722 2592 ὴ
2753 2521 2846 2576 τοῦ
2893 2524 3089 2589 φαγεῖν
3131 2521 3227 2573 καὶ
3265 2521 3408 2572 πιεῖν
3447 2516 3631 2586 ὄρεξις
3661 2515 3790 2584 περὶ

2213 2615 2452 2669 διάνοιάν
2470 2617 2608 2667 ἐστι·
2644 2621 2741 2684 μς⁹
2766 2615 2846 2667 ὃτι
2882 2613 3006 2667 καθ’
3033 2612 3218 2682 ὑγρῶν
3253 2610 3456 2663 ἔνδειαν
3483 2607 3700 2676 γίνεται
3728 2606 3790 2657 τὸ

2213 2709 2385 2778 δίψος,
2429 2707 2512 2778 μζ’
2541 2707 2634 2760 καὶ
2659 2706 2742 2759 ὅτι
2772 2707 2868 2775 οὐχ
2895 2704 3082 2774 ὑγρῶν
3113 2703 3348 2770 ἐλλείψει
3369 2701 3584 2770 γίνεται
3618 2698 3683 2750 τὸ
3715 2697 3789 2749 δί-

2213 2802 2333 2872 ψος·
2370 2800 2459 2868 μη⁹
2487 2799 2570 2852 ὅτι
2602 2798 2731 2867 περὶ
2761 2797 2854 2849 τὸν
2892 2795 3162 2864 πόμαχόν
3185 2791 3301 2846 ἔστι
3331 2809 3414 2854 τις
3439 2789 3604 2857 διπλῆ
3635 2787 3787 2858 ἐνέρ-

2214 2908 2360 2960 γεια,
2400 2890 2484 2959 μθ¹
2515 2890 2610 2942 καὶ
2649 2889 2734 2940 ὅτι
2775 2887 2876 2940 οὐκ
2916 2885 3030 2938 ἔστι
3063 2883 3224 2954 διπλῆ
3265 2900 3347 2946 τις
3377 2881 3630 2950 ἐνέργεια
3661 2879 3787 2948 περὶ

2215 2988 2308 3039 τὸν
2339 2985 2628 3054 στόμαχον·
2658 2978 2700 3034 ν’
2729 2980 2817 3033 ὅτι
2846 2981 2882 3050 ἡ
2911 2978 3066 3040 ὲκτὸς
3097 2975 3297 3048 μῆνιγξ
3325 2977 3358 3047 ή
3391 2976 3450 3027 ὲν
3477 2973 3558 3044 τῷ
3599 2973 3790 3027 κοιλώ-

533 3042 1175 3110 (47ὶεεεεὶυείιίθηόηιιι.
1207 3052 1297 3108 57.
1331 3053 1446 3110 Νοη
1495 3072 1616 3114 esse
1654 3062 1751 3117 ait.
1790 3063 1881 3120 58.
1921 3063 2108 3120 Febri-

2218 3099 2347 3152 ματι
2369 3042 2646 3150 ἀρχὴιτῶν
2677 3042 2886 3146 νεύρων
2925 3071 3064 3125 ἐστί·
3096 3042 3175 3123 na;
3200 3072 3281 3123 ὅτι
3304 3042 3399 3138 ούχ
3422 3070 3456 3138 ή
3489 3042 3646 3159 ἐκτὸς
3683 3068 3754 3135 μῆ

530 3135 822 3193 citantibus
866 3155 970 3195 non
1018 3144 1224 3212 utiliter
1270 3148 1473 3217 porrigi
1518 3152 1703 3208 vinunt
1748 3157 1965 3212 asserit.
2016 3157 2104 3214 59.

528 3224 699 3282 Recte
730 3229 797 3284 iis
837 3235 1064 3300 praeberi
1094 3237 1298 3294 vinum.
1358 3239 1449 3297 60.
1501 3242 1960 3303 Febricitantibus
1987 3263 2110 3305 esse

526 3319 778 3376 balneum
850 3327 1232 3386 adhibendum.
1285 3334 1373 3388 61.
1411 3337 1558 3391 Idem
1603 3349 1781 3409 negat.
1810 3341 1899 3397 62.
1935 3341 2109 3415 Opor-

530 3422 644 3466 tere
688 3415 742 3470 in
788 3417 1096 3474 morborum
1166 3426 1519 3484 incrementis
1565 3431 1799 3501 clystere
1849 3437 1948 3492 uti.
2009 3438 2098 3494 65.

524 3505 696 3573 Negat
763 3509 835 3563 id.
895 3511 986 3566 64.
1046 3513 1316 3573 Utendum
1370 3534 1492 3576 esse
1560 3521 1969 3585 inunctionibus
2043 3533 2096 3586 in

525 3597 832 3669 principiis.
865 3602 954 3658 65.
987 3603 1127 3660 Idem
1163 3620 1346 3679 negat.
1376 3609 1465 3666 66.
1501 3612 1617 3668 Non
1649 3632 1768 3672 esse
1820 3631 1981 3688 caput
2009 3638 2104 3676 ca-

530 3689 866 3756 taplasmatis
895 3699 1214 3764 curandum,
1250 3701 1345 3754 sed
1377 3701 1661 3758 olfactoria
1715 3708 1980 3765 duntaxat
2003 3713 2104 3767 ad-

528 3779 781 3835 hibenda.
813 3784 900 3838 67.
940 3785 1206 3843 Utendum
1240 3805 1363 3846 esse
1387 3793 1439 3846 in
1467 3797 1643 3864 capite
1671 3801 2102 3868 cataplasmatis.

528 3869 619 3926 68.
653 3873 782 3939 Quae
817 3878 1074 3932 vomitum
1101 3894 1397 3950 provocent
1438 3887 1653 3956 juvnre.
1698 3891 1790 3946 69.
1817 3891 1936 3947 Non
1984 3909 2106 3950 esse

526 3966 785 4019 utendum
816 3968 880 4020 iis
908 3985 1026 4035 qua:
1045 3973 1302 4028 vomitum
1334 3977 1500 4032 cient.
1533 3981 1620 4036 70.
1649 3981 1754 4037 Cor
1783 3985 2101 4054 sanguinem

527 4073 636 4111 non
696 4061 966 4115 emittere.
1039 4062 1127 4120 71.
1200 4065 1410 4124 Tamen
1464 4072 1515 4126 id
1578 4077 1795 4132 asserit.
1849 4077 1934 4133 72.
1997 4078 2105 4134 Cor

527 4148 778 4216 spiritum
807 4167 912 4206 non
941 4154 1212 4226 emittere,
1239 4160 1334 4215 sed
1358 4164 1592 4220 arterias
1627 4167 1773 4221 illum
1799 4171 2098 4227 attrahere.

526 4239 616 4294 75.
653 4239 762 4295 Cor
813 4243 1064 4312 spiritum
1115 4251 1387 4315 emittere,
1423 4269 1598 4322 neque
1635 4260 1704 4312 ab
1762 4263 1984 4316 arteriis
2023 4274 2105 4318 at-

525 4332 689 4386 trahi.
721 4334 816 4390 74.
839 4334 947 4390 Cor
977 4353 1074 4406 per
1105 4356 1163 4394 se
1222 4347 1449 4402 moveri.
1479 4346 1567 4405 75.
1615 4349 1757 4405 Idem
1806 4354 2100 4412 inticiatur.

528 4416 614 4471 76.
649 4417 897 4476 Arterias
935 4438 1001 4477 ex
1044 4435 1236 4482 natura
1281 4435 1603 4502 sanguinem
1666 4442 1969 4499 continuere.
2013 4445 2098 4500 77.
2133 4443 2176 4498 D

529 4509 772 4565 Artcrias
801 4527 907 4566 non
928 4528 1049 4570 esse
1076 4519 1365 4586 sanguinis
1415 4531 1834 4597 receptaculum.
1864 4535 1953 4589 78.
1981 4539 2105 4593 0m-

525 4602 611 4655 nia
660 4619 791 4660 vasa
824 4609 910 4661 ubi
947 4612 1257 4679 prominent
1309 4631 1375 4671 ac
1427 4628 1665 4692 turgent,
1701 4627 1895 4698 simpla
1955 4648 2100 4690 esse.

527 4695 617 4750 79.
645 4697 1007 4768 Receptacula
1040 4717 1160 4757 esse
1186 4713 1334 4760 texta
1371 4711 1673 4771 involucra.
1700 4695 1928 4777 80.'Per
1980 4742 2104 4780 ner-

522 4801 620 4840 vos
657 4803 872 4844 sensum
917 4807 981 4847 ac
1025 4793 1212 4864 13οὸ
1264 4811 1470 4856 motum
1509 4809 1715 4874 perlici.
1771 4812 1859 4868 81.
1916 4814 1973 4868 Id
2029 4818 2101 4871 ita

524 4878 640 4932 lieri
687 4891 868 4951 negat.
897 4883 986 4938 82.
1016 4885 1287 4944 Venarum
1325 4895 1648 4966 principium
1681 4917 1778 4957 cor
1806 4918 1951 4960 esse.
2007 4907 2099 4965 85.

528 4967 676 5023 Idem
703 4974 888 5026 statim
922 4987 1103 5045 negat.
1143 4980 1234 5035 84.
1275 4980 1443 5040 Jecur
1490 5005 1611 5045 esse
1655 5007 1916 5051 venarum
1957 5001 2102 5068 prin~

523 5059 747 5157 cipium.
776 5063 867 5117 85.
890 5064 1012 5120 Mox
1048 5069 1101 5124 id
1143 5072 1438 5132 inliciatur.
1463 5078 1554 5134 86.
1591 5080 1863 5141 Venarum
1900 5059 2101 5157 princi-

2209 3171 2331 3239 νιγξ
2369 3169 2512 3241 ἁρχὴ
2539 3166 2649 3221 τῶν
2675 3164 2881 3236 νεύρων
2906 3161 3023 3215 ὲστί
3048 3176 3061 3190 ·
3102 3160 3178 3230 νβ’
3213 3161 3296 3212 ὅτι
3331 3157 3696 3226 ἁναδιδόμενα
3723 3155 3788 3208 τὰ

2209 3265 2480 3335 φάρμακα
2507 3258 2786 3328 καθαίρει,
2813 3261 2891 3323 νγ¹
2915 3255 2996 3308 ὅτι
3023 3253 3124 3306 οὑκ
3155 3251 3516 3320 ἁναδιδόμενα
3541 3249 3614 3301 τὰ
3645 3248 3787 3320 φάρ-

2211 3355 2382 3427 μακα,
2397 3351 2532 3405 ἀλλὰ
2549 3349 2692 3404 κατὰ
2707 3349 2806 3418 τὴν
2829 3345 3176 3416 πρόσπτωσιν
3191 3343 3466 3413 καθαίρει·
3479 3343 3552 3395 νδν
3570 3344 3788 3412 51:19:;-

2209 3450 2362 3502 στέον
2387 3447 2500 3508 τοῖς
2537 3443 2915 3514 καθαρτικοῖς,
2948 3447 3019 3494 vs’
3045 3439 3139 3493 καὶ
3165 3439 3249 3492 ὅτι
3277 3437 3338 3490 οὐ
3365 3437 3637 3509 χρηστέον
3659 3454 3674 3466 ·
3704 3434 3788 3500 νς⁸

2205 3544 2288 3596 ὅτι
2322 3539 2658 3610 φλεϐοτομίᾳ
2688 3536 2984 3607 χρηστέον,
3028 3534 3104 3598 νζ¹
3146 3533 3240 3586 καὶ
3270 3533 3353 3585 ὅτι
3381 3533 3438 3584 ού
3479 3531 3750 3602 χρηστέον
3772 3547 3786 3560 ·

2205 3639 2288 3704 νη¹
2313 3632 2396 3686 ὅτι
2427 3631 2570 3685 οίνου
2590 3629 2736 3690 δόσις
2764 3627 2826 3678 οὐ
2853 3626 3097 3696 χρησίμη
3130 3624 3354 3677 ἐπὶτῶν
3383 3625 3785 3695 πυρεσσόντων,

2206 3727 2281 3779 νϐ’
2310 3726 2405 3779 καὶ
2454 3725 2537 3778 ὅτι
2576 3719 2718 3784 οἶνος
2761 3719 2940 3781 δοτέος
2986 3720 3098 3780 τοῖς
3142 3718 3499 3788 πυρέσσουσι·
3533 3713 3577 3783 ξ’
3603 3719 3689 3771 ὅτι
3730 3715 3790 3767 τὸ

2204 3816 2428 3886 λουτρὸν
2456 3816 2568 3877 τοῖς
2604 3812 2971 3882 πυρέσσουσιν
3002 3808 3267 3863 ἐπακτέον
3288 3847 3303 3869 ,
3340 3807 3419 3874 ξα⁸
3457 3808 3556 3860 καὶ⁵
3583 3808 3666 3860 ὃτι
3690 3807 3789 3902 οὐκ

2205 3908 2491 3962 ἐπακτέον·
2517 3907 2592 3977 ξβ¹
2622 3905 2705 3958 ὅτι
2729 3905 2810 3957 δεῖ
2847 3905 2904 3956 ὲν
2931 3905 3050 3966 ταῖς
3109 3902 3396 3955 ἐπιτάσεσι
3439 3898 3683 3964 κλύζειν,
3710 3899 3774 3965 ξγ

2205 4003 2299 4054 καὶ
2333 4001 2416 4053 ὅτι
2457 3999 2518 4052 οὐ
2554 3999 2653 4050 δεῖ·
2690 3996 2760 4060 ξδ’
2789 3997 2870 4050 δτι
2914 3997 2996 4048 δεῖ
3025 3997 3083 4048 ἐν
3124 3997 3245 4058 ταῖς
3273 3996 3472 4063 ἀρχαῖς
3500 3991 3785 4060 ὲπαλείψει

2204 4089 2461 4160 χρῆσθαι,
2498 4089 2569 4154 Es’
2594 4088 2690 4141 καὶ
2716 4089 2796 4140 ὅτι
2830 4087 2890 4138 οὐ
2919 4086 3016 4139 δεῖ·
3051 4086 3136 4150 Eg’
3155 4087 3236 4138 ὅτι
3265 4085 3326 4137 οὐ
3357 4084 3439 4136 δεῖ
3471 4082 3788 4136 καταπλάσ-

2206 4199 2320 4234 σειν
2349 4180 2449 4247 τὴν
2474 4179 2740 4250 κεφαλὴν,
2772 4177 2907 4231 ἀλλὰ
2937 4178 3050 4239 τοῖς
3079 4178 3400 4247 ὀσφραντοῖς
3444 4175 3630 4242 μόνοις
3653 4177 3788 4243 χρῆ-

2207 4270 2352 4333 σθαι,
2387 4270 2464 4337 ξς·
2511 4270 2606 4323 καὶ
2635 4270 2717 4322 ὅτι
2761 4267 2843 4321 δεῖ
2867 4269 2888 4301 ³
2917 4267 3153 4338 χρῆσθαι
3201 4264 3665 4334 καταπλάσμασιν
3696 4262 3787 4316 ἐπὶ

2205 4361 2306 4430 τῆς
2350 4360 2619 4429 κεφαλῆς·
2673 4359 2755 4430 ξη¹
2791 4360 2874 4412 ὅτι
2902 4357 3216 4428 ὲμετοποιία
3251 4356 3550 4426 συμφέρει,
3585 4355 3664 4421 ξθ¹
3697 4356 3787 4406 καὶ

2207 4455 2289 4508 ὅτι
2329 4457 2388 4508 οὺ
2419 4453 2686 4525 χρηστέον
2721 4452 3063 4524 ὲμετοποιίᾳ·
3097 4457 3137 4503 0'
3165 4451 3250 4503 ὅτι
3275 4451 3374 4502 οὐκ
3414 4450 3725 4518 ἐπιπέμπει
3753 4448 3788 4516 ἡ

2209 4547 2407 4619 καρδία
2442 4541 2621 4617 αἷμα,
2655 4551 2734 4599 οα’
2777 4545 2871 4598 καὶ
2910 4544 2994 4596 ὅτι
3034 4543 3374 4610 ἐπιπέμπει·
3410 4540 3487 4610 οβ’
3509 4542 3593 4594 ὅτι
3620 4542 3720 4608 οὔχ
3753 4540 3786 4606 ἡ

2209 4638 2405 4710 καρδία
2447 4637 2754 4707 ἐπιπέμπει
2806 4634 2868 4687 τὸ
2899 4632 3139 4703 πνεῦμα,
3175 4630 3291 4684 ἀλλ’
3323 4631 3379 4684 αί
3410 4631 3676 4701 ἀρτηρίαι
3706 4629 3789 4681 ἑλ-

2209 4725 2516 4796 κουσιν,ογ’
2544 4729 2638 4781 καὶ
2681 4727 2763 4779 ὅτι
2802 4727 2834 4796 ἡ
2877 4723 3076 4795 καρδία
3116 4722 3421 4792 ἐπιπέμπει
3459 4721 3522 4772 τὸ
3552 4719 3787 4788 πνεῦμα,

2209 4826 2305 4876 καὶ
2340 4821 2460 4891 οὐχὶ
2491 4823 2546 4872 αί
2576 4817 2836 4888 ἀρτηρίαι
2867 4815 3120 4868 ἕλκουσιν
3141 4829 3155 4842 ·
3185 4812 3257 4865 ob"
3301 4813 3384 4864 ὃτι
3420 4810 3483 4877 ἐξ
3523 4809 3727 4877 ἑαυτῆς
3756 4810 3788 4875 ἡ

2208 4913 2405 4984 καρδία
2439 4914 2694 4976 κινεῖται,
2722 4915 2794 4963 σε’
2828 4909 2923 4962 καὶ
2964 4908 3047 4961 ὅτι
3071 4907 3173 4960 οὐκ
3210 4905 3270 4970 ἐξ
3294 4903 3497 4972 ἑαυτῆς
3528 4905 3564 4974 ἡ
3597 4901 3789 4972 καρδία

2207 5008 2465 5058 κινεῖται·
2493 5010 2578 5068 ος¹
2607 5004 2691 5056 ὃτι
2721 5002 2863 5055 κατὰ
2897 5000 3058 5071 φύσιν
3085 4995 3224 5068 αἷμα
3259 5000 3316 5050 ὲν
3344 4999 3467 5060 ταῖς
3498 4997 3789 5066 ἀρτηρίας

2208 5097 2442 5167 ὑπάρχει
2466 5138 2481 5163 ,
2509 5098 2586 5159 oC’
2633 5094 2762 5168 [2I9
2805 5091 2901 5164 IL]
2943 5093 3024 5146 ὃτι
3063 5093 3162 5162 οὐχ
3198 5091 3430 5161 αἵματος
3471 5091 3698 5158 ἀγγεῖον
3735 5089 3786 5140 al

525 5151 674 5219 pimn
703 5167 824 5209 esse
869 5161 1251 5219 ventriculum.
1273 5166 1364 5221 87.
1397 5168 1456 5224 Id
1493 5186 1618 5226 mox
1649 5175 1862 5234 inﬁcias
1890 5151 1970 5235 ire
1994 5197 2098 5238 non

2210 5151 2484 5260 ἀρτηρίαιί
2519 5151 2597 5258 οη’
2620 5151 2704 5240 ότι
2733 5151 2912 5241 πάντα
2938 5184 3008 5237 τὰ
3049 5151 3334 5253 ἀγγεῖαἘν
3361 5151 3442 5253 τῷ
3466 5151 3621 5251 δγκῳ
3648 5182 3787 5236 ἁπλᾶ

525 5242 760 5300 dubitat.
784 5245 874 5302 88.
909 5247 1395 5318 Receptaculorum
1424 5265 1666 5320 omnium
1684 5269 1949 5339 originem
1974 5288 2097 5330 esse

2210 5283 2372 5346 ἐστιν,
2419 5281 2494 5333 06'
2526 5282 2622 5334 καὶ
2653 5281 2736 5334 ὅτι
2771 5281 2888 5332 ἐστὶ
2914 5276 2984 5329 τὰ
3028 5278 3226 5346 ἀγγεῖα
3263 5275 3592 5346 πλέγματα·
3627 5282 3680 5327 π’
3709 5276 3786 5327 ὅτι

1859 5406 2097 5466 VARIIE
2132 5411 2549 5471 LECTIONES.

2034 5545 2266 5606 NOTAE.

571 5619 1464 5715 3153"}:1696-669:fitilla
1503 5629 1623 5685 cod.
1663 5633 1787 5715 2|],
1842 5652 2068 5715 quorum:
2112 5641 2229 5697 loco
2286 5643 2354 5697 I5
2385 5652 2437 5698 et
2492 5643 2554 5698 Hi
2598 5644 2787 5714 capitis
2844 5645 3069 5700 adversa
3111 5645 3377 5701 sententia
3436 5646 3544 5702 illis
3599 5660 3791 5715 propo-

530 5691 696 5742 nitur.
729 5690 802 5744 lta
829 5695 1064 5761 capitum
1089 5690 1377 5762 utrobique
1397 5714 1651 5756 numerus
1681 5690 1820 5760 idem
1851 5690 2100 5762 cilicitur.

599 5458 618 5486 ³
647 5455 749 5528 δεῖ]
804 5457 923 5515 libri
969 5461 1028 5513 ού
1084 5460 1183 5515 δεῖ.
