3932 6240
527 310 628 377 547

1651 298 1908 360 ΡθΟΤΙιΙ
1939 297 2438 359 ΡΑΤΗΙΑΒΟΟᾹί
2475 297 2584 358 CP.

3666 292 3773 355 548

592 424 780 478 Altera
811 419 1054 476 narratio
1082 418 1148 471 de
1198 413 1424 486 Byblide
1459 411 1784 466 instituitur.
1816 410 1949 464 Filia
1983 409 2096 479 (55)

2270 410 2530 480 Δεύτερον
2557 411 2635 478 ,τὰ
2680 412 2810 482 περὶ
2855 409 3126 474 Βυϐλίὸος,
3155 410 3230 474 ὼς
3263 412 3391 473 παῖς
3416 407 3487 482 ἦν
3519 411 3768 481 Μιλήτῳ.

524 519 636 572 haec
655 515 754 569 fuit
779 514 965 578 Mileti,
992 512 1214 565 fratrem
1244 509 1448 562 habens
1475 505 1738 561 Caunum.
1768 503 2088 558 Habitarunt

522 622 652 661 vero
686 605 926 660 Miletum
961 602 1072 670 (54)
1103 600 1244 653 Asiae
1266 597 1400 667 (55),
1427 613 1588 666 quam
1614 607 1737 665 post
1766 596 1981 663 quidem
2001 592 2087 647 lo-

522 713 620 752 nes
653 698 750 760 illi,
792 694 883 764 qui
911 692 1144 747 Athenis
1166 707 1288 744 cum
1321 687 1483 742 Neleo
1512 688 1624 756 (56)
1654 686 1876 756 profecti
1908 695 2084 748 erant,

522 797 836 849 tenuerunt,
884 795 1012 840 tunc
1056 796 1232 836 autem
1263 782 1429 836 Cares
1456 780 1567 852 (57)
1605 795 1722 834 eam
1755 777 2086 839 incolebant,

521 883 752 952 populus
782 880 1055 945 frequens,
1091 891 1155 929 ac
1189 876 1408 928 vicatim
1438 874 1709 927 habitans.
1738 871 1954 926 Caunus
1976 871 2088 940 (58)

521 972 610 1026 hic
630 969 910 1036 impotenti
931 978 1210 1033 correptus
1237 979 1420 1018 amore
1454 963 1693 1032 Byblidis
1715 966 1940 1026 sororis,
1966 975 2087 1014 cum

519 1078 582 1117 ea
610 1060 770 1130 potiri
807 1075 912 1112 non
955 1068 1159 1126 posset,
1203 1057 1366 1108 multa
1399 1055 1528 1107 licet
1574 1054 1851 1114 movisset,
1888 1061 2088 1104 terram

522 1153 668 1208 illam
725 1150 989 1205 deseruit.
1026 1149 1124 1213 Qui
1183 1148 1271 1200 ubi
1305 1162 1408 1200 non
1462 1145 1787 1213 comparuit,
1813 1143 2090 1198 doloribus

519 1244 770 1316 plurimis
804 1241 995 1296 affecta
1045 1241 1250 1310 Byblis,
1279 1249 1558 1306 paternam
1591 1247 1645 1290 et
1677 1237 1846 1305 ipsum
1872 1236 2087 1289 domum

526 1337 769 1406 reliquit,
803 1343 857 1389 et
878 1351 972 1401 per
991 1333 1203 1384 deserta
1239 1331 1327 1383 diu
1365 1331 1644 1390 oberrans,
1675 1339 1833 1395 atque
1869 1329 1937 1380 ob
1979 1325 2090 1378 fru-

519 1442 722 1488 stratos
747 1443 960 1483 amores
986 1429 1166 1480 animo
1202 1425 1394 1486 fracta,
1435 1439 1573 1476 nexo
1602 1423 1665 1474 de
1703 1437 1834 1475 zona
1873 1421 2086 1487 laqueo,

518 1540 586 1580 ex
618 1537 756 1577 nuce
785 1521 1015 1592 seipsam
1041 1518 1339 1588 suspendit.
1367 1517 1494 1570 Inde
1536 1516 1696 1570 ﬂente
1724 1515 1806 1567 illa
1840 1515 2092 1583 lacrymae

517 1616 816 1676 ﬂuxerunt,
844 1612 1071 1678 fonsque
1104 1611 1228 1663 hinc
1266 1619 1477 1670 enatus,
1512 1624 1670 1676 quem
1705 1607 1926 1677 Byblida
1951 1605 2091 1658 indi-

520 1723 672 1778 genzc
719 1707 1018 1761 nominant.
1053 1703 1270 1758 Caunus
1321 1704 1433 1770 ipse
1466 1718 1631 1771 vagus
1664 1703 1876 1755 interim
1937 1701 2093 1754 ober-

2194 505 2450 575 ἔχουσα¹⁰
2477 505 2536 568 ἐξ
2577 504 2746 575 αὐτῆς
2777 505 3004 572 ἀδελφὸν
3036 504 3478 574 Καῦνον.ᾬκουν
3509 505 3564 557 δε
3599 507 3775 574 Μίλη-

2193 613 2286 648 τον
2309 596 2407 662 τῆς
2444 595 2662 659 Ἀσίας,
2700 595 2766 665 ἢν
2799 593 3023 664 ὕστερον
3059 594 3157 663 μὲν
3181 594 3364 655 Ἴωνες
3400 593 3495 645 καὶ
3516 593 3555 623 ¹¹
3584 593 3633 644 οἱ
3665 592 3774 642 ἀπ’

2206 689 2447 760 Ἀθηνῶν
2495 691 2634 759 μετά
2677 690 2903 760 Νηλέως
2945 687 3276 761 ὁρμηθέντες
3305 688 3547 758 ᾤκησαν,
3583 687 3707 739 τότε
3730 686 3773 717 ⁸⁸

2193 782 2238 836 δ’
2268 782 2523 852 ἐνέμοντο
2571 781 2772 852 Κᾶρες,
2808 780 2960 842 ἔθνος
3009 779 3135 852 [2Ξο
3173 778 3266 849 Η.)
3317 779 3485 848 μέγα,
3517 777 3774 847 κωμηδὸν

2194 874 2484 935 οἰκοῦντες.
2529 873 2730 944 Καύνῳ
2773 872 2974 943 δ’ἔρω,
3027 871 3296 942 ἐγείρεται
3347 871 3627 941 ἀμήχανος
3672 871 3774 938 τῆς

2196 965 2429 1036 ἀδελφῆς
2459 964 2714 1027 Βυϐλίδος
2737 982 2749 995 ·
2782 964 2857 1028 ὼς
2884 965 2929 1019 δ’
2952 963 3296 1033 ἀπετύγχανε
3327 961 3494 1015 πολλὰ
3518 963 3770 1030 κινήσας,

2195 1057 2360 1121 ἔξεισι
2414 1058 2512 1127 τῆς
2562 1059 2664 1127 γῆς
2713 1058 2949 1126 ἐκείνης.
3002 1058 3110 1111 Καὶ
3154 1057 3561 1125 ἀφανισθέντος,
3595 1058 3775 1125 μυρίῳ

2194 1155 2315 1224 ἄχει
2361 1151 2702 1222 κατεχομένη
2747 1153 2779 1220 ἡ
2833 1150 3028 1212 Βυϐλὶς
3060 1150 3302 1202 ἐκλείπει
3349 1150 3444 1202 καὶ
3490 1149 3630 1215 αὑτὴ
3676 1152 3776 1216 τὴν

2196 1246 2452 1317 πατρῴαν
2501 1246 2700 1308 οἰκίαν,
2731 1243 2826 1295 καὶ
2877 1241 3077 1312 πολλὴν
3125 1242 3363 1312 ἐρημίαν
3415 1240 3773 1308 πλανηθεῖσα.

2197 1342 2290 1396 καὶ
2319 1341 2455 1411 πρὸς
2479 1339 2604 1401 τοὺς
2635 1335 2843 1396 ἀτελεῖς
2876 1334 3096 1402 ίμέρους
3119 1332 3556 1403 ἀπαγορεύουσα,
3580 1332 3774 1400 βρόχον

2197 1435 2295 1505 τὴν
2325 1433 2501 1499 ζώνην
2544 1429 2688 1492 τινὸς
2727 1428 2940 1499 καρύας
2974 1426 3266 1492 καθάψασα
3295 1425 3495 1496 ἑαυτὴν
3528 1425 3774 1492 ἀνήρτη-

2199 1541 2325 1580 σεν·
2373 1523 2500 1577 ἔνθα
2540 1522 2669 1593 δὴ¹³
2718 1521 3009 1590 κλαιούσης
3054 1518 3220 1586 αὐτῆς
3262 1515 3432 1588 ἐρρύη
3463 1515 3533 1569 τά
3562 1515 3772 1585 δάκρυα

2199 1615 2292 1668 καὶ
2325 1615 2530 1684 κρήνην
2576 1613 2765 1680 ἀνῆκε,
2794 1610 3027 1664 Βυϐλίδα
3078 1611 3188 1672 τοῖς
3236 1608 3552 1678 ἐπιχωρίοις
3579 1607 3770 1674 δνομα.

2199 1706 2412 1764 Καῦνος
2456 1705 2577 1757 δὲίι
2623 1703 2974 1770 πλανώμενος
3020 1703 3100 1764 είς
3149 1700 3348 1753 Λυκίαν
3397 1699 3635 1768 φθάνει,
3683 1698 3774 1750 καὶ

523 1816 671 1863 rans,
693 1800 742 1852 in
771 1799 990 1868 Lyciam
1021 1798 1232 1850 tandem
1278 1795 1544 1864 pervenit.
1578 1795 1709 1847 Huic
1741 1793 1840 1863 ipsi
1863 1792 2092 1857 Pronoe,

2202 1797 2369 1867 τούτῳ
2404 1797 2609 1868 Προνόη
2647 1795 2805 1866 (Ναῒς
2837 1795 2881 1848 δ’
2908 1790 2975 1864 ἦν
3007 1791 3175 1862 αῦτη)
3211 1791 3450 1846 ἀναδῦσα
3482 1789 3582 1844 τοῦ
3612 1806 3775 1842 ποτα-

521 1907 627 1945 una
678 1901 731 1944 et
772 1890 1091 1954 Naiadibus,
1143 1888 1365 1942 ﬂumine
1419 1901 1720 1956 emergens,
1754 1882 2094 1955 qmeByblidi

520 1978 856 2031 accidissent
895 1985 1101 2039 narrat,
1157 1985 1323 2043 utque
1364 1989 1546 2028 amore
1613 1974 1682 2028 sit
1710 1984 1894 2028 coacta
1937 1973 2093 2026 mori.

521 2069 728 2125 Suadet
759 2069 979 2138 insuper
1011 2068 1111 2122 sibi
1146 2078 1205 2121 ut
1231 2069 1503 2122 connubio
1527 2069 1804 2136 jungatur,
1846 2082 1952 2136 quo
1978 2065 2094 2133 ejus

520 2177 632 2215 ora;
667 2175 894 2229 regnum
955 2165 1204 2228 occupet,
1236 2158 1381 2228 quod
1447 2157 1500 2212 in
1531 2159 1660 2225 jeaiu
1691 2157 1804 2227 jam
1843 2155 2093 2211 collatum

522 2251 722 2304 fuerat.
759 2249 835 2304 lta
880 2250 1097 2304 Caunus
1127 2264 1157 2303 e
1199 2247 1410 2303 l’ronoe
1447 2247 1718 2319 [Egialuin
1743 2247 1977 2310 sustulit,
2003 2249 2095 2316 qui

519 2350 578 2397 et
605 2344 720 2413 ipse
743 2357 994 2412 regnum,
1032 2352 1186 2410 patre
1219 2340 1497 2407 defuncto,
1532 2341 1703 2394 tenuit
1731 2339 2097 2406 :collectoque

521 2435 720 2504 p0pnlo
751 2434 983 2504 sparsim
1017 2435 1320 2500 habitante,
1364 2434 1553 2487 urbem
1614 2430 1819 2486 flumini
1873 2430 2098 2500 imposi-

523 2538 632 2580 tam
666 2527 1027 2581 exaedificavit
1067 2541 1314 2596 magnam
1355 2535 1515 2593 atque
1561 2523 1890 2594 opulentam,
1935 2539 2095 2593 quam

522 2620 589 2674 de
614 2620 782 2686 patris
823 2620 1036 2672 nomine
1067 2617 1314 2671 Caunum
1348 2617 1459 2684 (59)
1493 2617 1802 2686 appellavit.

593 2710 775 2765 Tertia
808 2729 822 2765 :
859 2712 936 2764 Ad
966 2709 1173 2763 Ionium
1210 2724 1358 2762 mare
1385 2710 1608 2763 Scberia
1637 2709 1808 2764 insula
1839 2723 1945 2762 non
1974 2721 2100 2776 pro-

521 2802 608 2856 cul
665 2804 732 2856 ab
779 2801 939 2871 Epiro
987 2810 1039 2855 et
1087 2799 1377 2854 Cerauniis
1427 2802 1700 2854 montibus
1744 2801 1847 2855 sita
1879 2800 2096 2852 dicitur.

526 2895 650 2948 llzcc
683 2895 934 2947 Phatacas
962 2894 1169 2947 incolas
1200 2893 1388 2951 tenuit.
1411 2892 1502 2960 qui
1534 2892 1686 2958 initio
1714 2892 1930 2958 quidem
1963 2891 2099 2944 imii-

524 3002 673 3056 gena:
693 2985 931 3048 fuerunt,
951 2985 1201 3053 imposito
1214 2985 1339 3038 huic
1357 2983 1560 3037 nationi
1579 2984 1795 3036 nomine
1814 2997 1842 3035 a
1866 2983 2096 3052 quodam

523 3077 644 3145 ejus
696 3075 933 3145 regionis
991 3090 1139 3142 rege,
1174 3076 1343 3130 donec
1388 3085 1509 3144 post
1546 3073 1945 3128 Corinthiorum
1987 3071 2098 3142 (60)

525 3183 650 3239 pars
664 3183 728 3224 eo
744 3168 1118 3237 commigravit
1134 3181 1440 3236 nomenque
1461 3165 1654 3220 exinde
1674 3164 2028 3220 commutavit
2047 3173 2106 3218 ut

526 3262 760 3333 Corcyra
797 3261 908 3330 (6|)
930 3261 1220 3325 diceretur,
1256 3259 1500 3330 quaa(62)
1529 3268 1584 3312 et
1609 3259 1774 3313 maris
1795 3259 1990 3313 ibidem
2010 3259 2110 3314 im-

525 3356 730 3424 perium
761 3355 981 3411 'babuit.
1017 3353 1240 3410 Phaeace
1271 3365 1449 3408 autem
1495 3355 1681 3410 insulae
1717 3369 1840 3426 rege
1873 3365 2106 3417 mortuo,

523 3445 680 3502 liberi
712 3445 829 3516 ejus
861 3445 1119 3501 Alcinous
1143 3455 1198 3500 et
1243 3445 1449 3500 Locrus
1475 3447 1618 3501 inter
1664 3462 1723 3502 se
1765 3448 2105 3516 dissidentes,

526 3539 602 3594 ita
633 3539 845 3593 tandem
877 3551 1262 3603 convenerunt,
1292 3549 1349 3592 ut
1377 3537 1638 3593 Alcinous
1663 3540 1878 3607 quidem
1898 3538 2106 3593 'Pbaaa-

525 3631 630 3688 cidi
669 3630 983 3700 imperaret,
1028 3630 1236 3686 Locrus
1272 3645 1404 3685 vero
1439 3631 1706 3700 pretiosas
1753 3646 1882 3699 opes
1935 3631 2109 3686 mobi-

528 3738 634 3795 les,
679 3730 1000 3789 partemque
1030 3719 1212 3788 populi
1250 3719 1524 3783 auferens,
1553 3720 1770 3787 regione
1797 3720 2099 3774 excederet;

527 3810 584 3866 lu
619 3811 822 3864 Italiam
856 3809 1020 3876 igitur
1051 3807 1141 3862 hic
1170 3807 1522 3876 adnavigans,
1563 3821 1592 3860 a
1622 3806 1818 3863 Latino
1853 3809 2106 3864 Italorum

534 3915 662 3968 rege
684 3899 918 3968 hospitio
953 3907 1205 3967 acceptus
1242 3906 1348 3962 est,
1382 3898 1472 3968 qui
1506 3898 1670 3952 filiam
1706 3914 1920 3969 quoque
1953 3915 2103 3953 suam

530 3991 817 4044 Lanrinam
873 3989 1047 4044 eidem
1106 3990 1292 4056 nuptui
1344 3989 1510 4044 dedit.
1538 3989 1724 4059 131b
1773 3989 1887 4056 Qua
1939 3991 2103 4044 etiam

529 4097 595 4135 ex
625 4096 786 4135 causa
816 4080 1067 4135 szseaces
1127 4079 1340 4135 Italicos
1385 4081 1548 4134 hosce
1590 4080 1890 4136 Locrenses
1921 4081 1973 4134 in
2009 4095 2106 4135 co-

531 4183 724 4243 gnatos
751 4173 1079 4227 asciverunt.
1106 4171 1314 4225 Accidit
1345 4171 1537 4226 deinde
1558 4183 1616 4225 ut
1639 4171 1895 4226 Hercules
1915 4173 2102 4227 eadem

533 4273 851 4332 tempestate
895 4263 1174 4332 elegantes
1217 4261 1479 4334 Geryonis
1539 4262 1701 4318 boves
1762 4277 1828 4318 ex
1881 4264 2102 4336 Erythia

530 4357 774 4426 abigens,
807 4355 860 4408 in
897 4354 1099 4409 Italiam
1132 4354 1429 4418 adveniret,
1457 4361 1620 4422 atque
1645 4369 1674 4408 a
1704 4353 1878 4411 Locro
1912 4356 2104 4411 huma-

2199 1889 2299 1960 μού
2327 1890 2397 1943 τά
2433 1904 2492 1941 τε
2521 1886 2906 1957 συνενεχθέντα
2934 1888 2999 1955 τῇ
3031 1883 3247 1937 Βυϐλίδι
3277 1884 3457 1950 λέγει,
3488 1883 3568 1945 ὡς
3613 1881 3774 1950 ἐχρή-

2197 1999 2326 2035 σατο
2360 1981 2402 2012 ¹⁸
2448 1981 2608 2051 ἔρωτι
2656 1979 2905 2047 δικαστῇ,
2953 1977 3043 2030 καὶ
3088 1975 3262 2030 πείθει
3309 1974 3470 2027 αὑτὸν
3517 1975 3658 2044 αὐτῇ
3685 1975 3776 2028 ἐπὶ

2195 2075 2332 2147 τῷίθ
2359 2075 2456 2144 τῆς
2487 2073 2672 2144 χώρας
2697 2071 2882 2124 λαϐεῖν
2927 2070 3026 2139 τὴν
3071 2068 3348 2138 βασιλείαν
3379 2068 3496 2139 (καὶ
3541 2068 3656 2138 γὰρ
3698 2070 3777 2129 εἰς

2197 2169 2364 2238 αὐτὴν
2389 2167 2615 2237 ἀνῆπτο)
2653 2165 2986 2232 συνοικῆσαι.
3014 2160 3144 2234 [425
3179 2162 3272 2233 R.]
3302 2162 3360 2215 Ὀ
3385 2161 3442 2214 δὲ
3479 2160 3697 2223 Καῦνος
3716 2161 3776 2212 ὲκ

2196 2261 2298 2330 τῆς
2328 2259 2568 2330 Προνόης
2595 2257 2772 2310 τίκτει
2799 2255 3076 2324 Αίγιαλὺν,
3108 2255 3168 2320 ὃς
3196 2255 3292 2308 καὶ
3324 2251 3661 2323 παραλαϐὼν
3681 2251 3778 2320 τὴν

2200 2349 2496 2420 βασιλείαν,
2524 2348 2648 2401 ἐπεὶ
2674 2348 2702 2400 ὁ
2734 2345 2915 2416 πατὴρ
2944 2345 3316 2416 ἐτελεύτησεν,
3346 2342 3571 2416 ἧθροισέ
3604 2359 3666 2394 τε
3689 2343 3778 2394 τὸν

2197 2440 2324 2494 λαὸν
2373 2439 2648 2509 σποράδην
2691 2437 2945 2490 οἰκοῦντα
2977 2437 3072 2490 καὶ
3104 2436 3258 2489 πόλιν
3303 2434 3514 2488 ἔκτισεν
3559 2433 3658 2485 ἐπὶ
3703 2431 3780 2498 τῷ

2199 2532 2428 2603 ποταμῷ
2457 2531 2700 2602 μεγάλην
2725 2530 2822 2582 καὶ
2848 2528 3161 2599 εὐδαίμονα,
3191 2527 3398 2581 Καῦνον
3422 2526 3534 2580 ἀπὸ
3559 2524 3656 2578 τοῦ
3678 2542 3780 2577 πα-

2207 2623 2324 2692 τρὸς
2353 2620 2712 2691 ἐπονομάσας.

2271 2712 2466 2782 Τρίτον
2487 2713 2550 2773 ¹⁷,
2573 2713 2606 2782 ἡ
2634 2712 2784 2780 παρὰ
2811 2711 2902 2765 τὸν
2937 2710 3120 2764 Ἰόνιον
3149 2710 3346 2764 πόντον
3370 2709 3573 2778 Σχερία
3595 2707 3776 2777 νῆσος,

2199 2806 2296 2872 οὐχ
2343 2805 2474 2866 ἑκὰς
2522 2799 2655 2857 οὖσα
2698 2805 2797 2873 τῆς
2841 2803 3070 2874 ἠπείρου
3117 2802 3213 2856 καὶ
3259 2801 3367 2854 τῶν
3395 2800 3718 2872 Κεραυνίων
3736 2800 3778 2831 ⁸⁸

2200 2897 2362 2967 όρῶν.
2399 2895 2546 2965 Αῦτη
2594 2894 2836 2957 Φαίακας
2867 2893 3025 2964 ἔσχεν
3070 2894 3360 2962 οίκήτορας
3396 2890 3457 2944 τὸ
3489 2892 3775 2961 πρότερον,

2201 2987 2548 3057 αὐτόχθονας,
2581 2986 2732 3048 ἔθνος
2777 2985 2939 3055 λαχὸν
2989 2985 3088 3055 τὴν
3131 2983 3448 3053 ἐπωνυμίαν
3487 2982 3600 3036 ἀπό
3637 2999 3779 3042 τινος

2205 3081 2314 3135 τῶν
2355 3080 2664 3150 ἐπιχωρίων
2714 3079 3015 3148 βασιλέως·
3066 3078 3291 3149 ὕστερον
3337 3077 3382 3132 δ’
3427 3076 3720 3146 ἐπῴκησεν
3739 3076 3778 3105 ¹⁹

2209 3173 2378 3245 αὐτὴν
2406 3175 2569 3243 μοῖρα
2596 3173 2919 3242 Κορινθίων,
2953 3173 3048 3226 καὶ
3076 3172 3138 3224 τό
3166 3189 3226 3225 τε
3249 3171 3418 3240 ὄνομα
3447 3172 3525 3232 είς
3562 3169 3778 3239 Κέρκυ-

2210 3284 2310 3338 ραν
2359 3265 2620 3336 μετέϐαλε
2665 3266 2757 3317 καὶ
2804 3267 2905 3334 τῆς
2954 3264 3085 3335 περὶ
3113 3266 3294 3317 ἐκεῖνα
3315 3263 3596 3331 θαλάσσης
3621 3256 3778 3330 ἦρξε.

2207 3360 2442 3423 Φαίακος
2472 3359 2528 3412 δὲ
2565 3357 2660 3412 τοῦ
2691 3359 2790 3428 τῆς
2819 3360 2983 3428 νήσου
3019 3358 3391 3428 βασιλεύοντος
3415 3356 3780 3425 τελευτήσανο

2206 3470 2299 3516 τος
2329 3455 2376 3505 οἱ
2402 3453 2536 3513 υἱεῖς
2570 3450 2848 3514 Ἀλκίνους
2871 3451 2965 3504 καὶ
2989 3451 3198 3522 Λοκρδς
3226 3450 3618 3510 στασιάσαντες
3658 3463 3781 3499 συν-

2208 3538 2411 3608 έϐησαν
2441 3539 2604 3593 πάλιν
2649 3540 2734 3608 ἐφ’
2763 3531 2807 3606 ᾧ
2843 3538 3146 3609 βασιλεύειν
3177 3539 3276 3609 μὲν
3319 3537 3654 3590 Ἀλκίνουν¹⁰
3682 3539 3780 3604 τῆς

2206 3631 2522 3696 Φαιακίδος,
2567 3631 2775 3700 Λοκρὸν
2802 3633 2857 3686 δὲ
2892 3629 3151 3702 κειμήλια
3178 3631 3273 3683 καὶ
3311 3632 3506 3700 μοῖραν
3549 3629 3778 3681 λαϐόπα

2206 3721 2300 3775 τοῦ
2328 3723 2513 3785 ἔθνους
2541 3721 2920 3787 ἁποικίζεσθαι
2945 3725 3043 3792 τῆς
3069 3720 3251 3792 χώρας
3269 3735 3282 3749 ·
3313 3719 3372 3782 ὃς
3407 3721 3502 3774 καὶ
3531 3720 3624 3771 ἐπὶ
3647 3721 3780 3772 ’ῐταρ

2206 3813 2329 3876 λίας
2375 3814 2611 3876 πλεύσας
2642 3813 2905 3878 ξενίζεται
2937 3814 3089 3882 παρὰ
3121 3813 3334 3881 Λατίνῳ
3350 3812 3392 3842 ³¹
3417 3811 3639 3864 Ἰταλῶν
3683 3809 3779 3877 βα-

2208 3903 2361 3968 σιλεῖ,
2393 3904 2536 3957 δόντι
2582 3904 2719 3972 πρὸς
2758 3904 2937 3973 γάμον
2976 3902 3075 3970 τὴν
3093 3902 3136 3932 ²⁹
3172 3901 3444 3972 θυγατέρα
3476 3900 3773 3971 Λαυρίνην.

2205 3997 2304 4049 Διὰ
2328 3995 2500 4048 ταῦτα
2529 3994 2604 4058 ὼς
2647 3995 2925 4063 συγγενεῖς
2943 3992 2988 4024 ³³
3016 3995 3250 4055 Φαίακες
3286 3993 3533 4062 Λοκροὺς
3564 3993 3688 4052 τοὺς
3720 3993 3778 4042 ἐν

2206 4086 2408 4156 Ἰταλίᾳ
2461 4087 2901 4158 προσεποιοῦντο.
2932 4087 2990 4141 Ὀ
3033 4087 3091 4140 δὲ
3128 4084 3402 4156 Ἡρακλῆς
3452 4086 3576 4137 κατ’
3600 4084 3776 4134 ἐκεῖνο

2205 4179 2397 4250 καιροῦ
2443 4183 2542 4242 τὰς
2586 4180 2680 4232 τοῦ
2727 4180 3000 4250 Γηρυόνου
3061 4179 3398 4249 περικαλλεῖς
3443 4179 3566 4231 ὅσαι
3593 4175 3713 4244 βόες
3729 4173 3773 4202 ⁸⁸

2203 4268 2370 4333 οὔσας
2403 4269 2462 4335 ἐξ
2487 4271 2767 4341 Ἐρυθείας
2801 4271 3040 4324 ἐλαύνων
3075 4274 3154 4341 είς
3173 4273 3218 4304 ³⁸
3255 4270 3487 4322 Ἰταλίαν
3530 4268 3775 4334 ἀφικνεῖ-

2202 4377 2314 4426 ται,
2343 4362 2434 4413 καὶ
2461 4339 2719 4428 ξενίζεται
2746 4362 3081 4432 φιλοφρόνως
3101 4339 3265 4430 ίπαρὰ
3297 4359 3374 4430 τῷ
3403 4358 3599 4429 Λοκρῷ
3618 4372 3636 4388 ⁸
3667 4361 3696 4410 ὁ
3713 4358 3770 4409 δὲ

529 4447 674 4504 niter
693 4447 926 4514 hospitio
949 4445 1313 4516 exciperetur.
1338 4445 1448 4501 Has
1470 4447 1655 4517 itaque
1679 4445 1906 4502 Latinus
1935 4449 2096 4505 boves

2203 4453 2429 4515 Λατῖνος
2486 4454 2621 4524 πρὸς
2667 4455 2764 4524 τὴν
2819 4453 3096 4525 θυγατέρα
3148 4452 3317 4506 ἐλθὼν
3365 4453 3460 4505 καὶ
3500 4451 3600 4513 τὰς
3649 4448 3774 4519 βοῦς

1837 4561 2068 4616 VARUE
2094 4563 2395 4621 LECTION
2401 4566 2502 4622 ES.

671 4649 718 4684 ³⁸
745 4648 947 4720 ἔχουσα
993 4665 1137 4705 corr.
1170 4651 1218 4704 Α
1261 4667 1278 4705 :
1325 4649 1465 4720 ἔχων
1525 4667 1588 4716 ς’.
1668 4652 1709 4683 ¹¹
1746 4652 1842 4706 καὶ
1885 4653 2011 4708 add.
2046 4658 2110 4708 Α.

613 4723 702 4774 fc.
780 4723 822 4755 ¹⁵
850 4721 926 4774 ὡς
951 4721 1223 4774 ἐνοήσατο
1276 4720 1438 4774 ἐοωτι
1469 4722 1514 4774 A
1545 4739 1560 4774 :
1586 4723 1680 4774 καὶ
1712 4722 1786 4774 ὡς
1815 4725 2087 4774 ἐνοήσατο

532 4739 702 4784 καις.

529 4859 745 4932 ᾤκησεν
879 4864 924 4932 ᾼ
957 4859 1376 4932 ιὲπῴκησανῄς.
1484 4863 1528 4932 ’γθ
1563 4861 1816 4915 ἁλκίνουν
1853 4859 1952 4932 μέν
1979 4882 2039 4928 ς.

2190 4658 2259 4726 έ¹¹
2309 4659 2430 4712 τότε
2455 4675 2600 4715 corr.
2639 4659 2678 4713 Α
2715 4680 2728 4714 :
2760 4663 2820 4714 τό
2853 4681 2912 4726 ς.

780 4723 822 4755 ³⁵
850 4721 926 4796 ᾡς
951 4721 1223 4796 ἐχρήσατο
1276 4720 1438 4796 ἔρωτι
1469 4722 1514 4774 A
1539 4739 1560 4796 _:
1586 4723 1687 4796 atat
1712 4722 1786 4796 ᾡς
1815 4725 2087 4796 ἐχρήσατο
2131 4725 2209 4795 τῷ
2242 4727 2406 4796 ἔρωτι
2427 4747 2482 4794 ς’.

531 4791 670 4862 κατὰ
701 4789 955 4862 Heynius,
984 4789 1282 4862 οϊζνήσους
1306 4789 1404 4854 τὰς
1433 4793 1560 4858 περὶ
1579 4793 1640 4844 τὸ
1664 4789 1895 4858 Αἰγαῖον
1932 4810 1983 4861 p.
2018 4794 2083 4850 [ἱ.
2111 4789 2236 4860 457,
2264 4789 2317 4852 Ξ.

2150 4869 2193 4898 ²¹
2217 4869 2453 4944 Λακίνιρ⁸
2479 4869 2720 4944 Dukerus
2746 4876 2808 4923 ad
2840 4873 3082 4944 'l‘lutcyd.
3107 4874 3168 4944 5,

3023 4663 3067 4694 η
3095 4661 3159 4732 δὴ
3187 4661 3308 4713 add.
3351 4659 3416 4712 Α.
3525 4657 3576 4732 ξι
3595 4657 3652 4709 δέ
3685 4657 3771 4732 Αε

2566 4732 2608 4764 ’⁸
2631 4732 2709 4800 τῷ
2732 4733 2774 4784 Α
2809 4750 2824 4785 :
2855 4725 2914 4784 τό
2936 4750 2995 4796 ς.
3076 4734 3117 4764 ¹τ
3143 4725 3342 4800 τρίτον.
3363 4743 3476 4780 om.
3510 4728 3576 4781 Α.
3601 4725 3772 4800 παρὰ]

2421 4801 2466 4831 ¹⁸
2500 4798 2847 4871 Κεραυνείων
2871 4801 3012 4870 ὀρῶν
3035 4798 3254 4865 λέγεται
3283 4798 3424 4866 αὕτη
3456 4815 3516 4861 ς.
3597 4799 3640 4828 ¹⁹
3674 4799 3776 4848 ὲπ-

2421 4889 2436 4922 ›
2479 4872 2720 4926 anerus
2746 4876 2808 4923 ad
2840 4873 3082 4936 Thucyd.
3107 4874 3161 4931 5,
3186 4871 3275 4923 70.
3357 4871 3400 4899 "
3432 4869 3534 4936 τήν
3559 4869 3600 4920 Δ
3637 4883 3654 4920 :
3683 4866 3775 4917 καὶ

530 4931 719 5017 την-ς.
742 5016 754 5017 7
799 4931 844 5017 ’ξ
873 4929 1308 5017 ὼςισςυγγῖενεῖς]
1341 4932 1444 5017 μὲν
1484 4931 1560 4993 ὡς
1603 4929 1880 5017 συγγενῶν
1908 4935 1997 5017 Α..
2050 4935 2097 4967 ’⁸
2116 4936 2236 5017 ᾆσαι
2261 4929 2557 5017 βόηεςγβοῦς
2609 4958 2750 4996 corr.
2780 4944 2845 4996 A.
2870 4943 2942 4997 cf.
3050 4944 3114 4996 li.
3147 4929 3271 5004 968,
3299 4939 3389 4992 42.
3422 4929 3633 4999 πάντας
3663 4939 3774 4988 ὅσοι

531 5000 785 5069 τύραννοι
814 5000 1213 5069 ὑπερϐαλέσθαι
1242 5000 1574 5071 ἱστόρηνται.
1652 5001 1698 5033 ³⁸
1726 5004 1806 5066 είς
1824 5034 1894 5044 -
1919 5000 2280 5080 φιλοφρόνως]
2304 5000 2405 5080 ἧκε
2433 5000 2498 5064 Ἀ.

2019 5093 2247 5150 ΝΟΤᾹΞ.

598 5183 826 5260 (55)]ιὲ
853 5201 1065 5257 quoque
1111 5188 1300 5258 Steph.
1352 5189 1580 5260 Byzant.
1639 5187 1722 5244 De
1763 5190 2002 5254 urbibus,
2039 5192 2091 5246 in

531 5268 662 5308 voce
714 5255 926 5325 βύϐλος.

596 5325 706 5395 (54)
749 5325 824 5378 De
846 5343 952 5395 quo
991 5329 1174 5383 Strab.
1208 5327 1304 5382 lib.
1333 5343 1443 5389 xw,
1473 5329 1646 5382 initio.

595 5394 709 5466 (55)
745 5395 876 5449 Nam
901 5409 956 5452 et
987 5401 1088 5452 alia
1119 5400 1330 5453 Cretica
1367 5398 1485 5461 fuit,
1517 5413 1548 5452 e
1573 5414 1675 5466 qua
1704 5398 1756 5452 in
1782 5398 1922 5454 hanc
1963 5415 2087 5458 cum

532 5465 741 5519 colonis
763 5467 1066 5522 traductum
1097 5483 1318 5522 nomen.
1341 5467 1556 5528 Strabo.
1590 5465 1718 5523 ibid.

615 5534 728 5608 (59)
760 5536 895 5608 Yide
917 5538 1116 5593 IElian.
1147 5539 1238 5592 lib.
1276 5553 1390 5602 vni,
1424 5554 1541 5608 cap.
1565 5537 1617 5592 5.

603 5605 716 5672 (5'7)
755 5607 898 5674 Lego
933 5611 1021 5665 hic
1038 5610 1157 5662 τότε
1174 5607 1251 5662 δέ.

597 5675 706 5742 (58)
737 5677 864 5730 Vide
895 5679 1130 5734 Caunius
1157 5694 1326 5737 amor,
1356 5677 1493 5745 apud
1531 5676 1682 5732 Suid.
1713 5688 1765 5734 et
1827 5680 1880 5734 in
1925 5679 2090 5746 Adag-

537 5742 792 5800 Parthen.
825 5762 1036 5818 quoque
1074 5749 1353 5818 ἐρωτικῶν
1382 5742 1498 5817 cap.
1525 5765 1585 5802 ιι.

2277 5195 2388 5265 (59)
2435 5195 2510 5250 lta
2548 5213 2762 5268 quoque
2793 5199 3099 5268 Stephanus
3139 5201 3204 5251 de
3231 5197 3347 5250 urb.
3386 5190 3776 5268 simulqueob-

2199 5264 2460 5336 serva'ibi
2490 5264 2591 5321 dici
2628 5264 2981 5336 refugientem
3013 5270 3253 5321 (latinum
3284 5284 3311 5318 a
3347 5267 3574 5335 Byblide
3611 5264 3776 5315 fuisse

2198 5334 2532 5391 adamatum.
2570 5337 2724 5402 Quod
2753 5334 2806 5394 et
2831 5340 3056 5394 Ovidius
3085 5338 3271 5392 testari
3307 5334 3547 5392 videtur.

2271 5404 2382 5476 (60)
2408 5405 2554 5476 Lege
2579 5409 2764 5462 Strab.
2803 5410 2895 5464 lib.
2931 5424 3003 5462 vr.

2269 5475 2399 5548 (6l)_
2431 5475 2512 5529 Ab
2540 5479 2704 5548 Asopi
2747 5479 2854 5533 lilia
2885 5479 3043 5547 hujus
3068 5476 3310 5545 ejusdem
3344 5479 3604 5536 nominis.
3636 5481 3776 5536 Pau-

2196 5560 2316 5600 san.
2359 5544 2598 5601 Corinth.

2269 5615 2382 5684 (62)
2428 5615 2501 5692 Ita
2538 5633 2752 5692 quoque
2779 5620 3022 5676 Thucvd.
3054 5621 3144 5674 lib.
3189 5635 3224 5682 ι,
3250 5630 3305 5673 et
3333 5619 3384 5673 in
3411 5620 3673 5692 Excerpt.
3712 5635 3775 5676 ex

2195 5684 2286 5739 lib.
2335 5701 2407 5738 vtt
2442 5688 2620 5741 Strab.
