  <div class='ocr_page' id='page_1' title='image "/cluster/home/n/w/nwhite01/storage/ocr_20150623/103 pt.3/mdp.39015061933738/285.png"; bbox 0 0 3932 6240; ppageno 0'>
   <div class='ocr_carea' id='block_1_1' title="bbox 505 265 609 354">
    <p class='ocr_par' dir='ltr' id='par_1_1' title="bbox 505 265 609 354">
     <span class='ocr_line' id='line_1_1' title="bbox 505 265 609 354; baseline 0.01 -23"><span class='ocrx_word' id='word_1_1' title='bbox 505 265 609 354; x_wconf 75' lang='lat'><strong>551</strong></span> 
     </span>
    </p>
   </div>
   <div class='ocr_carea' id='block_1_2' title="bbox 504 469 2088 540">
    <p class='ocr_par' dir='ltr' id='par_1_2' title="bbox 504 469 2088 540">
     <span class='ocr_line' id='line_1_2' title="bbox 504 469 2088 540; baseline 0.004 -20"><span class='ocrx_word' id='word_1_2' title='bbox 504 479 669 533; x_wconf 86' lang='lat' dir='ltr'><strong>atque</strong></span> <span class='ocrx_word' id='word_1_3' title='bbox 687 469 950 539; x_wconf 84' lang='lat' dir='ltr'><strong>Apollinis</strong></span> <span class='ocrx_word' id='word_1_4' title='bbox 968 469 1106 524; x_wconf 88' lang='lat' dir='ltr'><strong>lilius</strong></span> <span class='ocrx_word' id='word_1_5' title='bbox 1142 480 1314 524; x_wconf 90' lang='lat' dir='ltr'><strong>matre</strong></span> <span class='ocrx_word' id='word_1_6' title='bbox 1343 471 1738 540; x_wconf 85' lang='lat' dir='ltr'><strong>exstincta,pro</strong></span> <span class='ocrx_word' id='word_1_7' title='bbox 1770 481 1920 526; x_wconf 90' lang='lat' dir='ltr'><strong>sorte</strong></span> <span class='ocrx_word' id='word_1_8' title='bbox 1937 473 2088 527; x_wconf 84' lang='lat' dir='ltr'><strong>velut</strong></span> 
     </span>
    </p>
   </div>
   <div class='ocr_carea' id='block_1_3' title="bbox 505 562 2085 630">
    <p class='ocr_par' dir='ltr' id='par_1_3' title="bbox 505 562 2085 630">
     <span class='ocr_line' id='line_1_3' title="bbox 505 562 2085 630; baseline 0.004 -16"><span class='ocrx_word' id='word_1_9' title='bbox 505 562 846 617; x_wconf 60' lang='lat' dir='ltr'><strong>hereditaria</strong></span> <span class='ocrx_word' id='word_1_10' title='bbox 920 562 1154 616; x_wconf 89' lang='lat' dir='ltr'><strong>Clarium</strong></span> <span class='ocrx_word' id='word_1_11' title='bbox 1187 562 1455 630; x_wconf 83' lang='lat' dir='ltr'><strong>Apollinis</strong></span> <span class='ocrx_word' id='word_1_12' title='bbox 1507 565 1789 619; x_wconf 85' lang='lat' dir='ltr'><strong>oraculum</strong></span> <span class='ocrx_word' id='word_1_13' title='bbox 1858 565 2085 620; x_wconf 93' lang='lat' dir='ltr'><strong>obtinet.</strong></span> 
     </span>
    </p>
   </div>
   <div class='ocr_carea' id='block_1_4' title="bbox 505 652 2087 728">
    <p class='ocr_par' dir='ltr' id='par_1_4' title="bbox 505 652 2087 728">
     <span class='ocr_line' id='line_1_4' title="bbox 505 652 2087 728; baseline 0.003 -22"><span class='ocrx_word' id='word_1_14' title='bbox 505 653 701 707; x_wconf 78' lang='lat' dir='ltr'><strong>Eadem</strong></span> <span class='ocrx_word' id='word_1_15' title='bbox 773 660 954 706; x_wconf 89' lang='lat' dir='ltr'><strong>autem</strong></span> <span class='ocrx_word' id='word_1_16' title='bbox 1028 662 1352 722; x_wconf 89' lang='lat' dir='ltr'><strong>tempestate</strong></span> <span class='ocrx_word' id='word_1_17' title='bbox 1424 652 1657 712; x_wconf 81' lang='lat' dir='ltr'><strong>Calchas</strong></span> <span class='ocrx_word' id='word_1_18' title='bbox 1718 655 2087 728; x_wconf 78' lang='lat' dir='ltr'><strong>Colaphonem</strong></span> 
     </span>
    </p>
   </div>
   <div class='ocr_carea' id='block_1_5' title="bbox 503 746 2084 818">
    <p class='ocr_par' dir='ltr' id='par_1_5' title="bbox 503 746 2084 818">
     <span class='ocr_line' id='line_1_5' title="bbox 503 746 2084 818; baseline 0.003 -18"><span class='ocrx_word' id='word_1_19' title='bbox 503 750 672 812; x_wconf 86' lang='lat' dir='ltr'><strong>venit,</strong></span> <span class='ocrx_word' id='word_1_20' title='bbox 707 763 813 817; x_wconf 91' lang='lat' dir='ltr'><strong>qua</strong></span> <span class='ocrx_word' id='word_1_21' title='bbox 860 746 1078 816; x_wconf 85' lang='lat' dir='ltr'><strong>Mopsus</strong></span> <span class='ocrx_word' id='word_1_22' title='bbox 1105 749 1386 803; x_wconf 86' lang='lat' dir='ltr'><strong>oraculum</strong></span> <span class='ocrx_word' id='word_1_23' title='bbox 1423 759 1614 805; x_wconf 89' lang='lat' dir='ltr'><strong>tenens</strong></span> <span class='ocrx_word' id='word_1_24' title='bbox 1663 751 2084 818; x_wconf 74' lang='lat' dir='ltr'><strong>vaticinabatur,</strong></span> 
     </span>
    </p>
   </div>
   <div class='ocr_carea' id='block_1_6' title="bbox 501 839 2088 914">
    <p class='ocr_par' dir='ltr' id='par_1_6' title="bbox 501 839 2088 914">
     <span class='ocr_line' id='line_1_6' title="bbox 501 839 2088 914; baseline 0.004 -23"><span class='ocrx_word' id='word_1_25' title='bbox 501 851 620 908; x_wconf 89' lang='lat' dir='ltr'><strong>post</strong></span> <span class='ocrx_word' id='word_1_26' title='bbox 671 839 849 909; x_wconf 85' lang='lat' dir='ltr'><strong>Trojae</strong></span> <span class='ocrx_word' id='word_1_27' title='bbox 880 840 1150 895; x_wconf 86' lang='lat' dir='ltr'><strong>excidium</strong></span> <span class='ocrx_word' id='word_1_28' title='bbox 1180 843 1413 898; x_wconf 90' lang='lat' dir='ltr'><strong>errando</strong></span> <span class='ocrx_word' id='word_1_29' title='bbox 1450 842 1708 910; x_wconf 89' lang='lat' dir='ltr'><strong>jactatus.</strong></span> <span class='ocrx_word' id='word_1_30' title='bbox 1758 844 1890 899; x_wconf 89' lang='lat' dir='ltr'><strong>Cum</strong></span> <span class='ocrx_word' id='word_1_31' title='bbox 1925 845 2088 914; x_wconf 80' lang='lat' dir='ltr'><strong>igitur</strong></span> 
     </span>
    </p>
   </div>
   <div class='ocr_carea' id='block_1_7' title="bbox 497 930 2086 1005">
    <p class='ocr_par' dir='ltr' id='par_1_7' title="bbox 497 930 2086 1005">
     <span class='ocr_line' id='line_1_7' title="bbox 497 930 2086 1005; baseline 0.005 -21"><span class='ocrx_word' id='word_1_32' title='bbox 497 931 588 984; x_wconf 83' lang='lat' dir='ltr'><strong>ditt</strong></span> <span class='ocrx_word' id='word_1_33' title='bbox 645 930 982 1000; x_wconf 86' lang='lat' dir='ltr'><strong>multumque</strong></span> <span class='ocrx_word' id='word_1_34' title='bbox 1032 931 1176 987; x_wconf 85' lang='lat' dir='ltr'><strong>inter</strong></span> <span class='ocrx_word' id='word_1_35' title='bbox 1209 948 1268 988; x_wconf 90' lang='lat' dir='ltr'><strong>se</strong></span> <span class='ocrx_word' id='word_1_36' title='bbox 1319 935 1737 1000; x_wconf 86' lang='lat' dir='ltr'><strong>contenderent,</strong></span> <span class='ocrx_word' id='word_1_37' title='bbox 1769 937 2086 1005; x_wconf 81' lang='lat' dir='ltr'><strong>Amphima-</strong></span> 
     </span>
    </p>
   </div>
   <div class='ocr_carea' id='block_1_8' title="bbox 496 1021 2088 1098">
    <p class='ocr_par' dir='ltr' id='par_1_8' title="bbox 496 1021 2088 1098">
     <span class='ocr_line' id='line_1_8' title="bbox 496 1021 2088 1098; baseline 0.006 -23"><span class='ocrx_word' id='word_1_38' title='bbox 496 1022 632 1076; x_wconf 86' lang='lat' dir='ltr'><strong>chus</strong></span> <span class='ocrx_word' id='word_1_39' title='bbox 683 1021 900 1076; x_wconf 83' lang='lat' dir='ltr'><strong>tandem</strong></span> <span class='ocrx_word' id='word_1_40' title='bbox 939 1021 1228 1094; x_wconf 85' lang='lat' dir='ltr'><strong>Lyciorum</strong></span> <span class='ocrx_word' id='word_1_41' title='bbox 1263 1041 1358 1081; x_wconf 83' lang='lat' dir='ltr'><strong>rex</strong></span> <span class='ocrx_word' id='word_1_42' title='bbox 1406 1026 1553 1082; x_wconf 88' lang='lat' dir='ltr'><strong>litem</strong></span> <span class='ocrx_word' id='word_1_43' title='bbox 1597 1029 1833 1084; x_wconf 90' lang='lat' dir='ltr'><strong>diremit.</strong></span> <span class='ocrx_word' id='word_1_44' title='bbox 1869 1029 2088 1098; x_wconf 83' lang='lat' dir='ltr'><strong>Mopsus</strong></span> 
     </span>
    </p>
   </div>
   <div class='ocr_carea' id='block_1_9' title="bbox 497 1109 2084 1189">
    <p class='ocr_par' dir='ltr' id='par_1_9' title="bbox 497 1109 2084 1189">
     <span class='ocr_line' id='line_1_9' title="bbox 497 1109 2084 1189; baseline 0.009 -28"><span class='ocrx_word' id='word_1_45' title='bbox 497 1109 638 1164; x_wconf 89' lang='lat' dir='ltr'><strong>enim</strong></span> <span class='ocrx_word' id='word_1_46' title='bbox 704 1113 772 1165; x_wconf 92' lang='lat' dir='ltr'><strong>ad</strong></span> <span class='ocrx_word' id='word_1_47' title='bbox 826 1111 1028 1167; x_wconf 91' lang='lat' dir='ltr'><strong>bellum</strong></span> <span class='ocrx_word' id='word_1_48' title='bbox 1073 1125 1359 1171; x_wconf 82' lang='lat' dir='ltr'><strong>exeuntem</strong></span> <span class='ocrx_word' id='word_1_49' title='bbox 1405 1119 1702 1189; x_wconf 85' lang='lat' dir='ltr'><strong>prohibuit,</strong></span> <span class='ocrx_word' id='word_1_50' title='bbox 1763 1122 1964 1176; x_wconf 88' lang='lat' dir='ltr'><strong>victum</strong></span> <span class='ocrx_word' id='word_1_51' title='bbox 2018 1123 2084 1176; x_wconf 89' lang='lat' dir='ltr'><strong>iri</strong></span> 
     </span>
    </p>
   </div>
   <div class='ocr_carea' id='block_1_10' title="bbox 497 1201 2085 1281">
    <p class='ocr_par' dir='ltr' id='par_1_10' title="bbox 497 1201 2085 1281">
     <span class='ocr_line' id='line_1_10' title="bbox 497 1201 2085 1281; baseline 0.011 -29"><span class='ocrx_word' id='word_1_52' title='bbox 497 1201 866 1271; x_wconf 89' lang='lat' dir='ltr'><strong>denuntians;</strong></span> <span class='ocrx_word' id='word_1_53' title='bbox 896 1203 1126 1261; x_wconf 88' lang='lat' dir='ltr'><strong>Calchas</strong></span> <span class='ocrx_word' id='word_1_54' title='bbox 1159 1219 1347 1263; x_wconf 89' lang='lat' dir='ltr'><strong>contra</strong></span> <span class='ocrx_word' id='word_1_55' title='bbox 1379 1211 1666 1265; x_wconf 85' lang='lat' dir='ltr'><strong>victoriam</strong></span> <span class='ocrx_word' id='word_1_56' title='bbox 1697 1214 1973 1281; x_wconf 90' lang='lat' dir='ltr'><strong>pollicens,</strong></span> <span class='ocrx_word' id='word_1_57' title='bbox 2017 1216 2085 1269; x_wconf 85' lang='lat' dir='ltr'><strong>ad</strong></span> 
     </span>
    </p>
   </div>
   <div class='ocr_carea' id='block_1_11' title="bbox 496 1293 2081 1374">
    <p class='ocr_par' dir='ltr' id='par_1_11' title="bbox 496 1293 2081 1374">
     <span class='ocr_line' id='line_1_11' title="bbox 496 1293 2081 1374; baseline 0.01 -30"><span class='ocrx_word' id='word_1_58' title='bbox 496 1293 804 1346; x_wconf 75' lang='lat' dir='ltr'><strong>exeundum</strong></span> <span class='ocrx_word' id='word_1_59' title='bbox 856 1296 1201 1353; x_wconf 82' lang='lat' dir='ltr'><strong>hortabatur.</strong></span> <span class='ocrx_word' id='word_1_60' title='bbox 1247 1302 1318 1354; x_wconf 81' lang='lat' dir='ltr'><strong>At</strong></span> <span class='ocrx_word' id='word_1_61' title='bbox 1352 1302 1497 1355; x_wconf 86' lang='lat' dir='ltr'><strong>victo</strong></span> <span class='ocrx_word' id='word_1_62' title='bbox 1537 1303 1735 1358; x_wconf 89' lang='lat' dir='ltr'><strong>deinde</strong></span> <span class='ocrx_word' id='word_1_63' title='bbox 1762 1304 2081 1374; x_wconf 80' lang='lat' dir='ltr'><strong>Amphima-</strong></span> 
     </span>
    </p>
   </div>
   <div class='ocr_carea' id='block_1_12' title="bbox 497 1383 2085 1464">
    <p class='ocr_par' dir='ltr' id='par_1_12' title="bbox 497 1383 2085 1464">
     <span class='ocr_line' id='line_1_12' title="bbox 497 1383 2085 1464; baseline 0.011 -28"><span class='ocrx_word' id='word_1_64' title='bbox 497 1383 621 1448; x_wconf 88' lang='lat' dir='ltr'><strong>eho,</strong></span> <span class='ocrx_word' id='word_1_65' title='bbox 670 1384 888 1454; x_wconf 81' lang='lat' dir='ltr'><strong>Mopsus</strong></span> <span class='ocrx_word' id='word_1_66' title='bbox 933 1388 1128 1458; x_wconf 86' lang='lat' dir='ltr'><strong>majori</strong></span> <span class='ocrx_word' id='word_1_67' title='bbox 1169 1401 1254 1447; x_wconf 89' lang='lat' dir='ltr'><strong>est</strong></span> <span class='ocrx_word' id='word_1_68' title='bbox 1305 1392 1514 1450; x_wconf 85' lang='lat' dir='ltr'><strong>honore</strong></span> <span class='ocrx_word' id='word_1_69' title='bbox 1559 1394 1806 1464; x_wconf 79' lang='lat' dir='ltr'><strong>allectus,</strong></span> <span class='ocrx_word' id='word_1_70' title='bbox 1855 1396 2085 1453; x_wconf 89' lang='lat' dir='ltr'><strong>Calchas</strong></span> 
     </span>
    </p>
   </div>
   <div class='ocr_carea' id='block_1_13' title="bbox 496 1477 994 1546">
    <p class='ocr_par' dir='ltr' id='par_1_13' title="bbox 496 1477 994 1546">
     <span class='ocr_line' id='line_1_13' title="bbox 496 1477 994 1546; baseline 0.008 -16"><span class='ocrx_word' id='word_1_71' title='bbox 496 1477 737 1546; x_wconf 89' lang='lat' dir='ltr'><strong>seipsum</strong></span> <span class='ocrx_word' id='word_1_72' title='bbox 770 1479 994 1534; x_wconf 86' lang='lat' dir='ltr'><strong>occidit.</strong></span> 
     </span>
    </p>
   </div>
   <div class='ocr_carea' id='block_1_14' title="bbox 580 1569 2078 1651">
    <p class='ocr_par' dir='ltr' id='par_1_14' title="bbox 580 1569 2078 1651">
     <span class='ocr_line' id='line_1_14' title="bbox 580 1569 2078 1651; baseline 0.011 -29"><span class='ocrx_word' id='word_1_73' title='bbox 580 1569 826 1638; x_wconf 86' lang='lat' dir='ltr'><strong>Septima</strong></span> <span class='ocrx_word' id='word_1_74' title='bbox 875 1572 1041 1628; x_wconf 84' lang='lat' dir='ltr'><strong>refert</strong></span> <span class='ocrx_word' id='word_1_75' title='bbox 1087 1573 1516 1632; x_wconf 88' lang='lat' dir='ltr'><strong>Phllammonem</strong></span> <span class='ocrx_word' id='word_1_76' title='bbox 1559 1579 1864 1639; x_wconf 87' lang='lat' dir='ltr'><strong>Philonidis</strong></span> <span class='ocrx_word' id='word_1_77' title='bbox 1893 1583 2078 1651; x_wconf 79' lang='lat' dir='ltr'><strong>filium,</strong></span> 
     </span>
    </p>
   </div>
   <div class='ocr_carea' id='block_1_15' title="bbox 503 1659 2084 1736">
    <p class='ocr_par' dir='ltr' id='par_1_15' title="bbox 503 1659 2084 1736">
     <span class='ocr_line' id='line_1_15' title="bbox 503 1659 2084 1736; baseline 0.012 -22"><span class='ocrx_word' id='word_1_78' title='bbox 503 1659 620 1729; x_wconf 88' lang='lat' dir='ltr'><strong>ejus</strong></span> <span class='ocrx_word' id='word_1_79' title='bbox 650 1678 770 1732; x_wconf 76' lang='lat' dir='ltr'><strong>qua:</strong></span> <span class='ocrx_word' id='word_1_80' title='bbox 799 1679 864 1717; x_wconf 77' lang='lat' dir='ltr'><strong>ex</strong></span> <span class='ocrx_word' id='word_1_81' title='bbox 889 1663 1167 1736; x_wconf 85' lang='lat' dir='ltr'><strong>Eosphoro</strong></span> <span class='ocrx_word' id='word_1_82' title='bbox 1187 1681 1239 1722; x_wconf 87' lang='lat' dir='ltr'><strong>et</strong></span> <span class='ocrx_word' id='word_1_83' title='bbox 1257 1671 1508 1727; x_wconf 69' lang='lat' dir='ltr'><strong>Cleohma</strong></span> <span class='ocrx_word' id='word_1_84' title='bbox 1543 1673 1595 1726; x_wconf 91' lang='lat' dir='ltr'><strong>in</strong></span> <span class='ocrx_word' id='word_1_85' title='bbox 1623 1676 1816 1730; x_wconf 78' lang='lat' dir='ltr'><strong>Attica:</strong></span> <span class='ocrx_word' id='word_1_86' title='bbox 1849 1677 2084 1733; x_wconf 80' lang='lat' dir='ltr'><strong>Thorico</strong></span> 
     </span>
    </p>
   </div>
   <div class='ocr_carea' id='block_1_16' title="bbox 499 1758 2152 1834">
    <p class='ocr_par' dir='ltr' id='par_1_16' title="bbox 499 1758 2152 1834">
     <span class='ocr_line' id='line_1_16' title="bbox 499 1758 2152 1834; baseline 0.017 -30"><span class='ocrx_word' id='word_1_87' title='bbox 499 1764 622 1805; x_wconf 85' lang='lat' dir='ltr'><strong>nata</strong></span> <span class='ocrx_word' id='word_1_88' title='bbox 672 1765 776 1821; x_wconf 88' lang='lat' dir='ltr'><strong>est,</strong></span> <span class='ocrx_word' id='word_1_89' title='bbox 821 1758 1108 1814; x_wconf 84' lang='lat' dir='ltr'><strong>excellenti</strong></span> <span class='ocrx_word' id='word_1_90' title='bbox 1155 1766 1403 1833; x_wconf 85' lang='lat' dir='ltr'><strong>corporis</strong></span> <span class='ocrx_word' id='word_1_91' title='bbox 1446 1765 1848 1834; x_wconf 88' lang='lat' dir='ltr'><strong>pulchritudine</strong></span> <span class='ocrx_word' id='word_1_92' title='bbox 1887 1770 2075 1827; x_wconf 82' lang='lat' dir='ltr'><strong>fuisse.</strong></span> <span class='ocrx_word' id='word_1_93' title='bbox 2112 1779 2152 1832; x_wconf 89' lang='grc' dir='ltr'>Β</span> 
     </span>
    </p>
   </div>
   <div class='ocr_carea' id='block_1_17' title="bbox 497 1841 2074 1920">
    <p class='ocr_par' dir='ltr' id='par_1_17' title="bbox 497 1841 2074 1920">
     <span class='ocr_line' id='line_1_17' title="bbox 497 1841 2074 1920; baseline 0.015 -25"><span class='ocrx_word' id='word_1_94' title='bbox 497 1841 870 1914; x_wconf 79' lang='lat' dir='ltr'><strong>Nympharum</strong></span> <span class='ocrx_word' id='word_1_95' title='bbox 923 1849 1105 1920; x_wconf 90' lang='lat' dir='ltr'><strong>itaque</strong></span> <span class='ocrx_word' id='word_1_96' title='bbox 1135 1869 1310 1908; x_wconf 86' lang='lat' dir='ltr'><strong>.unam</strong></span> <span class='ocrx_word' id='word_1_97' title='bbox 1363 1857 1723 1914; x_wconf 88' lang='lat' dir='ltr'><strong>adolescentis</strong></span> <span class='ocrx_word' id='word_1_98' title='bbox 1756 1876 1942 1918; x_wconf 90' lang='lat' dir='ltr'><strong>amore</strong></span> <span class='ocrx_word' id='word_1_99' title='bbox 1981 1880 2074 1918; x_wconf 91' lang='lat' dir='ltr'><strong>ca-</strong></span> 
     </span>
    </p>
   </div>
   <div class='ocr_carea' id='block_1_18' title="bbox 501 1938 2078 2027">
    <p class='ocr_par' dir='ltr' id='par_1_18' title="bbox 501 1938 2078 2027">
     <span class='ocr_line' id='line_1_18' title="bbox 501 1938 2078 2027; baseline 0.016 -40"><span class='ocrx_word' id='word_1_100' title='bbox 501 1949 645 2005; x_wconf 88' lang='lat' dir='ltr'><strong>ptam</strong></span> <span class='ocrx_word' id='word_1_101' title='bbox 693 1938 830 2009; x_wconf 85' lang='grc'>(68),</span> <span class='ocrx_word' id='word_1_102' title='bbox 888 1951 1100 1996; x_wconf 87' lang='lat' dir='ltr'><strong>uterum</strong></span> <span class='ocrx_word' id='word_1_103' title='bbox 1129 1947 1294 2000; x_wconf 89' lang='lat' dir='ltr'><strong>etiam</strong></span> <span class='ocrx_word' id='word_1_104' title='bbox 1340 1963 1405 2004; x_wconf 84' lang='lat' dir='ltr'><strong>ex</strong></span> <span class='ocrx_word' id='word_1_105' title='bbox 1455 1951 1546 2004; x_wconf 94' lang='lat' dir='ltr'><strong>illo</strong></span> <span class='ocrx_word' id='word_1_106' title='bbox 1572 1962 1831 2018; x_wconf 82' lang='lat' dir='ltr'><strong>gestasse,</strong></span> <span class='ocrx_word' id='word_1_107' title='bbox 1862 1971 1926 2009; x_wconf 90' lang='lat' dir='ltr'><strong>ac</strong></span> <span class='ocrx_word' id='word_1_108' title='bbox 1967 1973 2078 2027; x_wconf 85' lang='lat' dir='ltr'><strong>prae</strong></span> 
     </span>
    </p>
   </div>
   <div class='ocr_carea' id='block_1_19' title="bbox 501 2031 2077 2110">
    <p class='ocr_par' dir='ltr' id='par_1_19' title="bbox 501 2031 2077 2110">
     <span class='ocr_line' id='line_1_19' title="bbox 501 2031 2077 2110; baseline 0.013 -28"><span class='ocrx_word' id='word_1_109' title='bbox 501 2032 822 2084; x_wconf 75' lang='lat' dir='ltr'><strong>verecundia</strong></span> <span class='ocrx_word' id='word_1_110' title='bbox 872 2047 902 2085; x_wconf 88' lang='lat' dir='ltr'><strong>e</strong></span> <span class='ocrx_word' id='word_1_111' title='bbox 950 2031 1330 2103; x_wconf 84' lang='lat' dir='ltr'><strong>Pel0ponneso</strong></span> <span class='ocrx_word' id='word_1_112' title='bbox 1395 2041 1747 2110; x_wconf 88' lang='lat' dir='ltr'><strong>digressam,</strong></span> <span class='ocrx_word' id='word_1_113' title='bbox 1797 2055 1853 2100; x_wconf 90' lang='lat' dir='ltr'><strong>et</strong></span> <span class='ocrx_word' id='word_1_114' title='bbox 1910 2047 2077 2102; x_wconf 86' lang='lat' dir='ltr'><strong>littori</strong></span> 
     </span>
    </p>
   </div>
   <div class='ocr_carea' id='block_1_20' title="bbox 499 2117 2076 2206">
    <p class='ocr_par' dir='ltr' id='par_1_20' title="bbox 499 2117 2076 2206">
     <span class='ocr_line' id='line_1_20' title="bbox 499 2117 2076 2206; baseline 0.015 -35"><span class='ocrx_word' id='word_1_115' title='bbox 499 2117 779 2195; x_wconf 77' lang='lat' dir='ltr'><strong>[adverso]</strong></span> <span class='ocrx_word' id='word_1_116' title='bbox 815 2125 1094 2193; x_wconf 75' lang='lat' dir='ltr'><strong>appulsam</strong></span> <span class='ocrx_word' id='word_1_117' title='bbox 1123 2129 1422 2200; x_wconf 84' lang='lat' dir='ltr'><strong>Thamyrin</strong></span> <span class='ocrx_word' id='word_1_118' title='bbox 1463 2133 1574 2204; x_wconf 81' lang='lat'><strong>(69)</strong></span> <span class='ocrx_word' id='word_1_119' title='bbox 1630 2138 1925 2206; x_wconf 85' lang='lat' dir='ltr'><strong>peperisse.</strong></span> <span class='ocrx_word' id='word_1_120' title='bbox 1973 2138 2076 2206; x_wconf 84' lang='lat' dir='ltr'><strong>Qui</strong></span> 
     </span>
    </p>
   </div>
   <div class='ocr_carea' id='block_1_21' title="bbox 497 2217 2078 2288">
    <p class='ocr_par' dir='ltr' id='par_1_21' title="bbox 497 2217 2078 2288">
     <span class='ocr_line' id='line_1_21' title="bbox 497 2217 2078 2288; baseline 0.015 -25"><span class='ocrx_word' id='word_1_121' title='bbox 497 2228 620 2264; x_wconf 84' lang='lat' dir='ltr'><strong>eum</strong></span> <span class='ocrx_word' id='word_1_122' title='bbox 648 2229 714 2268; x_wconf 78' lang='lat' dir='ltr'><strong>ex</strong></span> <span class='ocrx_word' id='word_1_123' title='bbox 749 2217 971 2284; x_wconf 91' lang='lat' dir='ltr'><strong>ephebis</strong></span> <span class='ocrx_word' id='word_1_124' title='bbox 1015 2223 1272 2288; x_wconf 83' lang='lat' dir='ltr'><strong>excessit,</strong></span> <span class='ocrx_word' id='word_1_125' title='bbox 1309 2239 1428 2278; x_wconf 91' lang='lat' dir='ltr'><strong>eam</strong></span> <span class='ocrx_word' id='word_1_126' title='bbox 1469 2236 1553 2280; x_wconf 90' lang='lat' dir='ltr'><strong>est</strong></span> <span class='ocrx_word' id='word_1_127' title='bbox 1589 2227 1782 2282; x_wconf 80' lang='lat' dir='ltr'><strong>[idibus</strong></span> <span class='ocrx_word' id='word_1_128' title='bbox 1834 2231 2078 2287; x_wconf 87' lang='lat' dir='ltr'><strong>cauendo</strong></span> 
     </span>
    </p>
   </div>
   <div class='ocr_carea' id='block_1_22' title="bbox 499 2309 2075 2390">
    <p class='ocr_par' dir='ltr' id='par_1_22' title="bbox 499 2309 2075 2390">
     <span class='ocr_line' id='line_1_22' title="bbox 499 2309 2075 2390; baseline 0.013 -29"><span class='ocrx_word' id='word_1_129' title='bbox 499 2309 710 2364; x_wconf 86' lang='lat' dir='ltr'><strong>laudem</strong></span> <span class='ocrx_word' id='word_1_130' title='bbox 761 2325 1108 2382; x_wconf 88' lang='lat' dir='ltr'><strong>consecutus,</strong></span> <span class='ocrx_word' id='word_1_131' title='bbox 1159 2328 1219 2372; x_wconf 92' lang='lat' dir='ltr'><strong>ut</strong></span> <span class='ocrx_word' id='word_1_132' title='bbox 1266 2335 1447 2390; x_wconf 80' lang='lat' dir='ltr'><strong>regem</strong></span> <span class='ocrx_word' id='word_1_133' title='bbox 1485 2338 1606 2377; x_wconf 90' lang='lat' dir='ltr'><strong>eum</strong></span> <span class='ocrx_word' id='word_1_134' title='bbox 1673 2325 1799 2390; x_wconf 90' lang='lat' dir='ltr'><strong>sibi,</strong></span> <span class='ocrx_word' id='word_1_135' title='bbox 1861 2331 2075 2382; x_wconf 86' lang='lat' dir='ltr'><strong>tametsi</strong></span> 
     </span>
    </p>
   </div>
   <div class='ocr_carea' id='block_1_23' title="bbox 499 2404 2076 2481">
    <p class='ocr_par' dir='ltr' id='par_1_23' title="bbox 499 2404 2076 2481">
     <span class='ocr_line' id='line_1_23' title="bbox 499 2404 2076 2481; baseline 0.013 -27"><span class='ocrx_word' id='word_1_136' title='bbox 499 2404 816 2472; x_wconf 83' lang='lat' dir='ltr'><strong>peregrinus</strong></span> <span class='ocrx_word' id='word_1_137' title='bbox 843 2419 1009 2474; x_wconf 87' lang='lat' dir='ltr'><strong>esset,</strong></span> <span class='ocrx_word' id='word_1_138' title='bbox 1047 2407 1264 2481; x_wconf 80' lang='lat' dir='ltr'><strong>Scythae</strong></span> <span class='ocrx_word' id='word_1_139' title='bbox 1294 2414 1556 2468; x_wconf 88' lang='lat' dir='ltr'><strong>crearint.</strong></span> <span class='ocrx_word' id='word_1_140' title='bbox 1587 2416 1758 2470; x_wconf 86' lang='lat' dir='ltr'><strong>Cantu</strong></span> <span class='ocrx_word' id='word_1_141' title='bbox 1795 2433 1922 2474; x_wconf 85' lang='lat' dir='ltr'><strong>vero</strong></span> <span class='ocrx_word' id='word_1_142' title='bbox 1950 2435 2076 2474; x_wconf 91' lang='lat' dir='ltr'><strong>eum</strong></span> 
     </span>
    </p>
   </div>
   <div class='ocr_carea' id='block_1_24' title="bbox 502 2495 2079 2582">
    <p class='ocr_par' dir='ltr' id='par_1_24' title="bbox 502 2495 2079 2582">
     <span class='ocr_line' id='line_1_24' title="bbox 502 2495 2079 2582; baseline 0.013 -36"><span class='ocrx_word' id='word_1_143' title='bbox 502 2495 634 2564; x_wconf 77' lang='lat' dir='ltr'><strong>ipsis</strong></span> <span class='ocrx_word' id='word_1_144' title='bbox 671 2495 834 2553; x_wconf 82' lang='lat' dir='ltr'><strong>Musis</strong></span> <span class='ocrx_word' id='word_1_145' title='bbox 878 2503 1232 2565; x_wconf 85' lang='lat' dir='ltr'><strong>contendens,</strong></span> <span class='ocrx_word' id='word_1_146' title='bbox 1273 2507 1620 2577; x_wconf 75' lang='lat' dir='ltr'><strong>praemiisque</strong></span> <span class='ocrx_word' id='word_1_147' title='bbox 1659 2510 1849 2564; x_wconf 86' lang='lat' dir='ltr'><strong>victori</strong></span> <span class='ocrx_word' id='word_1_148' title='bbox 1879 2527 2079 2582; x_wconf 87' lang='lat' dir='ltr'><strong>propo-</strong></span> 
     </span>
    </p>
   </div>
   <div class='ocr_carea' id='block_1_25' title="bbox 499 2587 2076 2670">
    <p class='ocr_par' dir='ltr' id='par_1_25' title="bbox 499 2587 2076 2670">
     <span class='ocr_line' id='line_1_25' title="bbox 499 2587 2076 2670; baseline 0.012 -32"><span class='ocrx_word' id='word_1_149' title='bbox 499 2587 640 2650; x_wconf 73' lang='lat' dir='ltr'><strong>sitis,</strong></span> <span class='ocrx_word' id='word_1_150' title='bbox 674 2589 745 2642; x_wconf 92' lang='lat' dir='ltr'><strong>illi</strong></span> <span class='ocrx_word' id='word_1_151' title='bbox 777 2592 994 2660; x_wconf 86' lang='lat' dir='ltr'><strong>quidem</strong></span> <span class='ocrx_word' id='word_1_152' title='bbox 1029 2591 1306 2648; x_wconf 84' lang='lat' dir='ltr'><strong>Musarqu</strong></span> <span class='ocrx_word' id='word_1_153' title='bbox 1342 2597 1653 2670; x_wconf 80' lang='lat' dir='ltr'><strong>conjuginm</strong></span> <span class='ocrx_word' id='word_1_154' title='bbox 1683 2616 1698 2663; x_wconf 85' lang='lat'><strong>;</strong></span> <span class='ocrx_word' id='word_1_155' title='bbox 1733 2601 1900 2658; x_wconf 80' lang='lat' dir='ltr'><strong>Musis</strong></span> <span class='ocrx_word' id='word_1_156' title='bbox 1924 2619 2076 2668; x_wconf 90' lang='lat' dir='ltr'><strong>vero,</strong></span> 
     </span>
    </p>
   </div>
   <div class='ocr_carea' id='block_1_26' title="bbox 499 2680 2076 2765">
    <p class='ocr_par' dir='ltr' id='par_1_26' title="bbox 499 2680 2076 2765">
     <span class='ocr_line' id='line_1_26' title="bbox 499 2680 2076 2765; baseline 0.015 -36"><span class='ocrx_word' id='word_1_157' title='bbox 499 2680 641 2746; x_wconf 85' lang='lat' dir='ltr'><strong>quod</strong></span> <span class='ocrx_word' id='word_1_158' title='bbox 673 2681 788 2748; x_wconf 88' lang='lat' dir='ltr'><strong>ejus</strong></span> <span class='ocrx_word' id='word_1_159' title='bbox 831 2687 1460 2759; x_wconf 71' lang='lat' dir='ltr'><strong>cumimedelegissent;</strong></span> <span class='ocrx_word' id='word_1_160' title='bbox 1503 2695 1748 2748; x_wconf 90' lang='lat' dir='ltr'><strong>canendo</strong></span> <span class='ocrx_word' id='word_1_161' title='bbox 1769 2707 2076 2765; x_wconf 89' lang='lat' dir='ltr'><strong>superatus,</strong></span> 
     </span>
    </p>
   </div>
   <div class='ocr_carea' id='block_1_27' title="bbox 499 2771 1662 2845">
    <p class='ocr_par' dir='ltr' id='par_1_27' title="bbox 499 2771 1662 2845">
     <span class='ocr_line' id='line_1_27' title="bbox 499 2771 1662 2845; baseline 0.013 -22"><span class='ocrx_word' id='word_1_162' title='bbox 499 2771 777 2825; x_wconf 72' lang='grc' dir='ltr'>υιπυιίοιιυιιι</span> <span class='ocrx_word' id='word_1_163' title='bbox 824 2774 937 2845; x_wconf 90' lang='grc'>(70)</span> <span class='ocrx_word' id='word_1_164' title='bbox 973 2777 1267 2833; x_wconf 87' lang='lat' dir='ltr'><strong>luminibus</strong></span> <span class='ocrx_word' id='word_1_165' title='bbox 1301 2783 1525 2836; x_wconf 83' lang='lat' dir='ltr'><strong>orbatus</strong></span> <span class='ocrx_word' id='word_1_166' title='bbox 1560 2795 1662 2839; x_wconf 90' lang='lat' dir='ltr'><strong>est.</strong></span> 
     </span>
    </p>
   </div>
   <div class='ocr_carea' id='block_1_28' title="bbox 571 2858 2078 2945">
    <p class='ocr_par' dir='ltr' id='par_1_28' title="bbox 571 2858 2078 2945">
     <span class='ocr_line' id='line_1_28' title="bbox 571 2858 2078 2945; baseline 0.011 -30"><span class='ocrx_word' id='word_1_167' title='bbox 571 2858 775 2916; x_wconf 80' lang='lat' dir='ltr'><strong>Octava</strong></span> <span class='ocrx_word' id='word_1_168' title='bbox 829 2867 895 2920; x_wconf 89' lang='lat' dir='ltr'><strong>de</strong></span> <span class='ocrx_word' id='word_1_169' title='bbox 941 2864 1140 2923; x_wconf 87' lang='lat' dir='ltr'><strong>Proteo</strong></span> <span class='ocrx_word' id='word_1_170' title='bbox 1201 2870 1459 2942; x_wconf 64' lang='lat' dir='ltr'><strong>Egyptio</strong></span> <span class='ocrx_word' id='word_1_171' title='bbox 1507 2883 1628 2928; x_wconf 85' lang='lat' dir='ltr'><strong>vate</strong></span> <span class='ocrx_word' id='word_1_172' title='bbox 1669 2886 1885 2940; x_wconf 88' lang='lat' dir='ltr'><strong>narrat,</strong></span> <span class='ocrx_word' id='word_1_173' title='bbox 1925 2877 2078 2945; x_wconf 89' lang='lat' dir='ltr'><strong>cujus</strong></span> 
     </span>
    </p>
   </div>
   <div class='ocr_carea' id='block_1_29' title="bbox 503 2953 2078 3038">
    <p class='ocr_par' dir='ltr' id='par_1_29' title="bbox 503 2953 2078 3038">
     <span class='ocr_line' id='line_1_29' title="bbox 503 2953 2078 3038; baseline 0.012 -33"><span class='ocrx_word' id='word_1_174' title='bbox 503 2953 610 3006; x_wconf 86' lang='lat' dir='ltr'><strong>lilia</strong></span> <span class='ocrx_word' id='word_1_175' title='bbox 643 2954 899 3013; x_wconf 87' lang='lat' dir='ltr'><strong>Theouoe</strong></span> <span class='ocrx_word' id='word_1_176' title='bbox 931 2959 1139 3014; x_wconf 86' lang='lat' dir='ltr'><strong>Cauubi</strong></span> <span class='ocrx_word' id='word_1_177' title='bbox 1173 2963 1240 3032; x_wconf 89' lang='lat' dir='ltr'><strong>(is</strong></span> <span class='ocrx_word' id='word_1_178' title='bbox 1267 2965 1380 3034; x_wconf 77' lang='grc'>(71)</span> <span class='ocrx_word' id='word_1_179' title='bbox 1417 2964 1642 3020; x_wconf 87' lang='lat' dir='ltr'><strong>Menelai</strong></span> <span class='ocrx_word' id='word_1_180' title='bbox 1689 2969 1832 3023; x_wconf 90' lang='lat' dir='ltr'><strong>illius</strong></span> <span class='ocrx_word' id='word_1_181' title='bbox 1861 2970 2078 3038; x_wconf 89' lang='lat' dir='ltr'><strong>Trojani</strong></span> 
     </span>
    </p>
   </div>
   <div class='ocr_carea' id='block_1_30' title="bbox 502 3045 2077 3125">
    <p class='ocr_par' dir='ltr' id='par_1_30' title="bbox 502 3045 2077 3125">
     <span class='ocr_line' id='line_1_30' title="bbox 502 3045 2077 3125; baseline 0.013 -28"><span class='ocrx_word' id='word_1_182' title='bbox 502 3045 790 3102; x_wconf 88' lang='lat' dir='ltr'><strong>nauclerus</strong></span> <span class='ocrx_word' id='word_1_183' title='bbox 814 3051 953 3122; x_wconf 83' lang='lat' dir='ltr'><strong>erat)</strong></span> <span class='ocrx_word' id='word_1_184' title='bbox 986 3068 1170 3109; x_wconf 88' lang='lat' dir='ltr'><strong>amore</strong></span> <span class='ocrx_word' id='word_1_185' title='bbox 1197 3069 1377 3125; x_wconf 88' lang='lat' dir='ltr'><strong>capta,</strong></span> <span class='ocrx_word' id='word_1_186' title='bbox 1407 3068 1532 3113; x_wconf 89' lang='lat' dir='ltr'><strong>voto</strong></span> <span class='ocrx_word' id='word_1_187' title='bbox 1563 3058 1880 3116; x_wconf 81' lang='lat' dir='ltr'><strong>frustratur.</strong></span> <span class='ocrx_word' id='word_1_188' title='bbox 1913 3065 2077 3119; x_wconf 86' lang='lat' dir='ltr'><strong>Addit</strong></span> 
     </span>
    </p>
   </div>
   <div class='ocr_carea' id='block_1_31' title="bbox 1633 267 3707 348">
    <p class='ocr_par' dir='ltr' id='par_1_31' title="bbox 1633 267 3707 348">
     <span class='ocr_line' id='line_1_31' title="bbox 1633 267 3707 348; baseline 0.003 -22"><span class='ocrx_word' id='word_1_189' title='bbox 1633 267 1898 328; x_wconf 84' lang='lat' dir='ltr'><strong>PHOTII</strong></span> <span class='ocrx_word' id='word_1_190' title='bbox 1939 267 2447 330; x_wconf 75' lang='lat' dir='ltr'><strong>PATRIARCIL‘E</strong></span> <span class='ocrx_word' id='word_1_191' title='bbox 2497 269 2608 330; x_wconf 86' lang='lat' dir='ltr'><strong>CP.</strong></span> <span class='ocrx_word' id='word_1_192' title='bbox 3626 287 3707 348; x_wconf 70' lang='lat' dir='ltr'><strong>55g</strong></span> 
     </span>
    </p>
   </div>
   <div class='ocr_carea' id='block_1_32' title="bbox 578 377 2157 450">
    <p class='ocr_par' dir='ltr' id='par_1_32' title="bbox 578 377 2157 450">
     <span class='ocr_line' id='line_1_32' title="bbox 578 377 2157 450; baseline -0.008 -13"><span class='ocrx_word' id='word_1_193' title='bbox 578 377 736 450; x_wconf 75' lang='lat'><strong>132</strong></span> <span class='ocrx_word' id='word_1_194' title='bbox 759 395 791 432; x_wconf 80' lang='grc' dir='ltr'><strong>α</strong></span> <span class='ocrx_word' id='word_1_195' title='bbox 829 378 989 434; x_wconf 82' lang='lat' dir='ltr'><strong>Sexta</strong></span> <span class='ocrx_word' id='word_1_196' title='bbox 1011 378 1250 434; x_wconf 88' lang='lat' dir='ltr'><strong>narratio</strong></span> <span class='ocrx_word' id='word_1_197' title='bbox 1270 379 1335 434; x_wconf 90' lang='lat' dir='ltr'><strong>de</strong></span> <span class='ocrx_word' id='word_1_198' title='bbox 1365 377 1571 449; x_wconf 83' lang='lat' dir='ltr'><strong>Mopso.</strong></span> <span class='ocrx_word' id='word_1_199' title='bbox 1602 378 1815 434; x_wconf 84' lang='lat' dir='ltr'><strong>Mantus</strong></span> <span class='ocrx_word' id='word_1_200' title='bbox 1852 380 1966 450; x_wconf 84' lang='lat'><strong>(67)</strong></span> <span class='ocrx_word' id='word_1_201' title='bbox 1996 382 2083 435; x_wconf 78' lang='lat' dir='ltr'><strong>hic</strong></span> <span class='ocrx_word' id='word_1_202' title='bbox 2112 387 2157 440; x_wconf 70' lang='grc' dir='ltr'><strong>Α</strong></span> 
     </span>
    </p>
   </div>
   <div class='ocr_carea' id='block_1_33' title="bbox 2266 381 3712 468">
    <p class='ocr_par' dir='ltr' id='par_1_33' title="bbox 2266 381 3712 468">
     <span class='ocr_line' id='line_1_33' title="bbox 2266 381 3712 468; baseline -0.002 -29"><span class='ocrx_word' id='word_1_203' title='bbox 2266 384 2331 436; x_wconf 82' lang='grc' dir='ltr'>Ἢ</span> <span class='ocrx_word' id='word_1_204' title='bbox 2369 381 2420 448; x_wconf 82' lang='grc' dir='ltr'>ς’</span> <span class='ocrx_word' id='word_1_205' title='bbox 2449 384 2526 446; x_wconf 83' lang='grc' dir='ltr'>ὡς</span> <span class='ocrx_word' id='word_1_206' title='bbox 2553 384 2742 453; x_wconf 76' lang='grc' dir='ltr'>Μόψος</span> <span class='ocrx_word' id='word_1_207' title='bbox 2789 385 2820 436; x_wconf 87' lang='grc' dir='ltr'>ὁ</span> <span class='ocrx_word' id='word_1_208' title='bbox 2859 384 3084 454; x_wconf 83' lang='grc' dir='ltr'>Μάντης</span> <span class='ocrx_word' id='word_1_209' title='bbox 3103 385 3148 417; x_wconf 81' lang='grc' dir='ltr'><strong>³ο</strong></span> <span class='ocrx_word' id='word_1_210' title='bbox 3182 387 3275 438; x_wconf 79' lang='grc' dir='ltr'>καὶ</span> <span class='ocrx_word' id='word_1_211' title='bbox 3303 385 3605 457; x_wconf 80' lang='grc' dir='ltr'><strong>’Λπόλλωνος</strong></span> <span class='ocrx_word' id='word_1_212' title='bbox 3634 387 3712 468; x_wconf 64' lang='grc' dir='ltr'><strong>τῆς</strong></span> 
     </span>
    </p>
   </div>
   <div class='ocr_carea' id='block_1_34' title="bbox 2195 477 3712 562">
    <p class='ocr_par' dir='ltr' id='par_1_34' title="bbox 2195 477 3712 562">
     <span class='ocr_line' id='line_1_34' title="bbox 2195 477 3712 562; baseline 0.009 -34"><span class='ocrx_word' id='word_1_213' title='bbox 2195 477 2400 548; x_wconf 83' lang='grc' dir='ltr'>μητρὸς</span> <span class='ocrx_word' id='word_1_214' title='bbox 2426 477 2832 548; x_wconf 79' lang='grc' dir='ltr'><strong>τελευτησάσης</strong></span> <span class='ocrx_word' id='word_1_215' title='bbox 2865 477 3144 548; x_wconf 86' lang='grc' dir='ltr'>ἐκδέχεται</span> <span class='ocrx_word' id='word_1_216' title='bbox 3174 478 3376 550; x_wconf 83' lang='grc' dir='ltr'>κλῆρον</span> <span class='ocrx_word' id='word_1_217' title='bbox 3398 482 3455 534; x_wconf 84' lang='grc' dir='ltr'>τὸ</span> <span class='ocrx_word' id='word_1_218' title='bbox 3471 483 3532 544; x_wconf 81' lang='grc' dir='ltr'>,ὲν</span> <span class='ocrx_word' id='word_1_219' title='bbox 3551 487 3712 562; x_wconf 80' lang='grc' dir='ltr'>Κλάρῳ</span> 
     </span>
    </p>
   </div>
   <div class='ocr_carea' id='block_1_35' title="bbox 2191 570 3713 646">
    <p class='ocr_par' dir='ltr' id='par_1_35' title="bbox 2191 570 3713 646">
     <span class='ocr_line' id='line_1_35' title="bbox 2191 570 3713 646; baseline 0.003 -24"><span class='ocrx_word' id='word_1_220' title='bbox 2191 570 2525 633; x_wconf 77' lang='grc' dir='ltr'><strong>’Λπόλλωνος</strong></span> <span class='ocrx_word' id='word_1_221' title='bbox 2559 572 2832 640; x_wconf 85' lang='grc' dir='ltr'>μαντεῖον.</span> <span class='ocrx_word' id='word_1_222' title='bbox 2864 572 3001 624; x_wconf 82' lang='grc' dir='ltr'>Κατ’</span> <span class='ocrx_word' id='word_1_223' title='bbox 3026 573 3203 624; x_wconf 80' lang='grc' dir='ltr'>ἐκεῖνο</span> <span class='ocrx_word' id='word_1_224' title='bbox 3231 571 3287 624; x_wconf 82' lang='grc' dir='ltr'><strong>δέ</strong></span> <span class='ocrx_word' id='word_1_225' title='bbox 3314 573 3498 645; x_wconf 80' lang='grc' dir='ltr'><strong>καιροῦ</strong></span> <span class='ocrx_word' id='word_1_226' title='bbox 3516 577 3713 646; x_wconf 76' lang='grc' dir='ltr'>ἀφικνεῖ.</span> 
     </span>
    </p>
   </div>
   <div class='ocr_carea' id='block_1_36' title="bbox 2189 657 3712 741">
    <p class='ocr_par' dir='ltr' id='par_1_36' title="bbox 2189 657 3712 741">
     <span class='ocr_line' id='line_1_36' title="bbox 2189 657 3712 741; baseline 0.008 -27"><span class='ocrx_word' id='word_1_227' title='bbox 2189 678 2279 716; x_wconf 84' lang='grc' dir='ltr'><strong>ται</strong></span> <span class='ocrx_word' id='word_1_228' title='bbox 2296 662 2520 732; x_wconf 81' lang='grc' dir='ltr'><strong>Κάλχας</strong></span> <span class='ocrx_word' id='word_1_229' title='bbox 2553 665 2633 726; x_wconf 85' lang='grc' dir='ltr'><strong>είς</strong></span> <span class='ocrx_word' id='word_1_230' title='bbox 2663 662 2961 732; x_wconf 79' lang='grc' dir='ltr'><strong>Κολοφῶνα</strong></span> <span class='ocrx_word' id='word_1_231' title='bbox 2977 704 2992 726; x_wconf 87' lang='grc'><strong>,</strong></span> <span class='ocrx_word' id='word_1_232' title='bbox 3017 665 3076 716; x_wconf 90' lang='grc' dir='ltr'><strong>ἐν</strong></span> <span class='ocrx_word' id='word_1_233' title='bbox 3098 657 3143 732; x_wconf 82' lang='grc' dir='ltr'>ᾧ</span> <span class='ocrx_word' id='word_1_234' title='bbox 3168 664 3353 734; x_wconf 75' lang='grc' dir='ltr'>Μόψος</span> <span class='ocrx_word' id='word_1_235' title='bbox 3381 665 3510 736; x_wconf 78' lang='grc' dir='ltr'>ἔχων</span> <span class='ocrx_word' id='word_1_236' title='bbox 3535 670 3647 741; x_wconf 78' lang='grc' dir='ltr'>ἔχρα</span> <span class='ocrx_word' id='word_1_237' title='bbox 3666 693 3712 728; x_wconf 82' lang='grc' dir='ltr'><strong>το</strong></span> 
     </span>
    </p>
   </div>
   <div class='ocr_carea' id='block_1_37' title="bbox 2195 755 3715 834">
    <p class='ocr_par' dir='ltr' id='par_1_37' title="bbox 2195 755 3715 834">
     <span class='ocr_line' id='line_1_37' title="bbox 2195 755 3715 834; baseline 0.007 -27"><span class='ocrx_word' id='word_1_238' title='bbox 2195 758 2446 824; x_wconf 88' lang='grc' dir='ltr'>μαντεῖον</span> <span class='ocrx_word' id='word_1_239' title='bbox 2465 755 2530 817; x_wconf 83' lang='grc'><strong>³¹,</strong></span> <span class='ocrx_word' id='word_1_240' title='bbox 2553 757 2693 826; x_wconf 86' lang='grc' dir='ltr'>μετὰ</span> <span class='ocrx_word' id='word_1_241' title='bbox 2716 757 2759 808; x_wconf 88' lang='grc' dir='ltr'>Τ</span> <span class='ocrx_word' id='word_1_242' title='bbox 2766 758 2913 826; x_wconf 86' lang='grc' dir='ltr'>ροίας</span> <span class='ocrx_word' id='word_1_243' title='bbox 2936 756 3288 828; x_wconf 79' lang='grc' dir='ltr'><strong>πλανώμενος</strong></span> <span class='ocrx_word' id='word_1_244' title='bbox 3311 759 3715 834; x_wconf 74' lang='grc' dir='ltr'>άλωσιν.Ἥριζον</span> 
     </span>
    </p>
   </div>
   <div class='ocr_carea' id='block_1_38' title="bbox 2189 845 3715 922">
    <p class='ocr_par' dir='ltr' id='par_1_38' title="bbox 2189 845 3715 922">
     <span class='ocr_line' id='line_1_38' title="bbox 2189 845 3715 922; baseline 0.008 -23"><span class='ocrx_word' id='word_1_245' title='bbox 2189 845 2287 902; x_wconf 80' lang='grc' dir='ltr'>οὖν</span> <span class='ocrx_word' id='word_1_246' title='bbox 2335 847 2430 900; x_wconf 74' lang='grc' dir='ltr'>ἐπὶ</span> <span class='ocrx_word' id='word_1_247' title='bbox 2477 849 2616 901; x_wconf 86' lang='grc' dir='ltr'>πολὺ</span> <span class='ocrx_word' id='word_1_248' title='bbox 2659 848 2932 919; x_wconf 82' lang='grc' dir='ltr'>ἀλλήλοις,</span> <span class='ocrx_word' id='word_1_249' title='bbox 2962 849 3058 903; x_wconf 82' lang='grc' dir='ltr'>καὶ</span> <span class='ocrx_word' id='word_1_250' title='bbox 3087 850 3430 922; x_wconf 87' lang='grc' dir='ltr'>Ἀμφίμαχος</span> <span class='ocrx_word' id='word_1_251' title='bbox 3473 856 3499 907; x_wconf 82' lang='grc' dir='ltr'>ὁ</span> <span class='ocrx_word' id='word_1_252' title='bbox 3539 857 3715 911; x_wconf 79' lang='grc' dir='ltr'><strong>Λυκίων</strong></span> 
     </span>
    </p>
   </div>
   <div class='ocr_carea' id='block_1_39' title="bbox 2191 936 3716 1013">
    <p class='ocr_par' dir='ltr' id='par_1_39' title="bbox 2191 936 3716 1013">
     <span class='ocr_line' id='line_1_39' title="bbox 2191 936 3716 1013; baseline 0.008 -23"><span class='ocrx_word' id='word_1_253' title='bbox 2191 936 2445 1007; x_wconf 77' lang='grc' dir='ltr'>βασιλεὺς</span> <span class='ocrx_word' id='word_1_254' title='bbox 2495 937 2611 991; x_wconf 86' lang='grc' dir='ltr'>λύει</span> <span class='ocrx_word' id='word_1_255' title='bbox 2659 940 2758 1009; x_wconf 82' lang='grc' dir='ltr'>τὴν</span> <span class='ocrx_word' id='word_1_256' title='bbox 2805 939 2956 1008; x_wconf 85' lang='grc' dir='ltr'>ἔριν⁶</span> <span class='ocrx_word' id='word_1_257' title='bbox 2989 941 3081 993; x_wconf 76' lang='grc' dir='ltr'>ἐπὶ</span> <span class='ocrx_word' id='word_1_258' title='bbox 3126 941 3362 1011; x_wconf 86' lang='grc' dir='ltr'>πόλεμον</span> <span class='ocrx_word' id='word_1_259' title='bbox 3405 942 3504 1013; x_wconf 81' lang='grc' dir='ltr'><strong>γάρ</strong></span> <span class='ocrx_word' id='word_1_260' title='bbox 3548 946 3716 1010; x_wconf 75' lang='grc' dir='ltr'><strong>ἐξιόντα</strong></span> 
     </span>
    </p>
   </div>
   <div class='ocr_carea' id='block_1_40' title="bbox 2189 1027 3713 1108">
    <p class='ocr_par' dir='ltr' id='par_1_40' title="bbox 2189 1027 3713 1108">
     <span class='ocr_line' id='line_1_40' title="bbox 2189 1027 3713 1108; baseline 0.006 -25"><span class='ocrx_word' id='word_1_261' title='bbox 2189 1030 2376 1100; x_wconf 77' lang='grc' dir='ltr'>Μόψος</span> <span class='ocrx_word' id='word_1_262' title='bbox 2425 1031 2524 1101; x_wconf 81' lang='grc' dir='ltr'>μὲν</span> <span class='ocrx_word' id='word_1_263' title='bbox 2571 1033 2806 1086; x_wconf 82' lang='grc' dir='ltr'>ἐκώλυεν</span> <span class='ocrx_word' id='word_1_264' title='bbox 2818 1033 2862 1065; x_wconf 81' lang='grc'><strong>³⁸</strong></span> <span class='ocrx_word' id='word_1_265' title='bbox 2893 1027 3063 1104; x_wconf 78' lang='grc' dir='ltr'>ἧτταν</span> <span class='ocrx_word' id='word_1_266' title='bbox 3098 1033 3510 1102; x_wconf 87' lang='grc' dir='ltr'>προαγγέλλων,</span> <span class='ocrx_word' id='word_1_267' title='bbox 3534 1039 3713 1108; x_wconf 79' lang='grc' dir='ltr'>Κάλχας</span> 
     </span>
    </p>
   </div>
   <div class='ocr_carea' id='block_1_41' title="bbox 2187 1121 3711 1196">
    <p class='ocr_par' dir='ltr' id='par_1_41' title="bbox 2187 1121 3711 1196">
     <span class='ocr_line' id='line_1_41' title="bbox 2187 1121 3711 1196; baseline 0.006 -22"><span class='ocrx_word' id='word_1_268' title='bbox 2187 1121 2244 1175; x_wconf 84' lang='grc' dir='ltr'><strong>δέ</strong></span> <span class='ocrx_word' id='word_1_269' title='bbox 2287 1122 2557 1193; x_wconf 84' lang='grc' dir='ltr'><strong>ἐπέτρεπε</strong></span> <span class='ocrx_word' id='word_1_270' title='bbox 2581 1124 2740 1192; x_wconf 84' lang='grc' dir='ltr'>νίκην</span> <span class='ocrx_word' id='word_1_271' title='bbox 2771 1126 3075 1194; x_wconf 76' lang='grc' dir='ltr'>σημαίνων,</span> <span class='ocrx_word' id='word_1_272' title='bbox 3110 1125 3208 1178; x_wconf 79' lang='grc' dir='ltr'>καὶ</span> <span class='ocrx_word' id='word_1_273' title='bbox 3237 1126 3492 1196; x_wconf 77' lang='grc' dir='ltr'>ἡττᾶται,</span> <span class='ocrx_word' id='word_1_274' title='bbox 3520 1130 3602 1182; x_wconf 76' lang='grc' dir='ltr'>καὶ</span> <span class='ocrx_word' id='word_1_275' title='bbox 3623 1131 3711 1183; x_wconf 79' lang='lat' dir='ltr'><strong>M6-</strong></span> 
     </span>
    </p>
   </div>
   <div class='ocr_carea' id='block_1_42' title="bbox 2186 1215 3714 1290">
    <p class='ocr_par' dir='ltr' id='par_1_42' title="bbox 2186 1215 3714 1290">
     <span class='ocr_line' id='line_1_42' title="bbox 2186 1215 3714 1290; baseline 0.005 -23"><span class='ocrx_word' id='word_1_276' title='bbox 2186 1215 2286 1284; x_wconf 81' lang='grc' dir='ltr'><strong>ψος</strong></span> <span class='ocrx_word' id='word_1_277' title='bbox 2333 1216 2434 1283; x_wconf 85' lang='grc' dir='ltr'>μὲν</span> <span class='ocrx_word' id='word_1_278' title='bbox 2473 1217 2567 1269; x_wconf 80' lang='grc' dir='ltr'>ἐπὶ</span> <span class='ocrx_word' id='word_1_279' title='bbox 2621 1217 2880 1287; x_wconf 83' lang='grc' dir='ltr'>μᾶλλον⁸³</span> <span class='ocrx_word' id='word_1_280' title='bbox 2927 1216 3187 1290; x_wconf 83' lang='grc' dir='ltr'>ἐτιμήθη,</span> <span class='ocrx_word' id='word_1_281' title='bbox 3241 1217 3460 1288; x_wconf 77' lang='grc' dir='ltr'>Κάλχας</span> <span class='ocrx_word' id='word_1_282' title='bbox 3501 1220 3714 1276; x_wconf 77' lang='grc' dir='ltr'>δ’ἐαυτὸν</span> 
     </span>
    </p>
   </div>
   <div class='ocr_carea' id='block_1_43' title="bbox 2187 1307 2532 1380">
    <p class='ocr_par' dir='ltr' id='par_1_43' title="bbox 2187 1307 2532 1380">
     <span class='ocr_line' id='line_1_43' title="bbox 2187 1307 2532 1380; baseline 0.009 -21"><span class='ocrx_word' id='word_1_283' title='bbox 2187 1307 2532 1380; x_wconf 82' lang='grc' dir='ltr'><strong>διεχρήσατο.</strong></span> 
     </span>
    </p>
   </div>
   <div class='ocr_carea' id='block_1_44' title="bbox 2265 1579 3716 1658">
    <p class='ocr_par' dir='ltr' id='par_1_44' title="bbox 2265 1579 3716 1658">
     <span class='ocr_line' id='line_1_44' title="bbox 2265 1579 3716 1658; baseline 0.032 -26"><span class='ocrx_word' id='word_1_284' title='bbox 2265 1581 2335 1634; x_wconf 87' lang='grc' dir='ltr'><strong>Ἦ</strong></span> <span class='ocrx_word' id='word_1_285' title='bbox 2382 1579 2428 1644; x_wconf 74' lang='grc' dir='ltr'><strong>ζ’</strong></span> <span class='ocrx_word' id='word_1_286' title='bbox 2453 1581 2721 1650; x_wconf 84' lang='grc' dir='ltr'>διηγεῖται</span> <span class='ocrx_word' id='word_1_287' title='bbox 2771 1581 2847 1645; x_wconf 79' lang='grc' dir='ltr'><strong>ὡς</strong></span> <span class='ocrx_word' id='word_1_288' title='bbox 2897 1581 3198 1653; x_wconf 79' lang='grc' dir='ltr'><strong>Φιλάμμων</strong></span> <span class='ocrx_word' id='word_1_289' title='bbox 3235 1586 3368 1647; x_wconf 71' lang='grc' dir='ltr'><strong>παῖς</strong></span> <span class='ocrx_word' id='word_1_290' title='bbox 3394 1583 3716 1658; x_wconf 61' lang='grc' dir='ltr'>Φιλωνίδθςνῆ</span> 
     </span>
    </p>
   </div>
   <div class='ocr_carea' id='block_1_45' title="bbox 2183 1670 3717 1747">
    <p class='ocr_par' dir='ltr' id='par_1_45' title="bbox 2183 1670 3717 1747">
     <span class='ocr_line' id='line_1_45' title="bbox 2183 1670 3717 1747; baseline 0.003 -23"><span class='ocrx_word' id='word_1_291' title='bbox 2183 1671 2406 1739; x_wconf 89' lang='grc' dir='ltr'>γέγονεν</span> <span class='ocrx_word' id='word_1_292' title='bbox 2433 1670 2490 1737; x_wconf 80' lang='grc' dir='ltr'>ἐξ</span> <span class='ocrx_word' id='word_1_293' title='bbox 2529 1670 2838 1742; x_wconf 77' lang='grc' dir='ltr'>Ἑωσφόρου</span> <span class='ocrx_word' id='word_1_294' title='bbox 2887 1672 2984 1724; x_wconf 71' lang='grc' dir='ltr'>καὶ</span> <span class='ocrx_word' id='word_1_295' title='bbox 3033 1673 3332 1737; x_wconf 79' lang='grc' dir='ltr'>Κλεοὸοίας</span> <span class='ocrx_word' id='word_1_296' title='bbox 3378 1675 3436 1727; x_wconf 76' lang='grc' dir='ltr'><strong>ἐν</strong></span> <span class='ocrx_word' id='word_1_297' title='bbox 3483 1675 3667 1747; x_wconf 85' lang='grc' dir='ltr'>Θορικῴ</span> <span class='ocrx_word' id='word_1_298' title='bbox 3684 1680 3717 1708; x_wconf 68' lang='grc'><strong>³⁸</strong></span> 
     </span>
    </p>
   </div>
   <div class='ocr_carea' id='block_1_46' title="bbox 2179 1756 3721 1837">
    <p class='ocr_par' dir='ltr' id='par_1_46' title="bbox 2179 1756 3721 1837">
     <span class='ocr_line' id='line_1_46' title="bbox 2179 1756 3721 1837; baseline 0.005 -23"><span class='ocrx_word' id='word_1_299' title='bbox 2179 1763 2278 1831; x_wconf 85' lang='grc' dir='ltr'>τῆς</span> <span class='ocrx_word' id='word_1_300' title='bbox 2310 1761 2582 1831; x_wconf 77' lang='grc' dir='ltr'><strong>Ἀττικῆς,</strong></span> <span class='ocrx_word' id='word_1_301' title='bbox 2611 1756 2767 1826; x_wconf 78' lang='grc' dir='ltr'>οὗτος</span> <span class='ocrx_word' id='word_1_302' title='bbox 2797 1765 2825 1816; x_wconf 87' lang='grc' dir='ltr'><strong>ὁ</strong></span> <span class='ocrx_word' id='word_1_303' title='bbox 2847 1764 3148 1834; x_wconf 81' lang='grc' dir='ltr'><strong>Φιλάμμων</strong></span> <span class='ocrx_word' id='word_1_304' title='bbox 3179 1767 3462 1837; x_wconf 73' lang='grc' dir='ltr'>ὑπερφυὴς</span> <span class='ocrx_word' id='word_1_305' title='bbox 3487 1768 3542 1821; x_wconf 83' lang='grc' dir='ltr'>τὸ</span> <span class='ocrx_word' id='word_1_306' title='bbox 3563 1770 3721 1832; x_wconf 86' lang='grc' dir='ltr'>κάλλος</span> 
     </span>
    </p>
   </div>
   <div class='ocr_carea' id='block_1_47' title="bbox 2180 1855 3720 1930">
    <p class='ocr_par' dir='ltr' id='par_1_47' title="bbox 2180 1855 3720 1930">
     <span class='ocr_line' id='line_1_47' title="bbox 2180 1855 3720 1930; baseline 0.003 -22"><span class='ocrx_word' id='word_1_307' title='bbox 2180 1858 2417 1923; x_wconf 82' lang='grc' dir='ltr'>ἐγένετο.</span> <span class='ocrx_word' id='word_1_308' title='bbox 2458 1855 2575 1909; x_wconf 86' lang='grc' dir='ltr'><strong>Μία</strong></span> <span class='ocrx_word' id='word_1_309' title='bbox 2621 1856 2678 1908; x_wconf 88' lang='grc' dir='ltr'><strong>δέ</strong></span> <span class='ocrx_word' id='word_1_310' title='bbox 2727 1855 2838 1909; x_wconf 85' lang='grc' dir='ltr'><strong>τῶν</strong></span> <span class='ocrx_word' id='word_1_311' title='bbox 2866 1858 3093 1927; x_wconf 84' lang='grc' dir='ltr'>νυμφῶν</span> <span class='ocrx_word' id='word_1_312' title='bbox 3137 1860 3240 1930; x_wconf 82' lang='grc' dir='ltr'><strong>ἐρᾷ</strong></span> <span class='ocrx_word' id='word_1_313' title='bbox 3281 1859 3376 1912; x_wconf 83' lang='grc' dir='ltr'><strong>τοῦ</strong></span> <span class='ocrx_word' id='word_1_314' title='bbox 3411 1860 3622 1924; x_wconf 82' lang='grc' dir='ltr'>νεανίου,</span> <span class='ocrx_word' id='word_1_315' title='bbox 3649 1863 3720 1914; x_wconf 83' lang='grc' dir='ltr'>καὶ</span> 
     </span>
    </p>
   </div>
   <div class='ocr_carea' id='block_1_48' title="bbox 2180 1946 3720 2024">
    <p class='ocr_par' dir='ltr' id='par_1_48' title="bbox 2180 1946 3720 2024">
     <span class='ocr_line' id='line_1_48' title="bbox 2180 1946 3720 2024; baseline 0.005 -25"><span class='ocrx_word' id='word_1_316' title='bbox 2180 1946 2438 2018; x_wconf 87' lang='grc' dir='ltr'>ἐγκύμων</span> <span class='ocrx_word' id='word_1_317' title='bbox 2486 1949 2717 2017; x_wconf 89' lang='grc' dir='ltr'>γίνεται.</span> <span class='ocrx_word' id='word_1_318' title='bbox 2755 1950 3058 2022; x_wconf 84' lang='grc' dir='ltr'>Αίδουμένη</span> <span class='ocrx_word' id='word_1_319' title='bbox 3104 1951 3150 2004; x_wconf 86' lang='grc' dir='ltr'>δ’</span> <span class='ocrx_word' id='word_1_320' title='bbox 3177 1953 3404 2020; x_wconf 77' lang='grc' dir='ltr'>ἀπαίρει</span> <span class='ocrx_word' id='word_1_321' title='bbox 3439 1954 3720 2024; x_wconf 76' lang='grc' dir='ltr'>Πελοποννήο</span> 
     </span>
    </p>
   </div>
   <div class='ocr_carea' id='block_1_49' title="bbox 2181 2039 3720 2116">
    <p class='ocr_par' dir='ltr' id='par_1_49' title="bbox 2181 2039 3720 2116">
     <span class='ocr_line' id='line_1_49' title="bbox 2181 2039 3720 2116; baseline 0.005 -25"><span class='ocrx_word' id='word_1_322' title='bbox 2181 2056 2298 2104; x_wconf 85' lang='grc' dir='ltr'>σου,</span> <span class='ocrx_word' id='word_1_323' title='bbox 2332 2041 2427 2093; x_wconf 75' lang='grc' dir='ltr'>καὶ</span> <span class='ocrx_word' id='word_1_324' title='bbox 2456 2043 2537 2104; x_wconf 89' lang='grc' dir='ltr'><strong>είς</strong></span> <span class='ocrx_word' id='word_1_325' title='bbox 2563 2039 2660 2112; x_wconf 80' lang='grc' dir='ltr'>τὴν</span> <span class='ocrx_word' id='word_1_326' title='bbox 2683 2043 2854 2112; x_wconf 82' lang='grc' dir='ltr'>ἀκτὴν</span> <span class='ocrx_word' id='word_1_327' title='bbox 2905 2043 3330 2114; x_wconf 78' lang='grc' dir='ltr'>παραγενομένη</span> <span class='ocrx_word' id='word_1_328' title='bbox 3365 2043 3530 2098; x_wconf 77' lang='grc' dir='ltr'>τίκτει</span> <span class='ocrx_word' id='word_1_329' title='bbox 3560 2046 3720 2116; x_wconf 81' lang='grc' dir='ltr'>κοῦρον</span> 
     </span>
    </p>
   </div>
   <div class='ocr_carea' id='block_1_50' title="bbox 2179 2130 3718 2208">
    <p class='ocr_par' dir='ltr' id='par_1_50' title="bbox 2179 2130 3718 2208">
     <span class='ocr_line' id='line_1_50' title="bbox 2179 2130 3718 2208; baseline 0.003 -23"><span class='ocrx_word' id='word_1_330' title='bbox 2179 2130 2449 2200; x_wconf 87' lang='grc' dir='ltr'>Θάμυριν,</span> <span class='ocrx_word' id='word_1_331' title='bbox 2484 2131 2543 2195; x_wconf 82' lang='grc' dir='ltr'>ὃς</span> <span class='ocrx_word' id='word_1_332' title='bbox 2569 2133 2781 2202; x_wconf 78' lang='grc' dir='ltr'>ήόήσας</span> <span class='ocrx_word' id='word_1_333' title='bbox 2812 2133 2904 2186; x_wconf 78' lang='grc' dir='ltr'>ἐπὶ</span> <span class='ocrx_word' id='word_1_334' title='bbox 2930 2134 3186 2188; x_wconf 80' lang='grc' dir='ltr'>τοσοῦτον</span> <span class='ocrx_word' id='word_1_335' title='bbox 3206 2130 3310 2204; x_wconf 84' lang='grc' dir='ltr'>ἧκε</span> <span class='ocrx_word' id='word_1_336' title='bbox 3336 2136 3640 2208; x_wconf 84' lang='grc' dir='ltr'>κιθαρῳδίας</span> <span class='ocrx_word' id='word_1_337' title='bbox 3660 2138 3718 2199; x_wconf 83' lang='grc' dir='ltr'>ὼς</span> 
     </span>
    </p>
   </div>
   <div class='ocr_carea' id='block_1_51' title="bbox 2177 2225 3722 2300">
    <p class='ocr_par' dir='ltr' id='par_1_51' title="bbox 2177 2225 3722 2300">
     <span class='ocr_line' id='line_1_51' title="bbox 2177 2225 3722 2300; baseline 0.001 -20"><span class='ocrx_word' id='word_1_338' title='bbox 2177 2226 2276 2280; x_wconf 76' lang='grc' dir='ltr'>καὶ</span> <span class='ocrx_word' id='word_1_339' title='bbox 2305 2225 2533 2296; x_wconf 84' lang='grc' dir='ltr'>βασιλέα</span> <span class='ocrx_word' id='word_1_340' title='bbox 2561 2227 2733 2295; x_wconf 76' lang='grc' dir='ltr'>σφῶν,</span> <span class='ocrx_word' id='word_1_341' title='bbox 2765 2227 2968 2297; x_wconf 85' lang='grc' dir='ltr'>καίπερ</span> <span class='ocrx_word' id='word_1_342' title='bbox 2999 2228 3278 2300; x_wconf 85' lang='grc' dir='ltr'>ἐπηλύτην</span> <span class='ocrx_word' id='word_1_343' title='bbox 3299 2231 3347 2262; x_wconf 80' lang='grc'>³⁵</span> <span class='ocrx_word' id='word_1_344' title='bbox 3377 2231 3522 2290; x_wconf 78' lang='grc' dir='ltr'>ὅντα,</span> <span class='ocrx_word' id='word_1_345' title='bbox 3550 2229 3722 2292; x_wconf 80' lang='grc' dir='ltr'>Σκύθας</span> 
     </span>
    </p>
   </div>
   <div class='ocr_carea' id='block_1_52' title="bbox 2179 2318 3722 2393">
    <p class='ocr_par' dir='ltr' id='par_1_52' title="bbox 2179 2318 3722 2393">
     <span class='ocr_line' id='line_1_52' title="bbox 2179 2318 3722 2393; baseline 0.002 -22"><span class='ocrx_word' id='word_1_346' title='bbox 2179 2318 2762 2389; x_wconf 84' lang='grc' dir='ltr'>ποιήσασθαι.Ἐρίσας</span> <span class='ocrx_word' id='word_1_347' title='bbox 2779 2319 2836 2372; x_wconf 83' lang='grc' dir='ltr'><strong>δὲ</strong></span> <span class='ocrx_word' id='word_1_348' title='bbox 2862 2320 2957 2374; x_wconf 71' lang='grc' dir='ltr'><strong>κα)⁵</strong></span> <span class='ocrx_word' id='word_1_349' title='bbox 2975 2321 3020 2352; x_wconf 80' lang='grc'><strong>³⁸</strong></span> <span class='ocrx_word' id='word_1_350' title='bbox 3041 2324 3160 2383; x_wconf 86' lang='grc' dir='ltr'>ταῖς</span> <span class='ocrx_word' id='word_1_351' title='bbox 3173 2322 3421 2385; x_wconf 83' lang='grc' dir='ltr'>Μούσαις</span> <span class='ocrx_word' id='word_1_352' title='bbox 3447 2322 3576 2393; x_wconf 83' lang='grc' dir='ltr'>ὑπὲρ</span> <span class='ocrx_word' id='word_1_353' title='bbox 3592 2322 3722 2392; x_wconf 77' lang='grc' dir='ltr'>ᾠδῆς,</span> 
     </span>
    </p>
   </div>
   <div class='ocr_carea' id='block_1_53' title="bbox 2179 2411 3720 2485">
    <p class='ocr_par' dir='ltr' id='par_1_53' title="bbox 2179 2411 3720 2485">
     <span class='ocr_line' id='line_1_53' title="bbox 2179 2411 3720 2485; baseline 0.001 -21"><span class='ocrx_word' id='word_1_354' title='bbox 2179 2412 2271 2464; x_wconf 73' lang='grc' dir='ltr'>καὶ</span> <span class='ocrx_word' id='word_1_355' title='bbox 2309 2412 2485 2466; x_wconf 81' lang='grc' dir='ltr'>ἄθλων</span> <span class='ocrx_word' id='word_1_356' title='bbox 2517 2411 2595 2482; x_wconf 87' lang='grc' dir='ltr'>τῷ</span> <span class='ocrx_word' id='word_1_357' title='bbox 2615 2414 2892 2483; x_wconf 81' lang='grc' dir='ltr'>νικήσαντι</span> <span class='ocrx_word' id='word_1_358' title='bbox 2911 2412 3199 2476; x_wconf 85' lang='grc' dir='ltr'>τεθέντων,</span> <span class='ocrx_word' id='word_1_359' title='bbox 3235 2415 3430 2485; x_wconf 85' lang='grc' dir='ltr'>ἐκείνῳ</span> <span class='ocrx_word' id='word_1_360' title='bbox 3465 2415 3556 2484; x_wconf 83' lang='grc' dir='ltr'>μὲν</span> <span class='ocrx_word' id='word_1_361' title='bbox 3573 2411 3720 2476; x_wconf 62' lang='lat' dir='ltr'><strong>tunc&quot;</strong></span> 
     </span>
    </p>
   </div>
   <div class='ocr_carea' id='block_1_54' title="bbox 2178 2503 3725 2574">
    <p class='ocr_par' dir='ltr' id='par_1_54' title="bbox 2178 2503 3725 2574">
     <span class='ocr_line' id='line_1_54' title="bbox 2178 2503 3725 2574; baseline -0.001 -17"><span class='ocrx_word' id='word_1_362' title='bbox 2178 2505 2410 2557; x_wconf 81' lang='grc' dir='ltr'>Μουσῶν</span> <span class='ocrx_word' id='word_1_363' title='bbox 2461 2503 2694 2574; x_wconf 85' lang='grc' dir='ltr'>γάμους,</span> <span class='ocrx_word' id='word_1_364' title='bbox 2729 2505 2967 2569; x_wconf 79' lang='grc' dir='ltr'>ἐκείναις</span> <span class='ocrx_word' id='word_1_365' title='bbox 3015 2505 3071 2557; x_wconf 86' lang='grc' dir='ltr'>δὲ</span> <span class='ocrx_word' id='word_1_366' title='bbox 3123 2505 3151 2559; x_wconf 84' lang='grc' dir='ltr'><strong>ὃ</strong></span> <span class='ocrx_word' id='word_1_367' title='bbox 3201 2506 3410 2561; x_wconf 76' lang='grc' dir='ltr'>ἕλοιντο</span> <span class='ocrx_word' id='word_1_368' title='bbox 3439 2507 3542 2561; x_wconf 85' lang='grc' dir='ltr'>τῶν</span> <span class='ocrx_word' id='word_1_369' title='bbox 3571 2504 3725 2569; x_wconf 73' lang='grc' dir='ltr'>αὑτοῦ,</span> 
     </span>
    </p>
   </div>
   <div class='ocr_carea' id='block_1_55' title="bbox 2180 2598 3214 2671">
    <p class='ocr_par' dir='ltr' id='par_1_55' title="bbox 2180 2598 3214 2671">
     <span class='ocr_line' id='line_1_55' title="bbox 2180 2598 3214 2671; baseline 0.003 -21"><span class='ocrx_word' id='word_1_370' title='bbox 2180 2598 2414 2668; x_wconf 80' lang='grc' dir='ltr'><strong>ἐξεκόπη</strong></span> <span class='ocrx_word' id='word_1_371' title='bbox 2441 2598 2568 2661; x_wconf 83' lang='grc' dir='ltr'>τοὺς</span> <span class='ocrx_word' id='word_1_372' title='bbox 2597 2598 2912 2668; x_wconf 77' lang='grc' dir='ltr'>ὀφθαλμοὺς</span> <span class='ocrx_word' id='word_1_373' title='bbox 2939 2598 3214 2671; x_wconf 80' lang='grc' dir='ltr'>ἡττηθείς.</span> 
     </span>
    </p>
   </div>
   <div class='ocr_carea' id='block_1_56' title="bbox 2261 2881 3726 2958">
    <p class='ocr_par' dir='ltr' id='par_1_56' title="bbox 2261 2881 3726 2958">
     <span class='ocr_line' id='line_1_56' title="bbox 2261 2881 3726 2958; baseline -0.005 -18"><span class='ocrx_word' id='word_1_374' title='bbox 2261 2887 2327 2940; x_wconf 88' lang='grc' dir='ltr'><strong>Ἦ</strong></span> <span class='ocrx_word' id='word_1_375' title='bbox 2361 2886 2468 2956; x_wconf 81' lang='grc' dir='ltr'><strong>η’³⁸</strong></span> <span class='ocrx_word' id='word_1_376' title='bbox 2489 2884 2759 2956; x_wconf 86' lang='grc' dir='ltr'>διηγεῖται</span> <span class='ocrx_word' id='word_1_377' title='bbox 2786 2885 2855 2939; x_wconf 83' lang='grc' dir='ltr'><strong>τὰ</strong></span> <span class='ocrx_word' id='word_1_378' title='bbox 2884 2886 3015 2957; x_wconf 75' lang='grc' dir='ltr'>περὶ</span> <span class='ocrx_word' id='word_1_379' title='bbox 3045 2885 3321 2958; x_wconf 79' lang='grc' dir='ltr'>Πρωτέως</span> <span class='ocrx_word' id='word_1_380' title='bbox 3349 2885 3445 2939; x_wconf 80' lang='grc' dir='ltr'><strong>τοῦ</strong></span> <span class='ocrx_word' id='word_1_381' title='bbox 3469 2881 3726 2952; x_wconf 79' lang='grc' dir='ltr'>Αἰγυπτίου</span> 
     </span>
    </p>
   </div>
   <div class='ocr_carea' id='block_1_57' title="bbox 2183 2969 3726 3050">
    <p class='ocr_par' dir='ltr' id='par_1_57' title="bbox 2183 2969 3726 3050">
     <span class='ocr_line' id='line_1_57' title="bbox 2183 2969 3726 3050; baseline -0.014 -6"><span class='ocrx_word' id='word_1_382' title='bbox 2183 2977 2459 3048; x_wconf 82' lang='grc' dir='ltr'>μάντεως,</span> <span class='ocrx_word' id='word_1_383' title='bbox 2490 2969 2551 3031; x_wconf 70' lang='grc' dir='ltr'>οὗ</span> <span class='ocrx_word' id='word_1_384' title='bbox 2581 2979 2614 3049; x_wconf 84' lang='grc' dir='ltr'>ἡ</span> <span class='ocrx_word' id='word_1_385' title='bbox 2647 2977 2894 3049; x_wconf 85' lang='grc' dir='ltr'>θυγάτηρ</span> <span class='ocrx_word' id='word_1_386' title='bbox 2926 2978 3125 3047; x_wconf 86' lang='grc' dir='ltr'>Θεονόη</span> <span class='ocrx_word' id='word_1_387' title='bbox 3177 2978 3473 3050; x_wconf 80' lang='grc' dir='ltr'>ἐρασθεῖσα</span> <span class='ocrx_word' id='word_1_388' title='bbox 3503 2973 3726 3029; x_wconf 76' lang='grc' dir='ltr'>Κανώϐου</span> 
     </span>
    </p>
   </div>
   <div class='ocr_carea' id='block_1_58' title="bbox 2184 3069 3726 3147">
    <p class='ocr_par' dir='ltr' id='par_1_58' title="bbox 2184 3069 3726 3147">
     <span class='ocr_line' id='line_1_58' title="bbox 2184 3069 3726 3147; baseline -0.006 -18"><span class='ocrx_word' id='word_1_389' title='bbox 2184 3073 2272 3146; x_wconf 83' lang='grc' dir='ltr'>(ἦν</span> <span class='ocrx_word' id='word_1_390' title='bbox 2299 3075 2343 3127; x_wconf 86' lang='grc' dir='ltr'><strong>δ’</strong></span> <span class='ocrx_word' id='word_1_391' title='bbox 2366 3070 2522 3140; x_wconf 74' lang='grc' dir='ltr'>οὗτος</span> <span class='ocrx_word' id='word_1_392' title='bbox 2548 3075 2887 3147; x_wconf 80' lang='grc' dir='ltr'>κυόερνήτης</span> <span class='ocrx_word' id='word_1_393' title='bbox 2915 3075 3191 3130; x_wconf 80' lang='grc' dir='ltr'>Μενελάου</span> <span class='ocrx_word' id='word_1_394' title='bbox 3217 3073 3312 3127; x_wconf 80' lang='grc' dir='ltr'>τοῦ</span> <span class='ocrx_word' id='word_1_395' title='bbox 3337 3072 3524 3142; x_wconf 84' lang='grc' dir='ltr'>Τρώου</span> <span class='ocrx_word' id='word_1_396' title='bbox 3540 3070 3602 3140; x_wconf 76' lang='grc'><strong>³³)</strong></span> <span class='ocrx_word' id='word_1_397' title='bbox 3619 3069 3726 3121; x_wconf 57' lang='lat' dir='ltr'><strong>rima</strong></span> 
     </span>
    </p>
   </div>
   <div class='ocr_carea' id='block_1_59' title="bbox 499 3140 2082 3239">
    <p class='ocr_par' dir='ltr' id='par_1_59' title="bbox 499 3140 2072 3220">
     <span class='ocr_line' id='line_1_59' title="bbox 499 3140 2072 3220; baseline 0.016 -33"><span class='ocrx_word' id='word_1_398' title='bbox 499 3141 773 3206; x_wconf 81' lang='lat' dir='ltr'><strong>quomodo</strong></span> <span class='ocrx_word' id='word_1_399' title='bbox 823 3140 1079 3200; x_wconf 89' lang='lat' dir='ltr'><strong>Canobus</strong></span> <span class='ocrx_word' id='word_1_400' title='bbox 1128 3147 1402 3204; x_wconf 78' lang='lat' dir='ltr'><strong>formosus</strong></span> <span class='ocrx_word' id='word_1_401' title='bbox 1445 3152 1782 3220; x_wconf 89' lang='lat' dir='ltr'><strong>adolescens,</strong></span> <span class='ocrx_word' id='word_1_402' title='bbox 1827 3156 2072 3211; x_wconf 89' lang='lat' dir='ltr'><strong>abeunti-</strong></span> 
     </span>
    </p>
   </div>
   <div class='ocr_carea' id='block_1_60' title="bbox 2183 3140 3729 3239">
    <p class='ocr_par' dir='ltr' id='par_1_60' title="bbox 2183 3140 3729 3239">
     <span class='ocr_line' id='line_1_60' title="bbox 2183 3140 3729 3239; baseline -0.006 -19"><span class='ocrx_word' id='word_1_403' title='bbox 2183 3140 2477 3239; x_wconf 74' lang='grc' dir='ltr'>τυγχάνει·</span> <span class='ocrx_word' id='word_1_404' title='bbox 2499 3169 2595 3221; x_wconf 77' lang='grc' dir='ltr'>καὶ</span> <span class='ocrx_word' id='word_1_405' title='bbox 2616 3140 2699 3232; x_wconf 38' lang='grc' dir='ltr'><strong>ὡς·</strong></span> <span class='ocrx_word' id='word_1_406' title='bbox 2716 3169 2744 3220; x_wconf 89' lang='grc' dir='ltr'>ὁ</span> <span class='ocrx_word' id='word_1_407' title='bbox 2759 3140 3022 3231; x_wconf 76' lang='grc' dir='ltr'>Κάνωϐος</span> <span class='ocrx_word' id='word_1_408' title='bbox 3048 3166 3214 3230; x_wconf 75' lang='grc' dir='ltr'>καλὸς</span> <span class='ocrx_word' id='word_1_409' title='bbox 3240 3165 3340 3219; x_wconf 77' lang='grc' dir='ltr'>καὶ</span> <span class='ocrx_word' id='word_1_410' title='bbox 3370 3140 3488 3227; x_wconf 82' lang='grc' dir='ltr'>νέος</span> <span class='ocrx_word' id='word_1_411' title='bbox 3505 3161 3729 3230; x_wconf 84' lang='grc' dir='ltr'>ἀπαίρον-</span> 
     </span>
    </p>
   </div>
   <div class='ocr_carea' id='block_1_61' title="bbox 500 3232 2077 3313">
    <p class='ocr_par' dir='ltr' id='par_1_61' title="bbox 500 3232 2077 3313">
     <span class='ocr_line' id='line_1_61' title="bbox 500 3232 2077 3313; baseline 0.011 -28"><span class='ocrx_word' id='word_1_412' title='bbox 500 3236 600 3285; x_wconf 84' lang='lat' dir='ltr'><strong>bus</strong></span> <span class='ocrx_word' id='word_1_413' title='bbox 654 3247 716 3286; x_wconf 79' lang='lat' dir='ltr'><strong>ex</strong></span> <span class='ocrx_word' id='word_1_414' title='bbox 753 3232 1006 3306; x_wconf 69' lang='lat' dir='ltr'><strong>AEgypto,</strong></span> <span class='ocrx_word' id='word_1_415' title='bbox 1049 3243 1140 3306; x_wconf 88' lang='lat' dir='ltr'><strong>qui</strong></span> <span class='ocrx_word' id='word_1_416' title='bbox 1187 3241 1254 3294; x_wconf 85' lang='lat' dir='ltr'><strong>ad</strong></span> <span class='ocrx_word' id='word_1_417' title='bbox 1285 3258 1405 3295; x_wconf 88' lang='lat' dir='ltr'><strong>eam</strong></span> <span class='ocrx_word' id='word_1_418' title='bbox 1454 3245 1793 3313; x_wconf 86' lang='lat' dir='ltr'><strong>appulerant,</strong></span> <span class='ocrx_word' id='word_1_419' title='bbox 1835 3246 2077 3305; x_wconf 89' lang='lat' dir='ltr'><strong>Menelao</strong></span> 
     </span>
    </p>
   </div>
   <div class='ocr_carea' id='block_1_62' title="bbox 499 3324 2080 3410">
    <p class='ocr_par' dir='ltr' id='par_1_62' title="bbox 499 3324 2080 3410">
     <span class='ocr_line' id='line_1_62' title="bbox 499 3324 2080 3410; baseline 0.015 -37"><span class='ocrx_word' id='word_1_420' title='bbox 499 3332 660 3392; x_wconf 89' lang='lat' dir='ltr'><strong>atque</strong></span> <span class='ocrx_word' id='word_1_421' title='bbox 689 3324 910 3393; x_wconf 87' lang='lat' dir='ltr'><strong>Helena,</strong></span> <span class='ocrx_word' id='word_1_422' title='bbox 944 3345 972 3381; x_wconf 91' lang='lat' dir='ltr'><strong>a</strong></span> <span class='ocrx_word' id='word_1_423' title='bbox 1002 3333 1184 3401; x_wconf 78' lang='lat' dir='ltr'><strong>vipera</strong></span> <span class='ocrx_word' id='word_1_424' title='bbox 1218 3349 1428 3388; x_wconf 88' lang='lat' dir='ltr'><strong>morsus</strong></span> <span class='ocrx_word' id='word_1_425' title='bbox 1453 3336 1585 3407; x_wconf 72' lang='lat'><strong>(7‘2),</strong></span> <span class='ocrx_word' id='word_1_426' title='bbox 1619 3339 1749 3394; x_wconf 89' lang='lat' dir='ltr'><strong>tibia</strong></span> <span class='ocrx_word' id='word_1_427' title='bbox 1789 3342 2080 3410; x_wconf 79' lang='lat' dir='ltr'><strong>labefacta,</strong></span> 
     </span>
    </p>
   </div>
   <div class='ocr_carea' id='block_1_63' title="bbox 499 3421 2078 3502">
    <p class='ocr_par' dir='ltr' id='par_1_63' title="bbox 499 3421 2078 3502">
     <span class='ocr_line' id='line_1_63' title="bbox 499 3421 2078 3502; baseline 0.013 -35"><span class='ocrx_word' id='word_1_428' title='bbox 499 3426 621 3481; x_wconf 88' lang='lat' dir='ltr'><strong>post</strong></span> <span class='ocrx_word' id='word_1_429' title='bbox 654 3432 762 3472; x_wconf 91' lang='lat' dir='ltr'><strong>non</strong></span> <span class='ocrx_word' id='word_1_430' title='bbox 794 3421 886 3474; x_wconf 93' lang='lat' dir='ltr'><strong>diu</strong></span> <span class='ocrx_word' id='word_1_431' title='bbox 933 3423 1222 3491; x_wconf 86' lang='lat' dir='ltr'><strong>interierit,</strong></span> <span class='ocrx_word' id='word_1_432' title='bbox 1248 3437 1302 3479; x_wconf 90' lang='lat' dir='ltr'><strong>et</strong></span> <span class='ocrx_word' id='word_1_433' title='bbox 1331 3442 1363 3480; x_wconf 91' lang='lat' dir='ltr'><strong>a</strong></span> <span class='ocrx_word' id='word_1_434' title='bbox 1388 3427 1631 3484; x_wconf 86' lang='lat' dir='ltr'><strong>Menelao</strong></span> <span class='ocrx_word' id='word_1_435' title='bbox 1684 3442 1848 3502; x_wconf 89' lang='lat' dir='ltr'><strong>atque</strong></span> <span class='ocrx_word' id='word_1_436' title='bbox 1877 3433 2078 3490; x_wconf 86' lang='lat' dir='ltr'><strong>Helena</strong></span> 
     </span>
    </p>
   </div>
   <div class='ocr_carea' id='block_1_64' title="bbox 501 3507 2081 3596">
    <p class='ocr_par' dir='ltr' id='par_1_64' title="bbox 501 3507 2081 3596">
     <span class='ocr_line' id='line_1_64' title="bbox 501 3507 2081 3596; baseline 0.013 -36"><span class='ocrx_word' id='word_1_437' title='bbox 501 3507 552 3561; x_wconf 91' lang='lat' dir='ltr'><strong>iu</strong></span> <span class='ocrx_word' id='word_1_438' title='bbox 586 3508 818 3580; x_wconf 68' lang='lat' dir='ltr'><strong>Egypto</strong></span> <span class='ocrx_word' id='word_1_439' title='bbox 847 3514 1094 3582; x_wconf 89' lang='lat' dir='ltr'><strong>sepultus</strong></span> <span class='ocrx_word' id='word_1_440' title='bbox 1119 3516 1191 3571; x_wconf 87' lang='lat' dir='ltr'><strong>sit</strong></span> <span class='ocrx_word' id='word_1_441' title='bbox 1225 3534 1238 3571; x_wconf 90' lang='lat'><strong>:</strong></span> <span class='ocrx_word' id='word_1_442' title='bbox 1275 3519 1363 3572; x_wconf 88' lang='lat' dir='ltr'><strong>ubi</strong></span> <span class='ocrx_word' id='word_1_443' title='bbox 1393 3537 1534 3575; x_wconf 90' lang='lat' dir='ltr'><strong>nunc</strong></span> <span class='ocrx_word' id='word_1_444' title='bbox 1561 3539 1778 3593; x_wconf 88' lang='lat' dir='ltr'><strong>quoque</strong></span> <span class='ocrx_word' id='word_1_445' title='bbox 1804 3530 2081 3596; x_wconf 75' lang='lat' dir='ltr'><strong>cognomi-</strong></span> 
     </span>
    </p>
   </div>
   <div class='ocr_carea' id='block_1_65' title="bbox 502 3600 2077 3680">
    <p class='ocr_par' dir='ltr' id='par_1_65' title="bbox 502 3600 2077 3680">
     <span class='ocr_line' id='line_1_65' title="bbox 502 3600 2077 3680; baseline 0.013 -29"><span class='ocrx_word' id='word_1_446' title='bbox 502 3600 586 3654; x_wconf 92' lang='lat' dir='ltr'><strong>nis</strong></span> <span class='ocrx_word' id='word_1_447' title='bbox 638 3603 686 3656; x_wconf 92' lang='lat' dir='ltr'><strong>ei</strong></span> <span class='ocrx_word' id='word_1_448' title='bbox 729 3605 918 3659; x_wconf 84' lang='lat' dir='ltr'><strong>civitas</strong></span> <span class='ocrx_word' id='word_1_449' title='bbox 977 3609 1194 3664; x_wconf 88' lang='lat' dir='ltr'><strong>condita</strong></span> <span class='ocrx_word' id='word_1_450' title='bbox 1234 3623 1337 3666; x_wconf 90' lang='lat' dir='ltr'><strong>est.</strong></span> <span class='ocrx_word' id='word_1_451' title='bbox 1398 3616 1536 3680; x_wconf 81' lang='lat' dir='ltr'><strong>Quin</strong></span> <span class='ocrx_word' id='word_1_452' title='bbox 1593 3627 1648 3670; x_wconf 91' lang='lat' dir='ltr'><strong>et</strong></span> <span class='ocrx_word' id='word_1_453' title='bbox 1690 3617 1938 3671; x_wconf 87' lang='lat' dir='ltr'><strong>ultimmn</strong></span> <span class='ocrx_word' id='word_1_454' title='bbox 1975 3618 2077 3672; x_wconf 88' lang='lat' dir='ltr'><strong>Nili</strong></span> 
     </span>
    </p>
   </div>
   <div class='ocr_carea' id='block_1_66' title="bbox 499 3690 2080 3770">
    <p class='ocr_par' dir='ltr' id='par_1_66' title="bbox 499 3690 2080 3770">
     <span class='ocr_line' id='line_1_66' title="bbox 499 3690 2080 3770; baseline 0.014 -25"><span class='ocrx_word' id='word_1_455' title='bbox 499 3690 740 3749; x_wconf 82' lang='lat' dir='ltr'><strong>ﬂuminis</strong></span> <span class='ocrx_word' id='word_1_456' title='bbox 763 3699 1028 3752; x_wconf 87' lang='lat' dir='ltr'><strong>ostiorum</strong></span> <span class='ocrx_word' id='word_1_457' title='bbox 1049 3699 1318 3770; x_wconf 69' lang='lat' dir='ltr'><strong>Canobus,</strong></span> <span class='ocrx_word' id='word_1_458' title='bbox 1349 3705 1432 3760; x_wconf 86' lang='lat' dir='ltr'><strong>vel</strong></span> <span class='ocrx_word' id='word_1_459' title='bbox 1463 3707 1832 3763; x_wconf 78' lang='lat' dir='ltr'><strong>Canobicuma</strong></span> <span class='ocrx_word' id='word_1_460' title='bbox 1863 3711 2080 3766; x_wconf 86' lang='lat' dir='ltr'><strong>naucle-</strong></span> 
     </span>
    </p>
   </div>
   <div class='ocr_carea' id='block_1_67' title="bbox 506 3785 1120 3846">
    <p class='ocr_par' dir='ltr' id='par_1_67' title="bbox 506 3785 1120 3846">
     <span class='ocr_line' id='line_1_67' title="bbox 506 3785 1120 3846; baseline 0.015 -9"><span class='ocrx_word' id='word_1_461' title='bbox 506 3800 566 3838; x_wconf 92' lang='lat' dir='ltr'><strong>ro</strong></span> <span class='ocrx_word' id='word_1_462' title='bbox 588 3785 678 3840; x_wconf 94' lang='lat' dir='ltr'><strong>illo</strong></span> <span class='ocrx_word' id='word_1_463' title='bbox 709 3803 904 3841; x_wconf 90' lang='lat' dir='ltr'><strong>nomen</strong></span> <span class='ocrx_word' id='word_1_464' title='bbox 933 3791 1120 3846; x_wconf 88' lang='lat' dir='ltr'><strong>trahit.</strong></span> 
     </span>
    </p>
   </div>
   <div class='ocr_carea' id='block_1_68' title="bbox 567 3871 2080 3957">
    <p class='ocr_par' dir='ltr' id='par_1_68' title="bbox 567 3871 2080 3957">
     <span class='ocr_line' id='line_1_68' title="bbox 567 3871 2080 3957; baseline 0.015 -31"><span class='ocrx_word' id='word_1_465' title='bbox 567 3871 720 3928; x_wconf 83' lang='lat' dir='ltr'><strong>Nona</strong></span> <span class='ocrx_word' id='word_1_466' title='bbox 781 3879 847 3930; x_wconf 88' lang='lat' dir='ltr'><strong>de</strong></span> <span class='ocrx_word' id='word_1_467' title='bbox 892 3878 1251 3939; x_wconf 84' lang='lat' dir='ltr'><strong>Semiramide</strong></span> <span class='ocrx_word' id='word_1_468' title='bbox 1306 3887 1418 3957; x_wconf 80' lang='grc'>(75)</span> <span class='ocrx_word' id='word_1_469' title='bbox 1486 3890 1727 3945; x_wconf 89' lang='lat' dir='ltr'><strong>narratio</strong></span> <span class='ocrx_word' id='word_1_470' title='bbox 1773 3901 1877 3946; x_wconf 89' lang='lat' dir='ltr'><strong>est.</strong></span> <span class='ocrx_word' id='word_1_471' title='bbox 1925 3892 2080 3948; x_wconf 81' lang='lat' dir='ltr'><strong>Hanc</strong></span> 
     </span>
    </p>
   </div>
   <div class='ocr_carea' id='block_1_69' title="bbox 502 3974 2079 4045">
    <p class='ocr_par' dir='ltr' id='par_1_69' title="bbox 502 3974 2079 4045">
     <span class='ocr_line' id='line_1_69' title="bbox 502 3974 2079 4045; baseline 0.014 -28"><span class='ocrx_word' id='word_1_472' title='bbox 502 3979 609 4019; x_wconf 91' lang='lat' dir='ltr'><strong>non</strong></span> <span class='ocrx_word' id='word_1_473' title='bbox 652 3983 898 4033; x_wconf 85' lang='lat' dir='ltr'><strong>uxorem,</strong></span> <span class='ocrx_word' id='word_1_474' title='bbox 938 3981 995 4025; x_wconf 88' lang='lat' dir='ltr'><strong>ut</strong></span> <span class='ocrx_word' id='word_1_475' title='bbox 1029 3974 1118 4025; x_wconf 81' lang='lat' dir='ltr'><strong>alii</strong></span> <span class='ocrx_word' id='word_1_476' title='bbox 1152 3978 1529 4045; x_wconf 88' lang='lat' dir='ltr'><strong>prodiderunt,</strong></span> <span class='ocrx_word' id='word_1_477' title='bbox 1567 3985 1662 4037; x_wconf 90' lang='lat' dir='ltr'><strong>sed</strong></span> <span class='ocrx_word' id='word_1_478' title='bbox 1715 3984 1878 4036; x_wconf 79' lang='lat' dir='ltr'><strong>tiliam</strong></span> <span class='ocrx_word' id='word_1_479' title='bbox 1911 3985 2079 4039; x_wconf 83' lang='lat' dir='ltr'><strong>luisse</strong></span> 
     </span>
    </p>
   </div>
   <div class='ocr_carea' id='block_1_70' title="bbox 500 4055 2076 4148">
    <p class='ocr_par' dir='ltr' id='par_1_70' title="bbox 500 4055 2076 4148">
     <span class='ocr_line' id='line_1_70' title="bbox 500 4055 2076 4148; baseline 0.014 -38"><span class='ocrx_word' id='word_1_480' title='bbox 500 4055 622 4112; x_wconf 80' lang='lat' dir='ltr'><strong>Nini</strong></span> <span class='ocrx_word' id='word_1_481' title='bbox 645 4062 843 4116; x_wconf 89' lang='lat' dir='ltr'><strong>tradit:</strong></span> <span class='ocrx_word' id='word_1_482' title='bbox 866 4072 920 4117; x_wconf 90' lang='lat' dir='ltr'><strong>et</strong></span> <span class='ocrx_word' id='word_1_483' title='bbox 942 4074 998 4117; x_wconf 92' lang='lat' dir='ltr'><strong>ut</strong></span> <span class='ocrx_word' id='word_1_484' title='bbox 1027 4065 1263 4124; x_wconf 86' lang='lat' dir='ltr'><strong>breviter</strong></span> <span class='ocrx_word' id='word_1_485' title='bbox 1280 4070 1477 4136; x_wconf 88' lang='lat' dir='ltr'><strong>dicam,</strong></span> <span class='ocrx_word' id='word_1_486' title='bbox 1497 4089 1836 4142; x_wconf 83' lang='lat' dir='ltr'><strong>quaecunque</strong></span> <span class='ocrx_word' id='word_1_487' title='bbox 1859 4076 1948 4128; x_wconf 87' lang='lat' dir='ltr'><strong>alii</strong></span> <span class='ocrx_word' id='word_1_488' title='bbox 1965 4077 2076 4148; x_wconf 74' lang='grc'>(74)</span> 
     </span>
    </p>
   </div>
   <div class='ocr_carea' id='block_1_71' title="bbox 501 4150 2078 4227">
    <p class='ocr_par' dir='ltr' id='par_1_71' title="bbox 501 4150 2078 4227">
     <span class='ocr_line' id='line_1_71' title="bbox 501 4150 2078 4227; baseline 0.015 -26"><span class='ocrx_word' id='word_1_489' title='bbox 501 4150 712 4206; x_wconf 73' lang='grc' dir='ltr'>Αιοεεαι</span> <span class='ocrx_word' id='word_1_490' title='bbox 776 4155 1017 4227; x_wconf 70' lang='lat' dir='ltr'><strong>Assyria:</strong></span> <span class='ocrx_word' id='word_1_491' title='bbox 1087 4161 1412 4227; x_wconf 88' lang='lat' dir='ltr'><strong>attribuunt,</strong></span> <span class='ocrx_word' id='word_1_492' title='bbox 1479 4165 1565 4220; x_wconf 93' lang='lat' dir='ltr'><strong>hic</strong></span> <span class='ocrx_word' id='word_1_493' title='bbox 1625 4169 1691 4219; x_wconf 90' lang='lat' dir='ltr'><strong>ad</strong></span> <span class='ocrx_word' id='word_1_494' title='bbox 1757 4167 2078 4224; x_wconf 84' lang='lat' dir='ltr'><strong>Semirami-</strong></span> 
     </span>
    </p>
   </div>
   <div class='ocr_carea' id='block_1_72' title="bbox 504 4244 2076 4326">
    <p class='ocr_par' dir='ltr' id='par_1_72' title="bbox 504 4244 2076 4326">
     <span class='ocr_line' id='line_1_72' title="bbox 504 4244 2076 4326; baseline 0.012 -31"><span class='ocrx_word' id='word_1_495' title='bbox 504 4244 626 4297; x_wconf 88' lang='lat' dir='ltr'><strong>dem</strong></span> <span class='ocrx_word' id='word_1_496' title='bbox 655 4246 836 4300; x_wconf 91' lang='lat' dir='ltr'><strong>omnia</strong></span> <span class='ocrx_word' id='word_1_497' title='bbox 864 4249 1046 4305; x_wconf 92' lang='lat' dir='ltr'><strong>retulit</strong></span> <span class='ocrx_word' id='word_1_498' title='bbox 1070 4266 1085 4303; x_wconf 91' lang='lat'><strong>:</strong></span> <span class='ocrx_word' id='word_1_499' title='bbox 1132 4253 1274 4307; x_wconf 90' lang='lat' dir='ltr'><strong>haud</strong></span> <span class='ocrx_word' id='word_1_500' title='bbox 1301 4254 1436 4318; x_wconf 89' lang='lat' dir='ltr'><strong>scio,</strong></span> <span class='ocrx_word' id='word_1_501' title='bbox 1474 4271 1540 4310; x_wconf 89' lang='lat' dir='ltr'><strong>an</strong></span> <span class='ocrx_word' id='word_1_502' title='bbox 1567 4258 1690 4326; x_wconf 86' lang='lat' dir='ltr'><strong>quia</strong></span> <span class='ocrx_word' id='word_1_503' title='bbox 1718 4258 1925 4316; x_wconf 87' lang='lat' dir='ltr'><strong>duobus</strong></span> <span class='ocrx_word' id='word_1_504' title='bbox 1957 4277 2076 4315; x_wconf 90' lang='lat' dir='ltr'><strong>eam</strong></span> 
     </span>
    </p>
   </div>
   <div class='ocr_carea' id='block_1_73' title="bbox 503 4339 2080 4424">
    <p class='ocr_par' dir='ltr' id='par_1_73' title="bbox 503 4339 2080 4424">
     <span class='ocr_line' id='line_1_73' title="bbox 503 4339 2080 4424; baseline 0.015 -36"><span class='ocrx_word' id='word_1_505' title='bbox 503 4339 809 4394; x_wconf 80' lang='lat' dir='ltr'><strong>nominibus</strong></span> <span class='ocrx_word' id='word_1_506' title='bbox 861 4345 1185 4413; x_wconf 84' lang='lat' dir='ltr'><strong>appellatam</strong></span> <span class='ocrx_word' id='word_1_507' title='bbox 1235 4349 1448 4403; x_wconf 89' lang='lat' dir='ltr'><strong>censuit</strong></span> <span class='ocrx_word' id='word_1_508' title='bbox 1483 4367 1496 4402; x_wconf 88' lang='lat'><strong>:</strong></span> <span class='ocrx_word' id='word_1_509' title='bbox 1536 4366 1603 4404; x_wconf 89' lang='lat' dir='ltr'><strong>an</strong></span> <span class='ocrx_word' id='word_1_510' title='bbox 1639 4368 1828 4407; x_wconf 90' lang='lat' dir='ltr'><strong>eorum</strong></span> <span class='ocrx_word' id='word_1_511' title='bbox 1859 4370 1978 4424; x_wconf 69' lang='lat' dir='ltr'><strong>quae</strong></span> <span class='ocrx_word' id='word_1_512' title='bbox 2013 4358 2080 4411; x_wconf 92' lang='lat' dir='ltr'><strong>de</strong></span> 
     </span>
    </p>
   </div>
   <div class='ocr_carea' id='block_1_74' title="bbox 2181 3252 3728 3331">
    <p class='ocr_par' dir='ltr' id='par_1_74' title="bbox 2181 3252 3728 3331">
     <span class='ocr_line' id='line_1_74' title="bbox 2181 3252 3728 3331; baseline 0 -19"><span class='ocrx_word' id='word_1_513' title='bbox 2181 3278 2273 3324; x_wconf 87' lang='grc' dir='ltr'><strong>τος</strong></span> <span class='ocrx_word' id='word_1_514' title='bbox 2315 3260 2595 3314; x_wconf 82' lang='grc' dir='ltr'>Μενελάου</span> <span class='ocrx_word' id='word_1_515' title='bbox 2636 3259 2766 3331; x_wconf 69' lang='grc'>[222</span> <span class='ocrx_word' id='word_1_516' title='bbox 2801 3257 2893 3330; x_wconf 83' lang='grc' dir='ltr'><strong>Η.]</strong></span> <span class='ocrx_word' id='word_1_517' title='bbox 2939 3261 3033 3312; x_wconf 86' lang='grc' dir='ltr'><strong>ἀπ’</strong></span> <span class='ocrx_word' id='word_1_518' title='bbox 3068 3259 3349 3328; x_wconf 78' lang='grc' dir='ltr'>Αἰγύπτου</span> <span class='ocrx_word' id='word_1_519' title='bbox 3403 3257 3496 3310; x_wconf 76' lang='grc' dir='ltr'>καὶ</span> <span class='ocrx_word' id='word_1_520' title='bbox 3524 3252 3728 3318; x_wconf 59' lang='grc' dir='ltr'>Ἑλένης.</span> 
     </span>
    </p>
   </div>
   <div class='ocr_carea' id='block_1_75' title="bbox 2184 3344 3733 3424">
    <p class='ocr_par' dir='ltr' id='par_1_75' title="bbox 2184 3344 3733 3424">
     <span class='ocr_line' id='line_1_75' title="bbox 2184 3344 3733 3424; baseline -0.002 -18"><span class='ocrx_word' id='word_1_521' title='bbox 2184 3354 2277 3406; x_wconf 77' lang='grc' dir='ltr'>καὶ</span> <span class='ocrx_word' id='word_1_522' title='bbox 2311 3353 2837 3424; x_wconf 85' lang='grc' dir='ltr'>προσορμισαμένων</span> <span class='ocrx_word' id='word_1_523' title='bbox 2858 3352 2904 3382; x_wconf 70' lang='grc' dir='ltr'><strong>⁸ο</strong></span> <span class='ocrx_word' id='word_1_524' title='bbox 2933 3354 3000 3423; x_wconf 85' lang='grc' dir='ltr'><strong>τῇ</strong></span> <span class='ocrx_word' id='word_1_525' title='bbox 3030 3355 3102 3423; x_wconf 83' lang='grc' dir='ltr'><strong>γῇ</strong></span> <span class='ocrx_word' id='word_1_526' title='bbox 3123 3390 3139 3416; x_wconf 89' lang='grc'><strong>,</strong></span> <span class='ocrx_word' id='word_1_527' title='bbox 3171 3353 3277 3404; x_wconf 82' lang='grc' dir='ltr'><strong>ὑπὸ</strong></span> <span class='ocrx_word' id='word_1_528' title='bbox 3311 3350 3525 3421; x_wconf 83' lang='grc' dir='ltr'>ἐχίδνης</span> <span class='ocrx_word' id='word_1_529' title='bbox 3551 3344 3733 3416; x_wconf 73' lang='grc' dir='ltr'>δηχθεὶς</span> 
     </span>
    </p>
   </div>
   <div class='ocr_carea' id='block_1_76' title="bbox 2182 3434 3731 3513">
    <p class='ocr_par' dir='ltr' id='par_1_76' title="bbox 2182 3434 3731 3513">
     <span class='ocr_line' id='line_1_76' title="bbox 2182 3434 3731 3513; baseline -0.007 -17"><span class='ocrx_word' id='word_1_530' title='bbox 2182 3446 2275 3496; x_wconf 77' lang='grc' dir='ltr'>καὶ</span> <span class='ocrx_word' id='word_1_531' title='bbox 2309 3445 2500 3507; x_wconf 77' lang='grc' dir='ltr'>σαπεὶς</span> <span class='ocrx_word' id='word_1_532' title='bbox 2523 3443 2584 3496; x_wconf 81' lang='grc' dir='ltr'>τὸ</span> <span class='ocrx_word' id='word_1_533' title='bbox 2616 3444 2808 3506; x_wconf 84' lang='grc' dir='ltr'>σκέλος</span> <span class='ocrx_word' id='word_1_534' title='bbox 2838 3442 2955 3513; x_wconf 79' lang='grc' dir='ltr'>μετ’</span> <span class='ocrx_word' id='word_1_535' title='bbox 2984 3443 3044 3495; x_wconf 87' lang='grc' dir='ltr'><strong>ού</strong></span> <span class='ocrx_word' id='word_1_536' title='bbox 3079 3442 3214 3496; x_wconf 86' lang='grc' dir='ltr'>πολὺ</span> <span class='ocrx_word' id='word_1_537' title='bbox 3243 3441 3472 3511; x_wconf 86' lang='grc' dir='ltr'>θνήσκει</span> <span class='ocrx_word' id='word_1_538' title='bbox 3492 3451 3507 3467; x_wconf 81' lang='grc'>⁸</span> <span class='ocrx_word' id='word_1_539' title='bbox 3533 3437 3618 3490; x_wconf 82' lang='grc' dir='ltr'>καὶ</span> <span class='ocrx_word' id='word_1_540' title='bbox 3637 3434 3731 3487; x_wconf 80' lang='grc' dir='ltr'>Με-</span> 
     </span>
    </p>
   </div>
   <div class='ocr_carea' id='block_1_77' title="bbox 2180 3514 3732 3606">
    <p class='ocr_par' dir='ltr' id='par_1_77' title="bbox 2180 3514 3732 3606">
     <span class='ocr_line' id='line_1_77' title="bbox 2180 3514 3732 3606; baseline -0.003 -19"><span class='ocrx_word' id='word_1_541' title='bbox 2180 3535 2368 3599; x_wconf 83' lang='grc' dir='ltr'>νέλαος</span> <span class='ocrx_word' id='word_1_542' title='bbox 2401 3536 2496 3589; x_wconf 74' lang='grc' dir='ltr'>καὶ</span> <span class='ocrx_word' id='word_1_543' title='bbox 2532 3535 2721 3606; x_wconf 81' lang='grc' dir='ltr'>Ἑλένη</span> <span class='ocrx_word' id='word_1_544' title='bbox 2755 3535 3053 3589; x_wconf 85' lang='grc' dir='ltr'>θάπτουσιν</span> <span class='ocrx_word' id='word_1_545' title='bbox 3082 3534 3248 3588; x_wconf 80' lang='grc' dir='ltr'>αὑτὸν</span> <span class='ocrx_word' id='word_1_546' title='bbox 3274 3534 3365 3586; x_wconf 76' lang='grc' dir='ltr'>ἐπ’</span> <span class='ocrx_word' id='word_1_547' title='bbox 3386 3531 3665 3598; x_wconf 82' lang='grc' dir='ltr'>Αἰγύπτου,</span> <span class='ocrx_word' id='word_1_548' title='bbox 3683 3514 3732 3575; x_wconf 67' lang='grc' dir='ltr'><strong>οὗ</strong></span> 
     </span>
    </p>
   </div>
   <div class='ocr_carea' id='block_1_78' title="bbox 2180 3617 3731 3698">
    <p class='ocr_par' dir='ltr' id='par_1_78' title="bbox 2180 3617 3731 3698">
     <span class='ocr_line' id='line_1_78' title="bbox 2180 3617 3731 3698; baseline -0.006 -18"><span class='ocrx_word' id='word_1_549' title='bbox 2180 3628 2275 3682; x_wconf 83' lang='grc' dir='ltr'>νῦν</span> <span class='ocrx_word' id='word_1_550' title='bbox 2309 3627 2594 3698; x_wconf 83' lang='grc' dir='ltr'>ἐπώνυμος</span> <span class='ocrx_word' id='word_1_551' title='bbox 2625 3627 2859 3698; x_wconf 75' lang='grc' dir='ltr'>ᾤκισται</span> <span class='ocrx_word' id='word_1_552' title='bbox 2891 3627 3066 3689; x_wconf 88' lang='grc' dir='ltr'>πόλις.</span> <span class='ocrx_word' id='word_1_553' title='bbox 3101 3626 3212 3679; x_wconf 77' lang='grc' dir='ltr'><strong>Καὶ</strong></span> <span class='ocrx_word' id='word_1_554' title='bbox 3235 3625 3350 3679; x_wconf 81' lang='grc' dir='ltr'><strong>τῶν</strong></span> <span class='ocrx_word' id='word_1_555' title='bbox 3385 3623 3477 3676; x_wconf 78' lang='grc' dir='ltr'>τοῦ</span> <span class='ocrx_word' id='word_1_556' title='bbox 3499 3621 3538 3652; x_wconf 73' lang='grc' dir='ltr'><strong>δι</strong></span> <span class='ocrx_word' id='word_1_557' title='bbox 3569 3617 3731 3672; x_wconf 80' lang='grc' dir='ltr'>Νείλου</span> 
     </span>
    </p>
   </div>
   <div class='ocr_carea' id='block_1_79' title="bbox 2183 3710 3735 3790">
    <p class='ocr_par' dir='ltr' id='par_1_79' title="bbox 2183 3710 3735 3790">
     <span class='ocr_line' id='line_1_79' title="bbox 2183 3710 3735 3790; baseline -0.009 -17"><span class='ocrx_word' id='word_1_558' title='bbox 2183 3721 2466 3790; x_wconf 89' lang='grc' dir='ltr'>στομάτων</span> <span class='ocrx_word' id='word_1_559' title='bbox 2503 3721 2564 3772; x_wconf 81' lang='grc' dir='ltr'>τὸ</span> <span class='ocrx_word' id='word_1_560' title='bbox 2595 3720 2903 3774; x_wconf 85' lang='grc' dir='ltr'>τελευταῖον</span> <span class='ocrx_word' id='word_1_561' title='bbox 2933 3723 2961 3773; x_wconf 84' lang='grc' dir='ltr'>ὁ</span> <span class='ocrx_word' id='word_1_562' title='bbox 2997 3718 3254 3782; x_wconf 78' lang='grc' dir='ltr'>Κάνωϐος</span> <span class='ocrx_word' id='word_1_563' title='bbox 3285 3717 3322 3790; x_wconf 82' lang='grc' dir='ltr'>ἢ</span> <span class='ocrx_word' id='word_1_564' title='bbox 3355 3712 3659 3770; x_wconf 80' lang='grc' dir='ltr'>Κανωϐικὸν</span> <span class='ocrx_word' id='word_1_565' title='bbox 3685 3710 3735 3760; x_wconf 86' lang='grc' dir='ltr'><strong>ἐκ</strong></span> 
     </span>
    </p>
   </div>
   <div class='ocr_carea' id='block_1_80' title="bbox 2181 3811 3290 3884">
    <p class='ocr_par' dir='ltr' id='par_1_80' title="bbox 2181 3811 3290 3884">
     <span class='ocr_line' id='line_1_80' title="bbox 2181 3811 3290 3884; baseline 0 -20"><span class='ocrx_word' id='word_1_566' title='bbox 2181 3811 2272 3865; x_wconf 84' lang='grc' dir='ltr'>τοῦ</span> <span class='ocrx_word' id='word_1_567' title='bbox 2300 3811 2635 3884; x_wconf 79' lang='grc' dir='ltr'>κυϐερνήτου</span> <span class='ocrx_word' id='word_1_568' title='bbox 2664 3815 2764 3881; x_wconf 81' lang='grc' dir='ltr'>τὴν</span> <span class='ocrx_word' id='word_1_569' title='bbox 2794 3812 3092 3882; x_wconf 84' lang='grc' dir='ltr'>ὀνομασίαν</span> <span class='ocrx_word' id='word_1_570' title='bbox 3119 3811 3290 3864; x_wconf 76' lang='grc' dir='ltr'>ἕλκει.</span> 
     </span>
    </p>
   </div>
   <div class='ocr_carea' id='block_1_81' title="bbox 2264 3897 3735 3976">
    <p class='ocr_par' dir='ltr' id='par_1_81' title="bbox 2264 3897 3735 3976">
     <span class='ocr_line' id='line_1_81' title="bbox 2264 3897 3735 3976; baseline -0.008 -18"><span class='ocrx_word' id='word_1_571' title='bbox 2264 3904 2328 3957; x_wconf 81' lang='grc' dir='ltr'><strong>Ἠ</strong></span> <span class='ocrx_word' id='word_1_572' title='bbox 2359 3903 2402 3957; x_wconf 88' lang='grc' dir='ltr'>θ’</span> <span class='ocrx_word' id='word_1_573' title='bbox 2436 3905 2505 3958; x_wconf 87' lang='grc' dir='ltr'>τὰ</span> <span class='ocrx_word' id='word_1_574' title='bbox 2554 3905 2687 3976; x_wconf 71' lang='grc' dir='ltr'>περ),</span> <span class='ocrx_word' id='word_1_575' title='bbox 2719 3906 3077 3976; x_wconf 83' lang='grc' dir='ltr'>Σεμιράμεως</span> <span class='ocrx_word' id='word_1_576' title='bbox 3125 3904 3298 3972; x_wconf 80' lang='grc' dir='ltr'>λέγει,</span> <span class='ocrx_word' id='word_1_577' title='bbox 3336 3901 3435 3956; x_wconf 77' lang='grc' dir='ltr'>καὶ</span> <span class='ocrx_word' id='word_1_578' title='bbox 3468 3897 3735 3968; x_wconf 83' lang='grc' dir='ltr'>Σεμίραμιν</span> 
     </span>
    </p>
   </div>
   <div class='ocr_carea' id='block_1_82' title="bbox 2180 3981 3732 4084">
    <p class='ocr_par' dir='ltr' id='par_1_82' title="bbox 2180 3981 3732 4084">
     <span class='ocr_line' id='line_1_82' title="bbox 2180 3981 3732 4084; baseline -0.006 -38"><span class='ocrx_word' id='word_1_579' title='bbox 2180 3994 2301 4064; x_wconf 67' lang='grc' dir='ltr'>οὐχ).</span> <span class='ocrx_word' id='word_1_580' title='bbox 2326 3981 2559 4061; x_wconf 71' lang='grc' dir='ltr'>γυναῖκα</span> <span class='ocrx_word' id='word_1_581' title='bbox 2589 3995 2733 4047; x_wconf 78' lang='grc' dir='ltr'>κατὰ</span> <span class='ocrx_word' id='word_1_582' title='bbox 2759 3996 2884 4057; x_wconf 74' lang='grc' dir='ltr'>τοὺς</span> <span class='ocrx_word' id='word_1_583' title='bbox 2909 3995 3102 4057; x_wconf 81' lang='grc' dir='ltr'>ἄλλους</span> <span class='ocrx_word' id='word_1_584' title='bbox 3129 3994 3263 4063; x_wconf 76' lang='grc' dir='ltr'>φησὶ</span> <span class='ocrx_word' id='word_1_585' title='bbox 3295 3992 3465 4046; x_wconf 82' lang='grc' dir='ltr'>Νίνου</span> <span class='ocrx_word' id='word_1_586' title='bbox 3483 3984 3732 4084; x_wconf 54' lang='grc' dir='ltr'>γενέσθαι.</span> 
     </span>
    </p>
   </div>
   <div class='ocr_carea' id='block_1_83' title="bbox 2179 4082 3735 4174">
    <p class='ocr_par' dir='ltr' id='par_1_83' title="bbox 2179 4082 3735 4174">
     <span class='ocr_line' id='line_1_83' title="bbox 2179 4082 3735 4174; baseline -0.004 -33"><span class='ocrx_word' id='word_1_587' title='bbox 2179 4087 2315 4141; x_wconf 80' lang='grc' dir='ltr'>ἀλλὰ</span> <span class='ocrx_word' id='word_1_588' title='bbox 2364 4087 2676 4158; x_wconf 78' lang='grc' dir='ltr'>θυγατέραο</span> <span class='ocrx_word' id='word_1_589' title='bbox 2715 4089 2808 4140; x_wconf 76' lang='grc' dir='ltr'>καὶ</span> <span class='ocrx_word' id='word_1_590' title='bbox 2853 4088 2994 4157; x_wconf 84' lang='grc' dir='ltr'>λόγῳ</span> <span class='ocrx_word' id='word_1_591' title='bbox 3043 4087 3158 4151; x_wconf 77' lang='grc' dir='ltr'>ἐνὶ,</span> <span class='ocrx_word' id='word_1_592' title='bbox 3189 4087 3291 4139; x_wconf 86' lang='grc' dir='ltr'>ὅσα</span> <span class='ocrx_word' id='word_1_593' title='bbox 3340 4087 3392 4138; x_wconf 83' lang='lat' dir='ltr'><strong>ot</strong></span> <span class='ocrx_word' id='word_1_594' title='bbox 3445 4082 3735 4174; x_wconf 33' lang='grc' dir='ltr'>ἄλλοιλῗξε</span> 
     </span>
    </p>
   </div>
   <div class='ocr_carea' id='block_1_84' title="bbox 2182 4163 3733 4264">
    <p class='ocr_par' dir='ltr' id='par_1_84' title="bbox 2182 4163 3733 4264">
     <span class='ocr_line' id='line_1_84' title="bbox 2182 4163 3733 4264; baseline -0.012 -33"><span class='ocrx_word' id='word_1_595' title='bbox 2182 4177 2445 4248; x_wconf 88' lang='grc' dir='ltr'>Ἀτόσσης</span> <span class='ocrx_word' id='word_1_596' title='bbox 2461 4178 2505 4209; x_wconf 63' lang='grc' dir='ltr'>δ’</span> <span class='ocrx_word' id='word_1_597' title='bbox 2533 4178 2633 4248; x_wconf 79' lang='grc' dir='ltr'>τῆς</span> <span class='ocrx_word' id='word_1_598' title='bbox 2651 4177 2696 4210; x_wconf 68' lang='grc'><strong>⁸³</strong></span> <span class='ocrx_word' id='word_1_599' title='bbox 2727 4177 3018 4246; x_wconf 85' lang='grc' dir='ltr'>Ἀσσυρίου</span> <span class='ocrx_word' id='word_1_600' title='bbox 3063 4163 3641 4264; x_wconf 47' lang='grc' dir='ltr'>ἀναγράφουσαααύσ</span> <span class='ocrx_word' id='word_1_601' title='bbox 3660 4163 3733 4264; x_wconf 60' lang='grc' dir='ltr'><strong>οὐ·</strong></span> 
     </span>
    </p>
   </div>
   <div class='ocr_carea' id='block_1_85' title="bbox 2179 4261 3734 4356">
    <p class='ocr_par' dir='ltr' id='par_1_85' title="bbox 2179 4261 3734 4356">
     <span class='ocr_line' id='line_1_85' title="bbox 2179 4261 3734 4356; baseline -0.014 -33"><span class='ocrx_word' id='word_1_602' title='bbox 2179 4287 2271 4334; x_wconf 84' lang='grc' dir='ltr'><strong>τος</strong></span> <span class='ocrx_word' id='word_1_603' title='bbox 2303 4272 2383 4332; x_wconf 86' lang='grc' dir='ltr'><strong>είς</strong></span> <span class='ocrx_word' id='word_1_604' title='bbox 2423 4271 2732 4341; x_wconf 87' lang='grc' dir='ltr'>Σεμίραμιν</span> <span class='ocrx_word' id='word_1_605' title='bbox 2762 4271 3047 4341; x_wconf 81' lang='grc' dir='ltr'>ἀναφέρει,</span> <span class='ocrx_word' id='word_1_606' title='bbox 3074 4270 3173 4322; x_wconf 78' lang='grc' dir='ltr'>οὐκ</span> <span class='ocrx_word' id='word_1_607' title='bbox 3221 4267 3334 4338; x_wconf 75' lang='grc' dir='ltr'>ἔχω</span> <span class='ocrx_word' id='word_1_608' title='bbox 3350 4267 3397 4356; x_wconf 42' lang='grc' dir='ltr'><strong>δέ</strong></span> <span class='ocrx_word' id='word_1_609' title='bbox 3436 4261 3609 4356; x_wconf 81' lang='grc' dir='ltr'>λέγειν</span> <span class='ocrx_word' id='word_1_610' title='bbox 3633 4261 3734 4356; x_wconf 54' lang='lat' dir='ltr'><strong>sits</strong></span> 
     </span>
    </p>
   </div>
   <div class='ocr_carea' id='block_1_86' title="bbox 2181 4345 3736 4434">
    <p class='ocr_par' dir='ltr' id='par_1_86' title="bbox 2181 4345 3736 4434">
     <span class='ocr_line' id='line_1_86' title="bbox 2181 4345 3736 4434; baseline -0.01 -17"><span class='ocrx_word' id='word_1_611' title='bbox 2181 4364 2330 4417; x_wconf 75' lang='grc' dir='ltr'>δυσὶν</span> <span class='ocrx_word' id='word_1_612' title='bbox 2358 4363 2585 4433; x_wconf 83' lang='grc' dir='ltr'>ὀνόμασι</span> <span class='ocrx_word' id='word_1_613' title='bbox 2631 4363 2729 4434; x_wconf 77' lang='grc' dir='ltr'>τὴν</span> <span class='ocrx_word' id='word_1_614' title='bbox 2761 4363 2932 4434; x_wconf 78' lang='grc' dir='ltr'>αὐτὴν</span> <span class='ocrx_word' id='word_1_615' title='bbox 2966 4361 3201 4430; x_wconf 80' lang='grc' dir='ltr'>νομίζων</span> <span class='ocrx_word' id='word_1_616' title='bbox 3222 4361 3267 4391; x_wconf 68' lang='grc'><strong>⁸⁵</strong></span> <span class='ocrx_word' id='word_1_617' title='bbox 3301 4355 3603 4412; x_wconf 81' lang='grc' dir='ltr'>καλεῖσθαι,</span> <span class='ocrx_word' id='word_1_618' title='bbox 3629 4345 3657 4414; x_wconf 81' lang='grc' dir='ltr'>ἢ</span> <span class='ocrx_word' id='word_1_619' title='bbox 3682 4345 3736 4394; x_wconf 65' lang='grc' dir='ltr'><strong>τὶ</strong></span> 
     </span>
    </p>
   </div>
   <div class='ocr_carea' id='block_1_87' title="bbox 503 4430 2082 4528">
    <p class='ocr_par' dir='ltr' id='par_1_87' title="bbox 503 4430 2079 4511">
     <span class='ocr_line' id='line_1_87' title="bbox 503 4430 2079 4511; baseline 0.012 -25"><span class='ocrx_word' id='word_1_620' title='bbox 503 4430 862 4492; x_wconf 89' lang='lat' dir='ltr'><strong>Semiramide</strong></span> <span class='ocrx_word' id='word_1_621' title='bbox 902 4450 1212 4506; x_wconf 86' lang='lat' dir='ltr'><strong>narrantur,</strong></span> <span class='ocrx_word' id='word_1_622' title='bbox 1268 4444 1497 4511; x_wconf 89' lang='lat' dir='ltr'><strong>peritior</strong></span> <span class='ocrx_word' id='word_1_623' title='bbox 1535 4460 1640 4498; x_wconf 91' lang='lat' dir='ltr'><strong>non</strong></span> <span class='ocrx_word' id='word_1_624' title='bbox 1675 4444 1858 4501; x_wconf 79' lang='lat' dir='ltr'><strong>fuerit.</strong></span> <span class='ocrx_word' id='word_1_625' title='bbox 1892 4447 2079 4505; x_wconf 74' lang='lat' dir='ltr'><strong>llelert</strong></span> 
     </span>
    </p>
   </div>
   <div class='ocr_carea' id='block_1_88' title="bbox 2183 4430 3735 4528">
    <p class='ocr_par' dir='ltr' id='par_1_88' title="bbox 2183 4430 3735 4528">
     <span class='ocr_line' id='line_1_88' title="bbox 2183 4430 3735 4528; baseline -0.003 -18"><span class='ocrx_word' id='word_1_626' title='bbox 2183 4457 2312 4527; x_wconf 75' lang='grc' dir='ltr'>περὶ</span> <span class='ocrx_word' id='word_1_627' title='bbox 2361 4430 2722 4528; x_wconf 79' lang='grc' dir='ltr'>Σεμιράμεως</span> <span class='ocrx_word' id='word_1_628' title='bbox 2771 4430 2946 4522; x_wconf 82' lang='grc' dir='ltr'>ἄλλως</span> <span class='ocrx_word' id='word_1_629' title='bbox 2992 4457 3094 4510; x_wconf 84' lang='grc' dir='ltr'>οὐκ</span> <span class='ocrx_word' id='word_1_630' title='bbox 3140 4451 3322 4518; x_wconf 79' lang='grc' dir='ltr'>εἰδώς.</span> <span class='ocrx_word' id='word_1_631' title='bbox 3355 4451 3522 4520; x_wconf 89' lang='grc' dir='ltr'>Λέγει</span> <span class='ocrx_word' id='word_1_632' title='bbox 3553 4445 3595 4498; x_wconf 80' lang='grc' dir='ltr'><strong>δ’</strong></span> <span class='ocrx_word' id='word_1_633' title='bbox 3621 4439 3735 4506; x_wconf 75' lang='grc' dir='ltr'><strong>ὼςῆ</strong></span> 
     </span>
    </p>
   </div>
   <div class='ocr_carea' id='block_1_89' title="bbox 1800 4539 2485 4607">
    <p class='ocr_par' dir='ltr' id='par_1_89' title="bbox 1800 4539 2485 4607">
     <span class='ocr_line' id='line_1_89' title="bbox 1800 4539 2485 4607; baseline 0.016 -13"><span class='ocrx_word' id='word_1_634' title='bbox 1800 4539 2038 4600; x_wconf 76' lang='lat' dir='ltr'><strong>VARUE</strong></span> <span class='ocrx_word' id='word_1_635' title='bbox 2071 4549 2485 4607; x_wconf 85' lang='lat' dir='ltr'><strong>LECTIONES.</strong></span> 
     </span>
    </p>
   </div>
   <div class='ocr_carea' id='block_1_90' title="bbox 577 4620 1920 4702">
    <p class='ocr_par' dir='ltr' id='par_1_90' title="bbox 577 4620 1920 4702">
     <span class='ocr_line' id='line_1_90' title="bbox 577 4620 1920 4702; baseline 0.019 -36"><span class='ocrx_word' id='word_1_636' title='bbox 577 4620 623 4702; x_wconf 55' lang='grc' dir='ltr'><strong>ξο</strong></span> <span class='ocrx_word' id='word_1_637' title='bbox 647 4621 876 4702; x_wconf 55' lang='grc' dir='ltr'>Μάντης</span> <span class='ocrx_word' id='word_1_638' title='bbox 918 4624 959 4678; x_wconf 80' lang='grc' dir='ltr'><strong>Α</strong></span> <span class='ocrx_word' id='word_1_639' title='bbox 1001 4643 1016 4680; x_wconf 85' lang='lat'><strong>:</strong></span> <span class='ocrx_word' id='word_1_640' title='bbox 1052 4627 1245 4697; x_wconf 85' lang='grc' dir='ltr'>μάντις</span> <span class='ocrx_word' id='word_1_641' title='bbox 1272 4647 1337 4702; x_wconf 81' lang='grc' dir='ltr'><strong>ς.</strong></span> <span class='ocrx_word' id='word_1_642' title='bbox 1364 4629 1603 4702; x_wconf 80' lang='lat' dir='ltr'><strong>Heynius</strong></span> <span class='ocrx_word' id='word_1_643' title='bbox 1649 4635 1920 4700; x_wconf 84' lang='grc' dir='ltr'>Μαντοῦς.</span> 
     </span>
    </p>
   </div>
   <div class='ocr_carea' id='block_1_91' title="bbox 500 4692 1522 4768">
    <p class='ocr_par' dir='ltr' id='par_1_91' title="bbox 500 4692 1522 4768">
     <span class='ocr_line' id='line_1_91' title="bbox 500 4692 1522 4768; baseline 0.011 -23"><span class='ocrx_word' id='word_1_644' title='bbox 500 4692 546 4768; x_wconf 58' lang='lat'><strong>3:</strong></span> <span class='ocrx_word' id='word_1_645' title='bbox 569 4692 841 4768; x_wconf 57' lang='grc' dir='ltr'>ἐκῴλυσεν</span> <span class='ocrx_word' id='word_1_646' title='bbox 865 4723 935 4736; x_wconf 86' lang='grc'><strong>-</strong></span> <span class='ocrx_word' id='word_1_647' title='bbox 965 4692 1522 4768; x_wconf 56' lang='grc' dir='ltr'>πρὸαπαγγέλλωνξ.</span> 
     </span>
    </p>
   </div>
   <div class='ocr_carea' id='block_1_92' title="bbox 501 4761 1158 4836">
    <p class='ocr_par' dir='ltr' id='par_1_92' title="bbox 501 4761 1158 4836">
     <span class='ocr_line' id='line_1_92' title="bbox 501 4761 1158 4836; baseline 0.008 -20"><span class='ocrx_word' id='word_1_648' title='bbox 501 4761 665 4836; x_wconf 63' lang='grc' dir='ltr'><strong>βοδίί⁸</strong></span> <span class='ocrx_word' id='word_1_649' title='bbox 681 4763 867 4833; x_wconf 87' lang='lat' dir='ltr'><strong>Ellips.</strong></span> <span class='ocrx_word' id='word_1_650' title='bbox 910 4783 966 4836; x_wconf 92' lang='lat' dir='ltr'><strong>p.</strong></span> <span class='ocrx_word' id='word_1_651' title='bbox 1012 4761 1158 4823; x_wconf 53' lang='grc'>⁷557.</span> 
     </span>
    </p>
   </div>
   <div class='ocr_carea' id='block_1_93' title="bbox 501 4833 958 4905">
    <p class='ocr_par' dir='ltr' id='par_1_93' title="bbox 501 4833 958 4905">
     <span class='ocr_line' id='line_1_93' title="bbox 501 4833 958 4905; baseline 0.009 -20"><span class='ocrx_word' id='word_1_652' title='bbox 501 4833 760 4902; x_wconf 81' lang='lat' dir='ltr'><strong>lleynius.</strong></span> <span class='ocrx_word' id='word_1_653' title='bbox 851 4837 894 4868; x_wconf 82' lang='grc'><strong>³⁸</strong></span> <span class='ocrx_word' id='word_1_654' title='bbox 912 4833 958 4905; x_wconf 73' lang='grc' dir='ltr'><strong>’ἢ</strong></span> 
     </span>
    </p>
   </div>
   <div class='ocr_carea' id='block_1_94' title="bbox 502 4905 1622 4980">
    <p class='ocr_par' dir='ltr' id='par_1_94' title="bbox 502 4905 1622 4980">
     <span class='ocr_line' id='line_1_94' title="bbox 502 4905 1622 4980; baseline 0.012 -25"><span class='ocrx_word' id='word_1_655' title='bbox 502 4905 681 4980; x_wconf 78' lang='grc' dir='ltr'>μένων</span> <span class='ocrx_word' id='word_1_656' title='bbox 703 4905 770 4980; x_wconf 82' lang='lat' dir='ltr'><strong>A_.</strong></span> <span class='ocrx_word' id='word_1_657' title='bbox 862 4907 906 4939; x_wconf 62' lang='grc' dir='ltr'>δι</span> <span class='ocrx_word' id='word_1_658' title='bbox 929 4909 1024 4960; x_wconf 84' lang='grc' dir='ltr'>τοῦ</span> <span class='ocrx_word' id='word_1_659' title='bbox 1076 4913 1198 4965; x_wconf 87' lang='lat' dir='ltr'><strong>add.</strong></span> <span class='ocrx_word' id='word_1_660' title='bbox 1228 4905 1365 4965; x_wconf 50' lang='lat' dir='ltr'><strong>“r61</strong></span> <span class='ocrx_word' id='word_1_661' title='bbox 1407 4930 1420 4966; x_wconf 89' lang='lat'><strong>:</strong></span> <span class='ocrx_word' id='word_1_662' title='bbox 1451 4905 1542 4967; x_wconf 82' lang='grc' dir='ltr'><strong>τόν</strong></span> <span class='ocrx_word' id='word_1_663' title='bbox 1562 4934 1622 4980; x_wconf 81' lang='grc' dir='ltr'><strong>ς.</strong></span> 
     </span>
    </p>
   </div>
   <div class='ocr_carea' id='block_1_95' title="bbox 500 4974 1862 5056">
    <p class='ocr_par' dir='ltr' id='par_1_95' title="bbox 500 4974 1862 5056">
     <span class='ocr_line' id='line_1_95' title="bbox 500 4974 1862 5056; baseline 0.027 -36"><span class='ocrx_word' id='word_1_664' title='bbox 500 4974 548 5003; x_wconf 70' lang='grc'><strong>⁸⁵</strong></span> <span class='ocrx_word' id='word_1_665' title='bbox 590 4984 712 5042; x_wconf 86' lang='lat' dir='ltr'><strong>post</strong></span> <span class='ocrx_word' id='word_1_666' title='bbox 743 4976 851 5046; x_wconf 76' lang='grc' dir='ltr'>ἔχω</span> <span class='ocrx_word' id='word_1_667' title='bbox 880 4993 1002 5032; x_wconf 87' lang='lat' dir='ltr'><strong>cum</strong></span> <span class='ocrx_word' id='word_1_668' title='bbox 1035 4979 1082 5033; x_wconf 85' lang='lat' dir='ltr'><strong>A</strong></span> <span class='ocrx_word' id='word_1_669' title='bbox 1119 4984 1274 5037; x_wconf 87' lang='lat' dir='ltr'><strong>omisi</strong></span> <span class='ocrx_word' id='word_1_670' title='bbox 1298 4983 1374 5038; x_wconf 84' lang='grc' dir='ltr'><strong>δέ.</strong></span> <span class='ocrx_word' id='word_1_671' title='bbox 1455 4985 1500 5017; x_wconf 68' lang='grc'><strong>⁸³</strong></span> <span class='ocrx_word' id='word_1_672' title='bbox 1529 4974 1768 5056; x_wconf 78' lang='grc' dir='ltr'>νὸμίξειν</span> <span class='ocrx_word' id='word_1_673' title='bbox 1796 4989 1862 5045; x_wconf 85' lang='grc' dir='ltr'><strong>Α·</strong></span> 
     </span>
    </p>
   </div>
   <div class='ocr_carea' id='block_1_96' title="bbox 2025 4625 3736 4747">
    <p class='ocr_par' dir='ltr' id='par_1_96' title="bbox 2025 4625 3736 4747">
     <span class='ocr_line' id='line_1_96' title="bbox 2025 4625 3736 4747; baseline -0.001 1"><span class='ocrx_word' id='word_1_674' title='bbox 2025 4643 2066 4747; x_wconf 71' lang='lat' dir='ltr'><strong>T:</strong></span> <span class='ocrx_word' id='word_1_675' title='bbox 2091 4644 2227 4747; x_wconf 57' lang='lat' dir='ltr'><strong>ita“</strong></span> <span class='ocrx_word' id='word_1_676' title='bbox 2254 4645 3039 4747; x_wconf 56' lang='grc' dir='ltr'><strong>,ξὲηηιειῖινξξῖοιΛλέξανῑξξξῖν</strong></span> <span class='ocrx_word' id='word_1_677' title='bbox 3063 4643 3280 4747; x_wconf 59' lang='grc' dir='ltr'><strong>ἱιρῗξεξ·</strong></span> <span class='ocrx_word' id='word_1_678' title='bbox 3296 4625 3736 4747; x_wconf 54' lang='grc' dir='ltr'><strong>ηίῖτειὲἑείεῗεῗί</strong></span> 
     </span>
    </p>
   </div>
   <div class='ocr_carea' id='block_1_97' title="bbox 1266 4705 3720 4835">
    <p class='ocr_par' dir='ltr' id='par_1_97' title="bbox 1266 4705 3720 4835">
     <span class='ocr_line' id='line_1_97' title="bbox 1269 4705 3720 4797; baseline 0.002 -45"><span class='ocrx_word' id='word_1_679' title='bbox 1269 4705 1436 4752; x_wconf 83' lang='grc' dir='ltr'>έλλων</span> <span class='ocrx_word' id='word_1_680' title='bbox 1462 4719 1522 4766; x_wconf 85' lang='grc' dir='ltr'><strong>ς.</strong></span> <span class='ocrx_word' id='word_1_681' title='bbox 1640 4705 1687 4736; x_wconf 87' lang='grc'><strong>³³</strong></span> <span class='ocrx_word' id='word_1_682' title='bbox 1717 4708 1810 4758; x_wconf 81' lang='grc' dir='ltr'>ἐπὶ</span> <span class='ocrx_word' id='word_1_683' title='bbox 1836 4710 2061 4784; x_wconf 83' lang='grc' dir='ltr'>μᾶλλον]</span> <span class='ocrx_word' id='word_1_684' title='bbox 2106 4705 2213 4770; x_wconf 70' lang='lat' dir='ltr'><strong>viii.</strong></span> <span class='ocrx_word' id='word_1_685' title='bbox 2252 4705 2489 4769; x_wconf 75' lang='lat' dir='ltr'><strong>Bocrlth.</strong></span> <span class='ocrx_word' id='word_1_686' title='bbox 2519 4717 2572 4769; x_wconf 89' lang='lat' dir='ltr'><strong>in</strong></span> <span class='ocrx_word' id='word_1_687' title='bbox 2624 4705 2837 4770; x_wconf 68' lang='lat' dir='ltr'><strong>Platon.</strong></span> <span class='ocrx_word' id='word_1_688' title='bbox 2903 4715 3031 4768; x_wconf 87' lang='lat' dir='ltr'><strong>Min.</strong></span> <span class='ocrx_word' id='word_1_689' title='bbox 3080 4705 3141 4780; x_wconf 49' lang='lat' dir='ltr'><strong>p.‘</strong></span> <span class='ocrx_word' id='word_1_690' title='bbox 3167 4713 3270 4766; x_wconf 79' lang='grc'><strong>155</strong></span> <span class='ocrx_word' id='word_1_691' title='bbox 3296 4721 3354 4764; x_wconf 90' lang='lat' dir='ltr'><strong>et</strong></span> <span class='ocrx_word' id='word_1_692' title='bbox 3377 4705 3659 4790; x_wconf 48' lang='lat' dir='ltr'><strong>.Schaeler&#39;.</strong></span> <span class='ocrx_word' id='word_1_693' title='bbox 3683 4716 3720 4797; x_wconf 50' lang='lat' dir='ltr'><strong>at</strong></span> 
     </span>
     <span class='ocr_line' id='line_1_98' title="bbox 1266 4771 3720 4835; baseline 0 0"><span class='ocrx_word' id='word_1_694' title='bbox 1266 4771 1312 4803; x_wconf 67' lang='grc'><strong>³⁸</strong></span> <span class='ocrx_word' id='word_1_695' title='bbox 1339 4771 1594 4835; x_wconf 82' lang='grc' dir='ltr'><strong>Θωρικῶι</strong></span> <span class='ocrx_word' id='word_1_696' title='bbox 1623 4775 1691 4827; x_wconf 76' lang='grc' dir='ltr'><strong>Α·</strong></span> <span class='ocrx_word' id='word_1_697' title='bbox 1800 4777 1844 4809; x_wconf 80' lang='grc'>³⁸</span> <span class='ocrx_word' id='word_1_698' title='bbox 1878 4781 2146 4835; x_wconf 64' lang='grc' dir='ltr'>ἐπήλυτον</span> <span class='ocrx_word' id='word_1_699' title='bbox 2173 4803 2236 4835; x_wconf 69' lang='grc' dir='ltr'><strong>ς.</strong></span> <span class='ocrx_word' id='word_1_700' title='bbox 2342 4787 2388 4818; x_wconf 77' lang='grc'>³⁸</span> <span class='ocrx_word' id='word_1_701' title='bbox 2411 4787 2506 4835; x_wconf 75' lang='grc' dir='ltr'><strong>καὶ</strong></span> <span class='ocrx_word' id='word_1_702' title='bbox 2568 4796 2694 4835; x_wconf 82' lang='lat' dir='ltr'><strong>ante</strong></span> <span class='ocrx_word' id='word_1_703' title='bbox 2731 4788 2854 4835; x_wconf 71' lang='lat' dir='ltr'><strong>mi:</strong></span> <span class='ocrx_word' id='word_1_704' title='bbox 2907 4785 3031 4835; x_wconf 87' lang='lat' dir='ltr'><strong>add-</strong></span> <span class='ocrx_word' id='word_1_705' title='bbox 3065 4785 3131 4835; x_wconf 88' lang='lat' dir='ltr'><strong>A.</strong></span> <span class='ocrx_word' id='word_1_706' title='bbox 3237 4783 3280 4814; x_wconf 85' lang='grc'>³⁷</span> <span class='ocrx_word' id='word_1_707' title='bbox 3307 4799 3406 4833; x_wconf 87' lang='grc' dir='ltr'><strong>του</strong></span> <span class='ocrx_word' id='word_1_708' title='bbox 3467 4776 3538 4828; x_wconf 71' lang='grc' dir='ltr'>Μ.</span> <span class='ocrx_word' id='word_1_709' title='bbox 3585 4784 3720 4835; x_wconf 70' lang='grc' dir='ltr'>γαμοι</span> 
     </span>
    </p>
   </div>
   <div class='ocr_carea' id='block_1_98' title="bbox 992 4789 3739 4936">
    <p class='ocr_par' dir='ltr' id='par_1_98' title="bbox 992 4789 3739 4936">
     <span class='ocr_line' id='line_1_99' title="bbox 1029 4789 3739 4874; baseline -0.001 -33"><span class='ocrx_word' id='word_1_710' title='bbox 1029 4789 1158 4823; x_wconf 63' lang='grc' dir='ltr'><strong>θεν·</strong></span> <span class='ocrx_word' id='word_1_711' title='bbox 1266 4789 1312 4803; x_wconf 84' lang='lat'><strong>&quot;</strong></span> <span class='ocrx_word' id='word_1_712' title='bbox 1339 4789 1594 4841; x_wconf 67' lang='grc' dir='ltr'><strong>Ψωρικωι</strong></span> <span class='ocrx_word' id='word_1_713' title='bbox 1623 4789 1691 4827; x_wconf 78' lang='grc' dir='ltr'><strong>Α·</strong></span> <span class='ocrx_word' id='word_1_714' title='bbox 1800 4789 1844 4809; x_wconf 81' lang='grc'><strong>⁵⁰</strong></span> <span class='ocrx_word' id='word_1_715' title='bbox 1878 4789 2146 4852; x_wconf 70' lang='grc' dir='ltr'>ἐπήλυτον</span> <span class='ocrx_word' id='word_1_716' title='bbox 2173 4803 2236 4850; x_wconf 80' lang='grc' dir='ltr'><strong>ς.</strong></span> <span class='ocrx_word' id='word_1_717' title='bbox 2342 4789 2388 4818; x_wconf 79' lang='grc'>³⁸</span> <span class='ocrx_word' id='word_1_718' title='bbox 2411 4789 2506 4838; x_wconf 72' lang='grc' dir='ltr'>καὶ</span> <span class='ocrx_word' id='word_1_719' title='bbox 2568 4796 2694 4840; x_wconf 86' lang='lat' dir='ltr'><strong>aute</strong></span> <span class='ocrx_word' id='word_1_720' title='bbox 2731 4789 2854 4847; x_wconf 85' lang='grc' dir='ltr'>ταῖς</span> <span class='ocrx_word' id='word_1_721' title='bbox 2907 4789 3031 4840; x_wconf 88' lang='lat' dir='ltr'><strong>add.</strong></span> <span class='ocrx_word' id='word_1_722' title='bbox 3065 4789 3131 4838; x_wconf 88' lang='lat' dir='ltr'><strong>A.</strong></span> <span class='ocrx_word' id='word_1_723' title='bbox 3237 4789 3279 4814; x_wconf 86' lang='grc'><strong>³⁷</strong></span> <span class='ocrx_word' id='word_1_724' title='bbox 3307 4789 3406 4833; x_wconf 83' lang='grc' dir='ltr'><strong>του</strong></span> <span class='ocrx_word' id='word_1_725' title='bbox 3445 4789 3538 4864; x_wconf 46' lang='lat' dir='ltr'><strong>.M-</strong></span> <span class='ocrx_word' id='word_1_726' title='bbox 3585 4789 3739 4874; x_wconf 60' lang='lat'><strong>14?”:</strong></span> 
     </span>
     <span class='ocr_line' id='line_1_100' title="bbox 992 4839 3738 4936; baseline 0 0"><span class='ocrx_word' id='word_1_727' title='bbox 992 4839 1195 4936; x_wconf 60' lang='grc' dir='ltr'><strong>ἐλοὲίέ</strong></span> <span class='ocrx_word' id='word_1_728' title='bbox 1219 4843 1351 4936; x_wconf 63' lang='lat'><strong>‘15-.</strong></span> <span class='ocrx_word' id='word_1_729' title='bbox 1386 4843 1430 4936; x_wconf 72' lang='grc' dir='ltr'><strong>³ῗ</strong></span> <span class='ocrx_word' id='word_1_730' title='bbox 1453 4843 1776 4936; x_wconf 60' lang='grc' dir='ltr'><strong>ἸζθάὲουΑιε.</strong></span> <span class='ocrx_word' id='word_1_731' title='bbox 1797 4847 1983 4936; x_wconf 61' lang='grc' dir='ltr'><strong>Τρυξάς</strong></span> <span class='ocrx_word' id='word_1_732' title='bbox 2035 4873 2096 4918; x_wconf 75' lang='grc' dir='ltr'><strong>ςο</strong></span> <span class='ocrx_word' id='word_1_733' title='bbox 2126 4859 2295 4936; x_wconf 58' lang='lat' dir='ltr'><strong>rude.</strong></span> <span class='ocrx_word' id='word_1_734' title='bbox 2346 4857 2580 4936; x_wconf 55' lang='lat' dir='ltr'><strong>hiulei</strong></span> <span class='ocrx_word' id='word_1_735' title='bbox 2635 4856 2840 4936; x_wconf 53' lang='lat' dir='ltr'><strong>faceret</strong></span> <span class='ocrx_word' id='word_1_736' title='bbox 2876 4856 3132 4936; x_wconf 60' lang='grc' dir='ltr'><strong>ἰἕῖρέυέςυ</strong></span> <span class='ocrx_word' id='word_1_737' title='bbox 3212 4852 3386 4936; x_wconf 59' lang='lat' dir='ltr'><strong>“ml!</strong></span> <span class='ocrx_word' id='word_1_738' title='bbox 3429 4845 3738 4936; x_wconf 41' lang='lat' dir='ltr'><strong>aii-ﬂii“:</strong></span> 
     </span>
    </p>
   </div>
   <div class='ocr_carea' id='block_1_99' title="bbox 1732 4910 3719 4997">
    <p class='ocr_par' dir='ltr' id='par_1_99' title="bbox 1732 4910 3719 4997">
     <span class='ocr_line' id='line_1_101' title="bbox 1732 4910 3719 4997; baseline -0.01 -20"><span class='ocrx_word' id='word_1_739' title='bbox 1732 4916 1776 4949; x_wconf 79' lang='lat'>“</span> <span class='ocrx_word' id='word_1_740' title='bbox 1805 4910 2072 4997; x_wconf 54' lang='grc' dir='ltr'>ῘᾹτόσσηξ</span> <span class='ocrx_word' id='word_1_741' title='bbox 2122 4910 2390 4994; x_wconf 83' lang='lat' dir='ltr'><strong>Kanuius,</strong></span> <span class='ocrx_word' id='word_1_742' title='bbox 2427 4910 2700 4997; x_wconf 75' lang='grc' dir='ltr'>Αἰγόσσης</span> <span class='ocrx_word' id='word_1_743' title='bbox 2752 4927 2798 4981; x_wconf 84' lang='grc' dir='ltr'>Α</span> <span class='ocrx_word' id='word_1_744' title='bbox 2845 4944 2858 4980; x_wconf 90' lang='lat'><strong>:</strong></span> <span class='ocrx_word' id='word_1_745' title='bbox 2915 4910 3178 4995; x_wconf 56' lang='lat' dir='ltr'><strong>’A&#39;rcééng</strong></span> <span class='ocrx_word' id='word_1_746' title='bbox 3196 4941 3258 4989; x_wconf 80' lang='grc' dir='ltr'>ς.</span> <span class='ocrx_word' id='word_1_747' title='bbox 3337 4925 3386 4956; x_wconf 71' lang='grc' dir='ltr'><strong><em>η</em></strong></span> <span class='ocrx_word' id='word_1_748' title='bbox 3423 4919 3524 4987; x_wconf 79' lang='grc' dir='ltr'>τῆς</span> <span class='ocrx_word' id='word_1_749' title='bbox 3549 4910 3719 4967; x_wconf 68' lang='lat' dir='ltr'><strong>add.A</strong></span> 
     </span>
    </p>
   </div>
   <div class='ocr_carea' id='block_1_100' title="bbox 2342 4771 3736 4847">
    <p class='ocr_par' dir='ltr' id='par_1_100' title="bbox 2342 4771 3736 4847">
     <span class='ocr_line' id='line_1_102' title="bbox 2342 4771 3736 4847; baseline 0.001 -10"><span class='ocrx_word' id='word_1_750' title='bbox 2342 4787 2388 4818; x_wconf 78' lang='grc'>³⁸</span> <span class='ocrx_word' id='word_1_751' title='bbox 2411 4787 2506 4838; x_wconf 73' lang='grc' dir='ltr'><strong>καὶ</strong></span> <span class='ocrx_word' id='word_1_752' title='bbox 2568 4796 2694 4840; x_wconf 86' lang='lat' dir='ltr'><strong>ante</strong></span> <span class='ocrx_word' id='word_1_753' title='bbox 2731 4788 2854 4847; x_wconf 86' lang='grc' dir='ltr'>ταῖς</span> <span class='ocrx_word' id='word_1_754' title='bbox 2907 4785 3031 4840; x_wconf 88' lang='lat' dir='ltr'><strong>add.</strong></span> <span class='ocrx_word' id='word_1_755' title='bbox 3065 4771 3131 4838; x_wconf 81' lang='grc' dir='ltr'>Ᾱ.</span> <span class='ocrx_word' id='word_1_756' title='bbox 3237 4783 3280 4814; x_wconf 84' lang='grc'>³⁷</span> <span class='ocrx_word' id='word_1_757' title='bbox 3307 4780 3406 4833; x_wconf 83' lang='grc' dir='ltr'>τοῦ</span> <span class='ocrx_word' id='word_1_758' title='bbox 3467 4776 3555 4847; x_wconf 19' lang='grc' dir='ltr'><strong>Μομ</strong></span> <span class='ocrx_word' id='word_1_759' title='bbox 3585 4771 3736 4838; x_wconf 69' lang='grc' dir='ltr'>Ὑάμου</span> 
     </span>
    </p>
   </div>
   <div class='ocr_carea' id='block_1_101' title="bbox 2040 5084 2276 5143">
    <p class='ocr_par' dir='ltr' id='par_1_101' title="bbox 2040 5084 2276 5143">
     <span class='ocr_line' id='line_1_103' title="bbox 2040 5084 2276 5143; baseline 0.017 -4"><span class='ocrx_word' id='word_1_760' title='bbox 2040 5084 2276 5143; x_wconf 69' lang='lat' dir='ltr'><strong>NOTAE.</strong></span> 
     </span>
    </p>
   </div>
   <div class='ocr_carea' id='block_1_102' title="bbox 573 5164 2076 5240">
    <p class='ocr_par' dir='ltr' id='par_1_102' title="bbox 573 5164 2076 5240">
     <span class='ocr_line' id='line_1_104' title="bbox 573 5164 2076 5240; baseline 0.011 -22"><span class='ocrx_word' id='word_1_761' title='bbox 573 5164 687 5236; x_wconf 83' lang='lat'><strong>(67)</strong></span> <span class='ocrx_word' id='word_1_762' title='bbox 719 5165 970 5240; x_wconf 16' lang='lat' dir='ltr'><strong>‘Emendo</strong></span> <span class='ocrx_word' id='word_1_763' title='bbox 1024 5171 1294 5240; x_wconf 79' lang='grc' dir='ltr'>Μάντους.</span> <span class='ocrx_word' id='word_1_764' title='bbox 1328 5177 1513 5232; x_wconf 88' lang='lat' dir='ltr'><strong>Strab.</strong></span> <span class='ocrx_word' id='word_1_765' title='bbox 1539 5179 1631 5234; x_wconf 86' lang='lat' dir='ltr'><strong>lib.</strong></span> <span class='ocrx_word' id='word_1_766' title='bbox 1669 5195 1757 5234; x_wconf 73' lang='lat' dir='ltr'><strong>le</strong></span> <span class='ocrx_word' id='word_1_767' title='bbox 1784 5179 1939 5235; x_wconf 88' lang='lat' dir='ltr'><strong>Cilic.</strong></span> <span class='ocrx_word' id='word_1_768' title='bbox 1979 5195 2076 5234; x_wconf 80' lang='lat' dir='ltr'><strong>ex-</strong></span> 
     </span>
    </p>
   </div>
   <div class='ocr_carea' id='block_1_103' title="bbox 501 5237 2062 5315">
    <p class='ocr_par' dir='ltr' id='par_1_103' title="bbox 501 5237 2062 5315">
     <span class='ocr_line' id='line_1_105' title="bbox 501 5237 2062 5315; baseline 0.011 -26"><span class='ocrx_word' id='word_1_769' title='bbox 501 5246 663 5291; x_wconf 87' lang='lat' dir='ltr'><strong>trem.</strong></span> <span class='ocrx_word' id='word_1_770' title='bbox 719 5237 857 5315; x_wconf 61' lang='lat' dir='ltr'><strong>\fide</strong></span> <span class='ocrx_word' id='word_1_771' title='bbox 890 5256 1106 5315; x_wconf 76' lang='lat' dir='ltr'><strong>quoque</strong></span> <span class='ocrx_word' id='word_1_772' title='bbox 1151 5237 1392 5315; x_wconf 81' lang='lat' dir='ltr'><strong>ejusdem</strong></span> <span class='ocrx_word' id='word_1_773' title='bbox 1429 5248 1635 5304; x_wconf 87' lang='lat' dir='ltr'><strong>Ioniam</strong></span> <span class='ocrx_word' id='word_1_774' title='bbox 1683 5263 1914 5306; x_wconf 82' lang='lat' dir='ltr'><strong>extrem.</strong></span> <span class='ocrx_word' id='word_1_775' title='bbox 1964 5249 2062 5306; x_wconf 91' lang='lat' dir='ltr'><strong>lib.</strong></span> 
     </span>
    </p>
   </div>
   <div class='ocr_carea' id='block_1_104' title="bbox 501 5307 1612 5388">
    <p class='ocr_par' dir='ltr' id='par_1_104' title="bbox 501 5307 1612 5388">
     <span class='ocr_line' id='line_1_106' title="bbox 501 5307 1612 5388; baseline 0.01 -26"><span class='ocrx_word' id='word_1_776' title='bbox 501 5320 704 5388; x_wconf 38' lang='lat' dir='ltr'><strong>xu‘tLet</strong></span> <span class='ocrx_word' id='word_1_777' title='bbox 731 5307 1051 5388; x_wconf 69' lang='lat' dir='ltr'><strong>llesioduni.</strong></span> <span class='ocrx_word' id='word_1_778' title='bbox 1079 5307 1318 5387; x_wconf 60' lang='lat' dir='ltr'><strong>Lyc&#39;opb.</strong></span> <span class='ocrx_word' id='word_1_779' title='bbox 1351 5318 1612 5388; x_wconf 85' lang='lat' dir='ltr'><strong>aliosque.</strong></span> 
     </span>
    </p>
   </div>
   <div class='ocr_carea' id='block_1_105' title="bbox 594 5379 2070 5461">
    <p class='ocr_par' dir='ltr' id='par_1_105' title="bbox 594 5379 2070 5461">
     <span class='ocr_line' id='line_1_107' title="bbox 594 5379 2070 5461; baseline 0.01 -30"><span class='ocrx_word' id='word_1_780' title='bbox 713 5381 1010 5461; x_wconf 49' lang='lat' dir='ltr'><strong>Argiopam</strong></span> <span class='ocrx_word' id='word_1_781' title='bbox 1035 5379 1256 5461; x_wconf 63' lang='lat' dir='ltr'><strong>quidam</strong></span> <span class='ocrx_word' id='word_1_782' title='bbox 1284 5389 1473 5461; x_wconf 77' lang='lat' dir='ltr'><strong>dixere</strong></span> <span class='ocrx_word' id='word_1_783' title='bbox 1488 5379 1877 5461; x_wconf 74' lang='lat' dir='ltr'><strong>cumApollon.</strong></span> <span class='ocrx_word' id='word_1_784' title='bbox 1902 5390 2000 5446; x_wconf 89' lang='lat' dir='ltr'><strong>lib.</strong></span> <span class='ocrx_word' id='word_1_785' title='bbox 2033 5407 2070 5446; x_wconf 92' lang='lat' dir='ltr'><strong>t.</strong></span> 
     </span>
    </p>
   </div>
   <div class='ocr_carea' id='block_1_106' title="bbox 590 5449 2071 5533">
    <p class='ocr_par' dir='ltr' id='par_1_106' title="bbox 590 5449 2071 5533">
     <span class='ocr_line' id='line_1_108' title="bbox 590 5449 2071 5533; baseline 0.01 -32"><span class='ocrx_word' id='word_1_786' title='bbox 590 5449 843 5533; x_wconf 57' lang='lat' dir='ltr'><strong>aenide</strong></span> <span class='ocrx_word' id='word_1_787' title='bbox 868 5449 1165 5533; x_wconf 44' lang='lat' dir='ltr'><strong>Eustattniu</strong></span> <span class='ocrx_word' id='word_1_788' title='bbox 1197 5463 1358 5517; x_wconf 85' lang='lat' dir='ltr'><strong>Hom.</strong></span> <span class='ocrx_word' id='word_1_789' title='bbox 1384 5458 1532 5533; x_wconf 10' lang='lat'><strong>2:73.</strong></span> <span class='ocrx_word' id='word_1_790' title='bbox 1551 5459 1657 5533; x_wconf 68' lang='grc' dir='ltr'>ιιι.</span> <span class='ocrx_word' id='word_1_791' title='bbox 1676 5449 1898 5533; x_wconf 72' lang='lat' dir='ltr'><strong>Gyratd.</strong></span> <span class='ocrx_word' id='word_1_792' title='bbox 1935 5461 2071 5533; x_wconf 85' lang='lat' dir='ltr'><strong>Dial.</strong></span> 
     </span>
    </p>
   </div>
   <div class='ocr_carea' id='block_1_107' title="bbox 498 5518 2070 5603">
    <p class='ocr_par' dir='ltr' id='par_1_107' title="bbox 498 5518 2070 5603">
     <span class='ocr_line' id='line_1_109' title="bbox 498 5518 2070 5603; baseline 0.006 -28"><span class='ocrx_word' id='word_1_793' title='bbox 498 5518 554 5575; x_wconf 72' lang='grc'>2.</span> <span class='ocrx_word' id='word_1_794' title='bbox 581 5518 784 5603; x_wconf 35' lang='lat' dir='ltr'><strong>fatal.</strong></span> <span class='ocrx_word' id='word_1_795' title='bbox 821 5527 1010 5603; x_wconf 49' lang='lat' dir='ltr'><strong>con-tit.</strong></span> <span class='ocrx_word' id='word_1_796' title='bbox 1065 5526 1288 5603; x_wconf 81' lang='lat' dir='ltr'><strong>Mythol.</strong></span> <span class='ocrx_word' id='word_1_797' title='bbox 1324 5529 1580 5603; x_wconf 85' lang='lat' dir='ltr'><strong>et_Sicul.</strong></span> <span class='ocrx_word' id='word_1_798' title='bbox 1613 5531 1706 5586; x_wconf 91' lang='lat' dir='ltr'><strong>lib.</strong></span> <span class='ocrx_word' id='word_1_799' title='bbox 1725 5518 1832 5597; x_wconf 84' lang='grc' dir='ltr'>ἰιι,</span> <span class='ocrx_word' id='word_1_800' title='bbox 1857 5547 1980 5601; x_wconf 92' lang='lat' dir='ltr'><strong>cap.</strong></span> <span class='ocrx_word' id='word_1_801' title='bbox 2017 5532 2070 5585; x_wconf 83' lang='grc'>5.</span> 
     </span>
    </p>
   </div>
   <div class='ocr_carea' id='block_1_108' title="bbox 577 5591 2075 5672">
    <p class='ocr_par' dir='ltr' id='par_1_108' title="bbox 577 5591 2075 5672">
     <span class='ocr_line' id='line_1_110' title="bbox 577 5591 2075 5672; baseline 0 -15"><span class='ocrx_word' id='word_1_802' title='bbox 577 5591 872 5672; x_wconf 63' lang='grc' dir='ltr'>(ἸολΑυιιιί</span> <span class='ocrx_word' id='word_1_803' title='bbox 908 5591 1156 5658; x_wconf 69' lang='grc' dir='ltr'>Ευειδιίῖ.</span> <span class='ocrx_word' id='word_1_804' title='bbox 1190 5607 1353 5659; x_wconf 85' lang='lat' dir='ltr'><strong>etiam</strong></span> <span class='ocrx_word' id='word_1_805' title='bbox 1390 5601 1644 5671; x_wconf 87' lang='lat' dir='ltr'><strong>loquendi</strong></span> <span class='ocrx_word' id='word_1_806' title='bbox 1677 5591 2075 5672; x_wconf 47' lang='lat' dir='ltr'><strong>facultate-pri-</strong></span> 
     </span>
    </p>
   </div>
   <div class='ocr_carea' id='block_1_109' title="bbox 501 5661 903 5732">
    <p class='ocr_par' dir='ltr' id='par_1_109' title="bbox 501 5661 903 5732">
     <span class='ocr_line' id='line_1_111' title="bbox 501 5661 903 5732; baseline 0.022 -22"><span class='ocrx_word' id='word_1_807' title='bbox 501 5673 656 5732; x_wconf 76' lang='lat' dir='ltr'><strong>vatus</strong></span> <span class='ocrx_word' id='word_1_808' title='bbox 689 5661 903 5732; x_wconf 72' lang='lat' dir='ltr'><strong>legitur.</strong></span> 
     </span>
    </p>
   </div>
   <div class='ocr_carea' id='block_1_110' title="bbox 567 5727 1552 5818">
    <p class='ocr_par' dir='ltr' id='par_1_110' title="bbox 567 5727 1552 5818">
     <span class='ocr_line' id='line_1_112' title="bbox 567 5727 1552 5818; baseline 0.019 -36"><span class='ocrx_word' id='word_1_809' title='bbox 567 5731 680 5802; x_wconf 83' lang='lat'><strong>(7|)</strong></span> <span class='ocrx_word' id='word_1_810' title='bbox 710 5727 907 5792; x_wconf 76' lang='lat' dir='ltr'><strong>Strabo</strong></span> <span class='ocrx_word' id='word_1_811' title='bbox 931 5735 1025 5793; x_wconf 90' lang='lat' dir='ltr'><strong>lib.</strong></span> <span class='ocrx_word' id='word_1_812' title='bbox 1057 5752 1170 5793; x_wconf 79' lang='lat' dir='ltr'><strong>xvu</strong></span> <span class='ocrx_word' id='word_1_813' title='bbox 1200 5741 1265 5800; x_wconf 84' lang='lat' dir='ltr'><strong>de</strong></span> <span class='ocrx_word' id='word_1_814' title='bbox 1297 5738 1552 5818; x_wconf 64' lang='grc' dir='ltr'>Αῐεγριυ.</span> 
     </span>
    </p>
   </div>
   <div class='ocr_carea' id='block_1_111' title="bbox 2262 5179 3738 5254">
    <p class='ocr_par' dir='ltr' id='par_1_111' title="bbox 2262 5179 3738 5254">
     <span class='ocr_line' id='line_1_113' title="bbox 2262 5179 3738 5254; baseline 0 -16"><span class='ocrx_word' id='word_1_815' title='bbox 2262 5183 2376 5252; x_wconf 75' lang='lat'><strong>(7&#39;2)</strong></span> <span class='ocrx_word' id='word_1_816' title='bbox 2429 5183 2574 5254; x_wconf 74' lang='lat' dir='ltr'><strong>Lege</strong></span> <span class='ocrx_word' id='word_1_817' title='bbox 2611 5181 2839 5238; x_wconf 85' lang='lat' dir='ltr'><strong>Nieand.</strong></span> <span class='ocrx_word' id='word_1_818' title='bbox 2881 5183 3132 5238; x_wconf 84' lang='lat' dir='ltr'><strong>Theriac.</strong></span> <span class='ocrx_word' id='word_1_819' title='bbox 3175 5179 3668 5254; x_wconf 77' lang='lat' dir='ltr'><strong>in_H:em_orrhoo;</strong></span> <span class='ocrx_word' id='word_1_820' title='bbox 3713 5187 3738 5225; x_wconf 73' lang='grc'>³</span> 
     </span>
    </p>
   </div>
   <div class='ocr_carea' id='block_1_112' title="bbox 2185 5250 3740 5332">
    <p class='ocr_par' dir='ltr' id='par_1_112' title="bbox 2185 5250 3740 5332">
     <span class='ocr_line' id='line_1_114' title="bbox 2185 5250 3740 5332; baseline -0.004 -26"><span class='ocrx_word' id='word_1_821' title='bbox 2185 5269 2292 5322; x_wconf 88' lang='lat' dir='ltr'><strong>quo</strong></span> <span class='ocrx_word' id='word_1_822' title='bbox 2342 5250 2456 5323; x_wconf 89' lang='lat' dir='ltr'><strong>ipse</strong></span> <span class='ocrx_word' id='word_1_823' title='bbox 2509 5250 2826 5332; x_wconf 64' lang='lat' dir='ltr'><strong>percussum</strong></span> <span class='ocrx_word' id='word_1_824' title='bbox 2853 5255 3130 5332; x_wconf 70' lang='lat' dir='ltr'><strong>(lanobum</strong></span> <span class='ocrx_word' id='word_1_825' title='bbox 3172 5252 3366 5332; x_wconf 53' lang='lat' dir='ltr'><strong>refert.</strong></span> <span class='ocrx_word' id='word_1_826' title='bbox 3404 5250 3740 5332; x_wconf 57' lang='lat' dir='ltr'><strong>Helenamqtuf</strong></span> 
     </span>
    </p>
   </div>
   <div class='ocr_carea' id='block_1_113' title="bbox 2186 5317 3737 5396">
    <p class='ocr_par' dir='ltr' id='par_1_113' title="bbox 2186 5317 3737 5396">
     <span class='ocr_line' id='line_1_115' title="bbox 2186 5317 3737 5396; baseline -0.007 -21"><span class='ocrx_word' id='word_1_827' title='bbox 2186 5317 2472 5393; x_wconf 79' lang='lat' dir='ltr'><strong>propterea</strong></span> <span class='ocrx_word' id='word_1_828' title='bbox 2510 5317 2656 5378; x_wconf 72' lang='lat' dir='ltr'><strong>huic</strong></span> <span class='ocrx_word' id='word_1_829' title='bbox 2677 5325 3197 5396; x_wconf 83' lang='lat' dir='ltr'><strong>serpenti_lumbo_s_</strong></span> <span class='ocrx_word' id='word_1_830' title='bbox 3218 5323 3478 5396; x_wconf 68' lang='lat' dir='ltr'><strong>fregisse.</strong></span> <span class='ocrx_word' id='word_1_831' title='bbox 3509 5317 3737 5396; x_wconf 75' lang='lat' dir='ltr'><strong>Nicandri</strong></span> 
     </span>
    </p>
   </div>
   <div class='ocr_carea' id='block_1_114' title="bbox 2183 5385 3738 5450">
    <p class='ocr_par' dir='ltr' id='par_1_114' title="bbox 2183 5385 3738 5450">
     <span class='ocr_line' id='line_1_116' title="bbox 2183 5385 3738 5450; baseline -0.005 -3"><span class='ocrx_word' id='word_1_832' title='bbox 2183 5385 2550 5448; x_wconf 75' lang='lat' dir='ltr'><strong>narrationem</strong></span> <span class='ocrx_word' id='word_1_833' title='bbox 2601 5385 2823 5450; x_wconf 77' lang='lat' dir='ltr'><strong>exhibet</strong></span> <span class='ocrx_word' id='word_1_834' title='bbox 2879 5393 3084 5449; x_wconf 57' lang='lat' dir='ltr'><strong>JEliau.</strong></span> <span class='ocrx_word' id='word_1_835' title='bbox 3144 5393 3237 5446; x_wconf 88' lang='lat' dir='ltr'><strong>lih.</strong></span> <span class='ocrx_word' id='word_1_836' title='bbox 3287 5385 3384 5446; x_wconf 64' lang='lat' dir='ltr'><strong>x&#39;tv</strong></span> <span class='ocrx_word' id='word_1_837' title='bbox 3437 5393 3504 5445; x_wconf 81' lang='lat' dir='ltr'><strong>de</strong></span> <span class='ocrx_word' id='word_1_838' title='bbox 3530 5385 3738 5442; x_wconf 76' lang='lat' dir='ltr'><strong>Animal.</strong></span> 
     </span>
    </p>
   </div>
   <div class='ocr_carea' id='block_1_115' title="bbox 2181 5466 2424 5519">
    <p class='ocr_par' dir='ltr' id='par_1_115' title="bbox 2181 5466 2424 5519">
     <span class='ocr_line' id='line_1_117' title="bbox 2181 5466 2424 5519; baseline -0.012 0"><span class='ocrx_word' id='word_1_839' title='bbox 2181 5466 2424 5519; x_wconf 74' lang='lat' dir='ltr'><strong>can.13.</strong></span> 
     </span>
    </p>
   </div>
   <div class='ocr_carea' id='block_1_116' title="bbox 2252 5480 3736 5606">
    <p class='ocr_par' dir='ltr' id='par_1_116' title="bbox 2252 5480 3736 5606">
     <span class='ocr_line' id='line_1_118' title="bbox 2252 5480 3736 5606; baseline -0.009 -12"><span class='ocrx_word' id='word_1_840' title='bbox 2252 5480 2664 5606; x_wconf 43' lang='lat' dir='ltr'><strong>€7.31)Ojustinus,</strong></span> <span class='ocrx_word' id='word_1_841' title='bbox 2697 5533 2794 5589; x_wconf 89' lang='lat' dir='ltr'><strong>lib.</strong></span> <span class='ocrx_word' id='word_1_842' title='bbox 2842 5549 2880 5600; x_wconf 82' lang='grc' dir='ltr'>ι,</span> <span class='ocrx_word' id='word_1_843' title='bbox 2914 5533 3074 5606; x_wconf 84' lang='lat' dir='ltr'><strong>Diod.</strong></span> <span class='ocrx_word' id='word_1_844' title='bbox 3113 5529 3280 5588; x_wconf 89' lang='lat' dir='ltr'><strong>Sicul.</strong></span> <span class='ocrx_word' id='word_1_845' title='bbox 3308 5533 3409 5587; x_wconf 87' lang='lat' dir='ltr'><strong>lib.</strong></span> <span class='ocrx_word' id='word_1_846' title='bbox 3443 5548 3480 5586; x_wconf 87' lang='lat' dir='ltr'><strong>tt</strong></span> <span class='ocrx_word' id='word_1_847' title='bbox 3512 5547 3528 5598; x_wconf 90' lang='lat'><strong>;</strong></span> <span class='ocrx_word' id='word_1_848' title='bbox 3564 5524 3736 5582; x_wconf 75' lang='lat' dir='ltr'><strong>Herod-</strong></span> 
     </span>
    </p>
   </div>
   <div class='ocr_carea' id='block_1_117' title="bbox 2183 5603 3638 5684">
    <p class='ocr_par' dir='ltr' id='par_1_117' title="bbox 2183 5603 3638 5684">
     <span class='ocr_line' id='line_1_119' title="bbox 2183 5603 3638 5684; baseline 0.002 -25"><span class='ocrx_word' id='word_1_849' title='bbox 2183 5603 2442 5684; x_wconf 52' lang='lat' dir='ltr'><strong>IElLanus</strong></span> <span class='ocrx_word' id='word_1_850' title='bbox 2465 5604 2666 5684; x_wconf 83' lang='lat' dir='ltr'><strong>aliique</strong></span> <span class='ocrx_word' id='word_1_851' title='bbox 2693 5607 2761 5684; x_wconf 69' lang='lat' dir='ltr'><strong>de</strong></span> <span class='ocrx_word' id='word_1_852' title='bbox 2788 5619 2852 5659; x_wconf 86' lang='lat' dir='ltr'><strong>eo</strong></span> <span class='ocrx_word' id='word_1_853' title='bbox 2891 5605 3154 5684; x_wconf 59' lang='lat' dir='ltr'><strong>pluribus.</strong></span> <span class='ocrx_word' id='word_1_854' title='bbox 3593 5669 3638 5684; x_wconf 81' lang='lat'><strong>__</strong></span> 
     </span>
    </p>
   </div>
   <div class='ocr_carea' id='block_1_118' title="bbox 2257 5671 3739 5744">
    <p class='ocr_par' dir='ltr' id='par_1_118' title="bbox 2257 5671 3739 5744">
     <span class='ocr_line' id='line_1_120' title="bbox 2257 5671 3739 5744; baseline -0.005 -15"><span class='ocrx_word' id='word_1_855' title='bbox 2257 5675 2371 5744; x_wconf 65' lang='lat'><strong>(74)</strong></span> <span class='ocrx_word' id='word_1_856' title='bbox 2401 5671 2705 5731; x_wconf 76' lang='lat' dir='ltr'><strong>Herodotus</strong></span> <span class='ocrx_word' id='word_1_857' title='bbox 2738 5671 2961 5731; x_wconf 55' lang='lat' dir='ltr'><strong>forte&#39;et</strong></span> <span class='ocrx_word' id='word_1_858' title='bbox 2996 5673 3264 5740; x_wconf 60' lang='lat' dir='ltr'><strong>Elianus,</strong></span> <span class='ocrx_word' id='word_1_859' title='bbox 3295 5673 3569 5744; x_wconf 83' lang='lat' dir='ltr'><strong>multique</strong></span> <span class='ocrx_word' id='word_1_860' title='bbox 3591 5671 3739 5726; x_wconf 80' lang='lat' dir='ltr'><strong>histo-</strong></span> 
     </span>
    </p>
   </div>
   <div class='ocr_carea' id='block_1_119' title="bbox 2180 5761 2300 5799">
    <p class='ocr_par' dir='ltr' id='par_1_119' title="bbox 2180 5761 2300 5799">
     <span class='ocr_line' id='line_1_121' title="bbox 2180 5761 2300 5799; baseline 0 0"><span class='ocrx_word' id='word_1_861' title='bbox 2180 5761 2300 5799; x_wconf 83' lang='lat' dir='ltr'><strong>I&#39;ICI.</strong></span> 
     </span>
    </p>
   </div>
  </div>
