3932 6240
411 298 514 359 ἔιῖιό

408 501 821 565 Laomedontis,
869 508 925 554 et
970 497 1171 553 Priami
1231 510 1389 550 soror
1448 496 1569 550 fuit.
1621 496 1772 550 Hanc
1803 495 1996 550 Prote-

308 595 313 601 ’
408 597 575 651 silaus
603 610 724 650 cum
774 594 898 648 aliis
936 592 1164 661 captivis
1207 605 1269 644 ex
1303 590 1399 644 llio
1459 591 1687 646 navibus
1735 591 1993 658 avehens,

407 690 656 742 Mendem
710 687 854 741 inter
900 695 956 740 et
983 682 1236 738 Scionetn
1287 691 1410 751 post
1437 683 1619 738 varias
1647 692 1998 752 tempestates

407 781 499 834 vix
548 793 712 833 naves
763 774 1030 846 appellit:
1063 789 1296 842 cumque
1359 785 1618 844 aquatum
1669 773 1998 828 Protesilaus

407 886 529 925 cum
555 871 669 926 suis
690 869 943 924 omnibus
968 867 1180 938 longius
1223 882 1251 919 a
1302 865 1484 920 littore
1524 867 1591 921 ad
1626 865 1885 920 interiora
1913 878 1998 919 re-

409 963 589 1033 gionis
616 963 734 1016 loca
768 969 1142 1030 procurreret,
1191 971 1305 1012 tum
1352 959 1494 1012 inter
1547 968 1740 1020 caetera
1771 955 1996 1012 Ethilla

405 1053 643 1123 reliquas
681 1052 916 1108 allocuta
942 1053 1204 1122 captivas,
1258 1053 1338 1117 Si,
1391 1052 1584 1121 inquit,
1632 1066 1754 1106 cum
1788 1051 1996 1106 Graecis

406 1147 461 1200 in
488 1146 751 1200 Graeciam
779 1145 1123 1210 abducimur,
1176 1141 1342 1199 aurea
1375 1145 1554 1208 nobis,
1602 1159 1722 1212 qua:
1766 1144 1832 1197 ad
1853 1141 1996 1206 Iro-

399 1239 511 1306 jam
544 1239 862 1308 pertulimus
905 1240 1160 1303 adversa,
1198 1237 1505 1291 videantur.
1576 1235 1856 1290 Persuasit
1888 1235 1994 1289 ita-

403 1347 507 1401 que
539 1332 768 1385 navibus
809 1332 961 1401 ignes
993 1331 1290 1384 in‘nnittere
1340 1328 1476 1400 (79).
1515 1327 1654 1382 Hinc
1709 1328 1793 1381 vel
1833 1328 1991 1382 inviti

401 1440 523 1478 cum
553 1423 684 1493 ipsis
716 1422 890 1476 Graeci
937 1424 990 1476 in
1044 1423 1232 1476 eadem
1289 1420 1374 1474 illa
1433 1421 1651 1490 regione
1686 1429 1992 1485 remanent,

399 1515 699 1584 urbemque
723 1514 976 1569 Scionetn
1010 1515 1081 1568 ibi
1107 1514 1382 1569 conditam
1415 1529 1520 1566 una
1552 1513 1878 1566 habuerunt.

472 1609 900 1675 Quartadecima
929 1618 1014 1662 est
1050 1609 1115 1660 de
1154 1606 1510 1676 Endymione,
1533 1606 1623 1674 qui
1644 1606 1858 1661 Aethno
1879 1606 1993 1677 (80)

399 1698 548 1754 Jovis
597 1700 730 1764 lilio,
786 1711 842 1753 et
876 1698 1230 1768 Protogeneia
1279 1696 1624 1751 Deucalionis
1661 1697 1771 1751 lilia
1806 1708 1989 1765 natus,

1570 291 1834 352 PHOTlI
1861 290 2369 351 PATRIARCH/E
2406 295 2516 354 (ΣΡ.

484 409 684 481 133a
719 407 938 462 Decima
971 406 1126 461 tertia
1164 403 1332 459 refert
1349 403 1416 458 de
1441 402 1689 468 IEthilla,
1721 420 1842 473 qua:
1875 404 1980 458 lilia
2020 414 2066 469 Α

3574 291 3684 356 556

2182 405 2244 458 ’Π
2267 404 2326 458 δὲ
2359 412 2425 473 ιγ’
2457 406 2526 458 τὰ
2569 407 2696 478 περὶ
2735 407 2986 470 Λίθίλλας
3022 405 3297 471 διέξεισιν,
3324 407 3445 476 ἥτις
3476 403 3546 476 ἦν
3585 406 3686 462 θυ-

2094 489 2281 569 γάτηρ
2330 499 2430 569 μὲν
2475 499 2867 570 Λαομέδοντος,
2905 498 3109 571 ἀδελφὴ
3134 499 3192 552 δὲ
3222 500 3499 570 Πριάμου.
3531 499 3683 552 Ταύ-

2101 607 2204 660 την
2237 590 2621 661 Πρωτεσίλαος
2642 592 2688 623 "
2714 591 2773 656 ἐξ
2806 592 2964 645 ἰλίου
2995 592 3132 662 μετὰ
3159 593 3254 645 καὶ
3283 590 3460 644 ἄλλων
3489 591 3685 660 νηυσὶν

2099 683 2249 750 ἄγων
2299 683 2646 753 αἰχμάλωτον
2665 684 2733 749 ⁸⁷,
2779 686 2862 749 είς
2915 685 3010 737 τὸν
3058 684 3265 755 μεταξὺ
3330 683 3547 754 Μένδης
3587 682 3686 736 καὶ

2100 773 2344 843 Σκιώνης
2377 774 2518 844 μετὰ
2555 773 2784 838 πολλοὺς
2813 772 3088 845 χειμῶνας
3131 774 3287 844 μόλις
3338 772 3682 845 ὁρμίζονται.

2098 866 2210 920 Καὶ
2245 866 2383 937 πρὸς
2423 866 2640 937 ὑδρείαν
2690 867 2799 920 τῶν
2851 867 2980 938 περὶ
3018 866 3398 939 Πρωτεσίλαον
3427 865 3688 918 ἁπάντων

2096 959 2193 1012 τοῦ
2236 959 2486 1026 αἰγιαλοῦ
2529 958 2738 1014 ἄνωθεν
2789 960 2927 1030 πρὸς
2972 960 3072 1030 τὴν
3111 959 3298 1031 χώραν
3337 957 3686 1026 ἀναδραμόν-

2097 1069 2229 1118 των,
2253 1053 2389 1106 ἄλλα
2418 1069 2478 1105 τε
2507 1054 2539 1122 ή
2567 1052 2794 1105 Αίθίλλα
2822 1055 2943 1116 ταῖς
2966 1050 3461 1122 συναιχμαλώτισιν
3495 1048 3686 1102 είποῦ-

2099 1162 2190 1211 σα,
2246 1146 2341 1200 καὶ
2377 1146 2476 1211 ὡς,
2510 1147 2560 1198 εί
2593 1145 2877 1214 ἀφίκοιντο
2909 1147 3006 1198 σὺν
3031 1147 3144 1208 τοῖς
3181 1145 3440 1215 Ἕλλησιν
3476 1145 3557 1205 είς
3587 1142 3688 1211 τὴν

2105 1237 2354 1304 Ἐλλάδα,
2403 1237 2603 1309 χρυσὸς
2655 1237 2721 1291 ἂν
2763 1237 2955 1300 αὑταῖς
3008 1237 3180 1303 δόξειε
3225 1237 3294 1290 τὰ
3337 1237 3438 1307 τῆς
3483 1234 3688 1306 Τροίας

2095 1331 2268 1396 κακὰ,
2305 1330 2482 1384 πείθει
2529 1330 2640 1402 πῦρ
2680 1332 2880 1384 ἐνεῖναι
2910 1331 3031 1392 ταῖς
3059 1331 3236 1384 ναυσί.
3280 1329 3390 1380 Καὶ
3433 1327 3687 1396 καταμέ-

2095 1441 2246 1478 νουσι
2282 1424 2378 1477 σὺν
2409 1424 2604 1485 αὑταῖς
2641 1423 2699 1474 ὲν
2737 1425 2802 1493 τῇ
2843 1421 2996 1494 χώρᾳ
3021 1423 3115 1476 καί
3143 1422 3368 1484 ἄκοντες
3404 1423 3455 1474 οἱ
3485 1419 3689 1490 Ἕλλη-

2094 1533 2206 1580 νες,
2241 1517 2337 1567 καὶ
2367 1513 2522 1567 πόλιν
2551 1513 2796 1579 κτίζουσι
2827 1515 3092 1585 Σκιώνην,
3117 1514 3214 1567 καὶ
3264 1513 3682 1577 συνοικίζουσιν.

2179 1603 2244 1656 Ἦ
2283 1604 2341 1656 ιδ’
2385 1605 2456 1656 τά
2507 1605 2637 1674 περὶ
2696 1605 3054 1675 Ἐνδυμίωνος
3091 1606 3314 1675 ἱστορεῖ,
3345 1605 3425 1657 ὅτι
3456 1621 3514 1656 τε
3553 1606 3687 1666 παῖς

2097 1691 2165 1767 ἦν
2205 1697 2444 1750 Ἀεθλίου
2465 1698 2509 1728 ⁵⁸
2549 1696 2643 1751 τοῦ
2685 1699 2807 1758 Διὸς
2849 1700 2946 1751 καὶ
2977 1699 3386 1768 Πρωτογενείας
3410 1700 3511 1768 τῆς
3547 1701 3686 1750 Δευ-

407 1793 566 1849 hinos
600 1793 838 1863 suscepit
871 1763 1090 1858 liberos,
1139 1791 1447 1863 Enrypylcn
1469 1792 1582 1862 (8|)
1637 1803 1694 1846 et
1727 1763 1989 1848 IEtolum.

2107 1787 2380 1854 καλίωνος,
2410 1790 2505 1841 καὶ
2536 1789 2614 1851 ὡς
2645 1788 2738 1843 δύο
2778 1788 2959 1852 τέκοι,
3001 1791 3200 1854 παῖδας
3225 1791 3556 1860 Εὐρυπύλην
3585 1792 3685 1843 καὶ

402 1884 504 1939 llic
535 1901 566 1940 e
591 1885 966 1955 Peloponneso
1013 1885 1186 1952 patria
1226 1885 1432 1938 ditione
1487 1883 1756 1938 excedens
1787 1881 1900 1954 (82)
1938 1885 1991 1938 in

401 1977 707 2047 oppositam
745 1977 1019 2044 regionem
1053 1992 1173 2030 cum
1219 1975 1562 2043 sequentium
1597 1976 1777 2039 turba,
1821 1977 1987 2043 pulsis

401 2070 691 2124 Curetibus
750 2067 885 2138 (85),
971 2068 1349 2136 commigravit
1385 2085 1398 2120 :
1433 2077 1490 2122 et
1556 2083 1654 2137 pro
1703 2069 1982 2133 Curetide,

400 2161 637 2218 .IEtolida
665 2162 932 2215 nominari
987 2160 1138 2214 fecit.
1188 2157 1489 2231 Eurypyles
1520 2175 1652 2214 vero
1694 2171 1750 2214 et
1787 2159 1990 2230 Neptu-

411 2257 465 2310 ni
509 2254 650 2309 ﬁlins
690 2254 804 2324 (84)
875 2254 1030 2320 Elis,
1091 2265 1308 2308 mortuo
1366 2269 1468 2308 avo
1501 2263 1747 2308 materno
1813 2253 1990 2324 Endy-

403 2349 584 2402 mione
615 2347 768 2418 (85),
849 2363 1070 2416 regnum
1135 2347 1416 2416 suscepit,
1474 2346 1859 2416 conditamque
1916 2351 1984 2402 ab

401 2438 735 2508 Endymiooe
760 2438 947 2492 urbem
970 2437 1106 2490 Elim
1138 2438 1458 2493 nominavit.

475 2618 672 2684 Quinta
707 2617 916 2671 decima
952 2617 1017 2670 de
1048 2614 1671 2686 Pheneatensibus(86),
1695 2627 1751 2672 et
1773 2616 1978 2672 Cerere

403 2723 568 2783 atque
598 2710 948 2780 Proserpina,
984 2726 1146 2778 quant
1179 2707 1336 2764 Pluto
1364 2720 1575 2779 raptam
1607 2719 1786 2766 matre
1812 2711 1987 2766 inscia

407 2807 474 2858 ad
518 2803 690 2858 infera
745 2818 908 2870 regna
973 2801 1234 2864 abduxit,
1303 2811 1470 2870 utque
1525 2801 1989 2856 Pheneatensibus

403 2898 591 2962 Ceres,
639 2893 785 2964 quod
819 2894 920 2963 ipsi
957 2893 1137 2946 locum
1176 2895 1568 2958 05tendissent,
1623 2909 1727 2961 qna
1761 2893 1988 2947 descen-

403 2993 629 3044 deretur
658 2988 797 3058 (erat
823 2988 866 3040 is
886 2987 1066 3038 hiatus
1093 2986 1146 3037 in
1170 2984 1378 3055 Cylina)
1403 2985 1538 3054 (87),
1571 3000 1694 3039 cum
1726 2985 1827 3039 alia
1849 2987 1987 3040 bona

2093 1880 2350 1945 Αίτωλὸν,
2401 1881 2460 1944 ὃς
2506 1884 2570 1934 ὲκ
2619 1882 3029 1952 Πελοποννήσου
3072 1883 3170 1953 τὴν
3217 1883 3480 1954 πατρῴαν
3506 1883 3686 1936 λιπὼν

2093 1972 2266 2044 ἀρχὴν
2301 1977 2382 2035 είς
2419 1972 2516 2043 τήν
2551 1973 2820 2044 ἀντίπερα
2864 1974 3070 2044 ταύτης
3108 1975 3215 2043 γῆν
3253 1977 3393 2044 μετὰ
3420 1975 3520 2043 τῆς
3554 1975 3684 2026 ἑπο-

2096 2067 2264 2137 μένης
2295 2066 2510 2137 μοίρας,
2557 2067 2849 2138 Κουρῆτας
2882 2067 3150 2132 ἐκϐαλὼν,
3187 2066 3393 2138 ᾤκησε,
3439 2068 3534 2120 καὶ
3560 2067 3685 2120 ἀντὶ

2094 2159 2431 2230 Κουρήτιδος
2455 2159 2726 2213 Αἰτωλίδα
2748 2160 2793 2191 ⁵⁹
2822 2160 3107 2214 καλεῖσθαι
3154 2160 3391 2213 δίδωσιν.
3421 2158 3553 2230 [652
3586 2157 3681 2230 IL]

2101 2251 2162 2304 '0
2199 2251 2246 2303 δ’
2281 2249 2608 2321 Εὐρυπύλης
2640 2253 2737 2305 καὶ
2789 2253 3126 2315 Ποσειδῶνος
3165 2256 3296 2315 παῖς
3332 2247 3562 2315 *Ηλιςω
3590 2268 3683 2304 τε·

2090 2342 2452 2412 λευτήσαντος
2523 2343 2616 2396 τοῦ
2690 2345 3105 2414 μητροπάτορος
3169 2345 3533 2413 Ἐνδυμίωνος
3582 2347 3682 2414 τὴν

2095 2433 2379 2504 βασιλείαν
2435 2433 2741 2503 ἐκδέχεται,
2773 2436 2870 2487 καὶ
2919 2438 2985 2505 τῇ
3034 2437 3323 2508 κτισθείσῃ
3354 2436 3511 2489 πόλει
3575 2436 3685 2490 ὑπὸ

2103 2524 2460 2593 Ἐνδυμίωνος
2482 2520 2646 2576 Ἷὶλιν
2676 2525 2966 2595 ἐπώνυμον
2993 2526 3165 2581 ἔθετο.

2176 2617 2240 2669 Ἠ
2273 2617 2334 2670 ιε’
2369 2618 2498 2686 περὶ
2543 2619 2824 2670 Φενεατῶν
2873 2619 2968 2670 καὶ
3013 2620 3304 2692 Δήμητρος
3330 2621 3427 2675 καὶ
3469 2621 3681 2692 Κόρης,

2088 2709 2157 2780 ἢν
2195 2708 2450 2762 Πλούτων
2487 2710 2744 2780 ἀρπάσας
2795 2712 2886 2763 καὶ
2915 2711 3093 2765 λαθὼν
3124 2713 3224 2784 τὴν
3259 2714 3475 2783 μητέρα
3500 2715 3581 2776 είς
3612 2714 3684 2766 τά

2091 2803 2243 2857 κάτω
2273 2805 2518 2872 βασίλεια
2548 2805 2723 2874 ἤγαγε
2744 2821 2758 2834 ο
2789 2807 2883 2858 καὶ
2930 2806 3006 2868 ὡς
3053 2807 3348 2868 Φενεάταις
3394 2805 3678 2876 μηνύσασι

2089 2895 2345 2966 Δήμητρι
2386 2895 2446 2948 τὸ
2497 2898 2697 2965 χωρίον
2731 2898 2798 2950 δι’
2828 2893 2890 2951 οὗ
2931 2899 2964 2966 ἡ
3006 2897 3231 2960 κάθοδος
3257 2895 3346 2968 (ἦν
3391 2897 3451 2950 δέ
3483 2915 3539 2950 τι
3576 2902 3682 2969 χά-

2092 3003 2205 3054 σμα.
2236 2987 2293 3038 ὲν
2333 2986 2592 3060 Κυλλήνῃ
2616 2987 2681 3057 61)
2716 2988 2852 3042 ἄλλα
2897 3005 2957 3041 τε
3014 2989 3193 3058 ἀγαθά
3233 2990 3547 3060 ἐχαρίσατο,
3586 2990 3685 3042 καὶ

403 3081 479 3137 sit
509 3082 724 3151 largita,
781 3089 894 3133 tum
941 3077 1086 3147 quod
1134 3092 1410 3146 nunquam
1447 3078 1779 3146 pertnissura
1809 3087 1978 3143 esset,

2107 3077 2368 3148 ιηδέποτε
2425 3078 2712 3148 ὑπεριδεῖν
2767 3081 2961 3133 ἑκατὸν
3003 3080 3259 3150 ἄνδρας⁶³
3291 3081 3574 3135 Φενεατῶν
3625 3083 3686 3134 ὲν

405 3184 464 3228 ut
497 3183 716 3229 centum
755 3171 1156 3226 Pheneatenses
1188 3170 1241 3223 in
1274 3169 1412 3223 bello
1439 3173 1718 3223 caderent.

478 3270 642 3321 Sexta
697 3265 904 3319 decima
939 3265 1006 3318 de
1038 3262 1344 3316 Promacho
1375 3261 1488 3334 (88)
1537 3273 1591 3317 et
1646 3262 1989 3318 Leucocoma

413 3360 660 3414 Gnossnis
701 3382 711 3414 ;
753 3360 882 3410 urbs
951 3367 1132 3410 autem
1193 3355 1367 3409 Creta:
1438 3354 1678 3409 Cnossus
1717 3357 1828 3426 (89)
1885 3369 1987 3410 est.

404 3452 684 3518 Quomodo
749 3447 1086 3503 Promachus
1137 3444 1418 3513 pulchrum
1469 3443 1862 3498 Leucocmnam
1905 3449 1991 3500 ad-

404 3548 731 3600 olcscentem
786 3541 1094 3606 adamarit;
1151 3548 1205 3593 et
1245 3539 1517 3606 quomodo
1569 3537 1784 3592 labores
1827 3547 1991 3606 atque

403 3638 702 3691 certamina
733 3635 804 3687 illi
861 3649 1053 3701 magna
1119 3642 1174 3686 et
1212 3630 1579 3700 periculorum
1614 3629 1768 3698 plena
1797 3645 1991 3698 propo-

403 3730 597 3792 suerit,
619 3743 740 3796 qua:
765 3726 948 3778 omnia
972 3724 1310 3778 Proniachus
1322 3722 1564 3791 potiundi
1585 3735 1680 3788 Spe
1699 3725 1989 3790 superarit.

405 3821 508 3887 Qui
540 3819 628 3874 ubi
677 3833 746 3874 ne
799 3833 894 3886 per
939 3819 1054 3870 haec
1111 3816 1328 3885 quidem
1364 3815 1472 3868 voti
1522 3830 1744 3884 compos
1797 3815 1987 3880 evasit,

407 3912 804 3967 Leucocomam
875 3909 1140 3964 vicisssim
1204 3907 1449 3961 molestia
1506 3905 1711 3973 alfecit,
1775 3909 1992 3977 quando

409 4005 654 4059 ultimum
719 4017 876 4055 suum
915 4001 1195 4068 praemium
1232 3997 1406 4068 (galea
1456 4009 1632 4051 autem
1678 4008 1796 4051 erat
1849 3997 1992 4051 fama

410 4093 704 4160 celebrata)
733 4089 888 4144 alteri
915 4090 1134 4141 cuidam
1167 4087 1392 4156 pulchro
1415 4083 1624 4152 juveni,
1656 4082 1993 4138 Leucocoma

407 4197 711 4255 spectante,
768 4184 1044 4253 imposuit.
1121 4180 1259 4234 llinc
1320 4179 1464 4234 enim
1518 4177 1781 4246 zelotypia
1817 4178 1993 4231 victus

407 4281 517 4342 hic,
552 4277 699 4332 ferro
724 4293 782 4330 se
817 4279 929 4346 ipse
961 4272 1258 4328 interemit.

485 4373 725 4438 Septima
801 4369 1030 4424 decima.
1128 4366 1334 4419 Dic.eus
1383 4371 1438 4416 et
1503 4360 1697 4432 Syleus
1758 4360 1989 4427 fratres,

2098 3168 2320 3240 πολέμῳ
2345 3174 2554 3224 πεσεῖν.

2181 3261 2243 3314 Ἦ
2277 3269 2350 3326 ις’
2373 3263 2442 3315 τὰ
2502 3264 2634 3330 περὶ
2686 3266 2980 3336 Προμάχου
3049 3268 3145 3320 καὶ
3195 3268 3525 3337 Λευκοκόμα
3574 3267 3689 3321 τῶν

2101 3355 2396 3409 Κνωσσίων
2427 3357 2604 3426 (πόλις
2631 3358 2690 3410 δὲ
2749 3361 2974 3430 Κρήτης
3011 3361 3044 3430 ἡ
3090 3361 3372 3430 Κνωσσδς)
3403 3361 3685 3428 διέξεισιν,

2097 3445 2171 3508 ὡς
2223 3447 2331 3516 ἤρα
2393 3449 2683 3519 Πρόμαχος
2734 3451 2947 3503 νεανίου
2993 3451 3160 3504 καλοῦ
3200 3451 3295 3505 τοῦ
3331 3453 3687 3522 Λευκοκόμα,

2098 3539 2174 3600 ὡς
2254 3534 2393 3592 ἆθλα
2448 3540 2597 3610 αὑτῷ
2649 3541 2862 3611 μεγάλα
2917 3542 3204 3613 προῦτεινε
3272 3545 3366 3596 καὶ
3423 3544 3692 3597 κινδύνων

2102 3631 2299 3700 μεστὰ,
2351 3632 2427 3694 ὡς
2471 3633 2650 3685 πάντα
2701 3633 2906 3706 ὑπέστη
2938 3637 3228 3706 Πρόμαχος
3258 3636 3433 3689 ἐλπίδι
3461 3638 3558 3689 τοῦ
3587 3652 3688 3687 τυ-

2098 3725 2234 3793 χεῖν,
2275 3724 2350 3786 ὡς
2383 3725 2491 3777 οὐδ’
2523 3725 2666 3778 οὑτω
2688 3727 2733 3758 ⁸³
2762 3729 3041 3797 τυγχάνει,
3091 3730 3185 3782 καὶ
3214 3729 3503 3782 ἁντιλυπεί
3545 3728 3689 3780 Λευ-

2101 3813 2365 3883 κοκόμαν,
2391 3815 2450 3867 τὸ
2473 3816 2786 3870 τελευταῖον
2824 3819 2932 3870 τῶν
2970 3819 3148 3873 ἄθλων
3170 3820 3396 3892 (κράνος
3421 3820 3464 3872 δ’
3488 3815 3560 3891 ἦν
3584 3837 3689 3874 πε-

2097 3903 2371 3975 ριϐόητον)
2426 3904 2529 3977 [ὲν]
2578 3907 2750 3978 ἑτέρῳ
2783 3909 2934 3979 καλῳ
2955 3911 3144 3982 νεανίᾳ.
3171 3912 3411 3980 δρῶντος
3437 3911 3689 3980 περιθεὶς

2098 3993 2193 4047 τοὺ
2223 3995 2550 4067 Λευκοκόμα
2569 4013 2584 4026 ·
2641 3999 2735 4052 καὶ
2775 3998 2833 4062 ὃς
2851 4000 2897 4031 ⁸⁸
2925 4001 3025 4054 οὑκ
3060 4000 3304 4070 ἐνεγκὼν
3334 4000 3436 4072 τὴν
3462 3999 3694 4072 ζηλοτυ-

2102 4083 2234 4138 πίαν
2263 4084 2406 4152 ξίφει
2433 4086 2628 4140 ἑαυτὸν
2664 4087 3011 4158 διεχρήσατο.

2184 4369 2249 4421 ’Π
2278 4367 2366 4434 ιζ’,
2397 4370 2616 4434 Δίκαιος
2657 4374 2752 4427 καὶ
2806 4374 3008 4438 Συλεὺς
3059 4374 3279 4443 ἀδελφοὶ
3306 4415 3322 4440 ,
3348 4377 3687 4440 Ποσειδῶνος

407 4465 638 4536 Neptuni
669 4464 788 4528 lilii,
824 4461 891 4516 ad
923 4461 1142 4516 Peleum
1185 4456 1477 4511 Thessalia:
1512 4465 1750 4508 montem
1783 4456 1989 4510 habita-

2107 4464 2228 4531 υἱοὶ,
2276 4466 2408 4534 περὶ
2443 4467 2716 4536 τὺΠήλιον
2745 4469 2883 4539 ὧρος
2928 4469 3030 4538 τῆς
3079 4468 3380 4532 Θεσσαλίας
3397 4470 3444 4500 ⁵⁵
3483 4469 3681 4540 ᾤκουν.

1729 4587 1960 4646 VARLE
1994 4593 2410 4653 LECTIONES.

473 4727 520 4756 “
549 4718 954 4819 Πρωτεσίλαος)
991 4718 1269 4772 Cononem
1307 4726 1410 4764 non
1445 4710 1851 4780 Πρωτεσίλαος,
1887 4715 1981 4768 sed
2015 4716 2219 4786 οἱπερὶ
2260 4719 2639 4788 Πρωτεσίλαον
2669 4719 2960 4786 scripsisse
2999 4718 3168 4772 videri
3202 4725 3387 4772 monet
3411 4716 3678 4770 Kannius.

543 4798 564 4819 Α
604 4813 616 4819 -
642 4794 750 4819 -.π-η.
783 4809 819 4819 _
912 4791 932 4819 ο
982 4785 1346 4819 annulum-nm
1375 4797 1415 4819 μ-
1468 4781 1696 4819 δῖννόυεηρ
1732 4800 1772 4819 .-
1878 4784 1926 4816 σε
1959 4785 2200 4819 metm...
2260 4788 2498 4819 u......:...
2533 4808 2546 4819 .
2583 4791 2702 4819 t:t...t
2760 4790 2981 4819 nam...”
3081 4791 3125 4819 aa
3183 4789 3361 4819 moti...
3427 4789 3678 4819 undat.”

408 4797 504 4851 καί
533 4798 576 4848 Α
601 4781 618 4847 Ξ
642 4794 750 4846 τῶν
780 4809 842 4856 ς.
912 4781 954 4822 ⁸η
981 4785 1346 4856 αίχμαλώτων
1375 4797 1436 4856 ς.
1468 4781 1696 4856 ΣΔκιό-νης
1719 4800 1794 4856 μς.
1878 4784 1926 4816 ⁸⁸
1959 4781 2200 4838 Ἀεθλίού
2257 4781 2500 4843 Kannins
2533 4808 2546 4844 :
2582 4791 2704 4844 libri
2760 4781 3004 4843 "AéOvou.

1965 4857 2008 4887 "
2027 4857 2227 4926 ἄνδρας
2264 4861 2458 4911 ἑκατόν
2486 4877 2547 4924 ς.
2618 4861 2662 4892 ⁶³
2691 4859 2800 4912 οὐδ’
2818 4861 2862 4912 Α
2892 4878 2902 4911 :
2929 4859 2972 4913 δ’
2997 4858 3111 4912 οὐδ’
3129 4875 3189 4922 ς.
3264 4856 3309 4888 ⁵³
3332 4858 3389 4920 ὃς
3417 4859 3462 4912 Α
3488 4877 3504 4914 :
3527 4859 3601 4921 ὡς
3628 4876 3687 4922 ς.

412 4885 471 4927 ς.
545 4865 591 4896 ιο
613 4851 820 4924 Ἡλεῖοξ
852 4851 1109 4930 ΙΙιιγιιὶὑέ.
1127 4929 1148 4930 Π
1181 4857 1221 4885 ⁶¹
1246 4853 1465 4930 Κύλήνη
1488 4851 1563 4904 A:
1590 4851 1799 4922 Κυλίνη
1824 4871 1883 4917 ς’.

415 4924 460 4969 ἀι
492 4935 593 5005 τῆς
653 4924 956 4992 Θεσσαλίας
996 4935 1042 4981 A
1079 4924 1419 4981 εθεσσαλίαν
1481 4939 1543 4986 ς·

3081 4791 3125 4820 δι’
3183 4789 3361 4840 malim
3419 4789 3688 4840 Αἰτωλίαν

1960 5013 2196 5072 ΝΟΤᾸΕ.

478 5144 594 5216 (79)
631 5139 1158 5216 _Stephan-__Byzant-
1193 5134 1380 5216 63516!“
1412 5132 1462 5216 ‘3!
1489 5129 1721 5216 ξκιιδγη-
1758 5143 1848 5216 .,..‘

484 5201 598 5286 (eo)
631 5201 866 5269 Pausan.
887 5201 1021 5264 ubi;
1043 5205 1274 5258 Ειίαε.ει
1315 5203 1622 5270 Apollodor.
1652 5201 1705 5256 in
1748 5201 2002 5256 Biblioth.

420 5289 658 5344 Aetliutn
690 5294 905 5338 vocant.

483 5361 598 5427 (8t)
632 5355 868 5409 Pausan.
899 5350 976 5427 Eho
987 5348 1241 5427 rycyden.

478 5412 594 5498 (8‘2)
628 5427 815 5498 §teph.
867 5412 1220 5498 a_Salttiotieti
1255 5416 1405 5472 Pissa
1437 5416 1651 5486 pulsum
1712 5412 1885 5469 refert
1933 5414 1985 5468 in

416 5493 591 5553 Αἰίοιζ
625 5493 768 5565 Lege
799 5505 854 5549 et
880 5493 1114 5546 Pausan.
1158 5502 1280 5556 sup.

484 5569 593 5637 (85)
633 5566 827 5620 Strabo
855 5565 958 5637 lib.
984 5578 1036 5616 Χ.

485 5633 594 5707 (84)
634 5638 865 5692 Pausan.
896 5633 1071 5707 la‘letu.

485 5700 597 5775 (8:3,)
641 5708 880 5775 Pansan.
910 5700 1187 5756 Eustratlt.

484 5766 596 5850 (δῦ)
643 5781 827 5847 b‘tt-ph.
861 5774 1124 5829 Pheneum
1152 5775 1204 5826 in
1234 5768 1463 5824 Arcadia
1500 5769 1671 5837 ponit,
1698 5778 1750 5824 et
1776 5766 1997 5836 quidem

2114 5141 2211 5194 sub
2243 5139 2463 5211 Cyllene
2490 5153 2694 5198 monte.

2179 5210 2298 5281 (87)
2360 5213 2635 5282 Cyllenem
2680 5213 2931 5268 Arcadiae
2980 5221 3219 5267 montem
3277 5225 3343 5265 ex
3398 5210 3586 5282 Strab.
3645 5220 3695 5263 ct

2098 5281 2303 5407 eS‘tepli.
2335 5281 2574 5354 intelligo
2603 5305 2615 5340 :
2645 5286 2788 5354 apud
2817 5299 2978 5354 quem
3031 5283 3212 5354 Stygis
3258 5296 3441 5352 aquae,
3480 5281 3691 5335 Eustat.

2186 5370 2213 5403 ιι
2243 5369 2299 5404 ιι.

2166 5387 2592 5496 (88)Ἀιιξιιεει·ο
2667 5425 2919 5496 videntur
2985 5426 3126 5480 hanc
3198 5422 3440 5496 fabulam
3505 5421 3694 5496 Strabo

2102 5492 2199 5547 lib.
2219 5509 2274 5557 ιι,
2299 5510 2365 5546 ex
2395 5494 2771 5563 TheOphrasto
2789 5495 2864 5550 De
2891 5512 3088 5557 amore.
3115 5503 3171 5550 et
3195 5495 3338 5548 Plut.
3368 5492 3689 5563 Ἶὲρωῖικῷε

2105 5565 2246 5643 apud
2296 5579 2431 5632 quos
2474 5557 2833 5620 Eu'xiathetus
2883 5583 2981 5637 pro
3025 5569 3130 5621 hoc
3182 5557 3489 5611 PNIIIaChO
3533 5558 3690 5611 indu-

2300 5703 2494 5761 Minois
2522 5707 2690 5775 regia.
2724 5706 2878 5757 llotn.
2915 5709 2968 5755 et
3005 5699 3117 5754 alii.
3157 5695 3290 5753 Vide
3320 5696 3505 5753 Strab.
3534 5711 3672 5768 supr.
