3932 6240
306 267 394 335 557

1309 256 1838 318 BIBLIOTHECA.
1879 279 1949 291 -·
1990 254 2154 316 COD.
2187 253 2543 315 CLXXXVI.

3436 251 3540 316 558

311 387 398 439 Καὶ
420 376 490 455 ἦν
526 383 556 435 ό
596 382 696 452 μὲν
715 379 946 444 δίκαιος,
975 376 1071 431 καὶ
1098 376 1174 440 ὡς
1216 374 1551 444 ὠνομάζετο,
1583 371 1727 427 οὕτω
1758 370 1856 424 καὶ

1971 371 2108 423 bant.
2152 367 2208 421 In
2233 369 2318 424 his
2341 369 2550 423 Dicaeus
2576 365 2689 437 (90)
2717 365 2933 435 quidem
2982 376 3122 430 erat,
3169 365 3311 436 quod
3341 380 3538 421 nomen

306 476 388 549 ἦν·
436 474 608 528 Συλέα
661 474 720 528 δὲ
781 473 1042 544 ὑϐριστὴν
1097 469 1226 523 ὄντα
1293 469 1572 540 Ἡρακλῆς
1623 466 1859 535 ἀναιρεῖ,

305 566 560 631 Ξενίζεται
583 567 626 618 δ’
660 564 766 619 ὑπὸ
798 563 1044 628 Δικαίου,
1071 563 1162 616 καὶ
1196 562 1298 632 ἐρᾷ
1324 561 1424 630 τῆς
1454 557 1663 620 Σολέως
1687 557 1860 624 θυγα⁸

305 659 434 731 τρδς,
465 657 590 711 ἰδὼν
609 657 780 730 αὐτὴν
808 657 938 726 παρ’
961 654 1109 725 αὐτῷ
1129 650 1496 724 τρεφομένην,
1531 651 1625 703 καὶ
1670 649 1863 716 ἀγεται

303 756 372 816 είς
425 754 680 819 γυναῖκα.
726 750 793 802 Ἡ
843 749 901 802 δὲ
939 746 1392 818 ἀποδημήσαντος
1457 741 1788 814 Ἡρακλέους
1816 741 1862 772 ⁸⁸

303 845 369 914 τῷ
389 844 513 912 περὶ
543 843 708 896 αὑτὸν
738 841 903 912 ἔρωτι
943 840 1039 895 καὶ
1071 839 1222 910 πόθῳ
1254 835 1558 910 βαλλομένη
1601 835 1826 905 θνήσκει
1845 851 1859 864 ’

303 938 385 991 καὶ
418 935 512 986 ἐπὶ
562 935 860 1006 προσφάτῳ
929 935 996 1004 τῇ
1043 932 1235 1003 κηδείᾳ
1287 928 1523 984 ἐπανιὼν
1579 927 1702 1000 [222
1769 925 1864 998 Η.]

309 1026 572 1098 Ἡρακλῆς
611 1024 836 1096 ἔμελλεν
873 1024 1039 1079 αὑτὸν
1085 1024 1152 1094 τῇ
1197 1023 1356 1095 πυρᾷ
1413 1019 1862 1090 συγκατακαίειν,

299 1123 340 1174 εὶ
379 1119 451 1191 μὴ
505 1122 556 1172 oi
599 1119 867 1189 παρόντες
899 1118 1080 1186 λόγοις
1113 1115 1496 1189 παρηγοροῦσι
1545 1115 1695 1184 μόλις
1729 1115 1866 1166 ὲκώ-

298 1213 472 1264 λυσαν.
515 1210 630 1263 Καὶ
665 1210 996 1275 ἀπελθόντος
1037 1209 1373 1281 Ἡρακλέους
1398 1208 1444 1239 ⁸⁷
1487 1207 1550 1260 τὸ
1580 1208 1730 1276 σῆμα
1766 1205 1868 1274 τῆς

298 1301 450 1372 κόρης
488 1302 538 1354 οἱ
581 1301 864 1372 πρόσοικοι
897 1301 1342 1372 περιεδείμαντο,
1374 1299 1470 1352 καὶ⁸
1499 1299 1623 1352 ἀντὶ
1648 1297 1868 1368 μνήμαο

293 1412 378 1458 τος
406 1393 552 1464 ἱερὸν
597 1393 935 1465 Ἡρακλέους
958 1392 1268 1464 ἀπέφηναν.

368 1571 432 1624 Ἦ
475 1577 573 1641 ιη’,
626 1571 829 1642 Λοκροὶ
884 1570 1203 1642 μαχόμενοι,
1233 1569 1359 1623 ἐπεὶ
1392 1568 1659 1638 συγγενὴς
1685 1568 1865 1630 αὐτοῖς

1964 473 2180 527 quoque
2209 456 2449 528 praefert,
2495 457 2674 526 justus
2710 473 2724 510 :
2760 455 2978 528 Syleum
3029 455 3218 527 133D
3270 471 3401 510 vero
3452 455 3541 510 in-

1954 550 2158 620 .juriam
2209 551 2322 622 (9|)
2374 551 2494 606 aliis
2548 549 2872 604 inferentem
2933 549 3194 605 Hercules
3245 549 3538 604 interfecit.

1965 650 2009 703 A
2040 648 2219 702 υἱοωο
2240 647 2436 702 deinde
2468 646 2707 717 hospitio
2747 655 3030 715 exceptus,
3083 654 3137 699 et
3190 659 3376 699 amore
3420 643 3543 698 lilia:

1968 741 2109 811 Sylei
2131 741 2263 813 (92),
2287 757 2450 811 quam
2467 741 2608 808 apud
2643 740 2788 793 illum
2825 739 3044 794 educari
3075 739 3305 802 viderat,
3331 746 3541 807 captus,

1967 849 2190 889 uxorem
2246 848 2365 887 eam
2395 834 2569 888 duxit.
2645 832 2742 887 llla
2798 833 3014 886 interim
3065 845 3286 900 peregre
3334 831 3546 899 agentis

1967 924 2216 982 Herculis
2261 925 2530 981 desiderio
2574 939 2869 994 amoreque
2919 925 3125 990 saucia,
3189 923 3416 979 interiit.
3465 920 3544 977 lbi

1969 1018 2231 1074 Hercules
2263 1033 2388 1074 cum
2434 1032 2629 1073 recens
2663 1026 2890 1071 mortuae
2943 1015 3120 1070 funeri
3153 1014 3297 1070 forte
3328 1014 3546 1070 rediens

1968 1110 2376 1174 intervenisset,
2409 1110 2464 1164 in
2489 1110 2666 1180 ignem
2693 1124 2796 1162 una
2819 1094 3164 1163 cremandum
3187 1121 3246 1162 se
3280 1107 3548 1179 conjecis—

1967 1209 2070 1267 set,
2128 1201 2231 1256 nisi
2257 1201 2348 1270 qui
2372 1201 2601 1256 aderant
2657 1200 2950 1269 exsequiis,
3000 1214 3143 1270 aegre
3183 1200 3401 1254 tandem
3433 1199 3547 1254 dis-

1967 1293 2265 1356 suadendo,
2325 1293 2751 1362 prohibuissent.
2831 1289 3006 1346 Vicini
3068 1306 3253 1360 porro,
3311 1291 3546 1346 Hercule

1963 1385 2076 1456 jam
2099 1386 2366 1457 profecto,
2409 1385 2598 1456 puellae
2640 1385 2946 1455 sepulcrum
2975 1383 3202 1439 aedificio
3235 1385 3544 1451 cinxerunt,

1969 1492 2033 1533 ac
2055 1494 2152 1548 pro
2185 1487 2535 1534 monumento
2567 1478 2752 1533 fanum
2785 1477 3034 1532 Herculis
3071 1476 3387 1533 effecerunt.

2033 1570 2236 1628 Octava
2283 1573 2491 1627 decima
2530 1587 2548 1627 :
2585 1569 2743 1626 Locri
2800 1577 3122 1639 pugnantes,
3168 1571 3314 1639 quod
3374 1566 3552 1637 gentis

293 1663 416 1729 Δίας
459 1659 554 1734 ἦν,
580 1665 639 1716 ἐν
685 1665 754 1735 τῇ
798 1662 1105 1735 παρατάξει
1152 1660 1338 1734 χώραν
1381 1661 1543 1733 κενὴν
1582 1661 1766 1726 ἐῶσιν,
1791 1659 1864 1723 ὡς

1971 1666 2210 1736 ejusdem
2240 1665 2376 1734 Aiax
2407 1665 2590 1730 fuerit,
2633 1665 2688 1718 in
2737 1664 2854 1719 acie
2905 1665 3170 1718 instructa
3215 1674 3444 1716 vacuum
3469 1659 3547 1715 illi

1891 1717 1940 1778 B

291 1757 442 1826 δῆθεν
494 1755 636 1819 Ala;
685 1757 746 1808 ἐν
878 1755 1301 1826 παρατάττοιτο.
1360 1752 1866 1825 Παρατεταγμένων

1972 1758 2148 1811 locum
2178 1756 2490 1826 relinquere
2509 1755 2707 1819 solent,
2747 1755 2969 1822 perinde
2993 1767 3056 1806 ac
3083 1751 3129 1807 si
3159 1751 3223 1805 'in
3251 1758 3323 1805 eo
3357 1750 3548 1804 ordine

294 1848 379 1902 οὖν
413 1851 471 1902 ἐν
513 1851 587 1920 τῇ
613 1847 750 1920 πρὸς
789 1848 1177 1918 Κροτωνιάτας
1211 1847 1380 1919 μάχῃ,
1407 1844 1689 1898 Αὐτολέων
1717 1845 1866 1914 Κρο-

288 1940 556 2010 τωνιάτης
603 1938 882 2010 ἠϐουλήθη
937 1938 1027 1992 διά
1081 1938 1175 1992 τοῦ
1232 1937 1601 2000 διαλείποντος
1651 1937 1871 1990 διεκπε-

291 2028 453 2082 σεῖν⁶⁸
489 2030 698 2100 μέρους
759 2032 858 2083 καὶ
905 2029 1294 2084 κυκλώσασθαι
1363 2031 1491 2093 τοὺς
1551 2027 1865 2098 πολεμίους.

251 2155 254 2157 λ
289 2121 526 2192 Τρωθεὶς
579 2121 625 2174 δ’
668 2121 774 2176 ὑπὸ
818 2123 1106 2191 φάσματος
1134 2123 1226 2176 τὸν
1270 2121 1443 2192 μηρὸν
1484 2121 1778 2191 ἀπετράπη
1797 2119 1867 2180 ⁶⁹ς

287 2215 376 2266 καὶ
405 2214 800 2282 ἐσφακέλιζεν,
833 2215 938 2278 ἕως
971 2215 1038 2269 ἂν
1061 2214 1212 2277 ,κατά
1248 2213 1496 2284 χρησμὸν
1543 2215 1622 2276 εἰς
1666 2212 1766 2283 τὴν
1811 2214 1869 2264 ἐν

285 2304 467 2374 Πόντῳ
498 2305 800 2375 Ἀχίλλειον
829 2308 992 2375 νῆσον
1015 2305 1155 2374 (ἐστι
1178 2307 1222 2358 δ’
1249 2303 1388 2374 αὕτη
1424 2304 1870 2374 παραπλεύσαντι

284 2397 373 2450 τὸν
405 2399 630 2468 Ἵστρον
675 2397 815 2469 ὑπὲρ
847 2400 947 2467 τῆς
989 2396 1294 2467 Ταυρικῆς)
1339 2397 1520 2448 ἐκεῖσε
1555 2411 1870 2466 παραγεγο-

285 2485 406 2554 νὼς,
432 2490 530 2542 καὶ
566 2488 700 2550 τούς
724 2506 783 2540 τε
815 2488 1013 2552 ἄλλους
1036 2489 1227 2559 ἥρωας
1266 2486 1736 2558 ἐκμειλιξάμενος,
1769 2487 1872 2554 μά-

283 2581 435 2634 λιστα
475 2581 536 2634 δὲ
585 2579 687 2650 τὴν
719 2581 948 2644 Αἴαντος
973 2579 1070 2634 τοῦ
1095 2579 1309 2651 Λοκροῦ
1337 2579 1540 2650 ψυχὴν,
1574 2578 1720 2648 ἰάθη.
1752 2578 1871 2632 Κά-

283 2671 454 2724 κεῖθεν
481 2671 768 2734 ἐξιόντατο
793 2671 1160 2740 ἀπαγγέλλειν
1186 2670 1348 2724 αὑτὸν
1378 2671 1694 2740 Στησιχόρῳ
1727 2668 1872 2721 Ἐλέη-

280 2781 341 2834 νη
387 2762 620 2816 κελεύει
658 2763 759 2832 τὴν
797 2766 879 2828 εἰς
918 2764 1088 2833 αὐτὴν
1115 2763 1281 2835 ᾅδειν,
1311 2765 1360 2816 εἰ
1400 2763 1547 2831 φιλεί
1573 2763 1671 2823 τὰς
1698 2762 1871 2832 ὄψεις,

281 2856 648 2928 παλινῳδίαν.
688 2857 1020 2926 Στησίχορος
1070 2856 1116 2909 δ’
1147 2856 1346 2910 αὐτίκα
1401 2855 1603 2926 ὕμνους
1655 2855 1873 2924 Ἑλένης

276 2949 565 3003 συντάττει
605 2950 702 3003 καὶ
727 2950 828 3020 τὴν
861 2948 983 3018 ὄψιν
1016 2948 1426 3019 ἀνακομίζεται.

351 3129 418 3183 Ἦ
459 3130 528 3183 ιθ¹
552 3131 640 3194 ὡς
671 3128 914 3200 Ψαμάθη
945 3131 978 3200 η
1022 3127 1383 3198 Κροτώπου⁷¹
1437 3128 1497 3195 ἐξ
1534 3125 1868 3190 ’Λπόλλωνος

275 3219 416 3287 κύει,
449 3223 553 3275 καὶ
591 3223 855 3285 τεκοῦσα,
894 3222 1018 3274 ἐπεὶ
1041 3222 1132 3274 τὸν
1163 3223 1378 3292 πατέρα
1407 3221 1692 3286 ἐδεδοίκει,
1724 3219 1871 3273 ἐκτί-

275 3313 447 3379 θεται,
479 3315 652 3368 Λίνον
691 3315 1027 3384 ὀνομάσασα.
1076 3314 1188 3368 Καὶ
1233 3315 1262 3366 ό
1316 3312 1608 3382 δεξάμενος
1666 3312 1870 3382 ποιμὴν

275 3404 348 3466 ὡς
379 3405 516 3458 ῐδιον
549 3405 850 3476 ἀνέτρεφε,
880 3405 974 3458 καί
1008 3422 1140 3458 ποτε
1189 3405 1238 3457 οἱ
1287 3405 1386 3475 τῆς
1425 3405 1666 3476 ποίμνης
1710 3404 1872 3466 κύνες

269 3495 582 3552 διέσπασαν
622 3498 812 3553 αὐτόν.
857 3499 923 3552 Ἦ
957 3500 1014 3552 δὲ
1051 3497 1493 3568 ὑπερπαθήσασα
1545 3497 1872 3567 κατάφωρος

271 3587 483 3654 γίνεται
496 3591 585 3660 τῷ
602 3593 649 3622 ⁷³
679 3592 866 3662 πατρὶ,
895 3591 991 3644 καὶ
1012 3590 1224 3654 δικάζει
1241 3592 1380 3661 αὐτῇ
1401 3591 1650 3655 θάνατον,
1669 3607 1875 3661 πεπορ-

268 3678 493 3733 νεῦσθαι
548 3684 654 3735 καὶ
709 3683 1143 3753 καταψεύδεσθαι
1190 3683 1358 3754 αὐτὴν
1395 3681 1727 3744 ’Λπόλλωνος
1757 3683 1874 3753 οίη-

269 3769 403 3833 θείς.
449 3775 753 3828 Ἀπόλλων
791 3775 848 3828 δὲ
893 3776 973 3847 τῷ
1003 3759 1410 3846 τῆςέρωμένης
1440 3775 1586 3844 φόνῳ
1614 3773 1874 3844 χολωθεὶς

267 3860 394 3935 [455
426 3867 527 3938 R.]
559 3866 748 3936 λοιμῷ
776 3868 996 3932 κολάζει
1049 3869 1178 3931 τοὺς
1216 3867 1516 3939 Ἀργείους.
1569 3868 1680 3921 Καὶ
1728 3883 1874 3937 χρω-

268 3960 454 4026 μένοις
509 3962 670 4033 ύπὲρ
715 3955 1033 4031 ἀπαλλαγῆς
1074 3961 1351 4033 Ψαμάθην
1393 3961 1573 4015 ἀνεῖλε
1600 3961 1698 4014 καὶ⁹
1718 3959 1876 4015 Λίνον

1967 1849 2324 1906 constitisset.
2379 1848 2454 1901 Ita
2505 1862 2636 1917 ergo
2676 1861 2801 1901 cum
2843 1844 3085 1900 ordinati.
3119 1851 3330 1899 starent
3382 1841 3435 1896 in
3481 1854 3547 1896 eo

1967 1941 2163 2012 proelio
2185 1941 2328 2010 quod
2353 1939 2487 2010 ipsis
2511 1953 2634 1994 cum
2666 1937 2997 1992 Crotoniatis
3024 1935 3150 2000 fuit,
3178 1934 3348 1989 voluit
3374 1935 3522 1988 Auto

1969 2035 2088 2090 leon
2110 2034 2450 2089 Crotoniates
2471 2047 2569 2102 per
2587 2046 2813 2085 vacuam
2837 2029 2979 2084 illam
3007 2039 3213 2098 partem
3239 2040 3543 2096 erumpere,

1970 2128 2265 2196 hostesque
2309 2127 2548 2195 cingere.
2619 2122 2816 2178 Verum
2840 2138 2870 2176 a
2896 2133 3113 2192 spectro
3145 2121 3456 2176 vulneratus
3489 2120 3543 2174 in

1970 2221 2199 2287 femore,
2248 2219 2382 2290 fugit
2418 2230 2578 2289 atque
2605 2217 2990 2272 contabescere
3036 2216 3222 2285 cmpit,
3277 2215 3450 2270 donec
3476 2230 3545 2271 ex

1971 2314 2191 2369 oraculo
2232 2314 2286 2368 in
2321 2312 2552 2370 insulam
2599 2311 2758 2367 Ponti
2815 2310 3116 2366 Achilleum
3159 2308 3302 2380 (quae
3352 2306 3544 2362 Istrum

1970 2407 2450 2478 praeternaviganti
2496 2422 2656 2476 supra
2693 2404 2979 2459 Tauricam
3011 2403 3114 2459 sita
3153 2401 3280 2472 est),
3313 2401 3545 2468 delatus,

1972 2516 2092 2556 cum
2148 2501 2283 2554 alios
2343 2499 2413 2553 ibi
2477 2497 2689 2563 heroas,
2757 2506 2866 2549 tum
2901 2509 3030 2549 vero
3083 2492 3318 2546 maxime
3370 2489 3548 2558 Ajacis

1972 2592 2262 2648 Locrensis
2316 2605 2498 2644 manes
2535 2589 2816 2658 placando,
2850 2598 3069 2642 sanatus
3095 2596 3196 2642 est.
3256 2585 3546 2641 Decedenti

1972 2691 2151 2734 autem
2187 2678 2310 2732 inde
2344 2676 2542 2732 Helena
2577 2676 2849 2747 negotium
2879 2677 3047 2740 dedit,
3077 2675 3386 2732 Stesichoro
3434 2675 3547 2745 (93)

1972 2782 2031 2825 ut
2062 2772 2352 2834 nuntiaret,
2399 2771 2444 2824 si
2475 2770 2664 2824 oculos
2707 2778 3090 2838 aspcctumque
3115 2780 3345 2835 amaret,
3376 2769 3549 2840 palin-

1971 2864 2150 2918 odiam
2219 2861 2410 2918 eorum
2463 2873 2719 2927 caneret,
2772 2877 2892 2931 qua:
2938 2864 2994 2918 in
3042 2878 3103 2919 se
3157 2865 3546 2934 conspexisset.

1976 2954 2325 3010 Stesichorus
2357 2956 2523 3022 igitur
2549 2956 2834 3012 confestim
2862 2958 3088 3028 hymnos
3118 2957 3171 3010 in
3195 2955 3410 3012 Helena:
3436 2957 3554 3010 lau-

1895 3067 1941 3131 C
1975 3050 2097 3103 dem
2129 3049 2451 3118 composuit,
2484 3047 2873 3117 oculorumque
2907 3048 3086 3102 lumen
3119 3051 3477 3118 recuperavit.

2037 3138 2189 3196 Nona
2215 3141 2421 3196 decima
2451 3139 3134 3212 :Psamathe(94)Crot0pi
3170 3142 3277 3195 filia
3309 3157 3373 3195 ex
3392 3139 3552 3210 Apol-

1966 3232 2076 3288 line
2123 3235 2346 3304 gravida
2400 3235 2632 3302 peperit,
2689 3244 3009 3302 patremque
3067 3233 3237 3288 verita
3288 3231 3549 3301 infantem

1967 3325 2241 3396 exposuit,
2283 3324 2402 3379 Lini
2458 3325 2887 3379 nomineindito.
2925 3322 3114 3378 Pastor
3146 3331 3416 3392 repertum
3454 3336 3553 3391 pro

1969 3430 2071 3470 suo
2117 3417 2403 3478 educavit,
2456 3416 2550 3470 sed
2593 3415 2775 3485 gregis
2811 3428 2972 3468 canes
3015 3412 3275 3467 infantem
3307 3413 3445 3466 forte
3472 3411 3550 3465 la-

1971 3517 2252 3562 cerarunt.
2302 3507 2397 3560 llla
2446 3522 2575 3561 vero
2627 3523 2748 3560 cum
2794 3506 2980 3560 dolore
3024 3520 3091 3559 ex
3125 3519 3190 3560 eo
3224 3504 3379 3558 valde
3400 3519 3552 3559 com-

1971 3610 2302 3666 moveretur,
2349 3601 2778 3668 deprehenditur
2810 3616 2838 3654 a
2873 3611 3047 3669 patre,
3100 3599 3192 3667 qui
3243 3608 3552 3666 corruptam

1971 3707 2114 3754 eam,
2165 3702 2221 3746 et
2275 3691 2413 3746 falso
2443 3693 2497 3744 in
2530 3691 2832 3760 Apollinem
2865 3691 3050 3744 vitium
3083 3689 3288 3744 referre
3318 3689 3552 3743 arbitra-

1976 3788 2080 3842 tus.
2101 3780 2295 3851 capitis
2321 3780 2566 3834 damnat.
2597 3779 2776 3846 Quare
2792 3778 3001 3848 Apollo,
3026 3779 3096 3833 oh
3128 3787 3322 3831 amatae
3352 3777 3552 3831 caedem

1974 3873 2055 3926 ira
2081 3880 2406 3936 commotus,
2437 3880 2594 3942 peste
2632 3870 2860 3940 Argivos
2909 3871 3140 3937 vexavit,
3167 3868 3556 3937 consultusque

1976 3966 2043 4018 de
2071 3966 2487 4020 averruncando
2542 3964 2705 4029 malo,
2753 3963 3076 4018 Psamathen
3134 3972 3188 4017 et
3217 3961 3409 4018 Linum
3441 3961 3556 4033 pla-

264 4049 629 4108 ίλάσκεσθαι.
671 4056 735 4106 0i.
766 4055 822 4106 δὲ
849 4055 917 4108 τά
943 4071 1002 4106 τε
1047 4055 1183 4108 ἄλλα
1228 4056 1494 4126 ἐτίμησαν
1523 4054 1742 4118 αὐτοὺς,
1782 4054 1878 4106 καὶ

263 4143 465 4209 γύναια
498 4147 633 4217 ἅμα
679 4147 870 4216 κόραις
917 4146 1168 4215 ἔπεμπον
1225 4146 1445 4217 θρηνεῖν
1496 4146 1686 4200 Λίνον·
1720 4145 1778 4199 αἱ
1821 4145 1878 4197 δὲ

261 4237 505 4310 θρήνους
547 4239 901 4304 ἀντιϐολίαις
940 4241 1202 4309 μιγνῦσαι
1253 4239 1350 4303 τάς
1395 4258 1452 4292 τε
1503 4239 1728 4292 ἐκείνων
1783 4239 1878 4290 καὶ

253 4329 354 4392 τὰς
387 4335 693 4402 σφετέρας
732 4332 1014 4384 ἀνέκλαιον
1042 4330 1232 4400 τύχας.
1277 4333 1385 4384 Καὶ
1437 4330 1610 4393 οὕτως
1659 4325 1729 4400 ἦν
1784 4331 1876 4383 ἐκο

259 4423 487 4492 πρεπὴς
521 4424 555 4476 ὁ
584 4423 696 4474 ἐπὶ
723 4421 870 4492 Λίνῳ
902 4422 1118 4491 θρῆνος,
1143 4423 1220 4484 ὡς
1270 4422 1368 4476 ἀπ’
1393 4421 1617 4474 ἐκείνων
1646 4421 1740 4473 καὶ
1768 4420 1869 4482 τοῖς

1987 4424 2078 4477 sed
2102 4436 2198 4476 sua
2225 4424 2390 4477 etiam
2428 4422 2726 4477 infortunia
2771 4421 3144 4488 deplorabant.
3180 4420 3331 4474 Adeo
3376 4426 3555 4472 autem

256 4511 452 4566 ἔπειτα
508 4515 792 4583 ποιηταῖς
836 4519 1036 4578 παντὸς
1079 4512 1290 4576 πάθους
1341 4511 1662 4584 παρενθήκη
1719 4511 1869 4573 Λίνος

1987 4514 2240 4568 decenter
2254 4512 2444 4568 Linum
2480 4514 2584 4568 illae
2609 4514 2887 4578 luxerunt,
2913 4523 2972 4565 ut
2997 4526 3062 4565 ex
3081 4525 3146 4565 eo
3173 4526 3202 4564 a
3229 4509 3400 4579 poetis
3421 4507 3558 4577 (95),

1977 4059 2184 4114 candos
2214 4057 2515 4127 respondit.
2577 4056 2657 4112 Illi
2685 4072 2815 4112 vero
2842 4068 3037 4125 prazter
3067 4065 3293 4111 caeteros
3325 4055 3558 4109 honores

1977 4146 2084 4201 illis
2113 4146 2407 4211 exhibitas,
2481 4145 2712 4200 feminas
2759 4147 2922 4200 etiam
2976 4159 3097 4199 cum
3147 4143 3444 4213 virginibus
3489 4143 3558 4196 ad

1978 4238 2171 4293 Linum
2225 4239 2617 4307 deplorandum
2662 4239 2929 4293 miserunt
2962 4256 2974 4290 :
3006 4253 3124 4305 qua:
3156 4251 3278 4291 cum
3312 4235 3561 4305 deplora-

1982 4331 2154 4384 tiones
2173 4332 2624 4386 obtestationibus
2651 4331 2968 4393 miscerent,
2992 4344 3098 4383 non
3123 4329 3336 4383 illorum
3355 4328 3558 4388 solum,

1607 4688 1849 4744 VARIIE
1888 4687 2295 4743 LECTIONES.

342 4834 391 4866 ⁸⁸
441 4831 796 4904 Ἡρακλέως
817 4831 864 4885 Α
896 4850 907 4884 :
953 4829 1251 4950 'HEpaxléo;
1283 4846 1342 4892 ς.
1413 4825 1456 4859 ⁸⁷
1488 4828 1787 4950 Ἢὲακλέος
1813 4845 1873 4892 ς.
1949 4827 1996 4860 ⁸⁸
2019 4829 2271 4881 ἐκπεσεῖν
2298 4845 2358 4890 ς.
2442 4828 2486 4862 ⁸9
2518 4829 2779 4902 ἀπεσάπη
2831 4830 3080 4886 Pierson.
3138 4831 3306 4888 Moer.
3335 4833 3458 4890 add.
3505 4841 3562 4889 et

342 4908 459 4950 ϊὶσ-
491 4906 569 4950 ad
603 4918 666 4950 ι)-
698 4901 824 4950 542.
899 4901 944 4932 ⁷⁰
976 4903 1001 4950 ὲ
1043 4897 1219 4950 ιώνΑ.
1297 4899 1338 4930 ⁷¹
1368 4898 1542 4950 Tuan
1584 4917 1616 4950 η
1664 4901 1698 4950 ἡ
1726 4899 2014 4950 Κοοτόπου
2063 4901 2126 4950 A.
2185 4899 2248 4929 ·⁷²
2275 4897 2375 4950 ’τῶῖ
2419 4901 2510 4950 καὶ¹
2539 4899 2617 4950 τῶ
2643 4901 2708 4950 Α.
2782 4916 2784 4919 ·

251 4908 459 4976 corrig.
491 4897 569 4959 a‘d
603 4918 666 4971 ι).
698 4901 824 4956 542.
899 4901 944 4932 ⁷⁰
976 4897 1219 4964 ἐξιώνΑ.
1297 4899 1338 4930 ⁷¹
1368 4897 1616 4970 Ψαμήθη
1664 4901 1700 4969 ὴ
1726 4899 2014 4968 Κροτόπου
2063 4901 2126 4952 A.
2185 4899 2248 4929 ·⁷²
2275 4897 2376 4972 τῷ]
2419 4901 2510 4954 mi.
2539 4899 2617 4970 τῷ
2643 4901 2708 4953 Α.
2766 4897 2784 4919 ⁷·

1801 5032 2016 5090 NOTAE.

323 5162 444 5234 (90)
489 5161 760 5216 Dicaeam
786 5155 1018 5234 Thracia
1071 5153 1262 5207 urbem
1305 5148 1388 5204 ab'
1409 5149 1511 5204 hoc
1533 5161 1726 5202 nomen
1763 5158 1873 5202 tra-
1985 5148 2257 5234 Helpliz‘est.
2287 5149 2538 5234 inf._.cod.
2574 5149 2695 5234 i9_0.

251 5220 398 5289 xis‘se
424 5220 644 5300 Steph.
687 5227 857 5300 tradit
884 5227 935 5279 in
963 5238 1025 5300 ea
1055 5237 1208 5300 voce.
1248 5293 1260 5300 _
1374 5289 1395 5300 _
1459 5289 1471 5300 .
1553 5297 1563 5300 _
1680 5299 1685 5300 γ
2053 5220 2164 5288 (94)
2201 5220 2578 5300 Narrationem
2635 5222 2770 5273 hanc
2811 5236 2942 5300 cum
2995 5222 3226 5278 Pausau.
3289 5224 3340 5276 in
3393 5225 3560 5283 Attia.

306 5305 424 5376 (9i)
466 5289 829 5376 Peregrinos
859 5293 1352 5376 perlAulidemIiter
1371 5289 1662 5376 facientes,1
1673 5299 1875 5376 terrain
1987 5304 2305 5376 comparare
2337 5291 2567 5376 pretium
2601 5306 2780 5376 apem,
2808 5292 2988 5374 [ηπειῖ

251 5359 441 5430 τοδετέ
474 5359 1330 5439 compulisse'refert_Apollod.
1389 5361 1485 5414 lib.
1518 5375 1558 5413 ιι
1615 5359 1874 5414 ΒίὺιίοιΙι.
2054 5359 2356 5439 (-9_5LQuod_
2381 5369 2577 5439 printer
2601 5360 3381 5439 HomerumetiainHesiodus
3401 5363 3562 5439 docet

309 5429 429 5510 (92$
462 5429 815 5510 Xenodiceu
845 5448 1021 5510 tamen
1055 5429 1200 5503 Sylei
1233 5432 1400 5487 filiam
1430 5445 1535 5484 una
1569 5444 1691 5485 cum
1722 5442 1878 5500 patre
1980 5432 2120 5510 apud
2149 5431 2398 5510 Eustath.
2432 5429 2827 5510 ad_vers._570,
2862 5430 3026 5510 Iliad.
3061 5434 3118 5488 Σ.
3156 5432 3256 5510 Ubi
3293 5434 3446 5510 plura
3493 5436 3561 5490 de

251 5499 501 5566 occisam
545 5509 772 5575 scribit
792 5507 1037 5575 Apullod.
1071 5499 1220 5572 supr.
1303 5570 1343 5575 __
1384 5570 1394 5575 _
1622 5567 1652 5575 _
1978 5499 2139 5564 Lino,
2174 5503 2346 5575 deque
2368 5499 2638 5575 appellato
2655 5501 2724 5575 ab
2745 5517 2809 5556 eo
2832 5504 3093 5568 carmine,
3116 5505 3258 5575 quod
3275 5499 3326 5557 et
3342 5504 3557 5559 Αἴλινον

319 5581 436 5653 (95)
478 5579 636 5653 Vide
691 5567 948 5653 Isocratis
975 5567 1265 5653 Eiicomion
1295 5570 1508 5653 Helenae
1535 5589 1590 5653 ξ.
1619 5567 1784 5653 suid.
1821 5579 1878 5625 et
1980 5578 2063 5624 est
2093 5567 2452 5653 nominatum.
2480 5569 2785 5653 Hesychius~
2801 5588 3015 5653 quoque
3032 5567 3191 5653 Λίνον
3217 5574 3360 5645 ᾠδῆς
3386 5575 3559 5645 ὄνομα

253 5640 484 5723 σίωιά.
509 5641 1620 5723 Hist._poet.Diou.t;hrysost.norat.ii,
1642 5641 1874 5723 ειη-1108.
1980 5640 2123 5723 κατὰ
2181 5641 2290 5723 μὲν.
2332 5657 2488 5703 τινας
2527 5641 2646 5723 ¹(ῥιπὶ)
2679 5641 2788 5723 ξοῦ
2844 5642 3088 5723 κλωστοῦ
3116 5640 3284 5714 λίνου,
3316 5640 3553 5702 notavit.

256 5709 420 5781 Falso
454 5731 663 5778 autem
695 5709 846 5770 hanc
873 5711 1244 5785 narrationem
1274 5710 1480 5774 referre
1503 5713 1618 5768 vult
1641 5711 1872 5769 Ptolcm.
1985 5709 2117 5769 Vide
2142 5709 2197 5767 ct
2230 5709 2493 5767 Thesaur.
2525 5711 2652 5782 ling.
2674 5709 2874 5768 Graeca:
2907 5711 2972 5767 ll.
3013 5715 3095 5770 St.
