3932 6240
285 315 392 378 563

361 435 626 491 V'icesima
657 434 867 504 quinta.
908 431 1080 491 Minos
1131 431 1280 488 Jovis
1333 443 1388 487 et
1442 432 1668 504 Europae
1709 435 1850 489 ﬁlius
1883 437 1929 496 Α

289 523 503 582 Cretam
521 543 614 582 rex
631 528 821 594 tenuit,
839 524 1339 596 DaztlalumqueUO)
1357 528 1682 595 qumsiturus
1693 527 1864 585 classe

290 621 552 676 instructa
586 621 856 690 navigavit
895 621 948 674 in
982 620 1260 674 Sicaniam
1297 621 1438 689 (quae
1466 622 1626 675 hodie
1672 620 1862 677 Sicilia

291 713 535 780 dicitur),
555 713 644 766 ubi
682 727 711 764 a
742 711 922 766 Cocali
956 727 1066 765 orm
1093 712 1234 766 illius
1266 713 1404 780 regis
1435 711 1646 768 ﬁliabus
1671 726 1753 767 est
1782 715 1864 768 in-

294 805 570 860 terfectus.
596 804 753 858 Natio
797 806 921 858 hinc
951 805 1321 870 Cretensium,
1357 806 1500 876 regis
1545 807 1625 860 sui
1660 808 1863 862 caedem

293 901 493 964 ultura,
531 899 726 952 bellum
755 899 1018 952 adversus
1044 897 1257 954 Siculos
1289 902 1550 969 suscepit.
1586 901 1692 954 Sed
1736 901 1862 955 victi

291 991 482 1048 Cretes
523 1007 644 1047 cum
680 992 897 1046 domum
926 991 1177 1056 redeunt,
1219 992 1286 1046 ad
1320 993 1544 1063 lapygas
1596 995 1711 1064 (ll)
1740 1005 1865 1048 sunt

295 1094 616 1154 tempestate
635 1085 799 1140 delati
823 1102 836 1139 :
859 1085 1040 1154 ibique
1063 1096 1174 1138 tum
1192 1087 1346 1141 sedes
1367 1087 1626 1153 ﬁxerunt,
1642 1089 1864 1158 lapyges

295 1194 400 1249 pro
415 1177 773 1233 Cretensibus
797 1177 948 1232 facti.
979 1176 1108 1233 Post
1135 1178 1323 1232 horum
1356 1195 1482 1248 pars
1503 1181 1745 1248 quadam
1773 1197 1866 1250 per

295 1271 612 1326 seditionem
669 1271 793 1326 inde
825 1271 1045 1338 expulsa
1074 1309 1090 1334 ,
1134 1271 1335 1326 oraculi
1381 1288 1698 1342 responsum
1736 1274 1866 1328 illud

296 1362 640 1416 consulentes
687 1373 1038 1426 acceperunt,
1087 1363 1175 1416 ubi
1219 1364 1344 1432 quis
1395 1364 1526 1432 ipsis
1579 1374 1778 1419 terram
1816 1375 1869 1419 et

297 1467 492 1522 aquam
528 1454 814 1522 praeberet,
858 1454 928 1507 ibi
962 1463 1017 1507 ut
1045 1454 1370 1508 habitarent.
1409 1455 1587 1525 Atque
1638 1458 1710 1512 ita
1747 1458 1871 1510 Bot-

300 1543 545 1596 tiazorum
578 1553 776 1596 terram
816 1541 1176 1596 incoluerunt.
1217 1541 1292 1596 lbi
1323 1544 1464 1597 enim
1509 1544 1685 1612 pueri,
1715 1545 1872 1612 panis

300 1645 731 1704 ceterorumque
782 1635 1250 1688 contlimentorum
1308 1636 1453 1690 varia
1513 1652 1711 1705 genera
1776 1653 1874 1706 per

296 1726 481 1781 ludum
508 1734 563 1781 et
603 1725 781 1794 jocqu
810 1741 874 1780 ex
911 1727 1021 1781 luto
1067 1727 1352 1795 ﬁngentes,
1401 1729 1709 1796 petentibus
1741 1730 1872 1797 ipsis

1438 315 1704 378 ΡΗΟΤΙΙ
1728 319 2236 380 ΡΛΤΒΙΛΒΟΗᾹΞ
2276 322 2384 380 CP.

3435 311 3538 375 564

2041 435 2105 487 Ἦ
2137 434 2214 488 κε’
2240 435 2314 498 ώς
2361 434 2544 498 Μίνως
2587 434 2698 498 υίὸς
2731 433 2850 496 Διὸς
2877 432 2972 486 καὶ
3017 431 3306 504 Εὐρώπης,
3334 431 3362 482 ὁ
3387 432 3539 502 βασι-

1965 528 2138 582 λεύων
2167 529 2412 599 Κρήτης,
2435 529 2577 581 κατὰ
2610 529 2836 599 ζήτησιν
2881 526 3140 582 Δαιδάλου
3169 525 3343 596 στόλῳ
3378 526 3540 579 πλεύο

1968 639 2064 685 σας
2093 623 2172 684 είς
2195 621 2452 674 Σικανίαν
2495 621 2652 693 (αῦτη
2678 622 2722 673 δ’
2762 621 2910 674 ἐστὶν
2945 621 2979 690 ἡ
3022 617 3118 672 νῦν
3159 618 3400 687 Σικελία)
3436 620 3541 671 ὑπὸ

1965 715 2074 766 τῶν
2107 713 2374 766 Κωκάλου
2415 713 2729 782 θυγατέρων
2764 711 3070 783 (ἐϐασίλευε
3111 710 3156 765 δ’
3186 704 3340 774 οὗτος
3381 711 3543 762 Σικε-

1967 806 2075 860 λῶν
2102 804 2170 877 ⁸⁸)
2200 808 2525 876 ἀναιρεῖται.
2559 805 2668 858 Καὶ
2708 805 2770 857 τὸ
2806 805 3080 875 Κρητικὸν
3124 804 3352 873 πολεμεῖ
3383 803 3539 854 Σικε·

1967 902 2078 964 λοῖς
2109 901 2248 971 ὑπὲρ
2277 901 2371 954 τοῦ
2403 898 2686 970 βασιλέως,
2725 901 2820 952 καὶ
2846 900 3100 969 ἡττᾶται.
3133 898 3243 950 Καὶ
3293 897 3544 950 ἐπανιόν-

1967 1013 2058 1058 τες
2088 995 2191 1050 ὑπὸ
2217 995 2484 1064 χειμῶνος
2508 993 2764 1058 ἐξέπεσον
2791 994 2871 1055 είς
2907 992 3182 1058 Ἰάπυγας,
3223 990 3316 1042 καὶ
3352 987 3544 1042 αὐτόθι

1966 1089 2088 1140 τότε
2145 1087 2448 1155 ἱδρύσαντο,
2489 1087 2612 1140 ἀντὶ
2654 1087 2888 1157 Κρητῶν
2939 1085 3227 1156 γεγονότες
3263 1085 3540 1151 Ἰάπυγες.

1968 1180 2162 1252 Χρόνῳ
2183 1179 2238 1232 δὲ
2265 1179 2487 1250 ὕστερον
2520 1179 2684 1251 μοῖρά
2711 1197 2794 1244 τις
2819 1179 2958 1233 κατὰ
2995 1180 3180 1232 στάσιν
3213 1178 3544 1239 ἐκπεσόντες

1969 1275 2066 1344 τῆς
2094 1272 2277 1345 χώρας
2294 1273 2539 1344 χρησμὸν
2565 1271 2774 1336 ἔλαϐον,
2797 1270 2925 1324 ἔνθα
2945 1271 3010 1324 ἄν
3022 1289 3105 1333 τις
3115 1271 3297 1334 αὐτοῖς
3317 1269 3419 1340 γῆν
3445 1269 3546 1322 καὶ

1971 1366 2114 1437 ὕδωρ
2135 1366 2301 1438 ὀρέξῃ
2328 1366 2397 1432 θ’,
2428 1365 2662 1419 ἐνταῦθα
2706 1363 3025 1429 οἰκίζεσθαι.
3062 1363 3175 1417 Καὶ
3225 1364 3449 1434 ᾣκησαν
3495 1363 3545 1393 ⁹⁹

1969 1460 2068 1530 τὴν
2100 1458 2419 1512 Βοττιαίων·
2453 1459 2569 1511 ἐκεῖ
2602 1457 2710 1528 γὰρ
2736 1457 2921 1520 παῖδες
2960 1457 3139 1526 ἄρτων
3177 1453 3293 1525 εἴδη
3325 1455 3420 1508 καὶ
3449 1454 3547 1507 ἆλ-

1971 1553 2078 1605 λων
2103 1551 2250 1622 ὄψων
2283 1550 2568 1616 παίζοντες
2610 1550 2719 1604 ἀπὸ
2748 1549 2920 1621 πηλοῦ
2955 1551 3048 1602 καὶ
3079 1547 3425 1611 πλάττοντες,
3455 1547 3546 1600 ai-

1970 1647 2256 1716 τουμένοις
2291 1644 2572 1697 ἐπέδωκαν
2619 1643 2804 1705 αὐτοῖς
2840 1643 2961 1695 ἀντὶ
3000 1640 3182 1710 ἄρτων
3225 1639 3352 1702 τοὺς
3384 1639 3547 1709 πηλὶ-

1972 1756 2096 1801 νους
2145 1738 2378 1810 ἄρτουςο
2425 1737 2521 1788 καὶ
2569 1735 2623 1788 οἶ
2663 1752 2726 1803 γε
2787 1734 2878 1786 τὸν
2924 1732 3172 1804 χρησμὸν
3233 1729 3546 1783 τετελέσθαι

297 1819 454 1888 panis
485 1817 605 1872 loco
637 1819 1030 1873 distribuerunt
1081 1817 1252 1872 luteos
1302 1834 1470 1886 panes
1503 1837 1515 1873 :
1554 1830 1610 1873 et
1641 1819 1714 1872 illi
1767 1820 1866 1873 im-

1988 1828 2294 1898 νομίσαντες
2338 1829 2611 1898 ᾐτήσαντο
2637 1826 2730 1880 τὸν
2778 1825 3002 1896 βασιλέα
3047 1822 3393 1885 Μακεδόνων,
3449 1822 3550 1874 καὶ

298 1909 502 1978 pletqu
538 1924 660 1964 esse
691 1910 967 1964 oraculum
1001 1910 1360 1977 interpretati,
1406 1911 1586 1964 sedem
1619 1926 1649 1963 a
1696 1910 1874 1966 Mace-

298 2001 498 2054 donum
533 2016 660 2070 rege
685 1987 1035 2070 postulantes,
1073 2001 1420 2056 Bottiaeorum
1443 2017 1592 2056 oram
1626 2004 1873 2058 habitan-

299 2096 422 2148 dam
463 2105 807 2164 acceperunt,
838 2106 893 2150 et
933 2096 1272 2151 Cretensium
1335 2112 1528 2150 nomen
1560 2099 1670 2167 jam
1715 2100 1873 2154 tertio

298 2202 420 2241 cum
468 2187 814 2242 Bottiaeorum
843 2199 1260 2256 eommutautes,
1321 2189 1498 2258 portio
1545 2206 1688 2245 nunc
1746 2203 1874 2246 sunt

300 2280 674 2337 Macedonum.

375 2372 644 2428 Vieesima
689 2382 838 2427 sexta
883 2384 1071 2428 narrat
1128 2375 1394 2445 Apollinis
1432 2385 1737 2446 spectrum,
1788 2377 1872 2431 cui

296 2466 616 2536 Carruca?)
673 2482 890 2530 nomen,
949 2468 1242 2522 Dorienses
1289 2469 1442 2536 sequi
1504 2469 1745 2533 solitum,
1808 2471 1874 2523 ab

297 2559 528 2628 llippota
558 2560 672 2629 (15)
702 2560 938 2628 quodam
989 2575 1017 2614 e
1086 2561 1254 2626 stirpe
1311 2559 1560 2614 Herculis
1600 2571 1710 2615 tum
1757 2576 1876 2617 esse

299 2652 672 2715 interfectum,
697 2667 818 2704 cum
850 2653 900 2704 iu
933 2651 1360 2720 Peloponnesum
1400 2650 1698 2707 Heraclida:
1735 2655 1877 2708 redi-

302 2754 442 2800 reut.
475 2743 611 2798 Cum
636 2759 764 2813 ergo
788 2754 1073 2812 propterea
1103 2755 1252 2812 peste
1276 2745 1516 2811 graviter
1541 2745 1876 2811 laborarent,

301 2835 527 2892 oraculo
588 2847 809 2907 accepto
862 2853 893 2891 e
942 2838 1138 2891 castris
1194 2839 1457 2906 llippoten
1531 2840 1874 2905 expulerunt.

310 2929 436 2986 Erat
468 2941 650 2985 autem
685 2939 960 3000 spectrum
1019 2933 1120 2985 hoc
1173 2930 1528 2987 Dorieusibus
1557 2933 1696 2987 vatis
1736 2933 1878 2988 loco.

307 3023 377 3078 Et
416 3023 711 3078 Heraclidae
773 3024 990 3093 quidem
1030 3034 1143 3078 tum
1197 3026 1250 3078 in
1293 3024 1723 3094 Peloponnesum
1769 3041 1878 3082 tra-

1973 1922 2164 1975 ἐλαϐον
2217 1924 2387 1975 οἰκεῖν
2427 1922 2526 1992 τὴν
2582 1921 2902 1983 Βοττιαίων,
2954 1918 3080 1990 [457
3135 1917 3225 1989 IL]
3267 1918 3358 1970 καὶ
3417 1917 3547 1968 Bor-

1972 2016 2139 2068 τιαῖοι
2184 2015 2282 2084 μὲν
2329 2015 2512 2083 τρίτον
2557 2014 2714 2082 γένος
2766 2013 2874 2066 ἀπὸ
2925 2011 3160 2083 Κρητῶν
3211 2010 3548 2082 ἀμείψαντες

1979 2111 2143 2181 μοῖρα
2179 2108 2274 2160 νῦν
2303 2109 2408 2160 εἰσὶ
2433 2108 2780 2162 Μακεδόνων.

2064 2379 2127 2432 Ἦ
2155 2385 2247 2444 κς-’
2298 2361 2555 2441 διέξεισιν
2604 2376 2679 2439 ὡς
2729 2375 2921 2445 φάσμα
2970 2373 3330 2436 Ἀπόλλωνος,
3380 2370 3556 2441 ὄνομα

1979 2471 2218 2542 Κάρνος,
2250 2467 2545 2538 Δωριεῦσιν
2571 2467 2860 2536 ἑπόμενον,
2905 2464 3164 2532 Ἱππότης
3197 2480 3283 2527 τις
3318 2461 3425 2516 τῶν
3460 2461 3556 2528 ἀφ’

1991 2562 2324 2632 Ἡρακλέους
2352 2563 2585 2631 ἀναιρεῖ,
2609 2560 2698 2612 ὅτε
2728 2558 3004 2630 κατῄεσαν
3039 2559 3119 2620 εἰς
3148 2557 3558 2625 Πελοπόννησον

1989 2655 2365 2727 Ἡρακλεῖδαι.
2390 2654 2499 2706 Καὶ
2527 2652 2719 2722 λοιμοῦ
2744 2651 2958 2714 τούτοις
2983 2650 3405 2720 προσπεσόντος,
3432 2664 3558 2716 χρη-

1983 2749 2118 2818 σμὸν
2145 2747 2193 2780 ⁸³
2227 2747 2483 2809 λαϐόντες
2519 2745 2727 2816 ἤλασαν
2772 2743 2864 2796 τὸν
2907 2743 3166 2810 Ἱππότην
3193 2739 3288 2794 τοῦ
3331 2756 3559 2811 στρατο-

1982 2843 2166 2896 πέδου.
2199 2824 2408 2904 Μάντις
2451 2835 2590 2910 δ’ἦν
2637 2841 2700 2891 τὸ
2748 2838 2939 2908 φάσμα
2973 2839 3020 2870 θ’
3069 2837 3180 2898 τοῖς
3230 2833 3555 2904 Δωριεῦσιν.

1995 2934 2378 3006 Ἡρακλείδαις
2435 2933 2532 3003 μὲν
2581 2931 2808 2993 κάθοδος
2863 2931 2942 2992 εἰς
3001 2927 3407 2996 Πελοπόννησον
3437 2923 3559 2993 ὲγέ-

1983 3045 2138 3081 νετοο
2189 3029 2218 3081 ό
2261 3027 2305 3078 δ’
2351 3027 2607 3092 Ἱππότης
2659 3024 2943 3094 ἀλώμενος
2967 3023 3012 3052 ’⁵
3040 3020 3216 3074 τίκτει
3269 3018 3454 3081 παῖδα,
3497 3017 3563 3069 ἐκ

301 3117 554 3186 jecerunt
585 3133 599 3170 :
639 3115 897 3185 Hippotes
919 3131 1047 3170 vero
1071 3116 1159 3169 ille
1178 3116 1462 3181 oberrans,
1492 3118 1658 3171 ﬁlium
1693 3123 1879 3190 genuit

1988 3120 2076 3173 τοῦ
2113 3120 2438 3190 πράγματος
2481 3118 2712 3187 Ἀλήτην
2753 3115 3010 3178 καλέσας,
3040 3113 3101 3176 ὃς
3141 3111 3437 3183 ἀνδρωθεὶς
3467 3110 3564 3162 καὶ

305 3209 392 3263 cui
456 3224 520 3263 ex
577 3224 636 3262 re
685 3208 852 3262 Aleta:
899 3209 1010 3279 (14)
1055 3224 1246 3262 nomen
1311 3209 1480 3264 dedit.
1521 3209 1616 3265 Hic
1660 3189 1748 3267 ubi
1813 3214 1878 3266 ad

1988 3189 2182 3284 μοῖραν
2224 3211 2319 3263 τοῦ
2346 3208 2593 3280 Δωρικοῦ
2631 3207 2912 3272 συλλέξας,
2945 3207 3039 3259 καὶ
3071 3205 3360 3274 Σισυφίδας
3395 3203 3564 3256 ἐκϐα-

306 3305 522 3352 aetatem
600 3297 810 3350 virilem
884 3298 1172 3366 pervenit,
1241 3298 1418 3352 Dorici
1477 3301 1655 3369 populi
1729 3312 1882 3370 parte

307 3389 557 3453 collecta,
610 3389 892 3459 pulsisque
947 3389 1280 3460 Sisyphidis,
1341 3393 1434 3461 qui
1484 3402 1594 3446 tum
1633 3393 1882 3448 Corinthi

309 3493 467 3550 reges
495 3491 674 3541 erant,
703 3495 824 3533 cum
854 3479 1096 3548 ipsorum
1127 3481 1294 3536 sociis
1321 3483 1564 3545 louibus,
1604 3483 1792 3538 urbem
1825 3485 1886 3538 il-

309 3572 414 3626 lam
481 3573 658 3626 denuo
699 3570 892 3624 incolis
956 3571 1147 3641 replet,
1211 3575 1578 3644 pergebatque
1626 3578 1886 3632 adversus

312 3667 572 3728 Atticam,
605 3648 735 3718 cum’
754 3663 962 3717 oraculi
992 3679 1311 3732 responsum
1343 3667 1517 3721 eidem
1541 3668 1722 3723 datum
1749 3708 1764 3734 ,
1810 3671 1890 3723 vi-

311 3770 515 3814 ctorem
539 3757 674 3821 fore,
695 3757 738 3810 si
760 3755 827 3809 ab
844 3756 1258 3810 Atheniensium
1277 3773 1400 3830 rege
1423 3761 1723 3817 abstineret
1746 3764 1885 3832 (l5).

311 3850 427 3905 lloc
453 3849 675 3903 oraculo
701 3848 768 3900 ab
809 3847 1235 3904 Atheniensibus
1267 3851 1509 3919 cognito,
1550 3853 1730 3909 Codro
1773 3871 1888 3925 sep-

315 3942 636 4011 tuagenario
665 3938 1013 4008 persuadent,
1065 3939 1240 3995 libens
1285 3956 1344 3995 se
1373 3959 1468 4010 pro
1501 3947 1676 4014 patria
1704 3955 1763 4000 ut
1799 3948 1891 4002 de-

313 4047 526 4088 voveat.
568 4035 659 4090 Ille
707 4047 858 4092 veste
907 4045 1137 4100 mutata,
1179 4035 1335 4104 quasi
1387 4035 1712 4104 lignatorum
1751 4054 1890 4093 unus

316 4139 483 4194 esset,
517 4143 547 4182 a
591 4129 834 4184 Doriensi
870 4129 1102 4198 quodam
1135 4129 1479 4182 interﬁcitur.
1513 4127 1801 4184 Dorienses
1835 4147 1891 4184 re

316 4231 501 4289 postea
538 4223 775 4290 cognita,
804 4223 872 4276 de
901 4222 1126 4276 victoria
1153 4223 1524 4290 deSperaotes,
1559 4239 1680 4276 cum
1725 4224 1893 4279 Athe—

316 4315 598 4369 niensibus
639 4316 789 4384 pacis
817 4315 1019 4370 fmdera
1056 4316 1315 4368 iuieruut.

401 4405 660 4461 Vicesima
709 4407 939 4476 septima
975 4406 1146 4461 refert
1186 4407 1251 4460 de
1317 4410 1476 4461 rebus
1523 4408 1884 4474 Deucalionis,

315 4498 408 4569 qui
439 4500 492 4552 in
515 4498 830 4554 Phthiotide
861 4499 1126 4569 regnavit,
1182 4499 1359 4568 deque
1396 4499 1620 4554 ercite
1664 4503 1893 4555 inunda-

316 4594 466 4648 tione
513 4592 636 4663 ejus
686 4595 1021 4663 temporibus
1066 4611 1079 4647 :
1125 4609 1190 4648 ac
1246 4594 1312 4648 de
1357 4593 1576 4647 llcllcuc
1625 4595 1736 4649 ﬁlio
1780 4597 1896 4665 ejus

323 4684 513 4756 135!»
549 4684 790 4754 (quidam
817 4683 968 4739 lovis
992 4699 1112 4738 esse
1144 4684 1352 4744 dicunt)
1375 4683 1463 4750 qui
1485 4695 1535 4735 et
1571 4684 1896 4737 Deucalione

322 4787 560 4842 mortuo,
599 4779 651 4830 in
687 4792 850 4846 regno
884 4776 1168 4840 successit,
1206 4775 1504 4842 habuitque
1569 4774 1706 4827 ﬁlios
1767 4785 1896 4829 tres.

322 4867 403 4921 Ex
445 4867 530 4920 his
557 4867 774 4920 Aiolum
830 4875 956 4918 natu
1000 4865 1324 4926 maximum,
1355 4864 1549 4917 merito
1585 4863 1753 4916 voluit
1783 4864 1898 4930 ejus

327 4958 564 5028 regionis
600 4969 872 5028 sceptrum
906 4958 1226 5025 tenere,.eui
1265 4957 1492 5024 ipsemet
1517 4965 1674 5008 antea
1727 4955 1898 5024 impe-

1985 3307 2094 3359 λων
2143 3304 2410 3374 Κορίνθου
2453 3301 2710 3372 βασιλέας
2747 3301 2908 3361 ὄντας
2955 3300 3211 3362 καὶτοὺς
3244 3299 3340 3351 σὺν
3380 3298 3566 3358 αὐτοῖς

1991 3401 2206 3462 Ἴωνας,
2238 3398 2498 3462 ἁνοικίζει
2543 3396 2642 3467 τὴν
2672 3396 2830 3449 πόλιν
2849 3396 2942 3447 καὶ
2970 3394 3127 3466 ἐπῄει
3157 3395 3297 3446 κατὰ
3318 3393 3415 3462 τῆς
3442 3391 3567 3442 Ἀτ-

1987 3492 2166 3563 τικῆς,
2203 3490 2330 3562 [225
2371 3489 2461 3562 IL]
2492 3490 2578 3542 ὅτε
2606 3489 2702 3542 καὶ
2731 3486 2976 3558 χρησμὸν
3001 3484 3267 3556 λαμϐάνει
3296 3483 3565 3552 νικήσειν.

1990 3587 2038 3638 εἰ
2093 3585 2416 3654 ἀπόσχοιντο
2461 3581 2555 3634 τοῦ
2618 3579 2883 3650 βασιλέως
2936 3577 3257 3648 Ἀθηναίων.
3320 3575 3431 3628 Καὶ
3470 3572 3569 3626 τοῦ

1990 3676 2241 3748 χρησμοῦ
2290 3673 2625 3744 γνωσθέντος
2677 3671 3018 3742 Ἀθηναίοις,
3072 3669 3318 3722 πείθουσι
3361 3665 3572 3736 Κόδρον

1991 3766 2496 3838 ἑϐδομηκοντούτην
2537 3764 2677 3829 ,ὅντα
2727 3763 2921 3816 ἑκόντα
2971 3759 3155 3815 δοῦναι
3195 3757 3385 3812 ἑαυτὸν
3429 3755 3571 3826 ὑπὲρ

1989 3861 2090 3930 τῆς
2129 3858 2408 3928 πατρίδος.
2445 3859 2556 3911 Καὶ
2597 3855 2970 3926 ἀμειψάμενος
2998 3854 3096 3924 τὴν
3142 3851 3356 3919 στολὴν,
3390 3849 3464 3910 ὼς
3491 3841 3574 3910 εἷς

1992 3952 2100 4005 τῶν
2136 3951 2443 4022 ξυλοφόρων
2493 3951 2581 4017 ὑφ’
2636 3950 2750 4013 ἑνὸς
2805 3949 2912 4002 τῶν
2949 3947 3200 4018 Δωριέων
3245 3943 3569 4012 ἀναιρεῖται.

1993 4045 2104 4098 Καὶ
2144 4045 2365 4113 γνόντες
2409 4043 2635 4110 ὕστερον
2666 4043 2911 4110 Δωριεῖς,
2952 4041 3045 4091 καὶ
3090 4034 3422 4105 ἀπογνόντες
3471 4031 3576 4102 τὴν

1996 4134 2174 4203 νίκην,
2198 4132 2524 4186 ἐσπείσαντο
2561 4129 2889 4200 ’Δθηναίοις.

2079 4404 2146 4456 Ἦ
2173 4403 2254 4467 κζ’
2292 4402 2360 4456 τὰ
2388 4401 2516 4472 περὶ
2548 4399 2918 4462 Δευκαλίωνος
2955 4394 3311 4464 ἀπαγγέλλει,
3349 4391 3410 4454 ὃς
3451 4388 3582 4442 ἐϐα-

2003 4496 2182 4551 σίλευε
2227 4496 2274 4526 ⁸⁸
2317 4494 2420 4563 τῆς
2461 4491 2771 4557 Φθιώτιδος,
2807 4494 2903 4545 καὶ
2948 4490 3042 4544 τοῦ
3083 4489 3204 4543 κατ’
3263 4487 3426 4540 αὐτὸν
3477 4485 3581 4553 τῆς

2013 4590 2263 4650 Ἑλλάδος
2286 4587 2676 4657 κατακλυσμοῦ
2698 4603 2712 4615 ·
2749 4587 2843 4639 καὶ
2879 4586 3008 4656 περὶ
3039 4583 3302 4650 Ἕλληνος
3326 4577 3422 4633 τοῦ
3455 4596 3583 4631 παι-

1999 4683 2088 4746 δὸς
2120 4681 2311 4744 αὐτοῦ,
2357 4681 2417 4735 δν
2459 4680 2591 4734 ἔνιοι
2619 4679 2716 4732 τοῦ
2757 4679 2877 4742 Διὸς
2916 4678 3081 4732 παῖδα
3129 4672 3266 4729 εἷναί
3305 4689 3490 4743 φασιν,
3525 4671 3583 4733 ὃς

2002 4775 2098 4829 καὶ
2125 4774 2396 4840 διεδέξατο
2439 4773 2540 4842 τὴν
2585 4771 2864 4842 βασιλείαν
2909 4767 3336 4838 τελευτήσαντος
3381 4766 3586 4816 Δευκα-

2003 4867 2214 4930 λίωνος,
2245 4867 2338 4918 καὶ
2385 4867 2560 4918 τίκτει
2612 4864 2808 4926 παῖδας
2834 4863 2881 4893 ⁸⁷
2919 4863 3088 4935 τρεῖς.
3111 4855 3214 4912 Ὧν
3264 4857 3457 4911 Αἴολον
3486 4855 3586 4924 μὲν

2003 4959 2094 5012 τὸν
2134 4960 2352 5029 πρῶτον
2418 4955 2722 5028 βασιλεύειν
2775 4954 3090 5008 ἐδικαίωσεν
3145 4948 3214 5024 ἧς
3266 4948 3405 5023 ἦρχε
3459 4951 3588 5019 γῆς,

1624 5094 1860 5150 VARI/IS
1901 5097 2285 5156 LECTIONES
2304 5141 2319 5154 .

395 5201 447 5280 9°.
461 5197 703 5280 ξικελῶν
731 5212 883 5280 πιθα-ε
912 5194 1034 5280 libri
1061 5193 1288 5280 Σικεῷνῖ
1447 5191 1626 5280 ὀρέξει
1651 5194 2076 5280 ςλιίζζῴκοισαν
2111 5215 2172 5262 ς.
2222 5199 2268 5229 ⁸³
2292 5195 2568 5280 χρησμόν]
2607 5193 2704 5247 καὶ
2727 5191 2977 5280 χρησμόν
2997 5192 3065 5246 Δ.
3125 5190 3173 5223 ⁸⁸
3200 5191 3496 5259 φάντασμα
3521 5203 3582 5249 ς.

329 5273 373 5304 ⁸⁵
396 5267 698 5340 ἀλώμενος]
735 5266 806 5321 cf.
837 5265 1126 5320 Ruhnken.
1147 5265 1214 5318 ad
1250 5263 1436 5332 Velle].
1480 5281 1530 5332 p.
1562 5264 1647 5317 1‘2.
1725 5265 1772 5297 ³⁸
1796 5263 2115 5320 ἐϐασίλευσε
2147 5285 2208 5331 ς.
2294 5263 2345 5298 ’π

2407 5264 2604 5328 παῖδας
2641 5282 2754 5320 om.
2785 5264 2851 5318 Α.

1849 5383 2082 5450 NOTAE.

541 5488 683 5564 Lege
704 5484 1185 5564 Ilattsau._§chaic.
1222 5485 1340 5538 iuit.

403 5555 518 5625 Hi)
558 5555 688 5612 Vide
722 5557 902 5610 Strab.
946 5555 1144 5625 |ib.vn.

404 5624 528 5709 (12)_
551 5629 758 5709 llaeede
774 5627 956 5688 Caruo
982 5624 1141 5679 aliter
1167 5625 1445 5693 aliquanto
1475 5624 1639 5679 refert
1668 5626 1899 5678 l'mtsau.

410 5716 463 5763 ιιι
501 5700 745 5763 Laconic.

406 5769 518 5841 (ιῦ)
545 5772 715 5840 Quem
749 5771 1017 5844 Pbylantii
1071 5771 1235 5826 ﬁlium
1293 5766 1424 5820 facit
1480 5761 1708 5828 l’ausau.
1775 5780 1897 5828 cum

2011 5484 2264 5552 Apollod.
2286 5485 2379 5538 lib.
2409 5483 2740 5550 nBiblioth.,
2769 5483 2858 5550 qui
2879 5482 3018 5536 hanc
3034 5479 3100 5534 ad
3129 5476 3463 5546 Naupactum
3492 5487 3590 5541 pa-

2013 5567 2212 5612 tratatu
2247 5559 2450 5611 caedem
2480 5555 2661 5608 tradit.

2085 5627 2198 5696 (Η)
2232 5627 2398 5692 Quasi
2430 5624 2696 5696 Erronem_
2727 5639 2755 5676 a
2789 5621 3032 5696 parentis
3059 5617 3338 5676 erroribus
3363 5614 3590 5668 dixeris.

2087 5694 2197 5768 (15)
2229 5697 2466 5753 Pausan.
2505 5695 2626 5751 init.
2657 5694 2988 5749 Coriuthiar.
