3932 6240
266 350 384 417 565

1296 350 1823 414 BIBLIOTHECA.
1861 374 1935 387 -—
1958 347 2124 439 con.
2149 347 2504 410 CLXXXVI.

3432 352 3538 419 5176

268 461 514 535 Ἀσωπῷ
540 462 635 518 καὶ
663 465 874 519 Ἐνιπεῖ
892 465 1011 519 δυσ).
1049 468 1317 537 ποταμοῖς
1345 465 1444 538 τὴν
1482 463 1656 537 ἀρχὴν
1684 464 1854 534 διορι-

1961 470 2194 523 raverat,
2251 475 2527 531 quamque
2565 460 2749 530 Asopo
2794 468 2845 515 et
2886 458 3089 534 Enipeo
3118 461 3296 521 ﬂuviis
3345 466 3540 522 dister-

273 558 534 629 σάμενος,
557 558 617 625 ἐξ
653 552 713 613 οὗ
751 558 812 611 τὸ
846 558 1094 613 Αἰολικὸν
1121 559 1423 628 κατάγεται
1449 558 1605 628 γένος
1628 574 1644 591 ο
1669 558 1854 631 Δῶρος

272 650 321 703 δ’
344 650 374 703 ὁ
393 649 648 722 δεύτερος
680 653 872 721 μοῖραν
900 650 994 705 τοῦ
1043 652 1173 706 λαοῦ
1202 651 1385 707 λαϐὼν
1424 654 1576 726 παρὰ
1614 652 1709 706 τοῦ
1746 671 1855 708 πα·-

272 742 404 813 τρὸς
442 742 810 809 ἀποικίζεται,
849 745 943 798 κα).
988 744 1099 798 ὑπδ
1137 744 1229 799 τὸν
1259 747 1581 818 Παρνασσὸν
1630 746 1692 800 τὸ
1728 745 1855 820 ὅρος

272 834 451 899 κτίζει
499 835 706 902 πόλεις,
759 836 933 901 Βοιὸν,
976 837 1231 892 Κυτίνιον
1267 838 1335 900 ³⁵,
1387 838 1644 910 Ἐρινέον,
1694 839 1755 904 ἐξ
1792 833 1854 896 οὗ

271 925 541 995 Δωριεῖς’
600 926 630 978 ό
679 925 736 980 δὲ
785 925 1052 991 νεώτατος
1113 926 1377 1000 Ἀθήναζε
1413 930 1460 962 ⁹⁹
1524 928 1854 1000 ἀφικόμενος

271 1018 452 1083 κτίζει
508 1019 832 1091 τετράπολιν
888 1021 1234 1092 καλουμένην
1284 1023 1382 1093 τῆς
1436 1022 1708 1092 Ἀττικῆς,
1759 1023 1854 1076 καὶ

271 1112 447 1179 γαμεῖ
470 1111 750 1184 Κρέουσαν
779 1111 879 1183 τὴν
920 1112 1241 1185 Ἐρεχθέως,
1275 1115 1368 1168 καὶ
1393 1114 1563 1170 τίκτει
1593 1114 1652 1180 ἐξ
1685 1114 1855 1185 αὐτῆς

282 1200 506 1271 Ἀχαιὸν
537 1204 632 1256 καὶ
666 1204 848 1257 Ἴωνα.
884 1205 994 1258 Καὶ
1023 1205 1051 1258 ὁ
1097 1205 1195 1275 μὲν
1230 1206 1442 1275 Ἀχαιὸς
1470 1205 1726 1260 ἀκούσιον
1754 1208 1853 1275 φό-

270 1309 366 1347 νον
395 1294 773 1366 ὲργασάμενος
798 1296 995 1367 ἠλάθη,
1018 1296 1114 1352 καὶ
1133 1299 1215 1364 εἰς
1242 1299 1652 1371 Πελοπόννησον
1682 1299 1854 1354 ἐλθὼν

285 1385 515 1455 Ἀχαΐαν
537 1386 711 1451 κτίζει
751 1387 1100 1459 τετράπολιν,
1131 1389 1191 1455 ἐξ
1227 1384 1288 1445 οὗ
1328 1389 1535 1461 Ἀχαιοί
1557 1408 1573 1423 σ
1606 1392 1734 1446 Ἴων
1770 1391 1851 1455 δὲ,

269 1477 527 1541 θανόντος
568 1479 665 1532 τοῦ
715 1482 1153 1552 μητροπάτορος,
1193 1480 1283 1537 διά
1319 1500 1378 1536 τε
1403 1481 1499 1553 τὴν
1535 1483 1738 1555 ἀρετὴν
1758 1484 1854 1537 καὶ

268 1560 372 1641 ’ἑὴν
397 1571 563 1643 ἄλλην
600 1571 828 1638 ἀξίωσιν
858 1573 1102 1646 αἱρεθεὶς
1137 1574 1758 1648 βασιλεύειἈθηναίων,
1795 1574 1855 1642 ἐξ

266 1657 330 1716 οὗ
377 1663 565 1727 Ἴωνες
602 1664 738 1718 οἵτε
776 1664 1055 1738 Ἀθηναῖοι
1093 1664 1328 1738 ἤρξαντο
1357 1666 1641 1721 καλεῖσθαι
1664 1667 1760 1721 καὶ
1791 1667 1855 1720 τὸ

266 1748 403 1804 ἄλλο
426 1752 538 1805 πᾶν
571 1751 837 1809 Ἰωνικόν.

350 2015 423 2073 Ἦ
446 2024 534 2090 κη’
553 2019 631 2084 ὡς
650 2021 855 2093 Τέννης
873 2023 969 2077 καὶ
1000 2024 1235 2095 Ἥμιθέα
1255 2026 1444 2092 παῖδες
1466 2030 1638 2102 ἤστην
1655 2032 1861 2105 Κύκνῳ

272 2111 492 2183 βασιλεῖ
525 2113 802 2185 Τρῳάδος,
846 2117 941 2170 καὶ
980 2117 1194 2178 Κύκνος
1221 2120 1239 2151 ί
1292 2120 1671 2195 ἀποθανούσης
1708 2125 1859 2197 αὐτῷ

267 2205 374 2273 τῆς
401 2206 664 2274 γυναικὸς
694 2208 891 2279 ἑτέραν
934 2211 1289 2280 ὲπεισάγεται
1312 2229 1325 2242 ·
1367 2214 1399 2284 ἡ
1450 2213 1497 2268 δ’
1527 2217 1857 2287 ἐπιμανεῖσα

269 2298 449 2371 Τέννῃ
477 2302 573 2354 καὶ
606 2301 682 2370 μὴ
708 2302 1055 2373 τυγχάνουσα
1101 2306 1498 2376 καταψεύδεται
1523 2309 1618 2363 τοῦ
1668 2312 1857 2377 παιδὸς

268 2392 337 2445 τά
367 2392 570 2461 ἑαυτῆς
588 2409 603 2422 ·
635 2394 730 2448 καὶ
756 2395 786 2446 ό
815 2396 1001 2465 πατὴρ
1026 2397 1267 2469 ἀκρίτως
1294 2400 1374 2463 είς
1405 2401 1655 2473 λάρνακα
1678 2403 1700 2434 ⁹
1723 2404 1856 2457 Τέν-

270 2500 373 2555 νην
408 2484 750 2551 κατακλείει,
787 2486 924 2541 ἀλλά
953 2487 1052 2542 κα).
1078 2488 1175 2561 τὴν
1212 2489 1479 2561 Ἡμιθέαν
1526 2495 1856 2565 περιαλγοῦ-

272 2592 373 2629 σαν
426 2576 697 2646 τάδελφοῦ
725 2577 768 2643 ³,
795 2578 892 2632 καὶ
933 2579 1127 2649 ἀφίησι
1180 2582 1246 2651 τῇ
1293 2579 1559 2656 θαλάσσῃ.
1603 2584 1669 2637 Ἦ
1694 2584 1738 2637 δ’
1776 2587 1858 2649 είς

269 2669 436 2740 νῆσον
460 2669 774 2741 ἐκφέρεται,
806 2672 903 2727 καὶ
925 2673 976 2725 οἱ
1013 2673 1299 2745 ἐπιχώριοι
1327 2675 1426 2747 τὴν
1449 2676 1696 2745 λάρνακα
1721 2679 1854 2732 ἀνα-

269 2758 611 2829 κομίζονται,
644 2761 822 2814 καὶτὸ
842 2762 1047 2832 κράτος
1074 2762 1175 2833 τῆς
1208 2763 1318 2833 γῆς
1348 2764 1565 2837 ἐκείνης
1598 2767 1807 2837 ἴσχουσι
1831 2768 1856 2800 ⁸

268 2852 477 2923 Τέννης
507 2854 605 2906 καὶ
641 2853 897 2923 Ἦμιθέα,
924 2856 1019 2909 κα)⁸
1050 2857 1083 2928 ή
1114 2856 1278 2926 νῆσος
1309 2857 1530 2922 Τένεδος
1560 2861 1683 2913 ἀντὶ
1718 2861 1855 2914 Λευ-

268 2945 513 3015 κόφρυος
552 2945 870 3016 ὠνομάσθη.
916 2946 976 3000 '0
1019 2946 1076 3001 δὲ
1127 2948 1344 3013 Κύκνος
1402 2953 1706 3021 μεταγνοὺς
1758 2953 1855 3006 καὶ

266 3039 643 3111 ὁρμισάμενος
671 3038 810 3109 πρὸς
835 3039 935 3111 τὴν
966 3041 1151 3111 νῆσον,
1186 3043 1358 3097 ἐδεῖτο
1386 3042 1482 3098 τοῦ
1532 3046 1720 3111 παιδὸς
1744 3046 1852 3101 ἀπὸ

1957 552 2282 607 minaverat.
2312 553 2489 622 Atque
2520 551 2648 607 hinc
2698 551 2967 609 Eolicum
3021 569 3190 624 genus
3239 557 3535 615 derivatur.

1954 647 2107 705 Alter
2139 648 2335 704 deinde
2362 648 2556 717 Dorus,
2576 657 2796 718 accepta
2824 664 2854 704 a
2888 660 3113 718 parente
3140 654 3319 723 populi
3353 665 3538 725 parte,

1958 741 2227 796 coloniam
2249 740 2356 795 alio
2381 740 2641 808 traduxit,
2675 741 3027 812 condiditque
3058 746 3158 801 has
3180 748 3246 800 ad
3278 746 3536 805 Parnassi

1955 835 2155 889 montis
2178 833 2414 889 radicetn
2435 832 2622 900 urbes,
2638 834 3136 907 Busum,Cytinium
3163 847 3215 894 et
3248 836 3530 896 Erineum.

1955 926 2041 982 Ab
2082 925 2185 982 hoc
2214 925 2386 981 Dores
2435 926 2588 981 dicti.
2633 923 2774 980 Natu
2808 925 3043 997 denique
3106 928 3363 986 minimus
3411 946 3536 987 cum

1955 1019 2197 1075 Athenas
2231 1018 2475 1089 pervenit
2502 1017 2638 1092 (16),
2669 1019 2863 1076 Attica:
2908 1036 3071 1093 quam
3119 1030 3316 1078 vocant
3367 1032 3539 1078 tetra-

1959 1109 2127 1178 polim
2161 1109 2276 1182 (17)
2305 1111 2591 1167 aedificavit
2620 1149 2637 1176 ,
2669 1111 2927 1182 duxitque
2982 1127 3208 1167 uxorem
3280 1114 3538 1170 Creusam

1955 1198 2247 1254 Erechthei
2297 1198 2485 1268 filiam,
2523 1213 2555 1256 e
2600 1213 2706 1269 qua
2731 1200 2989 1256 Achmum
3038 1210 3094 1257 et
3127 1200 3250 1257 lona
3278 1202 3387 1274 (l8)
3415 1218 3539 1258 sus-

1956 1290 2098 1347 tulit.
2122 1290 2354 1345 Achaeus
2380 1290 2489 1359 hic,
2510 1306 2631 1347 cum
2658 1294 2858 1347 caedem
2890 1292 3213 1362 imprudens
3244 1307 3539 1365 patrasset,

1956 1384 2164 1457 pulsus,
2186 1384 2240 1438 in
2258 1381 2690 1453 Peloponnesum
2717 1384 2883 1449 venit,
2905 1383 3255 1455 condiditque
3275 1386 3536 1441 Achaiam

1958 1475 2287 1546 tetrapolim.
2327 1477 2374 1532 Α
2419 1491 2530 1547 quo
2555 1476 2720 1532 etiam
2770 1475 2954 1531 Achaei
3004 1477 3271 1547 originem
3308 1479 3537 1535 ducunt.

1956 1567 2047 1623 lon
2074 1584 2227 1634 vero,
2256 1577 2472 1624 mortuo
2495 1583 2594 1624 avo
2622 1579 2869 1625 materno
2928 1569 3257 1636 Erechtheo,
3281 1586 3402 1626 cum
3427 1573 3541 1625 vir-
3658 1622 3663 1629 .

1957 1660 2107 1726 tntis,
2143 1669 2255 1715 tum
2285 1659 2507 1731 reliqua:
2531 1661 2810 1732 dignitatis
2842 1677 2970 1733 ergo
2990 1672 3208 1719 creatus
3229 1678 3346 1747 rex,
3373 1664 3541 1718 Athe-

1957 1753 2237 1809 niensibus
2266 1752 2571 1821 imperavit.
2611 1751 2761 1809 Unde
2813 1760 2869 1809 et
2926 1756 3080 1810 Iones
3137 1752 3394 1825 appellari
3427 1766 3541 1808 ραι-η

1886 1821 1930 1878 Β
1961 1854 2156 1915 perunt
2206 1844 2605 1912 Athenienses,
2662 1847 2958 1917 omnisque
3009 1847 3143 1901 adeo
3172 1821 3345 1918 regio
3392 1844 3543 1901 Ionia

1961 1937 2125 1992 dicta.

2033 2020 2303 2085 Vicesima
2326 2039 2516 2085 octava
2538 2030 2786 2101 :,Tennes
2813 2043 2868 2087 et
2895 2030 3181 2088 Hemithea
3200 2031 3358 2088 liberi
3379 2038 3537 2085 erant

1961 2120 2129 2193 Cycni
2190 2122 2335 2193 regis
2376 2121 2610 2179 Troadis
2639 2123 2770 2194 (19).
2816 2124 3035 2195 Cycnus
3095 2134 3273 2179 autem
3328 2131 3543 2178 mortua

1958 2213 2188 2282 conjuge
2218 2214 2367 2269 duxit
2392 2214 2618 2270 alteram
2653 2214 2790 2288 (ΞΟ),
2826 2232 2946 2285 quae
2981 2217 3170 2271 insano
3197 2216 3399 2271 'l‘ennae
3427 2216 3544 2286 pri-

1958 2306 2102 2377 vigni
2137 2320 2325 2363 amore
2351 2315 2534 2377 capta,
2557 2324 2676 2363 cum
2700 2311 2859 2378 potiri
2894 2325 2997 2364 non
3023 2317 3225 2380 posset,
3254 2324 3410 2364 suum
3441 2308 3548 2362 cri-

1958 2413 2081 2453 men
2139 2398 2278 2453 falso
2326 2398 2404 2453 illi
2456 2398 2739 2471 imponens
2786 2403 3085 2458 accusavit.
3133 2400 3340 2457 Parens
3381 2400 3544 2469 igitur

1954 2489 2158 2544 indicta
2186 2507 2347 2553 causa
2378 2490 2621 2547 Tennetn
2665 2493 2833 2549 [ilium
2873 2496 3071 2549 arcula:
3126 2494 3371 2562 inclusit,
3408 2492 3544 2563 quin

1956 2594 2013 2637 et
2038 2599 2142 2636 una
2173 2582 2536 2650 lletnitheam,
2581 2584 2766 2640 fratris
2794 2586 3091 2641 infortunio
3136 2586 3424 2642 immodice
3448 2585 3541 2640 do-

1957 2674 2179 2739 lentem,
2216 2686 2378 2744 atque
2435 2675 2508 2730 ita
2561 2679 2696 2732 mari
2738 2678 3035 2733 commisit.
3087 2677 3214 2733 Hac
3251 2677 3438 2734 arcula
3489 2678 3545 2731 in

1955 2766 2187 2821 insulam
2240 2768 2529 2836 quamdam
2600 2769 2800 2835 delata,
2837 2779 3002 2840 atque
3063 2771 3131 2825 ab
3167 2769 3365 2827 incolis
3411 2771 3547 2826 sub-

1957 2860 2067 2915 lata
2104 2868 2209 2923 est,
2242 2868 2297 2913 et
2326 2860 2493 2916 totius
2552 2861 2793 2930 regionis
2824 2861 3053 2933 imperio
3084 2863 3364 2933 potiuntur
3399 2860 3546 2916 Ten-

1956 2967 2054 3008 nes
2113 2962 2281 3023 atque
2331 2951 2617 3009 Hemithea
2651 2973 2665 3009 :
2704 2954 2819 3024 ipsa
2884 2969 3014 3009 vero
3077 2954 3251 3010 insula
3297 2953 3552 3010 Tenedos

1955 3060 2053 3116 pro
2082 3043 2407 3117 Leucolihry
2446 3044 2550 3099 dici
2575 3054 2775 3115 empta.
2807 3043 3026 3117 Cycnus
3055 3054 3240 3114 postea
3268 3044 3398 3100 facti
3433 3059 3548 3116 pte-

266 3130 368 3199 τῆς
393 3129 530 3194 νεὼς
555 3131 863 3202 ἀμνηστίαν
887 3132 1052 3203 ἔχειν.
1084 3134 1145 3189 '0
1171 3134 1246 3201 δὲ,
1281 3135 1357 3201 ὡς
1393 3136 1467 3208 μὴ
1494 3138 1723 3207 ἐπιϐαίη
1749 3139 1851 3207 τῆς

1961 3139 2162 3201 nitens,
2192 3146 2246 3191 et
2277 3137 2342 3189 ad
2390 3134 2621 3190 insulam
2669 3133 2971 3206 profectus,
3005 3135 3171 3190 filium
3213 3136 3547 3205 precabatur

265 3223 459 3292 νήσου,
510 3222 745 3276 πέλεκυν
792 3225 1064 3295 ἀράμενος
1118 3226 1189 3280 τά
1239 3228 1521 3299 πείσματα
1562 3231 1665 3300 τῆς
1717 3230 1853 3296 νεὼς

264 3313 551 3371 διακόπτει
573 3334 589 3346 ·
628 3316 754 3389 [440
786 3316 878 3389 ιι]
909 3319 1003 3371 καὶ
1035 3318 1132 3372 ἀπ’
1161 3320 1327 3373 αὑτοῦ
1375 3324 1423 3374 oi
1456 3321 1736 3394 ἄνθρωποι
1758 3324 1856 3377 ἐπὶ

267 3406 473 3470 παντὸς
521 3408 800 3479 ἀποτόμου
858 3409 1187 3481 πράγματος
1231 3411 1324 3465 τὸν
1362 3412 1561 3467 Τέννου
1619 3414 1855 3469 πέλεκυν

268 3497 631 3567 ἐπιλέγουσιν.

347 3680 418 3732 Ἡ
444 3679 528 3733 κθ¹
562 3680 637 3746 ὡς
663 3683 961 3756 Μάγνητες
988 3686 1037 3739 oi
1089 3686 1416 3758 Μαγνησίαν
1456 3688 1554 3760 τὴν
1587 3690 1647 3743 ὲν
1698 3690 1858 3761 Ἀσία

266 3772 363 3827 νῦν
387 3772 667 3840 οἰκοῦντες
687 3777 748 3830 τὸ
774 3778 1044 3849 πρότερον
1063 3796 1131 3833 πε
1140 3780 1193 3851 ρ)
1223 3780 1454 3852 Πηνειὸν
1484 3781 1734 3853 ποταμὸν
1758 3782 1858 3836 καὶ

266 3863 329 3917 τὸ
381 3864 586 3936 Πήλιον
637 3867 762 3938 ὅρος
826 3867 1088 3941 ᾤκησαν,
1145 3871 1242 3925 καὶ
1309 3874 1781 3947 συνεστράτευσαν
1834 3874 1858 3906 ⁸

279 3956 519 4027 Ἀχαιοῖς
571 3960 713 4014 κατά
744 3961 947 4034 Τροίας
996 3963 1305 4034 ἡγουμένου
1356 3964 1538 4018 αὐτῶν
1590 3966 1856 4039 Προθόου,

268 4050 366 4103 καὶ
394 4050 690 4106 ἐκαλοῦντο
735 4054 1051 4125 Μάγνητες.
1094 4052 1231 4111 Εἶτα
1259 4057 1460 4129 δεκάτη
1491 4058 1513 4090 ⁸
1547 4061 1858 4132 Μαγνήτων

268 4144 756 4216 ἀνακομιζομένων
793 4148 975 4204 αὐτῶν
1004 4148 1113 4202 ἀπὸ
1156 4149 1360 4222 Τροίας
1388 4149 1585 4215 οἰκίζει
1615 4154 1738 4207 κατ’
1767 4150 1860 4208 εὖ-

269 4233 369 4304 χὰς
417 4237 500 4299 είς
531 4236 790 4305 Δελφούς.
841 4237 997 4292 Μετά
1044 4238 1235 4310 χρόνον
1285 4238 1344 4292 δὲ
1383 4240 1717 4305 ἀναστάντες
1760 4240 1857 4296 τοῦ

274 4327 422 4400 ίεροῦ
453 4329 549 4383 καὶ
576 4331 859 4395 κατιόντες
884 4333 979 4385 ἐπὶ
1016 4332 1294 4387 θάλασσαν
1325 4333 1745 4407 ἐπεραιώθησαν
1778 4336 1858 4400 είς

269 4419 499 4493 Κρήτην
524 4422 567 4476 ⁷.
602 4422 872 4493 ’Ὕστερον
903 4423 1031 4496 [2‘26
1056 4423 1150 4497 [1.]
1174 4425 1231 4479 δὲ
1266 4425 1582 4497 βιασθέντες
1624 4427 1854 4499 ἀνέστη-

1957 3242 1988 3283 e
2026 3228 2175 3292 navi,
2209 3224 2615 3295 praeteritarum
2664 3239 2844 3279 rerum
2887 3235 2946 3278 ut
2975 3225 3409 3279 oblivisceretur.
3453 3222 3549 3277 Ille

1959 3330 2165 3387 autem,
2194 3335 2260 3374 ne
2290 3318 2357 3373 ad
2413 3316 2645 3373 insulam
2698 3318 2996 3389 appelleret
3046 3333 3269 3388 parens.
3312 3317 3546 3371 securim

1959 3411 2236 3481 arripiens
2260 3411 2415 3465 navis
2446 3408 2744 3465 retinacula
2790 3410 3076 3465 dissecuit.
3113 3407 3271 3464 Unde
3294 3408 3396 3462 dici
3432 3420 3548 3463 car-

1959 3512 2112 3572 ptum
2141 3501 2195 3556 in
2231 3503 2378 3556 omni
2411 3502 2645 3570 abrupto
2678 3509 2839 3571 atque
2869 3501 3099 3572 praeciso
3129 3501 3370 3573 negotio,
3399 3500 3547 3557 Ten-

1958 3608 2042 3649 nze
2066 3592 2182 3666 (21)
2210 3588 2501 3665 bipennem
2536 3595 2702 3651 fuisse
2726 3595 3047 3650 adhibitam.

2031 3686 2299 3742 Vicesima
2344 3701 2485 3741 nona
2513 3703 2534 3743 :
2575 3686 2874 3757 Magnetes.
2914 3687 3005 3755 qui
3036 3684 3373 3755 Magnesiam
3403 3684 3547 3739 Asia:

1960 3794 2106 3835 nunc
2132 3780 2392 3846 ineolunt,
2419 3789 2578 3836 antea
2600 3781 2668 3836 ad
2693 3779 2929 3835 Peneum
2976 3779 3549 3847 flumen-montemque

1959 3869 2168 3927 Pelium
2203 3871 2538 3937 habitarunt,
2569 3884 2625 3928 et
2676 3872 2939 3927 adversus
2988 3870 3209 3940 Trojam
3254 3872 3416 3925 ductu
3467 3877 3550 3923 at—

1962 3979 2069 4036 que
2116 3963 2377 4034 auspiciis
2409 3962 2635 4020 Prothoi
2692 3963 3035 4030 militantes,
3091 3961 3368 4031 Magnetes
3415 3963 3544 4015 item

1959 4056 2089 4112 dicti
2127 4064 2272 4112 sunt.
2313 4053 2404 4111 Ille
2428 4068 2610 4127 postea
2662 4057 2783 4122 hos,
2837 4055 3102 4110 decimam
3152 4052 3314 4122 Troia
3355 4065 3548 4123 repor-

1963 4157 2164 4214 tantes,
2196 4148 2415 4221 Delphis
2463 4166 2530 4207 ex
2556 4160 2688 4205 voto
2734 4148 3045 4205 collocavit.
3081 4146 3212 4202 Post
3242 4156 3421 4200 tamen
3453 4159 3545 4200 re-

1961 4243 2090 4299 licto
2115 4244 2259 4309 fano,
2286 4244 2625 4312 navibusque
2655 4240 2991 4304 conscensis,
3025 4240 3078 4293 in
3114 4239 3329 4294 Cretam
3371 4248 3551 4291 trans-

1961 4334 2253 4390 miserunt.
2285 4334 2413 4388 Inde
2429 4346 2644 4404 quoque
2675 4332 2725 4386 vi
2754 4331 2963 4401 repulsi
2990 4330 3209 4384 Cretam
3261 4327 3545 4388 deserunt,

1962 4437 2017 4485 et
2044 4428 2100 4483 in
2137 4426 2343 4499 136a
2388 4427 2573 4481 Asiam
2606 4425 3020 4496 adnavigantes,
3082 4422 3241 4478 malis
3290 4420 3547 4476 afﬂictam

273 4528 373 4565 σαν
400 4514 466 4566 ὲκ
495 4514 742 4587 Κρήτης,
783 4518 881 4570 καὶ
921 4517 1253 4583 πλεύσαντες
1294 4520 1376 4583 είς
1404 4520 1505 4590 τὴν
1551 4520 1738 4575 Ἀσίαν
1766 4521 1855 4593 se.

1963 4534 2137 4590 nuper
2181 4518 2455 4574 conditam
2504 4517 2709 4572 leniam
2771 4527 2936 4585 atque
2972 4513 3244 4570 Aiolidem
3293 4511 3545 4572 liberant,

273 4599 465 4671 ρύοντο
496 4604 685 4660 κακῶν
708 4607 1020 4661 νεόκτιστον
1065 4602 1234 4661 οὖσαν
1268 4608 1369 4683 τὴν
1393 4607 1604 4662 Ἰωνίαν
1628 4608 1724 4663 καὶ
1754 4609 1854 4681 τὴν

271 4693 510 4763 Δίολίδα,
545 4697 961 4770 συμμαχοῦντες
986 4700 1170 4763 αὐτοῖς
1199 4700 1341 4755 κατά
1377 4700 1490 4755 τῶν
1528 4699 1852 4771 ἐπιτιθεμέ-

1965 4620 2268 4682 pugnantes
2296 4624 2402 4665 una
2437 4624 2560 4663 cum
2592 4608 2678 4663 his
2711 4607 2975 4663 adversus
3012 4620 3130 4669 eos,
3166 4604 3259 4675 qui
3292 4601 3432 4656 mala
3457 4600 3547 4655 illa

1964 4702 2293 4759 inferebant.
2351 4700 2490 4758 Hinc
2536 4700 2772 4771 denique
2824 4700 3017 4756 eodem
3072 4712 3181 4767 quo
3230 4709 3375 4753 nunc
3424 4704 3550 4751 sunt

1550 4889 1794 4948 VARUS
1826 4888 2237 4946 LECTIONES.

250 5038 257 5045 ο
344 5004 421 5081 *⁸⁸
473 5005 694 5081 Κτίνιον
726 5024 789 5071 ς.
851 5007 899 5042 ⁸⁸
934 5006 1233 5081 Ἀθήναζεν
1266 5029 1326 5077 ς.
1400 5011 1419 5043 ¹
1452 5010 1548 5064 καὶ
1576 5009 1789 5081 Κύκνος
1818 5012 1862 5062 Α
1889 5028 1903 5063 :
1937 5008 2151 5081 Κύκνος
2173 5007 2313 5081 δέςᾼ.
2370 5006 2500 5081 ’-είς
2531 5003 2788 5081 λάρνακα
2811 5003 2915 5081 A__:
2948 5002 3298 5081 AdpvgxtLgL
3342 4999 3563 5081 ξ’ἀρελ-

271 5074 375 5144 φοῦ
420 5093 483 5141 ς.
552 5076 577 5109 ⁸
600 5075 885 5144 ἀνίσχουσι
918 5078 992 5138 A.‘

273 5149 342 5203 ad
374 5146 566 5204 Vellei.
591 5162 647 5215 p.
673 5146 761 5203 l3.

1094 5082 1118 5113 ⁸
1156 5083 1251 5136 καὶ
1290 5098 1545 5153 συνεστρ.
1575 5080 1622 5135 Α
1654 5098 1671 5135 :
1700 5097 1954 5152 συνεστρ.
1985 5079 2043 5135 δέ
2072 5096 2134 5144 ς.

2232 5069 2517 5147 ⁸(δεκάτην
2546 5069 2621 5140 si
2685 5075 2705 5107 ⁷
2733 5076 2816 5138 είς
2846 5069 3101 5148 Κρήτην]
3145 5075 3218 5132 cf.
3259 5069 3548 5130 Ruhnken.

1806 5277 2051 5340 ΝΟΤιΕ.

341 5373 453 5446 (16)
485 5374 683 5432 Strabo
720 5376 813 5433 Iih.
846 5393 964 5444 vut,
1019 5377 1176 5433 initio
1208 5376 1426 5432 Achaiae
1458 5373 1699 5427 Xutlmm
1753 5388 1851 5427 nu-

275 5446 464 5518 mina},
499 5448 588 5518 ubi
626 5447 939 5518 hancileges
970 5448 1281 5518 historiam:

346 5516 458 5585 (17)
488 5515 739 5582 (Enoen,
768 5513 1201 5582 Probalinthum,
1232 5515 1628 5581 Tricorithum,
1650 5524 1707 5572 et
1741 5513 1853 5569 Ma-

279 5590 525 5652 rathona,
552 5596 612 5642 ut
641 5588 811 5644 refert
829 5588 1021 5657 Steph.
1051 5599 1107 5644 et
1141 5588 1341 5644 Strabo
1361 5603 1510 5654 supr.

346 5656 461 5727 (18)
491 5658 683 5728 Steph.
742 5659 795 5714 in
853 5656 1011 5713 Ionia
1059 5660 1192 5714 facit
1237 5674 1361 5713 eum
1399 5671 1467 5712 ex
1522 5656 1843 5713 Atheniens.

279 5729 531 5799 opinione
558 5729 825 5799 Apollinis
855 5737 911 5784 et
940 5728 1173 5785 Creissa:
1197 5729 1386 5784 fllium.

351 5797 460 5869 (19)
494 5796 692 5858 Strabo
724 5801 817 5859 lib.
842 5814 942 5857 xm
971 5799 1299 5859 Colonarum
1318 5800 1463 5857 hunc
1491 5812 1670 5871 regem
1693 5796 1846 5867 facit,

1959 5376 2013 5450 in
2042 5373 2257 5432 Troade
2309 5384 2512 5450 t_amen.
2563 5377 2701 5450 Vide
2740 5377 3021 5450 Lycophr.
3054 5377 3255 5450 interp.
3303 5382 3359 5428 et
3412 5372 3545 5427 Ser-

1956 5446 2127 5511 vium,
2205 5461 2271 5503 ac
2320 5447 2558 5502 Pausan.
2623 5449 2679 5501 in
2725 5445 2988 5501 Ph'ociet's.
3053 5445 3275 5500 Diodor.
3332 5457 3549 5516 quoque

1957 5516 2126 5571 Sicul.
2159 5527 2407 5573 extremo
2429 5519 2522 5572 lib.
2560 5533 2615 5572 ν.

2028 5586 2144 5658 (20)
2176 5586 2531 5645 Philonomen
2560 5596 2718 5644 vocat
2753 5587 2942 5655 Steph.
2976 5587 3027 5641 in
3072 5584 3304 5642 Tenedos
3327 5598 3349 5639 :
3380 5598 3543 5655 quem

1957 5659 2137 5714 fusius
2166 5659 2283 5713 haec
2305 5668 2630 5715 tractantem
2668 5659 2803 5725 lege,
2829 5666 2882 5712 et
2904 5659 3075 5728 Adag.
3114 5672 3274 5727 opus.

2029 5728 2143 5798 (21)
2172 5728 2367 5785 Suidas
2396 5732 2558 5785 etiam
2615 5728 2863 5800 Τενέδιος
2897 5726 3182 5800 άνθρωπος
3218 5738 3270 5786 cl.
3301 5726 3553 5790 Τινέδως

1955 5798 2259 5871 ξυνήγορος
2288 5798 2677 5873 παροιμιωδῶς
2712 5800 2816 5856 dici
2842 5798 3037 5856 refert.
