3932 6240
325 314 438 380 567

1486 312 1753 373 PHOTll
1777 312 2288 374 PATRIARCH/E
2325 315 2437 375 (ΞΡ.

3488 314 3593 376 568

327 424 451 482 loco
491 422 835 496 perveniunt,
868 422 1168 491 urbemque
1214 419 1478 482 condunt,
1516 435 1678 490 quam
1733 419 1902 474 veleri

2027 438 2138 487 ιων.
2172 420 2417 474 Ἐκεῖθεν
2442 421 2795 491 ἀφικνοῦνται
2816 423 2875 475 ἐν
2897 414 2942 490 ᾧ
2963 420 3059 475 νῦν
3087 422 3216 488 εἰσὶ,
3234 421 3328 475 καὶ
3346 420 3596 486 κτίζουσι

328 516 397 573 de
418 516 638 571 nomine
671 516 860 571 patriae
888 513 1218 583 Magnesiam
1250 514 1378 567 item
1415 522 1815 583 nuncuparunt.

400 695 701 753 Tricesima
734 696 799 750 tle
828 693 1077 749 Pithenio
1108 693 1220 763 (2‘2)
1247 693 1606 763 Apolloniate,
1640 697 1755 765 qui,
1779 710 1910 752 oves

2010 512 2188 581 πόλιν,
2215 513 2325 567 ἀπὸ
2345 515 2446 582 τῆς
2474 512 2613 567 κατὰ
2638 513 2699 566 τὸ
2724 504 2952 586 ἀρχαῖον
2979 512 3238 584 πατρίδος
3267 512 3595 584 Μαγνησίαν

2010 604 2181 672 αὐτὴν
2220 602 2445 656 ὲπικαλέ
2454 619 2664 665 σαντες.

2096 696 2159 749 Ἠ
2199 694 2242 748 λ’
2270 696 2335 749 τὰ
2373 695 2502 764 περὶ
2555 693 2839 766 Πειθηνίου
2888 693 2982 748 τοῦ
3026 694 3481 758 Ἀπολλωνιάτου,
3535 694 3597 758 ὃς

329 789 441 847 Soli
473 805 657 844 sacras
704 803 953 858 pascens,
985 803 1106 841 cum
1152 803 1248 843 sua
1281 787 1492 843 incuria
1526 790 1805 856 sexaginta
1841 789 1910 845 de

2027 791 2079 844 ιὰ
2114 791 2235 860 ἱερά
2276 790 2456 844 Ἡλίου
2483 790 2504 822 ⁸
2527 791 2707 858 νέμων
2757 788 3025 860 πρόϐατα,
3072 788 3196 841 ἐπεὶ
3252 787 3432 841 αὐτῶν
3467 784 3595 856 ἐξὴ-

326 899 490 953 grege
514 898 642 937 oves
680 881 789 952 lupi
840 882 1280 950 discerpsissent,
1327 882 1499 938 oculis
1529 898 1556 935 a
1589 883 1800 937 civibus
1828 892 1913 940 est

326 978 570 1042 orbatus,
594 990 761 1044 quare
794 974 973 1039 tellus,
1002 974 1143 1029 irato
1175 973 1308 1040 Deo,
1362 976 1574 1030 fructus
1606 975 1912 1045 Apollonia-

326 1068 398 1122 tis
428 1081 535 1120 non
564 1065 806 1136 protulit,
846 1064 1020 1121 donec
1063 1076 1183 1120 astu
1237 1076 1293 1121 et
1338 1066 1667 1122 suburbanis
1694 1068 1911 1137 praediis

326 1159 536 1215 duobus
567 1158 875 1214 Pitheuium
908 1157 1190 1229 placantes
1237 1167 1293 1214 et
1334 1174 1439 1214 una
1469 1159 1693 1228 insuper
1728 1160 1908 1223 domu,

328 1267 488 1319 quam
542 1249 774 1319 ipsemet
832 1249 1110 1321 elegisset,
1177 1251 1523 1306 sterilitatem
1579 1250 1907 1321 effugerunt.

326 1338 461 1396 Erat
485 1351 664 1396 autem
696 1340 980 1396 Pitbenius
1009 1341 1238 1398 illustris
1268 1356 1491 1412 genere,
1515 1344 1655 1397 sicut
1680 1352 1735 1397 et
1757 1353 1913 1412 quot-

327 1443 458 1502 quot
489 1432 577 1486 alii
609 1434 727 1503 ejus
775 1448 1126 1489 successores
1168 1448 1452 1489 sacrarum
1506 1449 1696 1489 curam
1729 1437 1910 1491 ovium

330 1533 639 1593 gesserunt.
689 1523 810 1596 Ipsa
843 1540 974 1581 vero
1022 1527 1306 1596 Apollonia
1346 1527 1462 1599 (23)
1498 1526 1685 1584 Graeca
1720 1529 1914 1583 civitas

329 1627 414 1672 est
456 1617 509 1671 in
555 1613 765 1688 Illyrica
821 1619 1043 1689 regione
1088 1620 1221 1673 mari
1261 1618 1539 1689 adjacens,
1570 1636 1731 1689 quam
1771 1621 1915 1675 Lous

330 1710 529 1766 ﬂuvius
557 1711 696 1783 (‘24),
722 1711 812 1781 qui
860 1712 913 1766 in
950 1710 1161 1776 Ionium
1210 1728 1361 1768 mare
1390 1714 1526 1781 exit,
1557 1715 1792 1767 mediam
1828 1715 1909 1768 di-

329 1803 489 1856 vidit.

405 1893 706 1951 Tricesima
740 1896 909 1965 prima
933 1916 947 1952 :
970 1896 1176 1953 Tereus
1207 1897 1345 1971 (25),
1374 1897 1642 1953 Thracum
1672 1914 1789 1965 rex,
1820 1915 1913 1955 eo-

333 2005 454 2042 rum
496 1989 586 2058 qui
633 1989 700 2043 ad
752 1988 995 2042 Danliam
1045 2001 1408 2062 caeteramque
1453 1989 1691 2046 Phocida
1746 1991 1917 2061 perti-

333 2093 487 2149 nent,
518 2098 743 2138 uxorem
776 2083 929 2137 duxit
957 2085 1230 2141 Procnen.
1267 2083 1558 2140 Pandionis
1581 2086 1914 2139 Athenarum

334 2174 483 2244 regis
515 2174 706 2230 ﬁliam.
753 2175 853 2231 Hic
897 2186 1182 2246 postquam
1238 2177 1432 2232 insano
1482 2188 1682 2248 captus,
1707 2191 1914 2243 amore,

335 2278 434 2332 per
472 2263 577 2317 vim
605 2266 985 2334 constupravit
1021 2267 1246 2320 invitam
1273 2265 1646 2336 Philomelam,
1677 2265 1916 2322 Procnes

335 2369 606 2421 sororem,
644 2354 881 2426 linguam
902 2372 1118 2426 quoque
1151 2358 1269 2427 ejus
1294 2359 1560 2433 exsecuit,
1593 2359 1801 2414 veritus
1836 2359 1918 2413 ni-

337 2448 535 2501 mirum
569 2464 636 2504 ne
664 2449 863 2503 factum
897 2451 1175 2518 proderet.
1207 2453 1279 2505 At
1328 2451 1419 2505 illa
1461 2451 1678 2522 peplum
1706 2461 1915 2514 texens,

337 2540 577 2595 dolorem
603 2542 651 2594 ei
690 2557 848 2596 suum
874 2541 977 2597 (ills
1007 2543 1303 2613 inscripsit.
1330 2542 1564 2605 Procne,
1590 2558 1650 2599 re
1674 2544 1916 2614 cognita,

336 2641 392 2687 et
448 2631 663 2688 facinus
714 2633 900 2689 ulcisci
949 2635 1210 2706 cupiens,
1270 2634 1437 2689 lilium
1498 2634 1663 2711 [Ityn]
1720 2637 1918 2693 marito

336 2741 498 2779 suum
542 2726 870 2794 epulandum
911 2726 963 2780 in
991 2741 1151 2782 ctena
1192 2728 1460 2797 apposuit_
1501 2727 1636 2784 Tum
1687 2728 1916 2795 Tereus,

340 2817 432 2871 ubi
468 2816 552 2871 vel
582 2833 647 2871 ex
684 2819 795 2887 ipsa
841 2817 1052 2875 Procne
1076 2820 1468 2876 exsecrandum
1501 2821 1809 2876 convivium
1838 2821 1919 2875 di-

338 2909 492 2972 dicit,
543 2919 598 2963 et
652 2909 793 2965 hanc
841 2920 897 2965 et
940 2926 1185 2967 sororem
1247 2912 1413 2967 veluti
1463 2913 1595 2967 lacti
1643 2913 1916 2968 consciam

344 3000 524 3069 gladio
553 3014 911 3069 percussurus
940 3002 1265 3072 insequitur.
1317 3002 1428 3057 Illis
1465 3017 1596 3058 vero
1626 3018 1724 3072 per
1764 3003 1921 3056 fabu-

341 3091 448 3145 lam
477 3093 603 3147 inde
636 3093 888 3161 sublatis,
913 3092 1125 3149 Procne
1151 3094 1366 3164 quidem
1397 3095 1450 3149 in
1474 3093 1757 3150 lusciniam
1783 3094 1917 3164 (26),

2013 901 2180 940 κοντα
2224 885 2376 938 λύκοι
2427 883 2821 953 διεσπάραξαν,
2854 880 3252 951 ἀμελήσαντος,
3293 881 3392 944 τὰς
3441 879 3598 948 ὄψεις

2013 977 2120 1032 ὑπὸ
2169 978 2276 1030 τῶν
2324 976 2561 1030 πολιτῶν
2616 976 2964 1029 ἐκκόπτεται.
3021 975 3131 1027 Καὶ
3181 974 3214 1043 ἡ
3269 973 3337 1040 γῆ
3381 973 3598 1043 καρπὸν

2010 1069 2474 1131 Ἀπολλωνιάταις
2502 1066 2830 1139 μηνίσαντος
2868 1066 3055 1126 αὐτοῖς
3084 1062 3180 1116 τοῦ
3211 1062 3335 1116 θεοῦ
3358 1064 3459 1116 οὐκ
3488 1062 3599 1117 ἐδί-

2013 1165 2130 1227 δου,
2185 1148 2291 1227 ἕως
2338 1162 2503 1235 τέχνῃ
2543 1162 2638 1215 καὶ
2686 1160 3032 1232 προαστείοις
3076 1157 3226 1211 δυσὶν
3278 1158 3600 1228 ἱλασάμενοι

2014 1258 2301 1330 Πειθήνιον
2352 1257 2445 1310 καὶ
2490 1255 2637 1326 οἰκίᾳ
2687 1256 2809 1327 μιᾷ,
2858 1248 2933 1308 ὧν
2962 1256 2983 1288 ⁸
3022 1255 3184 1318 αὐτὸς
3212 1254 3255 1285 ¹⁸
3282 1252 3599 1324 ᾑρετίσατο,

2013 1351 2115 1417 τὴν
2144 1349 2421 1417 ἀκαρπίαν
2454 1349 2731 1416 διέφυγον.
2763 1346 2883 1400 Τῶν
2924 1345 3206 1415 ἐπιφανῶν
3235 1344 3279 1398 δ’
3305 1340 3371 1416 ἦν
3411 1344 3439 1396 δ
3470 1345 3598 1397 Πει-

2016 1440 2219 1512 θήνιος,
2255 1440 2352 1493 καὶ
2376 1441 2491 1494 ὅσοι
2535 1439 2687 1494 ἄλλοι
2718 1440 2783 1492 ἐκ
2808 1438 3059 1510 διαδοχῆς
3106 1438 3216 1492 τῶν
3260 1436 3422 1508 ἱερῶν
3452 1431 3605 1506 εἶχον

2016 1532 2308 1603 προϐάτων
2344 1533 2442 1604 τὴν
2475 1532 2815 1603 ἐπιμέλειαν.
2859 1532 2969 1585 Καὶ
2996 1533 3029 1602 ὴ
3074 1528 3415 1585 Ἀπολλωνία
3443 1528 3605 1590 πόλις

2028 1624 2220 1689 Ἑλλάς
2250 1627 2399 1679 ἐστιν
2439 1624 2497 1677 ὲν
2526 1626 2591 1695 τῇ
2623 1622 2898 1693 Ἰλλυριῶν
2944 1626 3038 1694 γῇ,
3077 1625 3254 1676 κεῖται
3293 1621 3340 1675 δ’
3374 1621 3467 1674 ἐπὶ
3500 1620 3602 1690 τῆς

2017 1716 2313 1788 θαλάσσης,
2358 1718 2452 1770 καὶ
2503 1715 2749 1785 ποταμὸς
2778 1715 2930 1779 Λῶος
2973 1716 3013 1746 ¹¹
3061 1713 3149 1767 διὰ
3202 1713 3376 1785 μέσης
3422 1712 3604 1781 αὐτῆς

1949 1775 1990 1833 Β
2018 1808 2156 1878 ῥέων
2194 1775 2364 1870 εἰςῠτὸ
2392 1805 2577 1860 Ἰόνιον
2611 1775 2870 1860 ἐκϐάλλει
2898 1775 3135 1874 πέλαγος
3167 1775 3232 1859 ἐξ.

2097 1898 2166 1952 Ἦ
2189 1899 2270 1951 λα’
2329 1898 2405 1961 ὡς
2448 1898 2687 1967 Τηρεὺς,
2740 1897 2993 1967 βασιλεὺς
3036 1893 3270 1967 Θρᾳκῶν
3313 1892 3424 1946 τῶν
3470 1891 3606 1963 περὶ

2015 1990 2249 2045 Δαυλίαν
2277 1990 2372 2044 καὶ
2397 1988 2497 2060 τὴν
2527 1989 2698 2059 ἄλλην
2726 1989 2963 2053 Φωκίδα,
2992 1986 3186 2057 ἄγεται
3221 1985 3474 2056 Πρόκνην
3503 2001 3607 2053 γυ-

2016 2085 2179 2137 ναῖκα
2206 2082 2307 2153 τὴν
2342 2080 2630 2145 Πανδίονος
2674 2080 3054 2154 βασιλεύοντος
3093 2078 3356 2150 ’Δθηνῶν,
3388 2077 3485 2132 καὶ
3524 2076 3604 2140 ὡς

2018 2175 2266 2247 ὲπεμάνη
2315 2176 2411 2229 καὶ
2459 2176 2630 2247 ἐμίγη
2692 2174 2903 2246 ἀκούσῃ
2950 2174 3230 2245 Φιλομήλᾳ
3275 2176 3342 2244 τῇ
3395 2171 3603 2243 ἀδελφῇ

2017 2266 2292 2338 Πρόκνης,
2332 2267 2429 2320 καὶ
2465 2266 2651 2337 τέμνει
2678 2266 2722 2298 ¹³
2752 2265 2853 2336 τὴν
2892 2265 3062 2335 αὐτῆς
3085 2265 3364 2333 γλῶσσαν,
3413 2262 3606 2329 δεδιῲς

2017 2362 2109 2414 τὸν
2155 2364 2221 2415 ὲκ
2273 2361 2449 2430 λόγων
2488 2360 2781 2432 θρίαμϐον.
2841 2361 2905 2413 Ἣ
2951 2360 3008 2412 δὲ
3056 2358 3262 2412 πέπλον
3297 2357 3605 2426 ὑφαίνουσα

2016 2456 2220 2526 γράφει
2253 2455 2322 2509 τὰ
2369 2455 2516 2526 πάθη
2565 2456 2681 2515 τοῖς
2735 2453 2963 2522 νήμασι.
3001 2452 3181 2522 Καὶή
3224 2450 3443 2521 Πρόκνη
3492 2465 3602 2518 μα-

2018 2547 2188 2603 θοῦσα
2221 2550 2317 2601 καὶ
2350 2546 2666 2617 ἀμυνομένη
2704 2543 3074 2617 παρατίθησιν
3120 2541 3269 2612 αὐτῷ
3297 2542 3511 2595 δεῖπνον
3533 2539 3605 2594 τά

2018 2641 2186 2696 αὑτοῦ
2223 2640 2559 2712 γεννήματα.
2598 2639 2655 2689 '0
2683 2637 2740 2690 δὲ
2775 2637 3010 2707 Τηρεὺς,
3052 2633 3240 2706 μαθὼν
3259 2631 3353 2686 τοῦ
3380 2632 3605 2686 δείπνου

2018 2734 2081 2788 τὸ
2116 2733 2289 2804 μύσος
2321 2736 2412 2788 ὑπ’
2446 2732 2616 2802 αὐτῆς
2642 2729 2916 2800 Πρόκνης,
2961 2729 3187 2782 ἐδίωκεν
3219 2728 3390 2796 αὑτήν
3416 2742 3475 2778 τε
3504 2723 3604 2778 καὶ

2018 2824 2121 2893 τὴν
2155 2821 2388 2892 ἀδελφὴν
2413 2822 2490 2886 ὡς
2529 2822 2791 2892 συνεργὸν
2825 2821 2967 2890 ξίφει
3002 2820 3234 2874 ἀνελεῖν.
3264 2819 3376 2882 Τὰς
3406 2818 3465 2871 δὲ
3497 2815 3607 2888 μῦ-

2022 2914 2112 2978 θος
2142 2915 2185 2946 ιδ
2215 2914 2393 2967 λαϐὼν
2444 2913 2694 2967 ἐντεῦθεν
2738 2913 2989 2982 Πρόκνην
3037 2912 3136 2982 μὲν
3184 2911 3389 2981 ἀηδόνα
3435 2910 3604 2969 ποιεῖ,

2020 3008 2330 3079 Φιλομήλαν
2371 3007 2428 3060 δὲ
2462 3006 2710 3076 χελιδόνα
2736 3022 2750 3035 ·
2778 3005 2872 3059 καὶ
2926 3004 3113 3076 ᾅδουσι
3152 3003 3241 3057 διά
3275 3002 3474 3065 παντὸς
3506 3002 3607 3063 τὰς

2020 3099 2145 3154 τότε
2195 3097 2501 3170 συμφοράς.
2536 3096 2700 3150 Ἀλλά
2732 3097 2825 3150 καὶ
2873 3098 2901 3149 ὁ
2945 3097 3158 3166 Τηρεὺς
3215 3096 3296 3157 εἰς
3350 3093 3532 3146 ἔποπα
3563 3091 3607 3123 ⁸⁸

342 3185 643 3242 Philomela
685 3202 814 3242 vero
840 3187 893 3241 in
918 3186 1267 3243 hirundinem
1313 3188 1570 3254 vertitur,
1614 3197 1915 3257 canumque

2027 3192 2163 3260 ἑπτη
2197 3158 2279 3261 τῶ
2310 3158 2487 3261 μύθῳ..
2540 3190 2650 3244 Καὶ
2672 3190 2782 3243 οὐδ’
2815 3190 2873 3241 ὲν
2916 3158 3370 3256 δρν-ίσινγαὺτοὺς
3402 3187 3444 3217 ¹⁶
3475 3202 3610 3255 φασι

339 3290 603 3348 perpetuo
648 3295 778 3335 suas
829 3279 951 3335 illas
1003 3280 1361 3336 calamitates.
1389 3280 1496 3336 Sed
1536 3289 1593 3336 et
1624 3279 1834 3336 Tereus
1867 3280 1920 3335 in

341 3386 577 3441 upupam
610 3388 790 3439 avem,
820 3383 879 3428 ut
903 3372 1102 3428 fabulae
1140 3373 1406 3443 referunt,
1441 3374 1923 3430 mutatus:aiunt-

2027 3282 2340 3336 πεπαῦσθαι
2370 3283 2471 3352 τῆς
2493 3282 2686 3352 ὀργῆς,
2742 3280 2859 3336 ἀλλ’
2891 3280 3093 3344 έποπες
3118 3280 3208 3333 ἀεὶ
3247 3278 3480 3350 ἀηδόνας
3515 3275 3614 3331 καί⁵

2027 3374 2304 3446 χελιδόνας
2336 3377 2379 3406 ¹⁷
2405 3374 2715 3429 διώκουσιν.

339 3485 447 3539 que
496 3473 618 3537 hos,
661 3485 731 3525 ne
780 3485 909 3527 aves
949 3470 1168 3542 quidem
1209 3471 1406 3536 l’actos,
1455 3472 1591 3527 iram
1640 3472 1989 3542 deposuisse,
2031 3475 2246 3541 quando
2309 3487 2501 3542 upupa:
2555 3480 2813 3541 perpetuo
2864 3468 3185 3523 hirundines
3244 3474 3406 3533 atque
3443 3438 3611 3515 lusci—

343 3568 464 3620 nias
497 3567 853 3623 insectantur.

420 3658 722 3714 Tricesima
748 3660 983 3715 secunda
1011 3678 1025 3716 :
1054 3660 1128 3716 De
1144 3660 1482 3732 Eur0pa(27)
1508 3660 1783 3719 Phazuicis
1805 3662 1923 3732 (9.8)

343 3751 456 3806 ﬁlia
483 3766 514 3805 e
539 3762 830 3821 conspectu
876 3753 1109 3819 sublata,
1157 3763 1328 3824 utque
1376 3754 1517 3810 ﬁlios
1554 3767 1709 3826 pater
1737 3758 1804 3810 ad
1834 3771 1924 3811 so-

347 3857 529 3899 rorem
564 3843 995 3914 investigandam
1030 3844 1319 3900 dimiserit.
1372 3845 1429 3900 In
1464 3847 1549 3901 his
1576 3847 1742 3901 etiam
1777 3846 1923 3901 Cad-

347 3947 470 3986 mus
502 3930 635 4000 lfuit,
675 3931 896 4000 quicum
930 3948 1038 3986 una
1078 3943 1129 3987 et
1162 3932 1413 3999 Proteus,
1439 3933 1706 3991 Busiridis
1740 3947 1924 4007 tyran—

348 4023 529 4078 nidem
565 4023 791 4088 veritus,
820 4040 884 4079 ex
916 4024 1155 4095 Egypto
1187 4025 1413 4097 trajicit.
1440 4028 1605 4083 Addit
1652 4027 1924 4097 quomodo

347 4125 476 4186 post
504 4118 683 4172 varios
715 4133 935 4174 errores
972 4117 1107 4172 nihil
1155 4118 1526 4186 invenientes,
1564 4120 1618 4175 in
1648 4119 1922 4174 Pallenam

2118 3656 2182 3709 Ἦ
2208 3653 2288 3724 λβ¹
2320 3652 2389 3707 τά
2435 3653 2566 3722 περὶ
2611 3650 2882 3722 Εὐρώπης
2916 3650 3019 3719 τῆς
3053 3647 3298 3710 Φοίνικος
3342 3639 3617 3712 θυγατρὸς

2027 3745 2270 3819 ἀφανοῦς
2311 3743 2711 3815 γεγενημένης,
2750 3742 2845 3795 καὶ
2873 3740 2948 3803 ώς
2991 3737 3229 3807 πέμψειε
3258 3736 3385 3798 τοὺς
3421 3734 3559 3794 υἱεῖς
3587 3731 3619 3784 ὁ

2026 3840 2212 3912 πατὴρ
2238 3838 2381 3893 κατὰ
2422 3838 2649 3908 ζήτησιν
2684 3835 2784 3905 τῆς
2829 3834 3088 3904 ἀδελφῆς,
3114 3826 3189 3885 ὧν
3218 3826 3287 3901 ἦν
3332 3830 3426 3882 καὶ
3465 3826 3617 3882 Κάδς-

2031 3952 2152 4005 μος,
2168 3931 2289 4004 μεθ’
2307 3926 2368 3985 οῦ
2386 3929 2710 3998 συναπαίρει
2722 3927 2818 3982 καί
2839 3926 3097 3998 Πρωτεὺς
3115 3924 3175 3992 ἐξ
3198 3922 3334 3990 Αίγύ
3345 3937 3499 3984 πτου,
3515 3920 3617 3989 τὴν

2032 4025 2342 4096 Βουσίριδος
2365 4020 2554 4085 δεδιὼς
2600 4019 2903 4091 βασιλείαν.
2932 4018 3043 4073 Καὶ
3099 4016 3176 4080 ὡς
3221 4016 3361 4084 μετά
3413 4011 3625 4080 πολλὴν

2032 4117 2241 4187 πλάνην
2256 4114 2425 4187 μηδὲν
2440 4114 2499 4166 εὑ
2510 4113 2694 4183 ρόντες
2706 4112 2969 4180 κατέσχον
2985 4111 3066 4172 είς
3086 4106 3387 4178 Παλλήνην,
3417 4104 3514 4159 καὶ
3542 4103 3621 4167 ὼς

349 4210 625 4275 venerint,
655 4220 825 4281 utque
878 4210 1127 4275 Proteus,
1192 4209 1551 4279 hospitalibus
1605 4212 1915 4266 muneribus

2033 4209 2291 4280 Πρωτεὺς
2320 4207 2473 4274 ξένια
2501 4206 2625 4269 δοὺς
2655 4204 2838 4275 Κλίτῳ
2880 4205 2972 4257 καὶ
3004 4199 3185 4254 λαϐὼν
3221 4198 3404 4268 φιλίαν
3438 4195 3621 4266 (βασι-

349 4301 492 4358 Clito
532 4301 765 4366 oblatis,
797 4302 1145 4372 amicitiaque
1190 4302 1322 4357 inita
1366 4303 1556 4375 l36b
1601 4303 1915 4374 (eratClitut

2033 4303 2157 4366 λεὺς
2186 4302 2229 4355 δ’
2270 4296 2339 4371 ἧν
2368 4302 2397 4354 ὁ
2447 4299 2642 4362 Κλίτος
2686 4296 2923 4367 σώφρων
2972 4296 3068 4347 καὶ
3115 4293 3322 4355 δίκαιος
3364 4288 3619 4344 Σιθώνων

347 4394 442 4448 hic
483 4408 579 4448 rex
621 4394 857 4462 prudens
882 4405 939 4448 et
963 4395 1144 4464 justus
1169 4394 1458 4451 Sithonum
1492 4394 1739 4451 Thraciae
1763 4412 1932 4466 popu-

351 4486 552 4554 lorum)
614 4485 782 4541 ﬁliam
834 4487 954 4556 ejus
1007 4484 1363 4558 Cbrysonoen
1420 4503 1645 4545 uxorem
1693 4489 1929 4543 duxerit.

2034 4397 2276 4469 Θρᾳκίου
2309 4394 2517 4466 ἔθνους)
2549 4393 2743 4462 ἄγεται
2770 4390 3027 4461 Πρωτεὺς
3056 4389 3292 4456 γυναῖκα
3315 4384 3413 4449 τὴν
3443 4383 3621 4450 θυγα-

2034 4492 2170 4562 τέρα
2222 4488 2559 4560 Χρυσονόην.
2594 4480 2716 4558 [ul
2756 4482 2850 4556 PL]
2896 4482 3007 4537 Καὶ
3047 4477 3326 4533 Βισαλτῶν
3367 4474 3494 4547 [227
3527 4470 3623 4544 ίί.]

352 4574 571 4629 Bisaltis
600 4575 792 4631 deinde
821 4577 993 4645 patria
1024 4592 1121 4631 sua
1157 4591 1223 4632 eo
1249 4577 1388 4632 bello
1410 4578 1603 4647 pulsis,
1636 4577 1778 4648 quod
1802 4578 1915 4649 ipsi!

2036 4582 2421 4639 ἀπελαθέντων
2470 4581 2572 4650 τῆς
2602 4579 2809 4641 οἰκείας
2852 4577 2957 4645 γῆς
2996 4573 3075 4644 τῷ
3127 4573 3263 4643 πρὸς
3293 4568 3493 4631 αὐτοὺς
3527 4583 3629 4619 πο-

351 4682 384 4720 a
414 4665 557 4721 Clito
583 4676 638 4722 et
663 4665 854 4723 Proteo
879 4668 1086 4724 illatum
1108 4677 1213 4736 est,
1240 4670 1541 4741 regionililli
1574 4669 1801 4726 Proteus
1831 4672 1933 4726 itu-

354 4758 588 4829 peravit,
640 4760 930 4831 genuitque
979 4763 1151 4832 patris
1197 4762 1357 4833 longe
1385 4763 1679 4820 dissimiles
1709 4762 1931 4828 liberos,

2037 4677 2210 4747 λέμῳ,
2239 4676 2299 4729 ὃν
2338 4673 2648 4741 ἐπολέμησε
2681 4670 2878 4733 Κλῖτος
2904 4667 3001 4721 καὶ
3032 4664 3310 4736 Πρωτεὺς,
3347 4657 3627 4732 βασιλεύει

2035 4771 2132 4838 τῆς
2167 4767 2351 4839 χώρας
2378 4766 2659 4837 Πρωτεὺς,
2691 4762 2790 4816 καί⁸
2827 4761 3004 4815 τίκτει
3035 4758 3232 4821 παῖδας
3258 4756 3358 4825 οὐχ
3400 4750 3629 4823 ὁμοίους

1654 4878 1887 4934 VARIIE
1930 4879 2229 4935 LECTION
2238 4877 2341 4933 ES.

472 4991 629 5067 ῂλίου
658 4993 704 5046 Α
734 4991 864 5067 ετοῦ
892 4993 1042 5067 ἡλίου
1074 5014 1135 5061 cy.
1161 4994 1340 5067 αὐτῶν
1362 4994 1466 5067 (vel
1500 4995 1689 5063 αὐτοῦ)
1719 4996 1872 5066 ἑξήκ.
1898 4998 1954 5051 λ.
1978 4997 2157 5052 διεσπ.
2183 4994 2344 5064 ἀμελ.
2376 4995 2459 5067 Α]
2486 4990 2865 5067 ἀμελεμτούτου
2894 4986 3249 5067 αὐτῶν
3278 4984 3329 5037 λι
3360 4983 3542 5067 ita”;
3562 4997 3630 5067 ς·

358 5074 380 5105 ⁸
400 5057 500 5135 ὧν]

531 5064 599 5137 ἦν
638 5078 803 5137 corr-
829 5062 1010 5137 A.V_‘°
1041 5066 1230 5137 αὐτὸς]
1268 5062 1976 5137 ultimaelitteraecorrecue
2009 5067 2063 5121 in
2103 5069 2169 5121 Α.
2220 5062 2376 5137 ἓπιφ.
2416 5064 2460 5118 δ’
2488 5066 2531 5118 Α
2573 5062 2668 5137 ιδ’
2713 5065 2867 5137 επιφ.

361 5137 405 5176 ¹¹
431 5132 512 5197 είς
540 5132 602 5203 τὸ
639 5133 825 5187 Ἰόνιον
855 5134 975 5189 έκϐ.
1013 5137 1138 5190 πέλ.
1169 5132 1251 5191 Αἰ
1283 5140 1375 5191 καὶ
1420 5134 1577 5200 οὗτος
1608 5136 1727 5190 ὲκό.
1772 5138 1853 5200 εἰς
1910 5137 1973 5189 τὸ
2035 5137 2237 5190 Ἰώνιον
2295 5132 2415 5188 πέλ.
2462 5152 2525 5199 ς.
2604 5134 2648 5167 ’³
2676 5136 2865 5203 τέμνοι
2899 5149 2960 5197 ς.

2919 5079 2981 5126 ς.
3060 5060 3102 5090 ¹¹
3143 5051 3316 5117 ’Ᾱῶος
3364 5051 3629 5126 Κιιεηιίιιε.

3050 5130 3094 5160 ¹⁵
3124 5128 3183 5182 δὲ
3234 5126 3312 5189 ώς
3360 5121 3530 5195 μῦθος
3565 5138 3629 5186 ς.

363 5206 407 5239 ⁸⁵
437 5207 518 5270 εἰς
553 5201 757 5276 ἔποπαῖ
799 5206 907 5259 vid.
961 5205 1346 5278 Wyttenbach.
1395 5207 1606 5279 Eunap.
1655 5207 1715 5274 2,
1736 5223 1789 5279 p.
1824 5208 1946 5263 l86.
2015 5209 2059 5240 ιθ
2088 5208 2257 5270 αὑτάς
2291 5224 2351 5271 ς.
2425 5207 2467 5237 ³⁷
2504 5201 2782 5276 χελιδόνας
2818 5205 2917 5257 καὶ
2940 5201 3173 5272 ἀηδόνας
3205 5215 3269 5263 ς.

1857 5318 2094 5377 NOTAE.

441 5419 554 5489 (22)
578 5421 841 5476 Evenium
884 5420 1129 5474 nominat
1147 5418 1404 5474 "erodat.
1436 5415 1693 5489 Calliope,
1715 5419 1816 5475 sub
1838 5418 1933 5473 lin.

370 5489 460 5544 ubi
494 5492 700 5557 integra
730 5493 843 5546 haec
869 5490 1113 5545 narratio
1140 5490 1350 5560 legitur.

440 5560 554 5633 (25)
582 5560 658 5633 De
692 5577 800 5632 quo
840 5565 1058 5624 Strabo,
1077 5561 1184 5633 _lib.
1223 5576 1295 5614 vtt
1326 5561 1380 5617 in
1415 5561 1659 5633 Illyride.

447 5630 532 5693 (Ἡ
561 5629 733 5688 Αὺυεζ
766 5634 948 5687 Strab.
989 5642 1043 5687 et
1075 5629 1192 5686 Liv.

434 5699 930 5775 (25ianusan.__in
982 5705 1192 5775 Atticis,
1249 5711 1306 5757 et
1372 5703 1666 5775 mytholugi
1727 5716 1936 5775 omnes.

378 5767 751 5843 Vide'q‘uoque
776 5773 979 5830 Elian.
1021 5773 1232 5831 Variar.
1267 5775 1393 5832 hist.
1423 5767 1515 5831 lib.
1547 5767 1646 5840 ιιιζ
1681 5789 1804 5845 cap.
1846 5771 1940 5828 20.

2118 5414 2231 5486 (26)
2257 5414 2390 5486 Cum
2420 5414 2523 5486 hoc
2543 5413 2708 5467 sentit
2739 5410 3023 5486 Aristoph.
3057 5408 3107 5463 in
3126 5408 3318 5463 Avibus
3340 5423 3361 5475 ;
3380 5404 3631 5478 Apoliod.

2045 5482 2143 5541 lib.
2183 5482 2313 5540 x'xxt
2354 5483 2612 5538 Biblioth.
2647 5494 2700 5537 et
2730 5484 2819 5536 alii
2857 5482 3059 5551 plures.

2116 5555 2229 5625 (27)
2271 5556 2401 5609 Vide
2431 5551 2566 5609 Nat.
2592 5553 2783 5609 Comit.
2814 5549 2868 5608 et
2892 5567 3126 5625 caeteros
3157 5549 3522 5625 mythologos.
3588 5615 3602 5625 .

2117 5622 2229 5696 ('28)
2259 5625 2616 5695 Apollodorus
2656 5625 2748 5680 lib.
2778 5640 2841 5696 tu
2880 5622 3138 5678 Biblioth.
3194 5622 3315 5696 init.
3366 5622 3638 5696 Agenoris

2048 5690 2221 5752 fuisse
2242 5690 2445 5749 mavult
2475 5714 2489 5751 :
2525 5696 2614 5753 ubi
2652 5707 2706 5752 et
2739 5695 2845 5751 alia
2884 5697 3130 5766 quaedam
3162 5693 3322 5750 aliter
3350 5707 3516 5766 quam
3544 5690 3636 5746 hic

2050 5776 2268 5825 narrata
2303 5766 2475 5838 legas.
3538 5782 3541 5785 '
