3932 6240
287 327 400 390 569

1308 318 1837 381 BIBLIOTHECA.
1874 342 1943 356 -
1958 315 2127 378 COD.
2143 314 2499 377 CLXXXVI.

3431 304 3533 372 570

284 438 461 505 αὑτῳ,
492 433 607 488 ἀλλ’
633 430 817 503 ὠμοὺς
864 430 961 485 κα.)⁸
1015 437 1390 501 παρανόμους,
1445 430 1539 495 οὓς
1587 429 1866 498 Ἡρακλῆς

1977 427 2208 483 crudeles
2242 426 2529 481 admodum
2556 434 2719 494 atque
2745 422 3000 493 iniustos,
3025 420 3117 489 qui
3154 427 3277 489 post
3303 418 3370 472 ab
3402 416 3535 473 Iler-

287 525 662 598 μισοπόνηρος
691 523 766 577 ὣν
794 525 1025 593 ἀναιρεῖ.
1063 523 1174 575 Καὶ
1201 523 1381 585 αὐτοῖς
1420 523 1519 591 μὲν
1546 523 1587 554 ⁸⁸
1622 522 1650 574 6
1680 519 1864 590 πατὴρ

285 619 454 691 χῶμα
478 618 702 688 ἔχωσεν,
746 617 1015 689 Ἡρακλέα
1048 616 1102 669 δὲ
1127 611 1213 686 (ἦν
1242 615 1351 687 γὰρ
1394 614 1618 684 ἐναγὴς)
1656 614 1864 685 καθῆρε

284 713 389 767 τοῦ
429 713 614 781 φόνου.

283 813 289 818 “
371 805 441 858 Ἠ
468 805 549 872 λγ¹
579 805 657 859 ῶς
712 802 991 871 Δήμοκλος
1020 803 1048 855 6
1090 800 1291 869 Δελφὸς
1335 800 1502 870 γεννᾷ
1549 799 1713 853 παῖδα
1766 801 1860 853 ὲκ·-

283 899 478 966 πρεπῆ
509 897 745 965 Σμῖκρον
778 895 819 925 ¹⁹
849 893 1018 964 ὄνομα
1038 911 1051 925 ο
1079 893 1176 945 καὶ
1197 893 1271 955 ὡς
1299 891 1424 945 πλεῖ
1452 890 1592 945 κατὰ
1619 890 1865 962 χρησμὸν

284 989 388 1042 ἐπὶ
439 989 708 1058 Μιλήτου,
743 986 881 1058 ἔχων
932 988 1049 1056 μεθ’
1100 984 1292 1039 ἑαυτοῦ
1336 986 1430 1038 καὶ
1475 984 1566 1038 τὸν
1614 983 1779 1037 παῖδα
1807 984 1866 1037 ἐν

284 1082 483 1151 ἡλικία
508 1098 523 1112 ο
574 1081 666 1133 καὶ
704 1080 777 1143 ὡς
828 1080 1225 1148 καταλιμπάνει
1277 1077 1466 1131 τοῦτον
1522 1076 1725 1148 σπουδῇ
1771 1075 1864 1130 τοῦ

286 1173 597 1226 ἐκπλεῦσαι
625 1173 719 1226 καὶ
753 1171 966 1243 ἀγνοίᾳ,
996 1170 1440 1238 τρισκαιδέκατον
1470 1156 1665 1239 ἔχοντα
1709 1166 1827 1229 ἔτος
1848 1183 1862 1196 ·

288 1264 392 1317 κα)⁵
422 1264 499 1327 ὡς
543 1265 677 1327 παῖς
700 1261 1023 1333 Ἐριθάρσου
1066 1260 1287 1321 αἰπόλος
1339 1259 1747 1327 καταλαμϐάνει
1775 1256 1866 1310 τὸν

287 1356 539 1425 Σμῖκρον
570 1353 905 1424 ἀθυμοῦντα,
940 1353 1035 1406 καὶ
1063 1353 1186 1421 ἄγει
1212 1352 1348 1422 πρὸς
1378 1352 1470 1404 τὸν
1508 1351 1748 1422 πατέρα’
1774 1351 1870 1405 καὶ

285 1450 317 1500 ὁ
341 1447 676 1517 Ἑριθάρσης
723 1447 823 1499 οὐκ
861 1446 1083 1500 ἔλαττον
1109 1444 1205 1498 τοῦ
1255 1443 1384 1496 ἰδίου
1436 1443 1646 1507 παιδὸς,
1685 1442 1870 1513 μαθὼν

285 1542 393 1599 τὰς
425 1538 598 1608 τύχας
637 1537 731 1591 καὶ
760 1536 820 1590 τὸ
845 1539 891 1569 ⁸ο
925 1537 1080 1605 γένος
1108 1534 1204 1588 τοῦ
1240 1535 1504 1606 Σμίκρου,
1547 1534 1740 1588 ,τοῦτον
1770 1551 1870 1586 πε-

290 1632 495 1701 ριεῖπε.
529 1630 638 1683 Καὶ
661 1630 789 1701 περὶ
811 1627 905 1682 τοῦ
938 1628 1150 1681 Κύκνου
1171 1628 1265 1681 τοῦ
1290 1626 1682 1695 συλληφθέντος
1705 1627 1872 1696 ἄμφω

288 1727 403 1786 τοῖς
434 1725 615 1789 παισὶ,
647 1724 742 1776 καλ⁵
774 1723 870 1791 τῆς
917 1721 1114 1793 ἔριδος,
1154 1720 1250 1774 καὶ
1284 1719 1379 1773 τοῦ
1421 1720 1522 1789 τῆς
1564 1717 1871 1781 Λευκοθέας

287 1818 606 1886 φάσματος,
641 1815 717 1878 ὡς
742 1816 786 1845 ³³
818 1814 961 1867 εἴποι
990 1830 1049 1866 τε
1076 1814 1189 1876 τοῖς
1220 1811 1378 1865 παισὶ
1406 1812 1545 1882 πρὸς
1571 1810 1868 1879 Μιλησίους

288 1906 459 1974 φάναι
490 1907 657 1976 τιμᾷν
695 1903 866 1973 αὐτὴν
907 1903 1001 1957 καὶ
1035 1902 1242 1956 παίδων
1270 1902 1457 1969 ἀγῶνα
1481 1903 1749 1971 γυμνικὸν
1775 1919 1869 1954 τε·

285 1997 402 2050 λεῖν
432 1997 574 2066 αὐτῇ
599 2013 614 2027 ο
646 1996 882 2066 ἡσθῆναι
915 1996 1022 2065 γὰρ
1051 1994 1223 2065 αὐτὴν
1249 1997 1314 2064 τῇ
1343 1993 1479 2066 ἔριδι
1505 1993 1614 2046 τῶν
1639 1995 1865 2048 παίδων.

286 2088 403 2143 Καὶ
432 2087 511 2151 ὡς
543 2090 573 2142 6
612 2088 851 2157 Σμῖκρός
904 2104 1049 2150 τινος
1077 2086 1184 2140 τῶν
1215 2088 1272 2138 ὲν
1314 2086 1603 2157 Μιλησίοις
1644 2085 1868 2151 ἐνδόξων

288 2178 572 2248 θυγατέρα
616 2182 804 2246 γαμεῖ,
846 2177 941 2231 καὶ
986 2176 1126 2247 αὕτη
1178 2178 1440 2231 τίκτουσα
1480 2178 1582 2249 ὁρᾷ
1615 2177 1737 2245 ὄψιν
1778 2178 1869 2230 τὸν

284 2264 440 2334 ἣλιον
495 2266 634 2337 αὐτῇ
669 2267 713 2296 ²²
751 2265 837 2318 διὰ
887 2265 980 2319 τοῦ
1036 2267 1302 2336 στόματος
1348 2266 1598 2327 εἰσδύντα
1653 2266 1739 2319 διὰ
1771 2267 1869 2334 τῆς

286 2356 531 2427 γαστρὸς
565 2358 611 2389 ’³
643 2357 737 2410 καὶ
787 2357 895 2409 τῶν
950 2357 1163 2410 αἰδοίων
1195 2356 1516 2421 διεξελθεῖν·
1552 2356 1647 2410 καὶ
1702 2352 1771 2427 ἦν
1807 2355 1868 2409 τὸ

286 2448 471 2520 ὅραμα
497 2450 613 2511 τοῖς
640 2450 899 2519 μάντεσιν
926 2449 1148 2517 ἀγαθόν.
1169 2449 1282 2502 Καὶ
1302 2448 1455 2502 ἔτεκε
1481 2448 1663 2519 κόρον,
1692 2449 1871 2519 Βράγ-

286 2558 380 2610 χον
412 2538 528 2592 ἀπὸ
558 2538 651 2591 τοῦ
681 2538 890 2606 ὀνείρου
916 2538 1215 2604 καλέσασα,
1242 2539 1324 2591 ὅτι
1356 2538 1385 2590 6
1412 2538 1563 2608 ἥλιος
1589 2538 1760 2606 αὐτῆς
1780 2538 1871 2591 διὰ

288 2629 383 2685 τοῦ
430 2631 674 2701 βράγχου
721 2629 966 2699 διεξῆλθε
998 2631 1064 2684 ³⁸.
1105 2630 1216 2683 Καὶ
1241 2625 1310 2701 ἦν
1344 2631 1372 2682 6
1404 2632 1536 2693 παῖς
1585 2628 1870 2692 κάλλιστος

288 2724 618 2794 ἀνθρώπων,
654 2723 748 2777 καὶ
783 2723 945 2778 αὑτὸν
990 2722 1248 2792 ἐφίλησεν
1281 2722 1535 2793 ἐρασθεὶς
1568 2722 1867 2783 Ἀπόλλων,

289 2811 469 2885 εὑρὼν
498 2813 879 2882 ποιμαίνοντα,
911 2810 1040 2863 ἔνθα
1087 2810 1271 2881 βωμὸς
1306 2811 1644 2876 Ἀπόλλωνος
1692 2812 1868 2882 φιλίου

289 2905 527 2976 ἵδρυται.
565 2904 626 2956 '0
648 2904 702 2957 δὲ
726 2904 973 2974 Βράγχος
998 2901 1058 2967 ἐξ
1084 2902 1417 2965 Ἀπόλλωνος
1448 2904 1709 2966 ἐπίπνους
1735 2920 1869 2974 μαν-

287 2996 452 3063 τικῆς
477 2993 716 3063 γεγονὼς
747 2998 802 3047 ὲν
831 2994 1084 3063 Διδύμοις
1116 2992 1193 3063 τῷ
1229 2995 1415 3064 χωρίῳ
1444 2993 1601 3065 ἔχρα.
1630 2997 1738 3049 Καὶ
1772 2996 1869 3066 μέ-

1968 516 2105 580 culc,
2132 520 2272 584 quod
2302 514 2576 583 improbos
2603 513 2761 567 valde
2801 511 3026 573 odisset,
3057 509 3223 566 occisi
3277 516 3420 562 sunt.
3470 506 3536 559 Et

1968 622 2165 676 parens
2206 608 2317 675 ipse
2391 605 2653 659 tumulum
2709 601 2821 657 suis
2866 600 3086 666 eﬂ‘odit,
3143 598 3536 665 Herculemque

1968 700 2112 753 caede
2148 698 2407 767 pollutum
2437 694 2694 764 expiavit.

2037 784 2327 839 Tricesima
2363 785 2517 839 tertia
2551 802 2565 837 :
2600 780 2885 835 Democlus
2907 779 3140 846 Delphus
3163 777 3329 830 lilium
3353 774 3538 843 genuit

1964 879 2163 949 insigni
2201 878 2396 941 forma,
2425 877 2510 931 cui
2541 873 2746 930 Smicro
2768 871 2880 942 (9.9)
2916 886 3131 936 nomen,
3156 868 3538 937 navigavitque
3602 886 3607 897 -

1964 974 2201 1029 Miletum
2226 972 2294 1027 ad
2316 970 2699 1024 consulendum
2722 963 3021 1025 oraculum,
3045 963 3205 1014 ducto
3224 973 3407 1012 secum
3429 955 3538 1008 lilio

1965 1082 2229 1123 annorum
2257 1062 2511 1120 tredecim
2543 1073 2757 1128 :quem,
2785 1056 2946 1109 nimis
2990 1053 3243 1107 festinato
3278 1049 3539 1116 navigan-

1967 1162 2018 1215 di
2049 1159 2256 1219 studio,
2299 1165 2461 1224 atque
2504 1149 2838 1219 imprudens.
2872 1147 2941 1199 ibi
2977 1146 3217 1214 reliquit.
3255 1142 3537 1194 Inventum

1968 1254 2151 1323 itaque
2191 1250 2397 1302 tristem
2457 1245 2750 1303 Smicrnm.
2817 1239 3103 1309 caprarius
3140 1236 3381 1305 quidam,
3415 1232 3537 1286 Eri—

1971 1342 2136 1397 tharsi
2188 1339 2359 1400 ﬁlius,
2391 1337 2457 1390 ad
2485 1346 2688 1403 patrem
2718 1332 2934 1387 adducit
2962 1347 2976 1383 :
3003 1328 3093 1398 qui
3127 1342 3230 1380 non
3259 1340 3416 1381 secus
3451 1332 3535 1376 at-

1972 1448 2076 1502 que
2097 1446 2250 1486 snum
2282 1429 2447 1481 lilium
2464 1469 2478 1493 ,
2503 1425 2715 1493 cognita
2745 1423 2895 1491 pueri
2918 1431 2972 1474 ct
2997 1419 3304 1473 conditione
3329 1427 3383 1470 et
3410 1417 3539 1469 stir-

1974 1540 2060 1595 pe,
2091 1525 2312 1578 honeste
2339 1535 2461 1573 cum
2482 1520 2619 1587 apud
2645 1531 2704 1571 se
2729 1513 2938 1570 habuit.
2966 1510 3162 1565 Narrat
3188 1520 3243 1564 et
3266 1509 3331 1562 de
3352 1507 3535 1577 Cycno

1974 1634 2095 1673 cum
2155 1618 2361 1671 duobus
2391 1612 2514 1666 liliis
2544 1619 2699 1680 capto
2720 1646 2734 1671 ,
2760 1608 2935 1673 deque
2968 1603 3347 1664 contentione,
3383 1613 3446 1652 ac
3472 1597 3539 1651 de

1975 1709 2292 1764 Leucotheae
2348 1715 2584 1775 spectro.
2621 1699 2900 1768 Quomodo
2925 1699 3039 1752 hrec
3074 1694 3254 1764 pueris
3304 1691 3536 1753 dixerit,

1971 1800 2206 1855 Milesios
2229 1805 2287 1852 ut
2311 1797 2662 1852 admonerent
2687 1832 2701 1858 ,
2730 1793 2901 1860 ipsam
2929 1786 3315 1851 houorandam,
3341 1792 3394 1835 et
3414 1795 3541 1851 pue-

1969 1908 2152 1948 rorum
2179 1900 2453 1945 certamen
2480 1887 2789 1958 gymnicum
2822 1882 2923 1949 ipsi
2942 1878 3300 1935 exhibendum
3328 1892 3342 1928 :
3368 1870 3539 1927 laetari

1969 1985 2112 2057 enim
2143 1997 2201 2036 se
2232 1995 2518 2051 puerorum
2541 1976 2902 2031 contentione.
2926 1971 3089 2025 Addit
3103 1969 3286 2033 etiam,
3316 1975 3374 2019 ut
3394 1962 3538 2018 Smi-

1969 2091 2127 2139 crus,
2161 2073 2294 2128 clari
2322 2070 2599 2140 cujusdam
2640 2068 2778 2138 apud
2803 2065 3039 2120 Milesios
3064 2060 3165 2115 viri
3209 2058 3375 2112 ﬁliam
3401 2068 3537 2111 uxo-

1971 2183 2084 2223 rem
2112 2166 2360 2229 duxerit,
2385 2178 2507 2233 quat
2528 2162 2743 2230 pariens
2775 2157 3071 2214 secundum
3090 2152 3326 2224 quietem
3352 2148 3541 2201 videre

1969 2260 2081 2313 visa
2109 2259 2181 2313 sit
2203 2297 2220 2322 ,
2247 2257 2416 2312 solem
2441 2270 2536 2325 per
2560 2269 2622 2309 os
2655 2253 2825 2322 ipsam
2842 2249 3022 2305 subire
3041 2287 3055 2311 ,
3083 2255 3133 2298 et
3170 2256 3263 2312 per
3294 2248 3539 2295 ventrem

1970 2362 2131 2420 atque
2163 2349 2394 2405 verenda
2421 2346 2623 2416 egredi.
2644 2342 2795 2410 Quod
2816 2341 2990 2394 visum
3014 2338 3208 2391 bonum
3237 2345 3354 2395 esse
3379 2343 3541 2384 omen

1969 2454 2119 2498 vates
2148 2439 2506 2510 interpretati,
2540 2435 2747 2506 peperit
2776 2432 2864 2487 illa
2896 2430 3062 2483 (ilium
3090 2465 3104 2487 ,
3131 2422 3544 2487 Branchumque

1970 2552 2000 2591 a
2026 2536 2237 2590 somnio
2266 2530 2591 2591 nominavit,
2624 2541 2689 2579 eo
2716 2525 2855 2593 quod
2878 2537 2972 2591 per
2998 2520 3184 2572 fauces
3214 2529 3283 2568 ex
3319 2514 3431 2581 ipsa
3452 2510 3535 2565 sol

1969 2640 2219 2696 egressus
2231 2633 2374 2678 esset
2386 2620 2520 2693 (50).
2533 2605 3378 2671 llicmortaliumformosissimus
3389 2615 3544 2671 puer,

1970 2723 2040 2777 ab
2061 2720 2399 2790 Apollineest
2421 2719 2702 2769 adamatus
2722 2749 2736 2772 ,
2763 2724 2884 2763 cum
2904 2720 3033 2760 oves
3056 2708 3368 2773 pascentem
3390 2710 3540 2762 repe-

1972 2816 2151 2869 risset.
2176 2809 2278 2865 Ubi
2311 2818 2368 2863 et
2387 2823 2478 2862 ara
2501 2803 2765 2874 Apollinis
2786 2798 3018 2855 amantis
3036 2801 3368 2850 consecrata.
3387 2787 3546 2841 Brant

1968 2910 2104 2962 chus
2130 2921 2262 2961 vero
2280 2945 2298 2969 ,
2329 2901 2591 2973 Apollinis
2619 2900 2759 2953 dono
2785 2890 3114 2949 vaticinandi
3143 2897 3260 2942 arte
3292 2886 3545 2944 donatus,

1972 3000 2218 3069 Didymis
2275 2971 2496 3052 oracula
2543 2990 2806 3052 reddidit,
2842 2986 3147 3051 hodieque,
3182 2981 3326 3033 inter
3368 2971 3547 3028 omnia

291 3106 382 3159 χρι
413 3088 463 3119 ’⁸
487 3089 582 3140 νῦν
632 3086 983 3158 χρηστηρίων
1024 3085 1351 3154 Ἑλληνικῶν
1384 3079 1460 3141 ὧν
1514 3086 1691 3157 ίσμεν,
1732 3088 1871 3158 μετὰ

1977 3106 2091 3162 qua!
2123 3090 2402 3153 novimus,
2433 3086 2619 3141 Graeca
2656 3078 2873 3136 oracula
2897 3116 2913 3142 ,
2946 3072 3374 3131 Branchidarum
3419 3079 3550 3118 ora-

291 3179 536 3245 Δελφοὺς
562 3180 852 3248 κράτιστον
887 3177 1233 3247 ὁμολογεῖται
1279 3177 1341 3231 τὸ
1375 3175 1484 3230 τῶν
1530 3178 1869 3249 Βραγχιδῶν.

371 3271 444 3324 Ἠ
472 3270 545 3323 λδ¹
573 3271 649 3333 ὡς
687 3270 827 3341 μετὰ
844 3269 1101 3340 τελευτὴν
1131 3269 1483 3341 Ἀλεξάνδρου
1512 3270 1604 3324 τοῦ
1641 3272 1876 3341 Πάριδος

293 3366 341 3417 οἱ
365 3364 624 3434 Πριάμου
648 3364 839 3426 παῖδες
863 3363 1085 3426 Ἕλενος
1112 3364 1206 3416 καὶ
1225 3362 1493 3433 Δηΐφοϐος
1515 3362 1705 3434 ἤριζον
1732 3363 1875 3435 ὑπὲρ

294 3456 401 3509 τῶν
446 3456 666 3526 Ἑλένης
695 3456 911 3526 γάμων,
955 3455 1051 3509 καὶ
1088 3455 1287 3526 κρατεῖ
1315 3454 1407 3524 βίᾳ
1460 3454 1556 3508 καὶ
1608 3453 1878 3526 θεραπείᾳ

293 3547 401 3600 τῶν
439 3547 682 3601 δυνατῶν
713 3546 996 3618 Δηΐφοϐος,
1032 3545 1296 3617 νεώτερος
1327 3544 1403 3598 ὣν
1446 3544 1687 3602 Ἑλένου.
1722 3545 1879 3598 Ἔλε-

297 3659 382 3701 νος
421 3640 500 3705 δὲ,
534 3641 634 3712 τὴν
662 3638 819 3709 ὕϐριν
844 3639 906 3692 οὐ
948 3639 1148 3710 φέρων,
1182 3640 1262 3702 εἰς
1286 3638 1385 3709 τὴν
1417 3636 1559 3708 Ἴδην
1583 3637 1877 3709 ἀποχωρή-

301 3752 396 3797 σας
434 3734 702 3804 ήσύχαζε.
732 3732 844 3784 Καὶ
877 3731 1018 3784 κατὰ
1070 3729 1381 3803 συμρουλὰς
1405 3731 1450 3760 ’⁵
1486 3729 1801 3800 Κάλχαντος
1828 3731 1877 3783 οί

302 3825 722 3898 πολιορκοῦντες
771 3823 972 3896 Τροίαν
1032 3823 1292 3892 Ἕλληνες
1341 3822 1486 3892 λόχῳ
1534 3821 1624 3875 τὸν
1658 3822 1879 3877 Ἕλενον

301 3920 768 3990 συλλαμϐάνουσιο
798 3917 893 3970 καὶ
923 3916 994 3968 τὰ
1029 3916 1130 3986 μὲν
1178 3914 1429 3978 ἀπειλαῖς
1473 3906 1630 3969 τὰδὲ
1658 3914 1876 3988 δώροις,

300 4012 462 4067 πλέον
492 4011 552 4064 δὲ
582 4013 648 4081 τῇ
695 4010 831 4079 πρὸς
864 4007 1059 4079 Τρῶας
1084 4008 1247 4078 ὀργῇ,
1289 4005 1665 4060 ἀποκαλύπτει
1697 4008 1880 4070 αὐτοῖς

306 4096 524 4167 Ἕλενος
557 4103 635 4166 ὡς
688 4102 884 4172 ξυλίνῳ
919 4101 1072 4170 ἵππῳ
1124 4099 1489 4169 πεπρωμένον
1539 4099 1689 4152 ἐστὶν
1721 4099 1880 4152 Ἴλιον

302 4197 527 4262 ἁλῶναι,
572 4195 665 4247 καὶ
712 4192 774 4247 τδ
808 4193 1140 4255 τελευταῖον,
1177 4190 1398 4243 ἐπειδὰν
1443 4190 1647 4260 Ἀχαιοὶ
1673 4189 1879 4244 λάϐωσι

300 4290 361 4342 τὸ
385 4289 636 4350 διοπετὲς
666 4286 898 4355 Ἀθηνᾶς
960 4283 1279 4349 Παλλάδιον,
1332 4283 1545 4336 πολλῶν
1595 4281 1769 4337 ὄντων
1821 4283 1881 4337 τὸ

306 4376 693 4448 σμικρότατον.
721 4373 1040 4426 Στέλλονται
1072 4368 1165 4426 οὖν
1197 4374 1288 4426 ἐπὶ
1309 4377 1375 4443 τῇ
1408 4372 1581 4443 κλοπῇ
1613 4372 1706 4425 τοῦ
1733 4373 1880 4425 Παλ-

1977 3160 2159 3241 culum
2183 3181 2295 3253 (51)
2330 3188 2453 3249 post
2498 3174 2809 3243 Delphicum
2860 3167 3154 3223 maximum
3195 3160 3538 3231 praedicatur.

2048 3273 2344 3329 Tricesima
2362 3278 2575 3339 quarta.
2606 3262 2798 3319 Paride
2826 3267 3058 3318 mortuo,
3089 3254 3322 3308 llcleuus
3348 3259 3400 3305 et
3431 3245 3552 3301 Dci-

1976 3366 2185 3437 phobus
2214 3362 2414 3417 Priami
2446 3359 2541 3413 lilii
2571 3371 2732 3425 super
2758 3354 2975 3408 Helena:
3017 3346 3216 3417 nuptiis
3251 3340 3550 3397 contende-

1978 3432 2126 3518 runt,
2156 3455 2393 3522 vicitque
2410 3465 2510 3519 per
2530 3450 2636 3502 vim
2653 3455 2708 3501 et
2729 3443 3025 3514 potentium
3039 3452 3195 3507 opem
3224 3432 3551 3500 Deiphobus,

1977 3558 2137 3603 aetate
2164 3547 2288 3601 licet
2320 3546 2515 3598 minor.
2550 3540 2783 3594 llelenus
2812 3550 2961 3603 ergo,
2998 3530 3205 3600 injuria:
3242 3524 3548 3593 impatiens,

1978 3644 2032 3696 in
2065 3642 2207 3696 Idam
2239 3636 2431 3708 137a
2456 3633 2721 3689 secedens
2747 3627 2915 3682 otium
2951 3624 3100 3695 egit:
3127 3619 3217 3673 ubi
3238 3611 3554 3672 Calchantis

1979 3748 2140 3788 suasu
2160 3774 2175 3797 ,
2198 3733 2292 3801 qui
2314 3707 2531 3793 Troiam
2545 3723 2863 3780 obsidebant
2898 3715 3073 3771 Graeci
3096 3728 3161 3767 ex
3198 3707 3405 3764 insidiis
3429 3717 3551 3758 eum

1979 3826 2199 3896 capiunt
2227 3841 2238 3875 :
2267 3821 2360 3875 ille
2388 3818 2582 3889 partim
2606 3814 2768 3870 minis
2792 3853 2808 3876 ,
2828 3810 3025 3880 partim
3049 3805 3205 3860 donis
3225 3844 3242 3871 ,
3267 3802 3345 3855 vel
3376 3801 3559 3869 potius

1979 3892 2102 3973 odio
2140 3915 2335 3983 Trojrc,
2389 3911 2592 3968 Grmcis
2618 3908 2897 3968 iudicavit,
2930 3903 3107 3973 ligneo
3160 3911 3299 3968 equo
3335 3892 3553 3961 Troiam

1981 4010 2329 4079 rapiendam,
2356 4005 2467 4059 fato
2510 4016 2631 4059 esse
2659 3999 3020 4069 designatum.
3049 3991 3163 4045 lmo
3192 3998 3244 4043 et
3280 3989 3379 4041 hoc
3406 3983 3557 4038 deui-

1980 4075 2109 4173 qu-e,
2132 4117 2251 4156 cum
2278 4098 2464 4153 Achivi
2492 4094 2765 4165 cepissent
2794 4089 2935 4144 cmlo
2974 4084 3249 4154 delapsum
3292 4077 3401 4149 ('52)
3428 4075 3555 4173 illud

1983 4165 2233 4252 “uentre
2250 4190 2546 4247 Palladium
2569 4186 2709 4259 (⁵55),
2731 4182 2874 4253 quod
2907 4182 3047 4233 inter
3070 4175 3235 4229 multa
3258 4181 3375 4226 erat
3406 4165 3561 4222 mini-

1985 4304 2153 4343 mum.
2189 4285 2354 4354 Igitur
2381 4281 2532 4337 missi
2563 4282 2629 4334 ad
2664 4275 2960 4332 Palladium
2992 4270 3138 4325 furto
3166 4262 3555 4354 auferendum,

1985 4350 2267 4435 Diomedes
2288 4387 2343 4430 et
2367 4373 2590 4445 Ulysses
2615 4386 2629 4424 :
2656 4368 2948 4434 evaditque
2974 4363 3025 4416 in
3045 4373 3255 4413 murum
3279 4369 3375 4424 per
3394 4350 3561 4422 Ulys-

302 4470 482 4524 λαδίου
517 4468 788 4539 Διομήδης
836 4469 930 4520 καὶ
957 4466 1269 4531 Ὀδυσσεὺς,
1302 4467 1398 4519 καὶ
1448 4465 1733 4520 ἀναϐαίνει
1784 4466 1872 4518 ἐπὶ

1984 4470 2060 4525 sis
2114 4467 2371 4521 humeros
2406 4458 2774 4515 conscendens
2810 4450 3119 4511 Diomedes,
3149 4457 3324 4511 neque
3376 4448 3557 4493 tamen

300 4564 361 4617 τὸ
386 4567 567 4633 τεῖχος
599 4563 642 4593 ’⁷
668 4562 964 4631 Διομήδης,
990 4558 1189 4622 ἐπιϐὰς
1216 4558 1322 4611 τῶν
1347 4556 1516 4626 ὤμων
1544 4558 1879 4621 Ὀδυσσέως·

302 4657 333 4710 ὀ
356 4655 411 4709 δὲ
440 4656 542 4708 οὐκ
570 4653 873 4712 ἀνελκύσας
897 4652 1180 4715 Ὀδυσσέα,
1208 4650 1382 4702 καίτοι
1414 4653 1515 4713 τὰς
1546 4655 1734 4720 χεῖρας
1757 4651 1882 4721 ὀρέο

302 4764 489 4817 γοντα,
537 4747 626 4818 ᾔει
666 4746 767 4816 τὴν
813 4745 907 4799 ἐπὶ
942 4745 1001 4798 τὸ
1034 4742 1358 4805 Παλλάδιον,
1404 4741 1502 4795 καὶ
1552 4741 1882 4812 ἀφελόμενος

305 4842 437 4895 αὐτὸ
464 4842 607 4912 πρὸς
653 4838 918 4891 Ὀδυσσέα
948 4837 1089 4907 ἔχων
1131 4835 1459 4904 ὑπέστρεφε.
1509 4835 1623 4888 Καὶ
1666 4833 1755 4886 διὰ
1785 4833 1879 4887 τοῦ

307 4930 491 4984 πεδίου
524 4929 823 4982 κατιόντων
842 4924 1230 4995 πυνθανομένῳ
1258 4922 1384 4995 [298
1426 4922 1522 4994 H.]
1555 4923 1764 4976 ἕκαστα
1800 4921 1878 4992 τῷ

307 5020 553 5074 Ὀδυσσεῖ
582 5019 875 5090 Διομήδης,
923 5017 984 5071 τὸ
1020 5017 1192 5070 δόλιον
1228 5015 1457 5087 τάνδρὸς
1489 5014 1535 5048 ³⁸
1562 5013 1739 5079 εἰδὼς,
1774 5015 1874 5084 οὐχ

1990 4573 2181 4614 manus
2205 4555 2509 4611 tendentem
2535 4549 2739 4603 socium
2763 4543 3019 4605 attraxit,
3045 4538 3138 4593 sed
3163 4537 3229 4589 ad
3257 4532 3557 4588 Palladium

1982 4652 2141 4716 abiit,
2161 4661 2333 4717 eoque
2363 4645 2565 4707 ablato,
2589 4641 2654 4695 ad
2685 4636 2931 4707 Ulyssem
2954 4631 3194 4685 revertit.
3223 4627 3298 4681 Ita
3327 4640 3449 4679 cum
3466 4636 3563 4690 per

1982 4711 2142 4809 plana
2174 4711 2434 4800 redirent,
2472 4728 2828 4799 interroganti
2861 4722 3174 4794 singulatim
3196 4718 3379 4773 omnia
3394 4711 3559 4785 Ulys-

1985 4808 2073 4895 si,
2101 4828 2339 4884 hominis
2362 4826 2617 4881 astutiam
2653 4836 2759 4874 non
2802 4820 3078 4888 ignorans,
3113 4808 3423 4880 respondit,
3454 4819 3560 4860 non

1985 4923 2126 4992 quod
2156 4920 2390 4975 Helenus
2421 4916 2719 4971 Palladium
2749 4913 3119 4968 indicassetse
3147 4902 3442 4971 accepisse,
3466 4896 3562 4954 sed

1983 5030 2078 5085 pro
2101 5029 2166 5069 eo
2204 5012 2348 5068 aliud
2389 5011 2684 5082 quoddam.
2745 5008 2939 5062 Verum
2980 5011 3124 5057 moto
3173 4997 3312 5053 forte
3348 4993 3564 5051 fortuna

1577 5130 1818 5187 VARIIE
1855 5131 2269 5189 LECTIONES.

412 5233 456 5266 ⁸³
487 5234 587 5305 μὲν
635 5241 758 5289 anu.
801 5235 868 5288 A.

312 5390 435 5446 χους
464 5374 530 5428 Α.
606 5376 653 5407 ’⁸
673 5374 768 5434 τοῦ
802 5374 994 5445 ἀνδρός
1033 5390 1095 5438 ς.

952 5233 993 5268 ¹⁹
1024 5230 1264 5300 Σμικρός
1307 5246 1368 5295 ς.
1422 5228 1469 5261 ’⁸
1493 5228 1553 5281 τὸ
1589 5243 1698 5300 o-u.
1734 5226 1802 5280 A.
1829 5227 1887 5300 ξι
1914 5225 2013 5300 ᾡς]

309 5305 356 5337 ’³
375 5297 610 5375 γαστρὸς
640 5305 698 5357 δὲ
741 5304 836 5375 καί
881 5323 957 5375 ς.
1010 5297 1267 5371 ’δ’ὲξῆλθε
1322 5318 1384 5365 ς-
1451 5300 1498 5332 ’⁸
1533 5299 1698 5370 μέχρι
1756 5297 1856 5351 τοῦ
1886 5297 1981 5351 νῦν
2005 5316 2068 5364 ς’

2044 5229 2139 5281 καὶ
2167 5227 2242 5291 ὡς
2282 5244 2342 5292 ς.
2370 5225 2516 5280 εἴποι
2544 5222 2589 5277 Α
2618 5241 2632 5277 :
2659 5218 2715 5275 εί
2740 5237 2823 5273 τοι
2848 5235 2908 5292 ς.
2969 5215 3019 5292 ξ’
3051 5211 3188 5292 αρτῇ
3210 5206 3301 5292 τὸν
3322 5204 3561 5292 ἣλιον-ς.

2159 5270 2903 5367 δ’σιῖμέουλην--ςλῄή
2934 5284 2998 5339 τὸ
3035 5270 3236 5353 τεῖχὸς]
3302 5270 3397 5328 τοῦ
3449 5270 3565 5325 τεί⁶

1759 5458 2001 5517 NOTAE.

380 5560 487 5619 (9.9)
512 5560 783 5615 Simerum
815 5567 974 5613 vocat
1009 5556 1329 5611 Lactantius
1362 5553 1428 5607 ad
1448 5568 1589 5607 vers.
1634 5553 1869 5615 i98.lib.
1946 5598 1951 5603 .

315 5643 408 5684 Vm
441 5630 694 5685 Thebaid.
736 5631 874 5684 Stat.
907 5628 1091 5694 Papiu.
1125 5625 1225 5682 Ubi
1260 5625 1413 5694 plura
1441 5639 1505 5678 ex
1539 5622 1801 5679 Varrone.
1910 5678 1912 5682 ,

384 5701 490 5771 (.50)
522 5700 961 5771 Eiaﬁleaupotius
982 5698 1261 5771 legendum
1291 5695 1520 5747 videtur.

382 5763 492 5843 (3|)
514 5770 594 5828 De
616 5763 723 5842 quo
740 5763 934 5826 Strabo
960 5779 1015 5826 et
1039 5763 1275 5824 Pausan.
1307 5781 1415 5821 non
1449 5763 1637 5821 semel.

2072 5550 2161 5622 52)
2188 5549 2478 5622 Διοπετές.
2499 5547 2577 5604 De
2603 5559 2706 5622 qua
2736 5540 3004 5622 νοτε-ξομ
3026 5535 3272 5622 ξυῑιξοιιιι.

2072 5551 2161 5622 52)
2195 5551 2471 5611 Διοπετές.
2499 5551 2577 5604 De
2603 5559 2706 5616 qua
2736 5556 2867 5597 voce
2886 5551 3004 5608 lege
3026 5551 3272 5591 auinam.

2050 5551 2162 5693 2'63)
2187 5620 2322 5693 Vide
2352 5620 2515 5693 Suid1
2531 5628 2590 5693 _et
2615 5619 2837 5693 interpr.
2862 5603 3290 5693 Virgzépollod;
3304 5601 3431 5657 item
3456 5596 3560 5654 lib.

1982 5672 2356 5760 uestium},
2389 5672 2674 5758 ac'Dictyn
2721 5672 3161 5739 Cretensium
3194 5672 3317 5730 iuit.
