  <div class='ocr_page' id='page_1' title='image "/cluster/home/n/w/nwhite01/storage/ocr_20150623/103 pt.3/mdp.39015061933738/295.png"; bbox 0 0 3932 6240; ppageno 0'>
   <div class='ocr_carea' id='block_1_1' title="bbox 359 332 459 397">
    <p class='ocr_par' dir='ltr' id='par_1_1' title="bbox 359 332 459 397">
     <span class='ocr_line' id='line_1_1' title="bbox 359 332 459 397; baseline 0.01 -1"><span class='ocrx_word' id='word_1_1' title='bbox 359 332 459 397; x_wconf 75' lang='lat'><strong>5&#39;71</strong></span> 
     </span>
    </p>
   </div>
   <div class='ocr_carea' id='block_1_2' title="bbox 1498 316 2429 387">
    <p class='ocr_par' dir='ltr' id='par_1_2' title="bbox 1498 316 2429 387">
     <span class='ocr_line' id='line_1_2' title="bbox 1498 316 2429 387; baseline -0.001 -1"><span class='ocrx_word' id='word_1_2' title='bbox 1498 327 1757 387; x_wconf 88' lang='lat' dir='ltr'><strong>PHOTII</strong></span> <span class='ocrx_word' id='word_1_3' title='bbox 1786 316 2286 387; x_wconf 68' lang='lat' dir='ltr'><strong>PATRIABCHJE</strong></span> <span class='ocrx_word' id='word_1_4' title='bbox 2320 326 2429 386; x_wconf 73' lang='grc' dir='ltr'><strong>ΕΡ.</strong></span> 
     </span>
    </p>
   </div>
   <div class='ocr_carea' id='block_1_3' title="bbox 3469 321 3572 388">
    <p class='ocr_par' dir='ltr' id='par_1_3' title="bbox 3469 321 3572 388">
     <span class='ocr_line' id='line_1_3' title="bbox 3469 321 3572 388; baseline -0.049 0"><span class='ocrx_word' id='word_1_5' title='bbox 3469 321 3572 388; x_wconf 77' lang='grc'>572</span> 
     </span>
    </p>
   </div>
   <div class='ocr_carea' id='block_1_4' title="bbox 346 406 1919 513">
    <p class='ocr_par' dir='ltr' id='par_1_4' title="bbox 346 406 1902 513">
     <span class='ocr_line' id='line_1_4' title="bbox 346 406 1902 513; baseline -0.01 -12"><span class='ocrx_word' id='word_1_6' title='bbox 346 443 604 508; x_wconf 83' lang='lat' dir='ltr'><strong>Palladio,</strong></span> <span class='ocrx_word' id='word_1_7' title='bbox 635 406 850 513; x_wconf 85' lang='lat' dir='ltr'><strong>agnovit</strong></span> <span class='ocrx_word' id='word_1_8' title='bbox 873 436 1089 508; x_wconf 85' lang='lat' dir='ltr'><strong>Ulysses</strong></span> <span class='ocrx_word' id='word_1_9' title='bbox 1110 433 1242 488; x_wconf 89' lang='lat' dir='ltr'><strong>illud</strong></span> <span class='ocrx_word' id='word_1_10' title='bbox 1289 433 1462 502; x_wconf 88' lang='lat' dir='ltr'><strong>ipsum</strong></span> <span class='ocrx_word' id='word_1_11' title='bbox 1490 447 1630 488; x_wconf 83' lang='lat' dir='ltr'><strong>esse.</strong></span> <span class='ocrx_word' id='word_1_12' title='bbox 1666 432 1842 500; x_wconf 83' lang='lat' dir='ltr'><strong>Quare</strong></span> <span class='ocrx_word' id='word_1_13' title='bbox 1871 447 1902 485; x_wconf 91' lang='lat' dir='ltr'><strong>a</strong></span> 
     </span>
    </p>
   </div>
   <div class='ocr_carea' id='block_1_5' title="bbox 2025 406 3572 513">
    <p class='ocr_par' dir='ltr' id='par_1_5' title="bbox 2025 424 3572 500">
     <span class='ocr_line' id='line_1_5' title="bbox 2025 424 3572 500; baseline 0.002 -22"><span class='ocrx_word' id='word_1_14' title='bbox 2025 432 2138 499; x_wconf 70' lang='grc' dir='ltr'>ἱπερ</span> <span class='ocrx_word' id='word_1_15' title='bbox 2170 429 2370 500; x_wconf 77' lang='grc' dir='ltr'>ἔφησεν</span> <span class='ocrx_word' id='word_1_16' title='bbox 2404 427 2623 491; x_wconf 82' lang='grc' dir='ltr'><strong>Ἕλενος</strong></span> <span class='ocrx_word' id='word_1_17' title='bbox 2652 427 2949 482; x_wconf 82' lang='grc' dir='ltr'><strong>Παλλάδιον</strong></span> <span class='ocrx_word' id='word_1_18' title='bbox 2997 427 3180 482; x_wconf 83' lang='grc' dir='ltr'>λαϐεῖν</span> <span class='ocrx_word' id='word_1_19' title='bbox 3230 427 3414 493; x_wconf 81' lang='grc' dir='ltr'>αὐτὸν,</span> <span class='ocrx_word' id='word_1_20' title='bbox 3456 424 3572 482; x_wconf 83' lang='grc' dir='ltr'>ἀλλ’</span> 
     </span>
    </p>
   </div>
   <div class='ocr_carea' id='block_1_6' title="bbox 350 524 1908 607">
    <p class='ocr_par' dir='ltr' id='par_1_6' title="bbox 350 524 1908 607">
     <span class='ocr_line' id='line_1_6' title="bbox 350 524 1908 607; baseline -0.01 -15"><span class='ocrx_word' id='word_1_21' title='bbox 350 549 499 607; x_wconf 88' lang='lat' dir='ltr'><strong>tergo</strong></span> <span class='ocrx_word' id='word_1_22' title='bbox 532 550 588 591; x_wconf 83' lang='lat' dir='ltr'><strong>se</strong></span> <span class='ocrx_word' id='word_1_23' title='bbox 610 541 850 589; x_wconf 86' lang='lat' dir='ltr'><strong>statuens</strong></span> <span class='ocrx_word' id='word_1_24' title='bbox 878 527 1169 589; x_wconf 89' lang='lat' dir='ltr'><strong>Diomedis,</strong></span> <span class='ocrx_word' id='word_1_25' title='bbox 1194 526 1574 580; x_wconf 84' lang='lat' dir='ltr'><strong>interfecturus</strong></span> <span class='ocrx_word' id='word_1_26' title='bbox 1603 524 1771 590; x_wconf 90' lang='lat' dir='ltr'><strong>illum,</strong></span> <span class='ocrx_word' id='word_1_27' title='bbox 1795 526 1908 594; x_wconf 87' lang='lat' dir='ltr'><strong>gla-</strong></span> 
     </span>
    </p>
   </div>
   <div class='ocr_carea' id='block_1_7' title="bbox 349 616 1909 691">
    <p class='ocr_par' dir='ltr' id='par_1_7' title="bbox 349 616 1909 691">
     <span class='ocr_line' id='line_1_7' title="bbox 349 616 1909 691; baseline -0.01 -7"><span class='ocrx_word' id='word_1_28' title='bbox 349 631 493 683; x_wconf 88' lang='lat' dir='ltr'><strong>dium</strong></span> <span class='ocrx_word' id='word_1_29' title='bbox 524 624 765 687; x_wconf 84' lang='lat' dir='ltr'><strong>strinxit,</strong></span> <span class='ocrx_word' id='word_1_30' title='bbox 798 635 903 691; x_wconf 92' lang='lat' dir='ltr'><strong>quo</strong></span> <span class='ocrx_word' id='word_1_31' title='bbox 924 618 1383 689; x_wconf 86' lang='lat' dir='ltr'><strong>ipsemetAchivis</strong></span> <span class='ocrx_word' id='word_1_32' title='bbox 1408 616 1698 671; x_wconf 89' lang='lat' dir='ltr'><strong>Palladium</strong></span> <span class='ocrx_word' id='word_1_33' title='bbox 1750 617 1909 670; x_wconf 83' lang='lat' dir='ltr'><strong>aﬂ‘er-</strong></span> 
     </span>
    </p>
   </div>
   <div class='ocr_carea' id='block_1_8' title="bbox 352 706 1911 782">
    <p class='ocr_par' dir='ltr' id='par_1_8' title="bbox 352 706 1911 782">
     <span class='ocr_line' id='line_1_8' title="bbox 352 706 1911 782; baseline -0.005 -13"><span class='ocrx_word' id='word_1_34' title='bbox 352 728 453 772; x_wconf 92' lang='lat' dir='ltr'><strong>ret.</strong></span> <span class='ocrx_word' id='word_1_35' title='bbox 482 718 546 771; x_wconf 89' lang='lat' dir='ltr'><strong>At</strong></span> <span class='ocrx_word' id='word_1_36' title='bbox 579 717 701 771; x_wconf 90' lang='lat' dir='ltr'><strong>dum</strong></span> <span class='ocrx_word' id='word_1_37' title='bbox 729 714 939 782; x_wconf 78' lang='lat' dir='ltr'><strong>plagam</strong></span> <span class='ocrx_word' id='word_1_38' title='bbox 974 709 1269 763; x_wconf 76' lang='lat' dir='ltr'><strong>indicturus</strong></span> <span class='ocrx_word' id='word_1_39' title='bbox 1325 717 1502 773; x_wconf 90' lang='lat' dir='ltr'><strong>esset,</strong></span> <span class='ocrx_word' id='word_1_40' title='bbox 1540 708 1671 762; x_wconf 90' lang='lat' dir='ltr'><strong>vidit</strong></span> <span class='ocrx_word' id='word_1_41' title='bbox 1698 706 1911 761; x_wconf 86' lang='lat' dir='ltr'><strong>Diome-</strong></span> 
     </span>
    </p>
   </div>
   <div class='ocr_carea' id='block_1_9' title="bbox 350 799 1906 875">
    <p class='ocr_par' dir='ltr' id='par_1_9' title="bbox 350 799 1906 875">
     <span class='ocr_line' id='line_1_9' title="bbox 350 799 1906 875; baseline -0.007 -12"><span class='ocrx_word' id='word_1_42' title='bbox 350 811 479 874; x_wconf 88' lang='lat' dir='ltr'><strong>des,</strong></span> <span class='ocrx_word' id='word_1_43' title='bbox 511 807 826 875; x_wconf 88' lang='lat' dir='ltr'><strong>splendente</strong></span> <span class='ocrx_word' id='word_1_44' title='bbox 856 814 967 858; x_wconf 88' lang='lat' dir='ltr'><strong>tum</strong></span> <span class='ocrx_word' id='word_1_45' title='bbox 996 801 1133 857; x_wconf 82' lang='lat' dir='ltr'><strong>forte</strong></span> <span class='ocrx_word' id='word_1_46' title='bbox 1156 802 1302 865; x_wconf 88' lang='lat' dir='ltr'><strong>luna,</strong></span> <span class='ocrx_word' id='word_1_47' title='bbox 1333 801 1478 854; x_wconf 93' lang='lat' dir='ltr'><strong>ensis</strong></span> <span class='ocrx_word' id='word_1_48' title='bbox 1496 800 1686 853; x_wconf 85' lang='lat' dir='ltr'><strong>vibrati</strong></span> <span class='ocrx_word' id='word_1_49' title='bbox 1712 799 1906 853; x_wconf 85' lang='lat' dir='ltr'><strong>lucem.</strong></span> 
     </span>
    </p>
   </div>
   <div class='ocr_carea' id='block_1_10' title="bbox 348 890 1909 970">
    <p class='ocr_par' dir='ltr' id='par_1_10' title="bbox 348 890 1909 970">
     <span class='ocr_line' id='line_1_10' title="bbox 348 890 1909 970; baseline -0.008 -16"><span class='ocrx_word' id='word_1_50' title='bbox 348 899 423 953; x_wconf 85' lang='lat' dir='ltr'><strong>Ita</strong></span> <span class='ocrx_word' id='word_1_51' title='bbox 451 898 669 970; x_wconf 88' lang='lat' dir='ltr'><strong>Ulysses</strong></span> <span class='ocrx_word' id='word_1_52' title='bbox 696 911 725 948; x_wconf 90' lang='lat' dir='ltr'><strong>a</strong></span> <span class='ocrx_word' id='word_1_53' title='bbox 756 897 903 950; x_wconf 65' lang='lat' dir='ltr'><strong>caede</strong></span> <span class='ocrx_word' id='word_1_54' title='bbox 927 894 1201 954; x_wconf 90' lang='lat' dir='ltr'><strong>abstinuit,</strong></span> <span class='ocrx_word' id='word_1_55' title='bbox 1235 893 1530 961; x_wconf 84' lang='lat' dir='ltr'><strong>stringente</strong></span> <span class='ocrx_word' id='word_1_56' title='bbox 1552 890 1784 945; x_wconf 82' lang='lat' dir='ltr'><strong>vicissim</strong></span> <span class='ocrx_word' id='word_1_57' title='bbox 1802 890 1909 959; x_wconf 85' lang='lat' dir='ltr'><strong>gla-</strong></span> 
     </span>
    </p>
   </div>
   <div class='ocr_carea' id='block_1_11' title="bbox 350 979 1909 1054">
    <p class='ocr_par' dir='ltr' id='par_1_11' title="bbox 350 979 1909 1054">
     <span class='ocr_line' id='line_1_11' title="bbox 350 979 1909 1054; baseline -0.004 -15"><span class='ocrx_word' id='word_1_58' title='bbox 350 989 494 1040; x_wconf 83' lang='lat' dir='ltr'><strong>dium</strong></span> <span class='ocrx_word' id='word_1_59' title='bbox 532 986 806 1051; x_wconf 86' lang='lat' dir='ltr'><strong>Diomede,</strong></span> <span class='ocrx_word' id='word_1_60' title='bbox 846 985 938 1054; x_wconf 90' lang='lat' dir='ltr'><strong>qui</strong></span> <span class='ocrx_word' id='word_1_61' title='bbox 982 995 1034 1038; x_wconf 92' lang='lat' dir='ltr'><strong>et</strong></span> <span class='ocrx_word' id='word_1_62' title='bbox 1066 983 1404 1036; x_wconf 87' lang='lat' dir='ltr'><strong>timiditatem</strong></span> <span class='ocrx_word' id='word_1_63' title='bbox 1444 979 1517 1034; x_wconf 86' lang='lat' dir='ltr'><strong>illi</strong></span> <span class='ocrx_word' id='word_1_64' title='bbox 1555 979 1909 1050; x_wconf 78' lang='lat' dir='ltr'><strong>exprobrans,</strong></span> 
     </span>
    </p>
   </div>
   <div class='ocr_carea' id='block_1_12' title="bbox 351 1070 1911 1146">
    <p class='ocr_par' dir='ltr' id='par_1_12' title="bbox 351 1070 1911 1146">
     <span class='ocr_line' id='line_1_12' title="bbox 351 1070 1911 1146; baseline -0.006 -14"><span class='ocrx_word' id='word_1_65' title='bbox 351 1088 406 1134; x_wconf 91' lang='lat' dir='ltr'><strong>et</strong></span> <span class='ocrx_word' id='word_1_66' title='bbox 435 1077 591 1146; x_wconf 78' lang='lat' dir='ltr'><strong>gladii</strong></span> <span class='ocrx_word' id='word_1_67' title='bbox 624 1076 818 1128; x_wconf 86' lang='lat' dir='ltr'><strong>lamina</strong></span> <span class='ocrx_word' id='word_1_68' title='bbox 838 1115 852 1139; x_wconf 94' lang='lat'><strong>,</strong></span> <span class='ocrx_word' id='word_1_69' title='bbox 894 1075 1032 1143; x_wconf 92' lang='lat' dir='ltr'><strong>quod</strong></span> <span class='ocrx_word' id='word_1_70' title='bbox 1085 1073 1402 1128; x_wconf 77' lang='lat' dir='ltr'><strong>antecedere</strong></span> <span class='ocrx_word' id='word_1_71' title='bbox 1424 1070 1627 1136; x_wconf 86' lang='lat' dir='ltr'><strong>nollet,</strong></span> <span class='ocrx_word' id='word_1_72' title='bbox 1660 1072 1911 1125; x_wconf 87' lang='lat' dir='ltr'><strong>humeros</strong></span> 
     </span>
    </p>
   </div>
   <div class='ocr_carea' id='block_1_13' title="bbox 352 1160 1908 1234">
    <p class='ocr_par' dir='ltr' id='par_1_13' title="bbox 352 1160 1908 1234">
     <span class='ocr_line' id='line_1_13' title="bbox 352 1160 1908 1234; baseline -0.006 -12"><span class='ocrx_word' id='word_1_73' title='bbox 352 1170 673 1234; x_wconf 85' lang='lat' dir='ltr'><strong>verberans,</strong></span> <span class='ocrx_word' id='word_1_74' title='bbox 703 1170 948 1223; x_wconf 82' lang='lat' dir='ltr'><strong>eumdem</strong></span> <span class='ocrx_word' id='word_1_75' title='bbox 985 1174 1107 1221; x_wconf 90' lang='lat' dir='ltr'><strong>ante</strong></span> <span class='ocrx_word' id='word_1_76' title='bbox 1138 1181 1195 1220; x_wconf 90' lang='lat' dir='ltr'><strong>se</strong></span> <span class='ocrx_word' id='word_1_77' title='bbox 1226 1166 1355 1234; x_wconf 88' lang='lat' dir='ltr'><strong>egit.</strong></span> <span class='ocrx_word' id='word_1_78' title='bbox 1386 1160 1543 1217; x_wconf 89' lang='lat' dir='ltr'><strong>Unde</strong></span> <span class='ocrx_word' id='word_1_79' title='bbox 1568 1162 1908 1230; x_wconf 86' lang='lat' dir='ltr'><strong>proverbium</strong></span> 
     </span>
    </p>
   </div>
   <div class='ocr_carea' id='block_1_14' title="bbox 352 1251 1908 1334">
    <p class='ocr_par' dir='ltr' id='par_1_14' title="bbox 352 1251 1908 1334">
     <span class='ocr_line' id='line_1_14' title="bbox 352 1251 1908 1334; baseline -0.007 -19"><span class='ocrx_word' id='word_1_80' title='bbox 352 1260 483 1334; x_wconf 73' lang='grc' dir='ltr'><strong>(ὅδ’)</strong></span> <span class='ocrx_word' id='word_1_81' title='bbox 518 1270 699 1314; x_wconf 87' lang='lat' dir='ltr'><strong>natum</strong></span> <span class='ocrx_word' id='word_1_82' title='bbox 730 1277 745 1315; x_wconf 90' lang='lat'><strong>:</strong></span> <span class='ocrx_word' id='word_1_83' title='bbox 776 1259 1079 1313; x_wconf 79' lang='lat' dir='ltr'><strong>Diomedeia</strong></span> <span class='ocrx_word' id='word_1_84' title='bbox 1105 1257 1399 1322; x_wconf 69' lang='lat' dir='ltr'><strong>necessitas,</strong></span> <span class='ocrx_word' id='word_1_85' title='bbox 1420 1254 1662 1309; x_wconf 85' lang='lat' dir='ltr'><strong>adhiberi</strong></span> <span class='ocrx_word' id='word_1_86' title='bbox 1695 1251 1908 1308; x_wconf 86' lang='lat' dir='ltr'><strong>solitum</strong></span> 
     </span>
    </p>
   </div>
   <div class='ocr_carea' id='block_1_15' title="bbox 353 1348 1313 1424">
    <p class='ocr_par' dir='ltr' id='par_1_15' title="bbox 353 1348 1313 1424">
     <span class='ocr_line' id='line_1_15' title="bbox 353 1348 1313 1424; baseline -0.005 -16"><span class='ocrx_word' id='word_1_87' title='bbox 353 1355 405 1408; x_wconf 91' lang='lat' dir='ltr'><strong>in</strong></span> <span class='ocrx_word' id='word_1_88' title='bbox 439 1368 536 1419; x_wconf 90' lang='lat' dir='ltr'><strong>eo,</strong></span> <span class='ocrx_word' id='word_1_89' title='bbox 568 1352 661 1424; x_wconf 85' lang='lat' dir='ltr'><strong>qui</strong></span> <span class='ocrx_word' id='word_1_90' title='bbox 684 1351 886 1421; x_wconf 84' lang='lat' dir='ltr'><strong>aliquid</strong></span> <span class='ocrx_word' id='word_1_91' title='bbox 911 1349 1071 1404; x_wconf 85' lang='lat' dir='ltr'><strong>faciat</strong></span> <span class='ocrx_word' id='word_1_92' title='bbox 1099 1348 1313 1403; x_wconf 79' lang='lat' dir='ltr'><strong>invitus.</strong></span> 
     </span>
    </p>
   </div>
   <div class='ocr_carea' id='block_1_16' title="bbox 422 1614 1914 1688">
    <p class='ocr_par' dir='ltr' id='par_1_16' title="bbox 422 1614 1914 1688">
     <span class='ocr_line' id='line_1_16' title="bbox 422 1614 1914 1688; baseline -0.001 -17"><span class='ocrx_word' id='word_1_93' title='bbox 422 1617 717 1672; x_wconf 84' lang='lat' dir='ltr'><strong>Tricesima</strong></span> <span class='ocrx_word' id='word_1_94' title='bbox 760 1617 942 1688; x_wconf 89' lang='lat' dir='ltr'><strong>quinta</strong></span> <span class='ocrx_word' id='word_1_95' title='bbox 998 1617 1130 1671; x_wconf 91' lang='lat' dir='ltr'><strong>duos</strong></span> <span class='ocrx_word' id='word_1_96' title='bbox 1174 1616 1371 1671; x_wconf 89' lang='lat' dir='ltr'><strong>inducit</strong></span> <span class='ocrx_word' id='word_1_97' title='bbox 1411 1625 1655 1684; x_wconf 88' lang='lat' dir='ltr'><strong>pastores</strong></span> <span class='ocrx_word' id='word_1_98' title='bbox 1686 1616 1751 1671; x_wconf 89' lang='lat' dir='ltr'><strong>ad</strong></span> <span class='ocrx_word' id='word_1_99' title='bbox 1786 1614 1914 1687; x_wconf 83' lang='lat' dir='ltr'><strong>Lys-</strong></span> 
     </span>
    </p>
   </div>
   <div class='ocr_carea' id='block_1_17' title="bbox 350 1705 1914 1777">
    <p class='ocr_par' dir='ltr' id='par_1_17' title="bbox 350 1705 1914 1777">
     <span class='ocr_line' id='line_1_17' title="bbox 350 1705 1914 1777; baseline -0.001 -16"><span class='ocrx_word' id='word_1_100' title='bbox 350 1724 468 1761; x_wconf 86' lang='lat' dir='ltr'><strong>sum</strong></span> <span class='ocrx_word' id='word_1_101' title='bbox 490 1707 743 1777; x_wconf 85' lang='lat' dir='ltr'><strong>Ephesini</strong></span> <span class='ocrx_word' id='word_1_102' title='bbox 766 1707 878 1776; x_wconf 88' lang='lat' dir='ltr'><strong>agri</strong></span> <span class='ocrx_word' id='word_1_103' title='bbox 899 1716 1134 1760; x_wconf 89' lang='lat' dir='ltr'><strong>montem</strong></span> <span class='ocrx_word' id='word_1_104' title='bbox 1156 1715 1434 1774; x_wconf 89' lang='lat' dir='ltr'><strong>pascentes</strong></span> <span class='ocrx_word' id='word_1_105' title='bbox 1457 1722 1470 1759; x_wconf 90' lang='lat'><strong>:</strong></span> <span class='ocrx_word' id='word_1_106' title='bbox 1505 1705 1764 1775; x_wconf 88' lang='lat' dir='ltr'><strong>quiapum</strong></span> <span class='ocrx_word' id='word_1_107' title='bbox 1787 1720 1914 1760; x_wconf 81' lang='lat' dir='ltr'><strong>exa-</strong></span> 
     </span>
    </p>
   </div>
   <div class='ocr_carea' id='block_1_18' title="bbox 2012 519 3574 589">
    <p class='ocr_par' dir='ltr' id='par_1_18' title="bbox 2012 519 3574 589">
     <span class='ocr_line' id='line_1_18' title="bbox 2012 519 3574 589; baseline -0.001 -14"><span class='ocrx_word' id='word_1_108' title='bbox 2012 523 2127 575; x_wconf 82' lang='grc' dir='ltr'>άντ⁹</span> <span class='ocrx_word' id='word_1_109' title='bbox 2156 519 2360 573; x_wconf 83' lang='grc' dir='ltr'>ἐκείνου</span> <span class='ocrx_word' id='word_1_110' title='bbox 2393 520 2601 589; x_wconf 85' lang='grc' dir='ltr'><strong>⁸ἐτερον,</strong></span> <span class='ocrx_word' id='word_1_111' title='bbox 2636 520 3009 589; x_wconf 86' lang='grc' dir='ltr'>ἀποκρίνεται.</span> <span class='ocrx_word' id='word_1_112' title='bbox 3044 520 3367 589; x_wconf 85' lang='grc' dir='ltr'>Κινηθέντος</span> <span class='ocrx_word' id='word_1_113' title='bbox 3395 520 3452 574; x_wconf 76' lang='grc' dir='ltr'>δὲ</span> <span class='ocrx_word' id='word_1_114' title='bbox 3477 521 3574 574; x_wconf 88' lang='grc' dir='ltr'><strong>τοῦ</strong></span> 
     </span>
    </p>
   </div>
   <div class='ocr_carea' id='block_1_19' title="bbox 2013 609 3576 681">
    <p class='ocr_par' dir='ltr' id='par_1_19' title="bbox 2013 609 3576 681">
     <span class='ocr_line' id='line_1_19' title="bbox 2013 609 3576 681; baseline -0.002 -14"><span class='ocrx_word' id='word_1_115' title='bbox 2013 611 2307 668; x_wconf 80' lang='grc' dir='ltr'><strong>Παλλαδίου</strong></span> <span class='ocrx_word' id='word_1_116' title='bbox 2335 611 2475 664; x_wconf 84' lang='grc' dir='ltr'>κατά</span> <span class='ocrx_word' id='word_1_117' title='bbox 2507 627 2628 665; x_wconf 87' lang='grc' dir='ltr'>τινα</span> <span class='ocrx_word' id='word_1_118' title='bbox 2648 609 2876 681; x_wconf 82' lang='grc' dir='ltr'>δαίμονα</span> <span class='ocrx_word' id='word_1_119' title='bbox 2893 651 2909 675; x_wconf 90' lang='grc'><strong>,</strong></span> <span class='ocrx_word' id='word_1_120' title='bbox 2943 611 3103 676; x_wconf 77' lang='grc' dir='ltr'>γνοὺς</span> <span class='ocrx_word' id='word_1_121' title='bbox 3131 610 3418 674; x_wconf 75' lang='grc' dir='ltr'>Ὀδυσσεὺς</span> <span class='ocrx_word' id='word_1_122' title='bbox 3441 611 3576 664; x_wconf 80' lang='grc' dir='ltr'>αὐτὸ</span> 
     </span>
    </p>
   </div>
   <div class='ocr_carea' id='block_1_20' title="bbox 2013 698 3575 772">
    <p class='ocr_par' dir='ltr' id='par_1_20' title="bbox 2013 698 3575 772">
     <span class='ocr_line' id='line_1_20' title="bbox 2013 698 3575 772; baseline 0.001 -17"><span class='ocrx_word' id='word_1_123' title='bbox 2013 705 2188 755; x_wconf 81' lang='grc' dir='ltr'>ἐκεῖνο</span> <span class='ocrx_word' id='word_1_124' title='bbox 2234 698 2374 755; x_wconf 88' lang='grc' dir='ltr'>εἶναι</span> <span class='ocrx_word' id='word_1_125' title='bbox 2405 702 2499 754; x_wconf 77' lang='grc' dir='ltr'><strong>καὶ</strong></span> <span class='ocrx_word' id='word_1_126' title='bbox 2544 700 2772 754; x_wconf 80' lang='grc' dir='ltr'><strong>κατόπιν</strong></span> <span class='ocrx_word' id='word_1_127' title='bbox 2800 701 3037 768; x_wconf 86' lang='grc' dir='ltr'>γεγονὼς</span> <span class='ocrx_word' id='word_1_128' title='bbox 3067 702 3268 755; x_wconf 77' lang='grc' dir='ltr'>σπᾶται</span> <span class='ocrx_word' id='word_1_129' title='bbox 3308 702 3368 755; x_wconf 82' lang='grc' dir='ltr'><strong>τὸ</strong></span> <span class='ocrx_word' id='word_1_130' title='bbox 3397 702 3575 772; x_wconf 82' lang='grc' dir='ltr'>ξίφος,</span> 
     </span>
    </p>
   </div>
   <div class='ocr_carea' id='block_1_21' title="bbox 2013 788 3576 863">
    <p class='ocr_par' dir='ltr' id='par_1_21' title="bbox 2013 788 3576 863">
     <span class='ocr_line' id='line_1_21' title="bbox 2013 788 3576 863; baseline -0.001 -16"><span class='ocrx_word' id='word_1_131' title='bbox 2013 796 2220 847; x_wconf 78' lang='grc' dir='ltr'>ἐκεῖνον</span> <span class='ocrx_word' id='word_1_132' title='bbox 2276 793 2375 863; x_wconf 80' lang='grc' dir='ltr'><strong>μὲν</strong></span> <span class='ocrx_word' id='word_1_133' title='bbox 2424 790 2633 846; x_wconf 82' lang='grc' dir='ltr'>ἀνελεῖν</span> <span class='ocrx_word' id='word_1_134' title='bbox 2689 790 2991 861; x_wconf 73' lang='grc' dir='ltr'>βουληθεὶς,</span> <span class='ocrx_word' id='word_1_135' title='bbox 3031 789 3158 862; x_wconf 70' lang='grc'><strong>[444</strong></span> <span class='ocrx_word' id='word_1_136' title='bbox 3184 788 3276 862; x_wconf 83' lang='lat' dir='ltr'><strong>R.]</strong></span> <span class='ocrx_word' id='word_1_137' title='bbox 3320 792 3482 856; x_wconf 77' lang='grc' dir='ltr'>αὐτὸς</span> <span class='ocrx_word' id='word_1_138' title='bbox 3530 792 3576 845; x_wconf 85' lang='grc' dir='ltr'>δ’</span> 
     </span>
    </p>
   </div>
   <div class='ocr_carea' id='block_1_22' title="bbox 2011 879 3579 956">
    <p class='ocr_par' dir='ltr' id='par_1_22' title="bbox 2011 879 3579 956">
     <span class='ocr_line' id='line_1_22' title="bbox 2011 879 3579 956; baseline -0.004 -17"><span class='ocrx_word' id='word_1_139' title='bbox 2011 885 2251 956; x_wconf 83' lang='grc' dir='ltr'><strong>Ἀχαιοῖς</strong></span> <span class='ocrx_word' id='word_1_140' title='bbox 2273 883 2334 937; x_wconf 76' lang='grc' dir='ltr'>τὺ</span> <span class='ocrx_word' id='word_1_141' title='bbox 2359 881 2654 936; x_wconf 78' lang='grc' dir='ltr'>Παλλάδιον</span> <span class='ocrx_word' id='word_1_142' title='bbox 2679 879 2947 951; x_wconf 73' lang='grc' dir='ltr'>κομίζειν.</span> <span class='ocrx_word' id='word_1_143' title='bbox 2971 881 3082 933; x_wconf 83' lang='grc' dir='ltr'><strong>Καὶ</strong></span> <span class='ocrx_word' id='word_1_144' title='bbox 3101 881 3265 935; x_wconf 79' lang='grc' dir='ltr'>αὐτοῦ</span> <span class='ocrx_word' id='word_1_145' title='bbox 3293 881 3579 951; x_wconf 85' lang='grc' dir='ltr'>μέλλοντος</span> 
     </span>
    </p>
   </div>
   <div class='ocr_carea' id='block_1_23' title="bbox 2015 969 3578 1049">
    <p class='ocr_par' dir='ltr' id='par_1_23' title="bbox 2015 969 3578 1049">
     <span class='ocr_line' id='line_1_23' title="bbox 2015 969 3578 1049; baseline -0.004 -18"><span class='ocrx_word' id='word_1_146' title='bbox 2015 977 2229 1049; x_wconf 80' lang='grc' dir='ltr'>πληγὴν</span> <span class='ocrx_word' id='word_1_147' title='bbox 2254 974 2508 1045; x_wconf 85' lang='grc' dir='ltr'>ἐμϐαλεῖν</span> <span class='ocrx_word' id='word_1_148' title='bbox 2535 969 2623 1045; x_wconf 83' lang='grc' dir='ltr'><strong>(ἦν</strong></span> <span class='ocrx_word' id='word_1_149' title='bbox 2649 973 2758 1043; x_wconf 82' lang='grc' dir='ltr'>γὰρ</span> <span class='ocrx_word' id='word_1_150' title='bbox 2788 972 3143 1044; x_wconf 83' lang='grc' dir='ltr'>σελήνη),ὁρᾷ</span> <span class='ocrx_word' id='word_1_151' title='bbox 3173 973 3440 1044; x_wconf 84' lang='grc' dir='ltr'><strong>Διομήδης</strong></span> <span class='ocrx_word' id='word_1_152' title='bbox 3474 973 3578 1043; x_wconf 81' lang='grc' dir='ltr'>τὴν</span> 
     </span>
    </p>
   </div>
   <div class='ocr_carea' id='block_1_24' title="bbox 2013 1062 3579 1136">
    <p class='ocr_par' dir='ltr' id='par_1_24' title="bbox 2013 1062 3579 1136">
     <span class='ocr_line' id='line_1_24' title="bbox 2013 1062 3579 1136; baseline -0.003 -17"><span class='ocrx_word' id='word_1_153' title='bbox 2013 1066 2189 1136; x_wconf 80' lang='grc' dir='ltr'>αὐγὴν</span> <span class='ocrx_word' id='word_1_154' title='bbox 2215 1064 2308 1119; x_wconf 86' lang='grc' dir='ltr'><strong>τοῦ</strong></span> <span class='ocrx_word' id='word_1_155' title='bbox 2356 1064 2559 1133; x_wconf 87' lang='grc' dir='ltr'>ξίφους.</span> <span class='ocrx_word' id='word_1_156' title='bbox 2602 1063 2889 1125; x_wconf 80' lang='grc' dir='ltr'>Ὀδυσσεὺς</span> <span class='ocrx_word' id='word_1_157' title='bbox 2914 1062 2958 1116; x_wconf 86' lang='grc' dir='ltr'>δ’</span> <span class='ocrx_word' id='word_1_158' title='bbox 3007 1064 3249 1133; x_wconf 84' lang='grc' dir='ltr'>ἀναιρεῖν</span> <span class='ocrx_word' id='word_1_159' title='bbox 3317 1062 3415 1133; x_wconf 84' lang='grc' dir='ltr'>μὲν</span> <span class='ocrx_word' id='word_1_160' title='bbox 3464 1064 3579 1116; x_wconf 84' lang='grc' dir='ltr'>άπ-</span> 
     </span>
    </p>
   </div>
   <div class='ocr_carea' id='block_1_25' title="bbox 2014 1152 3580 1228">
    <p class='ocr_par' dir='ltr' id='par_1_25' title="bbox 2014 1152 3580 1228">
     <span class='ocr_line' id='line_1_25' title="bbox 2014 1152 3580 1228; baseline -0.004 -17"><span class='ocrx_word' id='word_1_161' title='bbox 2014 1160 2206 1228; x_wconf 80' lang='grc' dir='ltr'>έσχετο</span> <span class='ocrx_word' id='word_1_162' title='bbox 2249 1155 2721 1225; x_wconf 86' lang='grc' dir='ltr'>ἀντισπασαμένου</span> <span class='ocrx_word' id='word_1_163' title='bbox 2747 1155 3001 1207; x_wconf 77' lang='grc' dir='ltr'>κάκείνου</span> <span class='ocrx_word' id='word_1_164' title='bbox 3051 1154 3226 1223; x_wconf 83' lang='grc' dir='ltr'>ξίφος,</span> <span class='ocrx_word' id='word_1_165' title='bbox 3281 1153 3483 1206; x_wconf 85' lang='grc' dir='ltr'>δειλίαν</span> <span class='ocrx_word' id='word_1_166' title='bbox 3530 1152 3580 1206; x_wconf 88' lang='grc' dir='ltr'>δ’</span> 
     </span>
    </p>
   </div>
   <div class='ocr_carea' id='block_1_26' title="bbox 2014 1244 3581 1316">
    <p class='ocr_par' dir='ltr' id='par_1_26' title="bbox 2014 1244 3581 1316">
     <span class='ocr_line' id='line_1_26' title="bbox 2014 1244 3581 1316; baseline -0.004 -14"><span class='ocrx_word' id='word_1_167' title='bbox 2014 1249 2278 1313; x_wconf 84' lang='grc' dir='ltr'>ὀνειδίσας</span> <span class='ocrx_word' id='word_1_168' title='bbox 2328 1248 2521 1300; x_wconf 84' lang='grc' dir='ltr'>πλατεῖ</span> <span class='ocrx_word' id='word_1_169' title='bbox 2569 1246 2648 1316; x_wconf 79' lang='grc' dir='ltr'>τῷ</span> <span class='ocrx_word' id='word_1_170' title='bbox 2691 1246 2835 1314; x_wconf 80' lang='grc' dir='ltr'>ξίφει</span> <span class='ocrx_word' id='word_1_171' title='bbox 2888 1246 2987 1298; x_wconf 84' lang='grc' dir='ltr'><strong>οὐκ</strong></span> <span class='ocrx_word' id='word_1_172' title='bbox 3026 1244 3278 1298; x_wconf 83' lang='grc' dir='ltr'>ἐθέλοντα</span> <span class='ocrx_word' id='word_1_173' title='bbox 3329 1244 3581 1313; x_wconf 80' lang='grc' dir='ltr'>προϊέναι</span> 
     </span>
    </p>
   </div>
   <div class='ocr_carea' id='block_1_27' title="bbox 2014 1330 3580 1409">
    <p class='ocr_par' dir='ltr' id='par_1_27' title="bbox 2014 1330 3580 1409">
     <span class='ocr_line' id='line_1_27' title="bbox 2014 1330 3580 1409; baseline -0.006 -12"><span class='ocrx_word' id='word_1_174' title='bbox 2014 1342 2232 1397; x_wconf 85' lang='grc' dir='ltr'>τύπτων</span> <span class='ocrx_word' id='word_1_175' title='bbox 2275 1339 2345 1395; x_wconf 85' lang='grc' dir='ltr'><strong>τά</strong></span> <span class='ocrx_word' id='word_1_176' title='bbox 2383 1339 2527 1392; x_wconf 88' lang='grc' dir='ltr'>νῶτα</span> <span class='ocrx_word' id='word_1_177' title='bbox 2575 1339 2824 1409; x_wconf 73' lang='grc' dir='ltr'>ἤλαυνεν.</span> <span class='ocrx_word' id='word_1_178' title='bbox 2849 1337 2938 1404; x_wconf 79' lang='grc' dir='ltr'>Ἐξ</span> <span class='ocrx_word' id='word_1_179' title='bbox 2979 1330 3040 1391; x_wconf 76' lang='grc' dir='ltr'>οὗ</span> <span class='ocrx_word' id='word_1_180' title='bbox 3081 1340 3114 1408; x_wconf 85' lang='grc' dir='ltr'><strong>ὴ</strong></span> <span class='ocrx_word' id='word_1_181' title='bbox 3167 1337 3435 1407; x_wconf 79' lang='grc' dir='ltr'>παροιμία</span> <span class='ocrx_word' id='word_1_182' title='bbox 3486 1354 3504 1388; x_wconf 75' lang='grc' dir='ltr'><strong>ι</strong></span> <span class='ocrx_word' id='word_1_183' title='bbox 3543 1337 3580 1406; x_wconf 77' lang='grc' dir='ltr'><strong>ἡ</strong></span> 
     </span>
    </p>
   </div>
   <div class='ocr_carea' id='block_1_28' title="bbox 2016 1425 3582 1502">
    <p class='ocr_par' dir='ltr' id='par_1_28' title="bbox 2016 1425 3582 1502">
     <span class='ocr_line' id='line_1_28' title="bbox 2016 1425 3582 1502; baseline -0.005 -17"><span class='ocrx_word' id='word_1_184' title='bbox 2016 1432 2323 1502; x_wconf 78' lang='grc' dir='ltr'>Διομήδειος</span> <span class='ocrx_word' id='word_1_185' title='bbox 2349 1431 2394 1463; x_wconf 72' lang='grc' dir='ltr'>’θ</span> <span class='ocrx_word' id='word_1_186' title='bbox 2426 1430 2657 1498; x_wconf 81' lang='grc' dir='ltr'><strong>ἀνάγκη,</strong></span> <span class='ocrx_word' id='word_1_187' title='bbox 2702 1448 2722 1482; x_wconf 72' lang='grc' dir='ltr'><strong>ι</strong></span> <span class='ocrx_word' id='word_1_188' title='bbox 2762 1430 2854 1482; x_wconf 74' lang='grc' dir='ltr'>ἐπὶ</span> <span class='ocrx_word' id='word_1_189' title='bbox 2900 1429 3101 1492; x_wconf 81' lang='grc' dir='ltr'>παντὸς</span> <span class='ocrx_word' id='word_1_190' title='bbox 3137 1427 3392 1481; x_wconf 82' lang='grc' dir='ltr'>ἀκουσίου</span> <span class='ocrx_word' id='word_1_191' title='bbox 3420 1425 3582 1493; x_wconf 85' lang='grc' dir='ltr'>λεγο-</span> 
     </span>
    </p>
   </div>
   <div class='ocr_carea' id='block_1_29' title="bbox 2019 1522 2176 1595">
    <p class='ocr_par' dir='ltr' id='par_1_29' title="bbox 2019 1522 2176 1595">
     <span class='ocr_line' id='line_1_29' title="bbox 2019 1522 2176 1595; baseline 0.006 -18"><span class='ocrx_word' id='word_1_192' title='bbox 2019 1522 2176 1595; x_wconf 79' lang='grc' dir='ltr'>μένη.</span> 
     </span>
    </p>
   </div>
   <div class='ocr_carea' id='block_1_30' title="bbox 2102 1608 3582 1685">
    <p class='ocr_par' dir='ltr' id='par_1_30' title="bbox 2102 1608 3582 1685">
     <span class='ocr_line' id='line_1_30' title="bbox 2102 1608 3582 1685; baseline -0.005 -16"><span class='ocrx_word' id='word_1_193' title='bbox 2102 1617 2167 1669; x_wconf 86' lang='grc' dir='ltr'><strong>Ἦ</strong></span> <span class='ocrx_word' id='word_1_194' title='bbox 2214 1617 2286 1668; x_wconf 86' lang='grc' dir='ltr'>λε’</span> <span class='ocrx_word' id='word_1_195' title='bbox 2324 1617 2419 1670; x_wconf 84' lang='grc' dir='ltr'><strong>δύο</strong></span> <span class='ocrx_word' id='word_1_196' title='bbox 2472 1616 2736 1685; x_wconf 79' lang='grc' dir='ltr'>ποιμένας</span> <span class='ocrx_word' id='word_1_197' title='bbox 2788 1614 2893 1667; x_wconf 75' lang='grc' dir='ltr'><strong>ὑπὸ</strong></span> <span class='ocrx_word' id='word_1_198' title='bbox 2940 1612 3149 1666; x_wconf 85' lang='grc' dir='ltr'>Λυσσὺν</span> <span class='ocrx_word' id='word_1_199' title='bbox 3197 1610 3257 1664; x_wconf 79' lang='grc' dir='ltr'><strong>τὸ</strong></span> <span class='ocrx_word' id='word_1_200' title='bbox 3296 1610 3422 1679; x_wconf 77' lang='grc' dir='ltr'>ὅρος</span> <span class='ocrx_word' id='word_1_201' title='bbox 3478 1608 3582 1677; x_wconf 74' lang='grc' dir='ltr'>τῆς</span> 
     </span>
    </p>
   </div>
   <div class='ocr_carea' id='block_1_31' title="bbox 2031 1699 3584 1778">
    <p class='ocr_par' dir='ltr' id='par_1_31' title="bbox 2031 1699 3584 1778">
     <span class='ocr_line' id='line_1_31' title="bbox 2031 1699 3584 1778; baseline -0.006 -16"><span class='ocrx_word' id='word_1_202' title='bbox 2031 1708 2281 1776; x_wconf 80' lang='grc' dir='ltr'>Ἐφεσίας</span> <span class='ocrx_word' id='word_1_203' title='bbox 2322 1709 2425 1778; x_wconf 82' lang='grc' dir='ltr'><strong>γῆς</strong></span> <span class='ocrx_word' id='word_1_204' title='bbox 2458 1708 2666 1776; x_wconf 76' lang='grc' dir='ltr'>εἰσάγει</span> <span class='ocrx_word' id='word_1_205' title='bbox 2690 1707 2972 1776; x_wconf 82' lang='grc' dir='ltr'>νέμοντας,</span> <span class='ocrx_word' id='word_1_206' title='bbox 3034 1703 3084 1757; x_wconf 79' lang='grc' dir='ltr'>οἳ</span> <span class='ocrx_word' id='word_1_207' title='bbox 3118 1701 3388 1773; x_wconf 84' lang='grc' dir='ltr'>μελισσῶν</span> <span class='ocrx_word' id='word_1_208' title='bbox 3412 1699 3584 1768; x_wconf 74' lang='grc' dir='ltr'>ἐσμὸν</span> 
     </span>
    </p>
   </div>
   <div class='ocr_carea' id='block_1_32' title="bbox 353 1785 1919 1870">
    <p class='ocr_par' dir='ltr' id='par_1_32' title="bbox 353 1796 1914 1866">
     <span class='ocr_line' id='line_1_32' title="bbox 353 1796 1914 1866; baseline -0.003 -13"><span class='ocrx_word' id='word_1_209' title='bbox 353 1813 474 1853; x_wconf 90' lang='lat' dir='ltr'><strong>men</strong></span> <span class='ocrx_word' id='word_1_210' title='bbox 511 1799 564 1851; x_wconf 90' lang='lat' dir='ltr'><strong>in</strong></span> <span class='ocrx_word' id='word_1_211' title='bbox 599 1796 862 1865; x_wconf 90' lang='lat' dir='ltr'><strong>profundo</strong></span> <span class='ocrx_word' id='word_1_212' title='bbox 901 1797 1133 1866; x_wconf 90' lang='lat' dir='ltr'><strong>quodam</strong></span> <span class='ocrx_word' id='word_1_213' title='bbox 1175 1806 1337 1866; x_wconf 90' lang='lat' dir='ltr'><strong>atque</strong></span> <span class='ocrx_word' id='word_1_214' title='bbox 1386 1797 1450 1849; x_wconf 89' lang='lat' dir='ltr'><strong>ad</strong></span> <span class='ocrx_word' id='word_1_215' title='bbox 1482 1796 1914 1852; x_wconf 88' lang='lat' dir='ltr'><strong>descendendum</strong></span> 
     </span>
    </p>
   </div>
   <div class='ocr_carea' id='block_1_33' title="bbox 2025 1785 3585 1870">
    <p class='ocr_par' dir='ltr' id='par_1_33' title="bbox 2025 1792 3585 1870">
     <span class='ocr_line' id='line_1_33' title="bbox 2025 1792 3585 1870; baseline -0.006 -17"><span class='ocrx_word' id='word_1_216' title='bbox 2025 1801 2079 1855; x_wconf 86' lang='grc' dir='ltr'><strong>ἐν</strong></span> <span class='ocrx_word' id='word_1_217' title='bbox 2099 1818 2204 1854; x_wconf 86' lang='grc' dir='ltr'>τινι</span> <span class='ocrx_word' id='word_1_218' title='bbox 2238 1799 2391 1870; x_wconf 83' lang='grc' dir='ltr'>βαθεῖ</span> <span class='ocrx_word' id='word_1_219' title='bbox 2410 1799 2502 1852; x_wconf 75' lang='grc' dir='ltr'>καὶ</span> <span class='ocrx_word' id='word_1_220' title='bbox 2534 1798 2844 1866; x_wconf 80' lang='grc' dir='ltr'>δυο-καθόδῳ</span> <span class='ocrx_word' id='word_1_221' title='bbox 2874 1795 3203 1863; x_wconf 89' lang='grc' dir='ltr'>θεασάμενοι</span> <span class='ocrx_word' id='word_1_222' title='bbox 3233 1792 3506 1863; x_wconf 82' lang='grc' dir='ltr'>σπηλαίῳ,</span> <span class='ocrx_word' id='word_1_223' title='bbox 3553 1793 3585 1844; x_wconf 98' lang='lat'><strong>6</strong></span> 
     </span>
    </p>
   </div>
   <div class='ocr_carea' id='block_1_34' title="bbox 353 1887 1921 1960">
    <p class='ocr_par' dir='ltr' id='par_1_34' title="bbox 353 1887 1921 1960">
     <span class='ocr_line' id='line_1_34' title="bbox 353 1887 1921 1960; baseline -0.003 -17"><span class='ocrx_word' id='word_1_224' title='bbox 353 1887 648 1959; x_wconf 83' lang='lat' dir='ltr'><strong>perdillicili</strong></span> <span class='ocrx_word' id='word_1_225' title='bbox 684 1897 843 1941; x_wconf 85' lang='lat' dir='ltr'><strong>antro</strong></span> <span class='ocrx_word' id='word_1_226' title='bbox 870 1902 991 1942; x_wconf 91' lang='lat' dir='ltr'><strong>cum</strong></span> <span class='ocrx_word' id='word_1_227' title='bbox 1025 1888 1319 1951; x_wconf 85' lang='lat' dir='ltr'><strong>vidissent,</strong></span> <span class='ocrx_word' id='word_1_228' title='bbox 1349 1888 1487 1943; x_wconf 89' lang='lat' dir='ltr'><strong>alter</strong></span> <span class='ocrx_word' id='word_1_229' title='bbox 1533 1887 1827 1960; x_wconf 88' lang='lat' dir='ltr'><strong>sportulam</strong></span> <span class='ocrx_word' id='word_1_230' title='bbox 1857 1890 1921 1940; x_wconf 91' lang='lat' dir='ltr'><strong>ad</strong></span> 
     </span>
    </p>
   </div>
   <div class='ocr_carea' id='block_1_35' title="bbox 354 1972 1921 2043">
    <p class='ocr_par' dir='ltr' id='par_1_35' title="bbox 354 1972 1921 2043">
     <span class='ocr_line' id='line_1_35' title="bbox 354 1972 1921 2043; baseline -0.004 -11"><span class='ocrx_word' id='word_1_231' title='bbox 354 1974 787 2031; x_wconf 85' lang='lat' dir='ltr'><strong>descendendum</strong></span> <span class='ocrx_word' id='word_1_232' title='bbox 823 1973 1094 2043; x_wconf 87' lang='lat' dir='ltr'><strong>ingressus</strong></span> <span class='ocrx_word' id='word_1_233' title='bbox 1128 1982 1244 2036; x_wconf 78' lang='lat' dir='ltr'><strong>est,</strong></span> <span class='ocrx_word' id='word_1_234' title='bbox 1278 1972 1414 2026; x_wconf 88' lang='lat' dir='ltr'><strong>alter</strong></span> <span class='ocrx_word' id='word_1_235' title='bbox 1439 1989 1556 2027; x_wconf 89' lang='lat' dir='ltr'><strong>eam</strong></span> <span class='ocrx_word' id='word_1_236' title='bbox 1588 1988 1619 2028; x_wconf 92' lang='lat' dir='ltr'><strong>e</strong></span> <span class='ocrx_word' id='word_1_237' title='bbox 1645 1973 1769 2027; x_wconf 89' lang='lat' dir='ltr'><strong>fune</strong></span> <span class='ocrx_word' id='word_1_238' title='bbox 1800 1989 1921 2028; x_wconf 83' lang='lat' dir='ltr'><strong>sus-</strong></span> 
     </span>
    </p>
   </div>
   <div class='ocr_carea' id='block_1_36' title="bbox 353 2062 1918 2140">
    <p class='ocr_par' dir='ltr' id='par_1_36' title="bbox 353 2062 1918 2140">
     <span class='ocr_line' id='line_1_36' title="bbox 353 2062 1918 2140; baseline -0.006 -14"><span class='ocrx_word' id='word_1_239' title='bbox 353 2083 573 2140; x_wconf 89' lang='lat' dir='ltr'><strong>pensam</strong></span> <span class='ocrx_word' id='word_1_240' title='bbox 618 2066 952 2121; x_wconf 88' lang='lat' dir='ltr'><strong>demittebat.</strong></span> <span class='ocrx_word' id='word_1_241' title='bbox 989 2062 1121 2119; x_wconf 86' lang='lat' dir='ltr'><strong>Cum</strong></span> <span class='ocrx_word' id='word_1_242' title='bbox 1160 2074 1336 2118; x_wconf 89' lang='lat' dir='ltr'><strong>autem</strong></span> <span class='ocrx_word' id='word_1_243' title='bbox 1394 2064 1483 2132; x_wconf 90' lang='lat' dir='ltr'><strong>qui</strong></span> <span class='ocrx_word' id='word_1_244' title='bbox 1535 2064 1918 2126; x_wconf 85' lang='lat' dir='ltr'><strong>descenderat,</strong></span> 
     </span>
    </p>
   </div>
   <div class='ocr_carea' id='block_1_37' title="bbox 354 2155 1921 2228">
    <p class='ocr_par' dir='ltr' id='par_1_37' title="bbox 354 2155 1921 2228">
     <span class='ocr_line' id='line_1_37' title="bbox 354 2155 1921 2228; baseline -0.005 -11"><span class='ocrx_word' id='word_1_245' title='bbox 354 2162 532 2217; x_wconf 84' lang='lat' dir='ltr'><strong>mellis</strong></span> <span class='ocrx_word' id='word_1_246' title='bbox 563 2171 723 2228; x_wconf 88' lang='lat' dir='ltr'><strong>atque</strong></span> <span class='ocrx_word' id='word_1_247' title='bbox 743 2161 855 2212; x_wconf 86' lang='lat' dir='ltr'><strong>auri</strong></span> <span class='ocrx_word' id='word_1_248' title='bbox 885 2158 1153 2226; x_wconf 88' lang='lat' dir='ltr'><strong>ingentem</strong></span> <span class='ocrx_word' id='word_1_249' title='bbox 1179 2156 1390 2224; x_wconf 92' lang='lat' dir='ltr'><strong>copiam</strong></span> <span class='ocrx_word' id='word_1_250' title='bbox 1424 2155 1731 2224; x_wconf 88' lang='lat' dir='ltr'><strong>reperisset,</strong></span> <span class='ocrx_word' id='word_1_251' title='bbox 1751 2155 1921 2224; x_wconf 90' lang='lat' dir='ltr'><strong>impo-</strong></span> 
     </span>
    </p>
   </div>
   <div class='ocr_carea' id='block_1_38' title="bbox 355 2246 1917 2321">
    <p class='ocr_par' dir='ltr' id='par_1_38' title="bbox 355 2246 1917 2321">
     <span class='ocr_line' id='line_1_38' title="bbox 355 2246 1917 2321; baseline -0.006 -12"><span class='ocrx_word' id='word_1_252' title='bbox 355 2255 518 2309; x_wconf 90' lang='lat' dir='ltr'><strong>situm</strong></span> <span class='ocrx_word' id='word_1_253' title='bbox 556 2250 810 2321; x_wconf 66' lang='lat' dir='ltr'><strong>sportulae</strong></span> <span class='ocrx_word' id='word_1_254' title='bbox 845 2264 981 2304; x_wconf 91' lang='lat' dir='ltr'><strong>onus</strong></span> <span class='ocrx_word' id='word_1_255' title='bbox 1012 2248 1171 2303; x_wconf 89' lang='lat' dir='ltr'><strong>tertio</strong></span> <span class='ocrx_word' id='word_1_256' title='bbox 1202 2246 1480 2301; x_wconf 87' lang='lat' dir='ltr'><strong>attrahere</strong></span> <span class='ocrx_word' id='word_1_257' title='bbox 1505 2262 1716 2301; x_wconf 90' lang='lat' dir='ltr'><strong>sursum</strong></span> <span class='ocrx_word' id='word_1_258' title='bbox 1740 2246 1917 2314; x_wconf 77' lang='lat' dir='ltr'><strong>jussit.</strong></span> 
     </span>
    </p>
   </div>
   <div class='ocr_carea' id='block_1_39' title="bbox 351 2339 1922 2409">
    <p class='ocr_par' dir='ltr' id='par_1_39' title="bbox 351 2339 1922 2409">
     <span class='ocr_line' id='line_1_39' title="bbox 351 2339 1922 2409; baseline -0.004 -10"><span class='ocrx_word' id='word_1_259' title='bbox 351 2344 499 2400; x_wconf 84' lang='lat' dir='ltr'><strong>Auro</strong></span> <span class='ocrx_word' id='word_1_260' title='bbox 528 2344 650 2399; x_wconf 90' lang='lat' dir='ltr'><strong>dein</strong></span> <span class='ocrx_word' id='word_1_261' title='bbox 672 2342 967 2405; x_wconf 82' lang='lat' dir='ltr'><strong>deficiente,</strong></span> <span class='ocrx_word' id='word_1_262' title='bbox 983 2340 1215 2409; x_wconf 89' lang='lat' dir='ltr'><strong>seipsum</strong></span> <span class='ocrx_word' id='word_1_263' title='bbox 1234 2339 1482 2406; x_wconf 85' lang='lat' dir='ltr'><strong>deinceps</strong></span> <span class='ocrx_word' id='word_1_264' title='bbox 1500 2349 1734 2406; x_wconf 88' lang='lat' dir='ltr'><strong>sportam</strong></span> <span class='ocrx_word' id='word_1_265' title='bbox 1751 2339 1922 2408; x_wconf 85' lang='lat' dir='ltr'><strong>ingre-</strong></span> 
     </span>
    </p>
   </div>
   <div class='ocr_carea' id='block_1_40' title="bbox 356 2430 1919 2501">
    <p class='ocr_par' dir='ltr' id='par_1_40' title="bbox 356 2430 1919 2501">
     <span class='ocr_line' id='line_1_40' title="bbox 356 2430 1919 2501; baseline -0.005 -9"><span class='ocrx_word' id='word_1_266' title='bbox 356 2439 406 2492; x_wconf 97' lang='lat' dir='ltr'><strong>di</strong></span> <span class='ocrx_word' id='word_1_267' title='bbox 433 2434 772 2493; x_wconf 88' lang='lat' dir='ltr'><strong>acclamavit.</strong></span> <span class='ocrx_word' id='word_1_268' title='bbox 802 2435 873 2487; x_wconf 85' lang='lat' dir='ltr'><strong>At</strong></span> <span class='ocrx_word' id='word_1_269' title='bbox 902 2441 1183 2501; x_wconf 88' lang='lat' dir='ltr'><strong>postquam</strong></span> <span class='ocrx_word' id='word_1_270' title='bbox 1218 2431 1532 2484; x_wconf 86' lang='lat' dir='ltr'><strong>insidiarum</strong></span> <span class='ocrx_word' id='word_1_271' title='bbox 1556 2430 1653 2498; x_wconf 91' lang='lat' dir='ltr'><strong>ipsi</strong></span> <span class='ocrx_word' id='word_1_272' title='bbox 1686 2432 1919 2499; x_wconf 87' lang='lat' dir='ltr'><strong>suspicio</strong></span> 
     </span>
    </p>
   </div>
   <div class='ocr_carea' id='block_1_41' title="bbox 350 2521 1921 2591">
    <p class='ocr_par' dir='ltr' id='par_1_41' title="bbox 350 2521 1921 2591">
     <span class='ocr_line' id='line_1_41' title="bbox 350 2521 1921 2591; baseline -0.005 -7"><span class='ocrx_word' id='word_1_273' title='bbox 350 2543 474 2584; x_wconf 90' lang='lat' dir='ltr'><strong>cum</strong></span> <span class='ocrx_word' id='word_1_274' title='bbox 510 2527 675 2581; x_wconf 88' lang='lat' dir='ltr'><strong>verbo</strong></span> <span class='ocrx_word' id='word_1_275' title='bbox 723 2525 812 2580; x_wconf 91' lang='lat' dir='ltr'><strong>illo</strong></span> <span class='ocrx_word' id='word_1_276' title='bbox 865 2524 916 2578; x_wconf 92' lang='lat' dir='ltr'><strong>iu</strong></span> <span class='ocrx_word' id='word_1_277' title='bbox 949 2532 1180 2577; x_wconf 91' lang='lat' dir='ltr'><strong>mentem</strong></span> <span class='ocrx_word' id='word_1_278' title='bbox 1225 2521 1405 2586; x_wconf 88' lang='lat' dir='ltr'><strong>venit,</strong></span> <span class='ocrx_word' id='word_1_279' title='bbox 1451 2521 1682 2591; x_wconf 89' lang='lat' dir='ltr'><strong>lapidem</strong></span> <span class='ocrx_word' id='word_1_280' title='bbox 1735 2536 1831 2590; x_wconf 89' lang='lat' dir='ltr'><strong>pro</strong></span> <span class='ocrx_word' id='word_1_281' title='bbox 1863 2537 1921 2576; x_wconf 90' lang='lat' dir='ltr'><strong>se</strong></span> 
     </span>
    </p>
   </div>
   <div class='ocr_carea' id='block_1_42' title="bbox 356 2611 1913 2689">
    <p class='ocr_par' dir='ltr' id='par_1_42' title="bbox 356 2611 1913 2689">
     <span class='ocr_line' id='line_1_42' title="bbox 356 2611 1913 2689; baseline -0.004 -16"><span class='ocrx_word' id='word_1_282' title='bbox 356 2627 554 2689; x_wconf 62' lang='lat' dir='ltr'><strong>sporta:</strong></span> <span class='ocrx_word' id='word_1_283' title='bbox 584 2617 874 2685; x_wconf 91' lang='lat' dir='ltr'><strong>imposuit,</strong></span> <span class='ocrx_word' id='word_1_284' title='bbox 898 2614 1168 2685; x_wconf 89' lang='lat' dir='ltr'><strong>jussitque</strong></span> <span class='ocrx_word' id='word_1_285' title='bbox 1201 2615 1494 2668; x_wconf 80' lang='lat' dir='ltr'><strong>attrahere.</strong></span> <span class='ocrx_word' id='word_1_286' title='bbox 1523 2612 1672 2667; x_wconf 86' lang='lat' dir='ltr'><strong>Alter</strong></span> <span class='ocrx_word' id='word_1_287' title='bbox 1700 2611 1913 2681; x_wconf 86' lang='lat' dir='ltr'><strong>itaque,</strong></span> 
     </span>
    </p>
   </div>
   <div class='ocr_carea' id='block_1_43' title="bbox 358 2704 1916 2779">
    <p class='ocr_par' dir='ltr' id='par_1_43' title="bbox 358 2704 1916 2779">
     <span class='ocr_line' id='line_1_43' title="bbox 358 2704 1916 2779; baseline -0.006 -14"><span class='ocrx_word' id='word_1_288' title='bbox 358 2713 541 2779; x_wconf 80' lang='lat' dir='ltr'><strong>utjam</strong></span> <span class='ocrx_word' id='word_1_289' title='bbox 577 2723 723 2777; x_wconf 66' lang='lat' dir='ltr'><strong>ptrue</strong></span> <span class='ocrx_word' id='word_1_290' title='bbox 753 2708 818 2761; x_wconf 88' lang='lat' dir='ltr'><strong>ad</strong></span> <span class='ocrx_word' id='word_1_291' title='bbox 854 2722 1002 2760; x_wconf 87' lang='lat' dir='ltr'><strong>oram</strong></span> <span class='ocrx_word' id='word_1_292' title='bbox 1035 2720 1201 2774; x_wconf 85' lang='lat' dir='ltr'><strong>usque</strong></span> <span class='ocrx_word' id='word_1_293' title='bbox 1218 2705 1483 2774; x_wconf 73' lang='lat' dir='ltr'><strong>speluncae</strong></span> <span class='ocrx_word' id='word_1_294' title='bbox 1507 2719 1646 2758; x_wconf 85' lang='lat' dir='ltr'><strong>onus</strong></span> <span class='ocrx_word' id='word_1_295' title='bbox 1677 2704 1916 2769; x_wconf 79' lang='lat' dir='ltr'><strong>attraxit,</strong></span> 
     </span>
    </p>
   </div>
   <div class='ocr_carea' id='block_1_44' title="bbox 356 2792 1919 2861">
    <p class='ocr_par' dir='ltr' id='par_1_44' title="bbox 356 2792 1919 2861">
     <span class='ocr_line' id='line_1_44' title="bbox 356 2792 1919 2861; baseline -0.004 -9"><span class='ocrx_word' id='word_1_296' title='bbox 356 2810 505 2854; x_wconf 87' lang='lat' dir='ltr'><strong>ratus</strong></span> <span class='ocrx_word' id='word_1_297' title='bbox 535 2812 592 2852; x_wconf 88' lang='lat' dir='ltr'><strong>se</strong></span> <span class='ocrx_word' id='word_1_298' title='bbox 612 2797 816 2852; x_wconf 88' lang='lat' dir='ltr'><strong>socium</strong></span> <span class='ocrx_word' id='word_1_299' title='bbox 849 2795 1115 2859; x_wconf 90' lang='lat' dir='ltr'><strong>occidere,</strong></span> <span class='ocrx_word' id='word_1_300' title='bbox 1141 2792 1419 2848; x_wconf 82' lang='lat' dir='ltr'><strong>confestim</strong></span> <span class='ocrx_word' id='word_1_301' title='bbox 1450 2807 1543 2861; x_wconf 88' lang='lat' dir='ltr'><strong>per</strong></span> <span class='ocrx_word' id='word_1_302' title='bbox 1565 2792 1919 2861; x_wconf 69' lang='lat' dir='ltr'><strong>praecipitium</strong></span> 
     </span>
    </p>
   </div>
   <div class='ocr_carea' id='block_1_45' title="bbox 272 2880 1918 2958">
    <p class='ocr_par' dir='ltr' id='par_1_45' title="bbox 272 2880 1918 2958">
     <span class='ocr_line' id='line_1_45' title="bbox 272 2880 1918 2958; baseline -0.003 -18"><span class='ocrx_word' id='word_1_303' title='bbox 272 2902 294 2924; x_wconf 70' lang='grc' dir='ltr'><strong>ι</strong></span> <span class='ocrx_word' id='word_1_304' title='bbox 356 2887 621 2958; x_wconf 83' lang='lat' dir='ltr'><strong>quoddam</strong></span> <span class='ocrx_word' id='word_1_305' title='bbox 653 2894 887 2954; x_wconf 91' lang='lat' dir='ltr'><strong>sportam</strong></span> <span class='ocrx_word' id='word_1_306' title='bbox 913 2882 1284 2953; x_wconf 76' lang='lat' dir='ltr'><strong>praecipitavit,</strong></span> <span class='ocrx_word' id='word_1_307' title='bbox 1309 2896 1546 2949; x_wconf 86' lang='lat' dir='ltr'><strong>auroque</strong></span> <span class='ocrx_word' id='word_1_308' title='bbox 1571 2882 1718 2935; x_wconf 91' lang='lat' dir='ltr'><strong>humi</strong></span> <span class='ocrx_word' id='word_1_309' title='bbox 1740 2880 1918 2935; x_wconf 87' lang='lat' dir='ltr'><strong>defos-</strong></span> 
     </span>
    </p>
   </div>
   <div class='ocr_carea' id='block_1_46' title="bbox 357 2972 1920 3043">
    <p class='ocr_par' dir='ltr' id='par_1_46' title="bbox 357 2972 1920 3043">
     <span class='ocr_line' id='line_1_46' title="bbox 357 2972 1920 3043; baseline -0.003 -13"><span class='ocrx_word' id='word_1_310' title='bbox 357 2991 418 3030; x_wconf 89' lang='lat' dir='ltr'><strong>so</strong></span> <span class='ocrx_word' id='word_1_311' title='bbox 438 3016 454 3043; x_wconf 93' lang='lat'><strong>,</strong></span> <span class='ocrx_word' id='word_1_312' title='bbox 486 2976 803 3030; x_wconf 88' lang='lat' dir='ltr'><strong>verisimiles</strong></span> <span class='ocrx_word' id='word_1_313' title='bbox 834 2974 899 3027; x_wconf 94' lang='lat' dir='ltr'><strong>de</strong></span> <span class='ocrx_word' id='word_1_314' title='bbox 921 2984 1136 3040; x_wconf 87' lang='lat' dir='ltr'><strong>pastore</strong></span> <span class='ocrx_word' id='word_1_315' title='bbox 1158 2972 1248 3042; x_wconf 92' lang='lat' dir='ltr'><strong>qui</strong></span> <span class='ocrx_word' id='word_1_316' title='bbox 1271 2972 1674 3026; x_wconf 87' lang='lat' dir='ltr'><strong>desiderabatur</strong></span> <span class='ocrx_word' id='word_1_317' title='bbox 1692 3012 1707 3037; x_wconf 93' lang='lat'><strong>,</strong></span> <span class='ocrx_word' id='word_1_318' title='bbox 1732 2986 1920 3026; x_wconf 89' lang='lat' dir='ltr'><strong>causas</strong></span> 
     </span>
    </p>
   </div>
   <div class='ocr_carea' id='block_1_47' title="bbox 355 3060 1917 3134">
    <p class='ocr_par' dir='ltr' id='par_1_47' title="bbox 355 3060 1917 3134">
     <span class='ocr_line' id='line_1_47' title="bbox 355 3060 1917 3134; baseline -0.004 -14"><span class='ocrx_word' id='word_1_319' title='bbox 355 3065 810 3134; x_wconf 83' lang='lat' dir='ltr'><strong>interrogantibus</strong></span> <span class='ocrx_word' id='word_1_320' title='bbox 840 3074 1175 3116; x_wconf 84' lang='lat' dir='ltr'><strong>commentus</strong></span> <span class='ocrx_word' id='word_1_321' title='bbox 1200 3070 1303 3115; x_wconf 89' lang='lat' dir='ltr'><strong>est.</strong></span> <span class='ocrx_word' id='word_1_322' title='bbox 1345 3061 1483 3115; x_wconf 85' lang='lat' dir='ltr'><strong>Hinc</strong></span> <span class='ocrx_word' id='word_1_323' title='bbox 1510 3075 1633 3115; x_wconf 92' lang='lat' dir='ltr'><strong>cum</strong></span> <span class='ocrx_word' id='word_1_324' title='bbox 1663 3061 1801 3115; x_wconf 87' lang='lat' dir='ltr'><strong>alter</strong></span> <span class='ocrx_word' id='word_1_325' title='bbox 1830 3060 1917 3114; x_wconf 87' lang='lat' dir='ltr'><strong>ille</strong></span> 
     </span>
    </p>
   </div>
   <div class='ocr_carea' id='block_1_48' title="bbox 356 3154 1923 3226">
    <p class='ocr_par' dir='ltr' id='par_1_48' title="bbox 356 3154 1923 3226">
     <span class='ocr_line' id='line_1_48' title="bbox 356 3154 1923 3226; baseline -0.004 -14"><span class='ocrx_word' id='word_1_326' title='bbox 356 3157 410 3212; x_wconf 89' lang='lat' dir='ltr'><strong>in</strong></span> <span class='ocrx_word' id='word_1_327' title='bbox 445 3157 698 3226; x_wconf 86' lang='lat' dir='ltr'><strong>spelunca</strong></span> <span class='ocrx_word' id='word_1_328' title='bbox 730 3154 916 3225; x_wconf 67' lang='lat'><strong>13711</strong></span> <span class='ocrx_word' id='word_1_329' title='bbox 937 3167 1120 3224; x_wconf 82' lang='lat' dir='ltr'><strong>paSIOI‘</strong></span> <span class='ocrx_word' id='word_1_330' title='bbox 1148 3154 1346 3207; x_wconf 86' lang='lat' dir='ltr'><strong>nullam</strong></span> <span class='ocrx_word' id='word_1_331' title='bbox 1381 3154 1572 3208; x_wconf 86' lang='lat' dir='ltr'><strong>salutis</strong></span> <span class='ocrx_word' id='word_1_332' title='bbox 1601 3155 1740 3206; x_wconf 89' lang='lat' dir='ltr'><strong>viam</strong></span> <span class='ocrx_word' id='word_1_333' title='bbox 1776 3168 1923 3222; x_wconf 83' lang='lat' dir='ltr'><strong>repe-</strong></span> 
     </span>
    </p>
   </div>
   <div class='ocr_carea' id='block_1_49' title="bbox 356 3242 1921 3317">
    <p class='ocr_par' dir='ltr' id='par_1_49' title="bbox 356 3242 1921 3317">
     <span class='ocr_line' id='line_1_49' title="bbox 356 3242 1921 3317; baseline -0.004 -15"><span class='ocrx_word' id='word_1_334' title='bbox 356 3248 489 3303; x_wconf 90' lang='lat' dir='ltr'><strong>riret</strong></span> <span class='ocrx_word' id='word_1_335' title='bbox 509 3288 524 3312; x_wconf 90' lang='lat'><strong>,</strong></span> <span class='ocrx_word' id='word_1_336' title='bbox 548 3247 739 3317; x_wconf 81' lang='lat' dir='ltr'><strong>Apollo</strong></span> <span class='ocrx_word' id='word_1_337' title='bbox 787 3248 839 3301; x_wconf 93' lang='lat' dir='ltr'><strong>iu</strong></span> <span class='ocrx_word' id='word_1_338' title='bbox 871 3246 1072 3301; x_wconf 84' lang='lat' dir='ltr'><strong>somnis</strong></span> <span class='ocrx_word' id='word_1_339' title='bbox 1096 3245 1254 3313; x_wconf 87' lang='lat' dir='ltr'><strong>jussit</strong></span> <span class='ocrx_word' id='word_1_340' title='bbox 1279 3284 1294 3309; x_wconf 92' lang='lat'><strong>,</strong></span> <span class='ocrx_word' id='word_1_341' title='bbox 1336 3253 1395 3298; x_wconf 93' lang='lat' dir='ltr'><strong>ut</strong></span> <span class='ocrx_word' id='word_1_342' title='bbox 1427 3252 1585 3298; x_wconf 90' lang='lat' dir='ltr'><strong>acuto</strong></span> <span class='ocrx_word' id='word_1_343' title='bbox 1614 3243 1790 3313; x_wconf 86' lang='lat' dir='ltr'><strong>lapide</strong></span> <span class='ocrx_word' id='word_1_344' title='bbox 1818 3242 1921 3298; x_wconf 90' lang='lat' dir='ltr'><strong>sibi</strong></span> 
     </span>
    </p>
   </div>
   <div class='ocr_carea' id='block_1_50' title="bbox 355 3335 1921 3409">
    <p class='ocr_par' dir='ltr' id='par_1_50' title="bbox 355 3335 1921 3409">
     <span class='ocr_line' id='line_1_50' title="bbox 355 3335 1921 3409; baseline -0.003 -13"><span class='ocrx_word' id='word_1_345' title='bbox 355 3354 583 3409; x_wconf 90' lang='lat' dir='ltr'><strong>corpore</strong></span> <span class='ocrx_word' id='word_1_346' title='bbox 599 3339 855 3404; x_wconf 87' lang='lat' dir='ltr'><strong>lacerato,</strong></span> <span class='ocrx_word' id='word_1_347' title='bbox 872 3340 1084 3407; x_wconf 91' lang='lat' dir='ltr'><strong>quietus</strong></span> <span class='ocrx_word' id='word_1_348' title='bbox 1096 3337 1320 3405; x_wconf 88' lang='lat' dir='ltr'><strong>jaceret.</strong></span> <span class='ocrx_word' id='word_1_349' title='bbox 1343 3337 1528 3393; x_wconf 88' lang='lat' dir='ltr'><strong>Paruit</strong></span> <span class='ocrx_word' id='word_1_350' title='bbox 1551 3335 1640 3390; x_wconf 91' lang='lat' dir='ltr'><strong>ille</strong></span> <span class='ocrx_word' id='word_1_351' title='bbox 1661 3337 1921 3405; x_wconf 87' lang='lat' dir='ltr'><strong>monenti,</strong></span> 
     </span>
    </p>
   </div>
   <div class='ocr_carea' id='block_1_51' title="bbox 354 3426 1925 3497">
    <p class='ocr_par' dir='ltr' id='par_1_51' title="bbox 354 3426 1925 3497">
     <span class='ocr_line' id='line_1_51' title="bbox 354 3426 1925 3497; baseline -0.002 -14"><span class='ocrx_word' id='word_1_352' title='bbox 354 3437 405 3483; x_wconf 88' lang='lat' dir='ltr'><strong>et</strong></span> <span class='ocrx_word' id='word_1_353' title='bbox 444 3428 680 3483; x_wconf 87' lang='lat' dir='ltr'><strong>vultures</strong></span> <span class='ocrx_word' id='word_1_354' title='bbox 706 3437 961 3497; x_wconf 89' lang='lat' dir='ltr'><strong>tauquam</strong></span> <span class='ocrx_word' id='word_1_355' title='bbox 984 3429 1049 3481; x_wconf 84' lang='lat' dir='ltr'><strong>ad</strong></span> <span class='ocrx_word' id='word_1_356' title='bbox 1076 3428 1308 3481; x_wconf 87' lang='lat' dir='ltr'><strong>cadaver</strong></span> <span class='ocrx_word' id='word_1_357' title='bbox 1334 3426 1672 3491; x_wconf 86' lang='lat' dir='ltr'><strong>advolantes,</strong></span> <span class='ocrx_word' id='word_1_358' title='bbox 1696 3441 1925 3495; x_wconf 84' lang='lat' dir='ltr'><strong>ungues-</strong></span> 
     </span>
    </p>
   </div>
   <div class='ocr_carea' id='block_1_52' title="bbox 356 3517 1927 3590">
    <p class='ocr_par' dir='ltr' id='par_1_52' title="bbox 356 3517 1927 3590">
     <span class='ocr_line' id='line_1_52' title="bbox 356 3517 1927 3590; baseline -0.003 -16"><span class='ocrx_word' id='word_1_359' title='bbox 356 3535 463 3590; x_wconf 88' lang='lat' dir='ltr'><strong>que</strong></span> <span class='ocrx_word' id='word_1_360' title='bbox 493 3519 582 3574; x_wconf 87' lang='lat' dir='ltr'><strong>alii</strong></span> <span class='ocrx_word' id='word_1_361' title='bbox 616 3534 811 3585; x_wconf 68' lang='lat' dir='ltr'><strong>comaa,</strong></span> <span class='ocrx_word' id='word_1_362' title='bbox 845 3518 934 3572; x_wconf 88' lang='lat' dir='ltr'><strong>alii</strong></span> <span class='ocrx_word' id='word_1_363' title='bbox 971 3518 1211 3573; x_wconf 86' lang='lat' dir='ltr'><strong>vestibus</strong></span> <span class='ocrx_word' id='word_1_364' title='bbox 1257 3520 1574 3588; x_wconf 83' lang='lat' dir='ltr'><strong>iungentes,</strong></span> <span class='ocrx_word' id='word_1_365' title='bbox 1609 3518 1661 3571; x_wconf 90' lang='lat' dir='ltr'><strong>in</strong></span> <span class='ocrx_word' id='word_1_366' title='bbox 1696 3517 1927 3571; x_wconf 89' lang='lat' dir='ltr'><strong>sublime</strong></span> 
     </span>
    </p>
   </div>
   <div class='ocr_carea' id='block_1_53' title="bbox 357 3608 1928 3678">
    <p class='ocr_par' dir='ltr' id='par_1_53' title="bbox 357 3608 1928 3678">
     <span class='ocr_line' id='line_1_53' title="bbox 357 3608 1928 3678; baseline -0.002 -12"><span class='ocrx_word' id='word_1_367' title='bbox 357 3611 628 3666; x_wconf 84' lang='lat' dir='ltr'><strong>hominem</strong></span> <span class='ocrx_word' id='word_1_368' title='bbox 660 3611 1010 3675; x_wconf 89' lang='lat' dir='ltr'><strong>sustulerunt,</strong></span> <span class='ocrx_word' id='word_1_369' title='bbox 1039 3618 1436 3678; x_wconf 80' lang='lat' dir='ltr'><strong>avexerunlque</strong></span> <span class='ocrx_word' id='word_1_370' title='bbox 1466 3609 1688 3664; x_wconf 67' lang='lat' dir='ltr'><strong>illaesum</strong></span> <span class='ocrx_word' id='word_1_371' title='bbox 1725 3608 1778 3663; x_wconf 89' lang='lat' dir='ltr'><strong>in</strong></span> <span class='ocrx_word' id='word_1_372' title='bbox 1800 3608 1928 3663; x_wconf 83' lang='lat' dir='ltr'><strong>sub-</strong></span> 
     </span>
    </p>
   </div>
   <div class='ocr_carea' id='block_1_54' title="bbox 258 3698 1925 3772">
    <p class='ocr_par' dir='ltr' id='par_1_54' title="bbox 258 3698 1925 3772">
     <span class='ocr_line' id='line_1_54' title="bbox 258 3698 1925 3772; baseline -0.004 -17"><span class='ocrx_word' id='word_1_373' title='bbox 258 3740 263 3747; x_wconf 76' lang='lat'><strong>.</strong></span> <span class='ocrx_word' id='word_1_374' title='bbox 352 3701 549 3772; x_wconf 86' lang='lat' dir='ltr'><strong>jcctam</strong></span> <span class='ocrx_word' id='word_1_375' title='bbox 613 3700 824 3755; x_wconf 85' lang='lat' dir='ltr'><strong>vallem.</strong></span> <span class='ocrx_word' id='word_1_376' title='bbox 889 3698 1018 3754; x_wconf 85' lang='lat' dir='ltr'><strong>lude</strong></span> <span class='ocrx_word' id='word_1_377' title='bbox 1069 3699 1416 3769; x_wconf 81' lang='lat' dir='ltr'><strong>profectusin</strong></span> <span class='ocrx_word' id='word_1_378' title='bbox 1452 3699 1697 3763; x_wconf 89' lang='lat' dir='ltr'><strong>curiam,</strong></span> <span class='ocrx_word' id='word_1_379' title='bbox 1733 3705 1925 3752; x_wconf 86' lang='lat' dir='ltr'><strong>cuncta</strong></span> 
     </span>
    </p>
   </div>
   <div class='ocr_carea' id='block_1_55' title="bbox 360 3790 1925 3860">
    <p class='ocr_par' dir='ltr' id='par_1_55' title="bbox 360 3790 1925 3860">
     <span class='ocr_line' id='line_1_55' title="bbox 360 3790 1925 3860; baseline 0.004 -15"><span class='ocrx_word' id='word_1_380' title='bbox 360 3791 694 3860; x_wconf 83' lang='lat' dir='ltr'><strong>magistratui</strong></span> <span class='ocrx_word' id='word_1_381' title='bbox 733 3793 998 3860; x_wconf 71' lang='lat' dir='ltr'><strong>exposuit.</strong></span> <span class='ocrx_word' id='word_1_382' title='bbox 1059 3790 1235 3856; x_wconf 84' lang='lat' dir='ltr'><strong>Quare</strong></span> <span class='ocrx_word' id='word_1_383' title='bbox 1287 3790 1503 3858; x_wconf 89' lang='lat' dir='ltr'><strong>Ephesii</strong></span> <span class='ocrx_word' id='word_1_384' title='bbox 1553 3792 1925 3850; x_wconf 84' lang='lat' dir='ltr'><strong>insidiatorem</strong></span> 
     </span>
    </p>
   </div>
   <div class='ocr_carea' id='block_1_56' title="bbox 362 3882 1924 3952">
    <p class='ocr_par' dir='ltr' id='par_1_56' title="bbox 362 3882 1924 3952">
     <span class='ocr_line' id='line_1_56' title="bbox 362 3882 1924 3952; baseline 0.002 -16"><span class='ocrx_word' id='word_1_385' title='bbox 362 3883 508 3937; x_wconf 83' lang='lat' dir='ltr'><strong>illum</strong></span> <span class='ocrx_word' id='word_1_386' title='bbox 551 3884 892 3948; x_wconf 86' lang='lat' dir='ltr'><strong>convictum,</strong></span> <span class='ocrx_word' id='word_1_387' title='bbox 933 3898 1228 3952; x_wconf 88' lang='lat' dir='ltr'><strong>aurumque</strong></span> <span class='ocrx_word' id='word_1_388' title='bbox 1263 3882 1535 3938; x_wconf 88' lang='lat' dir='ltr'><strong>defossum</strong></span> <span class='ocrx_word' id='word_1_389' title='bbox 1576 3884 1660 3940; x_wconf 89' lang='lat' dir='ltr'><strong>vel</strong></span> <span class='ocrx_word' id='word_1_390' title='bbox 1698 3884 1924 3939; x_wconf 86' lang='lat' dir='ltr'><strong>invitum</strong></span> 
     </span>
    </p>
   </div>
   <div class='ocr_carea' id='block_1_57' title="bbox 360 3972 1927 4046">
    <p class='ocr_par' dir='ltr' id='par_1_57' title="bbox 360 3972 1927 4046">
     <span class='ocr_line' id='line_1_57' title="bbox 360 3972 1927 4046; baseline 0.001 -19"><span class='ocrx_word' id='word_1_391' title='bbox 360 3973 643 4027; x_wconf 87' lang='lat' dir='ltr'><strong>ostendere</strong></span> <span class='ocrx_word' id='word_1_392' title='bbox 673 3983 920 4028; x_wconf 89' lang='lat' dir='ltr'><strong>coactum</strong></span> <span class='ocrx_word' id='word_1_393' title='bbox 947 3972 1066 4045; x_wconf 90' lang='lat' dir='ltr'><strong>[pro</strong></span> <span class='ocrx_word' id='word_1_394' title='bbox 1089 3974 1324 4046; x_wconf 87' lang='lat' dir='ltr'><strong>meritis]</strong></span> <span class='ocrx_word' id='word_1_395' title='bbox 1354 3975 1648 4030; x_wconf 87' lang='lat' dir='ltr'><strong>multarunt</strong></span> <span class='ocrx_word' id='word_1_396' title='bbox 1678 3992 1693 4029; x_wconf 89' lang='lat'><strong>:</strong></span> <span class='ocrx_word' id='word_1_397' title='bbox 1731 3974 1927 4045; x_wconf 87' lang='lat' dir='ltr'><strong>injuria</strong></span> 
     </span>
    </p>
   </div>
   <div class='ocr_carea' id='block_1_58' title="bbox 360 4063 1927 4133">
    <p class='ocr_par' dir='ltr' id='par_1_58' title="bbox 360 4063 1927 4133">
     <span class='ocr_line' id='line_1_58' title="bbox 360 4063 1927 4133; baseline 0.004 -16"><span class='ocrx_word' id='word_1_398' title='bbox 360 4079 490 4118; x_wconf 86' lang='lat' dir='ltr'><strong>vero</strong></span> <span class='ocrx_word' id='word_1_399' title='bbox 539 4063 728 4120; x_wconf 75' lang='lat' dir='ltr'><strong>allecto</strong></span> <span class='ocrx_word' id='word_1_400' title='bbox 767 4069 884 4121; x_wconf 86' lang='lat' dir='ltr'><strong>auri</strong></span> <span class='ocrx_word' id='word_1_401' title='bbox 934 4068 1213 4122; x_wconf 91' lang='lat' dir='ltr'><strong>dimidium</strong></span> <span class='ocrx_word' id='word_1_402' title='bbox 1276 4067 1667 4133; x_wconf 86' lang='lat' dir='ltr'><strong>attribuentes,</strong></span> <span class='ocrx_word' id='word_1_403' title='bbox 1699 4067 1927 4124; x_wconf 90' lang='lat' dir='ltr'><strong>alterum</strong></span> 
     </span>
    </p>
   </div>
   <div class='ocr_carea' id='block_1_59' title="bbox 363 4157 1931 4229">
    <p class='ocr_par' dir='ltr' id='par_1_59' title="bbox 363 4157 1931 4229">
     <span class='ocr_line' id='line_1_59' title="bbox 363 4157 1931 4229; baseline 0.002 -18"><span class='ocrx_word' id='word_1_404' title='bbox 363 4157 638 4212; x_wconf 90' lang='lat' dir='ltr'><strong>dimidium</strong></span> <span class='ocrx_word' id='word_1_405' title='bbox 654 4160 883 4229; x_wconf 81' lang='lat' dir='ltr'><strong>Apollini</strong></span> <span class='ocrx_word' id='word_1_406' title='bbox 898 4174 962 4214; x_wconf 89' lang='lat' dir='ltr'><strong>ac</strong></span> <span class='ocrx_word' id='word_1_407' title='bbox 978 4158 1161 4213; x_wconf 64' lang='lat' dir='ltr'><strong>Dianae</strong></span> <span class='ocrx_word' id='word_1_408' title='bbox 1180 4158 1509 4214; x_wconf 80' lang='lat' dir='ltr'><strong>obtulerunt.</strong></span> <span class='ocrx_word' id='word_1_409' title='bbox 1536 4159 1788 4215; x_wconf 84' lang='lat' dir='ltr'><strong>Servatus</strong></span> <span class='ocrx_word' id='word_1_410' title='bbox 1802 4174 1931 4229; x_wconf 90' lang='lat' dir='ltr'><strong>ergo</strong></span> 
     </span>
    </p>
   </div>
   <div class='ocr_carea' id='block_1_60' title="bbox 366 4250 1932 4322">
    <p class='ocr_par' dir='ltr' id='par_1_60' title="bbox 366 4250 1932 4322">
     <span class='ocr_line' id='line_1_60' title="bbox 366 4250 1932 4322; baseline 0 -18"><span class='ocrx_word' id='word_1_411' title='bbox 366 4259 547 4320; x_wconf 89' lang='lat' dir='ltr'><strong>pastor</strong></span> <span class='ocrx_word' id='word_1_412' title='bbox 584 4250 706 4317; x_wconf 90' lang='lat' dir='ltr'><strong>ille,</strong></span> <span class='ocrx_word' id='word_1_413' title='bbox 743 4265 980 4319; x_wconf 89' lang='lat' dir='ltr'><strong>auroque</strong></span> <span class='ocrx_word' id='word_1_414' title='bbox 1026 4253 1282 4317; x_wconf 91' lang='lat' dir='ltr'><strong>donatus,</strong></span> <span class='ocrx_word' id='word_1_415' title='bbox 1311 4252 1379 4306; x_wconf 88' lang='lat' dir='ltr'><strong>ad</strong></span> <span class='ocrx_word' id='word_1_416' title='bbox 1421 4266 1661 4308; x_wconf 88' lang='lat' dir='ltr'><strong>summas</strong></span> <span class='ocrx_word' id='word_1_417' title='bbox 1688 4252 1932 4322; x_wconf 83' lang='lat' dir='ltr'><strong>pervenit</strong></span> 
     </span>
    </p>
   </div>
   <div class='ocr_carea' id='block_1_61' title="bbox 362 4341 1928 4412">
    <p class='ocr_par' dir='ltr' id='par_1_61' title="bbox 362 4341 1928 4412">
     <span class='ocr_line' id='line_1_61' title="bbox 362 4341 1928 4412; baseline 0.001 -18"><span class='ocrx_word' id='word_1_418' title='bbox 362 4341 576 4396; x_wconf 85' lang='lat' dir='ltr'><strong>divitias</strong></span> <span class='ocrx_word' id='word_1_419' title='bbox 596 4381 615 4411; x_wconf 91' lang='lat'><strong>,</strong></span> <span class='ocrx_word' id='word_1_420' title='bbox 644 4350 699 4397; x_wconf 91' lang='lat' dir='ltr'><strong>et</strong></span> <span class='ocrx_word' id='word_1_421' title='bbox 725 4357 876 4396; x_wconf 90' lang='lat' dir='ltr'><strong>aram</strong></span> <span class='ocrx_word' id='word_1_422' title='bbox 901 4345 953 4396; x_wconf 90' lang='lat' dir='ltr'><strong>in</strong></span> <span class='ocrx_word' id='word_1_423' title='bbox 984 4357 1193 4399; x_wconf 91' lang='lat' dir='ltr'><strong>summo</strong></span> <span class='ocrx_word' id='word_1_424' title='bbox 1235 4342 1435 4397; x_wconf 89' lang='lat' dir='ltr'><strong>montis</strong></span> <span class='ocrx_word' id='word_1_425' title='bbox 1463 4344 1660 4399; x_wconf 89' lang='lat' dir='ltr'><strong>vertice</strong></span> <span class='ocrx_word' id='word_1_426' title='bbox 1676 4343 1928 4412; x_wconf 90' lang='lat' dir='ltr'><strong>Apollini,</strong></span> 
     </span>
    </p>
   </div>
   <div class='ocr_carea' id='block_1_62' title="bbox 2024 1882 3583 1962">
    <p class='ocr_par' dir='ltr' id='par_1_62' title="bbox 2024 1882 3583 1962">
     <span class='ocr_line' id='line_1_62' title="bbox 2024 1882 3583 1962; baseline -0.007 -17"><span class='ocrx_word' id='word_1_427' title='bbox 2024 1892 2123 1962; x_wconf 85' lang='grc' dir='ltr'><strong>μέν</strong></span> <span class='ocrx_word' id='word_1_428' title='bbox 2146 1893 2188 1925; x_wconf 85' lang='grc'>³⁰</span> <span class='ocrx_word' id='word_1_429' title='bbox 2222 1894 2302 1955; x_wconf 89' lang='grc' dir='ltr'><strong>είς</strong></span> <span class='ocrx_word' id='word_1_430' title='bbox 2333 1890 2569 1961; x_wconf 84' lang='grc' dir='ltr'>φορμίδα</span> <span class='ocrx_word' id='word_1_431' title='bbox 2603 1888 2843 1942; x_wconf 79' lang='grc' dir='ltr'>κατιέναι</span> <span class='ocrx_word' id='word_1_432' title='bbox 2870 1882 3051 1955; x_wconf 71' lang='grc' dir='ltr'>ἐνέϐη,</span> <span class='ocrx_word' id='word_1_433' title='bbox 3083 1887 3111 1938; x_wconf 86' lang='lat'><strong>6</strong></span> <span class='ocrx_word' id='word_1_434' title='bbox 3143 1885 3199 1937; x_wconf 84' lang='grc' dir='ltr'>δὲ</span> <span class='ocrx_word' id='word_1_435' title='bbox 3228 1883 3409 1938; x_wconf 88' lang='grc' dir='ltr'>καθίει</span> <span class='ocrx_word' id='word_1_436' title='bbox 3429 1883 3583 1955; x_wconf 87' lang='grc' dir='ltr'>κάλῳ</span> 
     </span>
    </p>
   </div>
   <div class='ocr_carea' id='block_1_63' title="bbox 2020 1974 3583 2056">
    <p class='ocr_par' dir='ltr' id='par_1_63' title="bbox 2020 1974 3583 2056">
     <span class='ocr_line' id='line_1_63' title="bbox 2020 1974 3583 2056; baseline -0.006 -18"><span class='ocrx_word' id='word_1_437' title='bbox 2020 1984 2415 2056; x_wconf 83' lang='grc' dir='ltr'>άρτησάμενος,</span> <span class='ocrx_word' id='word_1_438' title='bbox 2481 1983 2539 2036; x_wconf 86' lang='grc' dir='ltr'>Ὀ</span> <span class='ocrx_word' id='word_1_439' title='bbox 2591 1980 2871 2035; x_wconf 85' lang='grc' dir='ltr'>κατελθὼν</span> <span class='ocrx_word' id='word_1_440' title='bbox 2904 1979 2960 2032; x_wconf 81' lang='grc' dir='ltr'><strong>δέ</strong></span> <span class='ocrx_word' id='word_1_441' title='bbox 3019 1978 3112 2031; x_wconf 68' lang='grc' dir='ltr'><strong>καὶ</strong></span> <span class='ocrx_word' id='word_1_442' title='bbox 3134 1978 3257 2030; x_wconf 65' lang='lat'><strong>1‘0&quot;</strong></span> <span class='ocrx_word' id='word_1_443' title='bbox 3316 1976 3437 2046; x_wconf 88' lang='grc' dir='ltr'>μέλι</span> <span class='ocrx_word' id='word_1_444' title='bbox 3483 1974 3583 2028; x_wconf 78' lang='grc' dir='ltr'><strong>καὶ</strong></span> 
     </span>
    </p>
   </div>
   <div class='ocr_carea' id='block_1_64' title="bbox 2020 2066 3585 2146">
    <p class='ocr_par' dir='ltr' id='par_1_64' title="bbox 2020 2066 3585 2146">
     <span class='ocr_line' id='line_1_64' title="bbox 2020 2066 3585 2146; baseline -0.006 -19"><span class='ocrx_word' id='word_1_445' title='bbox 2020 2073 2220 2146; x_wconf 81' lang='grc' dir='ltr'>χρυσὸν</span> <span class='ocrx_word' id='word_1_446' title='bbox 2246 2075 2412 2126; x_wconf 85' lang='grc' dir='ltr'>πολὺν</span> <span class='ocrx_word' id='word_1_447' title='bbox 2463 2071 2639 2142; x_wconf 82' lang='grc' dir='ltr'>εὑρὼν</span> <span class='ocrx_word' id='word_1_448' title='bbox 2679 2072 2771 2125; x_wconf 73' lang='grc' dir='ltr'>καὶ</span> <span class='ocrx_word' id='word_1_449' title='bbox 2796 2072 2862 2141; x_wconf 81' lang='grc' dir='ltr'>τῇ</span> <span class='ocrx_word' id='word_1_450' title='bbox 2895 2067 3115 2139; x_wconf 85' lang='grc' dir='ltr'>φορμίδι</span> <span class='ocrx_word' id='word_1_451' title='bbox 3160 2067 3265 2130; x_wconf 74' lang='grc' dir='ltr'>ἕως</span> <span class='ocrx_word' id='word_1_452' title='bbox 3314 2066 3433 2135; x_wconf 70' lang='grc' dir='ltr'>τρὶς</span> <span class='ocrx_word' id='word_1_453' title='bbox 3481 2068 3585 2136; x_wconf 80' lang='grc' dir='ltr'>ἐμ·</span> 
     </span>
    </p>
   </div>
   <div class='ocr_carea' id='block_1_65' title="bbox 2026 2157 3581 2236">
    <p class='ocr_par' dir='ltr' id='par_1_65' title="bbox 2026 2157 3581 2236">
     <span class='ocr_line' id='line_1_65' title="bbox 2026 2157 3581 2236; baseline -0.008 -16"><span class='ocrx_word' id='word_1_454' title='bbox 2026 2166 2203 2220; x_wconf 87' lang='grc' dir='ltr'>ϐαλὼν</span> <span class='ocrx_word' id='word_1_455' title='bbox 2226 2166 2272 2198; x_wconf 78' lang='grc'>³³</span> <span class='ocrx_word' id='word_1_456' title='bbox 2300 2166 2498 2236; x_wconf 82' lang='grc' dir='ltr'>ἀνιμᾷν</span> <span class='ocrx_word' id='word_1_457' title='bbox 2526 2163 2829 2225; x_wconf 84' lang='grc' dir='ltr'>ἐκέλευσεν,</span> <span class='ocrx_word' id='word_1_458' title='bbox 2872 2159 3247 2229; x_wconf 68' lang='grc' dir='ltr'>ἐπιλείψαντος</span> <span class='ocrx_word' id='word_1_459' title='bbox 3298 2158 3353 2211; x_wconf 81' lang='grc' dir='ltr'>δὲ</span> <span class='ocrx_word' id='word_1_460' title='bbox 3386 2157 3430 2189; x_wconf 83' lang='grc'><em>³³</em></span> <span class='ocrx_word' id='word_1_461' title='bbox 3484 2157 3581 2209; x_wconf 83' lang='grc' dir='ltr'><strong>τοῦ</strong></span> 
     </span>
    </p>
   </div>
   <div class='ocr_carea' id='block_1_66' title="bbox 2019 2248 3584 2329">
    <p class='ocr_par' dir='ltr' id='par_1_66' title="bbox 2019 2248 3584 2329">
     <span class='ocr_line' id='line_1_66' title="bbox 2019 2248 3584 2329; baseline -0.006 -18"><span class='ocrx_word' id='word_1_462' title='bbox 2019 2257 2217 2329; x_wconf 89' lang='grc' dir='ltr'>χρυσοῦ</span> <span class='ocrx_word' id='word_1_463' title='bbox 2260 2256 2449 2309; x_wconf 81' lang='grc' dir='ltr'>ἐαυτὸν</span> <span class='ocrx_word' id='word_1_464' title='bbox 2476 2254 2778 2326; x_wconf 85' lang='grc' dir='ltr'>-ἐμϐαίνειν</span> <span class='ocrx_word' id='word_1_465' title='bbox 2821 2253 3008 2307; x_wconf 62' lang='grc' dir='ltr'>λοιπον</span> <span class='ocrx_word' id='word_1_466' title='bbox 3057 2251 3422 2321; x_wconf 82' lang='grc' dir='ltr'>προσϐοήσας,</span> <span class='ocrx_word' id='word_1_467' title='bbox 3457 2248 3584 2301; x_wconf 76' lang='grc' dir='ltr'>ἐπεὶ</span> 
     </span>
    </p>
   </div>
   <div class='ocr_carea' id='block_1_67' title="bbox 2018 2339 3577 2416">
    <p class='ocr_par' dir='ltr' id='par_1_67' title="bbox 2018 2339 3577 2416">
     <span class='ocr_line' id='line_1_67' title="bbox 2018 2339 3577 2416; baseline -0.006 -17"><span class='ocrx_word' id='word_1_468' title='bbox 2018 2346 2310 2416; x_wconf 78' lang='grc' dir='ltr'>ἐπιϐουλῆς</span> <span class='ocrx_word' id='word_1_469' title='bbox 2362 2345 2541 2397; x_wconf 76' lang='grc' dir='ltr'>ἔννοια</span> <span class='ocrx_word' id='word_1_470' title='bbox 2588 2343 2736 2412; x_wconf 86' lang='grc' dir='ltr'>αύτῷ</span> <span class='ocrx_word' id='word_1_471' title='bbox 2784 2341 2901 2412; x_wconf 73' lang='grc' dir='ltr'>ἃμα</span> <span class='ocrx_word' id='word_1_472' title='bbox 2927 2341 3003 2410; x_wconf 85' lang='grc' dir='ltr'>τῷ</span> <span class='ocrx_word' id='word_1_473' title='bbox 3034 2342 3241 2411; x_wconf 79' lang='grc' dir='ltr'>ῥήματι</span> <span class='ocrx_word' id='word_1_474' title='bbox 3269 2339 3577 2409; x_wconf 81' lang='grc' dir='ltr'>συνεισῄει,</span> 
     </span>
    </p>
   </div>
   <div class='ocr_carea' id='block_1_68' title="bbox 2016 2429 3585 2505">
    <p class='ocr_par' dir='ltr' id='par_1_68' title="bbox 2016 2429 3585 2505">
     <span class='ocr_line' id='line_1_68' title="bbox 2016 2429 3585 2505; baseline -0.007 -13"><span class='ocrx_word' id='word_1_475' title='bbox 2016 2438 2163 2492; x_wconf 89' lang='grc' dir='ltr'>λίθον</span> <span class='ocrx_word' id='word_1_476' title='bbox 2182 2439 2297 2492; x_wconf 82' lang='grc' dir='ltr'>ἀνθ’</span> <span class='ocrx_word' id='word_1_477' title='bbox 2329 2436 2493 2491; x_wconf 81' lang='grc' dir='ltr'>αὑτοῦ</span> <span class='ocrx_word' id='word_1_478' title='bbox 2526 2437 2592 2505; x_wconf 82' lang='grc' dir='ltr'>τῇ</span> <span class='ocrx_word' id='word_1_479' title='bbox 2624 2435 2843 2505; x_wconf 84' lang='grc' dir='ltr'>φορμίδι</span> <span class='ocrx_word' id='word_1_480' title='bbox 2869 2432 3048 2504; x_wconf 85' lang='grc' dir='ltr'>βαλὼν</span> <span class='ocrx_word' id='word_1_481' title='bbox 3081 2433 3363 2485; x_wconf 87' lang='grc' dir='ltr'>ἐκέλευσεν</span> <span class='ocrx_word' id='word_1_482' title='bbox 3385 2429 3430 2462; x_wconf 71' lang='grc'>³⁸</span> <span class='ocrx_word' id='word_1_483' title='bbox 3464 2432 3585 2485; x_wconf 85' lang='grc' dir='ltr'>άνι-</span> 
     </span>
    </p>
   </div>
   <div class='ocr_carea' id='block_1_69' title="bbox 2023 2523 3583 2601">
    <p class='ocr_par' dir='ltr' id='par_1_69' title="bbox 2023 2523 3583 2601">
     <span class='ocr_line' id='line_1_69' title="bbox 2023 2523 3583 2601; baseline -0.022 2"><span class='ocrx_word' id='word_1_484' title='bbox 2023 2530 2149 2601; x_wconf 69' lang='grc' dir='ltr'><strong>μᾷν·</strong></span> <span class='ocrx_word' id='word_1_485' title='bbox 2189 2528 2276 2592; x_wconf 70' lang='grc' dir='ltr'><strong>Ὡς</strong></span> <span class='ocrx_word' id='word_1_486' title='bbox 2300 2528 2345 2580; x_wconf 62' lang='grc' dir='ltr'><strong>δ’</strong></span> <span class='ocrx_word' id='word_1_487' title='bbox 2367 2528 2532 2595; x_wconf 69' lang='grc' dir='ltr'>ἐγγὺς</span> <span class='ocrx_word' id='word_1_488' title='bbox 2556 2528 2651 2597; x_wconf 83' lang='grc' dir='ltr'>τῆς</span> <span class='ocrx_word' id='word_1_489' title='bbox 2682 2525 2950 2595; x_wconf 80' lang='grc' dir='ltr'>στεφάνης</span> <span class='ocrx_word' id='word_1_490' title='bbox 2977 2525 3007 2577; x_wconf 83' lang='grc' dir='ltr'><strong>ὁ</strong></span> <span class='ocrx_word' id='word_1_491' title='bbox 3046 2523 3256 2591; x_wconf 83' lang='grc' dir='ltr'>ἀνιμῶν</span> <span class='ocrx_word' id='word_1_492' title='bbox 3311 2523 3583 2595; x_wconf 79' lang='grc' dir='ltr'>άπῃωρή-</span> 
     </span>
    </p>
   </div>
   <div class='ocr_carea' id='block_1_70' title="bbox 2021 2614 3580 2688">
    <p class='ocr_par' dir='ltr' id='par_1_70' title="bbox 2021 2614 3580 2688">
     <span class='ocr_line' id='line_1_70' title="bbox 2021 2614 3580 2688; baseline -0.008 -10"><span class='ocrx_word' id='word_1_493' title='bbox 2021 2640 2172 2688; x_wconf 88' lang='grc' dir='ltr'>σατο,</span> <span class='ocrx_word' id='word_1_494' title='bbox 2198 2620 2396 2675; x_wconf 80' lang='grc' dir='ltr'>αὐτίκα</span> <span class='ocrx_word' id='word_1_495' title='bbox 2413 2621 2487 2681; x_wconf 85' lang='grc' dir='ltr'>ὼς</span> <span class='ocrx_word' id='word_1_496' title='bbox 2533 2617 2842 2688; x_wconf 80' lang='grc' dir='ltr'>διαφθερῶν</span> <span class='ocrx_word' id='word_1_497' title='bbox 2859 2618 2902 2649; x_wconf 81' lang='grc'><strong>³⁵</strong></span> <span class='ocrx_word' id='word_1_498' title='bbox 2951 2615 3042 2668; x_wconf 84' lang='grc' dir='ltr'><strong>τὸν</strong></span> <span class='ocrx_word' id='word_1_499' title='bbox 3074 2615 3262 2685; x_wconf 75' lang='grc' dir='ltr'>ἕτερον</span> <span class='ocrx_word' id='word_1_500' title='bbox 3290 2615 3335 2645; x_wconf 76' lang='grc'><strong>³⁸</strong></span> <span class='ocrx_word' id='word_1_501' title='bbox 3382 2614 3580 2683; x_wconf 80' lang='grc' dir='ltr'>ἀφίησι</span> 
     </span>
    </p>
   </div>
   <div class='ocr_carea' id='block_1_71' title="bbox 2018 2690 3580 2779">
    <p class='ocr_par' dir='ltr' id='par_1_71' title="bbox 2018 2690 3580 2779">
     <span class='ocr_line' id='line_1_71' title="bbox 2018 2690 3580 2779; baseline -0.008 -12"><span class='ocrx_word' id='word_1_502' title='bbox 2018 2714 2161 2767; x_wconf 87' lang='grc' dir='ltr'>κατά</span> <span class='ocrx_word' id='word_1_503' title='bbox 2187 2728 2332 2775; x_wconf 88' lang='grc' dir='ltr'>τινος</span> <span class='ocrx_word' id='word_1_504' title='bbox 2354 2711 2655 2779; x_wconf 77' lang='grc' dir='ltr'>φάραγγος,</span> <span class='ocrx_word' id='word_1_505' title='bbox 2695 2690 2785 2760; x_wconf 67' lang='grc' dir='ltr'><strong>καὶ</strong></span> <span class='ocrx_word' id='word_1_506' title='bbox 2810 2707 2872 2760; x_wconf 84' lang='grc' dir='ltr'><strong>τὸ</strong></span> <span class='ocrx_word' id='word_1_507' title='bbox 2896 2707 3127 2777; x_wconf 86' lang='grc' dir='ltr'>χρυσίον</span> <span class='ocrx_word' id='word_1_508' title='bbox 3151 2702 3456 2773; x_wconf 74' lang='grc' dir='ltr'>κατορύξας</span> <span class='ocrx_word' id='word_1_509' title='bbox 3486 2722 3580 2755; x_wconf 83' lang='grc' dir='ltr'>πι-</span> 
     </span>
    </p>
   </div>
   <div class='ocr_carea' id='block_1_72' title="bbox 2019 2797 3583 2873">
    <p class='ocr_par' dir='ltr' id='par_1_72' title="bbox 2019 2797 3583 2873">
     <span class='ocr_line' id='line_1_72' title="bbox 2019 2797 3583 2873; baseline -0.006 -16"><span class='ocrx_word' id='word_1_510' title='bbox 2019 2803 2185 2867; x_wconf 80' lang='grc' dir='ltr'>θανὰς</span> <span class='ocrx_word' id='word_1_511' title='bbox 2207 2803 2348 2873; x_wconf 82' lang='grc' dir='ltr'>ὑπὲρ</span> <span class='ocrx_word' id='word_1_512' title='bbox 2395 2801 2488 2854; x_wconf 87' lang='grc' dir='ltr'><strong>τοῦ</strong></span> <span class='ocrx_word' id='word_1_513' title='bbox 2519 2800 2758 2869; x_wconf 82' lang='grc' dir='ltr'>ἀφανοῦς</span> <span class='ocrx_word' id='word_1_514' title='bbox 2814 2800 3067 2868; x_wconf 82' lang='grc' dir='ltr'>ποιμένος</span> <span class='ocrx_word' id='word_1_515' title='bbox 3121 2797 3414 2850; x_wconf 77' lang='grc' dir='ltr'>ἐπλάττετο</span> <span class='ocrx_word' id='word_1_516' title='bbox 3467 2798 3583 2857; x_wconf 82' lang='grc' dir='ltr'>τοῖς</span> 
     </span>
    </p>
   </div>
   <div class='ocr_carea' id='block_1_73' title="bbox 2019 2882 3583 2964">
    <p class='ocr_par' dir='ltr' id='par_1_73' title="bbox 2019 2882 3583 2964">
     <span class='ocr_line' id='line_1_73' title="bbox 2019 2882 3583 2964; baseline -0.008 -14"><span class='ocrx_word' id='word_1_517' title='bbox 2019 2894 2448 2964; x_wconf 84' lang='grc' dir='ltr'>πυνθανομένοις</span> <span class='ocrx_word' id='word_1_518' title='bbox 2499 2893 2598 2954; x_wconf 85' lang='grc' dir='ltr'>τὰς</span> <span class='ocrx_word' id='word_1_519' title='bbox 2637 2891 2957 2958; x_wconf 71' lang='grc' dir='ltr'>προφάσεις.</span> <span class='ocrx_word' id='word_1_520' title='bbox 3035 2890 3108 2951; x_wconf 81' lang='grc' dir='ltr'>ος</span> <span class='ocrx_word' id='word_1_521' title='bbox 3161 2887 3208 2940; x_wconf 89' lang='grc' dir='ltr'>δ’</span> <span class='ocrx_word' id='word_1_522' title='bbox 3270 2882 3340 2957; x_wconf 81' lang='grc' dir='ltr'>ἦν</span> <span class='ocrx_word' id='word_1_523' title='bbox 3398 2882 3583 2955; x_wconf 80' lang='grc' dir='ltr'>ἄποροι</span> 
     </span>
    </p>
   </div>
   <div class='ocr_carea' id='block_1_74' title="bbox 2021 2979 3583 3056">
    <p class='ocr_par' dir='ltr' id='par_1_74' title="bbox 2021 2979 3583 3056">
     <span class='ocr_line' id='line_1_74' title="bbox 2021 2979 3583 3056; baseline -0.006 -16"><span class='ocrx_word' id='word_1_524' title='bbox 2021 2985 2356 3056; x_wconf 82' lang='grc' dir='ltr'>πανταχόθεν</span> <span class='ocrx_word' id='word_1_525' title='bbox 2387 2984 2464 3053; x_wconf 84' lang='grc' dir='ltr'>τῷ</span> <span class='ocrx_word' id='word_1_526' title='bbox 2488 2985 2544 3035; x_wconf 85' lang='grc' dir='ltr'><strong>ἐν</strong></span> <span class='ocrx_word' id='word_1_527' title='bbox 2568 2981 2646 3051; x_wconf 82' lang='grc' dir='ltr'>τῷ</span> <span class='ocrx_word' id='word_1_528' title='bbox 2672 2982 2921 3052; x_wconf 82' lang='grc' dir='ltr'>σπηλαίῳ</span> <span class='ocrx_word' id='word_1_529' title='bbox 2966 2980 3188 3049; x_wconf 85' lang='grc' dir='ltr'>ποιμένι</span> <span class='ocrx_word' id='word_1_530' title='bbox 3220 2979 3290 3032; x_wconf 82' lang='grc' dir='ltr'><strong>τά</strong></span> <span class='ocrx_word' id='word_1_531' title='bbox 3321 2979 3422 3048; x_wconf 85' lang='grc' dir='ltr'><strong>τῆς</strong></span> <span class='ocrx_word' id='word_1_532' title='bbox 3479 2996 3583 3031; x_wconf 75' lang='grc' dir='ltr'>σω·</span> 
     </span>
    </p>
   </div>
   <div class='ocr_carea' id='block_1_75' title="bbox 2021 3067 3585 3147">
    <p class='ocr_par' dir='ltr' id='par_1_75' title="bbox 2021 3067 3585 3147">
     <span class='ocr_line' id='line_1_75' title="bbox 2021 3067 3585 3147; baseline -0.007 -15"><span class='ocrx_word' id='word_1_533' title='bbox 2021 3077 2246 3147; x_wconf 86' lang='grc' dir='ltr'>τηρίας,</span> <span class='ocrx_word' id='word_1_534' title='bbox 2314 3074 2587 3128; x_wconf 87' lang='grc' dir='ltr'>Ἀπόλλων</span> <span class='ocrx_word' id='word_1_535' title='bbox 2611 3072 2743 3141; x_wconf 73' lang='grc' dir='ltr'>ὄναρ</span> <span class='ocrx_word' id='word_1_536' title='bbox 2776 3071 2987 3125; x_wconf 83' lang='grc' dir='ltr'>κελεύει</span> <span class='ocrx_word' id='word_1_537' title='bbox 3013 3070 3125 3134; x_wconf 80' lang='grc' dir='ltr'>ὀξεῖ</span> <span class='ocrx_word' id='word_1_538' title='bbox 3167 3068 3302 3138; x_wconf 84' lang='grc' dir='ltr'>λίθῳ</span> <span class='ocrx_word' id='word_1_539' title='bbox 3328 3068 3391 3121; x_wconf 80' lang='grc' dir='ltr'><strong>τὸ</strong></span> <span class='ocrx_word' id='word_1_540' title='bbox 3422 3067 3585 3137; x_wconf 89' lang='grc' dir='ltr'>σῶμα</span> 
     </span>
    </p>
   </div>
   <div class='ocr_carea' id='block_1_76' title="bbox 2024 3157 3587 3239">
    <p class='ocr_par' dir='ltr' id='par_1_76' title="bbox 2024 3157 3587 3239">
     <span class='ocr_line' id='line_1_76' title="bbox 2024 3157 3587 3239; baseline -0.009 -16"><span class='ocrx_word' id='word_1_541' title='bbox 2024 3167 2313 3239; x_wconf 82' lang='grc' dir='ltr'>άμύξαντα</span> <span class='ocrx_word' id='word_1_542' title='bbox 2378 3164 2597 3218; x_wconf 83' lang='grc' dir='ltr'>κεῖσθαι</span> <span class='ocrx_word' id='word_1_543' title='bbox 2641 3163 2846 3232; x_wconf 73' lang='grc' dir='ltr'>ἠρέμα.</span> <span class='ocrx_word' id='word_1_544' title='bbox 2904 3159 3009 3213; x_wconf 85' lang='grc' dir='ltr'><strong>Τοῦ</strong></span> <span class='ocrx_word' id='word_1_545' title='bbox 3076 3158 3134 3211; x_wconf 84' lang='grc' dir='ltr'>δὲ</span> <span class='ocrx_word' id='word_1_546' title='bbox 3166 3157 3473 3228; x_wconf 83' lang='grc' dir='ltr'>πράξαντος</span> <span class='ocrx_word' id='word_1_547' title='bbox 3522 3157 3587 3209; x_wconf 77' lang='grc' dir='ltr'>τὸ</span> 
     </span>
    </p>
   </div>
   <div class='ocr_carea' id='block_1_77' title="bbox 2024 3250 3589 3330">
    <p class='ocr_par' dir='ltr' id='par_1_77' title="bbox 2024 3250 3589 3330">
     <span class='ocr_line' id='line_1_77' title="bbox 2024 3250 3589 3330; baseline -0.007 -18"><span class='ocrx_word' id='word_1_548' title='bbox 2024 3258 2359 3330; x_wconf 76' lang='grc' dir='ltr'>προσταχθὲν</span> <span class='ocrx_word' id='word_1_549' title='bbox 2380 3256 2555 3325; x_wconf 81' lang='grc' dir='ltr'>γῦπες</span> <span class='ocrx_word' id='word_1_550' title='bbox 2591 3254 2668 3317; x_wconf 84' lang='grc' dir='ltr'>ὡς</span> <span class='ocrx_word' id='word_1_551' title='bbox 2692 3252 2788 3305; x_wconf 73' lang='grc' dir='ltr'>ἐπὶ</span> <span class='ocrx_word' id='word_1_552' title='bbox 2825 3251 3017 3322; x_wconf 77' lang='grc' dir='ltr'>νεκρὸν</span> <span class='ocrx_word' id='word_1_553' title='bbox 3064 3251 3446 3319; x_wconf 85' lang='grc' dir='ltr'>ἐφιπτάμενοι,</span> <span class='ocrx_word' id='word_1_554' title='bbox 3493 3250 3589 3301; x_wconf 77' lang='grc' dir='ltr'>καὶ</span> 
     </span>
    </p>
   </div>
   <div class='ocr_carea' id='block_1_78' title="bbox 2022 3340 3589 3420">
    <p class='ocr_par' dir='ltr' id='par_1_78' title="bbox 2022 3340 3589 3420">
     <span class='ocr_line' id='line_1_78' title="bbox 2022 3340 3589 3420; baseline -0.009 -15"><span class='ocrx_word' id='word_1_555' title='bbox 2022 3355 2147 3414; x_wconf 82' lang='grc' dir='ltr'>τοὺς</span> <span class='ocrx_word' id='word_1_556' title='bbox 2198 3351 2393 3420; x_wconf 73' lang='grc' dir='ltr'>ὄνυχας</span> <span class='ocrx_word' id='word_1_557' title='bbox 2445 3346 2621 3418; x_wconf 78' lang='grc' dir='ltr'>οἱμὲν</span> <span class='ocrx_word' id='word_1_558' title='bbox 2678 3347 2758 3408; x_wconf 80' lang='grc' dir='ltr'><strong>εἰς</strong></span> <span class='ocrx_word' id='word_1_559' title='bbox 2803 3343 2902 3413; x_wconf 81' lang='grc' dir='ltr'>τὴν</span> <span class='ocrx_word' id='word_1_560' title='bbox 2933 3342 3150 3413; x_wconf 80' lang='grc' dir='ltr'>χαίτην,</span> <span class='ocrx_word' id='word_1_561' title='bbox 3190 3342 3239 3394; x_wconf 82' lang='grc' dir='ltr'>οἱ</span> <span class='ocrx_word' id='word_1_562' title='bbox 3291 3340 3338 3393; x_wconf 88' lang='grc' dir='ltr'>δ’</span> <span class='ocrx_word' id='word_1_563' title='bbox 3382 3343 3461 3402; x_wconf 82' lang='grc' dir='ltr'><strong>είς</strong></span> <span class='ocrx_word' id='word_1_564' title='bbox 3485 3341 3589 3408; x_wconf 83' lang='grc' dir='ltr'><strong>τὴν</strong></span> 
     </span>
    </p>
   </div>
   <div class='ocr_carea' id='block_1_79' title="bbox 2023 3432 3586 3513">
    <p class='ocr_par' dir='ltr' id='par_1_79' title="bbox 2023 3432 3586 3513">
     <span class='ocr_line' id='line_1_79' title="bbox 2023 3432 3586 3513; baseline -0.008 -17"><span class='ocrx_word' id='word_1_565' title='bbox 2023 3442 2227 3513; x_wconf 78' lang='grc' dir='ltr'>ἐσθῆτα</span> <span class='ocrx_word' id='word_1_566' title='bbox 2284 3440 2606 3511; x_wconf 84' lang='grc' dir='ltr'>πηξάμενοι,</span> <span class='ocrx_word' id='word_1_567' title='bbox 2646 3436 2930 3505; x_wconf 73' lang='grc' dir='ltr'>ἐκούφιζον</span> <span class='ocrx_word' id='word_1_568' title='bbox 2978 3436 3074 3488; x_wconf 70' lang='grc' dir='ltr'>καὶ</span> <span class='ocrx_word' id='word_1_569' title='bbox 3096 3432 3586 3503; x_wconf 70' lang='grc' dir='ltr'>κατέφεροναύτὸν</span> 
     </span>
    </p>
   </div>
   <div class='ocr_carea' id='block_1_80' title="bbox 2026 3521 3589 3600">
    <p class='ocr_par' dir='ltr' id='par_1_80' title="bbox 2026 3521 3589 3600">
     <span class='ocr_line' id='line_1_80' title="bbox 2026 3521 3589 3600; baseline -0.008 -13"><span class='ocrx_word' id='word_1_570' title='bbox 2026 3533 2213 3587; x_wconf 83' lang='grc' dir='ltr'>κακῶν</span> <span class='ocrx_word' id='word_1_571' title='bbox 2242 3531 2425 3600; x_wconf 81' lang='grc' dir='ltr'>ἀπαθῆ</span> <span class='ocrx_word' id='word_1_572' title='bbox 2475 3531 2567 3583; x_wconf 72' lang='grc' dir='ltr'><strong>ἐπὶ</strong></span> <span class='ocrx_word' id='word_1_573' title='bbox 2600 3529 2693 3582; x_wconf 80' lang='grc' dir='ltr'><strong>τὸν</strong></span> <span class='ocrx_word' id='word_1_574' title='bbox 2722 3527 3081 3593; x_wconf 82' lang='grc' dir='ltr'>ὑποκείμενον</span> <span class='ocrx_word' id='word_1_575' title='bbox 3104 3525 3341 3578; x_wconf 79' lang='grc' dir='ltr'>αὐλῶνα.</span> <span class='ocrx_word' id='word_1_576' title='bbox 3384 3521 3589 3575; x_wconf 84' lang='grc' dir='ltr'>Ἐλθὼν</span> 
     </span>
    </p>
   </div>
   <div class='ocr_carea' id='block_1_81' title="bbox 2025 3613 3591 3690">
    <p class='ocr_par' dir='ltr' id='par_1_81' title="bbox 2025 3613 3591 3690">
     <span class='ocr_line' id='line_1_81' title="bbox 2025 3613 3591 3690; baseline -0.01 -14"><span class='ocrx_word' id='word_1_577' title='bbox 2025 3622 2068 3675; x_wconf 84' lang='grc' dir='ltr'>δ’</span> <span class='ocrx_word' id='word_1_578' title='bbox 2105 3622 2199 3676; x_wconf 77' lang='grc' dir='ltr'>ἐπὶ</span> <span class='ocrx_word' id='word_1_579' title='bbox 2241 3622 2302 3673; x_wconf 84' lang='grc' dir='ltr'>τὸ</span> <span class='ocrx_word' id='word_1_580' title='bbox 2329 3621 2545 3690; x_wconf 84' lang='grc' dir='ltr'>ἀρχεῖον</span> <span class='ocrx_word' id='word_1_581' title='bbox 2568 3619 2789 3672; x_wconf 76' lang='grc' dir='ltr'>ἅπαντα</span> <span class='ocrx_word' id='word_1_582' title='bbox 2813 3617 3036 3687; x_wconf 78' lang='grc' dir='ltr'>φράζει.</span> <span class='ocrx_word' id='word_1_583' title='bbox 3088 3614 3199 3668; x_wconf 69' lang='grc' dir='ltr'>Καὶ</span> <span class='ocrx_word' id='word_1_584' title='bbox 3223 3613 3313 3667; x_wconf 79' lang='grc' dir='ltr'><strong>τὸν</strong></span> <span class='ocrx_word' id='word_1_585' title='bbox 3343 3613 3440 3682; x_wconf 82' lang='grc' dir='ltr'><strong>μὲν</strong></span> <span class='ocrx_word' id='word_1_586' title='bbox 3466 3613 3591 3662; x_wconf 82' lang='grc' dir='ltr'>ἐπι-</span> 
     </span>
    </p>
   </div>
   <div class='ocr_carea' id='block_1_82' title="bbox 2027 3700 3592 3778">
    <p class='ocr_par' dir='ltr' id='par_1_82' title="bbox 2027 3700 3592 3778">
     <span class='ocr_line' id='line_1_82' title="bbox 2027 3700 3592 3778; baseline -0.009 -10"><span class='ocrx_word' id='word_1_587' title='bbox 2027 3712 2392 3768; x_wconf 83' lang='grc' dir='ltr'>ϐουλεύσαντα</span> <span class='ocrx_word' id='word_1_588' title='bbox 2411 3712 2461 3763; x_wconf 85' lang='grc' dir='ltr'><strong>οί</strong></span> <span class='ocrx_word' id='word_1_589' title='bbox 2498 3709 2759 3778; x_wconf 84' lang='grc' dir='ltr'>Ἐφέσιοι,</span> <span class='ocrx_word' id='word_1_590' title='bbox 2793 3706 3117 3776; x_wconf 75' lang='grc' dir='ltr'>ἐλεγχθέντα</span> <span class='ocrx_word' id='word_1_591' title='bbox 3145 3705 3240 3758; x_wconf 76' lang='grc' dir='ltr'>καὶ</span> <span class='ocrx_word' id='word_1_592' title='bbox 3266 3704 3358 3756; x_wconf 72' lang='grc' dir='ltr'><strong>τὸν</strong></span> <span class='ocrx_word' id='word_1_593' title='bbox 3386 3700 3592 3773; x_wconf 72' lang='grc' dir='ltr'>χρυσὸν</span> 
     </span>
    </p>
   </div>
   <div class='ocr_carea' id='block_1_83' title="bbox 2028 3793 3591 3874">
    <p class='ocr_par' dir='ltr' id='par_1_83' title="bbox 2028 3793 3591 3874">
     <span class='ocr_line' id='line_1_83' title="bbox 2028 3793 3591 3874; baseline -0.011 -16"><span class='ocrx_word' id='word_1_594' title='bbox 2028 3800 2513 3874; x_wconf 82' lang='grc' dir='ltr'>κατορῳρυγμένον</span> <span class='ocrx_word' id='word_1_595' title='bbox 2532 3799 2626 3852; x_wconf 76' lang='grc' dir='ltr'><strong>καὶ</strong></span> <span class='ocrx_word' id='word_1_596' title='bbox 2655 3797 2857 3852; x_wconf 79' lang='grc' dir='ltr'>ἄκοντα</span> <span class='ocrx_word' id='word_1_597' title='bbox 2877 3796 3241 3862; x_wconf 78' lang='grc' dir='ltr'>ἐπιδείξαντα,</span> <span class='ocrx_word' id='word_1_598' title='bbox 3274 3812 3327 3846; x_wconf 86' lang='grc' dir='ltr'><strong>τι</strong></span> <span class='ocrx_word' id='word_1_599' title='bbox 3336 3793 3591 3864; x_wconf 76' lang='grc' dir='ltr'>μωροῦνο</span> 
     </span>
    </p>
   </div>
   <div class='ocr_carea' id='block_1_84' title="bbox 2026 3882 3589 3963">
    <p class='ocr_par' dir='ltr' id='par_1_84' title="bbox 2026 3882 3589 3963">
     <span class='ocr_line' id='line_1_84' title="bbox 2026 3882 3589 3963; baseline -0.008 -17"><span class='ocrx_word' id='word_1_600' title='bbox 2026 3912 2138 3956; x_wconf 85' lang='grc' dir='ltr'>ται,</span> <span class='ocrx_word' id='word_1_601' title='bbox 2163 3891 2241 3963; x_wconf 81' lang='grc' dir='ltr'>τῷ</span> <span class='ocrx_word' id='word_1_602' title='bbox 2275 3889 2320 3944; x_wconf 87' lang='grc' dir='ltr'>δ’</span> <span class='ocrx_word' id='word_1_603' title='bbox 2342 3890 2656 3961; x_wconf 75' lang='grc' dir='ltr'>ἠδικημένῳ</span> <span class='ocrx_word' id='word_1_604' title='bbox 2678 3889 2777 3958; x_wconf 82' lang='grc' dir='ltr'><strong>τὴν</strong></span> <span class='ocrx_word' id='word_1_605' title='bbox 2803 3888 3062 3958; x_wconf 81' lang='grc' dir='ltr'>ἡμίσειαν</span> <span class='ocrx_word' id='word_1_606' title='bbox 3088 3883 3184 3938; x_wconf 88' lang='grc' dir='ltr'><strong>τοῦ</strong></span> <span class='ocrx_word' id='word_1_607' title='bbox 3217 3883 3422 3955; x_wconf 90' lang='grc' dir='ltr'>χρυσοῦ</span> <span class='ocrx_word' id='word_1_608' title='bbox 3473 3882 3589 3935; x_wconf 83' lang='grc' dir='ltr'>νεί-</span> 
     </span>
    </p>
   </div>
   <div class='ocr_carea' id='block_1_85' title="bbox 2031 3976 3586 4071">
    <p class='ocr_par' dir='ltr' id='par_1_85' title="bbox 2031 3976 3586 4071">
     <span class='ocr_line' id='line_1_85' title="bbox 2031 3976 3586 4071; baseline -0.007 -33"><span class='ocrx_word' id='word_1_609' title='bbox 2031 4002 2258 4056; x_wconf 89' lang='grc' dir='ltr'>μαντες,</span> <span class='ocrx_word' id='word_1_610' title='bbox 2292 3983 2390 4054; x_wconf 74' lang='grc' dir='ltr'><strong>τὴν</strong></span> <span class='ocrx_word' id='word_1_611' title='bbox 2415 3983 2501 4035; x_wconf 87' lang='grc' dir='ltr'><strong>ἐτέ</strong></span> <span class='ocrx_word' id='word_1_612' title='bbox 2512 3997 2608 4052; x_wconf 88' lang='grc' dir='ltr'><strong>ραν</strong></span> <span class='ocrx_word' id='word_1_613' title='bbox 2632 3982 2891 4052; x_wconf 83' lang='grc' dir='ltr'>ἡμίσειαν</span> <span class='ocrx_word' id='word_1_614' title='bbox 2923 3979 3074 4071; x_wconf 79' lang='grc' dir='ltr'>ἱεράν</span> <span class='ocrx_word' id='word_1_615' title='bbox 3100 3978 3385 4071; x_wconf 74' lang='grc' dir='ltr'>ἀπέφηναν</span> <span class='ocrx_word' id='word_1_616' title='bbox 3398 3976 3586 4071; x_wconf 61' lang='grc' dir='ltr'>Ἀρτές</span> 
     </span>
    </p>
   </div>
   <div class='ocr_carea' id='block_1_86' title="bbox 2032 4066 3589 4146">
    <p class='ocr_par' dir='ltr' id='par_1_86' title="bbox 2032 4066 3589 4146">
     <span class='ocr_line' id='line_1_86' title="bbox 2032 4066 3589 4146; baseline -0.007 -17"><span class='ocrx_word' id='word_1_617' title='bbox 2032 4077 2142 4146; x_wconf 90' lang='grc' dir='ltr'>μιδι</span> <span class='ocrx_word' id='word_1_618' title='bbox 2169 4076 2265 4129; x_wconf 77' lang='grc' dir='ltr'>καὶ</span> <span class='ocrx_word' id='word_1_619' title='bbox 2310 4073 2622 4127; x_wconf 80' lang='grc' dir='ltr'>Ἀπόλλωνι.</span> <span class='ocrx_word' id='word_1_620' title='bbox 2658 4073 2791 4126; x_wconf 83' lang='grc' dir='ltr'><strong>’0δέ</strong></span> <span class='ocrx_word' id='word_1_621' title='bbox 2819 4070 3107 4133; x_wconf 70' lang='grc' dir='ltr'>διασωθεὶς</span> <span class='ocrx_word' id='word_1_622' title='bbox 3128 4068 3225 4123; x_wconf 61' lang='grc' dir='ltr'><strong>καὶ¹</strong></span> <span class='ocrx_word' id='word_1_623' title='bbox 3275 4067 3353 4138; x_wconf 83' lang='grc' dir='ltr'>τῷ</span> <span class='ocrx_word' id='word_1_624' title='bbox 3380 4066 3589 4138; x_wconf 76' lang='grc' dir='ltr'>χρυσίῳ</span> 
     </span>
    </p>
   </div>
   <div class='ocr_carea' id='block_1_87' title="bbox 2027 4158 3584 4236">
    <p class='ocr_par' dir='ltr' id='par_1_87' title="bbox 2027 4158 3584 4236">
     <span class='ocr_line' id='line_1_87' title="bbox 2027 4158 3584 4236; baseline -0.005 -18"><span class='ocrx_word' id='word_1_625' title='bbox 2027 4164 2275 4236; x_wconf 74' lang='grc' dir='ltr'>τιμηθεὶς</span> <span class='ocrx_word' id='word_1_626' title='bbox 2300 4162 2502 4235; x_wconf 79' lang='grc' dir='ltr'>ποιμὴν</span> <span class='ocrx_word' id='word_1_627' title='bbox 2523 4162 2632 4215; x_wconf 86' lang='grc' dir='ltr'><strong>τῶν</strong></span> <span class='ocrx_word' id='word_1_628' title='bbox 2663 4178 2725 4215; x_wconf 76' lang='grc' dir='ltr'><strong>τε</strong></span> <span class='ocrx_word' id='word_1_629' title='bbox 2754 4163 2896 4216; x_wconf 83' lang='grc' dir='ltr'>πάνυ</span> <span class='ocrx_word' id='word_1_630' title='bbox 2940 4159 3210 4213; x_wconf 85' lang='grc' dir='ltr'>πλουσίων</span> <span class='ocrx_word' id='word_1_631' title='bbox 3238 4158 3459 4226; x_wconf 73' lang='grc' dir='ltr'>ἐγένετο</span> <span class='ocrx_word' id='word_1_632' title='bbox 3487 4159 3584 4211; x_wconf 77' lang='grc' dir='ltr'><strong>καὶ</strong></span> 
     </span>
    </p>
   </div>
   <div class='ocr_carea' id='block_1_88' title="bbox 2032 4249 3587 4327">
    <p class='ocr_par' dir='ltr' id='par_1_88' title="bbox 2032 4249 3587 4327">
     <span class='ocr_line' id='line_1_88' title="bbox 2032 4249 3587 4327; baseline -0.005 -17"><span class='ocrx_word' id='word_1_633' title='bbox 2032 4255 2212 4327; x_wconf 83' lang='grc' dir='ltr'>βωμὸν</span> <span class='ocrx_word' id='word_1_634' title='bbox 2234 4256 2321 4308; x_wconf 83' lang='grc' dir='ltr'>ἐπ’</span> <span class='ocrx_word' id='word_1_635' title='bbox 2340 4256 2517 4326; x_wconf 80' lang='grc' dir='ltr'>ἄκρας</span> <span class='ocrx_word' id='word_1_636' title='bbox 2545 4255 2647 4324; x_wconf 84' lang='grc' dir='ltr'>τῆς</span> <span class='ocrx_word' id='word_1_637' title='bbox 2703 4252 2945 4324; x_wconf 85' lang='grc' dir='ltr'>κορυφῆς</span> <span class='ocrx_word' id='word_1_638' title='bbox 2969 4250 3064 4306; x_wconf 87' lang='grc' dir='ltr'><strong>τοῦ</strong></span> <span class='ocrx_word' id='word_1_639' title='bbox 3106 4252 3268 4320; x_wconf 78' lang='grc' dir='ltr'>ὅρους</span> <span class='ocrx_word' id='word_1_640' title='bbox 3312 4249 3587 4303; x_wconf 75' lang='grc' dir='ltr'>’Λπόλλω-</span> 
     </span>
    </p>
   </div>
   <div class='ocr_carea' id='block_1_89' title="bbox 2030 4339 3589 4415">
    <p class='ocr_par' dir='ltr' id='par_1_89' title="bbox 2030 4339 3589 4415">
     <span class='ocr_line' id='line_1_89' title="bbox 2030 4339 3589 4415; baseline -0.006 -12"><span class='ocrx_word' id='word_1_641' title='bbox 2030 4366 2118 4413; x_wconf 90' lang='grc' dir='ltr'><strong>νος</strong></span> <span class='ocrx_word' id='word_1_642' title='bbox 2138 4347 2389 4410; x_wconf 79' lang='grc' dir='ltr'>εἴσατο³⁷,</span> <span class='ocrx_word' id='word_1_643' title='bbox 2415 4345 2697 4410; x_wconf 83' lang='grc' dir='ltr'>Γυπαιέως</span> <span class='ocrx_word' id='word_1_644' title='bbox 2711 4348 2790 4409; x_wconf 76' lang='grc' dir='ltr'>εἰς</span> <span class='ocrx_word' id='word_1_645' title='bbox 2821 4362 2925 4415; x_wconf 91' lang='grc' dir='ltr'><strong>μνη</strong></span> <span class='ocrx_word' id='word_1_646' title='bbox 2935 4347 3085 4415; x_wconf 76' lang='grc' dir='ltr'>μεῖον</span> <span class='ocrx_word' id='word_1_647' title='bbox 3110 4343 3217 4398; x_wconf 85' lang='grc' dir='ltr'><strong>τῶν</strong></span> <span class='ocrx_word' id='word_1_648' title='bbox 3239 4339 3589 4411; x_wconf 79' lang='grc' dir='ltr'>συνενεχθέν-</span> 
     </span>
    </p>
   </div>
   <div class='ocr_carea' id='block_1_90' title="bbox 368 4433 1919 4512">
    <p class='ocr_par' dir='ltr' id='par_1_90' title="bbox 368 4433 1919 4506">
     <span class='ocr_line' id='line_1_90' title="bbox 368 4433 1919 4506; baseline 0.001 -19"><span class='ocrx_word' id='word_1_649' title='bbox 368 4433 592 4488; x_wconf 87' lang='lat' dir='ltr'><strong>Vulturii</strong></span> <span class='ocrx_word' id='word_1_650' title='bbox 619 4435 855 4502; x_wconf 89' lang='lat' dir='ltr'><strong>nomine,</strong></span> <span class='ocrx_word' id='word_1_651' title='bbox 897 4435 949 4489; x_wconf 91' lang='lat' dir='ltr'><strong>in</strong></span> <span class='ocrx_word' id='word_1_652' title='bbox 983 4437 1058 4491; x_wconf 90' lang='lat' dir='ltr'><strong>rei</strong></span> <span class='ocrx_word' id='word_1_653' title='bbox 1081 4445 1245 4506; x_wconf 64' lang='lat' dir='ltr'><strong>gesta:</strong></span> <span class='ocrx_word' id='word_1_654' title='bbox 1292 4435 1605 4489; x_wconf 90' lang='lat' dir='ltr'><strong>memoriam</strong></span> <span class='ocrx_word' id='word_1_655' title='bbox 1637 4436 1919 4506; x_wconf 91' lang='lat' dir='ltr'><strong>sempiter-</strong></span> 
     </span>
    </p>
   </div>
   <div class='ocr_carea' id='block_1_91' title="bbox 2025 4433 2456 4512">
    <p class='ocr_par' dir='ltr' id='par_1_91' title="bbox 2028 4439 2456 4510">
     <span class='ocr_line' id='line_1_91' title="bbox 2028 4439 2456 4510; baseline -0.002 -15"><span class='ocrx_word' id='word_1_656' title='bbox 2028 4460 2139 4495; x_wconf 84' lang='grc' dir='ltr'><strong>των</strong></span> <span class='ocrx_word' id='word_1_657' title='bbox 2166 4439 2456 4510; x_wconf 83' lang='grc' dir='ltr'>ὀνομάσας.</span> 
     </span>
    </p>
   </div>
   <div class='ocr_carea' id='block_1_92' title="bbox 367 4524 818 4587">
    <p class='ocr_par' dir='ltr' id='par_1_92' title="bbox 367 4524 818 4587">
     <span class='ocr_line' id='line_1_92' title="bbox 367 4524 818 4587; baseline 0.007 -10"><span class='ocrx_word' id='word_1_658' title='bbox 367 4539 508 4587; x_wconf 87' lang='lat' dir='ltr'><strong>nam,</strong></span> <span class='ocrx_word' id='word_1_659' title='bbox 534 4524 818 4587; x_wconf 85' lang='lat' dir='ltr'><strong>dedicavit.</strong></span> 
     </span>
    </p>
   </div>
   <div class='ocr_carea' id='block_1_93' title="bbox 434 4614 1925 4687">
    <p class='ocr_par' dir='ltr' id='par_1_93' title="bbox 434 4614 1925 4687">
     <span class='ocr_line' id='line_1_93' title="bbox 434 4614 1925 4687; baseline 0.001 -19"><span class='ocrx_word' id='word_1_660' title='bbox 434 4614 728 4671; x_wconf 87' lang='lat' dir='ltr'><strong>Tricesima</strong></span> <span class='ocrx_word' id='word_1_661' title='bbox 750 4626 924 4671; x_wconf 78' lang='lat' dir='ltr'><strong>sexta.</strong></span> <span class='ocrx_word' id='word_1_662' title='bbox 946 4615 1296 4672; x_wconf 88' lang='lat' dir='ltr'><strong>Philonomus</strong></span> <span class='ocrx_word' id='word_1_663' title='bbox 1322 4616 1758 4672; x_wconf 62' lang='lat' dir='ltr'><strong>Lacedaemonius</strong></span> <span class='ocrx_word' id='word_1_664' title='bbox 1786 4616 1925 4687; x_wconf 68' lang='grc'><strong>(54),</strong></span> 
     </span>
    </p>
   </div>
   <div class='ocr_carea' id='block_1_94' title="bbox 367 4706 1926 4778">
    <p class='ocr_par' dir='ltr' id='par_1_94' title="bbox 367 4706 1926 4778">
     <span class='ocr_line' id='line_1_94' title="bbox 367 4706 1926 4778; baseline 0.004 -19"><span class='ocrx_word' id='word_1_665' title='bbox 367 4706 560 4775; x_wconf 88' lang='lat' dir='ltr'><strong>Sparta</strong></span> <span class='ocrx_word' id='word_1_666' title='bbox 585 4707 937 4762; x_wconf 91' lang='lat' dir='ltr'><strong>Doriensibus</strong></span> <span class='ocrx_word' id='word_1_667' title='bbox 967 4709 1205 4778; x_wconf 84' lang='lat' dir='ltr'><strong>prodita,</strong></span> <span class='ocrx_word' id='word_1_668' title='bbox 1241 4707 1492 4778; x_wconf 81' lang='lat' dir='ltr'><strong>Amyclas</strong></span> <span class='ocrx_word' id='word_1_669' title='bbox 1519 4711 1777 4766; x_wconf 87' lang='lat' dir='ltr'><strong>mercedis</strong></span> <span class='ocrx_word' id='word_1_670' title='bbox 1806 4709 1926 4766; x_wconf 89' lang='lat' dir='ltr'><strong>loco</strong></span> 
     </span>
    </p>
   </div>
   <div class='ocr_carea' id='block_1_95' title="bbox 368 4798 1927 4868">
    <p class='ocr_par' dir='ltr' id='par_1_95' title="bbox 368 4798 1927 4868">
     <span class='ocr_line' id='line_1_95' title="bbox 368 4798 1927 4868; baseline 0.005 -20"><span class='ocrx_word' id='word_1_671' title='bbox 368 4799 609 4867; x_wconf 76' lang='lat' dir='ltr'><strong>accepit,</strong></span> <span class='ocrx_word' id='word_1_672' title='bbox 646 4799 699 4852; x_wconf 88' lang='lat' dir='ltr'><strong>in</strong></span> <span class='ocrx_word' id='word_1_673' title='bbox 724 4811 950 4867; x_wconf 87' lang='lat' dir='ltr'><strong>eamque</strong></span> <span class='ocrx_word' id='word_1_674' title='bbox 990 4814 1059 4854; x_wconf 81' lang='lat' dir='ltr'><strong>ex</strong></span> <span class='ocrx_word' id='word_1_675' title='bbox 1088 4799 1263 4854; x_wconf 90' lang='lat' dir='ltr'><strong>lmbro</strong></span> <span class='ocrx_word' id='word_1_676' title='bbox 1293 4810 1455 4868; x_wconf 90' lang='lat' dir='ltr'><strong>atque</strong></span> <span class='ocrx_word' id='word_1_677' title='bbox 1488 4798 1692 4856; x_wconf 89' lang='lat' dir='ltr'><strong>Lemno</strong></span> <span class='ocrx_word' id='word_1_678' title='bbox 1721 4800 1927 4856; x_wconf 90' lang='lat' dir='ltr'><strong>incolas</strong></span> 
     </span>
    </p>
   </div>
   <div class='ocr_carea' id='block_1_96' title="bbox 367 4884 1926 4953">
    <p class='ocr_par' dir='ltr' id='par_1_96' title="bbox 367 4884 1926 4953">
     <span class='ocr_line' id='line_1_96' title="bbox 367 4884 1926 4953; baseline 0.003 -14"><span class='ocrx_word' id='word_1_679' title='bbox 367 4886 558 4953; x_wconf 85' lang='lat' dir='ltr'><strong>coegit.</strong></span> <span class='ocrx_word' id='word_1_680' title='bbox 595 4884 693 4952; x_wconf 91' lang='lat' dir='ltr'><strong>Qui</strong></span> <span class='ocrx_word' id='word_1_681' title='bbox 729 4901 849 4940; x_wconf 84' lang='lat' dir='ltr'><strong>cum</strong></span> <span class='ocrx_word' id='word_1_682' title='bbox 878 4887 1031 4941; x_wconf 88' lang='lat' dir='ltr'><strong>tertia</strong></span> <span class='ocrx_word' id='word_1_683' title='bbox 1066 4887 1186 4943; x_wconf 90' lang='lat' dir='ltr'><strong>dein</strong></span> <span class='ocrx_word' id='word_1_684' title='bbox 1210 4897 1367 4943; x_wconf 69' lang='lat' dir='ltr'><strong>aetate</strong></span> <span class='ocrx_word' id='word_1_685' title='bbox 1399 4890 1711 4945; x_wconf 87' lang='lat' dir='ltr'><strong>seditionem</strong></span> <span class='ocrx_word' id='word_1_686' title='bbox 1734 4891 1926 4945; x_wconf 79' lang='lat' dir='ltr'><strong>adver-</strong></span> 
     </span>
    </p>
   </div>
   <div class='ocr_carea' id='block_1_97' title="bbox 370 4974 1922 5053">
    <p class='ocr_par' dir='ltr' id='par_1_97' title="bbox 370 4974 1922 5053">
     <span class='ocr_line' id='line_1_97' title="bbox 370 4974 1922 5053; baseline 0.004 -23"><span class='ocrx_word' id='word_1_687' title='bbox 370 4991 465 5030; x_wconf 91' lang='lat' dir='ltr'><strong>sus</strong></span> <span class='ocrx_word' id='word_1_688' title='bbox 522 4974 809 5031; x_wconf 89' lang='lat' dir='ltr'><strong>Dorienses</strong></span> <span class='ocrx_word' id='word_1_689' title='bbox 869 4980 1229 5046; x_wconf 83' lang='lat' dir='ltr'><strong>excitassent,</strong></span> <span class='ocrx_word' id='word_1_690' title='bbox 1277 4980 1517 5052; x_wconf 85' lang='lat' dir='ltr'><strong>Amyclis</strong></span> <span class='ocrx_word' id='word_1_691' title='bbox 1564 4983 1704 5053; x_wconf 88' lang='lat' dir='ltr'><strong>pulsi</strong></span> <span class='ocrx_word' id='word_1_692' title='bbox 1774 4993 1922 5038; x_wconf 90' lang='lat' dir='ltr'><strong>sunt.</strong></span> 
     </span>
    </p>
   </div>
   <div class='ocr_carea' id='block_1_98' title="bbox 369 5066 1923 5142">
    <p class='ocr_par' dir='ltr' id='par_1_98' title="bbox 369 5066 1923 5142">
     <span class='ocr_line' id='line_1_98' title="bbox 369 5066 1923 5142; baseline 0.005 -23"><span class='ocrx_word' id='word_1_693' title='bbox 369 5066 671 5136; x_wconf 88' lang='lat' dir='ltr'><strong>Assumptis</strong></span> <span class='ocrx_word' id='word_1_694' title='bbox 727 5069 908 5135; x_wconf 86' lang='lat' dir='ltr'><strong>itaque</strong></span> <span class='ocrx_word' id='word_1_695' title='bbox 952 5083 1190 5124; x_wconf 89' lang='lat' dir='ltr'><strong>secume</strong></span> <span class='ocrx_word' id='word_1_696' title='bbox 1239 5069 1524 5139; x_wconf 85' lang='lat' dir='ltr'><strong>Spartiatis</strong></span> <span class='ocrx_word' id='word_1_697' title='bbox 1571 5073 1923 5142; x_wconf 86' lang='lat' dir='ltr'><strong>quibusdam,</strong></span> 
     </span>
    </p>
   </div>
   <div class='ocr_carea' id='block_1_99' title="bbox 370 5156 1927 5230">
    <p class='ocr_par' dir='ltr' id='par_1_99' title="bbox 370 5156 1927 5230">
     <span class='ocr_line' id='line_1_99' title="bbox 370 5156 1927 5230; baseline 0.004 -22"><span class='ocrx_word' id='word_1_698' title='bbox 370 5156 698 5227; x_wconf 80' lang='lat' dir='ltr'><strong>ducibusque</strong></span> <span class='ocrx_word' id='word_1_699' title='bbox 738 5157 821 5213; x_wconf 85' lang='lat' dir='ltr'><strong>usi</strong></span> <span class='ocrx_word' id='word_1_700' title='bbox 858 5156 1042 5214; x_wconf 89' lang='lat' dir='ltr'><strong>Polide</strong></span> <span class='ocrx_word' id='word_1_701' title='bbox 1069 5170 1123 5215; x_wconf 89' lang='lat' dir='ltr'><strong>et</strong></span> <span class='ocrx_word' id='word_1_702' title='bbox 1152 5158 1383 5230; x_wconf 87' lang='lat' dir='ltr'><strong>Delpho,</strong></span> <span class='ocrx_word' id='word_1_703' title='bbox 1416 5161 1469 5215; x_wconf 89' lang='lat' dir='ltr'><strong>in</strong></span> <span class='ocrx_word' id='word_1_704' title='bbox 1510 5159 1721 5215; x_wconf 89' lang='lat' dir='ltr'><strong>Cretam</strong></span> <span class='ocrx_word' id='word_1_705' title='bbox 1761 5163 1927 5215; x_wconf 86' lang='lat' dir='ltr'><strong>adna-</strong></span> 
     </span>
    </p>
   </div>
   <div class='ocr_carea' id='block_1_100' title="bbox 2107 4606 3590 4683">
    <p class='ocr_par' dir='ltr' id='par_1_100' title="bbox 2107 4606 3590 4683">
     <span class='ocr_line' id='line_1_100' title="bbox 2107 4606 3590 4683; baseline -0.007 -15"><span class='ocrx_word' id='word_1_706' title='bbox 2107 4615 2172 4668; x_wconf 83' lang='lat' dir='ltr'><strong>&#39;H</strong></span> <span class='ocrx_word' id='word_1_707' title='bbox 2196 4615 2285 4680; x_wconf 80' lang='grc' dir='ltr'>λς’</span> <span class='ocrx_word' id='word_1_708' title='bbox 2303 4614 2377 4677; x_wconf 85' lang='grc' dir='ltr'><strong>ὡς</strong></span> <span class='ocrx_word' id='word_1_709' title='bbox 2399 4613 2686 4683; x_wconf 81' lang='grc' dir='ltr'>Φιλόνομος</span> <span class='ocrx_word' id='word_1_710' title='bbox 2706 4615 2735 4666; x_wconf 84' lang='lat'><strong>6</strong></span> <span class='ocrx_word' id='word_1_711' title='bbox 2775 4611 3122 4682; x_wconf 86' lang='grc' dir='ltr'>Σπαρτιάτης</span> <span class='ocrx_word' id='word_1_712' title='bbox 3147 4609 3191 4643; x_wconf 83' lang='grc'><strong>³⁸</strong></span> <span class='ocrx_word' id='word_1_713' title='bbox 3217 4607 3446 4677; x_wconf 83' lang='grc' dir='ltr'>προδοὺς</span> <span class='ocrx_word' id='word_1_714' title='bbox 3474 4606 3590 4658; x_wconf 84' lang='grc' dir='ltr'><strong>Λα·-</strong></span> 
     </span>
    </p>
   </div>
   <div class='ocr_carea' id='block_1_101' title="bbox 2028 4699 3587 4778">
    <p class='ocr_par' dir='ltr' id='par_1_101' title="bbox 2028 4699 3587 4778">
     <span class='ocr_line' id='line_1_101' title="bbox 2028 4699 3587 4778; baseline -0.008 -17"><span class='ocrx_word' id='word_1_715' title='bbox 2028 4707 2321 4778; x_wconf 86' lang='grc' dir='ltr'>κεδαίμονα</span> <span class='ocrx_word' id='word_1_716' title='bbox 2346 4704 2607 4778; x_wconf 84' lang='grc' dir='ltr'>Δωριεῦσι</span> <span class='ocrx_word' id='word_1_717' title='bbox 2644 4704 2816 4774; x_wconf 88' lang='grc' dir='ltr'>δῶρον</span> <span class='ocrx_word' id='word_1_718' title='bbox 2853 4704 2967 4773; x_wconf 73' lang='grc' dir='ltr'>ἔχει</span> <span class='ocrx_word' id='word_1_719' title='bbox 3006 4700 3306 4771; x_wconf 78' lang='grc' dir='ltr'>Ἀμύκλας,</span> <span class='ocrx_word' id='word_1_720' title='bbox 3331 4699 3426 4752; x_wconf 82' lang='grc' dir='ltr'>καὶ</span> <span class='ocrx_word' id='word_1_721' title='bbox 3456 4714 3587 4749; x_wconf 78' lang='grc' dir='ltr'>συν-</span> 
     </span>
    </p>
   </div>
   <div class='ocr_carea' id='block_1_102' title="bbox 2026 4785 3585 4867">
    <p class='ocr_par' dir='ltr' id='par_1_102' title="bbox 2026 4785 3585 4867">
     <span class='ocr_line' id='line_1_102' title="bbox 2026 4785 3585 4867; baseline -0.009 -16"><span class='ocrx_word' id='word_1_722' title='bbox 2026 4797 2219 4862; x_wconf 71' lang='grc' dir='ltr'>οικίςει</span> <span class='ocrx_word' id='word_1_723' title='bbox 2270 4796 2472 4867; x_wconf 83' lang='grc' dir='ltr'>ταύτην</span> <span class='ocrx_word' id='word_1_724' title='bbox 2494 4795 2555 4860; x_wconf 73' lang='grc' dir='ltr'><strong>ἐξ</strong></span> <span class='ocrx_word' id='word_1_725' title='bbox 2585 4794 2812 4865; x_wconf 84' lang='grc' dir='ltr'>Ἴμϐρου</span> <span class='ocrx_word' id='word_1_726' title='bbox 2869 4793 2963 4846; x_wconf 73' lang='grc' dir='ltr'><strong>καὶ</strong></span> <span class='ocrx_word' id='word_1_727' title='bbox 2989 4794 3231 4863; x_wconf 83' lang='grc' dir='ltr'>Λήμνου.</span> <span class='ocrx_word' id='word_1_728' title='bbox 3292 4788 3466 4859; x_wconf 83' lang='grc' dir='ltr'>Τρίτῃ</span> <span class='ocrx_word' id='word_1_729' title='bbox 3526 4785 3585 4838; x_wconf 81' lang='grc' dir='ltr'>δὲ</span> 
     </span>
    </p>
   </div>
   <div class='ocr_carea' id='block_1_103' title="bbox 2027 4867 3588 4960">
    <p class='ocr_par' dir='ltr' id='par_1_103' title="bbox 2027 4867 3588 4960">
     <span class='ocr_line' id='line_1_103' title="bbox 2027 4867 3588 4960; baseline -0.009 -17"><span class='ocrx_word' id='word_1_730' title='bbox 2027 4890 2189 4960; x_wconf 78' lang='grc' dir='ltr'>γενεᾷ</span> <span class='ocrx_word' id='word_1_731' title='bbox 2227 4890 2629 4951; x_wconf 84' lang='grc' dir='ltr'>στασιάσαντες</span> <span class='ocrx_word' id='word_1_732' title='bbox 2685 4888 2822 4957; x_wconf 75' lang='grc' dir='ltr'>πρὸς</span> <span class='ocrx_word' id='word_1_733' title='bbox 2870 4884 3110 4956; x_wconf 87' lang='grc' dir='ltr'>Δωριέας</span> <span class='ocrx_word' id='word_1_734' title='bbox 3168 4867 3588 4951; x_wconf 77' lang='grc' dir='ltr'>μετανίστανται</span> 
     </span>
    </p>
   </div>
   <div class='ocr_carea' id='block_1_104' title="bbox 2024 4970 3589 5051">
    <p class='ocr_par' dir='ltr' id='par_1_104' title="bbox 2024 4970 3589 5051">
     <span class='ocr_line' id='line_1_104' title="bbox 2024 4970 3589 5051; baseline -0.008 -18"><span class='ocrx_word' id='word_1_735' title='bbox 2024 4975 2149 5050; x_wconf 68' lang='lat'><strong>[2‘29</strong></span> <span class='ocrx_word' id='word_1_736' title='bbox 2172 4976 2264 5051; x_wconf 84' lang='lat' dir='ltr'><strong>H.]</strong></span> <span class='ocrx_word' id='word_1_737' title='bbox 2300 4977 2601 5049; x_wconf 75' lang='grc' dir='ltr'>’Δμυκλῶν,</span> <span class='ocrx_word' id='word_1_738' title='bbox 2648 4973 3171 5046; x_wconf 83' lang='grc' dir='ltr'>συμπαραλαϐόντες</span> <span class='ocrx_word' id='word_1_739' title='bbox 3204 4971 3262 5024; x_wconf 82' lang='grc' dir='ltr'><strong>δέ</strong></span> <span class='ocrx_word' id='word_1_740' title='bbox 3291 4970 3382 5022; x_wconf 88' lang='grc' dir='ltr'><strong>καί</strong></span> <span class='ocrx_word' id='word_1_741' title='bbox 3434 4985 3589 5030; x_wconf 81' lang='grc' dir='ltr'>τινας</span> 
     </span>
    </p>
   </div>
   <div class='ocr_carea' id='block_1_105' title="bbox 2025 5056 3583 5140">
    <p class='ocr_par' dir='ltr' id='par_1_105' title="bbox 2025 5056 3583 5140">
     <span class='ocr_line' id='line_1_105' title="bbox 2025 5056 3583 5140; baseline -0.009 -17"><span class='ocrx_word' id='word_1_742' title='bbox 2025 5069 2403 5140; x_wconf 84' lang='grc' dir='ltr'>Σπαρτιατῶν,</span> <span class='ocrx_word' id='word_1_743' title='bbox 2428 5066 2746 5138; x_wconf 75' lang='grc' dir='ltr'>ἡγουμένων</span> <span class='ocrx_word' id='word_1_744' title='bbox 2775 5067 2957 5128; x_wconf 78' lang='grc' dir='ltr'>αὐτοῖς</span> <span class='ocrx_word' id='word_1_745' title='bbox 2984 5062 3203 5125; x_wconf 84' lang='grc' dir='ltr'>Πόλιδος</span> <span class='ocrx_word' id='word_1_746' title='bbox 3233 5062 3326 5113; x_wconf 78' lang='grc' dir='ltr'><strong>καὶ</strong></span> <span class='ocrx_word' id='word_1_747' title='bbox 3355 5056 3583 5126; x_wconf 85' lang='grc' dir='ltr'>Δελφοῦ,</span> 
     </span>
    </p>
   </div>
   <div class='ocr_carea' id='block_1_106' title="bbox 2024 5150 3584 5233">
    <p class='ocr_par' dir='ltr' id='par_1_106' title="bbox 2024 5150 3584 5233">
     <span class='ocr_line' id='line_1_106' title="bbox 2024 5150 3584 5233; baseline -0.01 -16"><span class='ocrx_word' id='word_1_748' title='bbox 2024 5164 2214 5217; x_wconf 75' lang='grc' dir='ltr'>ἔπλεον</span> <span class='ocrx_word' id='word_1_749' title='bbox 2244 5163 2336 5217; x_wconf 83' lang='grc' dir='ltr'><strong>ἐπὶ</strong></span> <span class='ocrx_word' id='word_1_750' title='bbox 2366 5162 2468 5231; x_wconf 83' lang='grc' dir='ltr'>τῆς</span> <span class='ocrx_word' id='word_1_751' title='bbox 2488 5162 2732 5233; x_wconf 78' lang='grc' dir='ltr'>Κρήτης.</span> <span class='ocrx_word' id='word_1_752' title='bbox 2766 5159 2855 5212; x_wconf 92' lang='grc' dir='ltr'><strong>Ἐν</strong></span> <span class='ocrx_word' id='word_1_753' title='bbox 2878 5157 2957 5229; x_wconf 83' lang='grc' dir='ltr'>τῷ</span> <span class='ocrx_word' id='word_1_754' title='bbox 2979 5154 3251 5228; x_wconf 82' lang='grc' dir='ltr'>παράπλῳ</span> <span class='ocrx_word' id='word_1_755' title='bbox 3280 5153 3338 5205; x_wconf 87' lang='grc' dir='ltr'>δὲ</span> <span class='ocrx_word' id='word_1_756' title='bbox 3360 5150 3518 5204; x_wconf 85' lang='grc' dir='ltr'>τοῦδε</span> <span class='ocrx_word' id='word_1_757' title='bbox 3539 5150 3584 5180; x_wconf 70' lang='grc'>³³</span> 
     </span>
    </p>
   </div>
   <div class='ocr_carea' id='block_1_107' title="bbox 1623 5289 2305 5348">
    <p class='ocr_par' dir='ltr' id='par_1_107' title="bbox 1623 5289 2305 5348">
     <span class='ocr_line' id='line_1_107' title="bbox 1623 5289 2305 5348; baseline 0 -2"><span class='ocrx_word' id='word_1_758' title='bbox 1623 5290 1861 5348; x_wconf 68' lang='lat' dir='ltr'><strong>VARUS</strong></span> <span class='ocrx_word' id='word_1_759' title='bbox 1900 5289 2305 5347; x_wconf 84' lang='lat' dir='ltr'><strong>LECTIONES.</strong></span> 
     </span>
    </p>
   </div>
   <div class='ocr_carea' id='block_1_108' title="bbox 441 5380 1319 5454">
    <p class='ocr_par' dir='ltr' id='par_1_108' title="bbox 441 5380 1319 5454">
     <span class='ocr_line' id='line_1_108' title="bbox 441 5380 1319 5454; baseline 0 -17"><span class='ocrx_word' id='word_1_760' title='bbox 441 5380 759 5454; x_wconf 55' lang='lat' dir='ltr'><strong>&#39;f_‘l)_At0p..]</strong></span> <span class='ocrx_word' id='word_1_761' title='bbox 786 5383 854 5439; x_wconf 79' lang='lat' dir='ltr'><strong>cf.</strong></span> <span class='ocrx_word' id='word_1_762' title='bbox 896 5382 1081 5438; x_wconf 85' lang='lat' dir='ltr'><strong>Schol.</strong></span> <span class='ocrx_word' id='word_1_763' title='bbox 1113 5384 1319 5454; x_wconf 87' lang='lat' dir='ltr'><strong>Platon.</strong></span> 
     </span>
    </p>
   </div>
   <div class='ocr_carea' id='block_1_109' title="bbox 1346 5384 1917 5455">
    <p class='ocr_par' dir='ltr' id='par_1_109' title="bbox 1346 5384 1917 5455">
     <span class='ocr_line' id='line_1_109' title="bbox 1346 5384 1917 5455; baseline 0 -17"><span class='ocrx_word' id='word_1_764' title='bbox 1346 5401 1399 5455; x_wconf 90' lang='lat' dir='ltr'><strong>p.</strong></span> <span class='ocrx_word' id='word_1_765' title='bbox 1422 5401 1507 5455; x_wconf 14' lang='lat' dir='ltr'><strong>7m.</strong></span> <span class='ocrx_word' id='word_1_766' title='bbox 1543 5384 1695 5455; x_wconf 10' lang='lat'><strong>408.7</strong></span> <span class='ocrx_word' id='word_1_767' title='bbox 1742 5387 1789 5419; x_wconf 75' lang='grc' dir='ltr'><strong>³ο</strong></span> <span class='ocrx_word' id='word_1_768' title='bbox 1822 5387 1851 5438; x_wconf 90' lang='lat'><strong>6</strong></span> <span class='ocrx_word' id='word_1_769' title='bbox 1879 5403 1917 5455; x_wconf 91' lang='grc' dir='ltr'><strong>μ</strong></span> 
     </span>
    </p>
   </div>
   <div class='ocr_carea' id='block_1_110' title="bbox 375 5450 854 5518">
    <p class='ocr_par' dir='ltr' id='par_1_110' title="bbox 375 5450 854 5518">
     <span class='ocr_line' id='line_1_110' title="bbox 375 5450 854 5518; baseline 0.004 -13"><span class='ocrx_word' id='word_1_770' title='bbox 375 5450 854 5518; x_wconf 74' lang='grc' dir='ltr'>³³δέΔικαίς.</span> 
     </span>
    </p>
   </div>
   <div class='ocr_carea' id='block_1_111' title="bbox 2144 5371 3582 5453">
    <p class='ocr_par' dir='ltr' id='par_1_111' title="bbox 2144 5371 3582 5453">
     <span class='ocr_line' id='line_1_111' title="bbox 2144 5371 3582 5453; baseline -0.018 -7"><span class='ocrx_word' id='word_1_771' title='bbox 2144 5403 2170 5446; x_wconf 82' lang='grc' dir='ltr'>ς</span> <span class='ocrx_word' id='word_1_772' title='bbox 2201 5387 2229 5436; x_wconf 92' lang='lat'><strong>6</strong></span> <span class='ocrx_word' id='word_1_773' title='bbox 2268 5384 2365 5453; x_wconf 89' lang='grc' dir='ltr'><strong>μέν</strong></span> <span class='ocrx_word' id='word_1_774' title='bbox 2409 5384 2472 5438; x_wconf 83' lang='grc' dir='ltr'>Α.</span> <span class='ocrx_word' id='word_1_775' title='bbox 2550 5384 2594 5415; x_wconf 73' lang='grc'><strong>³⁸</strong></span> <span class='ocrx_word' id='word_1_776' title='bbox 2631 5385 2724 5435; x_wconf 74' lang='grc' dir='ltr'>καὶ</span> <span class='ocrx_word' id='word_1_777' title='bbox 2748 5382 2808 5453; x_wconf 57' lang='lat' dir='ltr'><strong>si)</strong></span> <span class='ocrx_word' id='word_1_778' title='bbox 2837 5380 3065 5453; x_wconf 75' lang='lat' dir='ltr'><strong>add.__A.</strong></span> <span class='ocrx_word' id='word_1_779' title='bbox 3123 5379 3187 5453; x_wconf 75' lang='lat'><strong>_&quot;</strong></span> <span class='ocrx_word' id='word_1_780' title='bbox 3209 5371 3492 5453; x_wconf 62' lang='grc' dir='ltr'>ἐμϐάλλων</span> <span class='ocrx_word' id='word_1_781' title='bbox 3519 5372 3582 5453; x_wconf 65' lang='grc' dir='ltr'><strong>Λς</strong></span> 
     </span>
    </p>
   </div>
   <div class='ocr_carea' id='block_1_112' title="bbox 930 5384 3585 5534">
    <p class='ocr_par' dir='ltr' id='par_1_112' title="bbox 930 5384 3585 5534">
     <span class='ocr_line' id='line_1_112' title="bbox 930 5384 3582 5506; baseline -0.006 -68"><span class='ocrx_word' id='word_1_782' title='bbox 930 5385 1081 5485; x_wconf 53' lang='lat' dir='ltr'><strong>final.</strong></span> <span class='ocrx_word' id='word_1_783' title='bbox 1113 5384 1319 5439; x_wconf 87' lang='lat' dir='ltr'><strong>Platon.</strong></span> <span class='ocrx_word' id='word_1_784' title='bbox 1346 5401 1399 5455; x_wconf 91' lang='lat' dir='ltr'><strong>p.</strong></span> <span class='ocrx_word' id='word_1_785' title='bbox 1435 5401 1507 5439; x_wconf 92' lang='lat' dir='ltr'><strong>m.</strong></span> <span class='ocrx_word' id='word_1_786' title='bbox 1543 5384 1667 5441; x_wconf 65' lang='lat'><strong>408.</strong></span> <span class='ocrx_word' id='word_1_787' title='bbox 1742 5387 1789 5419; x_wconf 83' lang='grc'>³⁰</span> <span class='ocrx_word' id='word_1_788' title='bbox 1822 5387 1851 5438; x_wconf 88' lang='lat'><strong>6</strong></span> <span class='ocrx_word' id='word_1_789' title='bbox 1879 5384 2170 5506; x_wconf 60' lang='grc' dir='ltr'>μὲν1ὃιὲως</span> <span class='ocrx_word' id='word_1_790' title='bbox 2201 5387 2229 5436; x_wconf 86' lang='grc' dir='ltr'>ὁ</span> <span class='ocrx_word' id='word_1_791' title='bbox 2268 5384 2365 5453; x_wconf 87' lang='grc' dir='ltr'><strong>μέν</strong></span> <span class='ocrx_word' id='word_1_792' title='bbox 2409 5384 2472 5438; x_wconf 84' lang='grc' dir='ltr'>Α.</span> <span class='ocrx_word' id='word_1_793' title='bbox 2550 5384 2594 5415; x_wconf 72' lang='grc'><strong>³⁸</strong></span> <span class='ocrx_word' id='word_1_794' title='bbox 2631 5385 2724 5435; x_wconf 75' lang='grc' dir='ltr'>καὶ</span> <span class='ocrx_word' id='word_1_795' title='bbox 2748 5384 2808 5435; x_wconf 72' lang='grc' dir='ltr'>τὸ</span> <span class='ocrx_word' id='word_1_796' title='bbox 2837 5384 2963 5462; x_wconf 70' lang='lat' dir='ltr'><strong>add.</strong></span> <span class='ocrx_word' id='word_1_797' title='bbox 3004 5384 3065 5432; x_wconf 86' lang='lat' dir='ltr'><strong>A.</strong></span> <span class='ocrx_word' id='word_1_798' title='bbox 3122 5384 3187 5461; x_wconf 40' lang='lat'><strong>&#39;3&#39;</strong></span> <span class='ocrx_word' id='word_1_799' title='bbox 3209 5384 3492 5446; x_wconf 71' lang='grc' dir='ltr'>ἐμϐάλλων</span> <span class='ocrx_word' id='word_1_800' title='bbox 3519 5384 3582 5422; x_wconf 80' lang='grc' dir='ltr'>Λ.</span> 
     </span>
     <span class='ocr_line' id='line_1_113' title="bbox 955 5436 3585 5534; baseline -0.007 -27"><span class='ocrx_word' id='word_1_801' title='bbox 955 5456 976 5486; x_wconf 73' lang='grc'>⁸</span> <span class='ocrx_word' id='word_1_802' title='bbox 1001 5453 1339 5534; x_wconf 44' lang='grc' dir='ltr'>ἐκέλευεν-Δ.</span> <span class='ocrx_word' id='word_1_803' title='bbox 1416 5453 1810 5534; x_wconf 33' lang='grc' dir='ltr'>⁸ξιδιαφθείρων</span> <span class='ocrx_word' id='word_1_804' title='bbox 1849 5473 1949 5534; x_wconf 41' lang='grc' dir='ltr'><strong>ἓ·εῄ</strong></span> <span class='ocrx_word' id='word_1_805' title='bbox 2010 5455 2270 5534; x_wconf 50' lang='lat' dir='ltr'><strong>“ntalem:</strong></span> <span class='ocrx_word' id='word_1_806' title='bbox 2320 5468 2464 5534; x_wconf 58' lang='lat' dir='ltr'><strong>corr.</strong></span> <span class='ocrx_word' id='word_1_807' title='bbox 2500 5453 2588 5534; x_wconf 60' lang='grc' dir='ltr'>Ἀ.</span> <span class='ocrx_word' id='word_1_808' title='bbox 2623 5451 2792 5523; x_wconf 83' lang='grc' dir='ltr'>τινος]</span> <span class='ocrx_word' id='word_1_809' title='bbox 2840 5467 2938 5519; x_wconf 90' lang='grc' dir='ltr'><strong>της</strong></span> <span class='ocrx_word' id='word_1_810' title='bbox 2967 5449 3228 5503; x_wconf 83' lang='lat' dir='ltr'><strong>Kaumus.</strong></span> <span class='ocrx_word' id='word_1_811' title='bbox 3303 5444 3345 5475; x_wconf 83' lang='grc'><strong>³⁷</strong></span> <span class='ocrx_word' id='word_1_812' title='bbox 3380 5436 3585 5509; x_wconf 77' lang='grc' dir='ltr'>εἵσατο]</span> 
     </span>
    </p>
   </div>
   <div class='ocr_carea' id='block_1_113' title="bbox 379 5520 2552 5594">
    <p class='ocr_par' dir='ltr' id='par_1_113' title="bbox 379 5520 2552 5594">
     <span class='ocr_line' id='line_1_114' title="bbox 379 5520 2552 5594; baseline 0 -20"><span class='ocrx_word' id='word_1_813' title='bbox 379 5520 694 5590; x_wconf 81' lang='grc' dir='ltr'>ὲδωμήσατο</span> <span class='ocrx_word' id='word_1_814' title='bbox 722 5526 949 5580; x_wconf 87' lang='lat' dir='ltr'><strong>corr.A.</strong></span> <span class='ocrx_word' id='word_1_815' title='bbox 1024 5525 1071 5556; x_wconf 81' lang='grc'>³⁸</span> <span class='ocrx_word' id='word_1_816' title='bbox 1095 5524 1167 5579; x_wconf 84' lang='lat' dir='ltr'><strong>cf.</strong></span> <span class='ocrx_word' id='word_1_817' title='bbox 1192 5523 1399 5579; x_wconf 78' lang='lat' dir='ltr'><strong>Mﬁller.</strong></span> <span class='ocrx_word' id='word_1_818' title='bbox 1435 5520 1715 5578; x_wconf 68' lang='lat' dir='ltr'><strong>Orchme</strong></span> <span class='ocrx_word' id='word_1_819' title='bbox 1740 5541 1792 5594; x_wconf 92' lang='lat' dir='ltr'><strong>p.</strong></span> <span class='ocrx_word' id='word_1_820' title='bbox 1849 5524 1972 5580; x_wconf 77' lang='lat' dir='ltr'><strong>5l6.</strong></span> <span class='ocrx_word' id='word_1_821' title='bbox 2047 5524 2091 5557; x_wconf 82' lang='grc'>³⁹</span> <span class='ocrx_word' id='word_1_822' title='bbox 2120 5520 2271 5577; x_wconf 81' lang='grc' dir='ltr'>τοῦδε</span> <span class='ocrx_word' id='word_1_823' title='bbox 2327 5522 2450 5576; x_wconf 89' lang='lat' dir='ltr'><strong>add.</strong></span> <span class='ocrx_word' id='word_1_824' title='bbox 2488 5525 2552 5575; x_wconf 87' lang='lat' dir='ltr'><strong>A.</strong></span> 
     </span>
    </p>
   </div>
   <div class='ocr_carea' id='block_1_114' title="bbox 1872 5637 2100 5695">
    <p class='ocr_par' dir='ltr' id='par_1_114' title="bbox 1872 5637 2100 5695">
     <span class='ocr_line' id='line_1_115' title="bbox 1872 5637 2100 5695; baseline 0 -2"><span class='ocrx_word' id='word_1_825' title='bbox 1872 5637 2100 5695; x_wconf 67' lang='grc' dir='ltr'><strong>ΝΟΤᾸΞ.</strong></span> 
     </span>
    </p>
   </div>
   <div class='ocr_carea' id='block_1_115' title="bbox 458 5726 1934 5800">
    <p class='ocr_par' dir='ltr' id='par_1_115' title="bbox 458 5726 1934 5800">
     <span class='ocr_line' id='line_1_116' title="bbox 458 5726 1934 5800; baseline 0.002 -19"><span class='ocrx_word' id='word_1_826' title='bbox 458 5726 593 5799; x_wconf 75' lang='lat'><strong>(53‘)</strong></span> <span class='ocrx_word' id='word_1_827' title='bbox 621 5728 775 5797; x_wconf 84' lang='lat' dir='ltr'><strong>Quod</strong></span> <span class='ocrx_word' id='word_1_828' title='bbox 805 5732 976 5800; x_wconf 83' lang='lat' dir='ltr'><strong>ipsum</strong></span> <span class='ocrx_word' id='word_1_829' title='bbox 1004 5731 1105 5786; x_wconf 87' lang='lat' dir='ltr'><strong>alia</strong></span> <span class='ocrx_word' id='word_1_830' title='bbox 1136 5730 1297 5786; x_wconf 86' lang='lat' dir='ltr'><strong>etiam</strong></span> <span class='ocrx_word' id='word_1_831' title='bbox 1321 5732 1527 5787; x_wconf 87' lang='lat' dir='ltr'><strong>ratione</strong></span> <span class='ocrx_word' id='word_1_832' title='bbox 1549 5730 1701 5787; x_wconf 81' lang='lat' dir='ltr'><strong>ati‘crt</strong></span> <span class='ocrx_word' id='word_1_833' title='bbox 1725 5730 1934 5785; x_wconf 86' lang='lat' dir='ltr'><strong>Suidas.</strong></span> 
     </span>
    </p>
   </div>
   <div class='ocr_carea' id='block_1_116' title="bbox 2138 5719 3587 5801">
    <p class='ocr_par' dir='ltr' id='par_1_116' title="bbox 2138 5719 3587 5801">
     <span class='ocr_line' id='line_1_117' title="bbox 2138 5719 3587 5801; baseline -0.014 -10"><span class='ocrx_word' id='word_1_834' title='bbox 2138 5728 2249 5801; x_wconf 71' lang='grc'><strong>(54)</strong></span> <span class='ocrx_word' id='word_1_835' title='bbox 2287 5730 2531 5787; x_wconf 76' lang='lat' dir='ltr'><strong>Meminit</strong></span> <span class='ocrx_word' id='word_1_836' title='bbox 2571 5729 2767 5785; x_wconf 79' lang='lat' dir='ltr'><strong>Strabo</strong></span> <span class='ocrx_word' id='word_1_837' title='bbox 2799 5728 2894 5783; x_wconf 84' lang='lat' dir='ltr'><strong>lib.</strong></span> <span class='ocrx_word' id='word_1_838' title='bbox 2934 5741 3069 5794; x_wconf 77' lang='lat' dir='ltr'><strong>vut,</strong></span> <span class='ocrx_word' id='word_1_839' title='bbox 3103 5724 3259 5779; x_wconf 84' lang='lat' dir='ltr'><strong>initio</strong></span> <span class='ocrx_word' id='word_1_840' title='bbox 3292 5719 3587 5776; x_wconf 74' lang='lat' dir='ltr'><strong>Laconica&#39;.</strong></span> 
     </span>
    </p>
   </div>
  </div>
