3932 6240
226 328 335 393 573

1280 329 1815 395 BIBLIOTHECA.
1839 362 1909 374 -
1936 336 2101 398 COD.
2131 336 2484 400 CLXXXVI.

3389 338 3493 404 574

222 435 321 489 τοῦ
363 433 558 488 στόλου
598 432 786 505 Μῆλον
824 435 1166 508 Ἀπόδασμος
1209 440 1425 507 οἰκίζει,
1457 443 1552 498 καί⁵
1601 443 1665 497 τὸ
1692 444 1803 496 τῶν

1917 448 2175 518 vigaruut.
2204 448 2309 506 Sed
2333 452 2456 505 dum
2489 450 2677 508 classis
2699 452 3131 522 praeternavigat,
3157 452 3492 521 Apodasmus

224 527 483 598 Μηλιέων
517 526 563 559 ⁸⁸
588 527 750 595 γένος
775 528 989 584 ὲνθένδε
1011 532 1313 587 οἰκειοῦται
1350 535 1699 607 Σπαρτιάτας
1731 538 1799 593 δ’.

224 619 296 674 Ol
326 618 384 671 δὲ
414 618 596 672 λοιποὶ
638 620 880 685 ἅπαντες
928 622 1204 695 Γόρτυναν
1256 625 1483 696 μηδενὸς
1528 626 1806 697 είργοντος

222 710 507 775 λαϐόντες,
558 712 769 785 ταύτην
838 713 955 786 ἃμα
1003 714 1112 769 τῶν
1162 718 1457 788 περιοίκων
1477 718 1525 751 δ’
1571 720 1807 791 Κρητῶν

225 805 653 869 συνοικίζουσιν.

309 897 377 950 Ἡ
399 896 477 961 λζ’
507 897 583 961 ὡς
612 898 719 952 ἀπὸ
741 898 919 953 Θάσου
942 897 1036 952 τοῦ
1068 901 1295 971 Κάδμου
1318 903 1548 974 ἀδελφοῦ
1579 905 1752 971 Θάσος
1771 909 1805 980 ή

222 991 390 1060 νῆσος
419 990 737 1061 ὠνομάσθη’
770 993 888 1045 ἐκεῖ
914 991 1023 1063 γὰρ
1045 994 1207 1048 αὐτὸν
1226 997 1254 1048 6
1284 996 1533 1066 ἀδελφὸς,
1561 998 1685 1064 δοὺς
1714 1001 1807 1055 τοῦ

225 1080 466 1151 στρατοῦ
496 1084 711 1152 μοῖραν,
736 1066 1046 1139 ἀπολείπει.
1081 1085 1192 1140 Καὶ
1241 1087 1318 1150 ὡς
1338 1089 1560 1160 Κάδμος
1588 1092 1693 1147 ὑπὸ
1711 1092 1807 1147 τοῦ

224 1171 495 1226 Φοινίκων
527 1173 816 1245 βασιλέως,
853 1177 997 1246 μέγα
1019 1178 1113 1230 καὶ
1135 1178 1299 1242 αὐτὸς
1331 1179 1630 1249 δυνάμενος
1656 1185 1809 1255 παρὰ

224 1266 489 1333 Φοίνιξιν,
518 1268 612 1322 ἐπὶ
638 1269 736 1340 τὴν
758 1271 1032 1341 Εὐρώπην
1069 1270 1314 1343 σταλείη.
1375 1274 1437 1327 Oi
1479 1274 1539 1329 δὲ
1565 1276 1810 1343 ⁴ῐιοίνικες

225 1357 350 1410 τότε
370 1356 504 1430 1445
528 1359 621 1432 H.]
654 1361 797 1431 μέγα
824 1378 885 1414 τε
916 1362 1014 1432 (ὡς
1046 1361 1226 1432 λόγος)
1252 1362 1458 1435 ἴσχυον,
1488 1367 1582 1420 καὶ
1609 1369 1810 1441 πολλὴν

225 1451 331 1520 τῆς
373 1451 564 1517 Ἀσίας
591 1454 1099 1525 καταστρεψάμενοι
1122 1456 1183 1509 τὺ
1207 1457 1477 1526 βασίλειον
1517 1463 1577 1514 ὲν
1602 1460 1810 1534 Θήϐαις

228 1544 359 1606 ταῖς
383 1544 719 1613 Αἰγυπτίαις
760 1542 927 1618 εἰχον.
966 1548 1237 1618 Σταλῆναι
1265 1551 1323 1602 δὲ
1349 1552 1571 1621 Κάδμον
1608 1555 1705 1624 οὐχ
1734 1554 1809 1617 ὡς

194 1635 500 1731 ,Ἔλληνές
540 1654 710 1731 φασι,
756 1641 897 1694 κατὰ
939 1638 1167 1712 ζήτησιν
1202 1641 1505 1714 Εὐρώπης,
1545 1643 1612 1715 ἠν
1642 1647 1809 1699 παῖδα

225 1725 483 1793 Φοίνικος
530 1725 696 1784 οὖσαν
738 1732 958 1803 ήρπασε
1007 1734 1143 1797 Ζεὺς
1189 1734 1248 1787 ἐν
1296 1734 1535 1805 σχήματι
1580 1736 1806 1809 ταύρου,

228 1822 350 1876 ἀλλ’
390 1823 571 1895 ἀρχὴν
626 1824 726 1894 μὲν
776 1825 914 1878 ἰδίαν
963 1826 1022 1878 ἐν
1052 1825 1293 1898 Εὐρώπῃ
1345 1807 1807 1897 μηχανώμενον⁶³
1842 1807 1885 1864 Β

228 1915 569 1969 πλάττεσθαι
597 1915 835 1985 ἀδελφῆς
863 1917 1222 1987 ἡρπασμένης
1260 1916 1529 1971 ποιεῖσθαι
1559 1918 1808 1991 ζήτησιν,

230 2007 292 2072 ἐξ
313 2001 377 2062 οὗ
406 2009 502 2061 καὶ
526 2007 557 2061 ὁ
590 2009 688 2078 τῆς
727 2007 1002 2078 Εὐρώπης
1037 2007 1205 2077 μῦθος
1244 2001 1380 2080 ἧκεν
1409 2011 1488 2072 εἰς
1520 2010 1808 2083 Ἕλληνας.

232 2097 561 2167 Περιπλέων
586 2097 643 2151 δὲ
672 2097 771 2168 τὴν
805 2096 1076 2169 Εὐρώπην
1105 2096 1200 2150 τὸν
1229 2098 1329 2168 μὲν
1350 2098 1582 2169 ἀδελφὸν
1613 2102 1816 2169 Θάσον,

229 2187 307 2251 ὼς
334 2187 597 2259 εἴρηται,
644 2192 712 2260 τῇ
760 2191 909 2259 νήσῳ
933 2188 1133 2253 λείπει,
1167 2187 1329 2251 αὐτὸς
1364 2188 1410 2243 δ’
1442 2192 1521 2254 εἰς
1551 2192 1812 2247 Βοιωτίαν

232 2278 482 2343 πλεύσας
523 2280 698 2334 ἄνεισι
729 2281 867 2353 πρὸς
882 2281 930 2314 ’⁸⁵
955 2281 1052 2346 τὰς
1080 2281 1177 2335 νῦν
1228 2280 1569 2352 καλουμένας
1602 2284 1810 2355 Θήϐας,

232 2374 328 2424 καὶ
365 2372 463 2425 σὺν
522 2373 590 2442 τῇ
647 2372 875 2443 δυνάμει
905 2378 1281 2448 περιτειχίσας
1312 2377 1375 2431 τὸ
1398 2377 1597 2449 χωρίον
1630 2376 1815 2446 Θήϐας

232 2461 345 2516 ἀπὸ
375 2464 476 2531 τῆς
505 2462 717 2524 οἰκείας
744 2465 1070 2536 ἐπωνόμασε
1100 2469 1382 2538 πατρίδος.
1407 2467 1528 2520 Τῶν
1561 2469 1618 2522 δὲ
1647 2470 1813 2522 Βοιω-

234 2555 345 2607 τῶν
387 2556 467 2619 εἰς
507 2557 688 2627 μάχην
720 2558 905 2623 αὐτοῖς
938 2560 1369 2630 συμπλακέντων
1401 2561 1667 2631 ἡττῶνται
1690 2561 1813 2614 Φοί-

235 2662 411 2710 νικες,
452 2641 573 2701 εἶτα
598 2649 892 2719 κρατοῦσιν
923 2652 1168 2722 ἐνέδραις
1192 2655 1286 2706 καὶ
1309 2654 1693 2724 προλοχισμοῖς
1720 2654 1816 2709 καὶ

234 2739 298 2808 τῇ
333 2737 497 2808 ἀήθει
526 2738 638 2791 τῶν
662 2738 844 2795 ὅπλων
875 2741 995 2809 ὄψει
1024 2758 1040 2774 ο
1068 2745 1268 2813 κράνος
1319 2745 1427 2815 γάρ
1445 2744 1492 2778 ⁸⁵
1524 2747 1618 2799 καὶ
1649 2747 1815 2812 ἀσπὶς

234 2828 392 2883 οὐπω
415 2832 531 2894 τοῖς
549 2830 804 2903 Ἕλλησιν
826 2831 1088 2901 ἔγνωστο.
1120 2836 1228 2888 Καὶ
1261 2838 1453 2908 κρατεῖ
1473 2837 1693 2908 Κάδμος
1716 2839 1829 2907 τῆς

237 2919 488 2973 Βοιωτῶν
534 2923 639 2992 γῆς
662 2961 678 2986 ,
714 2922 808 2976 καί
842 2924 1121 2993 φυγόντων
1165 2925 1274 2979 τῶν
1315 2927 1688 2981 διασωθέντων
1720 2929 1814 2981 ὲπί

234 3011 331 3075 τὰς
364 3013 573 3077 οἰκείας
622 3015 808 3078 πόλεις
835 3015 1030 3081 οἰκίζει
1063 3019 1317 3095 Φοίνικας
1344 3021 1403 3072 ἐν
1427 3012 1632 3091 ὅήόαις
1651 3062 1666 3088 ,
1721 3021 1815 3075 καὶ

234 3100 333 3173 τήν
382 3103 600 3172 ’Ἄρεως
634 3103 681 3136 ⁵⁸
732 3105 828 3158 καὶ⁵
886 3105 1212 3177 Ἀφροδίτης
1270 3108 1561 3177 Ἁρμονίαν
1622 3110 1808 3178 γαμεῖ.

1910 538 2105 595 Melum
2141 541 2275 621 ('55),
2308 543 2707 599 habitatoribus
2746 544 3002 612 instruit,
3039 545 3267 614 indeque
3312 544 3491 599 Pelic-

1908 649 2064 689 orum
2098 650 2269 704 genus
2291 634 2588 705 Spartanos
2614 635 2715 690 sibi
2754 635 3242 691 conciliat.Caeteri
3274 651 3490 699 omnes,

1907 726 2223 798 Gortynam,
2275 738 2610 799 repugnante
2669 729 2918 793 nemine,
2976 739 3324 798 occupantes,
3384 743 3490 782 una

1909 832 2030 873 cum
2069 818 2404 883 Cretensium
2441 818 2639 874 accolis
2660 835 2779 873 eam
2808 819 3168 874 incoluerunt.

1980 908 2274 965 Tricesima
2311 912 2561 978 septima.
2592 909 2834 965 AThaso
2888 910 3013 977 (56)
3066 909 3256 966 Cadmi
3318 910 3489 964 fratre

1910 1000 2150 1076 Thasum
2193 1001 2422 1055 insulam
2470 1001 2789 1070 appellatam
2827 1001 3011 1057 refert.
3044 1002 3119 1056 lbi
3159 1003 3300 1057 enim
3341 1001 3487 1055 illum

1909 1090 2079 1146 frater
2102 1132 2118 1154 ,
2163 1094 2287 1146 data
2307 1095 2583 1148 exercitus
2610 1105 2762 1163 parte
2782 1137 2796 1159 ,
2827 1094 3063 1163 reliquit.
3091 1094 3326 1148 Cadmus
3375 1093 3485 1165 ('57)

1911 1187 2001 1242 hic
2039 1204 2067 1241 a
2095 1186 2409 1242 Phoenicum
2434 1203 2556 1258 rege
2579 1227 2595 1252 ,
2628 1203 2834 1259 magna:
2856 1189 3093 1258 alioquin
3123 1198 3178 1244 et
3204 1189 3323 1258 ipse
3347 1191 3487 1259 apud

1910 1275 2197 1332 Phoenicas
2255 1280 2611 1343 auctoritatis,
2683 1279 2735 1333 in
2795 1280 3064 1348 Europam
3116 1282 3317 1335 missus
3368 1291 3473 1335 est.

1911 1371 2118 1441 Quippe
2193 1371 2482 1427 Phwnices
2560 1387 2626 1427 eo
2711 1383 2953 1442 tempore
3034 1373 3240 1428 viribus
3314 1375 3485 1443 pluri-

1912 1480 2060 1520 mum
2114 1480 2179 1519 ac
2227 1469 2498 1535 potentia,
2545 1474 2604 1518 ut
2665 1463 2868 1529 ferunt,
2900 1463 3203 1530 valebant,
3266 1481 3489 1534 magna-

1912 1571 2018 1625 que
2081 1556 2223 1611 Asiaa
2271 1567 2425 1625 parte
2478 1558 2531 1610 in
2602 1565 2922 1626 potestatem
2976 1556 3189 1609 redacta
3226 1595 3241 1619 ,
3287 1556 3486 1623 regiam
3536 1560 3541 1563 ’

1913 1650 2092 1704 sedem
2128 1646 2330 1702 Thebis
2368 1647 2637 1717 Egyptiis
2674 1648 3094 1702 constituerunt.
3141 1645 3338 1700 Missus
3360 1662 3488 1714 ergo

1911 1739 2148 1796 Cadmus
2167 1779 2183 1804 ,
2205 1755 2312 1793 non
2345 1739 2425 1807 (ut
2458 1738 2632 1795 Graeci
2673 1737 3018 1808 fabulantur)
3045 1737 3316 1805 Europam
3339 1752 3488 1805 quar-

1913 1832 2136 1899 siturus,
2151 1847 2310 1901 quam
2327 1828 2600 1886 Phaauicis
2621 1828 2804 1893 filiam,
2832 1829 2969 1882 tauri
2988 1827 3245 1882 mentitus
3261 1828 3488 1881 formam

1908 1925 2119 1995 Jupiter
2158 1924 2447 1994 rapuisset,
2494 1925 2588 1977 sed
2624 1923 2898 1993 proprium
2927 1919 3029 1974 sibi
3058 1920 3111 1973 in
3141 1918 3354 1987 Europa
3382 1919 3487 1971 im-

1911 2019 2121 2089 perium
2162 2017 2493 2072 constituere
2527 2014 2770 2078 molitus,
2806 2020 2973 2081 raptae
3019 2011 3224 2065 sororis
3270 2009 3492 2064 investi-

1912 2110 2182 2179 gationem
2232 2106 2538 2177 praetexuit.
2569 2106 2746 2173 Atque
2797 2104 2924 2157 hinc
2949 2102 3038 2157 illa
3075 2103 3142 2156 de
3168 2102 3384 2171 EurOpa
3414 2103 3492 2154 la-

1912 2202 2037 2255 hula
2066 2201 2132 2254 ad
2162 2198 2381 2254 Graecos
2426 2196 2642 2267 prodiit.
2678 2196 2949 2265 Europam
2984 2195 3147 2264 igitur
3174 2194 3488 2247 circumna-

1910 2294 2103 2365 vigans
2160 2292 2272 2355 ille,
2326 2291 2575 2346 Thasum
2624 2288 2870 2351 fratrem,
2927 2295 2985 2341 ut.
3035 2287 3293 2350 diximus,
3336 2285 3388 2338 in
3427 2299 3489 2337 ea

1912 2385 2083 2442 insula
2132 2372 2369 2454 reliquit,
2404 2384 2518 2453 ipse
2562 2383 2613 2436 in
2668 2381 2931 2436 Bmotiam
3006 2379 3254 2441 tendens,
3289 2376 3485 2445 138a

1912 2476 2129 2532 Thebas
2182 2475 2322 2540 illas,
2375 2489 2495 2544 quae
2546 2488 2691 2527 nunc
2750 2470 3116 2541 appellantur,
3180 2468 3487 2528 aedificavit,

1913 2581 2175 2636 muroque
2221 2564 2480 2620 comitum
2518 2578 2681 2633 Opera
2715 2563 2951 2617 cinctum
2996 2561 3173 2614 locum
3219 2574 3249 2612 a
3302 2558 3492 2627 patriis

1914 2661 1987 2715 ita
2019 2659 2221 2714 Thebis
2247 2658 2556 2728 appellavit.
2588 2655 2803 2710 Bceotis
2833 2665 3011 2710 autem
3059 2667 3233 2722 pugna
3258 2665 3492 2707 concur-

1918 2752 2189 2816 rentibus,
2219 2751 2346 2802 victi
2370 2749 2601 2818 primum
2625 2746 2936 2808 Pltmnices,
2967 2760 3064 2814 per
3103 2742 3324 2798 insidias
3346 2756 3491 2802 mox,

1916 2853 1979 2893 ac
2008 2847 2418 2909 stratagemata,
2449 2846 2503 2892 et
2535 2837 2851 2892 inusitatum
2888 2849 3160 2890 armorum
3189 2841 3491 2903 aspectum,

1916 2931 2226 2999 superiores
2265 2939 2593 2984 evaserunt:
2641 2943 2820 2997 neque
2846 2927 2989 2982 enim
3019 2925 3169 2997 galea
3194 2938 3250 2980 et
3278 2934 3492 2979 scutum

1916 3020 2134 3075 fuerunt
2190 3035 2424 3090 unquam
2469 3020 2672 3076 Gra‘cis
2716 3022 2781 3075 ad
2810 3035 2931 3074 eam
2956 3017 3116 3073 'diem
3151 3018 3386 3086 cognita.
3416 3015 3495 3071 Ita

1916 3112 2171 3177 Cadmus,
2205 3112 2516 3167 Boeotorum
2545 3112 2749 3182 potitus
2781 3111 3019 3181 regione,
3050 3108 3376 3179 fugientibus
3403 3108 3495 3177 qui

237 3195 499 3261 Βοιωτοῖς
544 3198 601 3252 δὲ
630 3197 771 3269 πρὸς
799 3198 900 3270 τὴν
933 3198 1195 3269 ἔκπληξιν
1221 3199 1332 3253 τῶν
1360 3199 1543 3253 ὅπλων
1578 3200 1672 3254 καὶ
1703 3200 1812 3254 τῶν

1922 3203 2061 3257 cladi
2115 3213 2435 3272 supererant
2492 3205 2546 3257 itt
2585 3217 2712 3257 suas
2758 3203 2988 3270 quisque
3043 3202 3241 3265 urbes,
3293 3198 3495 3254 Thebis

236 3289 625 3362 προλοχισμῶν
657 3293 751 3345 καὶ
781 3292 879 3356 τῆς
928 3294 1151 3363 ἐνέδρας
1181 3293 1309 3360 δόξα
1348 3293 1599 3364 παρέστη
1629 3295 1812 3358 αὐτοῖς

1923 3296 2233 3361 Ριιωηίρειε,
2256 3296 2347 3365 qui
2372 3295 2694 3359 incolerent,
2716 3294 2966 3359 collocat,
2994 3294 3109 3363 ipse
3142 3291 3493 3347 Harmoniam

233 3380 420 3445 ὅπλοις
451 3383 659 3437 ἀνεῖναι
682 3386 781 3453 τῆς
810 3384 915 3454 γῆς
930 3385 974 3416 ⁸⁷
1007 3385 1131 3448 τοὺς
1156 3382 1376 3455 ἄνδρας,
1404 3385 1500 3437 καὶ
1528 3384 1812 3455 Σπαρτοὺς

1917 3387 2103 3442 Martis
2136 3402 2200 3441 ac
2230 3386 2455 3442 Veneris
2504 3385 2666 3440 ﬁliam
2701 3400 2925 3440 uxorem
2981 3384 3149 3440 ducit.
3188 3382 3497 3436 Bmotoruut

233 3474 306 3540 ὡς
355 3477 420 3529 ὲκ
472 3475 567 3530 τοῦ
614 3478 817 3546 χωρίου
862 3476 1068 3547 φύντας
1101 3479 1301 3541 αὐτοὺς
1344 3476 1633 3534 ἐκάλεσαν.
1683 3478 1812 3549 Περί

1917 3481 2128 3535 interim
2168 3480 2400 3544 animis,
2432 3479 2500 3533 ob
2526 3492 2804 3532 armorum
2855 3476 3004 3530 illum
3052 3485 3216 3544 atque
3275 3473 3502 3528 insidia-

239 3567 401 3638 μὲν⁸³
430 3567 656 3638 Κάδμου
681 3572 775 3622 καὶ
809 3569 1005 3641 θηὸῶν
1030 3571 1282 3633 οἰκίσεως
1294 3570 1340 3604 ⁴⁹
1367 3564 1524 3633 οὗτος
1552 3572 1582 3626 6
1613 3569 1812 3642 ἀληθὴς

1917 3589 2033 3628 rum
2051 3584 2271 3638 metum,
2288 3572 2405 3625 haec
2433 3572 2614 3640 opinio
2631 3571 2848 3633 insedit,
2867 3584 2991 3624 cum
3008 3569 3175 3622 armis
3193 3567 3328 3636 ipsis
3342 3565 3487 3617 viros

234 3660 416 3729 λόγος,
445 3661 509 3715 τὸ
535 3662 579 3717 δ’
606 3662 733 3717 ἄλλο
765 3661 934 3734 μῦθος
960 3665 1053 3718 καὶ
1078 3667 1302 3738 γοητεία
1324 3666 1516 3733 ἀκοῆς.

1917 3663 2036 3717 illos
2056 3677 2087 3717 e
2114 3672 2256 3717 terra
2287 3662 2579 3727 exstitisse,
2614 3670 2673 3714 ut
2701 3660 2825 3714 inde
2855 3659 3019 3714 etiam
3054 3659 3281 3728 Spartas
3343 3655 3458 3728 ('58)
3484 3717 3499 3739 ν

240 3756 389 3810 velut
416 3771 482 3809 ex
518 3770 587 3810 eo
628 3756 745 3825 ipso
798 3757 919 3812 loco
971 3769 1140 3825 satos,
1196 3758 1548 3813 nominarint.
1590 3756 1756 3825 Igitur
1810 3756 1877 3811 dc
1910 3755 2119 3811 Cadmo
2199 3755 2616 3823 Thebarumque
2643 3751 3034 3808 inhabitatione
3074 3766 3198 3806 vera
3222 3751 3337 3805 haec
3376 3764 3504 3801 nar-

237 3850 376 3902 ratio
394 3858 478 3905 est
507 3866 523 3904 :
548 3849 715 3905 altera
740 3850 860 3914 illa,
891 3851 1072 3906 fabula
1106 3853 1429 3919 auriumque
1451 3850 1751 3920 praestigia.

315 3939 382 3993 Ἦ
406 3938 489 4009 λη’
516 3937 593 4003 ὡς
614 3939 884 4009 Μιλήσιός
917 3959 1002 4002 τις
1028 3942 1202 4012 ἀνὴρ,
1238 3941 1341 4010 τῆς
1372 3940 1635 4012 πατρίδος
1664 3938 1812 4009 αὐτῷ

1987 3941 2285 3996 Tricesima
2336 3948 2524 3994 octava
2555 3955 2569 3993 :
2598 3936 2838 3993 Milesius
2884 3935 3133 4006 quidam,
3159 3932 3505 4002 periclitante

241 4030 344 4084 ὐπὺ
373 4030 658 4101 Ἁρπάγου
694 4031 790 4085 τοῦ
821 4031 1008 4104 Κύρου
1039 4034 1098 4086 ὲν
1139 4032 1372 4104 κινδύνῳ
1404 4030 1571 4101 οὐσης
1600 4072 1615 4095 ,
1651 4034 1730 4094 εἰς
1754 4030 1817 4084 τὺ

239 4123 297 4177 ὲν
319 4124 544 4194 Σικελίᾳ
572 4124 949 4194 Ταυρομένιον
977 4124 1201 4196 ἀπαίρει
1221 4126 1289 4190 ⁸ο,
1336 4126 1500 4180 κάκεῖ
1540 4123 1678 4196 φίλῳ
1711 4123 1819 4177 τινὶ

241 4215 546 4286 τραπεζίτῃ
597 4214 978 4286 παραθέμενος
1017 4216 1080 4269 τὸ
1141 4217 1364 4287 χρυσίον
1410 4216 1582 4271 οἴκαδ’
1638 4217 1814 4273 ἔπλει.

244 4301 377 4359 Εἶτα
421 4305 715 4359 δεδούλωτο
763 4306 862 4375 μὲν
902 4305 1144 4377 Μίλητος
1171 4306 1363 4380 Κύρῳ,
1390 4308 1561 4362 δεινὸν
1590 4308 1635 4362 δ’
1662 4309 1819 4363 οὐδὲν

245 4394 372 4451 ἀλλο
392 4388 473 4448 ὧν
503 4398 791 4468 ὑφεωρᾶτο
808 4398 853 4430 ³¹
880 4396 1172 4453 ἐπεπόνθει
1190 4414 1206 4431 ο
1231 4401 1329 4452 καὶ
1356 4403 1385 4453 6
1405 4401 1667 4470 Μιλήσιος
1686 4396 1821 4472 ἧκεν

242 4487 322 4552 εἰς
355 4489 730 4560 Ταυρομένιον
780 4492 1247 4564 ἀνακομισάμενος
1268 4494 1315 4526 ⁸⁸
1364 4494 1464 4564 τὴν
1498 4512 1823 4566 παρακατα-

1918 4033 2018 4088 sub
2057 4031 2306 4103 Harpago
2357 4029 2483 4102 Cyri
2519 4030 2629 4084 ﬁlio
2660 4030 2859 4099 patria,
2913 4025 3362 4088 Tauromenium,
3418 4022 3503 4077 Si-

1920 4124 2057 4179 ciliae
2096 4124 2283 4178 urbem
2332 4123 2718 4192 adnavigavit,
2776 4121 3086 4189 ibidemque
3127 4117 3269 4187 apud
3317 4128 3502 4170 notum

1918 4217 2202 4286 quemdam
2233 4216 2548 4286 trapezitam
2580 4228 2714 4270 auro
2742 4211 3011 4282 deposito,
3057 4210 3272 4265 domum
3322 4207 3502 4261 rediit.

1922 4309 2098 4381 Cyrus
2147 4315 2272 4378 post
2326 4309 2443 4363 haec
2495 4307 2737 4362 Miletum
2791 4306 2845 4359 in
2901 4309 3226 4374 potestatem
3275 4298 3501 4368 redegit,

1924 4400 2167 4472 nihilque
2214 4402 2267 4457 in
2311 4418 2429 4457 eam
2468 4401 2707 4472 gravius,
2759 4407 2819 4451 ut
2860 4403 3172 4452 metuerant
3203 4391 3502 4447 constituit.

1925 4491 2109 4547 Rediit
2140 4492 2323 4562 itaque
2346 4489 2586 4545 Milesius
2621 4486 3068 4550 Tauromenium,
3100 4494 3160 4538 ut
3202 4481 3504 4550 depositum

246 4580 446 4652 θήκην.
480 4582 538 4635 ὐ
570 4581 629 4635 δὲ
658 4583 839 4637 λασὼν
870 4585 1128 4655 ὁμολογεῖ
1158 4585 1259 4656 μὲν
1288 4585 1497 4651 λαϐεῖν,
1528 4586 1812 4640 διετείνετο

1922 4582 2052 4637 illud
2105 4597 2262 4638 suum
2312 4582 2594 4649 reciperet.
2635 4578 2711 4633 lbi
2741 4576 3044 4632 mensarius
3086 4570 3307 4642 quidem
3341 4571 3507 4639 depo-

247 4673 294 4726 δ’
319 4673 748 4730 ἀποδεδωκέναι.
798 4677 886 4741 Ὧς
915 4677 973 4730 δὲ
1001 4677 1140 4747 μετὰ
1169 4677 1370 4749 πολλὴν
1401 4677 1516 4748 ἔριν
1550 4678 1645 4731 καὶ
1670 4677 1824 4745 λογο-

252 4769 456 4836 μαχίαν
486 4768 514 4819 6
542 4766 810 4837 Μιλήσιος
836 4770 916 4831 εἰς
946 4769 1108 4838 ὅρκον
1134 4769 1227 4823 τὸν
1252 4768 1542 4823 ἀδικοῦντα
1578 4767 1704 4840 [250
1730 4767 1823 4839 Η.]

249 4858 629 4929 προύκαλεῖτο,
657 4861 686 4913 6
710 4860 1047 4932 τραπεζίτης
1079 4864 1389 4933 μηχανᾶται
1421 4862 1649 4916 τοιόνδεν
1673 4860 1826 4935 Νάρ-

254 4950 398 5021 θηκα
452 4952 714 5016 κοιλάνας
765 4953 1016 5025 καθάπερ
1062 4954 1225 5008 αὐλὸν
1282 4955 1380 5008 καὶ
1414 4956 1678 5023 συντήξας
1725 4956 1825 5024 τὴν

251 5039 577 5113 παραθήκην
593 5043 641 5076 ⁸³
670 5041 750 5111 τῷ
782 5042 1019 5114 νάρθηκι
1076 5044 1231 5115 ἐγχεῖ
1280 5045 1376 5098 καὶ
1419 5044 1780 5114 ἀσφαλίζεται
1805 5060 1820 5075 ·

1932 4675 2099 4732 situm
2161 4674 2443 4742 accepisse
2489 4685 2595 4725 non
2648 4668 2985 4739 abnegabat,
3043 4665 3139 4721 sed
3208 4661 3506 4718 reddidisse

1933 4765 2316 4823 contendebat.
2342 4764 2415 4819 Ut
2432 4778 2563 4819 vero
2602 4760 2865 4824 Milesius,
2910 4765 3030 4828 post
3059 4755 3255 4809 multas
3289 4754 3505 4809 tandem

1935 4862 2088 4917 rixas
2114 4870 2278 4929 atque
2304 4855 2706 4918 contentiones,
2734 4851 2800 4907 ad
2821 4846 3203 4922 jusjurandum
3234 4846 3504 4902 hominem

1934 4952 2135 5023 adegit,
2161 4950 2417 5018 trapezita
2446 4947 2550 5002 tale
2575 4946 2705 5016 quid
2732 4943 3077 4998 machinatus
3105 4951 3223 4995 est:
3255 4936 3505 4993 Ferulam

1936 5044 2080 5099 tibiae
2129 5045 2303 5099 instar
2355 5053 2647 5106 excavans,
2692 5039 2744 5093 iu
2795 5050 2967 5108 caque
3012 5033 3311 5105 depositum
3339 5031 3509 5101 lique-

1525 5154 1754 5211 vAntzE
1787 5136 2194 5211 LECTIONES.

322 5245 372 5277 “
398 5245 652 5321 βηλιέων
707 5264 792 5321 ς.-
819 5248 1032 5302 ἐνθένδε
1089 5249 1328 5321 Heyuius
1356 5269 1370 5305 :
1408 5249 1530 5321 libri
1561 5249 1767 5302 ἐνθάδε.

1844 5248 1888 5280 δι
1923 5249 2264 5317 Σπαρτιᾶται
2290 5264 2351 5311 ς.
2423 5245 2470 5278 ⁵⁸
2497 5247 2622 5317 τοῖς,
2642 5243 2955 5317 περιοίκοις
2979 5240 3162 5317 Κρησί
3187 5257 3249 5303 ς.

3327 5235 3372 5268 ⁸³
3401 5252 3510 5305 μη-

254 5305 589 5391 itavisse?
616 5333 679 5391 S-
715 5305 735 5311 ν
757 5317 802 5350 ’⁸
836 5321 972 5391 πρός
1000 5323 1044 5373 Α
1076 5339 1090 5375 ε
1149 5305 1240 5374 ίαί
1266 5338 1357 5391 ςη
1404 5320 1450 5351 ’⁵³
1479 5321 1587 5390 γὰρ
1639 5320 1683 5373 Α
1720 5338 1733 5374 :
1769 5319 1843 5391 δέ
1864 5336 1929 5391 ς.
1980 5305 2091 5382 τοίς
2140 5305 2398 5391 Ἕλλησιν
2431 5318 2475 5368 Α
2507 5334 2534 5391 _:
2565 5305 2751 5377 αὐτοῖς
2786 5330 2847 5391 ς..
2897 5305 2970 5368 cf.
3001 5305 3216 5391 Miiller.
3252 5305 3507 5391 grcltom.

256 5399 310 5462 l':
544 5385 593 5419 ⁸⁸
618 5385 910 5462 ’ᾼρεοςξςέέ
980 5391 1146 5462 ντὴν
1178 5391 1281 5462 γῆν
1314 5385 1573 5462 lleyniits,
1598 5401 1764 5453 recte,
1792 5390 1894 5462 nisi
1920 5390 2199 5462 legendum
2230 5385 2456 5455 ἀνιέναι,
2505 5387 2552 5462 i_._
2592 5401 2642 5439 c.
2690 5385 2957 5462 prottire._
2999 5385 3045 5411 ⁵⁸
3079 5385 3177 5450 μὲν
3222 5385 3278 5459 οὐ

785 5444 833 5491 ⁵⁸
856 5444 1069 5532 ’ἀπῄειν
1189 5444 1202 5462 ’
1231 5444 1276 5493 ίι
1320 5444 1577 5532 ὐφῶρᾶτὸ
1639 5477 1700 5524 ς’.
1732 5444 1823 5492 ﬁ"
1857 5444 2333 5529 ἀνακομισάμενος
2369 5444 2454 5522 ς.’
2506 5456 2555 5488 ⁸³
2599 5444 3092 5528 παρακαταθήκην
3127 5465 3189 5513 ς.
3212 5444 3316 5519 τῷ]
3338 5448 3408 5517 τῇ
3441 5449 3509 5497 Α.

257 5453 301 5487 δ’
326 5457 594 5528 οἰκήσεως
643 5453 711 5515 Δί

2690 5374 2956 5455 prodire._
2999 5380 3045 5411 ⁸⁸
3079 5380 3177 5450 μὲν
3222 5374 3315 5455 οὐν
3447 5392 3508 5455 ς.

328 5646 441 5722 ςδὸ)
471 5646 766 5717 Cycladum
800 5664 905 5705 una
935 5649 1126 5721 Steph.
1164 5666 1287 5707 cum
1339 5651 1582 5722 ejusdem
1612 5556 2077 5716 uomitﬁgT‘ﬁiit,
2106 5649 2366 5722 Stephan.
2408 5649 2637 5722 Thgssus
2667 5655 2941 5722 geminato
2969 5640 3383 5722 sibilonprofert.

260 5747 442 5858 Ἦῖξῦ)
471 5785 969 5862 Apollod.Thasum
994 5790 1226 5864 Neptuni
1262 5791 1430 5851 filium
1463 5792 1627 5864 facit,
1657 5793 1752 5851 lib-
1786 5810 1847 5852 ιιι

2027 5712 2138 5794 (37)
2161 5712 2236 5794 {le
2261 5721 2465 5777 Cadmo
2485 5712 2720 5794 Pausan.
2750 5716 3026 5794 legendus
3046 5715 3096 5794 i_n
3124 5712 3342 5769 Bwolic.

2030 5785 2143 5865 {38)
2168 5793 2402 5851 Pausan.
2440 5791 2560 5850 iuit.
2594 5785 2832 5846 Baeotic.‘
2853 5799 2909 5844 et
2942 5785 3090 5842 alibi.
