3932 6240
410 319 521 383 575

1565 311 1833 373 PHOTII
1856 306 2364 372 PATRIARCHIE
2384 306 2499 367 ΟΡ.

3559 294 3665 359 5'76

407 429 609 486 factum
646 425 959 490 infundens,
1008 425 1175 495 probe
1219 425 1469 482 obturat.
1509 424 1787 481 Accedens
1822 425 1980 494 igitur

2086 420 2178 472 ἐπὶ
2209 419 2266 472 δὲ
2294 419 2388 472 τὸν
2411 419 2574 488 ὅρκον
2603 415 2696 469 ίὼν
2710 414 2779 478 ⁸⁸,
2811 413 3057 484 κατέχων
3085 413 3159 476 ὡς
3190 408 3494 482 βακτηρίαν
3526 426 3663 477 προ-

407 522 477 575 ad
495 520 806 585 iurandum,
844 518 1131 584 ferensque
1160 530 1256 585 pro
1278 516 1521 583 scipione
1548 515 1799 580 ferulam,
1831 516 1987 586 quasi

407 612 636 681 pedibus
655 627 796 681 aeger
825 626 890 665 ea
920 607 1265 663 fulciebatur.
1300 606 1605 677 Antequam
1636 620 1810 663 tamen
1834 610 1986 675 jura-

410 713 514 767 ret,
535 701 745 756 Milesio
767 702 868 755 sibi
888 700 1111 764 astanti,
1137 699 1302 753 veluti
1323 715 1449 753 mox
1476 700 1803 770 repetiturus
1820 716 1986 754 arun-

411 796 590 847 dinem
613 792 854 848 tradidit.
874 792 947 845 lta
977 793 1102 845 dum
1131 791 1383 845 manibus
1406 791 1630 845 sublatis
1671 791 1902 859 dejerat,
1927 775 2011 845 se.

411 885 711 953 depositum
727 884 958 949 eidem,a
974 897 1080 952 quo
1097 882 1984 950 accepisset,reddidisse,Mileslus

412 974 698 1043 indignans
722 975 1041 1028 arundinem
1068 972 1315 1042 projecit,
1339 972 1500 1026 simul
1520 973 1681 1026 etiam
1710 973 1985 1026 hominum

413 1066 570 1119 ﬁdem
602 1066 866 1121 defecisse
888 1065 1149 1120 clamans.
1179 1066 1314 1119 Tum
1329 1064 1499 1120 fracta
1526 1065 1790 1119 arundine
1812 1064 1987 1121 oculis

411 1160 573 1212 etiam
606 1160 778 1229 patuit
806 1160 1162 1229 compositum
1192 1158 1319 1213 illud
1343 1159 1461 1213 auri
1483 1173 1644 1212 causa
1662 1157 1984 1227 perjurium.

411 1250 651 1305 Milesius
677 1252 859 1321 itaque
884 1267 1075 1305 aurum
1117 1251 1217 1305 sibi
1252 1265 1410 1305 suum
1436 1250 1728 1305 vindicavit
1761 1268 1776 1306 :
1806 1260 1988 1320 trape-

412 1342 520 1396 zita
547 1357 677 1397 vero
711 1358 818 1411 prae
841 1343 1190 1408 verecundia,
1224 1354 1282 1396 et
1317 1342 1458 1412 quod
1491 1342 1769 1411 improbus
1799 1356 1984 1397 coram

413 1431 662 1485 omnibus
678 1431 1196 1500 deprehenderetur,
1216 1433 1407 1503 laqueo
1431 1435 1595 1488 vitam
1619 1432 1723 1489 sibi
1750 1432 1983 1503 abrupit.

483 1610 781 1664 Tricesima
806 1624 968 1664 nona.
1009 1609 1310 1665 Melanthus
1344 1626 1412 1665 ex
1443 1624 1640 1680 genere
1677 1608 1777 1664 fuit
1809 1608 1988 1665 Elida-

414 1718 555 1767 rum,
603 1702 793 1772 138b
836 1705 927 1771 qui
965 1702 1094 1773 Pylo
1124 1712 1180 1757 et
1212 1701 1474 1757 Messanae.
1515 1702 1625 1771 jam
1658 1703 1782 1755 inde
1818 1718 1847 1756 a
1876 1701 1985 1756 Ne-

2090 511 2252 580 φάσει
2286 509 2464 562 ποδῶν
2481 509 2529 541 "
2574 506 2859 569 ἀσθενείας
2885 547 2900 570 ,
2930 504 3008 574 τῷ
3040 504 3273 575 νάρθηκι
3302 501 3626 571 ὲπηρείδετο
3645 516 3661 533 ο

2093 603 2301 675 μέλλων
2345 602 2390 656 δ’
2432 599 2656 669 ὀμνύειν
2688 599 2915 668 πλησίον
2948 596 3143 650 ἑστῶτι
3173 594 3251 665 τῷ
3281 594 3555 665 Μιλησίῳ,
3587 593 3666 656 ὡς

2089 694 2287 747 αὐτίκα
2317 691 2481 744 πάλιν
2533 687 2939 758 ἀναληψόμενος
2962 726 2978 752 ,
3010 686 3099 738 τὸν
3131 685 3381 755 νάρθηκα
3409 684 3665 738 ἐπιδίδω-

2091 802 2198 838 σιν.
2246 785 2334 848 Ὠς
2386 784 2444 836 δὲ
2490 781 2589 845 τὰς
2637 782 2828 850 χεῖρας
2877 777 3128 849 ἀνασχὼν
3183 777 3508 847 κατώμνυτο
3561 777 3664 848 τὴν

2089 874 2563 945 παρακαταθήκην
2595 867 2985 939 ἀποδοῦναιτῷ
3028 866 3393 937 παραθεμένῳ
3407 866 3477 930 ⁸⁸,
3501 882 3664 936 περι-

2090 966 2345 1038 παθήσας
2371 965 2400 1016 6
2428 963 2695 1034 Μιλήσιος
2722 961 2901 1033 ῥίπτει
2928 961 3022 1014 τὸν
3050 958 3518 1029 νάρθηκα,έρῤειν
3542 956 3665 1026 ἅμα

2090 1058 2419 1131 ἀνακραγὼν
2447 1057 2546 1127 τὴν
2573 1058 2632 1109 ὲν
2679 1052 2988 1125 ἀνθρώποις
3019 1052 3222 1105 πίστιν.
3258 1049 3370 1104 Καὶ
3400 1051 3429 1102 6
3452 1047 3668 1119 νάρθηξ

2089 1153 2415 1224 ἐρρήγνυτο,
2465 1148 2560 1203 καί
2602 1145 2904 1218 περιφανὲς
2955 1140 3022 1213 ἦν
3072 1143 3211 1213 πρὸς
3250 1141 3350 1211 τὴν
3396 1139 3518 1204 ὖψιν
3567 1137 3669 1191 τοῦ

2089 1244 2314 1318 χρυσίου
2350 1243 2411 1295 τδ
2439 1241 2679 1310 σόφισμα
2707 1239 2807 1308 τῆς
2846 1235 3193 1308 ψευδορκίας.
3228 1234 3340 1287 Καὶ
3363 1233 3392 1286 6
3426 1231 3526 1302 μὲν
3557 1232 3669 1286 Μι-

2090 1338 2273 1408 λήσιος
2294 1335 2357 1388 τὸ
2384 1334 2515 1387 ἴδιον
2543 1329 2711 1402 εἶχεν,
2735 1330 2764 1382 6
2791 1328 2848 1381 δὲ
2878 1324 3213 1397 τραπεζίτης
3238 1323 3329 1377 ὑπ’
3358 1324 3542 1386 αίδοῦς
3568 1321 3667 1377 καὶ

2088 1427 2183 1482 τοῦ
2228 1425 2554 1492 κακίζεσθαι
2594 1422 2729 1494 πρὸς
2761 1419 3019 1475 ἁπάντων
3062 1417 3245 1488 βρόχῳ
3276 1416 3373 1471 τοῦ
3404 1419 3503 1488 ζῇν
3532 1417 3671 1469 ἐαυ-

2087 1523 2180 1576 τὸν
2215 1522 2421 1588 ἐξάγει.
3039 1572 3047 1587 ,

2171 1612 2237 1666 Ἦ
2268 1612 2344 1665 λθ’
2373 1611 2448 1676 ὡς
2463 1611 2509 1647 ⁸⁷
2535 1609 2814 1674 Μέλανθος
2832 1607 2991 1677 γένος
3016 1608 3115 1680 μὲν
3136 1602 3204 1677 ἧν
3230 1605 3337 1659 τῶν
3358 1602 3663 1673 Νηλειδῶν,

2090 1708 2140 1761 οἳ
2167 1706 2341 1760 Πύλου
2372 1705 2467 1759 καὶ
2496 1706 2786 1775 Μεσσήνης
2816 1702 2925 1758 ἀπὸ
2955 1699 3290 1763 Ποσειδῶνος
3321 1696 3663 1753 ἐϐασίλευον.

414 1802 583 1859 ptuno
604 1768 960 1860 ἧῐῖρξιτινυηῑ.
988 1768 1143 1845 Ilunc
1165 1808 1284 1846 cum
1315 1768 1613 1847 Heraclida:
1630 1793 1980 1861 expulissent,

2089 1797 2291 1852 Τοῦτον
2322 1768 3119 1866 ἀναστήσαντες-Ἡρακλεῖδαι
3157 1789 3381 1859 πολέμῳ
3418 1787 3519 1857 τὴν
3554 1786 3663 1855 γῆν

415 1882 582 1936 armis
634 1883 854 1947 regione
901 1883 1054 1950 potiti
1107 1891 1254 1936 sunt.
1288 1881 1382 1935 Ille
1406 1884 1649 1936 Athenas
1695 1898 1884 1937 versus
1915 1898 1984 1937 ex

412 1974 631 2028 oraculo
660 1974 930 2037 discessit,
967 1974 1298 2043 civitateque
1333 1974 1583 2039 donatus,
1607 1974 1801 2030 claruit
1826 1975 1899 2030 ibi
1927 1977 1980 2032 in

410 2066 615 2133 paucis.
656 2067 868 2121 Accidit
901 2076 1081 2119 autem
1118 2077 1176 2119 ut
1207 2066 1566 2121 Athenienses
1611 2084 1733 2121 cum
1775 2068 1983 2124 Boeotis

410 2169 575 2224 super
605 2154 792 2210 OEuoe
832 2157 941 2229 (59)
985 2156 1182 2212 bellum
1217 2166 1487 2227 gererent,
1532 2159 1839 2228 placuitque
1866 2161 1983 2214 sin-

409 2244 579 2312 gulari
626 2261 807 2315 regum
849 2247 1147 2302 certamine
1195 2230 1342 2302 litem
1374 2250 1575 2305 dirimi.
1617 2250 1691 2306 lbi
1727 2251 1982 2323 Thyrum-

412 2345 491 2391 tes
542 2337 677 2413 (40),
715 2340 804 2407 qui
841 2348 954 2394 tum
1005 2339 1233 2396 Athenis
1273 2344 1554 2412 regnabat,
1598 2345 1831 2400 duellum
1868 2346 1980 2403 for-

409 2428 653 2497 midans,
710 2445 874 2500 regno
926 2432 1087 2485 etiam
1147 2434 1315 2488 cessit
1356 2435 1428 2500 ei,
1490 2438 1796 2506 quicunque
1854 2455 1976 2493 eum

406 2518 624 2574 Xantho
668 2519 979 2576 Boeotorum
1016 2538 1140 2593 rege
1171 2524 1432 2581 dimicare
1464 2526 1645 2580 vellet.
1670 2528 1977 2585 Melanthus

404 2611 585 2681 itaque
602 2613 749 2682 regni
769 2613 993 2680 praemio
1016 2614 1294 2680 invitatus,
1318 2619 1585 2685 pugnandi
1609 2619 1977 2677 conditionem

405 2704 623 2772 accipit,
675 2715 729 2760 et
783 2714 940 2772 pacta
973 2706 1354 2764 conﬁciuntur.
1396 2707 1494 2763 Ubi
1529 2710 1594 2764 ad
1625 2727 1819 2766 manus
1850 2728 1979 2767 ven-

407 2803 515 2847 tum
534 2805 640 2861 est,
659 2795 788 2851 vidit
804 2795 1108 2852 Melanthus
1128 2800 1297 2853 visum
1317 2800 1584 2869 quoddam
1604 2801 1863 2858 imberbis
1877 2804 1977 2858 viri

403 2888 586 2954 specie
613 2886 887 2943 Xanthum
914 2891 1092 2959 sequi.
1130 2888 1203 2944 Ut
1224 2907 1350 2945 vero
1381 2891 1582 2961 injuste
1614 2893 1729 2947 ﬁeri
1766 2895 1854 2949 ille
1880 2910 1976 2950 ex-

404 2978 683 3042 clamavit,
714 2981 859 3049 quod
893 2994 1087 3036 contra
1125 2993 1282 3051 pacta
1317 2984 1693 3041 auxiliatorem
1723 2988 1979 3042 adduxis-

404 3074 510 3132 set,
572 3065 821 3124 Xanthus
878 3069 1015 3126 falso
1072 3087 1325 3128 sermone
1354 3076 1622 3140 turbatus,
1653 3078 1815 3133 vertit
1868 3094 1974 3135 se:

404 3167 570 3226 atque
609 3158 683 3213 ita
714 3160 858 3217 illico
884 3162 1190 3219 Melanthus
1243 3165 1432 3221 lancea
1472 3169 1755 3236 trajectum
1800 3181 1977 3228 trans-

404 3246 560 3302 fodit.
597 3247 690 3305 Sic
739 3268 846 3308 uno
903 3255 1202 3310 certamine
1260 3255 1482 3312 (Eunoen
1537 3261 1978 3330 Atheniensibus,

402 3341 508 3397 sibi
539 3357 758 3413 regnum
803 3348 1110 3418 acquisivit.
1141 3347 1301 3401 Certe
1340 3349 1787 3407 Erechthidarum
1809 3370 1979 3425 genus

402 3437 470 3489 ad
505 3435 890 3506 Melanthidas,
921 3456 1031 3511 quo
1079 3442 1131 3494 in
1159 3456 1384 3497 numero
1412 3452 1466 3496 et
1487 3442 1695 3500 Codrus
1744 3456 1882 3511 erat,
1909 3448 1980 3502 ab

403 3526 508 3583 hoc
542 3532 848 3584 traductum
872 3543 976 3588 est.
1009 3532 1369 3588 Athenienses
1391 3549 1519 3588 vero
1548 3546 1733 3604 postea
1762 3536 1979 3594 Baccho

403 3618 746 3677 llelanthida:
778 3623 892 3694 (Η)
933 3639 999 3678 ει
1041 3624 1265 3680 oraculo
1320 3626 1503 3680 fanum
1542 3628 1891 3695 dedicaruut.
1924 3642 1981 3689 et

403 3714 693 3778 quotannis
725 3729 838 3769 rem
878 3716 1117 3769 divinam
1150 3715 1399 3771 fecerunt
1426 3735 1441 3772 :
1468 3716 1590 3774 levi
1629 3721 1858 3791 insuper
1884 3726 1978 3779 de-

402 3804 610 3870 ceptori
640 3818 827 3860 sacras
855 3805 1077 3861 litantes
1094 3807 1367 3874 victimas,
1395 3810 1542 3879 quod
1560 3811 1615 3866 in
1639 3827 1820 3884 pugna
1853 3815 1976 3871 dolo

402 3891 637 3947 fuissent
676 3893 757 3947 usi
775 3933 790 3948 .

472 3980 896 4054 Quadragesima
940 3986 1167 4043 historia
1197 3988 1312 4060 (42)
1344 3990 1411 4045 de
1447 3991 1789 4050 Andromeda
1818 4011 1976 4054 secus

402 4084 608 4140 narrat,
640 4091 802 4146 qttam
829 4076 1002 4134 Graeci
1043 4077 1375 4137 fabulantur.
1405 4083 1549 4139 Duos
1578 4083 1775 4143 fratres
1808 4087 1976 4146 fuisse

403 4164 590 4233 refert,
633 4169 844 4239 Cephea
877 4180 931 4225 et
968 4169 1172 4228 Phinea
1208 4193 1222 4230 :
1268 4190 1333 4231 ac
1366 4175 1570 4246 Cephei
1616 4179 1837 4248 quidem
1889 4199 1976 4239 re-

399 4274 586 4329 gnum,
620 4261 910 4319 Phoenices
944 4275 1130 4335 postea
1171 4282 1367 4322 nomen
1402 4268 1643 4328 induisse
1665 4313 1681 4341 ,
1733 4291 1858 4329 cum
1904 4276 1972 4331 ad

397 4367 519 4404 eum
561 4352 702 4408 diem
747 4353 918 4425 Joppe
952 4358 1069 4429 (43)
1097 4375 1126 4412 a
1174 4361 1446 4416 maritima
1482 4363 1701 4422 civitate
1731 4368 1970 4438 appella-

2084 1892 2273 1963 ἔσχονο
2331 1892 2359 1944 6
2396 1890 2457 1944 δὲ
2501 1889 2644 1943 κατὰ
2674 1888 2959 1959 χρησμοὺς
3006 1882 3275 1956 Ἀθήναζε
3318 1884 3660 1951 ἀφικνεῖται,

2083 1983 2178 2036 καὶ
2206 1980 2431 2052 πολίτης
2457 1979 2689 2048 γίνεται.
2735 1977 2828 2031 καὶ
2854 1972 2923 2046 ἦν
2966 1975 3074 2029 τῶν
3103 1974 3450 2043 τιμωμένων.
3494 1971 3662 2040 Ἀθη-

2081 2075 2252 2138 ναίοις
2295 2073 2352 2125 δὲ
2400 2073 2497 2125 καὶ
2541 2069 2795 2133 Βοιωτοῖς
2844 2068 3081 2137 πόλεμος
3116 2066 3257 2135 ὑπὲρ
3303 2064 3498 2135 Οἰνόης
3530 2080 3662 2116 συν-

2085 2167 2296 2231 ίστατο,
2336 2163 2487 2235 [448
2530 2161 2620 2235 8.]
2667 2162 2763 2215 καὶ
2811 2161 2986 2214 ἐδόκει
3037 2161 3095 2212 ὲν
3140 2162 3208 2230 τῇ
3241 2158 3349 2210 τῶν
3385 2156 3660 2226 βασιλέων

2084 2255 2391 2329 μονομαχίᾳ
2416 2255 2516 2327 τήν
2544 2255 2726 2327 κρίσιν
2749 2251 2908 2307 εἶναι.
2943 2251 3221 2322 Θυμοίτης
3254 2249 3352 2321 μὲν
3378 2249 3473 2302 οὖν
3500 2248 3660 2318 βασι-

2080 2350 2251 2404 λεύων
2291 2347 2592 2418 Ἀθηναίων
2620 2345 2878 2400 ἐδεδοίκει
2909 2345 3000 2398 τὸν
3029 2343 3243 2412 ἀγῶνα,
3279 2344 3373 2397 καὶ
3397 2342 3659 2409 ἐξίστατο

2078 2441 2179 2511 τῆς
2228 2439 2506 2510 βασιλείας
2549 2439 2627 2510 τῷ
2675 2438 2982 2509 βουλομένῳ
3041 2435 3479 2493 διακινδυνεῦσαι
3518 2435 3659 2506 πρὸς

2078 2534 2303 2600 Ξάνθον,
2327 2534 2386 2596 ὃς
2441 2532 2761 2587 ἐϐασίλευσε
2787 2529 3058 2584 Βοιωτῶν.
3106 2529 3218 2582 Καὶ
3248 2528 3530 2591 Μέλανθος
3565 2527 3659 2581 ἐπ’

2079 2627 2226 2697 ἄθλιε)
2273 2627 2372 2696 τῆς
2427 2624 2705 2696 βασιλείας
2722 2624 2768 2657 ⁵⁸
2815 2622 3115 2693 ὑπέρχεται
3164 2622 3255 2675 τὸν
3298 2621 3508 2689 ἀγῶνα,
3559 2620 3657 2673 καὶ

2080 2718 2463 2789 προϐαίνουσιν
2514 2718 2572 2770 αἱ
2624 2716 2910 2787 συνθῆκαι.
2974 2714 3127 2769 Ἐπεὶ
3170 2714 3216 2768 δ’
3247 2714 3291 2747 ³⁸
3344 2715 3423 2777 εἰς
3475 2714 3658 2783 μάχην

2077 2802 2236 2880 ἧκον,
2266 2807 2476 2878 καθορᾷ
2500 2808 2528 2860 6
2553 2805 2834 2869 Μέλανθος
2855 2805 3048 2875 φάσμα
3081 2822 3134 2859 τι
3163 2804 3243 2875 τῷ
3268 2801 3459 2874 Ξάνθῳ
3484 2804 3659 2875 ἄνδρα

2078 2899 2346 2970 ἑπόμενον
2371 2898 2637 2969 ἀγένειον.
2677 2897 2766 2961 Ὧς
2790 2898 2836 2952 δ’
2865 2897 3130 2968 ἀνεϐόησε
3158 2896 3235 2967 μὴ
3263 2896 3450 2949 δίκαια
3478 2897 3659 2949 ποιεῖν

2079 2992 2231 3062 παρὰ
2284 2991 2385 3055 τὰς
2435 2990 2711 3060 συνθήκας
2770 2989 3112 3060 ἐπαγόμενον
3130 2989 3175 3021 ⁶⁰
3242 2986 3461 3059 βοηθὸν,
3522 3005 3659 3060 μετ-

2081 3083 2325 3155 εστράφη
2360 3083 2390 3135 6
2416 3082 2619 3146 Ξάνθος
2642 3122 2657 3145 ,
2694 3082 2834 3151 πρὸς
2862 3082 2925 3135 τὸ
2981 3081 3212 3135 ἄπιστον
3243 3082 3339 3135 τοῦ
3365 3083 3525 3150 λόγου
3564 3085 3661 3135 ἐκ·

2081 3175 2343 3242 πλαγείς·
2388 3176 2484 3228 καὶ
2528 3173 2694 3228 αὑτὸν
2732 3173 2897 3238 εὐθὺς
2939 3176 2969 3228 ὁ
3018 3175 3296 3239 Μέλανθος
3343 3175 3661 3246 ’τῷ-δόρατι

2082 3265 2260 3337 βαλὼν
2309 3265 2533 3333 κτείνει,
2580 3266 2675 3320 καὶ
2717 3266 2817 3337 τήν
2863 3283 2923 3318 τε
2972 3267 3166 3336 Οἰνόην
3202 3266 3510 3335 Ἀθηναίοις
3565 3268 3662 3320 καὶ

2081 3357 2260 3429 ἐαυτῷ
2291 3357 2389 3429 τὴν
2425 3357 2702 3429 βασιλείαν
2729 3359 2809 3412 ἑνὶ
2831 3362 3260 3428 περιεποιήσατο
3288 3360 3656 3428 ἀγωνίσματι.

2080 3451 2154 3503 Τὸ
2196 3449 2293 3518 μὲν
2334 3449 2400 3518 δὴ
2441 3449 2550 3503 τῶν
2593 3449 2947 3521 Ἐρεχθειδῶν
2968 3450 3015 3483 ⁸⁸
3064 3451 3224 3520 γένος
3256 3451 3338 3514 είς
3380 3452 3509 3514 τοὺς
3541 3453 3662 3505 Με-

2078 3543 2348 3608 λανθίδας,
2394 3536 2470 3596 ὧν
2501 3538 2570 3614 ἦν
2599 3542 2695 3596 καὶ
2738 3542 2980 3614 Κόδρος,
3011 3544 3121 3599 ἀπὸ
3146 3544 3339 3599 τούτου
3377 3545 3611 3616 μετέστη
3638 3560 3654 3575 ’

2090 3633 2365 3704 Ἀθηναῖοι
2415 3633 2463 3686 δ’
2514 3632 2742 3704 ὕστερον
2794 3632 3035 3705 Διονύσῳ
3081 3635 3392 3706 Μελανθίδῃ
3410 3638 3455 3669 θ’
3512 3636 3661 3691 κατὰ

2078 3722 2327 3795 χρησμὸν
2361 3724 2505 3794 ἱερὸν
2528 3722 2873 3794 ἱδρυσάμενοι
2898 3723 3118 3778 θύουσιν
3142 3725 3245 3779 δινά
3272 3726 3380 3780 πᾶν
3405 3726 3543 3791 έτος,
3562 3729 3661 3781 καὶ

2076 3816 2155 3887 τῷ
2180 3817 2498 3887 άπατουρίῳ
2535 3817 2619 3871 Διὶ
2652 3817 2772 3889 ἱερὰ
2819 3818 3153 3883 άνάπτοντες
3176 3858 3193 3886 ,
3238 3821 3321 3873 ὄτι
3367 3821 3553 3884 αὐτοῖς
3591 3822 3660 3874 ἐκ

2083 3911 2175 3980 τῆς
2201 3909 2421 3979 ἀπάτης
2450 3908 2742 3979 ἀγώνισμα
2778 3909 3016 3978 ἐγένετο,

2158 4000 2224 4053 Ἦ
2259 3998 2313 4070 μ’
2348 4001 2558 4070 ἱστορία
2605 4001 2676 4053 τὰ
2708 4002 2837 4071 περὶ
2878 4001 3237 4073 Ἀνδρομέδας
3282 4005 3489 4075 ἱστορεῖ
3531 4005 3655 4057 ἑτέ-

2076 4110 2187 4164 ρως
2235 4092 2332 4162 ﬂ”
2368 4093 2443 4157 ὡς
2490 4095 2518 4145 6
2556 4093 2826 4166 Ἐλλήνων
2861 4095 3055 4165 μῦθος.
3097 4096 3388 4167 Ἀδελφοὺς
3419 4099 3517 4167 μὲν
3541 4100 3656 4171 γὰρ

2073 4187 2167 4240 δύο
2202 4184 2479 4254 γενέσθαι,
2517 4187 2717 4256 Κηφέα
2746 4188 2841 4240 καὶ
2879 4188 3064 4255 Φινέα,
3113 4189 3207 4244 καὶ
3253 4187 3392 4245 εἶναι
3425 4191 3523 4262 τὴν
3554 4191 3656 4247 τοῦ

2072 4280 2310 4352 Κηφέως
2365 4279 2645 4350 βασιλείαν
2694 4281 2817 4334 τότε
2844 4283 2903 4335 ὲν
2931 4285 2997 4354 τῇ
3048 4284 3518 4357 μετονομασθείσῃ
3552 4286 3655 4353 μὲν

2075 4371 2305 4443 ὕστερον
2343 4372 2565 4445 Φοινίκῃ
2589 4410 2604 4435 ,
2631 4374 2936 4441 τηνικαῦτα
2959 4375 3007 4427 δ’
3048 4376 3256 4446 Ἰὠππᾳ
3271 4376 3317 4408 ⁸⁸
3340 4376 3447 4429 ἀπὸ
3490 4376 3654 4429 Ἰώπ-

399 4451 512 4495 ιιιιη
563 4441 776 4512 fuisset,
814 4448 1179 4518 habuisseque
1213 4452 1425 4521 imperii
1456 4457 1717 4512 terminos
1754 4475 1785 4512 a
1830 4460 1965 4515 mari

2086 4476 2184 4531 πης
2213 4441 2315 4530 τῆς
2344 4441 2779 4514 ἐπιθαλασσιδίου
2816 4461 3027 4526 πόλεως
3058 4441 3296 4534 τοῦνομα
3321 4463 3561 4537 λαϐούσῃ
3581 4465 3652 4499 “-

395 4543 584 4590 nostro
612 4538 679 4594 ad
707 4551 826 4593 eam
851 4555 1020 4609 usque
1039 4542 1322 4615 Arabiam,
1351 4562 1471 4614 quae
1505 4549 1572 4602 ad
1627 4550 1966 4622 Erythraeum

391 4641 544 4684 mare
568 4631 825 4700 pertinet.
855 4631 1049 4691 Fuisse
1078 4636 1206 4691 item
1245 4638 1461 4709 Cepheo
1496 4641 1693 4711 insigni
1724 4645 1968 4714 pulchri-

2076 4553 2173 4607 καί
2212 4547 2282 4623 ἦν
2329 4544 2399 4604 λιτὰ
2445 4551 2543 4622 τῆς
2570 4552 2749 4622 ἀρχῆς
2778 4554 2903 4625 ὅρια
2947 4554 3056 4608 ἀπὸ
3084 4554 3183 4626 τῆς
3230 4555 3351 4609 καθ’
3375 4559 3524 4628 ἡμᾶς
3554 4558 3656 4613 θα-
3767 4599 3779 4619 .

2072 4645 2278 4715 λάσσης
2308 4644 2469 4715 μέχρι
2485 4644 2731 4716 Ἀράϐων
2749 4645 2794 4678 ⁸⁸
2818 4645 2928 4700 τῶν
2952 4646 3092 4718 πρὸς
3115 4651 3217 4718 τήν
3242 4647 3515 4719 Ἐρυθρὰν
3551 4649 3650 4704 θά-

1674 4779 1911 4836 ’νΑΒΙᾹζ
1943 4780 2353 4838 LECTIONES.

462 4855 511 4887 “
542 4853 637 4909 ἰὼν
666 4859 761 4911 καὶ
793 4876 921 4915 κατ.

316 4944 319 4953 ν
390 4940 575 5015 psi};
614 4926 736 4981 libri
788 4926 1004 5015 ὴλίςῳγς,
1082 4926 1757 5015 ,ξιιιέιιίῆηητῇῖβασιλείαξ

969 4881 1029 4928 ς’
1187 4884 1353 4946 πρφξρο
1380 4871 1481 4939 τῆς
1495 4873 1634 4946 Δτῶν
1691 4873 1871 4928 ποδῶν
1892 4892 1963 4946 νς.
2042 4877 2088 4909 ³⁸
2110 4874 2457 4946 περιθεμένῳ
2483 4891 2543 4939 ς.
2616 4875 2665 4907 ⁸⁷
2691 4875 2768 4940 ὡς
2792 4890 2901 4929 om.
2955 4881 3021 4931 A.
3061 4876 3341 4946 Νηλειδῶν
3392 4878 3649 4936 Leichius

1860 4945 1906 4977 δ’
1945 4947 2133 5017 ἐπειδή
2162 4945 2222 5011 ς.
2308 4947 2353 4978 ⁸⁸
2378 4945 2714 5017 ἑπαγόμενος
2740 4950 2810 5017 Δ.
2874 4946 2934 5017 7“
2968 4946 3127 5017 Ἑρεχ

3168 4949 3292 5002 ίδων
3337 4951 3432 5004 A:
3486 4952 3646 5021 Ἔρε-

388 4995 1182 5091 adiisses-..-'i’.Méia~:9‘§=
1210 5012 1307 5091 μη
1344 5011 1395 5091 ξ’
1424 4995 1670 5091 esse?
1682 4995 1756 5091 Ᾰὶ
1798 5024 1918 5091 P‘Pst
1945 4995 2809 5091 %_€;¢'&'641_'9u...uixisset"
2844 5016 2891 5048 οι
2925 4995 3642 5091 διτίδιεκςξᾲ’λέξιν·δπξτξ.

387 5068 628 5137 lleyuius
670 5068 715 5122 δ’
750 5069 1102 5149 Ἰοπίᾳ.,ἀπὺ]
1138 5076 1167 5129 ὂ
1198 5078 1309 5132 ἀπό
1329 5080 1397 5136 Α.
1444 5068 1911 5155 υθίλαϐούσηξΛί
1955 5068 2025 5119 ’⁸⁸7
2049 5068 2414 5159 Ἇρράϐωνίς.

1863 5183 2096 5243 ΝΟΤέΕ.

605 5261 743 5343 gap).
765 5263 1045 5343 Κελαινῶν
1076 5267 1228 5343 suid.
1253 5279 1310 5327 et
1335 5271 1569 5343 Polyaen.

455 5331 567 5414 (Δθ)
601 5331 854 5414 Οξὶιιιιιω
879 5335 1032 5414 [ilius
1052 5339 1143 5414 qui
1175 5331 1481 5414 postremus
1505 5345 1571 5398 de
1591 5341 1842 5403 Thesidis
1880 5364 1963 5401 re-

385 5402 590 5481 gnavit.
644 5402 1150 5481 gausan.__(.'oriu'tlz.
1175 5402 1421 5481 'Attingit
1450 5428 1663 5481 quoque
1694 5402 1834 5470 hanc
1876 5418 1961 5471 hi-

384 5475 841 5529 storiamStrabo
870 5475 961 5531 lib.
992 5492 1045 5530 Ix
1078 5478 1196 5534 init.
1228 5490 1282 5533 et
1329 5475 1741 5539 innima-Stud.
1789 5487 1960 5541 Ἀπα-

383 5544 597 5627 Ξουρία.
633 5544 834 5627 Interp.
869 5548 1147 5627 Aristoph.
1176 5548 1414 5622 Polyaen.
1458 5555 1532 5607 lib
1560 5570 1599 5621 ι,
1629 5554 1957 5627 Stratagem.

384 5610 627 5685 Frontin.
656 5614 750 5685 lib.
782 5610 852 5680 il,
897 5632 1018 5685 cap.
1053 5610 1107 5673 3.

2058 5278 2206 5331 visus
2252 5275 2343 5331 ille
2394 5283 2516 5343 post
2543 5275 2817 5331 Xanthum
2863 5279 3197 5345 apparuerit.
3238 5278 3415 5347 Hujus
3457 5291 3638 5338 tamen

2058 5347 2252 5428 Bacchi
2274 5347 2441 5401 aedem
2465 5344 2697 5401 Pausan.
2725 5348 2776 5400 in
2796 5344 3119 5405 Corinthiac.
3149 5354 3290 5421 apud
3320 5351 3638 5409 'l‘rtezenios

2055 5427 2266 5472 statuit.

2394 5283 2516 5347 post
2543 5274 2835 5347 Xanthum;
2863 5279 3197 5345 apparuerit.
3238 5278 3415 5347 Hujus
3457 5291 3639 5338 tamen

2124 5485 2238 5561 (42)
2275 5485 2408 5561 Vide
2453 5483 2724 5561 llyginurn
2762 5486 3167 5561 Apollodorum.
3243 5500 3296 5545 et
3324 5492 3633 5561 interpret.

2055 5556 2305 5632 Apollon:
2328 5556 2507 5632 Arati,
2522 5563 2686 5632 atque
2702 5556 2968 5628 Lycophr.
3011 5558 3171 5615 Ovid.
3220 5556 3634 5632 v_Metaniorplt.

2122 5625 2235 5696 (43)
2270 5626 2466 5681 Strabo
2496 5627 2634 5680 hanc
2673 5625 2801 5681 item
2828 5632 3151 5684 sententiam
3184 5629 3340 5687 affert
3370 5633 3464 5688 lib.
3511 5625 3552 5696 ιζ
3582 5646 3637 5688 et

808 5682 1956 5789 Zggiifgﬁopﬂngiionysiumhunc‘pala-
2052 5682 2247 5789 iterum
2288 5712 2417 5766 xvi;
2466 5697 2670 5755 Plinius
2727 5682 2969 5769 quoque,
3000 5682 3637 5775 Pangaﬁf'ié

382 5754 599 5823 ναίγιδα
623 5764 782 5812 vocat
808 5770 877 5813 ex
891 5772 957 5815 eo
967 5761 1111 5830 quod
1125 5754 1335 5834 τραγῆν
1359 5754 1450 5838 ὲνῆ
1460 5767 1660 5839 μμένος
1690 5754 1949 5839 μέλαιναν
2053 5780 2261 5825 omnes.
