3932 6240
233 304 330 371 581

1279 301 1805 372 ΒῘΒΙᾸΟΤΗΕΟΑ.
1840 336 1911 350 --
1944 313 2110 374 COD.
2153 312 2509 381 CLXXXVI.

3407 320 3523 397 582'

235 420 332 472 καὶ
385 416 597 482 λιθίνας
621 417 836 481 εἰκόνας
864 418 924 472 ἐν
951 416 1102 488 αὐτῷ
1147 416 1260 471 τῶν
1291 418 1526 487 ἀνδρῶν,
1583 423 1820 490 μνημεῖα

1932 422 2146 480 Pinrum
2172 430 2445 498 regionem
2470 432 2642 488 locum
2666 447 2790 488 eum
2816 437 3175 508 appellarunt,
3196 451 3252 499 et
3270 443 3509 514 lapideas

234 511 394 564 θείων
430 526 495 563 τε
537 508 658 582 ἅμα
717 511 815 566 καὶ
856 508 1218 583 ἀνθρωπίνων
1238 509 1287 543 ⁸⁵
1347 509 1525 582 ἔργων
1556 550 1575 578 ,
1636 510 1825 565 ἀνέθε-

234 619 354 655 σαν.

317 780 384 834 Ἦ
421 781 506 852 μδ¹
547 781 762 853 ἱστορία
814 780 980 851 φησὶν
1031 781 1112 846 ὡς
1143 781 1444 852 Λεωδάμας
1469 782 1566 836 καὶ
1620 781 1825 854 Φίτρης

228 874 431 943 ήρισαν
465 876 606 946 ὑπὲρ
636 875 737 945 τῆς
786 874 1069 945 Μιλησίων
1092 874 1395 944 βασιλείας,
1428 874 1619 944 γένους
1655 874 1825 946 ἄμφω

229 965 384 1028 ὄντες
413 964 713 1035 βασιλείου.
742 965 817 1018 Τὸ
848 964 1028 1019 κοινὸν
1057 965 1115 1019 δὲ
1145 968 1211 1036 τῇ
1237 965 1460 1021 ἐκείνων
1491 965 1823 1036 κακούμενοι

231 1057 424 1112 στάσει
450 1055 553 1126 τῆς
576 1058 675 1128 μὲν
703 1056 1036 1126 φιλονεικίας
1052 1057 1190 1128 μετὰ
1212 1056 1386 1111 πολλά
1403 1057 1553 1127 πάθη
1581 1054 1825 1122 ἐξίσταν-

228 1166 316 1215 το,
336 1150 555 1219 ἔκρινον
578 1149 623 1202 δ’
645 1151 850 1203 ἐκεῖνον
892 1149 1219 1219 βασιλεύειν,
1240 1149 1298 1213 ὃς
1325 1148 1625 1218 Μιλησίους
1651 1149 1825 1205 πλείω

226 1241 417 1309 ἀγαθὰ
465 1242 776 1313 ὲργάσοιτο.
824 1236 1006 1296 Ἦσαν
1038 1242 1084 1295 δ’
1109 1243 1298 1306 αὐτοῖς
1331 1243 1452 1297 τότε
1473 1242 1568 1297 δύο
1594 1242 1823 1313 πόλεμοι

228 1334 570 1406 Καρυστίοις
597 1335 692 1388 καὶ
716 1333 1005 1404 Μηλιεῦσι.
1032 1336 1144 1388 Καὶ
1172 1336 1311 1406 πρὸς
1332 1336 1430 1406 μὲν
1448 1336 1636 1406 Μῆλον
1653 1335 1824 1407 (αύτῷ

227 1427 342 1498 γὰρ
372 1429 402 1481 ὁ
429 1426 635 1498 κλῆρος
685 1425 877 1479 τοῦτον
941 1426 1114 1480 ἐδίδου
1172 1427 1265 1480 τὸν
1319 1426 1577 1498 πόλεμον)
1618 1427 1825 1498 Φίτρης

228 1517 577 1589 στρατεύσας
624 1517 922 1589 ἄπρακτος
977 1517 1307 1589 ἀναστρέφει
1348 1532 1363 1547 ·
1411 1518 1712 1589 Λεωδάμας
1765 1516 1823 1571 δὲ

225 1608 504 1680 λαμπρῶς
594 1608 740 1664 κατά
810 1607 1135 1678 Χαρυστίων
1199 1609 1654 1678 ἀνδραγαθήσας,
1725 1607 1824 1661 καὶ

228 1705 580 1774 κατακράτος
646 1701 785 1755 ἑλὼν
860 1701 963 1770 τὴν
1039 1701 1193 1755 πόλιν
1270 1701 1366 1754 καὶ
1423 1700 1822 1772 ἀνδραποδισά-

229 1810 416 1863 μενος,
496 1792 741 1863 Μιλήτου
834 1790 1075 1847 ὲπανιὼν
1134 1791 1279 1846 κατά
1338 1792 1408 1845 τὰ
1482 1792 1818 1862 συγκείμενα

228 1881 531 1951 βασιλεύει.
589 1880 946 1951 Αἰχμάλωτον
972 1880 1029 1935 δὲ
1041 1880 1085 1912 ⁸⁵
1134 1880 1276 1934 κατά
1305 1881 1551 1952 χρησμὸν
1584 1884 1818 1949 γυναῖκα

224 1975 552 2045 Καρυστίαν
582 2017 598 2041 ,
651 1975 817 2027 παῖδα
872 1975 1143 2045 φέρουσαν
1178 1974 1583 2044 ύπομάσθιονθσ
1608 2016 1623 2042 ,
1680 1975 1818 2046 μετά

226 2067 445 2121 πολλῶν
498 2068 594 2121 καὶ
630 2067 806 2122 ἀλλων
849 2066 1242 2137 ἀναθημάτων,
1267 2066 1304 2121 ἃ
1333 2066 1538 2136 δεκάτη
1580 2067 1689 2120 τῶν
1717 2068 1817 2121 λα-

227 2157 419 2230 φύρων
448 2158 765 2228 ὲτύγχανον,
793 2159 1108 2228 ἀνέπεμψεν
1133 2159 1193 2212 ὲν
1237 2158 1594 2230 Βραγχίδαις.
1645 2158 1818 2222 Αὐτὸς

220 2252 281 2304 δὲ
329 2252 726 2323 τότεΒράγχος
758 2250 1099 2322 προὺστήκει
1146 2251 1242 2305 τοῦ
1289 2268 1350 2305 τε
1386 2251 1534 2323 ίεροῦ
1574 2252 1669 2306 καὶ
1722 2248 1819 2304 τοῦ

229 2342 489 2413 μαντείου
515 2382 537 2420 ι
575 2342 633 2405 ὃς
670 2343 769 2412 τήν
810 2358 869 2395 τε
912 2342 1258 2412 αἰχμάλωτον
1304 2344 1540 2411 γυναῖκα
1598 2342 1819 2412 ἐνόμισε

227 2436 323 2488 καὶ
350 2434 445 2487 τὸν
468 2436 634 2486 παῖδα
674 2434 846 2502 αὐτῆς
876 2433 1049 2487 ἔθετο.
1083 2433 1296 2498 Ηῦξανε
1324 2433 1369 2487 δ’
1396 2435 1424 2487 ὁ
1450 2436 1581 2496 παῖς
1597 2435 1657 2488 οὐ
1678 2433 1821 2488 κατά

226 2526 406 2593 λόγον,
461 2523 601 2576 ἀλλὰ
662 2522 785 2594 θείᾳ
827 2524 934 2576 τινὶ
972 2522 1130 2595 τύχῃ,
1161 2523 1256 2577 καὶ
1307 2522 1470 2577 πλέον
1498 2523 1532 2593 ἦ
1555 2523 1692 2594 πρὸς
1721 2520 1819 2593 τὴν

227 2617 451 2686 ἠλικίαν
497 2617 713 2687 ἀπήντα
757 2615 820 2667 τὸ
859 2615 1168 2672 εύσύνετον.
1215 2617 1457 2669 Ποιεῖται
1497 2615 1544 2668 δ’
1597 2613 1762 2668 αὐτὸν
1789 2612 1819 2663 ὁ

228 2709 480 2781 Βράγχος
501 2708 596 2761 καὶ
642 2707 875 2776 ἄγγελον
910 2706 1019 2760 τῶν
1058 2708 1476 2779 μαντευμάτων,
1512 2706 1817 2774 Εὑάγγελον

226 2799 797 2872 ὀνομάσαςείὲὖὸι-Ι]
847 2791 1017 2863 Οὗτος
1060 2800 1271 2869 ἡϐήσας
1289 2798 1352 2852 τὸ
1392 2799 1644 2869 Βράγχου
1693 2814 1822 2868 μαν-

225 2867 370 2947 τεῖον
397 2867 699 2959 ἐξεδέξατο,
724 2867 818 2945 καὶ
832 2891 975 2963 ἀρχή
1008 2867 1201 2958 γένους
1235 2867 1617 2959 Εύαγγελιδῶν
1670 2867 1823 2960 παρὰ

226 2986 520 3054 Μιλησίοις
553 2985 789 3054 ἐγένετο.

308 3081 377 3132 Ἡ
420 3085 504 3149 με’
548 3078 624 3141 ὡς
681 3076 955 3147 Ὀρφεὺς,
988 3075 1016 3127 ό
1071 3075 1310 3145 Οίάγρου
1358 3074 1452 3128 καὶ
1501 3073 1821 3144 Καλλιόπης

231 3175 363 3244 μιᾶς
398 3171 512 3225 τῶν
549 3170 785 3226 Μουσῶν
810 3210 824 3231 ,
866 3168 1149 3223 ὲὸασίλευε
1204 3169 1533 3223 Μακεδόνων
1580 3167 1675 3221 καὶ
1719 3168 1821 3238 τῆς

239 3264 572 3334 Ὀδρυσίδος,
598 3262 894 3332 ἐπετήδευε
923 3262 981 3316 δὲ
1010 3260 1297 3331 μουσικὴν,
1330 3261 1424 3314 καὶ¹
1473 3259 1713 3331 μάλιστα
1744 3276 1824 3312 κι-

229 3354 526 3426 θαρῳδίαν.
581 3354 693 3407 Καὶ
751 3350 1103 3423 (φιλόμουσον
1158 3352 1266 3423 γὰρ
1317 3353 1379 3405 τὸ
1434 3352 1672 3424 Θρᾳκῶν
1722 3341 1823 3408 κα’ι

228 3448 564 3502 Μακεδόνων
606 3444 782 3519 γένος)
829 3448 1067 3518 ήρεσκεν
1095 3448 1154 3500 ὲν
1186 3445 1399 3510 τούτοις
1455 3447 1824 3518 διαφερόντως

227 3540 307 3610 τῷ
333 3540 554 3610 πλήθει.
605 3540 851 3609 Κατέσχε
881 3539 939 3593 δὲ
971 3538 1098 3605 δόξα
1150 3538 1227 3601 ὡς
1248 3538 1328 3600 είς
1390 3538 1556 3608 ’ᾍδου
1596 3539 1823 3592 κατάϐοι

229 3633 396 3705 ἔρωτι
422 3632 524 3701 τῆς
550 3630 809 3700 γυναικὸς
829 3628 1160 3699 Εὐρυδίκης,
1187 3627 1282 3681 καὶ
1308 3628 1383 3691 ὡς
1412 3627 1504 3681 τὸν
1530 3627 1824 3682 Πλούτωνα

229 3728 327 3779 καὶ
390 3725 496 3798 τὴν
553 3724 738 3794 Κόρην
794 3722 960 3793 ᾠδαῖς
996 3720 1302 3792 γοητεύσας
1330 3720 1503 3789 δῶρον
1532 3720 1688 3774 λαϐοἰ
1716 3722 1819 3790 τήν

233 3822 473 3889 γυναῖκα
496 3835 510 3848 ·
557 3817 674 3871 ἀλλ’
706 3816 766 3869 ού
797 3814 906 3886 γὰρ
935 3813 1159 3868 ὄνασθαι
1187 3813 1287 3882 τῆς
1325 3814 1547 3886 χάριτος
1585 3812 1821 3867 ἀναὸιω-

236 3912 532 3984 σκομένης,
561 3908 861 3978 λαϐόμενον
891 3906 1001 3960 τῶν
1021 3905 1151 3975 περ)⁵
1173 3904 1339 3975 αὐτῆς
1368 3903 1618 3958 ἐντολῶν.
1664 3903 1824 3959 Οὕτω

234 4005 291 4059 δὲ
314 4004 532 4072 θέλγειν
587 4004 683 4054 καὶ
707 3999 1039 4070 κατακηλεῖν
1067 3998 1231 4051 αὐτὸν
1274 3997 1435 4069 ᾠδαῖς
1458 3994 1597 4052 εἶναι
1631 3998 1817 4067 σοφὸν,

231 4098 308 4161 ὡς
335 4097 433 4150 καὶ
463 4092 628 4165 θηρία
642 4094 738 4145 καὶ
763 4091 986 4155 οἰωνοὺς
1016 4091 1112 4144 καὶ
1139 4090 1203 4161 δὴ
1228 4090 1323 4144 καὶ
1352 4089 1486 4157 ξύλα
1513 4091 1607 4143 καὶ
1633 4090 1818 4154 λίθους

234 4210 295 4246 συ
304 4190 688 4263 μπερινοστεῖν
704 4186 1014 4257 ὑφ’ήδονῆς.
1030 4185 1270 4255 Τελευτᾷ
1289 4185 1345 4239 δὲ
1360 4184 1445 4237 δια
1452 4201 1563 4236 σπα
1570 4202 1638 4239 σα
1644 4185 1819 4255 μένων

231 4286 397 4339 αὑτὸν
443 4282 553 4336 τῶν
596 4279 850 4352 Θρᾳκίων
884 4278 980 4331 καὶ
1020 4276 1349 4331 Μακεδόνων
1395 4277 1695 4345 γυναικῶν,
1737 4277 1818 4330 ὃτι

233 4378 291 4430 οὐ
309 4377 358 4409 ⁸⁷
386 4374 660 4446 μετεδίδου
682 4371 877 4433 αὑταῖς
900 4368 1010 4421 τῶν
1036 4367 1260 4439 ὀργίων,
1277 4369 1417 4438 τάχα
1448 4367 1548 4439 μὲν
1580 4368 1672 4421 καὶ
1697 4368 1818 4421 κατ’

1926 517 1980 571 in
2014 520 2205 574 horum
2257 523 2498 578 virorum
2548 537 2898 585 monumento
2940 540 3169 600 statuas,
3204 537 3506 594 divinorum

1925 609 2087 664 simul
2138 612 2351 669 illorum
2400 626 2563 686 atque
2604 617 2962 676 humanorum
3004 623 3273 682 factorum
3320 638 3504 696 testes,

1925 704 2278 762 collocarunt.

1996 797 2419 871 Quadragesima
2471 812 2659 872 quarta
2717 806 2943 864 historia
3006 811 3177 868 refert
3238 818 3509 885 quomodo

1925 889 2230 947 Leodamas
2258 901 2313 947 et
2346 894 2559 951 Phitres
2598 897 2663 951 de
2697 897 3031 956 Milesiorum
3088 921 3254 972 regno
3281 920 3507 963 conten-

1924 981 2126 1046 derint,
2159 986 2303 1053 regia
2326 993 2555 1055 uterque
2579 989 2748 1058 stirpe
2788 992 3022 1047 oriundi.
3052 993 3212 1052 Plebs
3231 1013 3360 1067 ergo
3383 1016 3507 1054 cum

1924 1088 2023 1143 per
2069 1074 2260 1129 horum
2325 1080 2729 1134 contentionem
2793 1083 2950 1139 malis
3009 1098 3332 1154 vexaretur,
3392 1101 3514 1159 post

1926 1165 2097 1220 multa
2119 1167 2333 1222 tandem
2352 1167 2690 1226 incommoda
2707 1171 2868 1228 finem
2885 1177 2927 1231 ri
2936 1193 3013 1232 x2e
3030 1180 3305 1250 imposuit,
3318 1184 3511 1256 Ima

1924 1256 2069 1313 facto
2099 1259 2340 1327 decreto,
2363 1276 2370 1283 '
2391 1270 2452 1316 ut
2479 1263 2570 1333 qui
2602 1265 2668 1319 de
2699 1265 2921 1322 Milesiis
2952 1271 3142 1327 melius
3186 1290 3505 1345 mereretur,

1926 1349 1972 1405 is
2023 1352 2238 1405 demum
2290 1365 2563 1425 regnaret.
2618 1358 2788 1413 Erant
2832 1360 2962 1430 ipsis
2994 1365 3100 1419 duo
3142 1374 3271 1423 tunc
3327 1369 3510 1426 hostes

1925 1440 2156 1513 Carystii
2207 1453 2262 1498 et
2314 1443 2621 1504 Melienses.
2677 1452 2951 1508 Adversus
3007 1454 3227 1524 Melum,
3292 1460 3511 1519 Phitres

1925 1534 2073 1606 (huic
2090 1537 2233 1591 enim
2255 1549 2402 1593 sorte
2432 1539 2630 1596 bellum
2660 1544 2788 1600 illud
2815 1548 3131 1619 obvenerat)
3160 1554 3509 1622 expeditione

1926 1637 2200 1696 suscepta,
2230 1644 2290 1684 re
2333 1631 2533 1687 infecta
2568 1637 2747 1691 rediit.
2784 1630 3085 1696 Leodamas
3111 1658 3261 1708 vero,
3290 1659 3349 1699 re
3373 1663 3508 1701 con-

1927 1724 2008 1771 tra
2060 1721 2339 1791 Carystios
2388 1725 2598 1779 naviter
2645 1742 2708 1783 ac
2741 1730 3000 1797 praeclare
3041 1744 3216 1807 gesta,
3268 1738 3508 1806 nrbeqne

1922 1824 2111 1865 eorum
2158 1814 2209 1868 vi
2242 1826 2566 1886 expugnata,
2602 1827 2766 1889 atque
2800 1822 2852 1876 in
2893 1825 3205 1882 servitutem
3262 1831 3502 1897 redacta,

1919 1902 2167 1958 Miletum
2209 1907 2382 1961 victor
2412 1923 2684 1975 reversus,
2721 1915 3017 1970 secundum
3052 1926 3205 1985 pacta
3240 1932 3504 1977 conventa

1922 1995 2194 2065 regnavit.
2250 1998 2430 2063 Quare
2480 2015 2548 2056 ex
2594 2003 2801 2058 oraculi
2834 2008 3151 2078 praescripto
3196 2010 3501 2082 Carystiam

1920 2083 2180 2140 feminam
2237 2090 2505 2155 captivam
2560 2091 2819 2148 infantem
2875 2096 3133 2153 uberibus
3180 2099 3503 2166 laetantem,

1921 2190 2044 2231 cum
2090 2178 2211 2232 aliis
2248 2180 2497 2247 plurimis
2529 2182 2797 2251 donariis,
2848 2190 3224 2245 manubiarum
3256 2193 3505 2261 decimis,

1919 2268 1987 2322 ad
2022 2269 2357 2327 Branchidas
2394 2275 2562 2331 misit.
2596 2276 2712 2345 ipse
2748 2292 2879 2332 vero
2905 2289 3032 2336 tunc
3057 2282 3339 2339 Branchus
3384 2285 3504 2357 (55)

1921 2371 1976 2416 et
2008 2365 2207 2434 templo
2233 2376 2289 2420 et
2320 2367 2544 2422 oraculo
2591 2379 2842 2439 praeerat,
2877 2375 2965 2442 qui
3007 2378 3273 2443 captivam
3310 2378 3504 2433 mulie-

1923 2470 2039 2510 rem
2075 2472 2269 2526 magna
2292 2472 2420 2512 cura
2452 2461 2674 2516 nutrivit
2704 2450 2840 2529 (ὅθ),
2880 2465 3105 2535 ejusque
3148 2467 3314 2522 filium
3369 2471 3506 2525 ado-

1922 2548 2114 2616 ptavit.
2156 2547 2301 2604 Puer
2346 2550 2461 2619 ipse
2494 2567 2599 2606 non
2637 2565 2745 2607 tam
2778 2556 3054 2612 hominum
3092 2560 3292 2615 usitato
3322 2565 3502 2630 m‘odo,

1923 2654 2086 2710 quam
2119 2641 2301 2697 divina
2338 2645 2568 2710 quadam
2598 2645 2815 2701 fortuna
2862 2649 3054 2714 crevit,
3080 2660 3135 2704 et
3173 2666 3339 2721 supra
3371 2664 3506 2708 aeta-

1926 2742 2033 2787 tem
2060 2734 2297 2801 prudens
2324 2735 2510 2790 evasit.
2538 2736 2625 2790 Fit
2656 2737 2865 2807 igitura
2885 2738 3134 2796 Brancho
3157 2744 3505 2802 oraculorum

1927 2825 2172 2888 nuntius,
2204 2824 2504 2896 Evangelus
2531 2827 2853 2896 appellatus.
2886 2828 3115 2900 Hicjam
3138 2833 3315 2888 adulta
3346 2846 3506 2893 aetate

1927 2917 1981 2971 in
2029 2918 2248 2972 oraculo
2278 2918 2527 2975 Brancho
2578 2924 2866 2988 successit,
2909 2926 3346 2999 principiumque
3400 2932 3506 2987 fuit

1926 3020 1980 3063 et
2009 3020 2171 3076 caput
2202 3010 2654 3081 Evangelidarnm
2687 3016 2827 3082 apud
2872 3015 3128 3073 Milesios.

1849 3120 1895 3181 α
1991 3101 2412 3172 Quadragesima
2443 3106 2668 3172 {quinta.
2701 3105 2949 3174 Orpheus
2978 3109 3174 3180 (Eagri
3206 3112 3320 3183 (57)
3359 3114 3503 3171 filius

1927 3200 2092 3262 atque
2113 3192 2404 3262 Calliopes,
2435 3210 2556 3264 qua:
2582 3211 2691 3249 una
2732 3198 2786 3251 in
2820 3213 3012 3253 novem
3044 3200 3210 3257 Musis
3246 3219 3505 3261 munera-

1926 3291 2040 3346 tur.
2072 3284 2425 3340 Macedonum
2463 3303 2555 3341 rex
2590 3286 2689 3341 fuit
2739 3298 2793 3343 et
2841 3288 3122 3362 Odrysidis
3154 3294 3288 3364 (58).
3330 3296 3504 3352 Mnsi-

1925 3392 2044 3431 cam
2090 3378 2178 3432 hic
2209 3387 2379 3432 artem
2406 3380 2676 3445 exercuit,
2718 3382 3068 3450 maximeque
3112 3385 3502 3444 citharisticam
3568 3416 3572 3420 -

1927 3470 2146 3541 (etenim
2166 3470 2438 3526 Thracum
2468 3472 2597 3527 illud
2619 3481 2673 3527 et
2706 3473 3055 3530 Macedonum
3080 3492 3250 3544 genus
3283 3483 3505 3536 musicae

1923 3562 2225 3619 studiosum
2279 3573 2364 3619 est
2404 3564 2486 3618 vel
2526 3565 2836 3634 imprimis),
2886 3566 3026 3635 plebi
3058 3583 3154 3637 per
3188 3585 3306 3624 eam
3335 3586 3501 3643 supra

1924 3656 2141 3710 modum
2168 3664 2376 3725 gratus.
2406 3655 2574 3710 Fama
2617 3666 2799 3712 autem
2844 3657 2969 3725 fuit,
2999 3660 3066 3713 ad
3096 3659 3296 3715 inferos
3326 3662 3502 3731 ipsum

1925 3761 2110 3801 amore
2156 3748 2447 3817 Eurydices
2475 3749 2721 3818 conjugis
2773 3750 3084 3818 adductum,
3119 3753 3500 3823 descendisse,

1925 3836 2106 3907 ibique
2150 3836 2435 3893 Plutonem
2476 3853 2541 3893 ac
2573 3835 2954 3908 Proserpinam
2988 3852 3151 3896 cantu
3189 3843 3269 3898 sic
3310 3846 3501 3901 conci-

1923 3925 2107 3988 liasse,
2163 3937 2224 3981 ut
2252 3927 2393 3982 dono
2422 3943 2646 3984 uxorem
2672 3940 2911 3999 caperet.
2951 3928 3151 3986 Verum
3202 3934 3303 3988 bac
3327 3935 3502 4004 gratia

1923 4015 2049 4080 frui,
2075 4031 2180 4086 qua
2205 4018 2271 4072 ad
2294 4018 2457 4073 vitam
2485 4019 2572 4073 illa
2597 4030 2849 4075 revocata
2877 4030 2980 4087 est,
2998 4038 3104 4076 non
3129 4025 3321 4091 potuit,
3353 4027 3501 4095 quod

1922 4125 2042 4178 quae
2096 4110 2162 4165 de
2203 4111 2319 4179 ipsa
2366 4114 2621 4167 mandata
2664 4125 2868 4181 essent,
2901 4130 3006 4170 non
3060 4130 3331 4173 servasset
3360 4119 3497 4190 (59).

1920 4203 2070 4257 Adeo
2086 4213 2264 4256 autem
2284 4203 2558 4260 oblectare
2601 4206 2957 4276 cantibusque
2973 4207 3278 4265 demulcere
3294 4213 3500 4280 peritus

1921 4301 2060 4355 erat,
2092 4302 2223 4347 utet
2250 4292 2383 4348 ferae
2422 4303 2478 4349 et
2504 4309 2654 4361 aves,
2679 4304 2842 4365 atque
2866 4300 3001 4353 adeo
3020 4299 3163 4371 ligna
3193 4316 3257 4356 ac
3275 4301 3497 4371 lapides,

1921 4395 2044 4436 cum
2084 4381 2203 4452 ipso
2234 4399 2337 4436 una
2385 4399 2495 4451 pra:
2534 4383 2874 4451 iucunditate
2906 4388 3245 4443 oberrarent.
3269 4387 3501 4445 Interfe-

233 4467 404 4529 ἄλλας
446 4464 773 4535 προφάσεις,
834 4458 969 4528 φασὶ
992 4458 1037 4511 δ’
1062 4453 1155 4511 οὖν
1200 4457 1363 4512 αὑτὸν
1405 4456 1816 4528 δυστυχήσαντα

1925 4479 2043 4525 ctus
2086 4481 2266 4541 autem
2306 4483 2390 4527 est
2414 4473 2779 4529 lacerantibus
2812 4478 2986 4545 ipsum
3020 4477 3268 4533 Thressis
3293 4493 3356 4533 ac
3394 4478 3502 4533 Ma-

232 4558 366 4631 περὶ
411 4558 648 4626 γυναῖκα
707 4554 819 4607 πᾶν
871 4549 1102 4621 ὲχθῆραι
1130 4547 1191 4602 τὸ
1215 4548 1391 4617 γένος.
1459 4548 1680 4616 Ἐφοίτα
1716 4548 1816 4619 μὲν

233 4651 324 4705 οὖν
339 4650 572 4710 τακταῖς
597 4646 689 4700 καὶ
717 4643 951 4715 ήμέραις
985 4639 1328 4710 ὡπλισμένον
1354 4638 1558 4709 πλῆθος
1585 4640 1818 4712 Θρᾳκῶν

236 4743 330 4797 καὶ
357 4739 688 4796 Μακεδόνων
712 4737 771 4789 ὲν
798 4731 1114 4804 Λιϐήθροις,
1139 4733 1219 4795 εἰς
1241 4731 1448 4801 οἴκημα
1477 4728 1534 4782 ἓν
1562 4730 1610 4761 ⁸⁸
1625 4747 1819 4803 συνερ-

234 4837 465 4905 χόμενον
519 4830 663 4899 μέγα
680 4844 739 4881 τε
766 4824 861 4880 καὶ
899 4824 1036 4895 πρὸς
1079 4821 1301 4885 τελετὰς
1321 4817 1380 4875 εὖ
1412 4821 1781 4892 πεποιημένον
1801 4836 1816 4852 σ

236 4927 401 4981 ὁπότε
421 4924 467 4978 δ’
496 4921 777 4994 ὀργιάζειν
807 4919 1031 4984 εἰσίασι,
1060 4916 1168 4989 πρὸ
1185 4915 1295 4969 τῶν
1336 4915 1522 4969 πυλῶν
1564 4913 1822 4968 ἀπετίθε-

240 5036 338 5074 σαν
358 5018 428 5071 τά
452 5015 619 5071 ὅπλα.
648 5014 716 5068 Ὀ
754 5014 809 5067 αί
840 5012 1098 5081 γυναῖκες
1134 5008 1559 5079 ὲπιτηρήσασαι,
1607 5005 1706 5059 καὶ
1751 5006 1821 5059 τὰ

1924 4562 2199 4617 cedonicis
2228 4563 2464 4629 feminis,
2496 4567 2637 4635 quod
2663 4568 2815 4638 orgia
2849 4584 2968 4621 cum
3001 4567 3103 4621 illis
3127 4583 3230 4623 non
3252 4584 3499 4624 commu-

1925 4654 2133 4709 nicaret
2178 4672 2192 4707 :
2230 4669 2294 4709 ac
2346 4657 2568 4711 forsitan
2617 4659 2781 4712 etiam
2829 4659 2950 4714 aliis
2985 4659 3052 4713 de
3102 4660 3302 4713 causis.
3334 4659 3502 4715 Aiunt

1925 4747 2069 4801 enim
2104 4747 2251 4800 illum
2287 4748 2354 4802 de
2383 4763 2552 4802 uxore
2586 4747 2880 4814 infelicem,
2932 4749 3246 4804 muliebrem
3281 4765 3501 4804 omnem

1926 4846 2112 4885 sexum
2158 4834 2360 4888 odisse.
2411 4834 2581 4904 Igitur
2618 4852 2738 4890 cum
2791 4836 2948 4892 statis
2994 4838 3182 4903 diebus
3230 4836 3500 4892 Thracum

1925 4934 1990 4973 ac
2062 4919 2415 4976 Macedonum
2479 4924 2667 4994 vulgus
2726 4926 2893 4979 armis
2967 4932 3166 4981 tectum
3230 4925 3502 4982 Libethris

1925 5012 2239 5069 conveniret
2264 5013 2318 5068 in
2369 5017 2585 5070 domum
2620 5016 2904 5089 magnifice
2940 5026 3296 5083 exstructam,
3339 5028 3396 5073 et
3434 5018 3502 5073 ad

1518 5160 1601 5215 VA
1616 5159 1757 5214 Rl/E
1793 5159 2196 5227 LECTIONES.

307 5265 358 5298 ’δ
386 5262 599 5337 ᾴνδρῶν
628 5260 707 5333 τῷ
740 5258 989 5333 μνημείῳ
1019 5274 1084 5322 ς.
1155 5256 1201 5289 ⁸⁵
1227 5254 1286 5308 δὲ
1316 5269 1425 5309 om.
1465 5254 1533 5309 Α.
1612 5253 1990 5326 ⁸⁶ὖπομάζιον
2026 5279 2087 5327 ς·.
2163 5266 2207 5298 ⁸⁷
2229 5268 2287 5321 οὐ
2328 5282 2437 5323 οιη.
2491 5282 2573 5337 pr.
2609 5268 2675 5321 A.
2751 5266 2797 5299 ⁸⁸
2826 5267 2883 5320 ἒν
2938 5265 3066 5323 add.
3112 5266 3181 5323 A.

1694 5369 1702 5380 '
1720 5366 1955 5430 NOTAE.

310 5478 425 5549 (55)
460 5476 536 5549 De
556 5490 665 5549 quo
696 5486 859 5549 supra
884 5475 1092 5523 narrat.
1119 5465 1210 5522 55.

228 5596 246 5614 .
316 5546 429 5620 (56)
461 5546 607 5620 Lego
634 5547 877 5620 εκόμισε.

322 5603 434 5689 (57)
498 5603 573 5671 oi»;
628 5603 845 5689 Qrp'neo
898 5611 1045 5681 leges
1090 5607 1258 5689 multa
1301 5612 1508 5689 praeter
1536 5603 1653 5658 limo
1681 5604 1819 5689 apud

246 5675 479 5742 Pansa'n.
528 5690 582 5741 in
633 5675 849 5739 Baiotic.
899 5675 977 5734 et'
1011 5679 1149 5749 apud
1206 5675 1567 5745 tnytltologos,
1604 5690 1667 5728 ac
1697 5675 1820 5729 Sui-

245 5764 388 5814 dam.
426 5786 441 5797 ο

2012 5472 2125 5557 (iiii)
2157 5475 2329 5557 Quam
2362 5473 2431 5528 ad
2459 5473 2762 5545 [Thraciam
2798 5471 3041 5526 referunt
3078 5470 3292 5537 Strabo,
3325 5481 3380 5525 et
3435 5487 3502 5527 ex

1932 5556 1998 5597 eo
2033 5549 2292 5611 Str-plum.

1938 5682 1950 5684 _
1992 5613 2344 5684 .(59)\’irgil.
2378 5631 2431 5670 tv
2486 5613 2706 5684 Georg.;
2756 5612 3070 5683 Apollodor.
3116 5611 3212 5668 lii).
3270 5627 3287 5667 1
3345 5613 3501 5679 init.;

1934 5682 2084 5738 Diod.
2123 5683 2315 5750 Sicttl.,
2353 5686 2442 5739 lib.
2480 5700 2552 5739 tv.
