3932 6240
368 298 480 367 583

1530 290 1801 355 ΡΗΟΤΙΙ
1829 290 2341 354 ΡΑΤΒΙΑΒΩΗΕ
2373 291 2481 352 CP.

3534 283 3640 349 584

365 425 486 467 rem
516 407 756 464 divinam
781 413 1175 477 comparatam,
1221 401 1406 473 ibique
1442 402 1594 473 orgia
1619 402 1945 459 celebraturi

2057 402 2194 456 ὅπλα
2227 401 2641 473 ἁρπασάμεναι,
2690 398 2785 455 ὑπ’
2812 398 2983 472 ὀργῆς
3028 398 3129 469 τῆς
3165 396 3256 452 διὰ
3281 396 3382 467 τὴν
3408 399 3640 469 ἀτιμίαν

365 507 589 560 domum
624 499 853 571 ingressi
872 499 938 553 ad
967 504 1177 565 portam
1201 508 1353 549 arma
1380 495 1731 564 deponerent,
1768 494 1957 550 obser-

365 611 532 652 vasse
577 594 678 649 hoc
702 590 982 652 mulieres,
1009 585 1387 655 correptisque
1426 586 1596 641 armis
1628 586 1737 641 illis
1761 600 1956 657 magna

367 686 454 741 ira
477 682 859 747 inﬂammatas,
882 678 1026 749 quod
1049 683 1549 736 contemnerentur,
1577 692 1698 729 cum
1725 687 1952 733 caeteros

364 777 444 833 ibi
478 776 890 845 procumbentes
938 768 1279 825 interfecisse
1305 809 1321 834 ,
1365 778 1477 823 tum
1515 766 1704 840 Imb
1736 768 1953 838 Orphea

364 872 544 938 ipsum
592 866 930 924 membratim
962 865 1279 927 dissectum,
1317 863 1372 916 in
1417 878 1566 916 mare
1594 862 1793 931 passim
1825 876 1955 931 pro-

363 963 585 1032 jecisse.
620 959 934 1015 Pestilentia
969 957 1163 1011 deinde
1189 955 1466 1025 regionem
1505 954 1652 1008 illam
1680 963 1950 1020 vastante,

368 1071 434 1111 eo
458 1056 599 1124 quod
634 1055 700 1109 de
741 1050 954 1106 feminis
989 1048 1210 1103 minime
1256 1056 1528 1115 sumptum
1572 1057 1718 1102 esset
1748 1048 1952 1118 suppli-

368 1150 534 1213 cium,
583 1155 837 1217 rogantes
879 1143 1088 1198 incolas
1132 1142 1275 1196 lucm
1310 1139 1525 1207 depelli,
1575 1156 1891 1211 responsum
1919 1155 1952 1196 e

372 1242 582 1312 tripode
631 1239 917 1309 accepisse
954 1255 968 1292 :
1006 1235 1063 1291 Si
1100 1235 1298 1303 Orphei
1330 1231 1441 1304 (60)
1472 1243 1634 1302 caput
1676 1243 1950 1301 repertum

366 1334 519 1391 humi
548 1333 863 1393 conderent,
896 1329 1012 1384 fore
1044 1338 1105 1382 ut
1142 1329 1393 1398 contagio
1421 1328 1712 1387 desineret.
1753 1326 1832 1380 Ita
1862 1326 1953 1381 vix

364 1429 584 1487 tandem
635 1425 769 1480 illud
796 1425 864 1479 ad
912 1422 1052 1477 ostia
1094 1420 1298 1475 Meletis
1342 1420 1580 1475 ﬂuminis
1609 1434 1638 1472 a
1679 1418 1954 1488 piscatore

367 1522 604 1592 quodam
630 1533 751 1572 esse
785 1516 1087 1576 inventum,
1112 1512 1274 1566 etiam
1302 1521 1428 1567 tunc
1454 1526 1678 1576 canens,
1709 1511 1953 1580 nihilque

368 1631 401 1670 a
459 1611 686 1668 marinis
744 1606 999 1661 ﬂuctibus
1052 1603 1446 1667 deformatum,
1493 1617 1593 1658 nec
1653 1603 1948 1672 quidquam

367 1723 557 1765 eorum
608 1719 854 1776 passum,
885 1715 1005 1772 quae
1050 1697 1210 1753 solita
1244 1699 1354 1753 sint
1384 1712 1482 1766 per
1519 1695 1749 1751 mortale
1775 1694 1946 1749 fatum

2054 493 2183 557 τούς
2206 510 2265 547 τε
2282 492 2727 563 προσπίπτοντας
2754 489 3208 563 κατειργάσαντο,
3255 488 3352 543 καὶ
3384 489 3476 543 τὸν
3509 490 3641 560 ’ορ-

2056 585 2163 653 ιρέα
2191 582 2334 638 κατὰ
2367 582 2503 654 μέλη
2529 582 2759 655 ἔρριψαν
2788 584 2869 646 είς
2896 581 2995 653 τὴν
3022 581 3300 635 θάλασσαν
3341 579 3641 652 σποράδην.

2054 677 2244 749 Λοιμῷ
2270 677 2328 730 δὲ
2354 679 2454 747 τῆς
2489 674 2693 747 χώρας,
2747 675 2828 729 ὅτι
2861 675 2937 747 μὴ
2970 673 3333 747 ἀπῃτήθησαν
3384 675 3542 745 δίκην
3582 675 3643 728 αἱ

2054 772 2334 839 γυναῖκες,
2400 768 2770 839 κακουμένης,
2814 767 3060 838 δεόμενοι
3085 766 3337 838 λωφῆσαι
3358 767 3419 823 τὸ
3440 768 3640 829 δεινὸν,

2056 862 2248 917 ἔλαϐον
2297 862 2568 933 χρησμὸν,
2615 861 2716 932 τὴν
2769 860 3014 932 κεφαλὴν
3065 861 3168 931 τὴν
3186 861 3234 894 ⁸⁸
3287 861 3531 930 Ὀρφέως
3573 861 3643 916 ἂν

2055 953 2382 1024 ἀνευρόντες
2439 951 2674 1022 θάψωσι,
2730 954 2915 1021 τυχεῖν
2946 951 3291 1021 ἀπαλλαγῆς.
3324 953 3436 1005 Καὶ
3482 952 3644 1022 μόλις

2055 1046 2226 1114 αὐτὴν
2276 1046 2406 1116 περὶ
2459 1044 2559 1105 τὰς
2616 1043 2846 1109 ἐκϐολὰς
2909 1044 3005 1098 τοῦ
3048 1044 3299 1115 Μέλητος
3356 1045 3421 1097 δι’
3443 1044 3647 1107 ἁλιέως

2060 1135 2287 1206 ἀνεῦρον
2320 1136 2587 1206 ποταμοῦ,
2640 1136 2737 1189 καὶ
2772 1137 2894 1189 τότε
2942 1136 3198 1207 ᾄδουσαν,
3230 1134 3361 1207 [455
3387 1134 3481 1207 IL]
3548 1136 3648 1188 καὶ

2058 1227 2228 1301 μηδὲν
2266 1227 2550 1282 παθοῦσαν
2590 1228 2708 1282 ’ὑπὸ
2762 1228 2862 1298 τῆς
2918 1228 3216 1298 θαλάσσης,
3262 1227 3399 1298 μηδέ
3423 1245 3481 1280 τι
3512 1226 3647 1282 ἄλλο

2052 1322 2162 1377 τῶν
2188 1321 2290 1374 ὃσα
2318 1321 2489 1392 κῆρες
2536 1319 2876 1392 ἀνθρώπιναι
2922 1320 3134 1390 νεκρῶν
3161 1319 3326 1390 αῐσχη
3356 1320 3643 1389 φέρουσιν,

2053 1415 2172 1469 ἀλλ’
2227 1413 2653 1485 ὲπακμάζουσαν
2676 1413 2848 1486 αὐτὴν
2877 1414 2972 1468 καὶ
3001 1413 3185 1484 ζωῖκῷ
3214 1413 3308 1467 καὶ
3333 1414 3457 1466 τότε
3471 1411 3520 1445 ³⁸
3552 1412 3647 1466 αἴ-

2057 1525 2189 1579 ματι
2253 1507 2394 1578 μετὰ
2451 1508 2620 1562 πολὺν
2649 1508 2843 1578 χρόνον
2869 1505 3233 1560 ἐπανθοῦσαν.
3252 1504 3527 1567 Λαϐόντες
3546 1498 3647 1555 οὖν

2054 1600 2161 1655 ὑπὸ
2209 1602 2412 1672 σήματι
2468 1600 2691 1671 μεγάλῳ
2723 1600 3009 1666 θάπτουσι,
3040 1600 3271 1667 τέμενος
3297 1596 3449 1668 αὐτῷ
3481 1612 3647 1663 περι-

2053 1693 2349 1765 είρξαντες,
2379 1694 2409 1747 ὃ
2427 1695 2566 1758 τέως
2616 1694 2715 1764 μὲν
2735 1691 2917 1765 ἡρῷον
2936 1688 3031 1764 ἦν,
3072 1691 3298 1763 ὕστερον
3327 1691 3372 1745 δ’
3393 1689 3651 1758 ἐξενίκη-

367 1801 425 1856 in
456 1758 736 1854 hominum
764 1789 1122 1848 cadaveribus
1148 1786 1291 1843 {teda
1322 1785 1522 1840 exoriri
1554 1801 1568 1837 :
1604 1784 1698 1840 sed
1730 1784 1950 1855 elegans

2057 1758 2536 1857 aevispbvvsivat'
2570 1758 2792 1849 eiiciat;
2814 1758 2875 1839 τε
2900 1758 3010 1856 γάρ
3055 1785 3150 1839 καὶ
3193 1758 3340 1847 όσοις
3395 1782 3580 1846 ἄλλοις
3600 1783 3646 1815 οι

366 1892 551 1963 potius
600 1888 802 1958 ipsum,
852 1880 1145 1949 nativoque
1191 1878 1454 1948 sanguine
1493 1876 1755 1930 imbutum
1803 1885 1952 1931 tanto

366 1987 493 2051 post
549 1985 795 2046 tempore
823 1972 1084 2042 viguisse.
1117 1966 1292 2037 Caput
1337 1980 1469 2034 ergo
1494 1965 1636 2019 istud
1673 1975 1952 2035 acceptum

2056 1876 2170 1931 θεοὶ
2191 1879 2479 1950 τιμῶνται,
2520 1880 2865 1951 γεραίρεται.
2900 1880 3057 1933 Ἐστι
3087 1878 3146 1932 δὲ
3178 1876 3395 1948 γυναιξὶ
3440 1892 3650 1930 παντε-

2056 1968 2165 2032 λῶς
2184 1969 2406 2025 ἄϐατον.

370 2074 580 2146 ingenti
633 2069 841 2126 tumulo
899 2065 1231 2126 mandasse,
1299 2071 1821 2130 monumentumque
1866 2063 1967 2131 ipsi
2008 2064 2285 2120 heroicum
2347 2068 2413 2121 ah
2460 2067 2618 2121 initio
2651 2065 3100 2151 circumdetlisse,
3162 2065 3335 2119 donec
3384 2063 3438 2118 id
3496 2072 3655 2132 post-

369 2174 590 2229 modum
643 2163 915 2229 obtinuit,
972 2169 1030 2215 ut
1083 2173 1183 2229 pro
1233 2155 1418 2212 divino
1472 2154 1601 2209 fano
1654 2156 1968 2212 haberetur.
2031 2155 2329 2216 Sacriliciis
2377 2163 2546 2228 enim,
2602 2160 2832 2230 aliisque
2868 2162 3028 2215 rebus
3097 2161 3512 2230 quibuscunque
3569 2159 3645 2212 dii

372 2260 631 2323 honorari
655 2257 853 2322 solent,
883 2253 1045 2310 etiam
1078 2252 1193 2321 ipse
1215 2250 1433 2304 colitur.
1465 2247 1706 2303 Feminis
1734 2250 1953 2305 interim
1985 2252 2207 2308 omnino
2245 2254 2585 2310 inaccessum
2622 2255 2879 2324 templum
2917 2253 3046 2307 illud
3089 2262 3193 2308 est.

442 2349 872 2423 Ottadragesitna
908 2352 1102 2401 sexta:
1142 2343 1277 2396 Dum
1308 2337 1473 2409 Troja
1519 2348 1949 2410 expugnaretur,

371 2449 557 2506 emisit
612 2446 863 2502 Priamus
916 2440 968 2494 in
1026 2436 1251 2507 Lydiam
1309 2433 1448 2489 duos
1492 2431 1742 2488 Hectoris
1787 2432 1950 2501 ﬁlios,

372 2541 646 2613 Oxynium
675 2546 731 2592 et
759 2530 1179 2591 Scamandrum.
1214 2526 1382 2596 Capto
1409 2526 1532 2581 dein
1574 2524 1692 2592 Ilio,
1722 2524 1949 2590 Encas,

371 2633 627 2691 Anchisa:
663 2644 728 2684 ac
760 2623 988 2681 Veneris
1018 2621 1183 2686 ﬁlius,
1229 2618 1447 2675 Graecos
1512 2616 1749 2687 fugiens,
1805 2617 1951 2673 Idam

370 2730 555 2798 primo
577 2721 806 2778 incoluit
836 2736 850 2773 :
877 2717 972 2773 sed
1002 2731 1125 2770 cum
1152 2713 1354 2768 reversi
1373 2726 1404 2767 e
1428 2709 1597 2781 Lydia
1629 2708 1874 2780 Oxynius
1896 2718 1953 2764 et

371 2817 711 2877 Scamander
755 2811 939 2867 omnia
996 2808 1200 2862 circm’n
1254 2804 1408 2858 Ilium
1445 2806 1563 2858 loca
1601 2817 1665 2856 ex
1726 2814 1949 2872 paterna

369 2904 857 2968 veluthaaredilate
884 2900 1093 2963 relicta,
1122 2897 1225 2955 sibi
1253 2897 1592 2951 vindicarent
1622 2912 1638 2953 :
1671 2907 1952 2965 assumpto

373 3002 581 3061 :Eneas
621 3007 776 3068 patre
829 2993 1093 3056 Anchise,
1142 3001 1198 3045 et
1225 2997 1493 3059 quotquot
1538 2988 1710 3056 potuit
1764 3002 1796 3042 e
1827 3003 1956 3056 pro-

2138 2341 2204 2393 Ἦ
2259 2344 2356 2415 μς⁹
2403 2344 2479 2410 ὡς
2534 2345 2735 2413 Τροίας
2787 2345 3164 2417 πορθουμένης
3192 2347 3238 2379 ³³
3292 2346 3653 2402 ὑπεκτίθεται

2054 2436 2304 2509 Πρίαμος
2353 2438 2433 2500 είς
2483 2437 2685 2491 Λυδίαν
2708 2437 2803 2491 δύο
2848 2438 3046 2501 παῖδας
3077 2439 3364 2511 Ἕκτορος,
3403 2439 3650 2505 Ὀξύνιον

2054 2529 2150 2582 καὶ
2205 2528 2577 2601 Σκάμανδρον.
2624 2530 2780 2585 Ἐπεὶ
2805 2530 2863 2584 δὲ
2891 2529 2953 2584 τό
2978 2531 3143 2584 Ἴλιον
3175 2531 3312 2602 ἥλω,
3366 2533 3587 2593 Αἰνείας
3617 2536 3648 2586 ὀ

2066 2621 2325 2691 Ἀγχίσου
2358 2623 2454 2675 καὶ
2492 2620 2836 2691 Ἀφροδίτης,
2879 2619 3158 2691 διαφυγὼν
3197 2623 3325 2686 τοὺς
3368 2623 3646 2693 Ἀχαιοὺς,

2052 2716 2111 2768 τὸ
2144 2716 2242 2786 μὲν
2268 2715 2488 2784 πρῶτον
2520 2712 2654 2785 ᾤκει
2674 2714 2774 2786 τὴν
2799 2715 2965 2785 Ἴδην·
3016 2715 3258 2782 Ὀξυνίου
3288 2716 3347 2769 δὲ
3378 2719 3470 2770 καὶ
3502 2717 3642 2770 Σκα-

2056 2803 2292 2871 μάνδρου
2309 2801 2719 2858 ἐπανελθόντων
2737 2804 2784 2836 ⁸⁸
2807 2804 2916 2857 ἀπὸ
2941 2804 3143 2870 Λυδίας
3167 2807 3262 2859 καὶ
3281 2807 3357 2871 ὡς
3377 2806 3647 2879 πατρῴας

2052 2893 2259 2965 λήξεως
2291 2896 2778 2965 μεταποιουμένων
2805 2896 2916 2950 τῶν
2970 2898 3100 2967 περὶ
3131 2898 3193 2950 τὸ
3232 2898 3397 2953 Ἴλιον
3435 2899 3642 2963 τόπων,

2059 2986 2344 3041 ἀναλαϐὼν
2384 2989 2645 3059 Ἀγχίσην
2710 2990 2802 3042 τὸν
2853 2992 3067 3061 πατέρα
3104 2992 3200 3044 καὶ
3241 2992 3400 3054 ὅσους
3425 2990 3647 3045 δύναιτο

377 3094 521 3164 fugis
546 3090 713 3145 solem
750 3102 940 3142 versus
964 3084 1231 3139 orientem
1268 3084 1380 3153 (Gl)
1410 3089 1477 3139 de
1500 3084 1730 3139 Veneris
1761 3085 1953 3140 matris

2058 3079 2168 3133 τῶν
2224 3097 2288 3134 συ
2296 3080 2617 3163 μφυγάδων,
2644 3081 2785 3153 πρὸς
2808 3081 2959 3153 ἥλιον
2988 3082 3279 3154 ἀνίσχοντα
3301 3082 3477 3154 ᾤχετο
3496 3082 3643 3137 κατὰ

377 3186 635 3243 ntatttlato
661 3181 908 3238 tetendit.
933 3177 1186 3246 Trajecto
1220 3179 1384 3249 igitur
1408 3177 1778 3247 Hellesponto,
1806 3179 1955 3232 venit

375 3282 444 3335 ad
478 3282 682 3344 sinum,
713 3276 807 3346 qui
841 3274 1113 3328 Thermus
1132 3281 1217 3326 est
1250 3274 1585 3335 nominatus,
1628 3273 1718 3326 ubi
1750 3271 1953 3326 Anchi-

373 3388 473 3429 seu
505 3372 616 3425 vita
641 3368 888 3424 functum
923 3365 1135 3435 sepelit,
1157 3366 1380 3433 ipseque
1408 3364 1647 3417 oblatum
1678 3364 1954 3419 abincolis

376 3480 604 3530 regnum
637 3471 875 3516 recusat.
909 3458 1047 3512 Hinc
1084 3456 1137 3510 itt
1162 3455 1488 3510 Brusittdetn
1524 3456 1637 3528 (62)
1677 3458 1951 3526 regionem

374 3557 656 3628 profectus
682 3565 787 3617 est,
820 3554 909 3609 ubi
943 3552 1216 3614 omnibus,
1244 3550 1658 3619 quibuscunque
1688 3561 1951 3615 uteretur,
1993 3540 1995 3543 ’

375 3651 653 3722 expetitus
687 3658 981 3717 gratusque
1039 3643 1165 3707 fuit,
1202 3643 1272 3698 ob
1330 3657 1542 3698 morum
1601 3642 1859 3697 nimirum
1920 3658 1952 3698 a

375 3740 593 3796 Venere
640 3739 871 3793 inditam
928 3735 1277 3789 suavitatem.
1322 3734 1399 3788 lbi
1460 3735 1758 3804 mugiente,
1832 3749 1954 3803 qua:

378 3835 554 3903 ipsum
587 3847 654 3885 ex
686 3830 777 3883 Ida
831 3827 1182 3897 sequebatur,
1226 3827 1363 3881 hove
1423 3826 1528 3898 (sic
1579 3827 1721 3881 enim
1775 3826 1952 3881 Venus

380 3936 539 3979 antea
568 3920 904 3984 mandarat),
934 3917 1051 3986 ejus
1069 3932 1179 3972 om
1205 3916 1490 3987 imperium
1511 3919 1838 3973 donantibus
1868 3919 1954 3973 iu-

376 4016 516 4072 colis
560 4012 821 4082 suscepit,
858 4011 1164 4079 bovemque
1199 4010 1358 4063 matri
1402 4012 1681 4079 mactavit.
1727 4012 1807 4065 Ad
1838 4012 1955 4066 haec

381 4106 571 4162 urbem
625 4102 888 4165 condidit,
941 4116 1062 4168 quae
1128 4108 1254 4154 tunc
1304 4100 1525 4169 quidem
1581 4117 1610 4154 a
1671 4103 1953 4157 conditore

376 4197 699 4267 Enea(65),
734 4205 855 4265 post
882 4191 1081 4247 inﬂexo
1112 4193 1359 4246 nonnihil
1398 4193 1618 4248 nomine
1643 4192 1950 4264 Enus(64)

378 4294 541 4349 dicta.
574 4289 697 4345 Htec
728 4289 890 4356 igitur
913 4302 1018 4341 una
1062 4287 1322 4347 narratio,
1371 4297 1573 4360 praeter
1606 4288 1710 4341 alia
1762 4289 1950 4351 multa,

378 4379 618 4435 refertur
644 4394 672 4431 a
701 4377 925 4432 Graecis.
974 4377 1161 4430 Altera
1186 4386 1363 4430 tamen
1404 4377 1514 4440 illa,
1548 4392 1668 4446 quae
1693 4377 1947 4433 Romana:

2065 3171 2385 3243 Ἀφροδίτης
2444 3172 2765 3242 ἐπίσκηψιν.
2820 3173 3025 3237 Διαϐὰς
3072 3171 3166 3228 οὖν
3215 3174 3344 3247 [254
3402 3174 3492 3248 Η.]
3546 3176 3644 3229 τὸν

2067 3264 2466 3335 Ἑλλήσποντον
2485 3305 2500 3331 ,
2533 3268 2629 3319 καὶ
2657 3267 2990 3335 ἀφικόμενος
3012 3266 3058 3299 ⁹¹⁶
3088 3269 3168 3330 είς
3196 3267 3410 3337 Θερμὸν
3440 3266 3645 3321 καλού-

2056 3375 2216 3431 μενον
2265 3359 2468 3412 κόλπον
2492 3399 2509 3425 ,
2563 3359 2822 3431 ’Δγχίσην
2883 3359 2983 3430 μὲν
3032 3360 3375 3414 ἀποθανόντα
3421 3360 3642 3426 θάπτει,

2052 3450 2217 3514 αὐτὸς
2259 3450 2315 3503 δὲ
2352 3451 2461 3504 τῶν
2508 3452 2824 3523 ἐπιχωρίων
2864 3452 3136 3521 δεομένων
3157 3452 3299 3506 ὥστε
3338 3453 3643 3524 βασιλεύειν

2053 3543 2234 3596 αὐτῶν
2275 3545 2377 3598 οὐκ
2416 3544 2651 3610 ἐδέξατο.
2714 3541 2851 3598 Εἶτα
2905 3547 2985 3608 εἰς
3041 3546 3142 3616 τὴν
3181 3546 3481 3616 Βρουσιάδα
3536 3549 3647 3617 γῆν

2053 3636 2310 3708 ἔρχεταιο
2345 3638 2480 3690 πᾶσι
2505 3638 2550 3690 δ’
2575 3633 2645 3708 ἦν
2684 3638 2966 3707 ἐφίμερος,
3020 3637 3101 3703 οἷς
3147 3640 3452 3709 ἐτυγχάνοι,
3496 3641 3644 3693 κατὰ

2054 3730 2214 3801 χάριν
2244 3730 2346 3799 τῆς
2379 3730 2718 3803 Ἀφροδίτης.
2779 3731 3041 3785 Ἐνταῦθα
3091 3734 3487 3802 μυκησαμένης
3539 3735 3644 3801 τῆς

2056 3822 2436 3894 συνεπομένης
2462 3822 2612 3894 αὐτῴ
2661 3824 2784 3893 βοὸς
2808 3823 2865 3890 ἐξ
2896 3825 3041 3894 Ἴδης
3084 3824 3264 3895 (τοῦτο
3288 3824 3398 3896 γὰρ
3444 3827 3643 3895 Ἀφρο-

2053 3916 2171 3987 δίτη
2200 3916 2500 3989 ἐπέσκηψε)
2536 3917 2804 3986 λαμϐάνει
2827 3918 2887 3972 τὸ
2916 3920 3113 3991 κράτος
3143 3919 3243 3990 τῆς
3260 3922 3364 3990 γῆς
3388 3908 3644 3976 διδόντων

2052 4009 2162 4061 τῶν
2214 4010 2544 4079 ἐπιχωρίων,
2602 4009 2698 4064 καὶ
2764 4012 2860 4081 τὴν
2891 4012 3018 4083 βοῦν
3041 4012 3158 4067 θύει
3202 4013 3512 4088 Ἀφροδίτῃ,
3542 4017 3642 4068 καὶ

2054 4099 2227 4164 κτίζει
2282 4103 2456 4167 πόλιν,
2489 4102 2522 4174 ἥ
2552 4102 2673 4156 τότε
2735 4104 2835 4174 μὲν
2851 4105 2897 4136 ’⁵
2922 4105 3105 4157 Αίνεια
3156 4105 3267 4159 ἀπὸ
3291 4107 3384 4159 τοῦ
3417 4107 3644 4161 κτίσαν-

2054 4209 2164 4261 τος,
2218 4194 2443 4264 ὕστερον
2469 4196 2525 4248 δὲ
2560 4197 2991 4267 παρενεγκόντος
3044 4198 3138 4252 τοῦ
3187 4200 3452 4268 ὀνόματος
3477 4197 3643 4265 Αἶνος

2055 4285 2278 4356 ἐκλήθη.
2338 4286 2511 4353 Λόγος
2550 4288 2648 4357 μὲν
2675 4285 2768 4340 οῦν
2791 4282 2871 4352 εἷς
2906 4281 3060 4353 οὗτος
3098 4290 3202 4343 ὑπὸ
3241 4290 3516 4362 Ἑλλήνων
3542 4294 3642 4345 ἐπὶ

2055 4376 2271 4440 πολλοῖς
2316 4377 2498 4440 ἄλλοις
2551 4378 2768 4446 λέγεται
2791 4395 2806 4408 ο
2838 4380 2867 4432 ό
2894 4379 2951 4432 δὲ
2978 4380 3041 4433 τὸ
3075 4381 3344 4452 Ῥωμαῖον
3377 4385 3534 4449 γένος
3557 4386 3641 4447 είς

377 4475 553 4545 gentis
587 4472 849 4541 originem
880 4470 950 4525 ab
973 4470 1090 4538 ipso
1126 4469 1342 4538 repetit,
1376 4478 1431 4522 et
1449 4468 1600 4523 Albm
1615 4471 1949 4525 conditorem

2057 4474 2217 4528 αὐτὸν
2264 4474 2551 4545 ἀναφέρων
2593 4474 2687 4527 καὶ
2733 4476 2979 4547 οἰκιστὴν
3029 4477 3199 4530 ποιῶν
3257 4477 3483 4542 Ἀλϐας,
3541 4482 3640 4531 καὶ

376 4565 532 4629 facit,
566 4562 726 4618 simul
747 4563 908 4616 etiam
933 4558 1237 4625 oraculum,
1254 4574 1359 4628 qua
1383 4559 1618 4613 incolere
1639 4559 1951 4627 jubebatur,

380 4656 471 4712 ubi
512 4657 626 4724 ipse
658 4669 779 4708 cum
832 4652 997 4710 sociis
1026 4652 1201 4707 sacris
1248 4663 1531 4720 Operatus,
1562 4668 1802 4707 mensam
1838 4654 1951 4727 (65)

374 4765 594 4820 quoque
625 4749 1043 4817 absumpsisset,
1071 4748 1208 4812 huic,
1239 4747 1484 4818 inquam,
1524 4751 1769 4805 narratio
1799 4751 1956 4805 valde

372 4842 486 4913 jam
514 4843 645 4896 trita
671 4851 776 4896 est.

2052 4563 2115 4616 τὸ
2192 4565 2527 4635 χρηστήριον
2588 4562 2617 4616 ὃ
2683 4567 2961 4619 κατοικεῖν
3035 4565 3339 4636 ἐπέτρεπεν
3370 4567 3420 4600 ’⁸
3486 4568 3639 4621 ὁπότ’

2053 4655 2122 4710 ἂν
2149 4657 2311 4721 αὐτὸς
2358 4656 2476 4728 ἅμα
2505 4656 2613 4710 τῶν
2633 4658 2679 4690 ⁹⁷
2710 4659 2807 4711 σὺν
2832 4657 2981 4727 αὐτῷ
3008 4657 3176 4723 θύσας
3240 4658 3379 4726 μετὰ
3413 4658 3525 4712 τῶν
3554 4677 3638 4714 ct-

2051 4748 2182 4802 τίων
2238 4751 2546 4820 καταφάγοι
2597 4750 2816 4815 καὶτὰς
2856 4750 3157 4823 τραπέζας,
3192 4747 3347 4816 οὗτος
3379 4755 3640 4823 κατημά-

2051 4842 2257 4911 ξευται.
3644 4839 3655 4846 ’

1682 4978 1916 5034 manu
1956 4956 2364 5036 LECTIONES.

447 5068 494 5102 ⁸⁹
525 5084 650 5135 κεφ.
708 5068 803 5120 τοῦ
839 5068 900 5122 0.
948 5068 1016 5139 ἢν
1050 5068 1116 5123 ἂν
1168 5069 1421 5138 εὑρόντες
1445 5087 1505 5134 ς.
1581 5072 1628 5103 ⁹⁰
1656 5074 1752 5124 καὶ
1789 5076 1838 5123 τί

378 5139 655 5209 κουμένης
708 5138 884 5209 malis.
918 5138 993 5209 cf.
1028 5153 1081 5205 p.
1120 5137 1185 5192 Β.
1224 5139 1352 5205 988,
1403 5142 1473 5195 45
1499 5151 1555 5196 et
1585 5141 1712 5209 989,
1746 5141 1838 5199 22.

377 5210 424 5243 σο
474 5208 687 5280 ἔπρεπε
712 5226 773 5273 ς.
848 5208 892 5241 υτ
927 5208 1061 5281 τῶν]
1126 5210 1207 5278 τῷ
1254 5210 1344 5264 A:
1390 5214 1501 5275 τοῖς
1547 5229 1609 5276 ς.

948 5067 1016 5139 ἢν
1050 5068 1139 5139 ἂνΔ
1168 5069 1421 5138 εὑρόντες
1445 5087 1505 5134 ς.
1581 5072 1628 5103 ⁹⁰
1656 5074 1752 5124 καὶ
1789 5072 1910 5123 τότε
1947 5073 2067 5124 add.
2102 5074 2166 5125 A.
2241 5075 2285 5104 "
2321 5071 2515 5133 ἄλλους
2565 5081 2675 5124 om.
2737 5086 2819 5136 pr.
2878 5071 2943 5125 Λ.
3028 5072 3073 5104 θ’
3106 5071 3159 5125 ni
3220 5071 3358 5126 forte
3407 5071 3633 5137 πολιορ-

1914 5144 1960 5174 ⁹³
1986 5142 2251 5196 ἐλθόντων
2270 5144 2337 5197 Α.
2428 5141 2474 5173 ⁸³
2492 5140 2861 5212 ἀφικούμενος
2912 5159 2972 5205 ς.
3049 5144 3095 5175 ³⁵
3121 5141 3217 5195 τοῦ
3271 5142 3371 5213 μὲν
3426 5159 3515 5197 κτ.
3565 5161 3631 5207 ς.

1854 5304 2083 5361 NOTAE.

452 5394 564 5462 (60)
599 5392 823 5448 Lucian.
857 5394 1115 5449 Adversus
1148 5395 1342 5449 indoct.

473 5464 563 5534 61)
581 5464 898 5533 Ἀνίσχοντα
921 5480 1107 5519 errore
1130 5465 1491 5534 geographica
1506 5481 1605 5534 pro
1620 5468 1926 5522 καταδύντα

472 5534 561 5604 62)
595 5534 1044 5608 ᾼιιρηωὶσίοςίο
1070 5552 1137 5608 at_t
1164 5538 1297 5599 haec,
1316 5536 1403 5588 illa
1434 5536 1762 5593 Macedonia!
1783 5538 1952 5608 pars?

383 5603 516 5658 Eam
568 5603 638 5658 ab
691 5603 925 5660 Emathii
956 5604 1066 5661 ﬁlio
1102 5603 1276 5660 Bruso
1311 5621 1506 5662 nomen
1548 5608 1746 5663 habere
1784 5603 1951 5665 'docet

381 5673 572 5744 Steph.
600 5673 824 5744 Byzaut.

450 5742 562 5814 (65)
600 5742 756 5815 Apud
780 5746 970 5817 Steph.
997 5746 1160 5803 etiam
1185 5744 1429 5805 JEneada
1469 5746 1668 5805 dictam
1702 5749 1948 5819 observo,

2056 5399 2230 5465 ibique
2270 5397 2533 5464 sepultum
2582 5398 2864 5452 Anchisen.
2913 5397 3055 5468 Lege
3111 5397 3257 5467 Virg.
3308 5413 3367 5451 ιιι
3406 5396 3633 5452 [Eneti].

2058 5469 2179 5522 init.
2225 5477 2281 5520 et
2314 5468 2384 5521 ibi
2410 5468 2660 5522 Servium
2696 5480 3031 5536 caeterosqne
3068 5469 3407 5537 interpretes.

2120 5537 2235 5608 (64)
2267 5537 2342 5591 lta
2362 5537 2635 5608 Pliniuset
2656 5539 2848 5605 Pomp.
2874 5538 3032 5598 Mela,
3061 5537 3155 5592 lib.
3183 5554 3243 5600 ll,
3267 5552 3385 5591 eam
3412 5554 3665 5608 quoque,

2058 5607 2369 5675 appellant:
2402 5617 2454 5661 et
2483 5607 2716 5665 Pattsan.
2752 5608 2974 5663 Eliacis.
2997 5610 3127 5663 Aur.
3171 5609 3357 5663 Victor
3377 5611 3541 5664 etiam
3574 5612 3630 5666 iu

2062 5675 2212 5743 Orig.
2237 5688 2377 5746 gent.
2410 5676 2561 5731 liam.

2134 5749 2245 5821 (65)
2271 5752 2405 5805 Aur.
2430 5747 2635 5820 Victor,
2654 5747 2727 5804 De
2756 5748 2891 5821 orig.
2910 5759 3048 5821 gent.
3081 5747 3233 5806 Rom.
