3932 6240
281 263 391 329 585

1326 260 1849 322 BIBLIOTHECA.
1868 285 1936 296 -
1959 260 2123 320 COD.
2153 259 2506 323 CLXXXVI.

3404 273 3520 339 586

362 378 425 431 'H
456 376 543 447 μζ¹
577 376 652 441 ὡς
688 378 1066 449 Ἀλθαιμένης,
1115 376 1208 431 τοῦ
1246 376 1612 449 Ἡρακλειδῶν
1661 372 1840 445 γένους

2022 376 2443 447 Quadragesima
2481 375 2708 445 septima
2741 393 2753 429 :
2796 376 3152 433 Althaamenes
3181 380 3313 449 (66),
3353 380 3519 434 llera.

272 469 434 539 τρίτη
465 468 627 536 γενεά
658 469 767 523 ἀπὸ
815 469 1086 539 Τεμένους
1107 469 1173 535 ³⁸,
1219 469 1499 533 στασιάζει
1540 468 1676 539 πρὸς
1726 468 1853 531 τοὺς

277 559 542 629 ἀδελφοὺς
591 559 881 630 (νεώτατος
900 561 947 614 δ’
972 556 1061 630 ἦν)
1088 562 1183 614 καὶ
1244 561 1631 630 μετανίσταται
1682 559 1850 612 Πελο-

274 652 569 722 ποννήσου,
630 653 860 723 στρατὸν
886 654 1139 723 Δωριέων
1169 652 1307 721 ἔχων
1345 651 1437 705 καί
1491 669 1642 714 τινας
1674 651 1851 706 Πελα-

272 740 444 808 σγῶν.
471 742 758 796 Ἕστελλον
785 743 843 795 δὲ
871 746 964 797 καί
1025 744 1295 814 Ἀθηναῖοι
1323 744 1442 796 τότε
1465 744 1562 813 τὴν
1603 744 1698 796 σὺν
1718 744 1849 796 Νεικ

270 832 380 903 λέῳ
395 834 440 866 ’³
472 850 533 885 τε
564 835 658 887 καὶ
710 838 825 898 τοῖς
881 836 1170 906 Κοδρίδαις
1228 837 1518 889 ἀποικίαν·
1564 835 1763 904 ὁμοίως
1792 835 1851 888 δὲ

269 925 397 978 καθ’
422 928 648 991 ἑαυτοὺς
696 930 790 981 καὶ
820 928 1234 998 Λακεδαιμόνιοι
1284 929 1377 982 τὸν
1401 929 1693 999 Φιλονόμου
1724 929 1849 981 λαὸν

264 1015 570 1085 ἀπῴκιζον,
600 1012 675 1071 ὧν
699 1020 884 1088 ήγείτο
938 1018 1137 1086 Δελφὸς
1162 1018 1330 1088 ὄνομα
1348 1020 1443 1071 καὶ
1470 1017 1653 1081 Πόλις.
1688 1017 1848 1072 Ἑκά-

264 1111 454 1176 τεροι¹
489 1103 583 1161 οὖν
652 1110 997 1179 παρεκάλουν
1065 1111 1419 1180 Ἀλθαιμένην
1485 1109 1848 1180 συμμετέχειν

264 1199 454 1262 αὐτοῖς
501 1200 595 1252 τοῦ
650 1198 839 1271 ἔργου,
869 1201 925 1254 οἵ
968 1219 1027 1254 τε
1056 1203 1277 1270 Δωριεῖς
1321 1200 1416 1254 τοῦ
1477 1202 1569 1253 ἐπὶ
1622 1201 1847 1270 Κρήτην

264 1290 429 1350 πλοῦ.
475 1290 573 1343 ἆτε
618 1293 712 1344 καὶ
764 1292 926 1344 αὐτὸν
957 1294 1170 1361 Δωριέα
1190 1293 1338 1354 ὄντα,
1372 1291 1427 1343 οἵ
1455 1308 1513 1344 τε
1558 1291 1737 1352 ’ῐωνες
1766 1291 1848 1353 είς

260 1379 362 1449 τὴν
396 1381 583 1433 Ἀσίαν
608 1380 748 1450 μετά
780 1380 927 1450 σφῶν
952 1380 1345 1451 περαιωθῆναι.
1369 1379 1459 1450 Τῷ
1480 1379 1525 1431 δ’
1548 1379 1845 1449 οὐδετέροις

259 1476 442 1529 ἐδόκει
499 1476 769 1546 συμπλεῖν
795 1517 811 1542 ,
869 1476 1006 1530 ἀλλὰ
1071 1477 1213 1530 κατὰ
1268 1476 1359 1529 τὸν
1415 1474 1636 1527 δοθέντα
1694 1473 1845 1543 αὐτῷ

260 1567 517 1638 χρησμὸν
571 1570 664 1622 ἐπὶ
716 1570 814 1622 Δία
870 1571 965 1622 καὶ
994 1569 1183 1622 ’Ἥλιον
1208 1567 1551 1639 κομίζεσθαι,
1595 1568 1689 1621 καὶ
1713 1567 1844 1637 παρ⁹

258 1660 444 1712 αὐτῶν
474 1661 648 1713 αἰτεῖν
702 1662 782 1724 είς
811 1661 1133 1731 κατοίκησιν
1158 1660 1262 1729 γῆν
1290 1678 1303 1690 δ
1332 1656 1475 1713 εἶναι
1499 1660 1557 1713 δὲ
1587 1658 1709 1722 Διὸς
1741 1658 1840 1729 μὲν

258 1752 711 1822 Κρήτην,”11λίου
726 1752 782 1806 δὲ
812 1753 1007 1805 Ῥόδον.
1072 1752 1431 1822 Ἀναγόμενος
1494 1747 1589 1805 οὖν
1640 1752 1706 1804 ὲκ
1732 1753 1839 1804 Πε-

255 1842 591 1914 λοποννήσου
626 1844 907 1914 προσίσχει
948 1844 1085 1915 πρὸς
1122 1845 1222 1913 τὴν
1255 1844 1502 1915 Κρήτην,
1541 1842 1637 1897 καὶ
1669 1842 1835 1913 μέρος

254 1935 353 1989 τοῦ
379 1936 514 1989 λαοῦ
538 1938 661 2000 τοὺς
690 1936 1046 2007 βουλομένους
1067 1937 1252 1990 αὐτόθι
1282 1938 1449 1990 οίκείν
1482 1935 1803 1990 καταλείπει
1824 1952 1840 1967 ·

254 2026 421 2088 αὐτὸς
443 2027 501 2079 δὲ
524 2026 652 2088 τοὺς
677 2026 895 2091 πλείους
923 2026 1061 2097 ἔχων
1085 2026 1328 2097 Δωρικὸν
1356 2026 1510 2079 ἔπλει
1530 2028 1623 2079 ἐπὶ
1639 2026 1842 2084 Ῥόδον.

256 2120 375 2190 Τὴν
404 2119 464 2172 δὲ
506 2120 687 2173 Ῥόδον
714 2120 774 2173 τὸ
807 2121 906 2189 μὲν
955 2122 1182 2190 ἀρχαῖον
1210 2120 1336 2183 λαὸς
1394 2120 1675 2189 αὐτόχθων
1727 2120 1843 2173 ἐνέ-

258 2228 449 2281 μοντο,
477 2205 554 2264 ὧν
582 2207 719 2282 ἦρχε
771 2213 831 2265 τὸ
875 2212 1170 2267 Ἠλιαδῶν²
1217 2212 1394 2280 γένος,
1451 2211 1544 2274 οὓς
1600 2211 1842 2275 Φοίνικες

257 2302 566 2372 ἀνέστησαν
613 2304 706 2356 καὶ
734 2304 830 2371 τὴν
860 2303 1022 2372 νῆσον
1073 2303 1230 2373 ἔσχον
1250 2317 1264 2331 ⁸
1299 2301 1426 2374 [456
1458 2301 1552 2373 IL]
1582 2302 1841 2355 Φοινίκων

255 2393 301 2444 δ’
326 2394 678 2446 ἐκπεσόντων
736 2394 919 2464 Κᾶρες
971 2392 1147 2461 ἔσχον,
1177 2394 1267 2446 ὅτε
1312 2392 1408 2445 καὶ
1433 2393 1532 2456 τὰς
1560 2392 1726 2455 ἄλλας
1750 2394 1843 2461 νή-

259 2503 387 2549 σους
406 2487 507 2549 τὰς
536 2487 665 2556 περ)⁸
692 2486 753 2539 τὸ
770 2489 992 2555 Αἰγαῖον
1021 2486 1043 2517 ³
1077 2486 1321 2556 ᾤκησαν.
1355 2479 1450 2548 Ui;
1479 2484 1841 2537 ἐπιπλεύσαν-

255 2597 351 2643 τες
371 2582 421 2633 οἱ
445 2582 692 2650 Δωριεῖς,
714 2578 938 2650 πολέμῳ
965 2577 1025 2631 τὸ
1047 2578 1292 2649 Καρικὸν
1310 2575 1838 2645 καταστρεψάμενοι,

257 2675 408 2744 τρεῖς
442 2673 625 2736 πόλεις
658 2672 899 2737 ἔκτισαν,
931 2671 1155 2739 Λίνδον,
1177 2670 1415 2742 Ἰήλυσον
1477 2670 1573 2721 καὶ
1624 2668 1840 2735 Κάμει-

260 2782 353 2837 ρον
374 2766 419 2820 ⁸.
458 2766 523 2818 Oi.
559 2768 656 2835 μὲν
695 2759 787 2818 οὖν
826 2765 1049 2833 Δωριεῖς
1082 2763 1188 2816 ἀπὸ
1232 2759 1620 2830 Ἀλθαιμένους
1671 2758 1841 2829 ἀρξά-

260 2874 418 2928 μενοι
459 2856 621 2928 μέχρι
659 2859 754 2911 καὶ
791 2856 949 2926 δεῦρο
988 2854 1464 2924 καταϐεϐήκασινθ
1510 2853 1567 2905 ai
1597 2850 1654 2906 δὲ
1690 2853 1840 2921 τρεῖς

261 2948 448 3010 πόλεις
496 2948 579 3010 είς
628 2946 755 3016 μίαν
816 2944 1244 2999 ἀποκλεισθείσα
1309 2940 1551 3013 μεγάλην
1600 2940 1697 2993 καὶ
1757 2940 1841 2991 εὐ-

1956 470 2223 524 clidarum
2280 472 2492 541 generis
2546 471 2761 525 soboles
2819 470 2933 542 (67)
2965 472 3157 542 151a
3198 490 3227 526 a
3277 472 3515 529 Temenc

1954 562 2135 626 tertia,
2169 562 2426 616 fratribus
2488 563 2813 617 dissentiens
2876 565 3318 619 tmnultnabatur.
3374 564 3513 619 Natu

1953 670 2083 723 ergo
2118 655 2373 709 minimus
2430 672 2550 709 cmn
2607 665 2771 719 esset,
2833 656 3203 724 Peloponneso
3260 659 3511 724 discedit,

1953 745 2298 802 Doriensium
2332 763 2516 802 secum
2551 750 2755 815 copias,
2784 757 2837 801 et
2878 748 3222 818 Pelasgorum
3251 752 3513 819 quosdam

1951 838 2173 894 ducens.
2200 837 2464 892 Miserunt
2487 848 2595 892 tum
2627 854 2840 907 quoque
2861 840 3221 895 Athenienses
3247 841 3512 895 coloniam

1950 944 2070 984 cum
2104 929 2267 984 Neleo
2310 929 2453 999 (68),
2511 938 2567 984 et
2586 928 2747 984 Codri
2772 930 3022 997 posteris.
3064 931 3332 985 Similiter
3381 946 3511 986 vero

1949 1032 2004 1077 et
2022 1021 2414 1075 Lacedaemonii
2437 1021 2637 1089 eoipso
2668 1031 2907 1088 tempore
2940 1021 3238 1076 Philonomi
3268 1022 3381 1092 (69)
3419 1037 3515 1090 po-

1947 1112 2127 1182 pulum
2147 1111 2253 1167 alio
2282 1112 2582 1167 habitatum
2609 1112 2899 1177 miserunt,
2925 1128 3084 1182 quem
3102 1114 3510 1183 duxitDelphus

1948 1205 2166 1274 quidam
2200 1204 2438 1269 nomine,
2478 1214 2533 1259 et
2565 1203 2730 1259 Polis.
2768 1201 2999 1271 Utrique
3042 1205 3430 1260 Althzemenem
3458 1207 3512 1261 in

1948 1297 2135 1365 operis
2169 1296 2485 1351 societatem
2534 1305 2818 1351 vocarunt.
2871 1298 3041 1352 Dores
3073 1294 3315 1368 quidem,
3361 1308 3420 1352 ut
3459 1299 3513 1353 in

1946 1386 2162 1441 Cretam
2207 1401 2311 1439 una
2355 1386 2669 1455 navigaret,
2719 1385 2862 1456 quod
2926 1395 2982 1440 et
3060 1387 3177 1456 ipse
3236 1387 3516 1441 Doriensis

1944 1484 2107 1532 esset.
2141 1476 2294 1531 Iones
2328 1492 2474 1542 vero,
2530 1485 2588 1530 nt
2641 1477 2692 1530 in
2742 1477 2923 1530 Asiam
2972 1490 3155 1532 secum
3211 1477 3511 1543 trajiceret.

1945 1572 2266 1627 invitabant.
2323 1570 2522 1627 Verum
2583 1569 2901 1624 Althaameni
2964 1584 3084 1624 eum
3140 1570 3347 1624 neutris
3392 1586 3515 1625 sese

1944 1661 2268 1733 conjungere
2291 1662 2509 1731 placuit,
2541 1663 2836 1731 maluitqne
2874 1675 2940 1714 ex
2992 1660 3194 1714 oraculi
3253 1676 3515 1727 responso

1943 1756 2085 1825 quod
2112 1764 2416 1823 acceperat,
2448 1754 2515 1808 ad
2544 1753 2729 1809 Jovem
2754 1762 2808 1808 et
2839 1752 3016 1807 Solem
3036 1752 3329 1821 proﬁcisci,
3352 1760 3513 1818 atque

1943 1848 2012 1902 ab
2041 1848 2127 1903 bis
2173 1847 2449 1902 habitandi
2482 1846 2655 1901 locum
2707 1844 3005 1915 postulare.
3037 1844 3254 1897 Cretam
3325 1852 3508 1896 autem

1944 1955 2065 1996 esse
2098 1939 2267 2006 Jovis,
2298 1938 2440 1995 Solis
2473 1939 2738 1993 Rhodum.
2777 1939 3009 1993 Evectus
3061 1937 3225 2006 igitur
3279 1949 3310 1990 e
3357 1933 3510 1990 Pelo-

1942 2046 2202 2103 ponneso,
2230 2033 2282 2086 in
2310 2032 2526 2086 Cretam
2557 2030 2784 2099 appulit,
2814 2029 3103 2098 populique
3136 2037 3367 2097 partem,
3390 2042 3510 2096 quae

1944 2127 2182 2181 residere
2207 2125 2278 2180 ibi
2333 2125 2513 2188 vellet,
2555 2124 2791 2191 reliquit.
2823 2122 2948 2192 Ipse
3002 2122 3267 2190 plurimos
3325 2136 3509 2175 secum

1943 2219 2150 2273 habens
2182 2218 2467 2271 Dorienses
2516 2217 2569 2269 in
2627 2215 2877 2269 Rhodum
2930 2214 3313 2281 adnavigavit:
3345 2226 3507 2279 quam

1942 2309 2160 2378 quidem
2216 2308 2445 2362 insulam
2478 2305 2776 2373 antiquitus
2812 2304 3000 2359 incola:
3046 2304 3246 2358 ibidem
3286 2304 3399 2356 nati
3425 2311 3509 2356 te—

1942 2409 2193 2462 nuerant,
2222 2395 2449 2451 Iliadum
2482 2396 2614 2465 ipsis
2635 2406 2791 2465 gente
2826 2394 3135 2463 praeposita,
3164 2407 3302 2462 quos
3329 2402 3507 2446 tamen

1942 2487 2227 2543 Phoenices
2252 2498 2371 2556 post
2413 2496 2742 2550 everterant,
2776 2497 2828 2540 et
2862 2486 3093 2539 insulam
3151 2494 3507 2552 occuparant,

1943 2574 2288 2628 Phaenicibus
2326 2588 2540 2641 quoque
2594 2572 2881 2640 aliquando
2932 2571 3145 2641 ejectis,
3168 2571 3337 2626 Cares
3376 2585 3505 2626 suc-

1942 2672 2223 2720 cesserant
2281 2678 2431 2732 :qna
2482 2672 2799 2732 tempestate
2840 2672 2895 2718 et
2947 2664 3083 2717 alias
3132 2662 3300 2717 maris
3339 2662 3507 2731 Egon

1944 2756 2145 2811 insulas
2205 2756 2570 2811 incoluerunt.
2665 2755 2745 2809 Ad
2790 2756 2891 2810 hos
2943 2769 3072 2823 ergo
3126 2753 3509 2824 adnavigantcs

1943 2848 2256 2912 Dorienses,
2303 2850 2469 2903 armis
2488 2847 2654 2903 Cares
2695 2848 3036 2916 pepulerunt,
3083 2856 3301 2915 tresque
3348 2848 3511 2901 urbes

1944 2943 2323 3006 condiderunt,
2351 2940 2601 3006 Lindum,
2645 2940 2872 3010 lelysum
2928 2950 2983 2994 et
3014 2940 3312 2993 Camirum.
3348 2937 3515 3006 igitur

259 3040 515 3108 δαίμονα,
548 3039 748 3093 ταύτὸν
796 3037 967 3109 ὄνομα
1003 3040 1068 3107 τῇ
1094 3037 1245 3106 νήσῳ
1300 3034 1487 3087 Ῥόδον
1515 3032 1705 3086 ἔδοσαν
1738 3050 1837 3085 κα-

1948 3034 2262 3098 Dorienses,
2288 3034 2448 3087 ducta
2480 3034 2548 3087 ab
2601 3033 2935 3086 Altlimmene
2991 3032 3227 3101 origine,
3269 3031 3334 3085 ad
3372 3034 3510 3085 hanc

262 3133 494 3187 λείσθαι.

346 3402 417 3454 Ἦ
450 3407 540 3472 μη¹
573 3400 643 3455 τὰ
670 3401 799 3472 περὶ
846 3398 1057 3470 Ῥώμου
1099 3399 1193 3452 καὶ
1230 3396 1508 3468 Ῥωμύλου
1537 3396 1802 3467 διηγεῖται
1822 3439 1836 3460 ,

266 3490 725 3560 παραλλάσσουσα
774 3489 909 3561 πρὸς
948 3490 1073 3552 τοὺς
1104 3487 1300 3550 ἄλλους
1349 3487 1406 3540 ἕν
1445 3504 1578 3541 τισι.
1613 3487 1751 3558 Φησὶ
1783 3486 1839 3541 δὲ

264 3583 340 3647 ὼς
395 3583 645 3653 Ἀμόλιος
686 3580 1079 3644 ἐπιϐουλεύσας
1126 3581 1454 3651 Νεμέτορα¹⁵
1487 3580 1578 3633 τὸν
1615 3580 1839 3648 ἀδελφὸν

266 3677 502 3740 κτείνει,
554 3678 649 3729 καὶ
693 3674 791 3745 τὴν
842 3674 1005 3727 αὐτοῦ
1063 3673 1340 3746 θυγατέρα
1400 3672 1593 3737 Ἰλίαν,
1630 3673 1718 3725 ἵνα
1764 3672 1837 3743 μὴ

265 3769 417 3821 τέκοι
442 3766 563 3837 μηδ’
597 3765 919 3836 άνδρωθείη,
948 3763 1049 3835 τῆς
1082 3763 1299 3827 Ἑστίας
1332 3763 1535 3832 ἱέρειαν
1560 3763 1833 3833 ἀπέφηνε.

267 3860 456 3931 Ταύτῃ
510 3856 722 3928 μιχθεὶς
768 3857 977 3925 Ἀρης,
1029 3854 1401 3925 ἀπολυόμενος
1444 3854 1542 3924 τῆς
1572 3854 1698 3926 [255
1742 3853 1834 3925 1L]

265 3950 487 4021 ὁμιλίας
507 3987 522 4013 ,
553 3949 698 4010 ὅστις
730 3964 789 3999 τε
828 3942 899 4017 ἦν
943 3944 1177 4015 ἐδήλωσε
1200 3984 1218 4011 ,
1250 3945 1346 3998 καὶ
1384 3946 1467 3998 ὅτι
1508 3944 1601 3998 δύο
1642 3944 1839 4015 κόρους

264 4043 482 4109 τέξεται
522 4042 582 4107 ἐξ
610 4040 775 4095 αὐτοῦ
804 4040 900 4092 καὶ
941 4039 1047 4110 χρὴ
1080 4038 1322 4109 θαρρεῖν.
1376 4038 1537 4092 Ἀλλὰ
1572 4038 1837 4092 τεκοῦσαν

263 4136 435 4206 αὐτὴν
471 4133 570 4204 μὲν
611 4133 859 4203 Ἀμόλιος
893 4131 974 4193 είς
1001 4130 1377 4200 δεσμωτήριον
1410 4128 1603 4199 ἔτρυχε
1635 4128 1832 4198 βαλὼν,

264 4230 369 4282 τινὶ
391 4230 450 4281 δὲ
482 4227 701 4296 ποιμένι
739 4225 847 4278 τῶν
876 4222 1025 4293 αὐτῷ
1063 4221 1269 4274 πιστῶν
1295 4221 1368 4274 τὰ
1395 4220 1653 4290 τεχθέντα
1672 4220 1693 4251 ⁸
1722 4221 1836 4274 δια-

265 4323 486 4392 φθεῖραι
518 4322 752 4374 δίδωσιν.
806 4317 864 4371 Ὁ
886 4317 946 4369 δὲ
976 4314 1156 4369 λαϐὼν
1183 4314 1244 4366 τὸ
1279 4314 1380 4383 μὲν
1416 4315 1629 4383 μίασμα
1651 4314 1836 4384 χερσὶν

269 4418 426 4479 ίδίαις
461 4415 665 4485 πρᾶξαι
698 4412 760 4465 ού
805 4411 1098 4481 προσίετο,
1140 4408 1221 4469 εἰς
1270 4405 1485 4475 σκάφην
1526 4405 1583 4458 δὲ
1628 4405 1835 4475 μεθῆκε

264 4509 405 4562 κατὰ
436 4506 531 4560 τοῦ
564 4504 857 4574 Θύόρεως⁷
890 4498 1173 4571 φέρεσθαι.
1204 4497 1351 4567 Αὕτη
1378 4497 1434 4550 δὲ
1464 4499 1600 4567 μετὰ
1632 4496 1834 4567 πολλὴν

266 4600 439 4671 φορὰν
476 4597 605 4668 περὶ
632 4593 974 4666 προύχουσαν
999 4590 1133 4662 ᾐόνα
1156 4588 1471 4657 κατίσχεται
1508 4587 1685 4659 ῥίζαις
1715 4588 1830 4658 ὲρι-

264 4692 408 4755 νεού,
423 4691 483 4751 ὃς
509 4690 680 4759 μέγας
692 4688 872 4739 ἐκεῖσε
895 4681 1159 4751 ἐπεφύκει
1176 4680 1218 4733 ⁸.
1242 4680 1352 4732 Καὶ
1376 4681 1409 4748 ἡ
1428 4680 1610 4748 σκάφη
1626 4679 1834 4732 ἐκεῖθεν

262 4786 329 4837 τὰ
365 4782 555 4835 παιδία
588 4779 724 4849 πρὸς
759 4777 858 4846 τὴν
885 4773 1017 4845 ῂόνα
1051 4768 1307 4825 ἐκϐάλλει
1333 4771 1426 4822 ἐπὶ
1461 4770 1709 4840 μαλακῆς
1738 4771 1832 4823 καὶ

264 4871 598 4945 ψαμμώδους
626 4870 751 4938 γῆς.
790 4865 967 4928 Λύκος
989 4864 1046 4917 δὲ
1072 4863 1317 4925 νεοτόκος
1345 4862 1693 4932 ἐπιτυγχάνει
1719 4865 1831 4927 τοῖς

1948 3138 2121 3193 usque
2160 3133 2375 3177 aetatem
2424 3122 2835 3177 descenderunt.
2865 3121 2990 3175 Tria
3032 3137 3159 3176 vero
3200 3122 3288 3176 illa
3319 3122 3513 3191 oppida

1944 3217 1998 3269 in
2028 3229 2189 3268 unam
2219 3230 2490 3284 magnam,
2531 3213 2828 3283 opibusque
2860 3222 3132 3281 potentem
3175 3214 3362 3267 urbem
3395 3228 3547 3268 σθαι-³

1942 3308 2176 3371 luerunt,
2210 3306 2296 3362 cui
2325 3316 2381 3363 et
2423 3307 2610 3361 insulae
2638 3306 2812 3360 Rhodi
2857 3321 3050 3359 nomen
3079 3305 3405 3360 indiderunt.

2012 3400 2435 3468 Quadragesima
2467 3409 2654 3453 octava
2718 3399 2787 3452 de
2834 3397 3003 3452 Romo
3032 3398 3142 3468 (70)
3188 3406 3243 3453 et
3284 3395 3514 3451 Romulo

1943 3502 2145 3555 narrat,
2183 3491 2424 3545 nonnihil
2476 3505 2506 3544 a
2561 3490 2785 3558 reliquis
2815 3490 3050 3543 diversa.
3101 3488 3370 3555 Amulius,
3434 3488 3515 3542 in-

1941 3585 2079 3651 quit,
2147 3579 2416 3635 Numitori
2450 3581 2606 3635 fratri
2665 3597 2854 3637 necem
2905 3596 2970 3635 ex
3035 3581 3246 3635 insidiis
3305 3579 3509 3644 intulit,

1942 3676 2217 3744 ﬁliamque
2260 3674 2379 3743 ejus
2409 3674 2582 3738 lliam,
2625 3690 2688 3727 ne
2737 3683 2978 3742 pareret,
3028 3687 3161 3727 neve
3219 3688 3340 3727 cum
3391 3672 3509 3725 viro

1939 3773 2345 3828 consuesceret,
2387 3763 2564 3819 Vestae
2624 3764 2957 3818 sacerdotem
3001 3762 3146 3818 fecit.
3180 3760 3304 3816 Haec
3332 3772 3512 3816 tamen

1940 3874 1969 3912 a
2001 3856 2169 3911 Marte
2220 3872 2529 3926 compressa
2574 3868 2678 3920 est,
2737 3856 2827 3924 qui
2880 3864 3001 3923 post
3047 3868 3411 3920 congressum,
3457 3861 3513 3906 et

1940 3951 2061 4019 quis
2105 3958 2250 4004 esset
2296 3948 2612 4012 declaravit,
2640 3958 2694 4002 et
2749 3947 2996 4015 geminos
3039 3946 3333 4014 parituram
3371 3958 3509 4013 pra:-

1941 4044 2097 4109 dixil,
2146 4043 2292 4097 bono
2323 4057 2441 4097 eam
2477 4040 2661 4096 animo
2707 4055 2829 4095 esse
2859 4038 3075 4107 jnbens.
3104 4035 3303 4090 Verum
3351 4046 3507 4104 partu

1939 4135 2220 4191 liberatam
2248 4133 2496 4187 Amulius
2516 4142 2744 4201 patruus
2793 4132 2845 4184 in
2874 4129 3087 4185 vincula
3109 4130 3330 4183 missam
3362 4142 3509 4181 com-

1938 4228 2118 4298 pegit:
2156 4226 2325 4283 fetum
2373 4234 2551 4281 autem
2585 4224 2690 4279 ﬁdo
2720 4224 2935 4278 cuidam
2964 4222 3167 4292 pastori
3207 4219 3507 4274 necandum

1939 4321 2180 4376 tradidit.
2215 4320 2385 4386 Quem
2426 4326 2485 4373 ut
2507 4317 2734 4387 accepit,
2771 4326 2987 4384 patrare
3013 4314 3100 4367 ille
3118 4313 3227 4369 suis
3260 4312 3508 4366 manibus

1940 4413 2118 4469 scelus
2138 4412 2332 4473 noluit,
2366 4412 2461 4464 sed
2510 4410 2662 4463 alveo
2696 4423 2792 4478 per
2849 4406 3089 4460 Tiberim
3144 4402 3506 4471 deportandos

1940 4504 2214 4575 imposuit.
2257 4500 2454 4574 14ιὸ
2486 4500 2684 4554 Alveus
2709 4506 2889 4553 autem
2941 4504 3063 4563 post
3089 4494 3309 4548 multam
3337 4492 3507 4559 jacta-

1939 4596 2141 4651 tionem
2175 4596 2385 4648 tandem
2418 4592 2563 4647 circa
2609 4590 3004 4658 prominentem
3041 4585 3210 4653 ripam
3263 4581 3503 4651 capriﬁci

1938 4688 2244 4759 cujusdam,
2300 4700 2420 4754 qua:
2472 4685 2664 4752 ingens
2725 4681 2795 4735 ibi
2847 4685 3183 4739 excreverat,
3236 4675 3507 4729 radicibus

1939 4777 2176 4839 inluesit,
2204 4786 2363 4844 atque
2401 4773 2528 4828 inde
2556 4787 2766 4842 pueros
2797 4771 2849 4824 in
2897 4770 3092 4838 ripam,
3124 4766 3268 4821 molli
3294 4776 3348 4820 et
3380 4780 3504 4819 are-

1939 4881 2072 4922 noso
2101 4864 2239 4929 solo,
2274 4863 2452 4930 ejecit.
2484 4861 2560 4916 lbi
2610 4861 2756 4929 lupa,
2807 4875 2927 4930 quae
2969 4873 3158 4912 rcccns
3198 4865 3502 4926 pepererat,

1553 5005 1785 5062 VARIAS
1826 5006 2238 5064 LECTIONES.

331 5135 377 5165 ³⁸
420 5130 671 5199 Τημένου
704 5125 969 5199 Kaunius.
1065 5120 1128 5199 ”_
1178 5119 1461 5199 Ιζὲηλέῳτ-
1507 5122 1813 5199 Δί-έκάτερο

267 5289 368 5343 mg.
403 5274 466 5325 A.
541 5270 561 5300 ⁷
596 5266 880 5337 θύμόρεως
902 5280 965 5327 ς.
1035 5263 1058 5295 ⁸
1080 5258 1314 5327 πεφύκει
1354 5274 1416 5321 ς.

1820 5140 1837 5173 ι
1864 5120 1955 5173 οὖν
1985 5122 2029 5174 Α
2063 5140 2075 5174 :
2116 5121 2208 5173 καὶ
2241 5118 2402 5173 ὲκάτε

270 5190 531 5258 Kanniuin
562 5220 574 5252 :
608 5198 727 5251 libri
771 5194 1028 5248 Ἰλιάδων.
1107 5191 1334 5261 ³α1γεον
1364 5190 1429 5241 Α.
1505 5190 1527 5222 ἰ
1561 5190 1783 5260 ἰήλυσαν
1829 5192 1923 5243 καὶ
1957 5191 2158 5261 άμιρον
2205 5191 2270 5243 A.
2348 5190 2369 5221 '

2668 5119 2689 5149 ²
2734 5111 2996 5168 Ἡλιαδῶν
3058 5107 3310 5163 Jackson.
3365 5106 3505 5174 apud

2474 5135 2584 5181 ις.
2670 5135 2689 5149 ⁵
2751 5135 2996 5168 ηΛιαοων
3058 5135 3310 5163 δίαυιυιυιι.
3365 5135 3502 5174 ειμιιιι

2474 5190 2721 5247 μυμέτορα
2791 5202 2853 5247 ς.
2930 5182 2952 5213 ⁸
2986 5179 3057 5232 τὰ
3094 5177 3349 5247 τεχθέντα
3379 5175 3502 5231 add.

2452 5190 2721 5258 ουμέτορα
2791 5202 2853 5248 ς.

1767 5343 1989 5400 NOT/E.

324 5478 435 5546 (66)
468 5473 712 5530 Meminit
767 5472 956 5546 Steph.
996 5472 1223 5546 Byzant.
1268 5480 1399 5522 voce
1443 5462 1731 5535 κρητηνία,
1770 5474 1827 5516 et

270 5540 481 5609 Strabo.
503 5547 597 5599 lib.
631 5558 739 5606 xiv,
772 5545 823 5595 in
862 5540 1069 5595 Rhodo.

341 5618 449 5685 (67)
472 5619 544 5671 De
564 5612 858 5685 quo_m‘ulta
880 5612 1116 5685 Pansan.

342 5673 445 5741 issi
484 5673 617 5741 vm'e
645 5681 845 5736 Elian.
879 5682 970 5735 lib.
1006 5680 1361 5750 vm,cap.5,
1409 5677 1533 5732 Var.
1583 5673 1722 5728 um.

592 5778 861 5841 Parum.
900 5778 1015 5835 Gn.
1064 5774 1222 5837 CIII.

2012 5463 2123 5531 (69)
2164 5462 2297 5518 Vide
2325 5478 2475 5531 supr.
2512 5473 2717 5518 narrat.
2742 5463 2831 5517 56.

2013 5524 2126 5604 (70)
2156 5533 2250 5587 Sic
2278 5524 2494 5604 quoque
2515 5534 2795 5604 Appianus
2826 5543 2973 5600 supr.
3004 5528 3126 5584 cod.
3156 5526 3222 5580 57
3249 5524 3388 5577 hunc
3418 5534 3507 5573 ιιο⁴

1944 5602 2134 5669 minat,
2162 5618 2321 5674 quem
2346 5602 2527 5660 Latini
2552 5602 2803 5658 Remum.

3085 5753 3158 5811 19
