3932 6240
362 253 465 316 587

1437 236 1440 238 ⁷
1523 242 1789 304 PHOTII
1829 240 2334 302 PATRIARCH/E
2373 240 2482 300 CP.

3508 238 3616 302 588

367 368 418 419 in
451 363 706 435 puerulos
735 363 878 417 forte
909 359 1118 426 incidit,
1152 367 1208 414 et
1258 358 1680 427 circumgressa,
1713 356 1934 426 vagien-

2050 353 2292 418 παιδίοις,
2321 371 2416 408 και
2453 353 2741 424 ἀμφιϐἄσα
2774 351 3334 424 κλαυθμυριζομένοις
3367 354 3461 408 καὶ
3502 357 3618 424 χεῖ-

368 459 528 523 tibus,
562 470 861 524 manusque
887 452 1229 508 tendentibus
1267 466 1532 504 mammas
1568 452 1816 518 praebuit.
1851 451 1933 505 lta

366 546 441 600 tlli
497 545 783 599 alebantur
813 542 930 596 solo
984 555 1086 594 suo
1133 555 1264 594 casu
1315 539 1687 609 indignantem
1749 539 1932 608 lupam

366 645 792 706 compescentes.
820 633 932 688 lloc
961 633 1050 686 ubi
1084 632 1215 686 vidit
1265 631 1554 686 Faustulus
1608 640 1811 700 pastor,
1850 630 1934 685 di-

366 729 548 782 vinum
595 726 721 795 quid
749 725 917 779 latere
962 734 1135 786 ratus,
1180 736 1376 792 pueros
1407 721 1564 787 tollit,
1595 731 1651 776 et
1693 737 1794 791 pro
1822 719 1936 776 suis

367 820 580 873 educat.
617 817 802 884 Longo
837 824 954 883 post
977 824 1220 883 tempore
1242 813 1295 867 in
1326 830 1450 868 eum
1477 813 1617 867 forte
1646 812 1936 867 Faustulus

369 920 638 974 pastorem
696 907 905 971 incidit,
959 906 1051 974 qui
1085 913 1434 974 exposuerat,
1487 919 1655 972 reque
1695 905 1838 957 omni
1871 904 1938 958 de

368 998 551 1068 pueris
572 999 811 1064 cognita,
851 1005 1034 1050 narrat
1054 997 1167 1066 jam
1213 994 1438 1060 adultis,
1472 997 1625 1066 regio
1659 995 1781 1049 illos
1813 1009 1936 1050 esse

369 1099 656 1144 stemmate
702 1097 880 1154 natos,
919 1088 1212 1157 Martisque
1259 1087 1520 1154 sobolem,
1557 1101 1784 1155 quaeque
1814 1101 1937 1140 cum

371 1182 552 1244 matri,
581 1190 694 1235 tum
720 1196 820 1234 avo
850 1191 1094 1233 materno
1144 1178 1475 1233 acciderant.
1530 1177 1701 1231 Erant
1751 1187 1933 1231 autem

369 1272 586 1342 egregia
620 1271 813 1338 forma,
842 1280 898 1325 et
942 1269 1185 1339 corporis
1227 1271 1420 1324 robore
1451 1269 1662 1333 invicti,
1716 1268 1943 1338 insigni-

374 1375 534 1433 taque
568 1363 815 1416 audacia.
854 1361 1137 1431 Extemplo
1179 1361 1344 1430 igitur
1374 1362 1647 1430 pugiones
1696 1369 1943 1427 arreptos

372 1455 615 1510 vestibus
662 1464 869 1523 tegunt,
930 1451 1233 1521 Albamque
1272 1452 1555 1506 accedunt.
1632 1449 1734 1503 Hic
1797 1450 1941 1518 quod

373 1545 802 1613 inexspectatum
853 1552 1000 1597 esset
1050 1558 1240 1597 eorum
1294 1542 1614 1610 inemptum,
1666 1542 1940 1595 Amulium

373 1636 491 1691 sine
517 1636 760 1704 corporis
797 1635 1110 1689 custodibus
1138 1635 1454 1703 ,reperiunt,
1490 1648 1787 1702 poenasque
1833 1632 1942 1686 exi-

375 1740 559 1802 gentes
591 1730 736 1785 ferro
765 1730 1100 1794 confodiunt,
1131 1741 1186 1784 et
1216 1737 1442 1782 matrem
1468 1745 1498 1784 e
1539 1729 1784 1783 custodia
1811 1729 1942 1782 edu-

375 1835 522 1880 cunt.
544 1823 697 1878 Plebs
724 1838 933 1892 quoque
953 1822 1384 1892 dextrasjungit,
1413 1831 1745 1892 regnantque
1773 1821 1942 1888 Albae,

375 1929 429 1972 et
459 1917 706 1971 ﬁnitimis
728 1917 780 1969 in
817 1917 974 1970 locis.
1012 1915 1216 1982 Ingenti
1239 1915 1432 1968 deinde
1462 1915 1742 1968 hominum
1772 1912 1947 1966 multi-

379 2010 564 2064 tudine
587 2011 652 2063 ad
696 2025 789 2063 eos
820 2009 1147 2071 conﬂuente,
1204 2008 1390 2063 relicta
1445 2007 1601 2073 Alba,
1630 2006 1818 2060 urbem
1851 2022 1948 2058 no-

379 2117 498 2156 vam
525 2100 821 2163 aediﬁcant.
858 2099 1195 2168 Romamque
1223 2099 1516 2168 appellant,
1555 2113 1673 2166 qua:
1700 2113 1861 2161 nunc,
1891 2103 1948 2149 ut

379 2195 457 2248 sic
490 2193 691 2258 dicam,
733 2191 1045 2246 mortalium
1092 2199 1240 2245 tenet
1289 2191 1597 2258 imperium.
1649 2189 1704 2242 In
1756 2204 1944 2243 eorum

375 2303 570 2355 porro,
611 2302 730 2355 qua:
766 2296 891 2341 tunc
926 2286 1265 2346 acciderunt,
1313 2284 1472 2340 ﬁdem
1535 2284 1841 2338 ostenditur
1894 2285 1947 2338 iu

383 2381 630 2435 Romano
658 2380 776 2434 foro
822 2394 976 2434 sacra
1031 2378 1342 2448 capriﬁcus.
1397 2378 1562 2432 aeneis
1607 2377 1771 2430 curia:
1821 2361 1949 2431 can-

381 2473 532 2528 cellis
559 2471 919 2527 circumdata.
963 2471 1259 2541 Tugurium
1296 2470 1421 2524 item
1465 2469 1518 2522 in
1577 2466 1727 2522 Jovis
1751 2469 1949 2535 templo

383 2562 784 2631 (argumentum
818 2560 964 2615 illius
994 2560 1205 2614 vivendi
1241 2560 1450 2626 formae,
1473 2574 1636 2628 quam
1665 2557 1951 2614 Faustulus

385 2652 572 2721 tenuit)
599 2669 627 2704 e
665 2651 972 2720 quisquiliis
1013 2660 1070 2705 et
1123 2650 1486 2706 tenerioribus
1524 2650 1770 2719 virgultis
1806 2659 1952 2704 stru-

384 2753 552 2808 ctum,
591 2752 938 2798 conservant.
983 2747 988 2750 ’

455 2834 880 2904 Quadragesima
915 2849 1050 2887 nona
1087 2832 1182 2888 :ln
1219 2834 1443 2903 Anaphe
1469 2834 1584 2903 (Ἠ)
1606 2832 1802 2898 insula,
1834 2847 1954 2903 quae

387 2943 546 2994 supra
578 2924 812 2978 Theram
837 2925 980 2992 Iacet
1019 2941 1123 2978 non
1150 2926 1334 2995 procul
1363 2923 1769 2990 Lacedaemone,
1817 2936 1956 2978 tem-

2040 468 2142 522 ρας
2185 449 2438 519 ὀρέγουσι
2479 451 2710 519 παρεῖχε
2758 449 2860 511 τάς
2895 447 3098 517 θηλάς·
3147 447 3214 500 τά
3257 444 3306 500 δ’
3355 448 3620 518 ἐτρέφετο

2037 542 2416 615 βαρυνομένην
2447 541 2801 596 ἀναπαύοντα
2830 542 2894 594 ἐκ
2919 543 3021 610 τῆς
3060 540 3354 610 συντυχίας
3384 541 3486 609 τὴν
3517 537 3618 591 λύ-

2010 653 2152 691 κον.
2189 634 2485 696 Φαιστύλος
2527 632 2584 686 δέ
2631 649 2713 695 τις
2754 631 3088 702 ποιμαίνων⁹
3141 629 3302 684 τοῦτο
3350 629 3473 683 ἰδὼν
3517 631 3619 684 καὶ

2036 727 2179 780 θεῖον
2207 725 2437 795 νομίσας
2459 765 2474 790 ,
2506 720 2951 792 ἀναλαμϐάνεται
2975 721 3068 773 καὶ
3091 719 3168 784 ὡς
3197 718 3391 774 ἐαυτοῦ
3425 719 3619 790 τρέφει

2033 819 2106 874 τὰ
2139 818 2348 874 παιδία.
2379 815 2572 887 Χρόνῳ
2600 813 2645 866 δ’
2682 811 2910 884 ὕστερον
2935 811 3324 883 περιτυγχάνει
3352 811 3430 882 τῷ
3457 812 3620 864 ἐκθε-

2013 912 2189 984 ’μένῳ
2227 909 2448 980 ποιμένι
2470 949 2486 974 ,
2526 907 2621 961 καὶ
2671 907 2888 962 ἅπαντα
2925 907 3056 977 παρ’
3111 905 3276 958 αὐτοῦ
3327 904 3516 974 μαθὼν
3547 904 3623 956 τά

2038 1004 2166 1076 περὶ
2197 1003 2305 1056 τῶν
2336 1001 2565 1065 παίδων,
2601 998 2936 1068 ἀπαγγέλλει
2970 997 3183 1061 τούτοις
3213 996 3480 1067 ἡϐήσασιν
3511 996 3618 1067 ήδη

2036 1097 2113 1159 ὡς
2158 1093 2351 1164 είησαν
2387 1091 2658 1163 βασιλείου
2701 1107 2763 1144 τε
2812 1091 3004 1158 γένους
3041 1091 3137 1143 καὶ
3171 1090 3383 1160 ’Ἀρεως
3426 1089 3619 1156 γοναὶ,

2040 1186 2132 1240 καὶ
2185 1186 2346 1255 ὅσαή
2387 1184 2570 1256 μήτηρ
2617 1183 2715 1238 καὶ
2753 1184 2782 1236 ὁ
2817 1181 3191 1253 μητροπάτωρ
3237 1180 3422 1236 πάθοι.
3455 1181 3520 1233 Οἱ
3559 1179 3624 1232 δὲ

2042 1279 2248 1349 (ἤστην
2283 1276 2391 1350 γὰρ
2432 1278 2476 1308 ⁸⁸
2508 1277 2663 1331 καλοί
2695 1295 2757 1330 τε
2786 1276 2906 1346 ὄψει
2941 1277 3037 1330 καὶ
3073 1273 3265 1345 ῥώμην
3291 1276 3493 1345 ἄμαχοι
3524 1272 3625 1326 καὶ

2040 1371 2216 1444 τόλμῃ
2243 1369 2514 1441 γενναῖοι)
2564 1369 2762 1424 αὐτίκα
2807 1367 3113 1439 ἐγχειρίδια
3141 1367 3535 1436 ἀναλαϐόμενοι
3575 1365 3622 1394 ¹¹

2044 1462 2140 1516 καὶ¹
2175 1460 2484 1533 κρύψαντες
2513 1462 2605 1514 ἐπὶ
2639 1461 2738 1531 τήν
2776 1459 2981 1512 ’Ἀλϐαν
3008 1457 3270 1528 ἐχώρουν,
3313 1458 3405 1511 καὶ
3434 1459 3628 1510 ἐπιτυ-

2023 1541 2232 1627 χόντες
2273 1553 2510 1626 Ἀμολίῳ
2534 1553 2577 1586 ¹²
2607 1551 2695 1606 διὰ
2722 1552 2781 1605 τὸ
2811 1551 3221 1622 ἀπροσδόκητον
3255 1549 3356 1616 τῆς
3402 1547 3628 1600 ἐπιϐου.

2045 1645 2145 1714 λῆς
2174 1645 2471 1714 ἀφυλάκτῳ
2502 1644 2766 1710 ἐπάγουσι
2812 1640 2912 1709 τὴν
2942 1640 3234 1709 τιμωρίαν,
3283 1638 3492 1707 ξίφεσιν
3522 1639 3628 1691 ἀν-

2047 1737 2257 1798 ελόντες
2279 1776 2294 1800 ,
2326 1736 2422 1789 καὶ
2459 1736 2558 1804 τὴν
2603 1732 2814 1803 μητέρα
2843 1731 3030 1784 λύουσι
3057 1729 3168 1783 τῶν
3193 1728 3432 1798 δεσμῶν.
3466 1715 3527 1781 τό
3559 1746 3622 1780 τε

2047 1827 2252 1898 πλῆθος
2295 1827 2598 1893 δεξιοῦνται
2624 1827 2697 1890 ¹³,
2737 1826 2830 1878 καὶ⁹
2867 1823 3243 1893 βασιλεύουσιν
3278 1821 3484 1883 ’Ἄλϐας
3528 1822 3630 1873 καὶ

2027 1920 2158 1973 ’τῶν
2187 1920 2318 1990 περὶ
2344 1919 2534 1989 αύτήν.
2560 1917 2762 1970 Πολλοῦ
2789 1916 2845 1970 δέ
2866 1917 3049 1979 αὐτοῖς
3073 1914 3551 1986 πωσερρυηκότος
3581 1914 3630 1944 ³⁸

2047 2010 2290 2078 πλήθους
2323 2008 2689 2079 μεταστάντες
2721 2006 2927 2070 ’Ἄλϐας
2958 2007 3204 2071 κτίζουσι
3249 2006 3433 2071 πόλιν,
3489 2003 3631 2058 Ῥώ-

2053 2118 2160 2170 μην
2203 2101 2642 2170 ἐπονομάσαντες
2664 2141 2678 2165 ,
2715 2100 2748 2169 ἢ
2783 2099 2880 2152 νῦν
2917 2099 2990 2162 ὡς
3028 2100 3202 2151 εἰπεῖν
3230 2098 3292 2150 τὸ
3322 2094 3632 2167 ἀνθρώπων

2050 2194 2165 2264 ἔχει
2188 2193 2408 2264 κράτος.
2442 2192 2728 2244 Δείκνυται
2751 2191 2810 2244 δὲ
2839 2190 3114 2262 μαρτυρία
3137 2191 3181 2220 ¹⁸
3204 2187 3311 2242 τῶν
3331 2189 3449 2242 τότε
3475 2191 3634 2258 παρὰ

2061 2287 2351 2356 Ῥωμαίοις
2379 2285 2472 2338 ἐπὶ
2503 2285 2602 2352 τῆς
2633 2284 2841 2354 ἀγορᾶς
2866 2284 3075 2354 ἐρινεὸς
3105 2283 3247 2353 ἱερὰ,
3274 2280 3369 2335 τοῦ
3406 2281 3636 2350 βουλευ-

2049 2378 2241 2448 τηρίου
2268 2377 2510 2445 κιγκλίσι
2539 2378 2768 2448 χαλκαῖς
2796 2375 3224 2446 περιειργομένη
3247 2417 3261 2437 ,
3294 2373 3388 2427 καὶ
3415 2373 3634 2443 καλύϐη

2050 2487 2134 2534 τις
2184 2472 2241 2524 ἐν
2281 2470 2357 2539 τῷ
2397 2470 2487 2523 τοῦ
2529 2469 2650 2534 Διὸς
2686 2469 2817 2541 ἱερῷ
2855 2468 3146 2540 γνώρισμα
3194 2467 3291 2536 τῆς
3328 2467 3635 2520 Φαιστύλου

2052 2561 2264 2631 διαίτης
2289 2561 2352 2625 ¹⁶,
2389 2563 2455 2632 ἣν
2494 2562 2559 2613 ἐκ
2590 2561 2840 2629 φορυτῶν
2872 2561 2967 2614 καὶ⁹
3000 2559 3139 2614 νέων
3178 2557 3470 2630 φρυγάνων
3501 2575 3636 2612 συν-

2055 2655 2311 2720 ιστῶντες
2339 2654 2720 2720 διασώζουσιν.

2138 2834 2205 2886 Ἥ
2247 2833 2356 2905 μΘ’,
2383 2832 2460 2896 ὡς
2505 2833 2565 2887 ἐν
2634 2833 2843 2906 Ἀνάφῃ
2880 2834 2946 2904 τῇ
2998 2833 3146 2904 νήσῳ
3178 2831 3352 2904 (αῦτη
3391 2833 3436 2886 δ’
3480 2831 3639 2885 ἐστὶν

2059 2925 2202 2996 ὑπὲρ
2247 2929 2412 2996 νήσου
2455 2925 2669 2996 Θήρας,
2708 2925 2806 2995 ούχ
2837 2927 2970 2988 ἐκὰς
3006 2926 3105 2995 τῆς
3147 2925 3636 2995 Δακεδαιμονίων)

365 3019 534 3084 .plum
579 3026 700 3072 erat
744 3017 982 3086 Apollini
1037 3017 1264 3086 Egletae
1313 3033 1528 3072 sacrum
1595 3017 1732 3088 (72),
1764 3017 1820 3072 in
1847 3033 1948 3089 quo

2063 3018 2204 3089 ἱερὸν
2273 3017 2608 3082 Ἀπόλλωνος
2669 3018 2930 3086 αἰγλήτου
3003 3018 3242 3088 ἵδρυται,
3299 3020 3358 3071 ἐν
3413 3010 3459 3084 ᾧ
3536 3019 3638 3070 σὺν

389 3110 772 3164 sacrificabant
836 3110 1065 3164 insulani
1115 3126 1238 3164 cum
1299 3110 1573 3171 irrisione,
1610 3109 1702 3164 tali
1735 3111 1851 3166 fere
1886 3111 1955 3166 de

389 3220 550 3258 causa
584 3202 905 3267 :Jasonem,
953 3218 983 3257 e
1014 3202 1272 3257 Colchide
1303 3210 1453 3270 rapta
1509 3199 1695 3256 Medea
1736 3201 1954 3256 domum

392 3299 730 3358 redeuntem,
768 3295 939 3348 valida
970 3295 1241 3364 oppressit
1269 3299 1584 3362 tempestas,
1615 3307 1790 3361 reque
1808 3291 1956 3346 omni

388 3393 693 3458 desperata,
725 3387 907 3456 Argivi
953 3386 1004 3439 in
1061 3386 1184 3438 navi
1212 3385 1277 3438 ad
1327 3399 1516 3454 preces
1569 3393 1798 3453 votaque
1823 3398 1958 3438 con-

363 3481 626 3553 ‘fugiunl.
657 3479 847 3548 Apollo
878 3477 1046 3548 igitur
1085 3492 1271 3529 arcum
1303 3476 1435 3546 ipsis
1469 3477 1791 3543 obtendens,
1817 3478 1959 3532 mala

390 3576 568 3628 oninia
597 3571 812 3629 avertit,
833 3580 888 3623 et
909 3569 1121 3637 fulgure
1145 3586 1174 3622 e
1201 3567 1340 3622 caelo
1356 3579 1698 3637 erumpente,
1720 3569 1956 3623 insulam

389 3666 570 3719 subito
591 3672 738 3718 terra
779 3676 845 3716 ex
877 3659 990 3713 imo
1028 3660 1195 3712 maris
1235 3659 1447 3727 gurgite
1469 3659 1674 3724 emisit,
1717 3660 1770 3712 in
1795 3674 1956 3728 quam

392 3757 727 3817 desilientes,
751 3753 893 3822 quod
933 3751 1163 3819 primum
1204 3765 1322 3804 eam
1355 3752 1436 3806 sol
1473 3761 1600 3805 tunc
1633 3751 1957 3820 aspexisset,

393 3846 653 3916 Anaphen
680 3846 746 3897 ab
769 3853 966 3897 eventu
993 3842 1364 3908 nominarunt,
1385 3855 1444 3898 et
1473 3852 1725 3912 tanquam
1751 3859 1959 3898 sacrant

393 3936 558 3988 andem
576 3932 811 4003 Apollini
852 3929 1079 3998 Egletzn
1105 3939 1434 3994 statuerunt,
1479 3929 1784 3999 festumque
1815 3933 1958 3985 diem

387 4027 569 4080 hilare
600 4033 830 4094 egerunt
859 4038 980 4077 cum
1009 4022 1205 4090 epulis,
1235 4038 1299 4076 eo
1325 4024 1467 4092 quod
1497 4023 1814 4077 incredibile
1838 4021 1964 4078 etfu-

394 4118 602 4188 gissent
645 4115 866 4169 tnalum.
919 4113 1102 4167 Medea
1157 4114 1381 4168 interim
1432 4129 1555 4168 cum
1583 4115 1698 4168 suis
1724 4115 1958 4179 ancillis,

389 4224 534 4277 quas
595 4208 659 4260 ad
725 4215 1034 4261 contractas
1085 4205 1282 4277 142a
1333 4220 1454 4260 cum
1500 4203 1699 4259 Jasone
1747 4208 1963 4272 nuptias

385 4299 540 4353 dono
571 4295 684 4367 (75)
711 4305 1015 4366 acceperat,
1049 4306 1172 4364 post
1196 4295 1301 4348 vini
1337 4303 1520 4364 potum
1555 4293 1764 4360 ludens,
1787 4309 1964 4348 SCOtII-

2056 3109 2330 3180 τωθασμῷ
2383 3109 2433 3162 οἱ
2477 3108 2761 3179 ἐπιχώριοι
2809 3109 2998 3162 θύουσι
3026 3111 3094 3164 δι’
3129 3110 3308 3162 αἰτίαν
3339 3109 3595 3178 τοιαύτην
3616 3124 3636 3140 ο

2058 3202 2190 3254 Ὅτε
2235 3200 2426 3254 Ἰάσων
2472 3199 2538 3253 ἐκ
2582 3199 2806 3270 Κόλχων
2863 3201 3108 3271 Μήδειαν
3148 3200 3405 3269 ἀρπάσας
3457 3197 3637 3252 οἴκαδ’

2059 3291 2232 3356 ἔπλει,
2258 3289 2464 3362 χειμὼν
2493 3292 2690 3354 αὐτοὺς
2711 3291 2920 3360 άφατος
2947 3292 3202 3362 περιέσχε
3232 3292 3327 3344 καὶ
3353 3289 3640 3361 ἀμηχανία

2059 3385 2246 3436 πᾶσα·
2284 3381 2592 3453 εὐχομένων
2626 3382 2686 3436 δὲ
2743 3382 2838 3435 καὶ
2890 3381 3061 3435 πολλὰ
3094 3383 3204 3435 τῶν
3244 3384 3304 3435 ἐν
3327 3385 3394 3453 τῇ
3451 3382 3641 3451 Ἀργοῖ

2058 3475 2351 3542 δεομένων,
2395 3475 2692 3538 Ἀπόλλων,
2724 3474 2878 3541 τόξον
2901 3475 3081 3528 αὐτῶν
3126 3463 3537 3545 ὑπερανασχὼν,
3568 3473 3641 3526 τὰ

2057 3567 2210 3620 δεινὰ
2253 3567 2495 3621 διέλυσεν
2551 3566 2792 3630 ἅπαντα,
2856 3563 2982 3638 [457
3028 3565 3119 3637 R.]
3177 3567 3271 3620 καὶ
3310 3565 3531 3628 σέλατος
3578 3565 3640 3629 ἐξ

2061 3658 2290 3729 ούρανοῦ
2345 3659 2673 3722 διαῒσσοντος
2731 3659 2896 3728 νῆσον
2945 3659 3171 3729 ἀνέσχεν
3220 3660 3253 3729 ή
3314 3658 3386 3725 γῆ
3433 3659 3497 3710 ἐκ
3541 3655 3637 3708 τοῦ

2065 3751 2248 3822 βυθαδν
2278 3751 2359 3815 είς
2391 3752 2458 3822 ἢν
2485 3750 2866 3822 ὁρμισάμενοι,
2902 3750 2978 3814 ὡς
3012 3753 3228 3821 πρῶτον
3256 3750 3517 3818 ὀφθεῖσαν
3544 3750 3639 3818 ὑφ’

2063 3844 2214 3915 ἡλίου
2261 3844 2404 3908 τότε,
2462 3843 2700 3914 Ἀνάφην
2738 3843 2845 3897 ἀπὸ
2891 3844 2989 3913 τῆς
3024 3844 3313 3913 συντυχίας
3351 3843 3639 3906 ἐκάλεσαν,

2064 3935 2161 3988 καὶ
2205 3935 2348 4003 ἱερὸν
2379 3935 2423 3966 ¹⁷
2467 3933 2802 3995 Ἀπόλλωνος
2855 3932 3120 4004 Αἰγλήτου
3183 3934 3502 4005 ἱδρύσαντο,
3545 3937 3645 3987 καὶ

2065 4025 2418 4095 εὐφραίνοντο
2448 4024 2546 4094 τῆς
2588 4023 2913 4076 ἀνελπίστου
2943 4023 3053 4077 τῶν
3095 4025 3283 4078 κακῶν
3320 4024 3646 4094 ἀπαλλαγῆς

2067 4119 2159 4172 καὶ
2186 4118 2229 4151 ¹⁶
2259 4119 2377 4180 ταῖς
2403 4116 2590 4178 άλλαις
2612 4115 2882 4185 εὐωχίαις.
2906 4116 3118 4187 Μήδεια
3147 4117 3203 4169 δὲ
3233 4118 3328 4170 σὺν
3350 4119 3472 4180 ταῖς
3500 4117 3643 4185 ἀμφ’

2067 4211 2235 4280 αὐτὴν
2261 4209 2526 4278 γυναιξὶν,
2571 4209 2627 4261 αἲ
2650 4209 2824 4278 δῶρον
2852 4205 2994 4278 ἦσαν
3022 4210 3215 4279 γάμων
3239 4209 3347 4262 τῶν
3388 4208 3645 4270 Ἰάσονος,

2069 4300 2359 4366 παίζουσαι
2391 4300 2531 4370 μετά
2567 4298 2738 4369 μέθην
2785 4299 3064 4352 ἔσκωπτον
3092 4300 3218 4362 τοὺς
3259 4299 3445 4368 ἥρωας
3488 4300 3545 4351 ὲν
3576 4299 3645 4366 τῇ

403 4393 562 4446 matis
607 4390 804 4444 heroas
839 4389 1118 4458 pervigilio
1146 4387 1473 4455 excipiebat.
1525 4385 1603 4438 llli
1651 4399 1781 4439 vero
1829 4399 1948 4438 cou-

2070 4392 2403 4461 παννυχίδισ
2439 4392 2487 4443 οἱ
2535 4390 2593 4442 δὲ
2641 4389 3016 4454 άντετώθαζον
3067 4391 3165 4454 τὰς
3198 4394 3484 4458 γυναῖκας.
3546 4389 3649 4443 Ἐκ

395 4484 537 4538 vicia
567 4482 808 4535 vicissim
864 4480 1183 4534 mulieribus
1238 4477 1581 4549 regerebant.
1635 4475 1786 4532 Unde
1840 4486 1948 4529 nat:

2073 4483 2264 4536 τούτου
2291 4480 2579 4552 τοιγαροῦν
2606 4482 2700 4534 καὶ
2729 4482 3018 4552 Ἀνάφηςη
3036 4482 3161 4554 [⁸256
3187 4481 3277 4554 ll
3296 4485 3324 4535 ὁ
3349 4482 3478 4544 λαὸς
3497 4479 3650 4551 (ᾠκί-

399 4575 752 4638 consuetudo,
813 4582 872 4626 ut
936 4573 1171 4626 insu'aui
1219 4571 1308 4626 isti
1352 4570 1620 4642 (habitata
1664 4567 1807 4622 enim
1849 4581 1943 4634 pos

2076 4576 2179 4646 σθη
2217 4575 2326 4644 γὰρ
2353 4575 2386 4645 ἡ
2417 4575 2600 4644 νῆσος)
2642 4572 2745 4627 ἀνὰ
2781 4575 2888 4627 πᾶν
2922 4573 3041 4638 ἔτος
3083 4574 3379 4628 Ἀπόλλωνι
3413 4573 3650 4644 αἱγλήτῃ

397 4667 621 4734 Anaphe
651 4666 756 4733 est)
797 4664 1173 4719 anniversario
1205 4661 1314 4716 ritu
1353 4661 1588 4731 Apollini
1635 4659 1862 4727 Egletze
1884 4659 1936 4711 in

2075 4661 2472 4735 κερτομοῦντες
2499 4660 2780 4732 ἀλλήλους,
2799 4662 2990 4732 ἑορτὴν
3012 4663 3058 4694 ³ο
3087 4663 3226 4716 κατά
3251 4663 3478 4734 μίμησιν
3501 4663 3650 4713 ἐκεί-

403 4759 572 4811 vicem
599 4756 992 4819 conviciantes,
1027 4757 1222 4810 festum
1249 4755 1390 4810 diem
1418 4755 1481 4808 ad
1523 4754 1737 4810 illorum
1787 4752 1948 4805 inuita

2077 4773 2184 4817 νων
2211 4755 2456 4823 ἄγουσιν.

397 4851 600 4903 tionem
622 4845 977 4902 celebrarent.

1701 4982 1933 5039 VARle
1970 4981 2372 5040 LECTIONES.

472 5087 493 5116 ⁹
520 5085 792 5154 ποιμένων
821 5086 864 5134 A
901 5101 914 5135 :
951 5082 1060 5154 τῶν
1112 5081 1385 5154 ποιμένων
1420 5097 1480 5143 ς.
1505 5149 1544 5154 __
1577 5078 1772 5154 _‘°_7&_p
1823 5077 1948 5131 add.
2080 5096 2093 5132 :
2137 5077 2298 5132 idem.
2322 5093 2450 5154 _om.
2487 5095 2566 5131 τε.
2645 5077 2700 5154 ‘_‘_
2721 5076 2923 5154 τόλμαν
2957 5091 3103 5154 γενν..
3135 5073 3230 5154 και
3257 5073 3378 5126 αὐτ.
3423 5088 3483 5153 ςς.
3521 5069 3654 5123 ἀνα-

403 5141 800 5224 λαμϐανόμενοι
824 5154 888 5206 Δ.
958 5141 1323 5224 ν’ἒβΑμουλίῳ
1491 5149 1545 5224 ff
1574 5141 1837 5224 δεξιοῦται
1877 5164 1937 5224 (ς.
2015 5149 2058 5178 δ”
2097 5148 2553 5224 προσρυέντος-ς.
2658 5149 2701 5224 ¹ξ⁵
2743 5141 3015 5224 μαρτύρια
3051 5143 3287 5224 lleynius
3320 5159 3345 5224 ε⁵
3377 5141 3482 5224 (μή.
3527 5156 3654 5193 mox

403 5212 510 5295 πᾴὸ
569 5212 662 5278 τοῦ
704 5224 850 5294 βουλ.
952 5223 996 5253 ¹⁶
1026 5212 1410 5295 διαΐξοντοςμΑ.
1451 5219 1531 5295 ,⁸⁷
1563 5221 1655 5271 καὶ
1692 5218 1766 5280 ὡς
1807 5218 1948 5285 ἱερὴν
1978 5235 2039 5281 ς.
2118 5212 2161 5248 ’⁸
2198 5212 2326 5288 καὶ]
2359 5216 2570 5281 Θυσίαις
2608 5218 2702 5270 καὶ
2743 5212 3002 5287 He'yuius.
3108 5212 3150 5247 ιθ
3176 5214 3424 5282 ἀναφέως
3453 5212 3517 5263 Α.
3585 5227 3654 5263 an

405 5289 508 5364 leg.
543 5289 892 5364 Ἀναφάῐωνῖ
965 5295 1008 5323 ²⁰
1044 5294 1159 5345 ἁλὶ..
1192 5292 1285 5343 καί
1319 5289 1510 5358 ἑορτὴν
1545 5305 1604 5350 ς.

1956 5403 2182 5460 NOTAE.

2085 5517 2392 5655 dui7l’iicltb
2424 5587 2583 5643 Arete
2609 5586 2815 5642 Alcinoi
2850 5585 3253 5655 Phieacensium
3285 5582 3428 5655 regis
3462 5592 3657 5643 uxore,

2095 5653 2375 5711 duddecini
2412 5672 2657 5723 numero,
2709 5666 2762 5710 ut
2801 5666 2988 5712 narrat
3031 5654 3278 5726 Apollod.
3310 5653 3399 5707 lib.
3436 5666 3474 5703 t.

467 5525 579 5592 (7i)
604 5526 676 5577 De
691 5539 792 5590 qua
811 5523 998 5588 Steph.
1021 5520 1240 5588 Byzant.
1259 5517 1448 5569 Totam
1468 5532 1631 5592 porro
1648 5515 1879 5592 fabulam
1894 5515 1973 5569 le-

405 5588 498 5662 ges
519 5588 655 5660 apud
683 5588 853 5657 Apoll.
887 5592 1149 5643 llhodmm
1188 5599 1431 5662 extreme
1468 5588 1560 5637 lib.
1601 5601 1656 5662 tv_
1680 5589 1975 5662 :irgouaut.

472 5656 583 5723 £79.)
620 5662 827 5731 {Egle
858 5662 1040 5717 scribit
1074 5657 1321 5726 Apullud.
1360 5657 1450 5708 lib.
1488 5671 1527 5722 ι,
1570 5657 1657 5724 qui
1687 5657 1778 5709 tibi
1817 5656 1986 5722 lt'gt'll-
