3932 6240
351 249 464 314 589
1394 253 1915 318 BIBLIOTHECA.
1950 284 2018 296 —
2041 258 2206 318 COD.
2246 258 2593 320 CLXXXVI.
3502 265 3605 328 590

444 360 510 414 Ἦ
532 359 572 414 ν’
598 359 674 424 ὡς
708 358 1053 432 Ἀλέξανδρον
1081 360 1172 414 τὸν
1201 361 1462 433 τύραννον
1482 365 1633 435 Θήϐη
1659 368 1870 438 ἀναιρεῖ
1892 368 1926 439 ή

2099 368 2552 439 Quiuquagesima
2571 366 2838 422 narratio:
2861 366 3166 422 Alexander
3196 368 3306 440 (75)
3344 377 3604 440 tyrannus

355 452 524 507 αὐτοῦ
563 453 723 522 γυνή.
753 452 902 522 Αὕτη
934 452 980 506 δ’
1023 446 1091 523 ἦν
1140 452 1370 518 Ἰάσονος
1403 455 1502 526 μὲν
1540 456 1804 527 θυγάτηρ,
1837 457 1929 511 τοῦ

2045 476 2068 516 a
2119 460 2305 517 Thebe
2356 462 2583 530 conjuge
2649 460 2968 515 interfectus
3041 470 3147 516 est.
3203 461 3327 517 llaec
3394 461 3609 518 Ja'sonis

357 543 491 596 ποτὲ
537 541 835 606 Θεσσαλίας
861 543 905 573 ²¹
946 543 1387 613 τυραννήσαντος
1407 583 1422 607 ,
1451 544 1709 614 ἀδελφοὺς
1728 546 1773 599 δ’
1818 543 1931 617 εἶχε

2045 564 2186 617 ejiis,
2215 547 2310 619 qui
2340 547 2393 604 in
2425 546 2701 602 Thessalia
2734 547 3006 617 quondam
3042 559 3316 617 regnarat.
3353 549 3460 603 filia
3479 550 3604 612 fuit.

356 634 539 704 τρεῖς,
571 633 865 703 Τισίφονον
896 633 990 688 καὶ
1038 633 1364 704 Λυκόφρονα
1399 635 1494 688 καὶ
1536 637 1814 692 Πυθόλαον
1849 642 1893 671 η
1914 655 1928 668 ο

2045 640 2340 709 fratresque
2369 639 2608 693 uterinos
2644 649 2773 703 tres,
2805 646 2958 708 patre
2983 629 3193 694 Eulabe
3225 640 3338 710 (75)
3372 641 3607 709 genitos,

355 727 686 798 ὁμομήτριοι
718 727 764 780 δ’
791 722 952 797 ἦσαν,
989 727 1174 798 πατὴρ
1207 727 1251 781 δ’
1285 728 1466 783 αὐτῶν
1495 729 1748 801 Εὐάλκης
1767 732 1812 762 ’³
1842 727 1930 802 ἧν.

2045 731 2241 793 habuit.
2268 729 2641 799 Tisipbouum,
2670 729 3023 799 Lycophrona
3047 738 3098 783 et
3131 728 3470 799 Pytholaum.
3501 728 3610 782 [his

357 817 597 880 Τούτους
637 817 991 889 Ἀλέξανδρος
1019 811 1174 881 οὗτος
1193 820 1222 872 ὁ
1246 818 1430 888 Φερῶν
1443 819 1512 872 δι’
1536 819 1770 890 ὑποψίας
1797 820 1931 891 ἔχων

2045 820 2338 875 Alexander
2413 820 2503 874 ille
2562 818 2912 874 Pheraeorum
2968 829 3251 889 suspectos
3306 820 3530 886 habens,
3570 835 3604 874 e

309 964 314 968 ,
354 909 595 979 ἐμελέτα
637 910 843 963 ἀνελεῖν
867 924 882 938 ·
931 907 1086 973 εἰδὼς
1131 909 1176 962 δ’
1203 910 1280 973 ὡς
1309 910 1411 963 οὐκ
1451 911 1738 982 ἀνάσχοιτο
1781 912 1931 984 Θήῆη

2045 912 2216 967 medio
2284 909 2472 966 tollere
2527 910 2799 966 studebat.
2854 909 3082 978 Cognito
3146 919 3325 965 autem
3387 909 3608 965 Theben

359 1003 623 1073 περιιδεῖν
651 1002 780 1065 τοὺς
803 1000 1174 1072 ὁμομητρίους
1198 1000 1622 1072 ἀναιρουμένους
1647 1003 1931 1072 ἀδελφοὺς,

2045 1017 2376 1072 nequaquam
2407 1016 2560 1071 aequo
2591 1001 2821 1055 laturam
2849 1002 3030 1055 animo
3085 1001 3417 1056 uterinornm
3473 1017 3601 1058 suo-

358 1067 454 1147 acati.
479 1092 652 1165 αὐτὴν
671 1067 886 1146 ἐπενόει
910 1067 1242 1146 συνανελεῖν.
1264 1067 1374 1147 Keil
1401 1067 1586 1163 νήφων
1618 1094 1717 1164 μὲν
1737 1067 1931 1166 εέρυεέ

2045 1110 2152 1147 rum
2187 1093 2418 1147 fratrum
2461 1093 2686 1155 caedem,
2719 1092 2888 1162 ipsam
2919 1107 3135 1162 quoque
3177 1092 3490 1148 interimere
3518 1095 3614 1148 de~

357 1184 419 1237 τὸ
442 1182 741 1254 βούλευμα,
780 1180 995 1252 μεθύων
1019 1181 1076 1234 δὲ
1113 1177 1212 1252 (ἦν
1245 1181 1355 1251 γὰρ
1369 1183 1550 1252 ἥττων
1580 1181 1758 1246 οἴνου)
1792 1197 1931 1252 παρ-

2045 1187 2230 1240 crevit.
2279 1185 2509 1241 Sobrius
2565 1185 2731 1256 igitur
2789 1183 2946 1240 facile
3009 1183 3293 1239 consilium
3355 1185 3608 1251 tegebat:

355 1276 599 1346 εγύμνου
650 1291 711 1327 τε
739 1273 840 1327 καὶ
878 1273 1255 1328 ἀπεκάλυπτε.
1289 1273 1440 1344 Θήϐη
1481 1274 1538 1327 δὲ
1566 1272 1626 1327 τὸ
1665 1273 1931 1344 βούλευμα

2045 1284 2092 1330 at
2121 1277 2246 1332 vino
2273 1283 2461 1344 captus
2485 1277 2769 1347 (ebriosus
2796 1275 2945 1330 enim
2977 1273 3133 1344 erat)
3161 1289 3272 1328 rem
3306 1274 3605 1342 aperiebat.

361 1361 632 1433 μαθοῦσα,
665 1363 780 1424 τοῖς
821 1361 919 1432 μὲν
945 1362 1195 1431 ἀδελφοῖς
1228 1363 1530 1433 ἐγχειρίδια
1557 1362 1723 1416 δοῦσα
1758 1379 1931 1434 παρα-

2045 1369 2109 1426 Ut
2153 1384 2282 1439 ergo
2345 1367 2532 1422 Thebe
2597 1367 2886 1422 consilium
2955 1365 3084 1421 illud
3140 1364 3424 1430 intellexit,
3487 1369 3614 1420 dato

360 1453 724 1518 σκευάζεσθαι
777 1453 913 1524 πρὸς
952 1455 1053 1524 τὴν
1103 1454 1318 1527 σφαγὴν
1355 1456 1681 1526 παρεκάλει,
1721 1453 1850 1526 οἴνῳ
1877 1454 1931 1508 δὲ

2045 1460 2266 1529 singulis
2315 1459 2582 1515 fratribus
2627 1459 2898 1529 pugione,
2936 1458 2999 1512 ad
3032 1455 3233 1512 caedem
3283 1455 3608 1518 faciendam.

359 1543 542 1614 πολλῷ
613 1544 960 1616 Ἀλέξανδρον
1029 1543 1341 1614 βαπτισασα
1401 1547 1497 1600 καὶ
1560 1546 1931 1601 κατευνάσασα

2045 1562 2098 1606 ιιι
2130 1566 2190 1607 se
2222 1557 2566 1620 comparent,
2597 1549 2864 1604 hortatur.
2914 1545 3032 1616 Ipsa
3064 1545 3430 1600 Alexandrum
3464 1561 3613 1602 mero

359 1637 638 1707 ἐκπέμπει
679 1638 806 1697 τοὺς
833 1636 926 1691 τοῦ
960 1636 1204 1708 θαλάμου
1244 1637 1516 1707 φύλακας,
1561 1638 1833 1708 προφάσει
1862 1638 1931 1700 ὡς

2045 1642 2266 1712 impleas
2297 1651 2352 1698 et
2375 1641 2619 1710 sopiens,
2652 1640 2893 1696 dimissis
2923 1654 2954 1692 e
2995 1637 3236 1692 conclavi
3271 1637 3609 1703 custodibus,

357 1727 605 1800 λουτροῖς
633 1729 974 1801 χρησομένη,
1005 1729 1100 1782 καὶ
1127 1729 1251 1792 τοὺς
1280 1729 1546 1799 ἀδελφοὺς
1569 1729 1662 1782 ἐπὶ
1689 1729 1749 1783 τὸ
1777 1727 1931 1800 ἐργον

2045 1733 2269 1801 [ιιιωείιο
2327 1731 2530 1796 colore,
2592 1729 2748 1798 quasi
2813 1729 2867 1783 in
2930 1727 3124 1782 balneo
3192 1725 3376 1778 lavare
3432 1725 3613 1789 vellet,

359 1818 570 1888 ἐκάλει.
598 1820 662 1872 Οἱ
690 1818 747 1872 δὲ
785 1819 1125 1883 ἀπεδειλίων,
1156 1819 1252 1872 καὶ
1284 1820 1519 1890 μάλιστα
1547 1818 1726 1874 αὐτῶν
1748 1820 1776 1874 ὁ
1803 1817 1931 1872 νεώ-

2045 1822 2244 1878 fratres
2287 1836 2412 1875 mox
2471 1820 2539 1874 ad
2611 1817 2822 1873 facinus
2873 1816 3086 1872 incitat.
3144 1813 3244 1881 Qui
3297 1828 3419 1868 cum
3473 1815 3615 1868 timi-

357 1927 521 1973 τατος
540 1910 612 1966 ³⁵.
649 1909 715 1964 Ἢ
744 1910 802 1964 δὲ
835 1910 970 1964 ἄλλα
1001 1928 1061 1964 τε
1093 1910 1580 1982 διαπειλησαμένη,
1607 1911 1702 1964 καὶ
1737 1909 1810 1974 ὡς
1844 1909 1934 1964 τὸν

309 2033 315 2037 π
370 2002 717 2073 Ἀλέξανδρον
767 2002 966 2057 αὐτίκα
991 2005 1038 2037 ’⁵
1085 2003 1338 2074 ἀνεγερεῖ
1387 2003 1482 2056 καὶ
1540 2000 1933 2073 καταγορεύσει

358 2092 541 2146 αὐτῶν
588 2092 678 2146 τὸν
729 2093 909 2161 φόνον,
968 2090 1192 2162 θαρρεῖν
1246 2092 1442 2154 αὐτοὺς
1495 2090 1785 2145 ὲὸιάσατου
1838 2091 1933 2144 καὶ

357 2185 630 2240 κτείνουσι
659 2183 1004 2256 κοιμώμενον
1029 2185 1121 2238 τὸν
1156 2182 1524 2254 Ἀλέξανδρον.
1551 2183 1705 2255 θήόη
1729 2183 1786 2237 δὲ
1806 2184 1934 2247 τοὺς

356 2277 638 2347 ἡγεμόνας
672 2276 780 2330 τῶν
810 2275 1068 2346 φυλάκων
1101 2275 1556 2346 εἰσκαλεσαμένη,
1599 2277 1696 2328 καὶ
1731 2275 1802 2329 τὰ
1837 2276 1935 2346 μὲν

361 2369 614 2432 ἀπειλαῖς
666 2368 736 2422 τά
784 2367 832 2422 δ’
879 2368 1233 2437 ἐπαγγελίαις
1291 2365 1597 2422 ὑπελθοῦσα
1620 2369 1699 2430 ’⁸,
1755 2367 1935 2421 πείθει

310 2496 316 2501 -
363 2458 898 2527 συγκατασκευάζειν
936 2461 1074 2532 αὐτῇ
1121 2461 1220 2531 τὴν
1251 2460 1560 2532 τυραννίδα.
1596 2460 1708 2514 Καὶ
1749 2460 1798 2512 οἱ
1837 2460 1936 2530 μὲν

359 2548 686 2618 ἐπέτρεπον.
716 2550 826 2602 Καὶ
851 2550 988 2622 αὑτὴ
1008 2551 1108 2621 τὴν
1133 2551 1231 2621 μὲν
1255 2551 1408 2622 ἰσχὺν
1431 2551 1669 2620 δέχεται,
1695 2549 1935 2620 τοῦνομα

358 2638 417 2692 δὲ
450 2640 545 2691 καὶ
583 2639 682 2710 τὴν
709 2638 867 2704 δόξαν
905 2634 1007 2709 τῆς
1031 2641 1345 2712 τυραννίδος
1389 2641 1662 2711 Τισιφόνῳ
1683 2640 1763 2712 τῷ
1797 2657 1934 2712 πρε-

361 2731 610 2803 σϐυτάτῳ
631 2733 676 2765 ’⁷
702 2733 812 2786 τῶν
841 2732 1087 2802 ἀδελφῶν
1117 2733 1320 2789 δίδωσι.

431 2909 620 2965 Ταῦτα
660 2909 759 2981 μὲν
790 2910 900 2964 τῶν
932 2911 1180 2975 Κόνωνος
1233 2917 1276 2964 ν’
1307 2911 1634 2983 διηγήσεων.
1693 2911 1936 2976 Ἀττικὸς

357 3000 418 3054 δὲ
450 3002 550 3074 τὴν
583 3003 785 3074 φράσιν
824 3005 960 3069 ἐστὶ,
993 3006 1112 3066 ταῖς
1150 3020 1210 3056 τε
1242 3003 1539 3076 συνθήκαις
1566 3004 1660 3058 καὶ
1692 3007 1812 3068 ταῖς
1850 3002 1934 3056 λέ-

2039 1913 2162 1968 dius
2224 1921 2466 1984 agerent,
2524 1919 2580 1966 et
2645 1908 2878 1964 tuaxime
2933 1917 3066 1962 natu
3127 1904 3406 1971 minimus,
3475 1905 3616 1960 inter

2041 2003 2145 2058 alia
2195 2003 2523 2058 comminata
2571 2008 2676 2064 est.
2704 2014 2764 2055 se
2792 2009 2846 2054 et
2883 1997 3252 2052 Alexandrum
3315 1992 3610 2051 confestim

2040 2094 2412 2158 excitaturam,
2432 2102 2488 2150 et
2509 2103 2567 2148 ut
2586 2093 2748 2148 caedis
2775 2105 2894 2147 reos
2910 2097 3312 2149 accusaturam.
3347 2088 3437 2146 Sic
3462 2088 3512 2142 vi
3538 2089 3615 2143 illi

2043 2187 2109 2240 ad
2164 2187 2471 2242 audendum
2542 2185 2744 2247 adacti,
2817 2181 3179 2240 dormientem
3242 2182 3614 2239 Alexandrum

2037 2279 2303 2349 jugulant.
2339 2277 2452 2333 Nec
2514 2291 2664 2332 mora
2730 2275 2936 2340 Thebe,
3009 2275 3255 2345 corporis
3329 2276 3612 2330 custodum

2043 2367 2311 2437 praefectis
2369 2367 2434 2420 ad
2481 2379 2541 2422 se
2595 2365 2897 2426 accersitis,
2951 2373 3006 2418 et
3071 2380 3179 2438 qua
3248 2364 3438 2436 minis,
3503 2379 3620 2440 qua

2043 2458 2528 2530 pollicitationibus
2595 2473 2717 2523 usa,
2783 2461 3094 2527 persuadet,
3161 2459 3262 2514 sibi
3313 2469 3372 2514 ut
3424 2459 3476 2513 in
3519 2475 3614 2512 ac-

2041 2547 2304 2619 quirendo
2353 2561 2519 2618 regno
2576 2549 2774 2602 adsint.
2823 2547 2901 2602 Illi
2953 2547 3222 2616 postulata
3291 2547 3614 2607 concedunt.

2041 2652 2204 2710 atque
2233 2641 2349 2711 ipsa
2394 2639 2679 2709 imperium
2725 2638 2944 2708 quidem
2978 2638 3083 2692 sibi
3133 2639 3381 2707 sumpsit,
3419 2652 3615 2693 nomen

2043 2748 2173 2788 vero
2239 2731 2561 2800 titulumque
2622 2731 2774 2800 regni
2831 2727 3129 2799 Tisiphone
3187 2728 3420 2783 fratrum
3482 2739 3609 2783 natu

2042 2826 2282 2882 maximo
2318 2823 2608 2879 concessit.

2114 2917 2385 2972 Hactenus
2414 2931 2481 2970 ex
2523 2913 2913 2985 quinquaginta
2973 2912 3079 2968 illis
3130 2912 3368 2968 Cononis
3428 2928 3616 2968 narra-

2045 3012 2299 3067 tionibus.
2379 3009 2558 3062 Attico
2637 3007 2810 3060 utitur
2869 3019 3155 3071 sermone;
3225 3005 3616 3072 compositione

359 3092 478 3158 ξεσι
524 3095 737 3164 χαρίεις
782 3111 843 3146 τε
889 3094 985 3147 καὶ⁹
1033 3095 1419 3165 ἐπαφρόδιτος,
1454 3094 1594 3166 έχων
1622 3111 1676 3148 τι
1709 3095 1804 3148 καὶ
1838 3093 1931 3148 τοῦ

2045 3114 2168 3155 vero
2215 3113 2281 3153 ac
2319 3096 2539 3152 vocibus
2599 3094 2872 3166 gratiosus
2912 3102 2995 3147 est
3036 3101 3091 3147 et
3166 3103 3456 3148 venustus:
3519 3094 3612 3147 ha-

365 3188 844 3259 συνεστραμμένου
865 3190 960 3244 καὶ
981 3188 1468 3262 ἀνακεχωρηκὸτος
1491 3191 1604 3252 τοῖς
1625 3187 1860 3252 πολλοῖς.

443 3367 533 3421 Ἐν
559 3367 639 3438 τῷ
663 3368 813 3439 αὐτῷ
833 3368 892 3422 δὲ
917 3369 1100 3441 τεύχει
1130 3369 1227 3424 καὶ
1250 3368 1653 3440 Ἀπολλοδώρου
1679 3387 1937 3442 γραμμαοο

362 3460 516 3514 rixo-3
541 3459 870 3530 βιϐλιδάριον
891 3460 1204 3531 ἀνεγνώσθη
1239 3477 1328 3531 μοι
1349 3478 1362 3492 ’
1395 3459 1754 3530 Βιϐλιοθήκη
1788 3461 1936 3533 αὐτῷ

365 3553 398 3623 ή
423 3552 723 3624 ἐπιγραφή.
753 3553 1002 3624 Περιεῖχε
1031 3552 1089 3606 δὲ
1105 3553 1150 3584 ³⁸
1180 3553 1249 3606 τὰ
1272 3553 1578 3608 παλαίτατα
1599 3552 1709 3606 τῶν
1745 3553 1936 3625 Ἐλλή-

366 3659 490 3706 νων,
529 3642 630 3695 ὅσα
663 3660 724 3694 τε
767 3641 898 3714 περὶ
949 3640 1089 3695 θεῶν
1117 3644 1210 3696 καὶ
1243 3643 1438 3714 ήρὼων
1479 3645 1507 3696 ὁ
1535 3643 1725 3714 χρόνος
1751 3644 1936 3706 αὐτοῖς

362 3733 606 3800 δοξάζειν
631 3733 830 3788 ἔδωκεν
850 3773 865 3798 ,
899 3733 1194 3809 ρνομασίας
1223 3752 1284 3788 τε
1312 3735 1579 3803 ποταμῶν
1613 3735 1708 3788 καὶ
1740 3735 1935 3805 χωρῶν

364 3826 458 3877 καὶ
486 3824 656 3876 ἐθνῶν
683 3824 778 3878 καὶ
811 3824 1041 3889 πόλεων,
1075 3823 1220 3888 ὃθεν,
1251 3826 1346 3879 καὶ
1375 3826 1443 3880 τά
1483 3825 1624 3879 ἄλλα
1639 3827 1684 3858 ’³
1724 3826 1824 3879 ὅσα
1856 3828 1936 3888 εὶς

362 3918 423 3970 τὸ
449 3919 676 3988 ἀρχαῖον
715 3918 1028 3988 ἀνατρέχει,
1060 3919 1158 3972 καὶ
1180 3917 1393 3972 κάτεισι
1436 3920 1600 3991 μέχρι
1621 3919 1732 3973 τῶν
1761 3921 1936 3990 Τρωϊ-

361 4007 500 4070 κῶν,
533 4009 629 4062 καὶ
674 4009 885 4079 ἀνδρῶν
933 4027 1094 4063 τινων
1134 4008 1272 4081 πρὸς
1302 4011 1568 4081 ἀλλήλους
1619 4013 1798 4083 μάχας
1841 4014 1937 4066 καὶ

313 4153 318 4158 ,
365 4099 502 4172 ἔργα
539 4101 843 4171 ἐπιτρέχων
886 4101 982 4153 καὶ
1020 4103 1131 4154 τῶν
1158 4102 1266 4156 ἀπὸ
1297 4103 1497 4172 Τροίας
1533 4103 1740 4166 πλάνας
1763 4105 1933 4171 τινὰς,

365 4191 602 4260 μάλιστα
636 4192 680 4245 δ’
723 4193 1048 4259 Ὀδυσσέως,
1077 4193 1156 4256 εἰς
1180 4193 1238 4246 ὃν
1278 4193 1428 4265 αὐτῷ
1457 4195 1552 4246 καὶ
1583 4195 1616 4264 ή
1649 4194 1936 4266 ἀρχαιολο-

363 4280 456 4348 γία
484 4282 803 4353 καταλήγει.
831 4283 1060 4351 Σύνοψις
1079 4284 1124 4336 δ’
1151 4285 1269 4336 ἐστὶ
1291 4283 1360 4338 τὰ
1385 4285 1558 4339 πολλά
1584 4285 1678 4338 τοῦ
1705 4285 1932 4356 βιϐλίου,

361 4372 458 4424 καὶ
492 4375 593 4426 οὐκ
629 4374 900 4445 ἄχρηστος
936 4378 1048 4439 τοῖς
1071 4376 1138 4429 τά
1167 4377 1372 4431 παλαιά
1403 4378 1497 4430 ἐπὶ
1533 4379 1755 4449 μνήμης
1789 4377 1935 4448 ἔχειν

359 4461 517 4529 λόγον
549 4463 594 4494 ³ο
637 4465 1000 4534 ποιουμένοις.
1067 4466 1218 4536 Ἔχει
1264 4468 1321 4521 δὲ
1368 4467 1462 4521 καὶ
1506 4467 1837 4539 ἐπίγραμμα
1875 4469 1934 4522 τὸ

316 4605 317 4608 η
358 4554 692 4625 βιϐλιδάριον
724 4559 825 4611 οὐκ
850 4557 1098 4629 ἄκομψον
1117 4555 1244 4612 ’τόδε
1263 4598 1279 4624 ,

430 4731 560 4805 [460
591 4732 682 4805 8.]
711 4734 932 4802 Αιῶνος
961 4735 1266 4805 σπείρημα
1297 4735 1338 4766 ⁸¹
1373 4732 1806 4814 ἀφυσσάμενος
1829 4733 1930 4814 da’

500 4873 775 4944 Παιδείης
792 4916 808 4941 ,
828 4877 1061 4945 μύθους
1087 4874 1267 4945 γνῶθι
1296 4804 1857 4944 παλαιΤενέαὲίιεω1

2038 3193 2130 3248 bet
2191 3200 2368 3245 tamen
2432 3186 2627 3241 alicubi
2661 3194 2969 3240 contortum
3001 3185 3151 3254 quid,
3208 3194 3370 3256 atque
3400 3201 3430 3240 a
3461 3185 3608 3254 vulgi

2038 3283 2348 3353 cognitione
2378 3288 2671 3336 remotum.

2108 3372 2165 3429 In
2200 3371 2389 3428 eodem
2425 3372 2551 3424 item
2579 3367 2849 3421 volumine
2901 3367 3004 3436 legi
3053 3366 3364 3435 Apollodori
3429 3382 3610 3437 gram-

2038 3465 2224 3521 matici
2283 3463 2526 3519 libellum
2573 3461 2659 3516 cui
2714 3458 3056 3514 Bibliotheca:
3094 3459 3204 3530 (76)
3238 3459 3422 3513 titulus
3466 3467 3607 3512 erat.

2035 3558 2356 3614 Contiuebat
2403 3553 2808 3625 antiquissimas
2849 3566 3091 3622 quasque
3134 3552 3444 3607 Graecorum
3523 3550 3608 3604 hi-

2037 3652 2256 3714 storias,
2288 3659 2343 3704 et
2385 3663 2504 3718 qua:
2530 3650 2642 3703 sive
2683 3647 2751 3701 de
2790 3647 2916 3710 diis,
2950 3645 3067 3700 sive
3095 3645 3160 3700 de
3194 3643 3447 3699 heroibus
3475 3650 3613 3698 tein-

2039 3739 2186 3806 poris
2244 3737 2383 3790 ratio
2441 3735 2590 3789 dedit
2653 3735 2946 3804 opinauda,
2975 3748 3098 3788 cum
3160 3732 3610 3803 appellationibus

2037 3831 2354 3895 fluminum,
2410 3826 2598 3900 1421)
2638 3828 2936 3898 regionum,
2991 3826 3229 3897 gentium
3280 3835 3339 3882 et.
3375 3825 3608 3881 urbium.

2040 3920 2176 3976 llinc
2214 3930 2267 3975 et
2293 3920 2552 3991 pleraque
2607 3919 2853 3987 antiqua,
2901 3918 2968 3972 ad
3001 3920 3117 3986 ipsa
3162 3931 3334 3987 usque
3375 3916 3610 3987 Trojano

2039 4022 2278 4080 tempora
2325 4011 2664 4069 descendens
2703 4010 2889 4066 refert.
2941 4009 3192 4064 Virorum
3219 4021 3436 4078 quoque
3475 4023 3612 4062 non-

2039 4103 2308 4158 nullorum
2361 4103 2503 4157 inter
2547 4117 2606 4157 se
2647 4117 2875 4173 pugnas,
2917 4114 3108 4169 resque
3157 4110 3344 4168 gestas
3376 4113 3598 4154 comme-

2040 4204 2235 4260 morat,
2287 4205 2342 4250 et
2402 4202 2559 4263 capta
2596 4192 2711 4262 jam
2765 4190 2950 4260 Troja,
2983 4206 3200 4247 errores
3229 4189 3608 4261 quorumdam,

2037 4288 2302 4356 praecipue
2330 4283 2562 4356 Ulyssis,
2610 4284 2664 4338 in
2711 4298 2869 4352 quem
2912 4282 3030 4350 ejus
3078 4285 3380 4352 priscarum
3427 4295 3607 4338 rerum

2039 4377 2279 4433 narratio
2326 4377 2677 4432 terminatur.
2714 4375 3110 4445 Compendiosa
3164 4374 3411 4442 quaedam
3479 4387 3610 4426 nar—

1967 4449 2011 4504 ι)
2045 4465 2182 4518 ratio
2223 4473 2308 4518 est
2364 4464 2600 4517 maxima
2646 4461 2808 4530 hujus
2852 4461 3017 4517 libelli
3073 4475 3218 4528 pars,
3253 4460 3318 4513 iis
3371 4474 3476 4514 non
3531 4458 3612 4511 iu-

2038 4555 2206 4622 utilis,
2236 4555 2326 4624 qui
2354 4564 2536 4609 vetera
2583 4552 2866 4621 complecti
2903 4551 3158 4604 memoria
3186 4550 3388 4604 volunt.
3423 4549 3610 4604 Ascri-

2039 4659 2190 4716 ptum
2230 4647 2356 4699 item
2390 4653 2510 4700 erat
2559 4642 2794 4711 lepidum
2827 4641 2972 4694 istud
3009 4640 3339 4710 epigramma
3379 4658 3390 4691 :

2145 4737 2434 4791 chlorum
2471 4734 2660 4789 seriem
2687 4742 2871 4788 nostra
2908 4733 2956 4785 si
2997 4731 3182 4802 legeris
3214 4739 3348 4794 arte,

2240 4872 2466 4940 Antiqua
2501 4871 2622 4922 hinc
2641 4868 2730 4936 ﬁet
2765 4867 2946 4936 fabula
2979 4875 3102 4920 nota
3148 4866 3263 4919 (ibi.

1629 5012 1860 5068 VARI/li
1905 5009 2306 5068 LECTIONES.

429 5132 474 5160 ²¹
500 5117 799 5183 Θεσσαλίαν
834 5147 896 5197 ς.

356 5203 402 5233 ’⁵
443 5211 558 5270 post
592 5200 792 5254 αὐτίκα
836 5216 958 5254 cum
987 5202 1225 5255 A~omisi
1271 5217 1352 5256 τε.
1402 5201 1674 5269 ἀνεγείρει
1723 5201 1790 5252 Α.

356 5273 480 5326 add.
519 5272 586 5325 A.
663 5271 708 5302 ¹⁹
738 5270 871 5325 ἄλλα
899 5271 946 5326 Α
982 5288 997 5327 :
1027 5270 1198 5324 πολλὰ
1221 5288 1281 5335 ς.

1000 5131 1046 5163 "
1076 5130 1349 5185 Πυθόλαον
1409 5127 1743 5183 ΙΙωεοΙιοΙίιιε
1776 5146 1789 5182 :
1824 5126 1940 5181 libri
1967 5127 2176 5180 θὸλαον.
2252 5128 2297 5159 ⁸³
2327 5128 2574 5198 Εὐαλκὴς
2613 5128 2656 5180 Α
2684 5145 2698 5180 :
2744 5123 2990 5194 Εὐλαδὴς
3038 5139 3077 5186 ς
3177 5123 3520 5187 ’δινεώτερος
3547 5137 3607 5182 ς·,

1000 5202 1225 5247 inmisi
1271 5217 1352 5247 τε-
1402 5201 1674 5247 ἀνεγείρει
1723 5201 1790 5247 Α.
1895 5195 1940 5228 ²⁶
1987 5196 2317 5247 ιιετελθοῦσα
2353 5199 2416 5247 Α.
2494 5199 2538 5229 ⁸⁷
2577 5195 2930 5247 πρεσϐυτέοω
2970 5194 3034 5247 Α.
3111 5190 3156 5224 ⁸⁸
3193 5190 3250 5242 δὲ
3299 5200 3353 5244 et
3395 5205 3519 5244 mox
3549 5206 3608 5240 τε

1402 5201 1674 5269 ἀνεγείρει
1723 5201 1790 5252 Α.
1895 5197 1940 5228 ⁸⁸
1984 5197 2317 5266 μετελθοῦσα
2352 5199 2416 5251 Α.
2494 5199 2538 5229 ⁸⁷
2577 5197 2930 5268 πρεσϐυτέρῳ
2970 5197 3034 5247 Α.
3111 5197 3156 5224 ⁸⁵
3193 5197 3250 5242 δὲ
3299 5200 3353 5244 et
3395 5205 3519 5244 mox
3549 5206 3612 5240 τε

1368 5271 1413 5302 ³ο
1437 5269 1610 5336 λόγων
1647 5269 2132 5340 μεταποιουμένοις
2162 5285 2224 5332 ς.
2333 5269 2376 5300 ³¹
2407 5267 2657 5338 πείρημα
2695 5269 2758 5320 Α.
3381 5312 3384 5315 .

3177 5121 3224 5153 ³⁸
3244 5119 3520 5187 νεώτερος
3547 5137 3607 5182 ς·,

2333 5269 2376 5300 ³¹
2407 5267 2657 5338 πείρημα
2695 5269 2758 5320 Α.

1886 5378 2115 5436 NOTAE.

430 5474 548 5543 (τι)
580 5472 854 5530 Videndus
904 5473 1099 5544 Qicero
1129 5471 1281 5544 οπὶσ1
1313 5488 1374 5538 ιι,
1407 5471 1524 5544 init.
1547 5487 1562 5538 ;
1586 5470 1769 5526 Valer.
1803 5471 1947 5528 Max.

357 5541 456 5602 lib.
491 5561 568 5609 ix,
601 5544 862 5613 cap.rl'5;
904 5541 1210 5608 Plutarchi,
1248 5541 1533 5613 PeIOpida,
1571 5551 1836 5597 extremo.

434 5614 549 5686 (τε)
577 5615 662 5686 Α),
699 5612 909 5668 anlce.

437 5683 554 5758 (76)
595 5683 726 5754 Ejus
769 5693 976 5754 partem
1010 5685 1061 5740 in
1109 5693 1221 5742 tres
1261 5684 1488 5741 divisam
1523 5683 1690 5740 libros
1739 5683 1966 5740 Beneax

2057 5471 2270 5543 Egius,
2320 5468 2668 5543 (inserviat.
2714 5467 2801 5522 ed.
2826 5466 3076 5543 dirimat;
3129 5462 3217 5543 ubi
3259 5471 3331 5543 et‘
3344 5461 3410 5515 de
3451 5461 3616 5543 variis

2049 5532 2362 5609 Apollodori
2409 5539 2701 5609 disseritur
2754 5554 2782 5588 a
2818 5536 3000 5609 ASci_p._
3033 5533 3238 5609 Tertio.
3279 5532 3460 5609 Porro
3517 5532 3610 5586 lib.

2051 5602 2175 5665 xstv
2216 5609 2460 5679 Apollodﬁ.
2497 5607 2838 5679 hujus-napi.
2891 5605 3042 5659 Θεῶν
3079 5604 3210 5658 citat
3253 5602 3348 5658 tibi
3387 5603 3615 5672 Sopater

2052 5697 2200 5752 supr.
2233 5676 2356 5737 cod.
2394 5678 2486 5733 l6l
2527 5676 2580 5733 in
2608 5676 2779 5748 princ.
