4030 6248
426 290 525 357 591

424 408 706 464 Mmom‘dw
730 424 791 461 ne
817 405 959 460 volve
999 401 1290 465 volumina,
1325 416 1444 454 nere
1486 399 1729 469 elegiam,

495 542 577 597 Ne
617 542 874 607 tragicam
919 538 1152 597 Musam,
1188 552 1250 588 ne
1283 535 1493 589 melicos
1527 549 1790 607 numeros.
1833 604 1842 607 _
1901 580 1913 595 ,

420 604 738 667 Muttisonos
771 609 1040 679 Cyclicum
1079 623 1257 660 versus
1297 623 1357 658 ne
1395 620 1570 674 qurere
1592 621 1610 658 ε
1642 605 1780 673 quod
1826 604 1881 656 in
1914 617 1998 654 me

491 749 733 804 Invenias
759 745 1016 817 quidquid
1040 744 1304 797 maximus
1351 743 1492 795 orbis
1533 742 1709 795 habet.

1028 832 1387 889 CLXXXVII.

423 931 734 987 Nicomachi
778 912 1030 984 Geraseni
1067 927 1534 1050 Alriblhmeticorum
1596 922 2001 992 theologicorum

1128 1013 1142 1048 ι
1186 1014 1229 1048 η
1266 1010 1329 1050 ιι.

1128 1010 1229 1049 ID"!
1266 1010 1329 1050 ll.

492 1090 622 1160 Legi
653 1089 968 1144 Nicomachi
1004 1087 1266 1144 Geraseni
1337 1085 1413 1140 De
1442 1085 1778 1138 arithmetica
1827 1084 1895 1136 ad
1921 1098 2001 1136 res

423 1184 633 1240 divinas
688 1183 956 1252 applicata
1009 1181 1177 1235 libros
1231 1183 1384 1234 duos.
1441 1177 1571 1244 Quae
1635 1177 1851 1246 quidem
1915 1175 2002 1228 in-

423 1276 645 1345 scriptio
710 1287 958 1342 magnam
1029 1271 1462 1330 admirationem,
1523 1268 2005 1333 vehementemque

423 1380 664 1420 amorem
712 1364 993 1417 concitare
1022 1371 1222 1431 queat:
1257 1375 1378 1414 cum
1437 1375 1575 1427 opus
1611 1369 1787 1412 tamen
1830 1357 2003 1426 ipsum

427 1459 517 1528 (ne
545 1457 595 1509 id
662 1453 1109 1509 ratiocinationes
1151 1467 1341 1516 vanas,
1391 1450 1700 1520 perditique
1757 1449 1854 1503 otii
1915 1463 2006 1504 oc-

426 1549 768 1617 cupationem
795 1559 918 1601 esse
966 1545 1165 1612 dicam)
1181 1544 1338 1611 longe
1376 1559 1404 1595 a
1440 1542 1594 1596 titulo
1630 1557 1726 1595 suo
1760 1554 2006 1594 recesse-

1538 281 1801 344 ΡΗΟΤῙΙ
1832 273 2338 341 ΡΑΤΒῙΑΒΟΗᾹΞ
2378 274 2487 335 CP.
3370 349 3374 353 Α

2001 405 2076 458 Ἀ
2105 391 2257 462 Μηδ⁹
2303 393 2368 459 ἐς
2430 391 2738 462 Ὁμηρείην
2777 388 2969 445 σελίᾶ
3031 386 3318 458 ἐμϐλεπε,
3353 385 3496 462 μηδ’
3549 389 3691 441 ἐλε-

3576 240 3690 335 5792

2174 534 2269 601 Μὴ
2296 531 2585 601 τραγικὴν
2619 531 2905 590 Μοῦσαν,
2935 529 3094 598 μηδὲ
3125 459 3577 597 palm-pagg:

2100 605 2201 672 Μὴ
2257 597 2539 658 κυκλίων
2559 601 2712 667 ζήτει
2751 597 3096 668 πολύθρουν
3137 600 3390 666 στίχον*
3452 601 3539 662 εἰς
3581 597 3692 666 ἐμὲ

2971 675 2974 678 ’
3000 739 3004 740 7
3195 667 3250 740 δ’
3498 667 3612 740 δίῃ]

2169 745 2478 814 Εὑρήσεις
2514 742 2586 795 ἐν
2611 741 2741 812 ἐμοὶ
2776 741 2950 796 πάνθ’
2986 739 3105 793 ὅσα
3143 687 3553 808 κὲσιῗουέίὲἒει.

2836 834 3010 888 ΡΠΖ’.

2101 921 2444 991 Νικομάχου
2466 921 2821 989 Γερασηνοῦ
2851 919 3270 990 Ἀριθμητικῶν
3297 917 3693 989 θεολογουμέ-

2663 1008 2786 1044 νων
2806 992 3019 1056 βιϐλία
3041 993 3124 1057 β’.

2177 1084 2304 1158 [237
2340 1084 2435 1156 11.]
2484 1083 2824 1155 Ἀνεγνώσθη
2854 1085 3173 1155 Νικομάχου
3199 1081 3508 1154 Γερασηνοῦ
3541 1082 3694 1150 Ἀρι·

2105 1176 2408 1248 θμητικῶν
2437 1177 2922 1246 θεολογουμένων
2943 1177 3123 1247 βιϐλία
3151 1177 3216 1247 β’.
3246 1175 3310 1228 Ἦ
3337 1175 3436 1246 μὲν
3451 1171 3544 1228 οὖν
3565 1177 3693 1238 ὲπι-

2103 1270 2292 1341 γραφὴ
2351 1268 2495 1322 οὕτω
2545 1268 2821 1339 θαυμάσαι
2861 1269 2957 1322 καὶ
2995 1269 3195 1340 δριμὺν
3242 1268 3421 1338 ἔρωτα
3466 1266 3694 1334 κινῆσαι

2105 1362 2254 1429 ἀξία,
2289 1363 2319 1414 6
2371 1361 2427 1414 δὲ
2457 1362 2641 1424 πόνος,
2690 1361 2778 1415 ἴνα
2811 1361 2887 1432 μὴ
2927 1361 3073 1430 λέγω
3105 1359 3385 1428 λογισμῶν
3413 1357 3695 1426 κενεμδα-

2104 1453 2340 1507 τούντων
2370 1454 2464 1506 καὶ
2502 1453 2912 1522 ματαιοσχόλων
2959 1452 3140 1523 ἔργον,
3191 1451 3382 1523 πόρρω
3409 1450 3510 1518 τῆς
3559 1449 3694 1500 ἐπι·-

2105 1545 2330 1619 γραφῆς
2376 1545 2783 1617 διερῤιμμένος.
2827 1544 3198 1614 Διαλαμὸάνει
3249 1545 3347 1614 μὲν
3398 1541 3506 1613 γὰρ
3558 1540 3693 1610 περὶ

425 1641 521 1694 rit.
567 1636 753 1705 Neque
803 1637 948 1690 enim
997 1635 1084 1688 hic
1109 1635 1176 1688 de
1211 1635 1454 1687 numeris
1485 1634 1552 1686 ab
1595 1631 1802 1685 unitate
1832 1645 2002 1697 usque

2111 1639 2218 1692 τῶν
2245 1638 2352 1690 ἀπὸ
2380 1639 2608 1707 μονάδος
2633 1637 2793 1707 μέχρι
2823 1637 3046 1699 δεκάδος
3073 1635 3345 1706 ἀριθμῶν,
3377 1635 3474 1704 οὐχ
3499 1633 3694 1702 ὥσπερ

431 1731 496 1784 ad
551 1730 831 1783 denarium
889 1727 1170 1781 disserens
1219 1724 1468 1794 (quodin
1523 1721 2003 1792 arithmetiea(77)

2114 1731 2170 1782 έν
2202 1732 2267 1800 τῇ
2297 1729 2638 1801 ἀριθμητικῇ
2688 1727 2852 1781 αὑτοῦ
2883 1729 2977 1780 καὶ
3010 1727 3116 1798 πρὸ
3144 1727 3349 1796 ταύτης
3377 1727 3694 1794 εἰσαγωγῇ,

429 1839 548 1886 sua,
596 1823 754 1890 eique
788 1819 1063 1889 prmmissa
1108 1817 1325 1886 isagoge
1366 1815 1643 1886 praestitit)
1671 1815 1755 1868 illa
1802 1825 2006 1883 pertra-

2111 1821 2207 1873 ὃσα
2233 1820 2344 1881 τοῖς
2367 1817 2621 1889 ἀριθμοῖς
2647 1817 2807 1886 φύσει
2837 1817 3099 1888 πρόσεστι
3126 1817 3219 1870 καὶ
3244 1817 3476 1885 θεωρίας
3503 1815 3693 1884 ἔχεται

429 1926 562 1980 ctat,
589 1929 708 1983 quae
737 1911 975 1965 numeris
1019 1918 1208 1978 suapte
1257 1917 1448 1961 natura
1478 1908 1682 1970 insunt,
1714 1905 2006 1972 utilemque

2112 1909 2447 1973 σπουδαίας,
2495 1908 2739 1975 διεξιὼν,
2788 1909 2924 1964 ἀλλά
2968 1911 3038 1962 τά
3084 1909 3314 1962 πλεῖστα
3359 1907 3599 1970 διανοίας
3627 1906 3692 1958 οὐ

427 2009 630 2063 habent
674 2003 1186 2072 contemplationem
1231 2019 1243 2054 :
1284 2000 1377 2055 sed
1417 2015 1480 2054 ea
1511 1999 1821 2068 plurimum,
1884 2011 2006 2065 qua:

2111 2000 2523 2072 καθαρευούσης
2569 2000 2770 2071 βλάϐης
2810 1999 3236 2068 ἀναπλάσματα,
3268 1999 3363 2052 καὶ
3387 1999 3505 2065 οὐχὶ
3550 1995 3694 2066 πρὸς

430 2099 576 2153 noxii
630 2105 756 2150 sunt
812 2092 1012 2164 ingenii
1062 2093 1348 2160 ﬁgmenta;
1395 2100 1450 2144 et
1504 2089 1624 2156 ejus
1653 2088 1869 2158 quidem
1915 2087 2006 2138 in-

431 2191 596 2262 genii,
653 2188 792 2258 quod
839 2201 924 2240 res
980 2188 1123 2256 ipsas
1154 2185 1218 2237 ad
1251 2199 1401 2238 suam
1443 2181 1624 2252 potius
1677 2179 2007 2249 speculatio-

433 2298 555 2336 nem
621 2278 960 2334 contcntiose
1009 2284 1194 2344 aptare
1232 2273 1465 2336 studeat,
1515 2270 1700 2341 quam.
1736 2270 1879 2340 quod
1939 2268 2005 2321 ad

434 2386 612 2427 rerum
664 2379 911 2423 naturam
954 2367 1150 2422 mentis
1184 2375 1293 2418 suae
1339 2364 1574 2434 cogitata
1627 2362 1863 2430 dirigere
1911 2375 2007 2414 co-

434 2471 612 2515 netur.
672 2458 940 2513 Caeterum
1005 2456 1147 2524 quod
1195 2455 1278 2508 vir
1308 2453 1398 2507 ille
1434 2468 1638 2514 rerum,
1672 2465 1792 2520 quae
1835 2451 2011 2504 subsi—

433 2561 603 2613 stunt,
644 2557 893 2603 naturam
934 2546 1000 2600 ad
1049 2559 1398 2599 numerorum
1449 2542 1740 2598 essentiam
1781 2541 2006 2606 referre,

431 2651 487 2697 et
512 2641 637 2697 huic
666 2640 868 2709 pariter
904 2636 1179 2692 includere
1211 2649 1501 2705 aggressus
1541 2635 1635 2698 sit,
1682 2632 2006 2698 resecando,

438 2733 711 2798 addendo,
797 2729 1174 2800 permutando,
1227 2743 1294 2783 ac
1361 2725 1684 2790 divellendo,
1739 2725 2008 2778 interdum

433 2825 650 2894 quidem
705 2838 792 2877 res
832 2823 997 2891 ipsas,
1052 2834 1436 2890 nonnunquam
1493 2819 1657 2874 etiam
1710 2818 1830 2874 illos
1872 2819 2010 2871 arni-

435 2931 530 2972 cos
569 2916 704 2970 adeo
747 2914 849 2970 sibi
903 2928 1159 2967 numeros
1211 2927 1275 2965 ac
1323 2911 1474 2974 deos,
1535 2911 1698 2978 idque
1751 2907 1837 2962 vel
1873 2909 2010 2962 alte-

444 3023 558 3060 ram
632 3005 1006 3059 tantummodo
1073 3015 1302 3072 partem,
1369 3003 1453 3056 vel
1512 3009 1659 3056 certe
1723 3013 2009 3069 utramque

2109 2095 2209 2162 τὴν
2241 2093 2348 2147 τῶν
2379 2093 2722 2162 πραγμάτων
2760 2091 2921 2158 φύσιν
2965 2092 3091 2152 τοὺς
3139 2089 3434 2159 λογισμοὺς
3466 2085 3696 2140 ίθυνού-

2111 2202 2212 2254 σης
2234 2224 2248 2247 ,
2282 2185 2351 2239 τά
2376 2185 2434 2238 δὲ
2463 2185 2761 2254 πράγματα
2784 2182 2921 2254 πρὸς
2947 2181 3043 2245 τὰς
3069 2183 3204 2246 ἰδίας
3226 2179 3526 2250 φαντασίας
3557 2195 3694 2248 μετ-

2110 2275 2361 2345 αμείϐειν
2411 2274 2840 2344 φιλονεικούσης.
2886 2273 3026 2326 Ἀλλ’
3067 2273 3166 2326 ὅσα
3205 2273 3304 2342 μὲν
3345 2273 3374 2325 6
3419 2271 3558 2339 ἀνὴρ
3589 2267 3693 2338 τὴν

2108 2366 2216 2420 τῶν
2248 2366 2416 2419 όντων
2453 2366 2618 2434 φύσιν
2667 2367 2747 2430 εἰς
2790 2365 2890 2436 τὴν
2933 2365 3041 2418 τῶν
3085 2363 3339 2434 ἀριθμῶν
3391 2362 3692 2415 ὑπόστασιν

2110 2458 2404 2529 ἀναφέρειν
2453 2475 2513 2511 τε
2559 2457 2655 2511 καὶ
2706 2457 3157 2527 συγκατακλείειν
3193 2456 3478 2525 διανέστη,
3525 2469 3692 2524 περι-

2110 2549 2348 2616 κόπτων,
2372 2549 2692 2619 περιτιθεὶς,
2729 2549 2994 2619 ἀμείϐων,
3021 2549 3266 2603 διασπῶν
3304 2546 3437 2602 ποτὲ
3470 2545 3570 2616 μὲν
3615 2543 3690 2597 τά

2109 2640 2416 2709 πράγματα
2447 2640 2578 2693 ποτὲ
2610 2641 2667 2694 δὲ
2702 2641 2830 2703 τοὺς
2860 2640 3047 2709 φίλους
3085 2639 3352 2710 ἀριθμοὺς
3383 2639 3477 2692 καὶ
3504 2636 3688 2700 θεοὺς,

2109 2733 2203 2784 καὶ
2233 2731 2390 2784 τοῦτο
2418 2732 2452 2802 ἢ
2491 2732 2641 2803 παρά
2655 2733 2698 2764 ³⁸
2733 2732 2898 2803 μέρος
2935 2733 3095 2787 έκάτε
3106 2730 3244 2803 ρονῆ
3275 2732 3369 2784 καὶ
3392 2730 3457 2784 δι’
3485 2729 3693 2798 ἀμφοῖν

2113 2823 2206 2876 ἰὼν
2230 2863 2246 2887 ,
2282 2824 2461 2877 καίτοι
2493 2825 2737 2895 μεγάλας
2771 2825 2992 2896 ὑπέχων
3037 2824 3301 2886 εὐθύνας,
3331 2825 3482 2894 ὅμως
3509 2820 3692 2876 ἐάσθω

2109 2915 2287 2972 τοῦτο.
2327 2917 2467 2969 Ἀλλ’
2496 2918 2579 2971 ὅτι
2608 2917 2763 2982 θεούς
2799 2935 2859 2970 τε
2893 2919 2987 2972 καὶ
3015 2916 3144 2981 θεὰς
3175 2915 3522 2986 ἐπιθυμήσας
3558 2915 3692 2966 ίδεῖν

2109 3011 2236 3072 τοὺς
2276 3009 2578 3080 ἀριθμοὺς,
2616 3011 2711 3062 καὶ
2747 3009 2906 3062 τοῦτο
2945 3009 3122 3072 διδοὺς
3177 3009 3359 3070 αὐτοῖς
3387 3007 3474 3060 διὰ
3518 3008 3692 3074 μόνην

435 3099 720 3155 obeundo:
755 3098 857 3154 etsi
891 3097 1048 3166 hujus
1077 3099 1152 3152 rei
1183 3097 1363 3150 multae
1390 3104 1574 3150 essent
1597 3093 1697 3162 ipsi
1728 3092 2006 3147 reddendae

2112 3101 2210 3169 τὴν
2242 3101 2550 3165 ἰδιάζουσαν
2577 3102 2672 3154 καὶ
2699 3101 3011 3171 ὡρισμένην
3041 3101 3272 3156 ἑκάστου
3299 3101 3596 3168 ποσότητα,
3628 3097 3690 3150 οὐ

439 3193 698 3254 rationes,
746 3189 803 3244 in
849 3189 1029 3244 medio
1079 3199 1254 3242 tamen
1317 3187 1370 3242 id
1404 3186 1761 3257 relinquatur.
1820 3185 1894 3238 De
1942 3199 2007 3238 eo

439 3295 643 3339 tantum
684 3280 947 3353 [loquor]
975 3281 1115 3350 quod
1148 3280 1275 3334 deos
1305 3287 1361 3333 et
1387 3279 1516 3332 deas
1573 3277 1760 3331 videre
1818 3291 2006 3329 nume-

434 3389 528 3431 ros
577 3383 863 3444 exaptaus,
905 3373 1065 3442 idque
1115 3372 1246 3441 ipsis
1301 3371 1476 3424 solum
1533 3368 1858 3432 attribuens,
1917 3382 2006 3420 se-

435 3467 670 3522 cundum
720 3463 995 3534 propriam
1075 3463 1336 3530 cujusque
1388 3460 1777 3528 deﬁnitamque
1831 3474 2006 3527 quan-

437 3558 676 3613 titatem:
725 3559 865 3611 hanc
904 3564 1083 3610 tamen
1135 3554 1308 3622 ipsam
1354 3568 1460 3606 non
1503 3561 1685 3606 servet
1720 3551 2005 3620 integrann,

435 3646 562 3700 dum
596 3647 650 3698 in
702 3646 925 3700 deorum
967 3643 1214 3697 ordinem
1273 3655 1530 3696 numeros
1587 3638 1774 3707 refert,
1806 3639 2009 3708 sed(nt

436 3744 594 3791 antea
623 3735 732 3803 jam
766 3733 1033 3803 diximus)
1059 3733 1312 3796 secando,
1341 3733 1613 3800 augendo,
1659 3731 1743 3786 vel
1788 3731 2008 3784 omnino

435 3828 598 3882 etiam
654 3824 989 3893 dissipando,
1041 3823 1122 3878 sic
1163 3823 1379 3877 tandem
1437 3824 1582 3890 ipsos
1608 3830 1666 3874 ut
1715 3821 2006 3890 plurimum

438 3933 538 3986 pro
562 3908 668 3972 diis
709 3917 930 3982 adoret;
984 3917 1271 3971 destruens
1327 3914 1544 3969 interim
1591 3929 1711 3968 eam
1772 3928 1891 3982 quae
1938 3912 2006 3965 ab

439 4008 596 4063 initio
650 4011 839 4061 aderat
911 4007 1298 4076 quantitatem,
1354 4016 1414 4060 ut
1496 4021 1592 4075 per
1661 4006 1802 4059 hanc
1862 4004 2004 4058 Deus

439 4094 713 4172 [aliquis]
738 4099 849 4164 fiat,
896 4095 1090 4169 153a
1124 4105 1178 4150 et
1209 4097 1311 4151 hac
1361 4096 1513 4169 [ipsa
1569 4095 1819 4168 rursum]
1857 4111 2010 4150 emn-

439 4193 562 4246 dem
619 4189 767 4244 illum
817 4191 1076 4258 spolians.
1133 4187 1317 4258 Neque
1366 4204 1492 4243 vero
1534 4199 1629 4242 aut
1691 4187 2005 4253 ineﬂ'abilis,

440 4291 534 4335 aut
560 4290 746 4350 operta
787 4281 1094 4352 huiusmodi
1130 4281 1394 4351 theologia
1427 4290 1529 4336 est.
1573 4280 1675 4335 Sed
1729 4283 1841 4334 haec
1893 4278 2009 4346 ejus

437 4373 756 4442 sapientior,
818 4383 874 4427 et
922 4374 1092 4428 amari
1140 4373 1356 4444 dignior
1399 4387 1527 4443 pars
1571 4373 1803 4438 videtur,
1863 4372 2004 4439 quod

2116 3192 2371 3262 φυλάττει
2405 3192 2608 3263 ταύτην
2643 3193 2900 3264 ἀκέραιον
2948 3193 3236 3264 ἀναφέρων
3261 3193 3306 3223 ³³
3339 3191 3420 3254 είς
3454 3189 3514 3242 τὸ
3553 3189 3694 3241 θεῶν

2115 3284 2271 3353 γένος
2324 3286 2555 3348 αὐτοὺς,
2605 3285 2719 3338 ἀλλ’
2753 3285 2830 3347 ὼς
2875 3287 2970 3338 καὶ
3010 3285 3386 3356 προείπομεν,
3440 3283 3692 3350 τέμνων,

2114 3377 2325 3444 αὔξων,
2366 3377 2637 3441 παντοίως
2676 3362 2994 3447 κεραΐζων,
3020 3377 3192 3440 οὕτως
3237 3376 3433 3438 αὐτοὺς
3483 3376 3547 3426 ὲκ
3591 3370 3693 3426 τοῦ

2116 3470 2209 3522 ἐπὶ
2253 3469 2506 3524 πλεῖστον
2550 3470 2706 3533 θεοὺς
2758 3473 3081 3541 προσκυνεῖ,
3129 3469 3228 3539 τὴν
3275 3467 3375 3538 μὲν
3415 3465 3474 3530 ἐξ
3517 3465 3694 3536 ἀρχῆς

2117 3561 2355 3631 φθείρων
2408 3562 2712 3632 ποσότητα,
2757 3562 2844 3614 ἵνα
2876 3562 2995 3624 θεὸς
3086 3561 3172 3613 διὰ
3215 3561 3452 3628 ταύτην,
3486 3556 3697 3625 ταύτης

2115 3654 2158 3707 δ’
2187 3653 2350 3707 αὐτὸν
2379 3654 2700 3726 ἀποστερῶν
2723 3669 2738 3684 ⁸
2763 3654 2824 3708 οὐ
2852 3653 2960 3724 γὰρ
2986 3655 3296 3724 ἀπόρρητος
3325 3653 3418 3704 καὶ
3452 3648 3625 3719 σεπτῆ
3647 3650 3694 3680 ³⁵

2063 3807 2066 3815 .
2115 3747 2149 3816 ἡ
2201 3746 2498 3818 τηλικαύτη
2539 3745 2809 3813 θεολογία.
2857 3748 2931 3802 Τὸ
2967 3747 3023 3799 δὲ
3055 3746 3363 3816 σοφώτερον
3400 3744 3496 3796 καὶ
3535 3742 3694 3812 στέρ-

2115 3839 2308 3908 γεσθαι
2338 3839 2564 3903 δίκαιον,
2595 3838 2674 3890 δεῖ
2699 3838 2778 3910 τῷ
2831 3839 3077 3908 μέλλοντι
3105 3839 3170 3906 τῇ
3204 3835 3483 3906 θαυμασία
3514 3833 3692 3903 ταύτῃ

2116 3929 2419 3999 ὲμῦαθῦναι
2453 3929 2701 4000 θεολογίᾳ
2729 3929 2824 3981 καλ⁸
2852 3929 2948 3998 τῆς
2986 3928 3346 3998 κρυφιότητος
3367 3927 3496 3979 εῐσω
3521 3925 3694 3977 διεισ-

2114 4018 2269 4073 δῦναι
2298 4019 2640 4091 γεωμετρίας
2690 4021 2788 4090 μὲν
2825 4021 2924 4072 οὐκ
2950 4019 3183 4088 ἀμαθῶς
3213 4018 3378 4088 ἔχειν,
3414 4017 3606 4071 ἐλάσαι
3631 4016 3693 4069 δὲ

2115 4114 2208 4164 καὶ
2241 4111 2376 4180 πρὸς
2396 4111 2764 4183 ἀριθμητικὴν
2786 4110 3192 4182 ἀκριϐολογίαν,
3225 4111 3344 4164 οὐδὲ
3366 4113 3464 4181 τῆς
3490 4110 3692 4180 ἀστρο-

2115 4204 2374 4272 Οεάμονος
2411 4203 2601 4271 σοφίας
2649 4205 2706 4258 ὲν
2737 4203 2816 4276 τῷ
2864 4203 3128 4275 παρέργῳ
3165 4202 3263 4273 τὴν
3303 4201 3540 4272 μάθησιν
3588 4215 3691 4252 πε-

2115 4294 2398 4362 ποιῆσθαι,
2437 4295 2533 4347 καὶ
2566 4293 2671 4364 μὴν
2697 4295 2740 4326 ³⁵
2782 4297 2875 4346 καὶ
2902 4297 3014 4357 τοῖς
3050 4295 3328 4363 μουσικοῖς
3365 4291 3690 4362 θεωρήμασι

2117 4386 2211 4438 καὶ
2243 4385 2306 4456 δὴ
2345 4387 2442 4438 καὶ
2471 4387 2722 4454 ὀργάνοις
2766 4383 3227 4455 ὲγγεγυμνάσθαι.
3269 4386 3385 4437 Ἵνα
3415 4385 3525 4454 γὰρ
3561 4384 3692 4447 τοὺς

436 4475 685 4535 oporteat
732 4471 1102 4536 ingressurum
1133 4466 1186 4521 in
1230 4470 1370 4521 hanc
1426 4465 1804 4520 admirabilem
1858 4467 2006 4520 theo-

2115 4475 2380 4545 ἀριθμοὺς
2435 4475 2730 4547 θεοποιήσῃ
2758 4476 2855 4530 καὶ
2894 4475 3003 4528 τῶν
3042 4475 3210 4530 ὄντων
3254 4476 3350 4545 τῆς
3375 4475 3690 4537 ούσιώσεως

437 4560 658 4629 logiam,
713 4559 979 4628 altiusque
1035 4560 1087 4613 in
1136 4559 1453 4614 abscondita
1518 4559 1636 4629 ejus
1696 4567 2010 4627 penetratu-

440 4668 581 4719 rmn,
632 4653 940 4723 geometriae
994 4652 1258 4721 imprimis
1305 4652 1491 4705 rudem
1557 4668 1662 4704 non
1706 4666 1850 4714 esse,
1915 4651 2008 4704 sed

438 4739 752 4797 numerandi
793 4756 1008 4810 quoque
1056 4739 1318 4794 rationem
1373 4749 1627 4793 accurate
1664 4749 1880 4794 tenere:
1919 4755 2012 4792 ne-

438 4845 544 4898 que
578 4831 704 4884 item
730 4842 1000 4886 astrorum
1051 4831 1439 4900 inspectiouem
1499 4830 1674 4884 obiter
1731 4830 2008 4893 didicisse,

439 4923 568 4991 quin
620 4923 795 4990 potius
821 4931 876 4977 et
926 4923 978 4975 in
1035 4923 1257 4977 musicis
1315 4923 1794 4992 speculationibus,
1842 4935 2007 4991 atque

437 5014 571 5068 adeo
605 5013 748 5068 illius
779 5014 1154 5067 instrumentis
1184 5029 1303 5067 esse
1341 5015 1717 5068 exercitatum.
1761 5013 1827 5068 Ut
1862 5015 2004 5067 enim

436 5120 468 5159 e
500 5106 741 5159 numeris
789 5108 918 5160 deos
959 5103 1176 5168 elﬁciat,
1211 5106 1540 5174 eosdemque
1603 5107 1780 5160 omnis
1818 5120 2000 5158 esseu-

2112 4566 2319 4634 αἰτίους
2350 4568 2393 4598 ³⁶
2427 4567 2716 4640 ἀναπλάσῃ
2739 4609 2753 4632 ,
2789 4568 2882 4635 ἀφ’
2932 4567 3171 4638 ἑκάστης
3216 4567 3327 4620 τῶν
3378 4565 3690 4637 εἰρημένων

2113 4658 2438 4726 ἐπιστημῶν
2473 4657 2592 4713 ἔνιά
2643 4675 2764 4711 τινα
2802 4657 2910 4711 τῶν
2965 4658 3338 4729 θεωρημάτων
3384 4660 3448 4726 τῇ
3489 4659 3621 4728 περὶ
3643 4657 3688 4687 ³⁷

2111 4750 2240 4811 τοὺς
2292 4748 2558 4819 ἀριθμοὺς
2592 4750 2866 4820 ὲνυφαίνει
2915 4748 3280 4822 θεοπλαστίᾳ,
3318 4742 3454 4821 ὧνή
3493 4749 3689 4817 ἀγνοεα

2112 4837 2365 4906 ἐμποδὼν
2397 4839 2463 4892 ἂν
2492 4839 2653 4908 σταίη
2687 4837 2824 4909 πρὸς
2847 4837 2946 4908 τὴν
2991 4838 3100 4892 τῶν
3147 4837 3478 4909 τηλικούτων
3519 4853 3691 4905 μυστ-

2115 4927 2385 4994 αγωγίαν,
2418 4928 2512 4980 καὶ
2543 4929 2718 4998 μάτην
2764 4927 2824 4980 τὸ
2857 4929 3156 4999 ,πρόθυμον
3215 4927 3540 4993 ἐπιδείξεται
3565 4925 3608 4956 ³⁸
3659 4926 3689 4977 6

2113 5021 2234 5079 ταῖς
2282 5019 2601 5088 είρημέναις
2651 5018 2725 5089 μὴ
2764 5019 3144 5087 προτελεσθεὶς
3177 5020 3532 5088 ἐπιστήμαις.
3576 5016 3689 5069 Καὶ

2113 5106 2192 5158 δεῖ
2233 5109 2362 5175 ἀρα,
2417 5108 2492 5170 ὡς
2533 5108 2698 5171 ἔοικε,
2740 5107 2851 5178 βίον
2883 5110 3172 5180 ἀνθρώπου
3216 5109 3546 5180 κατατρῖψαι
3594 5107 3690 5159 καὶ

1731 5239 1962 5294 VARUS
2003 5239 2413 5296 LECTIONES.

507 5360 590 5433 sur.
619 5360 675 5424 ἐς
724 5379 790 5433 με
821 5361 930 5430 γὰρ
955 5359 1136 5433 ἀθρῶν
1171 5377 1256 5433 to?
1302 5361 1344 5392 at
1364 5359 1574 5433 παρέξ-Α
1601 5377 1614 5412 ε
1641 5361 1768 5433 περὶ
1792 5378 1852 5424 ς,
1928 5363 1974 5393 ⁸³
2001 5361 2288 5429 ἀναφέρων
2311 5371 2431 5433 post
2471 5362 2626 5430 γένος
2647 5365 2792 5433 ponit
2816 5383 2875 5430 ς’.

3007 5366 3051 5405 ³⁸
3095 5365 3301 5434 σκεπτὴ
3343 5381 3404 5428 ς.
3506 5365 3551 5397 ³⁵
3578 5363 3687 5434 μὴν

435 5431 530 5485 καὶ
557 5432 602 5484 Α
645 5452 657 5486 :
703 5431 809 5502 μὴν
836 5434 891 5483 ὲν
927 5448 989 5494 ς.
1065 5432 1109 5463 ³⁸
1147 5431 1326 5493 αίτίας
1359 5446 1418 5492 ς.
1496 5430 1537 5460 ³⁷
1571 5433 1698 5501 περὶ
1731 5432 1773 5483 Α
1809 5451 1823 5484 :
1853 5433 1988 5502 πρὸς
2016 5449 2078 5494 ς.
2154 5433 2199 5463 ³⁸
2226 5431 2527 5498 ἐπιδείξεται
2558 5451 2617 5497 ς.

1947 5540 2178 5596 NOT/E.

503 5661 618 5734 (77.)
646 5663 811 5718 Cuius
869 5665 989 5721 libri
1052 5664 1155 5717 duo
1189 5661 1379 5716 Grmce
1420 5661 1548 5715 editi
1615 5661 1832 5719 Parisiis
1890 5680 1979 5718 au.
2044 5663 2201 5715 15.38.
