4030 6248
333 289 437 352 593

1349 299 1868 364 BIBLIOTHECA.
1903 331 1971 341 —
1992 308 2156 370 COD.
2191 312 2569 379 CLXXXVII.

330 398 716 469 προαναλῶσαι
763 400 861 471 τῆς
925 402 1174 473 θεολόγου
1225 405 1430 476 ταύτης
1488 408 1596 461 τῶν
1651 409 1902 480 ἀριθμῶν

2012 415 2093 470 tice
2134 432 2313 475 rerum
2349 423 2756 479 subsistentium
2792 435 3039 481 auctores
3083 441 3148 481 ac
3191 442 3387 483 causas
3433 432 3587 486 eilia-

328 492 642 562 τερατείας,
680 496 776 547 καὶ
806 496 1168 567 φιλοσοφῆσαι
1194 502 1306 561 τοῖς
1333 498 1378 531 ³³
1419 498 1705 569 μαθήμασι
1742 518 1908 555 σπου-

329 582 517 647 δαίως,
554 584 619 637 ἵν’
654 586 749 656 ἐξῇ
795 587 887 639 καὶ
918 588 1345 659 ματαιολογῆσαι
1386 590 1627 654 τελείως.
1687 592 1775 656 Ὠς
1808 594 1910 664 μὲν

329 668 424 725 οὖν
467 674 524 725 ὲν
580 676 889 746 κεφαλαίῳ,
929 679 1133 748 μᾶλλον
1174 680 1228 733 δὲ
1271 682 1406 752 πρὸς
1445 684 1546 754 τὴν
1596 682 1909 756 ἐπιγραφὴν

332 764 533 832 φάναι,
578 767 818 823 τοιοῦτον
865 772 899 841 ἡ
939 771 1031 824 τοῦ
1078 772 1387 844 Γερασηνοὺ
1437 775 1753 847 Νικομάχου
1786 778 1907 832 θεο-

332 854 514 923 λογία.

2010 518 2120 578 gat,
2182 525 2213 565 e
2244 512 2472 583 singulis
2510 516 2625 585 jam
2679 516 2970 571 nominatis
3026 518 3328 588 disciplinis
3370 520 3586 575 theore-

2010 609 2156 654 mata
2214 605 2457 671 quaedam
2526 607 2652 661 huic
2722 607 2947 663 deorqu
3012 608 3265 665 eﬂictioni
3345 612 3581 678 intexit;

2013 704 2237 759 quorum
2287 694 2499 748 scilicet
2561 697 2831 765 ignoratio
2891 706 3040 752 tanto
3075 699 3147 752 sit
3176 702 3241 753 ad
3272 699 3582 768 huiusmodi

2013 784 2399 853 mystagogiam
2446 786 2831 856 impedimento
2870 786 3073 855 futura,
3107 798 3164 842 ut
3192 790 3395 845 frustra
3420 807 3578 846 suam

2016 874 2082 926 ad
2118 874 2434 933 discendum
2494 879 2828 935 alacritatem
2875 896 2985 949 pra:
3030 896 3087 936 se
3136 884 3273 937 ferat
3311 884 3422 950 ille,
3466 885 3588 952 qui-

331 966 550 1021 cunque
587 955 919 1024 supradictis
963 958 1264 1026 disciplinis
1301 961 1414 1031 jam
1454 972 1614 1018 antea
1674 964 1910 1018 imbutus
1971 980 2076 1018 non
2133 966 2317 1021 fuerit.
2387 969 2565 1036 Quare
2626 980 2893 1040 Oporteat,
2950 982 3009 1026 ut
3069 983 3315 1041 apparet,
3372 982 3585 1027 aetatem

333 1060 645 1100 tm'vvrsam
716 1049 780 1102 iis
840 1050 1142 1121 disciplinis
1199 1056 1486 1125 diligenter
1548 1060 1909 1111 ineumbendo
1947 1063 2291 1127 contrivisse,
2326 1074 2486 1133 atque
2526 1067 2950 1134 consumpsisse,
3006 1075 3297 1137 antequam
3345 1068 3411 1121 ad
3471 1069 3585 1122 lucc

334 1136 638 1207 theologica
678 1140 822 1192 circa
853 1156 1128 1209 numeros,
1157 1156 1209 1198 et
1252 1147 1556 1217 prodigiosa
1593 1161 1894 1202 commenta
1931 1151 2191 1211 veniatur.
2250 1170 2356 1219 quo
2411 1157 2642 1211 delirare
2723 1159 2939 1213 tandem
3008 1136 3220 1229 penitus
3289 1164 3383 1217 tibi
3456 1154 3585 1220 con~

335 1229 585 1282 cedatur.
675 1225 809 1281 Tale
862 1231 994 1297 quid
1052 1231 1215 1301 igitur
1275 1238 1627 1297 summatim.
1688 1238 1774 1291 vel
1829 1238 1895 1291 de
1949 1239 2065 1293 solo
2128 1243 2304 1310 potius
2378 1247 2531 1300 titulo
2587 1249 2876 1318 loquendo,
2942 1225 3260 1307 Nicomachi
3321 1253 3584 1313 Geraseni

331 1321 599 1388 theologia
632 1329 735 1375 est.

403 1407 525 1480 [Mil
566 1411 656 1482 R.]
701 1413 863 1481 Λέγει
887 1414 1067 1486 δὲτὴν
1100 1416 1303 1486 μονάδα
1333 1418 1465 1473 ἄλλα
1496 1438 1556 1473 τε
1607 1423 1708 1475 οὑκ
1752 1422 1908 1491 ὀλίγα

328 1503 437 1554 τῶν
496 1502 832 1572 πλασμάτων
876 1508 943 1576 τῇ
988 1509 1115 1577 περὶ
1159 1510 1327 1578 αὐτὴν
1371 1510 1597 1583 ἀληθείᾳ
1650 1514 1743 1566 καὶ
1795 1517 1908 1578 τοῖς

329 1592 595 1664 προσ-οὖσι
628 1595 670 1626 ⁸ο
706 1600 954 1662 φυσικοῖς
988 1597 1241 1667 ίδιὼμασι
1295 1604 1658 1670 καταμιγνὺς,
1710 1605 1801 1656 καὶ
1830 1605 1906 1667 ὼς

329 1682 451 1744 νοῦς
486 1682 739 1754 [2581-Ι.]
783 1701 841 1735 τε
886 1685 993 1755 εἴη.
1052 1683 1170 1738 εἶτα
1228 1688 1321 1740 καὶ
1376 1690 1761 1759 άρσενόθηλυς,
1812 1694 1907 1743 καὶ

329 1776 481 1839 Θεὸς,
520 1776 614 1829 καὶ
639 1775 738 1846 ὑλη
784 1777 841 1830 δέ
898 1796 1036 1841 πως,
1080 1780 1256 1832 πάντα
1299 1782 1555 1853 χρήματα
1615 1785 1808 1852 μιγνὺς
1832 1784 1907 1846 ὡς

328 1867 565 1935 ἀληθῶς,
630 1869 724 1921 καὶ
774 1869 1075 1940 πανδοκεὺς
1125 1871 1312 1924 λοιπὸν
1364 1872 1456 1925 καὶ
1502 1874 1779 1945 χωρητικὴ
1814 1876 1908 1927 καὶ

327 1960 494 2030 χάος,
551 1961 853 2029 σύγχυσις,
906 1963 1227 2033 σύγκρασις,
1281 1964 1552 2035 ἀλαμπία,
1618 1967 1905 2032 σκοτωδία,

327 2052 536 2122 χάσμα,
594 2053 893 2124 Τάρταρος.
952 2055 1062 2108 Καὶ
1125 2055 1303 2124 Στύγα
1337 2057 1392 2109 δὲ
1423 2059 1591 2127 αὐτὴν
1621 2059 1905 2127 τερατολο-

327 2141 510 2208 γοῦσι,
568 2143 663 2196 καὶ
720 2145 1023 2212 φρικωδίαν
1090 2146 1185 2198 καὶ
1247 2147 1471 2217 ἀμιξίαν
1510 2150 1603 2202 καὶ
1638 2136 1909 2221 βάραθρον

332 2232 676 2301 ὑποχθόνιον,
716 2234 810 2287 καὶ
840 2235 1044 2305 Λήθην,
1084 2237 1177 2289 καὶ
1221 2238 1454 2307 στιφρὰν
1484 2240 1773 2310 παρθένον,
1815 2244 1909 2295 καὶ

332 2325 635 2377 Ἄτλαντα·
666 2324 809 2389 ἄξων
829 2326 889 2379 τέ
911 2329 1057 2380 ἐστιν
1088 2330 1271 2392 αὑτοῖς
1294 2330 1389 2383 καὶ
1420 2330 1569 2400 ἥλιος
1608 2333 1701 2384 καὶ
1732 2335 1909 2403 πυρά-

326 2414 463 2479 λιος,
522 2417 617 2469 καὶ
669 2416 863 2486 μορφὼ
919 2418 976 2471 δὲ
1015 2420 1111 2471 καὶ
1157 2419 1325 2479 Ζανὸς
1354 2420 1586 2491 πύργος,
1620 2424 1715 2475 καὶ
1741 2440 1911 2492 σπερ-

330 2507 565 2577 ματίτης
602 2507 779 2575 λόγος,
821 2509 1091 2563 Ἀπόλλων
1136 2528 1194 2562 τε
1225 2512 1317 2564 καὶ
1372 2514 1657 2584 προφήτης
1691 2514 1784 2567 καὶ
1820 2514 1907 2565 λό-

326 2612 469 2663 γιος.
505 2597 570 2649 Ἦ
599 2598 655 2650 δὲ
690 2599 796 2653 τῶν
829 2601 1110 2668 ὀνομάτων
1136 2602 1285 2654 αἰτία
1322 2602 1355 2672 ἡ
1385 2602 1484 2677 μὲν
1514 2604 1711 2672 φρενὸς
1741 2606 1910 2658 ἀστά-

327 2704 424 2740 του
466 2688 562 2745 καὶ
594 2688 1118 2763 δεισιδαιμονοὺσης,
1167 2697 1200 2763 ἠ
1239 2695 1293 2747 δὲ
1323 2696 1443 2750 οὐδὲ
1478 2697 1577 2765 τῆς
1606 2693 1909 2764 παιδαριώ-

326 2779 452 2843 δους
483 2782 883 2846 ἀνατυπώσεως
912 2785 1331 2856 ἀπηλλαγμένη.
1374 2787 1514 2841 Ἀλλ’
1546 2790 1578 2857 ἡ
1612 2786 1710 2858 μὲν
1742 2786 1910 2857 μονάς

328 2872 473 2926 οὕτω
507 2875 810 2946 Νικομάχῳ
846 2878 939 2931 καὶ
969 2880 1083 2941 τοῖς
1134 2879 1304 2933 αὑτοῦ
1359 2880 1704 2945 διδασκάλοις
1730 2879 1910 2949 θεολο-

330 2966 512 3034 γείταί
538 2985 597 3021 τε
635 2967 753 3038 ἅμα
786 2970 882 3022 καὶ
911 2970 1165 3040 βάλλεται
1200 2969 1378 3042 ὑδρει.

420 3254 485 3308 Ἦ
516 3255 573 3308 δὲ
588 3255 717 3320 δυὰς
749 3256 925 3327 τόλμα
982 3255 1045 3313 τι
1086 3257 1235 3311 ἐστιν
1279 3257 1483 3323 αὐτοῖς,
1529 3259 1625 3313 καὶ
1654 3258 1777 3331 ὑλη,
1818 3260 1915 3315 καὶ

332 3348 443 3404 τῶν
498 3349 770 3418 ἀνομοίων
825 3349 991 3415 αῑτία,
1031 3349 1127 3404 καὶ
1186 3350 1511 3421 μεταίχμιον
1552 3350 1792 3422 πλήθους
1824 3354 1914 3406 καὶ

339 3442 587 3513 μονάδος.
637 3442 731 3494 Ἐκ
771 3440 1072 3503 συνθέσεως
1104 3458 1164 3495 τε
1209 3441 1305 3495 καὶ
1359 3444 1752 3511 κατακράσεως
1776 3442 1912 3514 μόνη

344 3534 458 3587 ἴσον
486 3535 650 3593 ποιεῖ,
670 3533 750 3586 διὸ
778 3534 872 3586 καὶ
899 3535 1013 3604 ἴση.
1062 3534 1223 3588 Ἀλλά
1257 3534 1347 3588 καὶ
1374 3535 1575 3598 ἄνισος,
1626 3536 1718 3589 καὶ
1748 3536 1916 3589 ἐλλει-

337 3622 451 3690 ex,
494 3622 588 3674 καὶ
614 3622 970 3689 πλεονασμὸς,
1020 3623 1117 3675 καὶ
1174 3624 1310 3693 μόνη
1366 3623 1772 3695 ἀσχημάτιστος
1821 3626 1917 3680 καὶ

340 3715 589 3786 ἀόριστος
612 3715 707 3767 καὶ
736 3715 983 3784 ἄπειρος,
1009 3716 1151 3786 ἀρχή
1192 3733 1252 3769 τε
1285 3717 1472 3788 ἀρτίου
1508 3718 1663 3788 μόνη,
1694 3718 1791 3771 καὶ
1816 3717 1917 3779 οὐκ

340 3806 549 3877 ἄρτιος,
586 3806 647 3858 οὑ
680 3806 785 3875 μὴν
812 3806 921 3858 οὐδ’
952 3807 1205 3876 ἀρτιάκις
1245 3808 1429 3878 ἀρτία,
1464 3808 1585 3861 οὑδὲ
1619 3810 1917 3879 περισσάρ-

339 3912 473 3959 τιος,
495 3896 607 3948 οὐδ’
639 3895 1070 3966 ἀρτιοπέριττος.
1110 3896 1270 3949 Ἀλλὰ
1297 3898 1503 3951 τούτων
1530 3899 1629 3964 μὲν
1657 3899 1726 3953 τά
1750 3899 1917 3953 πλείω

341 3987 507 4055 ἐγγύς
556 3988 673 4039 ἐστι
732 3989 799 4057 τῇ
852 3987 1040 4050 δυάδος
1094 3990 1294 4059 φυσικῇ
1356 3989 1621 4059 ἰδιότητιο
1664 3989 1699 4043 ἃ
1728 3989 1785 4043 δὲ
1818 3992 1919 4061 τῆς

339 4078 644 4148 τερατείας,
669 4078 821 4148 πηγή
859 4078 975 4131 ἐστι
993 4078 1173 4148 πάσης
1202 4079 1535 4149 συμφωνίας,
1564 4081 1660 4133 καὶ
1682 4081 1917 4134 Μουσῶν

340 4174 372 4241 ἠ
446 4169 680 4242 Ἐρατὼ,
743 4173 836 4224 καὶ
902 4171 1139 4241 ἁρμονία
1190 4172 1258 4233 ⁵⁸,
1299 4170 1394 4223 καὶ
1440 4170 1777 4243 τλημοσύνῃ,
1823 4174 1919 4226 καὶ

342 4263 486 4333 ῥίζα,
522 4263 585 4314 οὑ
622 4263 742 4316 κατ’
759 4264 1041 4332 ὲνὲργειάν
1066 4280 1173 4327 πω,
1208 4263 1298 4316 καὶ
1345 4261 1596 4333 δύναμις,
1635 4265 1728 4317 καὶ
1759 4265 1920 4329 πόδες

341 4354 713 4409 πολυπιδάκου
738 4353 784 4386 ⁸³
817 4355 983 4423 Ἴδης,
1014 4354 1105 4407 καὶ
1125 4354 1387 4425 κορυφαὶ,
1425 4355 1518 4407 καὶ
1539 4355 1737 4427 Φάνης.
1758 4356 1919 4410 Ἀλλὰ

2086 1422 2159 1477 De
2186 1423 2395 1479 unitate
2425 1440 2555 1495 ergo
2576 1427 2795 1495 (praeter
2827 1428 2931 1483 alia
2961 1429 3213 1498 ﬁgmenta
3260 1447 3366 1486 non
3394 1450 3586 1504 pauca,

2013 1529 2134 1581 quae
2172 1514 2335 1568 rebus
2364 1516 2428 1570 de
2473 1532 2535 1569 ea
2588 1518 2747 1582 veris,
2777 1520 3228 1590 naturalibusque
3279 1526 3584 1593 proprieta-

2016 1607 2159 1660 tibus
2200 1607 2252 1660 in
2292 1622 2409 1661 eam
2458 1610 2857 1678 quadrantibus
2898 1613 3183 1681 admiscet)
3228 1615 3396 1669 etiam
3456 1617 3586 1673 illud

2013 1700 2178 1754 refert
2213 1717 2226 1751 :
2260 1698 2491 1759 Mentem
2536 1702 2684 1757 hanc
2737 1719 2874 1769 esse,
2919 1704 3113 1759 deinde
3161 1714 3216 1760 et
3246 1707 3365 1761 viro
3425 1707 3585 1763 {emi-

2012 1805 2133 1843 nam
2187 1790 2322 1860 (78),
2375 1807 2440 1846 ac
2488 1792 2677 1860 Deum,
2724 1807 2777 1849 et
2828 1799 3111 1851 materiam
3163 1800 3583 1868 quodammodo.

2012 1880 2267 1937 Eamdem
2319 1900 2406 1938 res
2445 1901 2645 1951 omnes_
2681 1901 2866 1941 revera
2921 1890 3170 1953 miscere,
3223 1902 3277 1945 et
3327 1892 3587 1960 deinceps

2010 1972 2254 2025 omnium
2307 1976 2660 2044 receptricem
2710 1992 2829 2031 esse
2881 1987 3046 2047 atque
3086 1996 3365 2050 capacem,
3397 1982 3583 2047 chaos,

2011 2061 2427 2131 confusionem,
2491 2072 3046 2137 contemperationem
3072 2112 3089 2137 ,
3147 2074 3541 2129 obscuritatem
3567 2114 3586 2141 ,

2012 2157 2283 2219 tenebras,
2319 2158 2543 2221 hiatum,
2601 2159 2892 2216 Tartarum
2957 2163 3177 2234 insuper
3237 2166 3417 2232 hanc,
3475 2167 3586 2221 imo

2011 2248 2175 2316 Styga
2223 2263 2342 2303 esse
2396 2261 2683 2320 nugantur,
2724 2263 2778 2306 et
2831 2255 3140 2317 horrorem,
3177 2265 3345 2325 atque
3382 2258 3585 2325 imper-

2012 2342 2322 2393 mistionem
2376 2360 2389 2395 :
2448 2342 2764 2397 barathrum
2830 2360 3046 2413 quoque
3125 2348 3582 2409 subterraneum,

2010 2428 2238 2493 Lethen,
2270 2433 2496 2503 rigidam
2552 2433 2814 2503 virginem
2854 2435 2986 2507 (79),
3026 2446 3080 2491 et
3133 2437 3586 2497 Atlantem.Axis

2014 2532 2275 2587 praeterea
2302 2525 2434 2592 ipsis
2463 2534 2569 2590 est,
2595 2536 2650 2578 et
2680 2526 2794 2592 Sol,
2819 2535 2873 2580 et
2899 2526 3169 2598 Pyralios,
3196 2527 3423 2595 Morpho
3445 2527 3583 2597 (80),

2009 2610 2158 2667 Jovis
2199 2629 2318 2679 arx,
2364 2631 2428 2670 ac
2467 2617 2745 2671 seminatis
2806 2619 2969 2674 ratio.
3001 2617 3197 2687 Apollo
3248 2622 3316 2673 ad
3366 2620 3482 2672 hazc
3531 2629 3586 2672 et

2012 2706 2300 2774 pr0pheta,
2329 2719 2383 2761 ει
2408 2706 2685 2764 fatidicus.
2716 2707 3006 2764 Nominum
3042 2725 3172 2763 vero
3197 2711 3388 2764 horum
3421 2710 3586 2773 ratio,

2013 2799 2210 2867 partim
2237 2816 2265 2852 a
2291 2810 2471 2853 mente
2492 2809 2577 2855 est
2604 2801 2864 2863 instabili,
2888 2816 2952 2855 ac
2974 2803 3372 2870 superstitiosa,
3391 2801 3587 2871 partim

2014 2901 2081 2955 ne
2106 2902 2136 2940 a
2167 2887 2360 2956 puerili
2389 2888 2603 2956 quidem
2633 2887 2860 2942 recessit
2888 2888 3297 2958 imaginatione.
3320 2888 3586 2946 Caeterum

2014 2980 2198 3035 unitas
2232 2981 2335 3034 hoc
2377 2990 2534 3050 pacto
2563 2996 2592 3032 a
2629 2978 2984 3047 Nicomacho,
3017 2982 3240 3051 ejusque
3288 2993 3588 3051 praecepto-

1937 3086 1981 3145 ο
2016 3070 2165 3126 ribus
2206 3072 2368 3127 simul
2420 3072 2475 3126 in
2512 3072 2645 3126 deos
2684 3069 2939 3137 refertur,
2986 3081 3044 3128 et
3091 3073 3420 3130 contumelia
3468 3072 3585 3127 alii-

2014 3160 2179 3218 citur.

2088 3254 2229 3325 Dyas
2256 3254 2471 3319 deinde,
2518 3271 2614 3309 seu
2642 3255 2887 3312 binarius
2913 3296 2930 3321 ,
2964 3256 3191 3312 audacia
3226 3257 3359 3326 ipsis
3399 3266 3483 3311 est
3528 3271 3593 3310 ac

2017 3349 2267 3413 materia,
2303 3348 2763 3417 dissimiliumque
2798 3365 2985 3415 causa,
3035 3361 3092 3404 et
3138 3351 3402 3403 unitatem
3451 3350 3595 3402 inter

2017 3453 2080 3490 ac
2143 3440 2548 3494 multitudinem
2617 3441 2996 3497 interstitium.
3059 3439 3138 3494 Ex
3201 3439 3593 3508 compositione

2017 3540 2180 3597 atque
2226 3532 2579 3598 permistione
2628 3532 2778 3586 solus
2828 3532 2918 3593 hic
2966 3530 3328 3601 aequalitatem
3380 3528 3588 3583 eliicit:

2017 3638 2189 3692 quare
2222 3624 2385 3678 etiam
2418 3624 2643 3693 mqualis
2670 3635 2775 3688 est,
2811 3626 2901 3679 sed
2946 3634 3001 3679 et
3041 3622 3325 3692 inaequalis
3359 3632 3463 3684 est,
3502 3624 3595 3677 de-

2019 3716 2298 3785 iectusque
2346 3725 2400 3769 et
2438 3716 2627 3789 143i)
2672 3716 3003 3779 abundantia
3034 3734 3048 3769 :
3087 3715 3231 3771 solus
3259 3715 3387 3768 item
3418 3711 3594 3769 infor-

2020 3807 2148 3871 mis,
2172 3818 2226 3860 et
2254 3806 2585 3871 indeiinitus,
2610 3820 2913 3875 carensque
2949 3804 3203 3859 termino.
3243 3801 3403 3855 Solus
3436 3801 3596 3870 pari—

2022 3899 2149 3968 tatis
2196 3897 2566 3969 principium:
2616 3912 2715 3952 nec
2759 3906 2938 3949 tamen
2994 3910 3113 3964 par,
3154 3907 3332 3963 neque
3376 3906 3593 3946 rursum

2018 3992 2227 4061 pariter
2276 4006 2395 4057 par,
2446 4004 2620 4058 neque
2671 3990 2953 4058 impariter
3006 4003 3126 4057 par,
3179 4001 3357 4056 neque
3394 3983 3597 4054 pariter

2021 4083 2214 4150 impar.
2252 4079 2454 4135 Verum
2493 4083 2687 4135 horum
2721 4080 2955 4148 plurima
2982 4077 3161 4131 allinia
3195 4086 3323 4129 sunt
3364 4073 3596 4128 naturali

2020 4176 2217 4239 hinarii
2260 4173 2432 4242 ipsius
2462 4172 2808 4242 proprietati.
2855 4170 2988 4236 Quae
3020 4184 3152 4223 vero
3187 4168 3253 4222 ad
3290 4167 3595 4238 prodigiosa

2022 4274 2324 4321 commenta
2352 4266 2646 4333 pertinent,
2679 4263 2793 4316 haec
2818 4261 2937 4316 fere
2963 4270 3110 4316 sunt.
3134 4260 3279 4316 Fons
3305 4270 3392 4314 est
3419 4258 3597 4323 omnis

2024 4365 2343 4416 concentus,
2395 4366 2449 4408 et
2504 4353 2647 4407 inter
2696 4353 2876 4408 Musas
2908 4353 3099 4415 Erato,
3155 4351 3398 4418 itemque
3456 4346 3596 4401 Har-

342 4447 438 4498 καὶ
473 4447 587 4499 ἴσον
615 4448 712 4498 Δία
737 4446 783 4477 ⁴³
804 4445 901 4516 τὴν
956 4445 1121 4499 δυάδα
1149 4448 1182 4515 ή
1225 4446 1604 4515 μυθοπλαστία
1648 4447 1909 4517 θεολογεῖ,

2024 4448 2225 4501 monia.
2260 4445 2570 4499 Tolerantia
2607 4445 2813 4510 adhaec,
2842 4445 3142 4511 radiane,
3204 4443 3305 4494 etsi
3341 4456 3445 4492 non
3474 4447 3595 4492 actu

342 4536 436 4587 καὶ
462 4536 618 4606 δίκην
644 4537 711 4602 δ”,
767 4538 862 4590 καὶ
880 4532 1041 4600 Ἶσιν,
1087 4537 1180 4588 καὶ
1239 4536 1423 4604 φύσιν,
1474 4538 1567 4591 καὶ
1609 4538 1792 4600 Ῥέαν,
1821 4540 1911 4593 καὶ

2022 4538 2435 4608 quodammodo,
2488 4547 2727 4606 potestas
2777 4545 3060 4604 praeterea,
3115 4542 3171 4586 et
3219 4530 3386 4600 pedes
3431 4529 3597 4581 fonti-

342 4626 662 4697 διομάτερα,
693 4629 787 4681 καὶ
834 4629 1015 4698 πηγὴν
1040 4628 1304 4698 διανομῆς
1331 4642 1344 4657 ·
1376 4627 1491 4681 ἐστι
1539 4630 1585 4681 δ’
1621 4630 1807 4694 αὐτοῖς
1841 4632 1911 4695 ὡς

2022 4634 2124 4687 bus
2143 4632 2255 4704 (Si)
2275 4630 2601 4686 abundantis
2626 4630 2750 4694 Ida},
2776 4643 2840 4681 ac
2869 4627 3122 4689 vertices,
3150 4632 3206 4678 et
3229 4620 3596 4689 Phanes(82).

354 4716 482 4769 Ῥέα
505 4719 599 4769 καὶ
623 4717 829 4787 Φρυγία
862 4719 956 4770 καὶ
996 4718 1164 4771 Λυδία
1191 4719 1285 4771 καὶ
1310 4719 1642 4790 Δινδυμήνη,
1679 4722 1776 4776 καὶ
1815 4724 1911 4793 Δή-

2022 4725 2161 4792 Quin
2209 4735 2263 4777 et
2302 4739 2333 4776 a
2364 4723 2579 4777 hinario
2624 4736 2835 4789 aequum
2871 4733 2993 4773 esse
3041 4716 3253 4778 Jovem,
3290 4713 3596 4769 fabularum

347 4825 532 4878 μητρα
556 4808 652 4861 καὶ
694 4809 1018 4871 Ἐλευσινία,
1071 4810 1167 4863 καὶ
1217 4812 1503 4881 Ἀρτεμις,
1548 4814 1642 4865 καὶ
1676 4814 1911 4886 Ἵμερος,

2024 4818 2138 4871 haec
2198 4812 2379 4883 ﬁglina
2429 4812 2726 4882 theologice
2750 4812 2988 4880 disputat
3020 4826 3036 4863 :
3073 4807 3347 4863 Justitiam
3373 4806 3489 4877 (85)
3509 4805 3575 4859 ad

344 4900 440 4952 καὶ
466 4897 751 4963 Δίκτυννα,
778 4898 875 4952 καὶ
915 4898 1118 4969 Ἀερία,
1156 4901 1252 4954 καὶ
1292 4899 1566 4973 Ἀστερία,
1620 4904 1716 4957 xai.
1759 4905 1911 4962 Δίσα-

2029 4912 2141 4965 hazc
2173 4923 2292 4964 esse
2340 4908 2541 4977 Dyada,
2575 4914 2629 4959 et
2672 4902 2802 4968 Isin,
2846 4901 3128 4967 Naturam,
3173 4913 3237 4953 ac
3272 4896 3506 4961 Rheam,
3543 4902 3597 4947 et

1620 5022 1853 5081 VARIAS
1892 5028 2297 5085 LECTIONES.

1121 5139 1167 5172 ⁸⁸
1196 5135 1478 5217 προςιοῦπι
1516 5156 1578 5201 ς’.
1660 5140 1703 5172 ⁸¹
1738 5142 1996 5215 ἁρμονία]
2027 5143 2265 5217 ἁρμονία
2281 5143 2426 5214 ωδυη
2456 5136 2567 5195 οἷον
2600 5137 2846 5209 ὑπομονὴ
2874 5140 2937 5191 Α.

945 5209 991 5241 ιδ
1019 5209 1139 5279 ῐσην
1189 5225 1273 5279 pr.
1312 5210 1380 5263 A.
1778 5209 1827 5213 “”

420 5136 463 5168 ³⁹
485 5135 616 5208 τοῖς]
658 5137 787 5208 περὶ
812 5140 926 5203 τοῖς
954 5140 1020 5194 Α.
1121 5139 1167 5172 ⁸ο
1196 5135 1478 5207 προσιοῦσι
1516 5156 1578 5201 ς’.
1660 5140 1703 5172 ⁸¹
1738 5142 1996 5208 ἁρμονία]
2027 5143 2265 5208 ἁρμονία
2281 5143 2426 5208 ωδυη
2456 5136 2567 5195 οἷον
2600 5137 2846 5208 ὑπομονὴ
2874 5140 2937 5191 Α.
3052 5133 3096 5163 δ’
3123 5126 3492 5187 πολυπίδακος
3532 5142 3592 5188 ς.

348 5205 397 5237 ⁸³
434 5206 535 5259 Δία
562 5205 650 5262 δίά
684 5205 782 5276 τήν
808 5227 869 5276 ς.

423 5368 536 5433 (78)
582 5368 1181 5446 ’ᾼρσενόθηλυςηρῃοει
1246 5369 1314 5423 de
1369 5362 1916 5446 Minervauomheus

351 5434 804 5517 qugpgehﬂmp
858 5434 1425 5517 εεείιιξιἊρσηνΑμὲν
1454 5434 1745 5517 καὶ-θῆλυς
1791 5434 1912 5517 ξφυ.

422 5508 531 5576 (79)
582 5504 819 5578 Στιφράν
851 5504 1254 5577 παρθένονίΙιά
1290 5504 1518 5573 Seneca,
1546 5504 1756 5568 Medea,
1788 5505 1915 5559 Dia-

353 5595 477 5635 nam
515 5578 648 5631 dixit
679 5594 918 5643 asperam
946 5580 1219 5647 virginem.

431 5648 544 5718 (80)
576 5649 799 5718 Veneris
842 5648 894 5702 id
942 5649 1081 5718 apud
1127 5648 1560 5705 Lacedaemonios
1585 5658 1914 5717 cognomen-

352 5730 491 5782 tum,
513 5716 578 5773 de
610 5734 715 5789 qua
741 5716 973 5773 l’ausan.
1011 5716 1257 5777 Laconic.

2099 5368 2212 5441 (8_l)
2241 5367 2475 5441 Homero
2507 5379 2721 5441 quoque
2762 5360 3401 5441 notajroiunwaéuflou.‘
3452 5427 3463 5439 ο

2089 5426 2207 5510 (δῇ)
2234 5439 2327 5510 sol
2361 5440 2446 5510 hi_e
2470 5426 2957 5510 qtijbti'sd:ian_._aliis
2988 5426 3592 5510 Amor._Vide'Suid_ani

2022 5502 2355 5572 et'Girald.
2402 5502 2715 5562 De—Phane
2772 5502 3009 5559 Thebano
3061 5502 3295 5572 quodam
3350 5502 3593 5553 meminit

2023 5569 2336 5653 Pausanrin
2369 5574 2695 5653 corinthiae.
2752 5645 2764 5653 _
2824 5642 2836 5653 _
2913 5642 2925 5653 θ

2095 5650 2208 5721 (85)
2248 5649 2384 5720 Δίκη
2416 5648 2481 5703 de
2503 5662 2606 5717 qua
2636 5642 2949 5716 mythologi.
