4030 6248
409 315 528 395 Δ595
1576 310 1839 377 PHOTII
1874 314 1992 376 PA']

2094 314 2374 376 iARCH/E
2415 314 2522 376 CP.
3557 286 3686 381 διθ-

423 427 572 480 lovis
595 435 842 492 matrem,
874 425 1183 496 fontemque
1207 425 1623 481 distributionis.
1645 428 1741 484 Est
1767 429 1982 496 insoper

2094 441 2184 498 μος
2213 429 2307 481 κα).
2351 425 2543 489 Ἐστὼ,
2593 425 2686 480 καὶ
2734 421 2839 496 μὴν
2884 403 2976 480 alui
3016 424 3296 498 Ἀφροδίτη
3333 425 3429 480 καὶ
3461 428 3660 498 Διώνη,

423 519 555 586 ipsis
580 528 830 585 tanquam
860 516 1006 570 Rhea
1036 523 1146 569 tam
1170 513 1427 586 Phrygia,
1451 531 1611 585 quam
1639 516 1805 588 Lydia
1826 527 1986 585 atque

2094 521 2182 574 καὶ
2203 519 2424 588 Μυχαία
2447 519 2541 572 καὶ
2567 517 2856 588 Κυθέρεια,
2901 519 2994 570 καὶ
3013 518 3201 585 ἄγνοια
3231 518 3322 571 καὶ
3356 520 3656 587 ἀγνωστία,

423 607 756 678 Dindymene
803 606 937 677 (84).
969 607 1219 660 Demetra
1266 607 1377 677 (85)
1413 622 1626 678 quoque
1674 618 1724 662 et
1776 608 1986 661 Eleusi-

2094 610 2185 663 καὶ
2206 607 2397 678 ψεῦδος
2432 609 2525 660 καὶ
2578 605 2894 677 ἀδιοριστία,
2929 608 3020 660 κα)⁵
3061 605 3313 678 ἑτερότης
3335 610 3428 660 καὶ
3459 612 3661 672 νεῖκος,

424 701 535 765 nia,
557 700 746 762 Diana,
773 698 1075 767 Appetitus,
1099 697 1358 768 Dictynna
1382 699 1519 770 (86),
1545 701 1727 764 Aeria,
1746 699 1982 765 Asteria,

2094 701 2190 753 καὶ
2243 697 2575 768 διχοστασία,
2628 697 2725 750 καὶ
2781 697 2943 766 μόρος
3004 695 3102 750 καὶ
3151 696 3396 760 θάνατος.
3427 697 3665 750 Τοιαῦτα

425 791 696 854 Disamus,
746 799 798 844 et
843 791 1001 844 Vesta
1041 790 1174 860 (87).
1207 791 1348 857 Quin
1403 795 1566 846 etiam
1602 791 1804 858 Venus,
1857 793 1984 845 Dio-

2097 791 2194 860 μὲν
2220 789 2401 850 αὐτοῖς
2431 790 2526 842 καὶ
2549 790 2582 858 ἡ
2607 788 2736 852 δυὰς
2762 786 3111 854 θεολογεῖται.

422 895 491 937 ne
530 879 666 948 (88),
695 878 914 932 Michaea
960 877 1094 949 (89),
1131 880 1438 948 Cythereia.
1496 880 1802 951 Ignorantia
1865 881 1988 934 item
2020 879 2583 946 atqueimprmlentia,
2614 876 2831 940 falsum,
2883 879 3164 944 permistio
3212 879 3347 950 (90).
3396 881 3665 946 simultas,

386 973 734 1033 "contentio,
795 970 1074 1024 dissidium
1102 1011 1118 1036 ,
1154 970 1322 1025 fatum
1367 973 1594 1042 denique
1636 981 1690 1024 et
1728 987 1895 1025 mors.
1932 969 2024 1024 Sic
2060 971 2170 1023 fere
2220 969 2287 1022 de
2323 969 2531 1022 binario
2558 968 2624 1021 ab
2655 970 2784 1039 ipsis
2837 981 2921 1024 est
2968 971 3258 1040 theologice
3316 973 3665 1041 disputatum.

491 1063 785 1118 Ternarlus
825 1079 953 1119 vero
992 1066 1196 1134 primus
1226 1067 1469 1120 omnium
1505 1076 1628 1121 actu
1672 1070 1844 1136 impar
1879 1076 1984 1129 est,

2175 1065 2237 1117 Ἦ
2263 1064 2318 1116 δὲ
2347 1063 2503 1134 τριὰς
2534 1065 2650 1116 ἐστι
2679 1065 2778 1133 μὲν
2809 1065 3042 1136 πρῶτος,
3085 1066 3343 1137 περισσὸς
3369 1068 3487 1120 κατ’
3515 1066 3671 1138 ἐνέρ-

426 1154 742 1225 primusque
773 1158 1042 1224 perlectus
1069 1173 1343 1222 numerus,
1377 1169 1432 1213 et
1461 1159 1746 1224 medietas,
1776 1175 1838 1212 ac
1859 1174 1984 1226 pro-

2094 1171 2269 1222 γειαν,
2289 1157 2382 1208 καὶ
2407 1157 2608 1218 τέλειος
2626 1158 2840 1228 πρῶτος
2855 1157 2950 1211 καὶ
2982 1159 3237 1228 μεσότης,
3262 1159 3356 1212 καὶ
3374 1160 3637 1228 ἀναλογία
3650 1176 3666 1191 ⁸

419 1248 636 1314 portio:
680 1248 768 1316 qui
799 1249 1018 1303 unitatis
1054 1250 1158 1302 vim
1194 1250 1246 1302 in
1279 1260 1458 1304 actum
1515 1259 1676 1318 atque
1736 1263 1994 1316 exporre—

420 1339 652 1391 ctionem
685 1339 976 1406 procedere
1002 1337 1150 1394 facit.
1185 1339 1326 1395 ldem
1349 1341 1520 1410 prima
1548 1350 1631 1394 est
1655 1341 1918 1405 omnium,
1943 1347 1998 1393 et

421 1429 636 1496 quidem
668 1429 880 1497 propria
905 1430 1165 1483 unitatum
1193 1430 1607 1497 coagmentatio.
1658 1428 1796 1482 Hinc
1836 1443 1997 1498 porro

2093 1248 2194 1317 τήν
2233 1262 2290 1300 τε
2317 1250 2419 1318 τῆς
2452 1248 2676 1317 μονάδος
2702 1249 2930 1319 δύναμιν
2982 1251 3060 1313 εἰς
3085 1250 3360 1318 ἐνέργειαν
3388 1253 3480 1305 καὶ
3501 1252 3671 1305 ὲπέκυ

2094 1355 2250 1391 τασιν
2288 1341 2592 1410 προχωρεῖν
2634 1342 2796 1396 ποιεῖ.
2850 1339 3014 1394 Ἀλλὰ
3059 1341 3152 1394 καὶ
3195 1337 3507 1411 πρωτίστη,
3570 1342 3670 1396 καὶ

2103 1430 2309 1502 κυρίως
2379 1431 2622 1502 μονάδων
2686 1431 2958 1503 σύστημα.
3010 1429 3146 1486 Εἶτα
3195 1433 3378 1486 λοιπὸν
3419 1434 3670 1489 ἐντεῦθεν

423 1521 490 1573 ad
526 1521 913 1590 physiologiam
960 1536 1242 1576 numerum
1308 1522 1448 1576 hunc
1490 1523 1793 1576 traducunt.
1825 1520 1998 1576 Causa

426 1615 569 1668 enim
631 1625 716 1669 est
768 1617 844 1670 rei
902 1616 1184 1686 tripliciter
1212 1615 1547 1684 separabilis,
1579 1625 1634 1670 et
1681 1615 1998 1669 inﬁnitatem

2103 1521 2286 1583 αὐτοῖς
2333 1521 2469 1591 πρὸς
2520 1520 2582 1572 τὸ
2629 1521 3006 1590 φυσιολογικὺν
3054 1523 3266 1592 αἴρεται
3319 1524 3347 1575 ὁ
3397 1523 3668 1594 ἀριθμὸςο

2100 1611 2249 1666 αἰτία
2278 1626 2337 1662 τε
2374 1611 2482 1680 γὰρ
2511 1610 2605 1663 τοῦ
2634 1611 2793 1681 τρίχῆ
2839 1611 3143 1677 διαστατοῦ,
3186 1614 3279 1667 καὶ
3317 1615 3670 1686 περατωτικὴ

425 1720 774 1760 numerorum
822 1704 1084 1760 deﬁniens
1123 1723 1135 1759 :
1166 1705 1342 1760 simile
1382 1718 1631 1775 quoque,
1662 1712 1717 1756 et
1755 1703 1916 1768 idem,
1948 1711 1992 1756 et

2099 1702 2201 1772 τῆς
2228 1701 2481 1772 ἀπειρίας
2500 1701 2600 1771 τῆς
2617 1703 2674 1754 ὲν
2704 1702 2941 1774 ἀριθμῷ,
2967 1705 3060 1757 καὶ
3089 1705 3292 1774 ὅμοιον,
3326 1707 3420 1758 καὶ
3447 1708 3670 1772 ταύτὸν,

425 1798 661 1865 ejusdem
737 1797 1136 1866 proportionis,
1195 1811 1259 1850 ac
1320 1796 1755 1850 determinatum.
1800 1790 1992 1848 Verum

2103 1794 2196 1847 καὶ
2241 1793 2522 1862 ὁμόλογον,
2578 1794 2673 1846 καὶ
2719 1793 3043 1864 ὡρισμένον.
3101 1793 3240 1849 Ἀλλ’
3288 1795 3439 1850 οὔπω
3494 1797 3670 1854 ταῦτα

425 1890 541 1943 haec
565 1889 800 1943 nondum
828 1889 960 1942 adeo
984 1889 1199 1955 stolida,
1219 1887 1416 1956 quibus
1446 1888 1636 1942 isthaec
1663 1901 1992 1954 nequaquam

2102 1883 2358 1954 φορτικά.
2405 1881 2487 1936 Τά
2506 1882 2551 1936 δ’
2593 1883 2691 1952 οὐχ
2741 1883 2917 1953 ὃμοια.
2985 1884 3094 1937 Καὶ
3145 1885 3267 1948 νοῦς
3295 1903 3380 1949 τις
3425 1889 3458 1957 ή
3487 1889 3668 1958 τριὰς,

422 1979 643 2037 similia.
687 1979 834 2034 Mens
876 1981 1120 2047 quamam
1165 1980 1435 2034 ternarius
1475 1988 1598 2041 est,
1633 1990 1688 2033 et
1717 1979 1992 2047 sapientia:

2097 1979 2191 2030 καὶ
2227 1975 2509 2039 εὐϐουλίας
2535 1978 2628 2030 καὶ
2650 1977 2913 2040 συνέσεως
2940 1979 3108 2042 αἰτία,
3140 1980 3234 2032 καὶ
3283 1980 3503 2047 γνῶσις,
3546 1982 3672 2051 ἀρι-

423 2081 586 2139 atque
636 2071 1000 2140 intelligentiae
1032 2087 1193 2124 causa
1223 2089 1235 2124 :
1265 2071 1500 2140 cognitio
1554 2071 1620 2124 ad
1689 2071 1822 2136 haec,
1873 2085 1992 2140 quae

2096 2069 2234 2140 Θμοῦ
2261 2070 2324 2122 τὸ
2354 2068 2712 2140 κυριώτατον,
2751 2071 3014 2140 μουσικῆς
3045 2085 3103 2122 τε
3136 2069 3316 2141 πάσης
3348 2072 3509 2141 κυρία
3570 2073 3671 2124 καὶ

423 2162 633 2216 numeri
673 2171 755 2217 est
799 2177 922 2231 pars
953 2163 1189 2216 maxime
1229 2163 1473 2232 propria,
1519 2164 1739 2217 musica:
1780 2178 1992 2232 quoque

2095 2162 2370 2225 σύστασις,
2398 2163 2493 2214 καί
2526 2178 2589 2230 γε
2623 2163 2718 2214 καὶ
2771 2164 3112 2233 γεωμετρίας
3150 2164 3232 2216 ὅτι
3269 2163 3522 2232 μάλιστα.
3554 2165 3671 2218 Καὶ

422 2255 690 2309 universae
725 2263 981 2323 potestas,
1014 2270 1079 2309 ac
1115 2256 1435 2324 compositio
1469 2274 1483 2310 :
1521 2266 1575 2310 et
1605 2270 1734 2310 vero
1777 2270 1994 2323 geome-

424 2349 543 2403 tria:
576 2349 660 2403 vel
691 2348 948 2404 maxime.
979 2347 1118 2415 Quin
1168 2349 1331 2402 etiam
1363 2348 1450 2403 hic
1491 2364 1670 2403 rerum
1708 2349 1772 2402 ad
1818 2357 1989 2402 astro-

421 2439 682 2504 nomiam,
710 2439 825 2494 sive
861 2441 929 2494 ad
977 2440 1277 2494 caelestium
1312 2449 1562 2494 naturam
1595 2457 1660 2496 ac
1707 2443 1989 2496 scientiam

423 2531 808 2599 pertinentium
834 2532 939 2585 vim
966 2546 1178 2585 omnem
1206 2531 1368 2585 habet
1397 2547 1461 2586 ae
1481 2533 1740 2597 continet,
1765 2548 1992 2603 eamque

426 2623 494 2677 ad
520 2624 836 2677 substantia!
871 2622 1279 2690 productionem
1309 2623 1557 2692 impellit.
1586 2624 1826 2679 Virtutes
1857 2640 1995 2694 quot

424 2730 539 2784 que.
561 2729 751 2767 omnes
780 2713 849 2768 ab
889 2715 990 2768 hoc
1021 2729 1246 2769 numero
1282 2717 1610 2786 dependent,
1640 2727 1800 2787 atque
1833 2720 1900 2772 ab
1926 2733 1992 2772 eo

423 2807 860 2873 proﬁciscuntur.
906 2805 1168 2874 Deinceps
1199 2822 1318 2874 quae
1366 2809 1433 2861 ad
1493 2808 1703 2864 fabulas
1745 2820 1992 2880 spectant

423 2897 612 2952 refert.
673 2896 812 2951 Hinc
863 2897 996 2952 trias
1049 2898 1180 2966 ipsis
1228 2897 1482 2952 Saturnia
1530 2910 1635 2966 est,
1663 2910 1718 2955 et
1760 2901 1988 2966 Latona,

426 2988 742 3041 Amaltheiaz
766 3002 955 3041 cornu.
1001 2984 1266 3058 Ophionia
1293 2989 1406 3061 (9|)
1441 2992 1563 3044 item
1590 3006 1706 3045 eam
1736 3006 1855 3046 esse
1890 3008 1987 3044 nu-

424 3090 621 3149 gantur
653 3095 718 3135 ac
762 3081 976 3145 Thetin,
1009 3089 1064 3134 et
1094 3080 1414 3136 Harmonia.
1465 3081 1700 3135 llecaten
1750 3097 1987 3149 queque,

2096 2254 2202 2323 μὴν
2231 2253 2324 2306 καὶ
2353 2253 2461 2306 τῶν
2489 2252 2630 2305 κατὰ
2663 2255 3027 2323 ἀστρονομίαν
3042 2237 3450 2324 καὶόὐρανίων
3500 2253 3667 2323 φύσιν

2090 2361 2150 2396 τε
2180 2345 2275 2397 καὶ
2296 2345 2496 2412 γνῶσιν
2541 2344 2678 2414 αὕτη
2710 2343 2771 2396 τὸ
2799 2345 3000 2415 κράτος
3035 2341 3148 2414 ἔχει
3196 2344 3290 2397 καὶ
3322 2345 3534 2413 συνέχει
3570 2345 3669 2397 καὶ

2091 2439 2171 2498 είς
2200 2435 2454 2488 οὐσίωσιν
2487 2436 2630 2502 ἄγει.
2672 2435 2782 2489 Καὶ
2814 2436 2848 2505 ἡ
2891 2436 3061 2505 ἁρετὴ
3085 2434 3142 2488 δὲ
3166 2438 3317 2488 πᾶσα
3339 2435 3545 2503 ταύτης
3573 2435 3668 2500 ἐξ·

2089 2532 2259 2600 ἧπται
2295 2530 2387 2582 καὶ
2409 2529 2473 2581 ὲκ
2510 2528 2711 2598 ταύτης
2743 2526 3011 2598 πρόεισιν.
3050 2524 3288 2599 [23911.]
3320 2522 3452 2580 Εἶτα
3481 2525 3668 2578 λοιπὸν

2090 2623 2158 2676 τὰ
2185 2621 2428 2691 μυθώδη.
2465 2619 2592 2692 [464
2618 2617 2710 2691 R.]
2737 2619 2835 2672 Διὰ
2857 2618 3032 2673 ταῦτα
3076 2619 3258 2682 αὐτοῖς
3280 2619 3313 2689 ἡ
3337 2619 3494 2689 τριὰς
3516 2619 3670 2688 Κρο-

2089 2715 2178 2767 νία
2202 2716 2294 2767 καὶ
2321 2713 2482 2767 Λατὼ
2511 2713 2608 2766 καὶ
2644 2711 2971 2781 Ἀμαλθείας
2999 2711 3188 2782 κέρας,
3228 2710 3449 2778 Ὀφίονά
3484 2727 3544 2762 τε
3571 2709 3671 2762 αὑ-

2088 2803 2185 2874 τὴν
2199 2801 2607 2871 τερατολογοῦσι
2631 2801 2725 2854 καὶ
2753 2801 2908 2854 Θέτιν
2945 2801 3041 2853 καὶ
3078 2799 3395 2870 Ἀρμονίαν,
3423 2798 3667 2852 Ἑκάταν

2088 2912 2148 2948 τε
2183 2897 2276 2948 καὶ
2313 2895 2543 2965 Ἐράναν
2565 2895 2659 2947 καὶ
2687 2893 2952 2964 Χαριτίαν
2971 2891 3064 2947 καὶ
3085 2891 3317 2946 Μουσῶν
3339 2891 3667 2960 Πολύμνιαν,

2102 2985 2280 3039 Ἀΐδαν
2307 3003 2365 3038 τε
2393 2985 2486 3038 καὶ
2512 2985 3212 3056 Λοξίαν,Ἀρκτον,Ἕλικα,
3241 2984 3336 3036 καὶ
3364 2984 3487 3036 ποτὶ
3509 2981 3674 3053 βυθὸν

2089 3077 2150 3129 οὐ
2177 3077 2462 3146 δυομέναν,
2485 3077 2860 3146 Δαματράμην
2883 3093 2942 3129 τε
2965 3077 3056 3129 καὶ
3077 3076 3414 3146 Διοσκορίαν,
3439 3075 3534 3127 καὶ
3550 3073 3674 3142 Μῆ-

427 3182 482 3226 et
522 3173 754 3225 Eranam
811 3171 924 3242 (99.)
974 3181 1030 3226 et
1069 3171 1359 3226 Cbaritiam
1387 3213 1403 3239 ,
1438 3181 1602 3242 atque
1645 3189 1675 3228 e
1715 3172 1984 3227 Musarum

2094 3185 2194 3232 τιν,
2221 3169 2313 3219 καὶ
2334 3165 2631 3238 Τριδύμην,
2662 3166 2932 3237 Τρίτωνα,
2977 3165 3376 3235 Ταλαοσοῦχον,
3410 3163 3673 3233 Τριτογέ-

422 3262 591 3316 choro
619 3261 971 3332 Polymniam,
1005 3259 1394 3329 Plutonemque
1425 3271 1479 3314 et
1515 3260 1759 3325 Loxiam,
1793 3258 1986 3314 Ursam

2095 3275 2262 3321 νειαν,
2280 3257 2562 3327 Ἀχελῷον,
2581 3257 2763 3310 νάστιν
2788 3257 2860 3323 ⁸³,
2883 3255 3319 3326 καὶάγυιόπεζαν
3336 3257 3448 3308 Κου
3457 3255 3672 3325 ρητίδα,

425 3363 706 3422 praeterea,
735 3364 784 3405 et
832 3350 1074 3417 Helicen,
1107 3359 1270 3420 atque
1302 3366 1422 3404 eam
1463 3349 1598 3421 (9'5),
1629 3366 1746 3419 qua;
1774 3365 1989 3419 aequore

2095 3349 2395 3419 Κραταΐδα,
2440 3348 2747 3418 Ἀρμονίαν,
2782 3349 3111 3420 Συμδηνίαν,
3137 3349 3337 3418 Γάμον,
3356 3345 3674 3416 Γοργονίαν,

424 3460 529 3499 non
569 3444 848 3513 mergitur,
884 3443 1286 3509 Damatramen,
1321 3442 1657 3498 Dioscoriam
1696 3441 1829 3511 (94),
1872 3440 1986 3494 Me-

2094 3440 2344 3511 Φορκιαν,
2374 3439 2653 3509 Τρίσαμον
2674 3442 2766 3494 καὶ
2786 3439 2997 3493 Λύδιον.
3026 3440 3181 3493 Οὕτω
3196 3441 3240 3472 ⁸⁸
3257 3440 3355 3510 μὲν
3380 3439 3559 3500 αὐτοῖς
3578 3437 3676 3489 καὶ

424 3537 500 3587 tin
551 3533 689 3606 (95),
737 3533 1133 3602 Trigeminam,
1180 3531 1434 3599 Tritona,
1478 3532 1642 3588 Maris
1665 3534 1982 3603 praesidem,

2094 3535 2125 3603 ὴ
2147 3532 2305 3602 τριὰς
2331 3533 2426 3585 καὶ
2459 3535 2539 3596 είς
2564 3533 2852 3594 τοσούτους
2865 3533 3044 3587 αὐτῶν
3068 3533 3224 3595 θεοὺς
3245 3531 3671 3586 ἀναπλάττεται.

424 3625 854 3696 Tritogeneiam,
913 3625 1240 3693 Acheloam,
1301 3625 1722 3691 Habitatrieem,
1766 3624 2158 3696 Truncipedem
2189 3625 2443 3681 Curetida
2473 3624 2610 3696 (9S),
2672 3626 2934 3681 Cratzeida
2997 3626 3134 3698 (97),
3193 3624 3385 3697 154a
3440 3623 3674 3677 llarmo-

423 3720 592 3783 niam,
641 3719 1009 3790 Symbeniam,
1066 3719 1318 3785 Gamum,
1376 3719 1726 3792 Gergouiam,
1755 3719 2062 3787 Pborciam,
2109 3719 2437 3787 Trisamum,
2470 3727 2526 3776 et
2557 3719 2784 3791 Lydium
2849 3720 2981 3790 (98).
3022 3718 3170 3774 Talis
3232 3719 3361 3789 ipsis
3403 3718 3674 3772 ternarius

421 3823 525 3878 est,
559 3824 720 3885 atque
745 3815 799 3869 in
825 3823 932 3869 tam
955 3815 1152 3870 multos
1181 3829 1368 3871 eorum
1401 3817 1530 3872 deos
1552 3817 1852 3886 reﬁngitur.

493 3907 890 3974 Quaternarius
957 3910 1083 3963 item
1142 3925 1335 3980 magno
1383 3910 1513 3980 ipsis
1562 3911 1826 3967 miraculo
1884 3920 1990 3978 est,

423 4013 597 4054 novus
629 4000 783 4064 deus,
809 4012 864 4055 et
891 4001 1107 4066 quidem
1155 4003 1453 4071 multiplex,
1503 4005 1586 4058 vel
1625 4005 1803 4073 potius
1827 4005 1996 4059 omni-

425 4090 581 4142 deus.
617 4087 762 4142 Fons
803 4090 947 4143 enim
1001 4091 1129 4159 ipsis
1174 4100 1256 4146 est
1309 4093 1628 4146 naturalium
1675 4091 1988 4158 eﬂ‘ectuum,

425 4184 590 4243 atque
637 4187 842 4232 natura:
870 4178 1126 4247 claviger.
1157 4181 1263 4236 Sed
1293 4192 1346 4237 et
1387 4198 1540 4238 suam
1571 4185 1660 4238 hic
1685 4185 1990 4255 disciplinis

426 4266 864 4324 constitutionem
893 4286 955 4326 ac
984 4275 1416 4341 permansionem
1444 4274 1618 4340 alien,
1652 4286 1814 4345 atque
1857 4292 1991 4332 con-

426 4353 608 4419 ciliat;
637 4355 745 4411 imo
780 4366 972 4412 natura
998 4358 1110 4428 ipsa
1142 4370 1223 4415 est
1243 4371 1297 4415 et
1324 4361 1580 4416 varietas.
1605 4362 1748 4418 Idem
1773 4377 1988 4432 quoque

2183 3908 2250 3961 Ἦ
2286 3906 2344 3959 δὲ
2381 3903 2576 3974 τετρὰς
2599 3902 2762 3957 πάλιν
2794 3903 2978 3966 αὐτοῖς
3008 3901 3189 3972 Θαῦμα
3233 3901 3506 3972 μέγιστον,
3534 3900 3670 3970 ἄλλη

2093 4003 2212 4066 Θεὸς
2245 3999 2526 4064 πολύθεος,
2567 3998 2768 4067 μᾶλλον
2796 3997 2852 4050 δὲ
2881 3996 3110 4058 πάνθεος
3130 4013 3146 4027 ο
3198 3995 3312 4048 ἐστι
3338 3993 3448 4064 γὰρ
3485 3995 3673 4056 αὐτοῖς

2092 4093 2204 4146 τῶν
2225 4109 2286 4143 τε
2312 4088 2556 4159 φυσικῶν
2579 4086 3031 4156 ἀποτελεσμάτων
3060 4085 3212 4155 πηγὴ
3233 4083 3328 4138 καὶ
3355 4081 3671 4151 κλειδοῦχος

2092 4183 2194 4253 τῆς
2221 4181 2454 4250 φύσεως.
2497 4178 2659 4233 Ἀλλὰ
2694 4179 2787 4231 καὶ
2823 4179 2922 4248 τῆς
2965 4179 3106 4232 κατὰ
3149 4176 3220 4228 τὰ
3247 4174 3542 4245 μαθήματα
3570 4189 3670 4224 συ-

2097 4270 2337 4334 στάσεώς
2362 4283 2424 4324 τε
2453 4271 2548 4324 καὶ
2575 4268 2834 4338 διαμονῆς
2853 4266 2993 4336 αὕτη
3025 4265 3351 4338 προαγωγὸς
3376 4263 3471 4317 καὶ
3494 4261 3667 4315 αἰτία.

2117 4361 2275 4415 Ἀλλὰ
2325 4360 2421 4414 καὶ
2468 4359 2608 4429 αὑτὴ
2667 4356 2827 4426 φύσις
2879 4358 2971 4410 καὶ
2995 4357 3150 4410 αίόλα
3197 4355 3345 4407 ἐστὶν
3369 4353 3546 4414 αὐτοῖς
3572 4353 3671 4403 καὶ

1703 4494 1933 4550 VARIE
1971 4493 2377 4550 LECTIONES.

498 4569 758 4653 *δηνάστιν
791 4583 838 4635 Α
877 4599 892 4637 :
932 4584 1109 4638 ναέτιν
1141 4605 1199 4650 ς.
1230 4588 1546 4658 κραταινίδα
1582 4606 1641 4653 ς.
1717 4588 1762 4620 ⁴⁶
1785 4587 1983 4642 οὖτωΑ
2020 4605 2034 4641 :
2070 4589 2179 4658 ὅσῳ
2211 4603 2272 4650 ς.

1945 4702 2174 4759 ΝΟΤᾸΕ.

1945 4703 1988 4759 Ν
2041 4703 2174 4759 ΤιλΕ.

501 4792 614 4862 (84)
643 4792 717 4848 De
761 4795 1092 4864 Dindymene
1152 4807 1326 4852 matre
1372 4797 1608 4853 Pausan.
1640 4809 1695 4852 et
1769 4703 2064 4869 Gyrald.OD
2095 4795 2496 4869 apud_PaI_Isan.
2524 4793 2576 4848 in
2603 4793 2829 4869 Messen.

428 4862 708 4930 Syntagm.
750 4880 822 4918 IV.

501 4933 613 5005 (85f)
646 4931 806 5005 S__ui_da
841 4947 1053 5005 quoque
1082 4936 1254 5005 ὄνομα
1293 4939 1443 5001 θεᾶς.

501 5002 616 5078 (86)
660 5002 1067 5078 Vitle_Pausan.
1103 5002 1428 5078 et'Gyraltl.
1479 5007 1760 5078 Syntagm.
1796 5022 1897 5072 xu,
1937 5016 1994 5060 et

433 5077 666 5135 reliquos
688 5072 987 5142 mytholog.

500 5142 610 5212 (87)
641 5141 838 5212 Ἐστώγ.
867 5140 980 5195 Nisi
1014 5144 1100 5197 hic
1148 5146 1370 5199 Εὐεστὼ
1398 5149 1676 5202 leaendum
1709 5148 1883 5202 malis.
1919 5147 1993 5200 De

429 5211 532 5282 qua
560 5211 987 5282 DiogeniLaert.
1010 5214 1060 5266 in
1087 5215 1394 5282 Democrit.,
1427 5217 1682 5272 Clemens
1703 5219 1990 5282 Alexund.,

429 5280 468 5339 Ii
499 5285 722 5345 Strom.,
753 5280 982 5351 llesych.
1010 5293 1064 5335 et
1093 5284 1244 5340 Snid.

504 5352 618 5439 ($82
647 5351 903 5414 Διωναία,
933 5354 1104 5421 inquit
1122 5354 1298 5420 Suid.,
1319 5359 1354 5424 ἡ
1378 5357 1690 5427 Ἀφροδίτη,
1706 5358 1799 5410 καὶ
1821 5356 1994 5428 Διώνη

492 5441 650 5476 αυτη.

431 5427 461 5494 ἡ
492 5424 878 5567 ῗὲᾇῖὶίμυχεία,
896 5493 1261 5567 ’δι-Ἀφροδίτη.
1287 5495 1486 5567 Suidaz,
1510 5513 1538 5550 a
1562 5498 1717 5567 μύχῳ
1749 5498 1993 5553 forsitan.

2165 4866 2278 4935 (92)
2315 4863 2585 4935 Erganam
2615 4864 2757 4918 forte
2807 4864 3116 4935 legendum.
3143 4861 3220 4935 De
3253 4861 3519 4935 haeenim
3570 4858 3669 4935 Mi-

2095 4929 2268 4990 nerva
2317 4929 2482 4988 multa
2533 4934 2767 4989 Pausan.
2830 4929 2887 4988 οἷ
2925 4934 3068 4988 illius
3109 4933 3270 4986 etiam
3322 4929 3410 4983 hic
3462 4932 3669 4983 mentio

2095 5024 2213 5060 δυο.
2247 5024 2298 5060 ι).

2157 5021 2370 5145 (ἶὸδιξέ.
2407 5090 2546 5129 vers.
2584 5072 2774 5145 maior,
2807 5076 2872 5127 de
2894 5089 2993 5142 qua
3025 5067 3375 5145 llqm.__Iliad.
3407 5067 3470 5120 Σ.
3499 5062 3600 5120 Οἷα
3622 5067 3671 5120 δ’

2103 5140 2343 5215 ἔμμορός
2369 5149 2484 5198 ἐστι
2513 5143 2746 5211 λοετρῶν
2771 5140 3046 5215 ὠκεανοῖο.
3174 5140 3239 5192 Η.

2175 5210 2288 5281 (94)
2317 5217 2560 5269 Minerva
2601 5210 2772 5280 pectis
2794 5214 2993 5268 dicitur
3022 5212 3141 5273 Διὸς
3162 5210 3356 5279 κούρη.

2175 5278 2287 5356 (95)
2320 5278 3004 5356 Minerva—matreineam
3053 5281 3179 5334 facit
3224 5278 3437 5334 llesiod.
3475 5278 3670 5345 Τίτιος.

2104 5354 2237 5422 νίψει
2268 5351 2322 5408 et
2355 5351 2606 5422 Apollod.
2629 5363 2682 5405 et
2710 5352 2935 5422 Gyrald.
2971 5353 3260 5420 Syntagm.
3291 5365 3368 5422 XI.

2183 5421 2292 5492 (96)
2346 5417 2650 5492 ΕιίψιιειιιιιΔ
2724 5417 2950 5492 forsitan
3018 5417 3308 5492 intelligit._
3360 5418 3554 5492 Porro_
3601 5417 3671 5470 de

2103 5487 2386 5549 Curetibus
2410 5487 2798 5558 Θεολογούμενα
2829 5491 2992 5543 multa
3018 5487 3234 5554 Strabo,
3261 5490 3350 5542 lil).
3385 5505 3412 5541 χ
3442 5500 3495 5540 ct
3522 5487 3664 5558 Pant-

505 5556 626 5640 (90⁷).
657 5556 979 5640 Ἀδίοριστῖα
999 5606 1011 5627 ,
1030 5556 1358 5640 ᾇδιόμάτον,
1389 5556 1574 5631 Suida,
1595 5556 2005 5640 ἀδιαχώριστον,
2115 5566 2420 5640 san.__L_t-_ge
2447 5556 2733 5640 etAGylrald.
2761 5563 2986 5630 Syntag.
3020 5576 3099 5640 in,
3131 5560 3436 5640 tle_.luttolie
3463 5556 3670 5612 Cnreti.

435 5629 668 5702 Hesych.
695 5629 865 5702 etiam
895 5631 1120 5702 ἀναμίξ.

503 5699 616 5772 (91)
673 5699 1430 5771 Ophioncus'Messeniorum
1491 5707 1654 5764 vates
1698 5709 2001 5764 celebratur

2175 5634 2286 5702 (97)
2319 5630 2558 5700 Kpam‘i;
2590 5630 2792 5702 Seylles
2823 5643 2994 5702 mater
3020 5631 3311 5702 liesychio.

2182 5699 2293 5772 (98)
2338 5699 2453 5768 Quo
2480 5702 2696 5756 nomine
2725 5700 2992 5756 Bacchum
3018 5699 3236 5753 Nonnus
3267 5709 3441 5754 ornat.
