4030 6248
275 267 368 334 601

1291 266 1815 332 BIBLIOTHECA.
1835 294 1909 312 ·-
1929 270 2093 333 COD.
2134 269 2523 334 CLXXXVII-

3414 263 3524 339 602

276 388 409 455 πλὴν
435 383 537 455 τῆς
569 381 794 447 όκτάδος
821 383 988 452 ἐγγὺς
1027 383 1381 452 θεολογεῖται.
1428 384 1682 447 Ὠκεανὸς
1721 382 1832 454 γὰρ

1963 384 2163 440 nimium
2211 395 2473 455 quantum
2539 393 2758 440 evectus
2818 383 3050 440 fuerat:
3103 395 3161 441 at
3214 386 3522 458 proximum

273 481 453 541 αὐτοῖς
482 476 620 546 αὕτη
649 479 994 548 περιρῤεἶται
1024 477 1092 542 ⁸³,
1132 477 1229 530 καὶ
1251 475 1448 546 ὁρίζων
1478 476 1795 546 ἀνυμνεὴαι
1821 493 1838 509 °

1938 476 2128 532 saltem
2180 480 2233 532 in
2281 478 2566 531 divinitate
2609 479 2834 547 gradum
2873 494 2998 532 cum
3061 479 3344 561 octo‘nario
3387 481 3530 536 obti-

273 571 565 642 Προμηθέα
585 587 644 623 τε
678 569 848 640 αὐτὴν
875 571 970 622 καὶ
994 569 1249 638 ὁμόνοιαν
1274 568 1369 621 καὶ
1393 569 1659 639 Περσείαν
1684 569 1726 599 ⁸³
1747 567 1840 621 καὶ

1963 579 2052 624 tet.
2083 568 2556 624 Circumfunditur
2590 571 2734 623 enim
2783 573 2850 624 ab
2897 571 3026 640 ipsis
3061 581 3318 642 tanquam
3350 571 3527 628 Ocea-

275 663 454 716 Ἀλιον
483 662 868 734 ίερολογοῦσιν,
898 659 1166 724 ἀνεικίαν,
1194 660 1474 730 ὁμοίωσιν,
1512 659 1838 728 Ἵίφαιστον,

277 755 472 824 Ἦραν,
498 755 619 816 Διὸς
632 752 865 823 ἀδελφὴν
889 753 982 806 καὶ
1003 752 1278 814 σύνευνον,
1300 749 1586 820 ἑκάεργον,
1607 751 1839 814 Παιᾶνα,

273 845 572 915 Νυσσηῖδα,
604 843 842 913 Ἀγυιέα,
910 843 1204 906 Ἐνυάλιον,
1233 841 1532 904 Ἀγελείαν,
1569 840 1843 910 Τριτογέ-

283 955 449 1003 νειαν,
493 936 796 1005 Ὁμόνοιαν,
832 934 1032 996 Πειθὼ,
1057 934 1369 1004 Κουρήτιδά
1397 950 1456 986 τε
1502 933 1599 985 καὶ
1635 932 1840 1003 Κόρην,

287 1028 577 1099 Ὑπερίονα
601 1028 669 1092 ⁸⁸,
700 1028 794 1082 καὶ
824 1027 1060 1082 Μουσῶν
1084 1025 1442 1097 Τερψιχόρην.

1936 675 2065 724 nus,
2115 671 2279 730 atque
2327 670 2386 715 ut
2439 663 2615 716 visum
2671 663 2866 724 [iniens
2913 663 3154 728 circulus
3206 663 3528 737 [Horizonta

1937 751 2111 806 Grzeci
2186 763 2382 806 vocant
2404 751 2424 824 ]

1950 844 2123 912 ipsum
2179 845 2406 911 faciunt,
2444 854 2500 899 et
2536 845 2916 902 Concordiam.
2970 846 3286 914 Perseiam,
3330 858 3387 904 et
3429 848 3533 904 So-

1949 936 2054 992 lem
2092 937 2396 1006 iudigitant.
2446 936 2697 1004 Quietem
2750 953 2966 1007 quoque
3015 954 3045 992 a
3094 940 3248 1002 rixis,
3283 949 3338 993 et
3371 939 3531 994 simi-

2505 753 2838 810 celebratur.
2908 754 3240 812 Promethea
3311 771 3530 826 quoque

1952 1026 2251 1089 litttdineut,
2283 1025 2610 1092 Vulcanum,
2642 1026 2934 1092 Junonem,
2962 1027 3111 1083 Jovis
3152 1029 3345 1102 145a
3379 1046 3534 1086 soro-

275 1135 389 1173 rem
429 1129 485 1173 et
528 1118 835 1187 coujugem,
867 1117 1079 1172 eminus
1110 1126 1424 1184 operantem
1469 1114 1582 1184 (9.9)
1616 1113 1837 1177 Paeana,
1877 1114 2163 1186 Nysseida,
2215 1118 2426 1188 Agyrea
2501 1119 2636 1189 (50),
2707 1119 2992 1189 Enyaliutn
3045 1121 3182 1191 (51),
3265 1122 3531 1192 Ageliam,

277 1211 665 1280 Tritogeniam,
700 1210 1088 1292 Concordiam,
1123 1207 1385 1273 Suadam,
1438 1209 1766 1272 Curetidcm,
1827 1208 2233 1278 Proserpinam,
2299 1222 2353 1266 et
2394 1210 2777 1283 Hyperioncm,
2811 1212 3086 1269 Musarum
3124 1215 3356 1286 denique
3402 1217 3534 1272 'l‘er-

275 1307 587 1376 psichoren.

355 1404 421 1456 Ἦ
456 1403 635 1472 μέντοι
663 1401 825 1466 δεκὰς
863 1402 1003 1474 αὕτη
1047 1404 1194 1457 ἐστὶν
1221 1405 1403 1466 αὐτοῖς
1429 1403 1491 1456 τὺ
1529 1403 1637 1456 πᾶν
1658 1443 1673 1468 ,
1710 1400 1843 1464 Θεὸς

2016 1401 2282 1457 Denarius
2305 1401 2540 1472 denique
2567 1401 2700 1470 ipsis
2719 1409 2804 1456 est
2841 1401 3176 1464 universum,
3215 1401 3359 1457 Deus
3391 1417 3534 1457 sum-

275 1496 542 1564 ὗπέρθεος
587 1494 683 1549 καὶ
715 1494 846 1559 Θεὸς
873 1495 1008 1548 θεῶν
1028 1535 1043 1559 ,
1073 1496 1154 1549 ὅτι
1182 1495 1312 1550 δέκα
1359 1494 1558 1567 χειρῶν
1591 1495 1686 1548 καὶ
1713 1495 1845 1548 δέκα

1963 1509 2091 1560 nus,
2135 1501 2191 1550 et
2239 1495 2462 1550 deorum
2492 1494 2678 1561 Deus,
2729 1495 2871 1564 quod
2925 1509 3184 1566 manuum
3228 1495 3534 1564 pedumque

276 1587 456 1640 ποδῶν
481 1586 766 1651 δάκτυλοι,
791 1587 884 1641 καὶ
904 1586 1034 1640 δέκα
1058 1587 1380 1658 κατηγορίαι
1398 1627 1414 1651 ,
1440 1586 1534 1639 καὶ
1562 1585 1657 1639 τοῦ
1685 1585 1844 1653 λόγου

1963 1588 2141 1642 decem
2169 1588 2279 1642 sint
2304 1587 2480 1656 digiti,
2510 1588 2808 1657 decemque
2843 1585 2924 1658 [ut
2955 1587 3114 1658 logici
3150 1586 3365 1659 vocant]
3399 1603 3536 1657 prae-

272 1681 408 1733 δέκα
439 1679 615 1749 μέρη·
660 1678 744 1732 ἵνα
768 1680 877 1750 γάρ
972 1679 1153 1741 αὐτοῖς
1183 1680 1412 1749 πάνταή
1438 1678 1605 1742 δεκὰς
1625 1719 1640 1743 ,
1676 1693 1845 1747 προσ·

1953 1677 2283 1740 dicatnenta,
2317 1687 2372 1732 et
2406 1677 2676 1736 orationis
2706 1687 2890 1746 partes
2922 1677 3134 1732 decem.
3168 1675 3361 1731 Omnia
3389 1677 3534 1732 enim

273 1771 488 1824 τιθέασι
517 1769 628 1833 τοῖς
646 1770 740 1824 τοῦ
761 1771 918 1838 λόγου
942 1770 1072 1841 [2-H
1116 1769 1224 1842 IL]
1254 1770 1444 1841 μέρεσι
1480 1769 1851 1842 προσηγορίαν

1963 1768 2088 1836 ipsis
2123 1770 2286 1824 decas
2329 1779 2388 1822 ιιι
2429 1769 2521 1834 sit,
2561 1770 2948 1824 allocutionem
3005 1773 3221 1826 caeteris
3274 1769 3539 1824 orationis

273 1863 372 1916 καὶ
405 1862 853 1933 παραπλήρωμα.
902 1861 967 1914 Τί
988 1862 1069 1914 δεῖ
1098 1862 1278 1929 λέγειν
1326 1861 1401 1923 ὡς
1433 1863 1490 1913 ὲν
1521 1861 1659 1927 αὐτῇ
1696 1877 1852 1930 περι-

273 1951 614 2022 λαμϐάνουσι
648 1954 716 2006 τά
743 1971 801 2004 τε
824 1951 872 1984 ⁸³
901 1951 1097 2021 στερεὰ
1122 1950 1220 2004 καὶ
1244 1949 1316 2002 τὰ
1353 1950 1584 2003 ἐπίπεδα
1607 1989 1622 2014 ,
1654 1949 1818 2020 ἄρτια
1837 1989 1853 2015 ,

272 2060 336 2096 πε
346 2044 530 2113 ρισσά,
548 2042 958 2112 ἀρτιοπέρισσα,
978 2041 1228 2103 τέλειαπ,
1247 2040 1435 2110 πρῶτα
1451 2041 1546 2092 καὶ
1563 2039 1853 2103 ἀσύνθετα,

276 2134 500 2204 ίσότητα
515 2134 610 2185 καὶ
627 2133 935 2202 ἀνισότητα,
956 2132 1054 2196 τὰς
1071 2133 1201 2186 δέκα
1225 2132 1456 2202 σχέσεις,
1476 2133 1546 2185 τὰ
1565 2133 1852 2202 σφαιρικὰ,

271 2221 336 2274 τά
355 2221 614 2284 κυκλικά,
632 2221 941 2290 γεννητικὰ,
954 2219 1238 2272 τελεστικὰ
1258 2261 1274 2285 ,
1313 2218 1629 2289 ἐναρμόνια,
1647 2220 1716 2272 τά
1737 2237 1852 2272 τοι-

274 2311 450 2376 αῦτα;
481 2311 598 2364 ἀλλ’
629 2313 775 2374 ὅπως
803 2312 986 2373 αὐτοῖς
1015 2311 1219 2380 κόσμος
1241 2312 1274 2381 ἡ
1296 2310 1457 2372 δεκὰς
1491 2312 1584 2363 καὶ
1607 2311 1854 2379 οὐρανὸς,

273 2399 585 2470 εἱμαρμένη
606 2439 620 2463 ,
640 2397 771 2451 αἰὼν
790 2437 805 2461 ,
831 2399 1052 2468 κράτος,
1085 2399 1266 2454 πίστις
1285 2437 1301 2462 ,
1325 2399 1540 2467 ἀνάγκη
1557 2439 1570 2463 ,
1603 2396 1732 2468 [468
1758 2397 1853 2470 Β.]

277 2488 482 2550 ’Ἄτλας
498 2525 512 2549 ,
538 2487 756 2556 ἀκάμας
775 2486 894 2548 θεὸς
911 2525 926 2548 ,
947 2487 1148 2555 Φάνης,
1169 2484 1378 2548 Ἥλιος,
1410 2486 1651 2556 Οὐρανία
1673 2530 1686 2550 ,
1709 2487 1860 2555 Μνή-

278 2596 381 2649 μη,
399 2575 734 2647 Μνημοσύνη
758 2593 774 2642 ;
795 2578 887 2628 καὶ
916 2577 1094 2629 πάντα
1114 2575 1180 2628 ἂν
1209 2570 1367 2643 οἶμαι
1393 2576 1460 2629 τά
1482 2577 1860 2647 προειρημένα

272 2667 386 2721 τῶν
409 2666 548 2718 θεῶν
582 2664 761 2718 αὐτῶν
796 2663 1033 2734 ὀνόματα
1074 2665 1139 2734 τῇ
1159 2663 1342 2716 δεκάδι
1372 2663 1648 2733 ἀνήψαντο
1674 2665 1740 2718 ἂν
1762 2704 1778 2728 ,
1807 2665 1858 2717 εί

279 2757 353 2828 μὴ
383 2755 754 2828 προλαϐόντες
775 2755 820 2786 ⁸⁷
872 2756 1069 2807 ἐκεῖνοι
1093 2754 1268 2807 ταῦτα
1317 2753 1717 2824 ίδιοποιήσαντο
1765 2754 1861 2808 καὶ

278 2847 521 2918 συνεχῶς
549 2847 619 2900 τά
643 2846 780 2900 αὐτὰ
802 2844 950 2898 κατὰ·
975 2844 1196 2898 πάντων
1226 2843 1402 2912 λέγειν
1423 2839 1570 2898 οὗτοι
1595 2845 1860 2915 ἀπώκνη-

279 2955 401 3003 σαν,
433 2936 563 2990 ὲπεὶ
588 2935 853 3006 ὑπέρθεός
876 2950 942 3002 γε
975 2934 1158 2996 αὐτοῖς
1177 2933 1211 3003 ἡ
1238 2931 1430 2996 δεκὰς,
1455 2933 1549 2986 καὶ
1577 2933 1637 2986 τὸ
1663 2933 1862 3006 κράτος

277 3031 375 3098 τῆς
421 3031 482 3082 ἐν
535 3027 792 3098 ἀριθμοῖς
820 3026 1023 3096 ἔχουσα
1047 3024 1326 3097 θεότητος.
1361 3025 1462 3079 Διά
1491 3023 1654 3079 τοῦτο
1694 3023 1862 3078 Νικο-

1954 1859 2200 1930 partibus
2243 1870 2522 1929 apponunt
2556 1871 2613 1915 et
2646 1861 3110 1932 supplementum.
3153 1861 3293 1928 Quid
3341 1860 3541 1914 attinet

1956 1953 2160 2015 dicere,
2216 1953 2508 2022 complecti
2571 1953 2691 2007 illos
2748 1952 2837 2008 hie
2890 1953 3090 2018 solida,
3136 1953 3318 2023 plana,
3362 1952 3540 2020 paria,

1956 2043 2206 2112 imparia,
2233 2044 2710 2114 parilerimparia,
2737 2044 2998 2114 perfecta,
3031 2046 3206 2112 prima
3240 2050 3295 2098 et
3329 2040 3540 2112 simpli-

1957 2136 2062 2199 cia,
2097 2135 2350 2204 aaqualia,
2395 2135 2705 2203 inaequalia,
2741 2135 2926 2189 decem
2975 2134 3122 2202 ipsas
3168 2133 3537 2197 habitudines.

1957 2226 2253 2294 sphazrica,
2301 2225 2626 2292 circularia,
2683 2227 2752 2282 ad
2799 2227 3084 2295 genituras
3145 2235 3309 2294 atque
3356 2225 3539 2278 imita-

1960 2318 2136 2372 tiones
2168 2317 2496 2386 spectantia,
2527 2328 2582 2373 et
2625 2319 2710 2373 his
2759 2317 3187 2374 consentientia.
3235 2316 3305 2372 Ut
3351 2317 3538 2372 itidem

1959 2406 2094 2476 ipsis
2127 2407 2291 2461 decas
2327 2407 2400 2461 sit
2429 2410 2681 2474 mundus,
2717 2409 2938 2476 cretum,
2984 2408 3174 2473 fatum,
3208 2423 3404 2472 aevum,
3440 2422 3540 2476 po-

1962 2498 2152 2563 tentia,
2179 2498 2332 2562 ﬁdes,
2358 2500 2681 2565 necessitas,
2710 2499 2880 2566 Atlas,
2912 2497 3218 2555 indefessus
3240 2499 3375 2554 deus
3399 2495 3538 2569 (3‘2),

1960 2586 2194 2654 Phanes,
2239 2587 2354 2653 Sol,
2408 2588 2650 2655 Urania,
2694 2589 2991 2655 Memoria,
3047 2589 3420 2660 Mnemosyne.
3474 2589 3542 2644 Et

1966 2695 2096 2735 vero
2124 2683 2330 2746 omnia,
2363 2683 2578 2752 opinor,
2613 2683 2871 2751 praedicta
2914 2682 3138 2736 deorum
3182 2681 3404 2735 nomina
3449 2681 3545 2734 de-

1966 2771 2086 2827 cadi
2134 2775 2560 2828 attribuissent:
2604 2775 2706 2828 nisi
2747 2773 2836 2829 bis
2869 2774 3003 2843 ipsis
3041 2782 3199 2828 antea
3239 2772 3546 2842 occupatis,

1962 2866 2183 2936 propria
2211 2867 2324 2936 jam
2367 2868 2454 2920 illa
2497 2867 2624 2922 aliis
2665 2865 2948 2930 fecissent,
2981 2875 3039 2921 et
3072 2866 3421 2921 continenter
3447 2879 3548 2918 ea-

1964 2957 2085 3011 dem
2135 2956 2204 3012 de
2260 2958 2490 3026 singulis
2540 2960 2722 3013 dicere
2777 2958 3063 3028 piguisset.
3118 2956 3346 3024 Quando
3398 2957 3546 3011 enim

1965 3047 2265 3116 superdeus
2297 3046 2410 3118 (55)
2456 3047 2625 3117 ipsius
2661 3047 2922 3103 denarius
2955 3057 3062 3113 est,
3095 3047 3188 3117 qui
3226 3047 3391 3102 etiam
3432 3061 3550 3100 out-

282 3124 446 3192 μάχῳ
484 3121 579 3175 καὶ
609 3120 930 3191 πολύστιχος
960 3119 989 3172 ὁ
1017 3120 1149 3191 περὶ
1185 3119 1358 3188 αὐτὴν
1393 3119 1576 3181 πόνος.
1636 3119 1702 3172 Ei
1751 3118 1854 3188 γάρ

1967 3154 2090 3192 ttem
2135 3139 2253 3208 ejus
2292 3139 2595 3196 divinitatis
2635 3140 2764 3206 vim,
2803 3155 2922 3209 qua:
2969 3140 3022 3193 in
3067 3139 3307 3194 numeris
3339 3137 3550 3192 inveni-

279 3215 373 3268 καὶ
406 3213 586 3284 πολλῷ
599 3213 646 3246 ⁸⁸
681 3210 1194 3283 μακροπιχώτερος
1219 3210 1248 3263 ὃ
1275 3226 1336 3262 τε
1373 3211 1476 3280 τῆς
1512 3209 1741 3278 μονάδος
1767 3211 1862 3264 καὶ

214 3307 222 3314 ’
279 3305 613 3376 ἑϐδομάδος,
661 3303 779 3356 ἀλλ’
825 3305 855 3356 ό
909 3304 1007 3374 μὲν
1037 3304 1138 3371 τῆς
1173 3301 1433 3372 μονάδος,
1463 3302 1546 3354 ὅτι
1594 3301 1688 3354 καὶ
1730 3302 1862 3373 περὶ

277 3399 388 3451 τῶν
418 3399 549 3467 ἑξῆς
587 3395 837 3466 ἀριθμῶν
867 3395 968 3448 οὐκ
996 3393 1153 3462 ὀλίγα
1178 3393 1519 3465 διεξέρχεται
1551 3395 1647 3449 καὶ
1674 3411 1864 3464 προοιο

284 3489 430 3559 μίοις
466 3487 812 3541 πλατύνεται.
839 3485 986 3556 Πλὴν
1019 3486 1076 3539 ὲν
1096 3485 1140 3517 ⁸⁸
1173 3484 1376 3554 ἀμφοῖν
1406 3485 1576 3539 πολλα
1609 3487 1704 3539 καὶ
1736 3485 1865 3557 περὶ

280 3577 379 3646 τῆς
399 3577 624 3639 δεκάδος
645 3576 1039 3646 ἑμφιλοχωρεῖ,
1065 3573 1256 3642 ὥσπερ
1289 3575 1384 3626 καὶ
1409 3577 1466 3626 ἐν
1503 3574 1581 3643 τῷ
1611 3576 1742 3646 περὶ
1764 3575 1866 3645 τῆς

281 3668 546 3731 πεντάδος
575 3667 717 3736 λόγῳ
749 3664 946 3737 μικροῦ
979 3664 1117 3736 πρὸς
1146 3665 1238 3718 τὸν
1269 3665 1369 3736 τῆς
1399 3665 1692 3734 ἑϐδομάδος
1721 3683 1862 3737 παρ-

284 3779 400 3814 ισου
408 3763 558 3831 μένῳ
587 3759 727 3814 κατά
759 3760 955 3830 μῆκος.

1967 3232 2074 3290 tur,
2108 3226 2353 3280 obtineat
2387 3244 2401 3280 :
2437 3239 2726 3295 propterea
2773 3242 2990 3296 quoque
3028 3227 3182 3282 fusus
3219 3229 3354 3282 adeo
3383 3225 3547 3279 Nico-

1965 3317 2193 3373 machus
2245 3319 2296 3372 itt
2333 3320 2435 3374 hoc
2468 3319 2824 3374 describenda
2853 3333 2976 3375 esse
3015 3320 3203 3384 voluit,
3238 3333 3548 3389 quanquam

1970 3406 2142 3460 multo
2176 3410 2353 3464 adhuc
2393 3409 2602 3480 longior
2657 3410 2728 3469 sit
2759 3410 2810 3464 itt
2841 3412 3071 3464 monade
3102 3419 3264 3478 atque
3298 3421 3552 3477 septena-

1965 3498 2071 3554 rio.
2106 3500 2304 3553 Verum
2337 3500 2389 3554 id
2423 3502 2494 3554 ita
2529 3503 2580 3556 in
2614 3504 2844 3556 mouade
2872 3501 3092 3566 accidit,
3135 3503 3274 3570 quod
3317 3502 3383 3556 de
3425 3499 3548 3554 relin-

1969 3588 2094 3657 quis
2121 3588 2248 3642 item
2277 3575 2522 3645 numeris
2547 3605 2652 3643 non
2688 3589 2898 3643 modica
2932 3587 3004 3642 ibi
3035 3589 3294 3658 disputat,
3323 3593 3378 3640 et
3411 3599 3551 3655 prae-

1967 3679 2258 3736 fationibus
2274 3680 2492 3751 insuper
2528 3683 2860 3737 extenditur.
2897 3678 2998 3735 Ubi
3032 3689 3088 3734 et
3144 3681 3246 3734 hoc
3275 3679 3506 3734 observo
3532 3713 3552 3743 ,

1971 3767 2231 3825 libentius
2263 3787 2386 3826 eunt
2422 3774 2660 3828 sermoni
2698 3775 2764 3828 de
2805 3774 3027 3838 decade,
3056 3773 3181 3826 dum
3223 3773 3290 3826 de
3323 3779 3554 3833 utroque

279 3857 372 3913 illo
413 3871 639 3910 numero
663 3854 920 3922 disputat,
954 3853 1222 3908 inhaerere
1261 3851 1451 3921 :quod
1484 3852 1623 3906 idem
1665 3853 1716 3906 in
1773 3858 2028 3924 quinario
2073 3863 2228 3933 facit,
2265 3867 2332 3922 de
2407 3883 2516 3938 quo
2568 3884 2722 3940 atque
2797 3883 2934 3938 pene
3004 3867 3189 3922 multis
3251 3875 3416 3934 atque
3483 3863 3555 3924 de

287 3947 612 4016 septenario
645 3944 888 4000 disserit.

364 4039 530 4092 Ἀλλά
555 4038 663 4108 γάρ
684 4035 822 4106 αὕτη
848 4053 965 4099 σοι,
988 4029 1035 4089 ὧ
1059 4033 1284 4104 φίλτατε
1312 4035 1556 4103 ἀδελφῶν
1572 4076 1587 4103 ,
1620 4039 1716 4090 καὶ
1741 4037 1853 4093 τῶν

281 4127 604 4199 Νικομάχου
627 4125 875 4197 ἀριθμῶν
897 4124 972 4188 ὡς
998 4125 1056 4178 ὲν
1082 4124 1362 4195 κεφαλαίῳ
1386 4127 1419 4196 ἡ
1453 4126 1857 4198 πολυθρύλητος

2038 4045 2116 4100 Eu
2170 4045 2292 4111 tibi,
2337 4046 2662 4101 eharissime
2713 4043 2905 4110 frater,
2954 4058 3052 4112 per
3113 4058 3323 4102 summa
3373 4041 3554 4112 capita

1963 4139 2290 4194 reccnsitam
2358 4137 2677 4194 Nicomachi
2734 4139 2881 4192 illam
2934 4136 3202 4192 celebrem
3235 4175 3252 4202 ,
3302 4143 3550 4204 repertu-

282 4224 379 4276 καὶ
410 4219 732 4291 δυσεύρετος
769 4216 1051 4287 θεολογία,
1084 4219 1144 4272 οὐ
1179 4217 1288 4288 (μά
1318 4219 1418 4287 τὴν
1443 4219 1486 4249 ⁷⁰
1522 4219 1678 4288 ὑμῶν
1709 4220 1854 4290 ἀγχί.

1963 4245 2068 4300 que
2113 4231 2388 4286 diliicilem
2431 4232 2483 4285 in
2532 4231 2782 4287 numeris
2825 4231 3172 4300 theologiam,
3205 4242 3325 4297 quae
3375 4235 3553 4279 tamen

283 4328 438 4367 νοιαν
463 4311 560 4365 καὶΙ
589 4309 939 4380 φιλοπονίαν)
972 4309 1060 4362 διὰ
1090 4309 1151 4361 τὸ
1178 4311 1238 4361 ὲν
1268 4309 1407 4378 αὐτῇ
1432 4309 1771 4379 δυσέμϐατόν
1803 4328 1854 4363 τε

1966 4323 2148 4378 hercle
2198 4325 2269 4379 ob
2330 4324 2615 4379 inaccessa
2653 4339 2791 4393 pene
2843 4339 2963 4388 sua,
2999 4331 3379 4391 praaceptuque
3416 4315 3552 4370 dim-

281 4405 382 4460 καὶ
410 4402 860 4473 δυσκατάληπτον
893 4402 1090 4472 μικροῦ
1109 4401 1216 4455 τῶν
1245 4403 1340 4455 ἀνθ
1352 4401 1547 4471 ρώπων
1577 4404 1854 4474 ἀνακεχω-

1974 4414 2100 4469 cilia
2142 4431 2323 4479 sensa,
2369 4430 2715 4485 nequaquam
2767 4417 3056 4484 perspicax
3106 4422 3348 4467 vestrum
3404 4411 3554 4480 iuge-

283 4498 493 4570 ρηκυῖα
511 4536 526 4557 ,
548 4497 671 4548 ἐπεὶ
698 4493 793 4547 νῦν
818 4495 886 4549 τά
916 4511 976 4546 τε
1004 4493 1363 4564 γεωμετρικά
1397 4495 1492 4547 καὶ
1525 4495 1854 4567 ἀριθμητικά

1975 4506 2122 4560 nium
2157 4517 2320 4575 atque
2349 4507 2682 4576 diligentiam
2728 4516 2883 4560 extra
2929 4508 3220 4560 humanam
3267 4515 3554 4571 propemo-

283 4590 386 4642 καὶ
408 4588 578 4644 τᾶλλα
600 4588 708 4641 τῶν
733 4587 1091 4658 μαθημάτων,
1114 4587 1189 4649 ὡς
1215 4587 1309 4639 καὶ
1337 4588 1402 4640 σὺ
1438 4587 1854 4654 συνεπίστασαι,

1969 4597 2094 4648 dum
2127 4596 2496 4650 conditionem
2527 4609 2809 4650 removere
2843 4595 3022 4665 potuit
3059 4611 3072 4648 :
3112 4590 3555 4662 quandoquidem

288 4681 485 4734 πολλοὶ
529 4681 640 4732 τῶν
669 4681 818 4750 ἡμᾶς
849 4679 1164 4746 ἐγνωκότων
1187 4679 1288 4731 οὐκ
1320 4678 1541 4731 ἔλαττον
1572 4675 1728 4748 οἶμαι
1773 4679 1854 4732 τοί

1967 4683 2082 4752 jam
2130 4684 2485 4755 geometrica,
2531 4684 2900 4746 arithmetica,
2951 4693 3287 4750 ceterasque
3343 4681 3554 4732 ntatheo

285 4775 486 4839 παιδὸς
551 4773 806 4844 Ἑρμείου
836 4770 1084 4844 (οἶδαςἨ
1112 4772 1331 4834 πάντως
1372 4772 1473 4840 τὴς
1521 4772 1652 4842 περ)⁸
1694 4771 1854 4826 ταῦτα

1977 4776 2205 4830 maticas
2246 4775 2564 4844 disciplinas
2601 4774 2684 4845 (ut
2730 4785 2786 4828 et
2835 4785 2894 4830 tu
2944 4774 3076 4844 scis)
3117 4772 3365 4844 plerique
3399 4770 3556 4830 nobis

281 4867 572 4938 δεξιότητα
603 4866 696 4920 τοῦ
733 4864 1085 4936 Ἀμμωνίου)
1137 4863 1517 4935 διακριϐοῦσι,
1569 4865 1664 4917 καὶ
1716 4865 1854 4918 οὐδὲι

1980 4881 2084 4918 non
2141 4867 2312 4937 ignoti
2371 4866 2542 4920 nihilo
2595 4865 2981 4937 negligentius,
3033 4865 3252 4936 opinor,
3295 4871 3554 4924 tractant,

1594 4975 1826 5030 vitam
1856 4961 2264 5036 LECTIONES.

1068 5071 1278 5145 ρῤετται
1307 5088 1368 5145 ςΓ
1405 5070 1660 5145 Fortasse
1697 5071 1980 5145 legendum
2016 5077 2270 5145 περιρρεῖ
2290 5094 2369 5132 τε.
2445 5075 2489 5107 ⁶³
2515 5073 2756 5145 Περσίαν
2782 5073 2870 5145 A_._
2927 5074 2974 5106 “
3015 5072 3308 5145 Ὑπερίονα
3325 5073 3436 5145 AA:
3462 5073 3557 5145 καὶ

296 5142 606 5216 ’Υπερίοναέ
623 5158 683 5204 ς.
760 5141 805 5173 ⁸⁵
829 5157 888 5216 τε
915 5142 1039 5216 add.
1080 5145 1146 5216 A_.
1198 5142 1269 5216 “°
1287 5141 1501 5216 10.0.5.
1516 5143 1629 5216 Ακαι
1668 5153 1792 5216 ante
1811 5142 1954 5216 iam.
1987 5153 2054 5216 et
2076 5141 2197 5199 titth
2224 5146 2294 5198 τά
2334 5146 2458 5199 add.
2493 5147 2560 5216 Α.
2598 5141 2676 5216 ’,⁸⁷
2699 5143 3002 5216 προδάντες
3020 5161 3097 5216 μς.
3158 5141 3217 5216 ’⁶¹ξ
3253 5141 3464 5196 πολλῶν
3487 5144 3554 5196 Δ.

286 5217 317 5269 ὃ
348 5232 411 5268 τε
437 5208 482 5268 Ᾱ
507 5232 521 5267 :
551 5211 675 5266 οὔτε
704 5229 764 5276 ς.
840 5212 884 5244 ⁸⁸
911 5212 970 5263 ὲν
996 5214 1076 5264 A:
1106 5209 1165 5263 ἓν
1193 5212 1252 5264 ὲν
1275 5228 1338 5274 ς.
1411 5211 1458 5241 ⁷⁰
1478 5212 1537 5263 οὑ
1568 5212 1644 5281 μά
1669 5211 1788 5284 τὴν]
1815 5215 1848 5281 ἡ
1893 5212 1970 5282 μά
2006 5214 2106 5285 τὴν
2166 5231 2311 5270 corr.
2351 5219 2415 5270 Α.
2455 5215 2515 5268 οὐ
2565 5208 2830 5286 μάτηνςι.
2905 5215 2949 5246 τι
2989 5208 3136 5278 οἶδας
3156 5212 3264 5282 γὰρ
3299 5230 3360 5265 π.
3389 5229 3453 5276 ς.

1810 5329 2043 5388 NOTAE.

1971 5444 2076 5484 n0u
2105 5429 2270 5485 semel
2304 5429 2443 5485 dixit
2468 5431 2758 5486 Homerus.

2041 5500 2154 5571 (55)
2212 5499 2528 5571 ξΥπέρθεος.
2553 5497 3016 5571 Quemadmodum
3049 5495 3143 5571 ὑφ’
3185 5493 3245 5549 ἒν
3267 5493 3554 5571 legendum

1972 5565 2158 5695 eiusei
2206 5565 2430 5629 Servius
2487 5565 2618 5627 illud
2673 5567 2820 5638 Virg.
2874 5567 3242 5638 umperdetts,
3309 5565 3551 5638 aliasque

1972 5655 2001 5694 a
2029 5657 2084 5696 ιι.

360 5074 408 5105 ⁸⁸
436 5073 741 5141 περιρεῖται
775 5071 818 5123 Α
849 5087 865 5126 :
909 5086 1062 5138 περιε

362 5425 476 5493 (29)
525 5423 843 5494 Ἑκάεργον,
879 5423 930 5476 id
962 5431 1065 5487 est,
1097 5423 1420 5494 Apollinem.

362 5496 478 5565 (50)
511 5493 776 5565 Apollinis
807 5495 1083 5565 epitheton
1119 5495 1258 5565 apud
1294 5493 1528 5565 Macrob.
1561 5493 1653 5546 lih.
1695 5510 1711 5548 ι
1770 5493 1869 5550 Sa-

291 5562 496 5624 mrnal.
531 5563 664 5617 Vide
696 5562 930 5632 l’ausatt.
963 5573 1018 5617 et
1043 5562 1264 5631 Gyrald.
1300 5564 1524 5632 Syutag.
1559 5579 1653 5618 vn.

363 5635 478 5703 (51)
515 5632 644 5703 Vide
675 5631 742 5684 ﬂ.
770 5633 852 5687 St.
888 5630 1140 5703 Tltesaur.
1170 5630 1363 5701 lingua}
1398 5630 1570 5703 Grec.

366 5701 481 5776 (52)
529 5702 774 5772 Ἀκάμας
821 5701 974 5766 Θεός.
1043 5701 1325 5770 Quomodo
1388 5702 1679 5773 ἀκάμαντα
1719 5704 1868 5776 ἥλιον
