4030 6248
444 317 553 380 603
1607 313 1870 375 PlIOTII
1925 313 2048 372 ΡΑἸ

2159 312 2426 373 ARCHIE
2462 313 2562 373 (ΣΡ.
3591 310 3702 376 (ῖθᾷ

444 447 610 504 quam
644 429 909 486 Hermeiat
938 425 1254 501 [quondam]
1283 426 1422 482 lilius
1454 425 1650 497 (neque
1680 428 1826 483 enim
1858 427 2016 497 igno-
2043 478 2048 486 ,

2156 425 2315 488 ὐτοὺς
2341 424 2492 478 λάθοι
2521 424 2588 478 ἂν
2613 424 2722 477 τῶν
2773 424 3165 496 θεωρημάτων,
3187 423 3223 477 ἀ
3254 427 3703 480 συνεπεισκυκλεί

449 537 541 576 ras
561 521 832 575 Amménii
868 519 918 572 in
951 519 1034 571 his
1071 516 1280 570 artibus
1311 516 1750 587 dexteritatem);
1779 517 1940 584 plane
1968 525 2027 570 ut

2154 517 2440 588 itxépaxo;
2489 517 2566 586 τῷ
2618 517 2750 587 περὶ
2782 517 3029 587 ἀριθμῶν
3069 517 3239 588 πόνῳ.
3285 517 3446 571 Ἀλλὰ
3495 519 3698 586 πόθεν;

451 614 654 668 nullum
708 617 854 680 ipsos
915 610 1083 662 latere
1137 607 1308 678 possit
1362 622 1549 661 eorum
1606 609 2024 674 theorematnm,

2154 609 2464 662 Εσπάνισεν
2492 609 2521 658 ό
2559 607 2750 678 χρόνος
2772 648 2788 672 ,
2823 605 3009 677 οἶμαι,
3044 609 3138 662 καὶ
3179 610 3242 662 τὸ
3293 609 3368 680 μὴ
3421 610 3699 678 φείδεσθαι

451 717 570 768 qua:
599 714 945 753 numerorum
981 697 1104 751 huic
1146 697 1327 750 studio
1355 693 1718 749 Nicomachus
1759 695 2026 749 innexuit.

2154 695 2236 750 ’ῶν
2287 695 2574 767 χρησίμων
2605 700 2670 750 ἐκ
2692 697 2786 750 τοῦ
2842 700 3016 768 ῥᾷστα
3049 699 3116 752 τὰ
3165 699 3412 770 ἄχρηστα
3460 699 3706 768 φθείρειν

455 791 647 862 14.εὸ
713 790 909 844 Verum
967 787 1111 842 unde
1173 790 1286 843 bmc
1352 787 1716 843 defecerunt?
1771 787 2028 857 Tempus,

2159 789 2250 852 θος
2287 789 2445 842 ἔλαϐε
2484 791 2624 860 μέγα
2651 791 2744 842 καὶ
2771 789 2980 861 ἄμαχον
3020 791 3253 861 κράτος,
3291 793 3389 845 καὶ
3412 790 3706 860 ἐκέρδανεν

451 886 669 951 opinor,
701 891 752 934 et
784 881 925 950 quod
969 897 1035 934 ne
1077 879 1301 934 utilibus
1333 880 1548 948 quidem
1589 889 1866 949 parcatur,
1899 879 2023 931 dum

2154 883 2196 935 ἰν
2223 883 2317 936 καὶ
2343 883 2376 953 ἡ
2405 882 2720 952 Νικομάχου
2751 881 2953 952 σπουδὴ
2985 883 3046 934 τὸ
3093 883 3229 951 μετά
3275 882 3482 934 πολλῶν
3515 883 3714 952 χρησί-

452 975 664 1028 inutilia
717 989 945 1042 quaeque
1006 972 1265 1026 facillime
1315 971 1731 1035 labefactentur,
1787 970 2021 1023 validam

2154 991 2250 1027 ιων
2297 973 2495 1044 μικροῦ
2523 973 2838 1044 νομίζεσθαι
2869 973 3209 1043 διεφθάρθαι.
3256 973 3396 1026 Ἀλλ’
3435 973 3550 1026 ἔστι
3607 973 3708 1026 καὶ

453 1067 662 1120 invexit
690 1065 1136 1120 consuetudinem
1179 1065 1546 1129 invictamque
1578 1063 1707 1127 vim,
1739 1077 1835 1131 per
1865 1076 2024 1130 quam

2154 1065 2430 1134 τράττεται
2450 1107 2464 1130 ,
2499 1066 2598 1119 ούκ
2623 1066 2810 1136 ὀλίγην
2843 1066 3030 1132 δόξαν,
3052 1066 3128 1130 ὠς
3156 1067 3288 1136 δρᾷς
3312 1065 3406 1120 καὶ
3434 1061 3551 1119 οῖδα
3579 1065 3709 1134 όψεε

454 1159 621 1212 etiam
671 1159 722 1212 id
771 1157 1040 1211 commodi
1085 1157 1354 1224 acceperit
1390 1155 1518 1208 illud
1568 1152 1879 1208 Nicomachi
1912 1163 2030 1207 stn-

2141 1155 2476 1227 σαφέστερον
2503 1197 2519 1220 ,
2549 1157 2984 1227 ἀποκειραμένη.

453 1250 623 1315 dium,
683 1250 828 1320 quod
879 1264 1016 1318 pene
1067 1265 1189 1302 cum
1247 1247 1430 1300 multis
1476 1245 1698 1299 utilibus
1755 1254 2073 1298 censeretur
2134 1246 2387 1312 periisse.
2446 1246 2768 1316 Quanquam
2842 1251 3114 1318 hodieque
3187 1257 3465 1303 attonsum
3541 1256 3718 1316 atque

457 1341 696 1394 accisum
753 1351 812 1395 ut
858 1352 959 1407 est,
999 1357 1105 1396 non
1157 1339 1408 1408 exiguam
1459 1339 1934 1408 (quemadmodum
1983 1345 2038 1391 et
2068 1339 2228 1393 modo
2269 1340 2444 1404 vides,
2475 1350 2531 1394 et
2582 1351 2707 1412 post
2753 1343 2940 1408 etiam,
2996 1343 3133 1409 scio,
3199 1341 3404 1397 clarius
3471 1340 3712 1402 videbis)

457 1432 682 1500 gloriam
717 1429 881 1504 parit.

1048 1530 1423 1587 CLXXXVIII.

461 1619 750 1676 Alexandri
806 1621 1209 1676 Admirabilium
1271 1623 1556 1686 Cotlectio,
1617 1629 1666 1674 et
1728 1617 2040 1688 Protagorlp

752 1689 1058 1746 Geometriw
1084 1695 1317 1747 universi
1347 1695 1490 1747 orbis
1522 1693 1643 1746 libri
1671 1706 1748 1745 vt.

533 1779 696 1837 Lecta
740 1793 823 1838 est
860 1785 1266 1839 Admirabilium
1290 1785 1584 1839 Alexandri
1611 1782 1724 1853 (54)
1769 1780 2038 1836 Collectio.

466 1869 568 1937 Qui
607 1873 773 1927 multa
822 1876 1038 1943 quidem
1073 1877 1380 1945 prodigiosa
1429 1877 1534 1930 hoc
1569 1875 1840 1929 volumine
1880 1883 2042 1940 atque

466 1961 808 2017 incredibilia
846 1977 1258 2031 commemorat,
1289 1969 1382 2022 sed
1422 1966 1559 2022 alios
1596 1981 1702 2020 non
1742 1963 2042 2018 incelebres

467 2053 652 2108 laudat
683 2065 956 2119 auct0res,
989 2059 1078 2126 qui
1109 2061 1299 2112 eadem
1331 2059 1485 2128 prius
1512 2059 1808 2111 narrariut.
1839 2054 2043 2111 Scribit

467 2156 647 2200 autem
703 2147 767 2203 de
817 2149 1163 2214 animalibus,
1212 2149 1279 2204 de
1324 2149 1548 2217 plantis,
1601 2150 1669 2203 de
1726 2147 2042 2218 regionibus

467 2237 760 2306 nonnullis,
789 2240 854 2293 de
870 2238 1202 2305 lluniinibus,
1223 2241 1288 2294 de
1313 2240 1550 2295 fontibus
1574 2248 1632 2295 et
1657 2239 1858 2299 herbis,
1880 2247 2042 2305 atque

469 2331 522 2384 id
551 2346 720 2399 genus
750 2329 889 2386 aliis.
920 2331 1080 2387 Clara
1109 2331 1228 2400 ejus
1273 2343 1358 2387 est
1403 2333 1591 2396 dictio,
1619 2330 2042 2399 summatimque

467 2436 592 2476 cum
623 2432 830 2486 narret,
859 2439 962 2477 non
994 2425 1217 2477 omnino
1242 2423 1599 2493 iucunditatis
1626 2437 1822 2490 expers
1850 2431 1954 2475 est.

539 2513 599 2566 lu
637 2515 740 2568 hoc
773 2515 963 2568 eodem
1007 2513 1286 2567 volumine
1328 2514 1643 2582 Protagorae
1670 2525 1884 2582 quoque
1909 2508 2046 2564 Geo-

469 2606 690 2666 metriaz,
722 2621 843 2674 quae
873 2603 1112 2658 Universi
1142 2604 1284 2658 orbis
1311 2605 1525 2658 titulum
1556 2620 1667 2673 prae
1708 2619 1768 2658 se
1812 2602 2040 2668 ferebat,

471 2695 593 2748 libri
627 2710 721 2749 sex
762 2697 1205 2750 continebantur.
1241 2693 1446 2749 llorum
1488 2696 1753 2765 quinque,
1786 2696 1886 2750 etsi
1935 2711 2041 2752 non

469 2786 807 2850 studiosam,
858 2802 1035 2856 neque
1083 2787 1167 2857 (ut
1218 2799 1406 2856 postea
1468 2786 1620 2854 fecit)
1689 2799 2039 2853 accuratam,

2847 1528 3026 1582 PIIH'.

2140 1615 2534 1684 Ἀλεξάνδρου
2565 1619 2920 1688 Θαυμασίων
2965 1618 3286 1688 Συναγωγή
3309 1660 3324 1684 ,
3357 1620 3455 1674 καὶ
3481 1624 3722 1688 Πρωτα-

2209 1689 2390 1756 γόρου
2408 1690 2775 1757 Γεωμετρίας
2799 1687 2910 1757 τῆς
2938 1687 3304 1760 οἰκουμένης
3317 1692 3487 1761 λόγοι
3523 1687 3616 1757 ἓξ.

2223 1798 2565 1868 Ἀνεγνώσθη
2583 1798 2934 1872 Ἀλεξάνδρου
2971 1801 3329 1870 Θαυμασίων
3362 1802 3716 1872 Συναγωγή.

2141 1891 2304 1959 Λέγει
2336 1891 2437 1960 μὲν
2458 1892 2515 1943 ὲν
2535 1891 2614 1962 τῷ
2637 1891 2825 1962 βιϐλίῳ
2853 1891 3022 1945 πολλὰ
3049 1892 3327 1964 τερατώδη
3357 1894 3452 1948 καὶ
3481 1895 3714 1962 ἄπιστα,

2142 1981 2282 2052 πλὴν
2332 1982 2523 2046 ἄλλους
2550 1982 2660 2036 τῶν
2691 1982 2793 2036 οὐκ
2828 1983 3049 2052 ἀφανῶν
3093 1984 3304 2052 εἰσάγει
3350 1985 3526 2039 ταῦτα
3580 2003 3720 2057 προ-

2140 2075 2556 2146 ῖστορήσαντας.
2583 2073 2748 2142 Λέγει
2780 2075 2836 2128 δὲ
2865 2075 2994 2143 περί
3024 2092 3084 2127 τε
3107 2074 3262 2139 ζώων
3290 2077 3386 2130 καὶ
3411 2075 3595 2146 φυτῶν
3619 2076 3722 2130 καὶ

2142 2167 2334 2238 χωρῶν
2365 2184 2526 2220 τινων
2557 2167 2648 2220 καὶ
2667 2168 2712 2197 ⁷²
2741 2165 3136 2237 ποταμῶν,κα“ι
3174 2168 3413 2236 κρηνῶν,
3433 2167 3530 2221 καὶ
3561 2167 3723 2238 βοτα-

2141 2259 2271 2325 νῶν,
2297 2261 2391 2312 καὶ
2432 2258 2539 2311 τῶν
2591 2257 2868 2312 τοιούτων.
2927 2259 3110 2330 Σαφὴς
3165 2259 3221 2312 δὲ
3252 2260 3354 2330 τὴν
3391 2261 3592 2330 φράσιν
3622 2261 3723 2314 καὶ

2144 2347 2526 2420 κεφαλαιώδης
2569 2349 2722 2416 ἐστὶ,
2769 2349 2864 2402 καὶ
2900 2348 3022 2401 οὐδὲ
3059 2348 3154 2402 τοῦ
3196 2349 3349 2420 ἡδέος
3405 2350 3722 2422 ἀπεστερη-

2147 2440 2327 2511 μένος.

2227 2533 2318 2588 Ἐν
2366 2534 2548 2606 ταύτῷ
2587 2534 2646 2589 δὲ
2681 2533 2778 2589 καὶ
2807 2533 3170 2605 Πρωταγόρου
3202 2535 3571 2603 Γεωμετρίας
3609 2532 3725 2603 τῆς

2149 2625 2517 2696 Οἰκουμένης
2535 2625 2876 2695 ἐπιπραςοὴν
2899 2625 3044 2695 ἔχον,
3077 2625 3225 2693 λόγοι
3254 2631 3329 2690 ς’,
3347 2620 3422 2678 ὧν
3443 2626 3512 2678 τὰ
3531 2624 3631 2694 μὲν
3656 2629 3722 2691 ε’,

2146 2721 2194 2771 εί
2229 2719 2322 2772 καὶ
2356 2718 2432 2790 μὴ
2458 2717 2765 2782 σπουδαίως
2794 2718 2889 2770 καὶ
2931 2717 3006 2780 ὡς
3031 2718 3083 2771 οἱ
3101 2718 3147 2748 ⁷⁸
3183 2716 3411 2786 ὕστερον
3438 2715 3685 2786 ἀκριϐῶς
3704 2755 3722 2778 ,

2146 2810 2262 2864 ἀλλ’
2294 2806 2386 2863 οὖν
2421 2809 2522 2879 τὴν
2549 2809 2650 2878 τῆς
2690 2809 2874 2870 Ἀσίας
2905 2807 2999 2862 καὶ
3029 2807 3238 2878 Λιϐύης
3258 2849 3274 2873 ,
3320 2807 3457 2862 ἀλλὰ
3491 2808 3586 2860 καὶ
3619 2807 3726 2860 E6-

469 2877 613 2932 Asire
645 2890 846 2943 tamen,
869 2889 923 2931 et
946 2878 1163 2944 Alricm,
1187 2881 1314 2946 quin
1340 2891 1395 2933 et
1419 2879 1652 2948 Europae
1683 2880 1824 2933 situs
1847 2879 2046 2933 descri-

2155 2901 2342 2972 ρώπης
2376 2901 2705 2971 περιήγησιν
2733 2903 2990 2953 ποιεῖται.
3023 2901 3098 2954 Τὸ
3123 2900 3179 2952 δὲ
3203 2900 3364 2952 ἕκτον
3397 2898 3725 2969 σύσκιοιχόν⁷⁸

472 2972 711 3038 ptionem
756 2971 1209 3039 complectuntur.
1244 2971 1443 3025 Sextus
1473 2987 1601 3025 vero
1638 2971 1776 3024 liber
1804 2971 2042 3025 Alexan-

474 3062 556 3115 dri
609 3063 1008 3130 quodannnodo
1043 3063 1358 3117 Collectioni
1412 3063 1725 3132 respondet.
1775 3062 2048 3118 Describit

472 3157 640 3222 enim,
673 3172 792 3224 qua:
839 3158 892 3210 in
940 3160 1138 3211 mttndo
1186 3159 1441 3213 universo
1488 3158 1763 3227 paradoxa
1808 3159 2048 3212 referun-

475 3257 562 3300 tur
614 3265 629 3301 :
675 3264 903 3316 quorum
957 3250 1214 3319 pleraque
1274 3251 1550 3306 veteribus
1605 3260 1826 3318 accepta
1883 3251 2050 3303 refert

477 3337 836 3406 scriptoribus
868 3357 881 3392 :
917 3339 1147 3408 plurima
1198 3341 1362 3393 etiam
1393 3355 1420 3392 a
1457 3355 1516 3394 se
1554 3341 1669 3394 visa
1708 3350 1910 3403 narrat,
1944 3355 2048 3393 non

480 3427 657 3480 minus
684 3429 925 3482 omnium
957 3429 1291 3498 opinionem,
1329 3445 1487 3499 quam
1519 3432 1795 3498 superiora
1837 3431 1928 3485 illa
1958 3445 2052 3484 ex-

479 3521 808 3588 superantla.
852 3520 1143 3590 Perspicua
1187 3534 1242 3576 et
1265 3523 1422 3593 hujus
1459 3523 1624 3578 dictio
1647 3532 1750 3588 est,
1779 3538 1841 3578 ac
1874 3523 2053 3578 brevis

480 3611 742 3674 narratio,
772 3611 875 3666 hoc
904 3619 1060 3666 sexto
1088 3612 1225 3666 libro
1256 3613 1516 3667 maxime.

1091 3701 1424 3757 CLXXXIX.

481 3792 664 3848 Sotion
706 3794 778 3847 De
810 3795 1133 3860 ﬂuminibus,
1181 3794 1438 3862 fontibus,
1474 3812 1535 3848 ac
1581 3795 1818 3851 lacubus.
1848 3825 1918 3837 -—
1953 3794 2058 3850 Ni-

552 3863 690 3916 colai
710 3863 1015 3916 Damasceni
1051 3864 1255 3916 Marum
1286 3865 1674 3918 incredibilium
1698 3866 2052 3921 Collectanea.

547 3961 608 3971 —
645 3934 966 3988 Accstoridaz
993 3933 1332 4004 Mythologia:
1357 3935 1586 4004 politiae
1611 3935 1734 3989 libri
1769 3952 1842 3992 tv.

557 4088 683 4156 Legi
716 4103 836 4158 qua:
856 4088 1042 4143 Sotion
1067 4088 1180 4160 (35)
1210 4090 1442 4158 sparsim
1473 4089 1748 4162 inopinata
1771 4093 1838 4148 de
1860 4092 2056 4160 ﬂtiviis,

2153 2994 2269 3058 πώς
2308 2996 2424 3046 ἐστι
2452 2995 2518 3063 τῇ
2564 2992 2915 3062 Ἀλεξάνδρου
2945 2991 3242 3063 Συναγωγῇ
3268 3009 3282 3023 ·
3309 2991 3421 3044 τῶν
3448 2991 3557 3061 γὰρ
3583 2990 3728 3043 κατὰ

2152 3088 2250 3156 τὴν
2273 3086 2597 3156 οἰκουμένην
2628 3085 3243 3156 παραδοξολογουμένων
3284 3085 3594 3155 ἀναγράφει
3626 3083 3726 3152 τὴν

2157 3177 2437 3248 ἱστορίαν,
2491 3172 2566 3230 ὧν
2616 3177 2684 3230 τὰ
2717 3177 2816 3246 μὲν
2871 3178 2951 3240 εἰς
3001 3176 3388 3247 ἀρχαιοτέρους
3437 3173 3728 3241 ἀναφέρει,

2157 3269 2326 3323 πολλὰ
2347 3271 2404 3322 δὲ
2424 3271 2518 3324 καὶ
2543 3271 2623 3332 είς
2649 3269 2914 3338 αὐτοψίαν
2933 3268 3061 3340 [242
3080 3266 3172 3339 IL]
3193 3267 3364 3330 ἕλκει,
3386 3267 3488 3320 οὐκ
3509 3265 3731 3318 ἔλαττον

2155 3367 2264 3420 τῶν
2292 3367 2466 3420 ἄλλων
2513 3364 2929 3436 προϐαλλόμενα
2979 3362 3038 3414 τὸ
3096 3359 3416 3430 παράδοξον.
3468 3359 3650 3427 Σαφὴς
3673 3357 3733 3410 δὲ

2158 3463 2251 3516 καὶ
2281 3456 2434 3524 οὗτος
2478 3461 2573 3514 καὶ
2600 3457 2977 3529 κεφαλαιώδης
3002 3456 3144 3510 κατὰ
3174 3456 3237 3508 τὸ
3265 3457 3424 3508 ἕκτον
3452 3454 3554 3525 τὴν
3586 3451 3734 3524 φρά-

2161 3571 2246 3607 σιν
2289 3553 2543 3624 μάλιστα.

2162 3823 2470 3887 Σωτίωνος
2503 3820 2626 3876 Τῶν
2654 3819 2972 3889 σποράδην
3004 3817 3144 3888 Περί
3163 3815 3445 3889 ποταμῶν
3470 3815 3570 3870 καὶ
3592 3833 3740 3889 κρη-

2234 3892 2354 3948 νῶν
2375 3893 2474 3945 καὶ
2502 3889 2731 3960 λιμνῶν
2775 3887 3491 3960 παραδοξολογουμένων..
3518 3918 3588 3926 --
3634 3887 3739 3940 Νι-

2233 3963 2460 4016 κολάου
2483 3957 2842 4029 Παραδόξων
2862 3957 3012 4013 ἐθῶν
3033 3957 3741 4029 Συναγωγήπ-ᾏκεστο-

2227 4032 2400 4100 ρίδου
2437 4027 2747 4084 ΤῶνήΚατὰ
2768 4032 2952 4084 πόλιν
2971 4029 3242 4099 μυθικῶν
3258 4030 3426 4098 λόγοι
3450 4027 3521 4081 δ’.

2237 4119 2362 4191 [469
2383 4117 2478 4191 11.]
2542 4117 2880 4189 Ἀνεγνώσθη
2939 4119 3217 4182 Σωτίωνος
3267 4115 3390 4172 Τῶν
3421 4115 3743 4184 σποράδην

485 4181 726 4236 fontibus
753 4197 817 4234 ac
847 4181 1067 4236 lacubus
1122 4181 1312 4236 referri
1343 4183 1584 4250 scripsit.
1642 4183 1957 4253 Respondet
2001 4197 2048 4241 et

2157 4181 2292 4283 περὶ
2311 4181 2593 4282 ποταμῶν
2623 4181 2721 4267 καὶ
2750 4181 2998 4282 κρηνῶν
3019 4213 3118 4267 καὶ
3144 4211 3376 4282 λιμνῶν
3399 4181 3740 4279 παραδοξο-

486 4274 576 4330 hic
600 4273 831 4337 libellus,
881 4273 1243 4341 convenitque
1275 4289 1396 4327 cum
1429 4272 1743 4343 Protagorae
1773 4285 1949 4342 sexto,
2002 4288 2058 4332 et

2161 4307 2564 4377 λογουμένων.
2592 4307 2877 4376 Σύστοιχον
2904 4307 2996 4358 καὶ
3024 4304 3182 4358 τοῦτο
3207 4305 3265 4358 τὸ
3298 4304 3632 4375 βιϐλιδάριον
3661 4303 3740 4373 τῷ

484 4365 772 4419 Alexandri
833 4363 1222 4430 Collectaneis,
1258 4365 1360 4420 nisi
1403 4367 1546 4436 quod
1598 4368 1686 4422 hic
1725 4369 1792 4423 de
1824 4369 2048 4425 fontibus

2163 4363 2306 4468 ἕκτῳ
2337 4363 2396 4449 τε
2423 4397 2532 4449 τῶν
2558 4363 2920 4466 Πρωταγόρου
2945 4396 3038 4450 καὶ
3075 4398 3142 4466 τῇ
3184 4363 3534 4465 Ἀλέξανδροι)
3573 4363 3746 4449 Συνα-

486 4469 694 4512 tantum
739 4468 794 4513 et
825 4457 1048 4513 lacubus
1083 4458 1420 4513 incredibilia
1465 4472 1881 4526 commemoret,
1937 4479 2061 4516 cum

487 4550 563 4604 illi
623 4549 884 4618 ejusmodi
943 4549 1012 4605 de
1067 4549 1190 4604 aliis
1246 4550 1410 4605 etiam
1474 4551 1724 4621 plurimis
1793 4553 2059 4610 scribant.

486 4644 680 4696 Sermo
733 4654 910 4697 autem
958 4658 1063 4696 non
1110 4643 1269 4712 longe
1327 4644 1395 4699 ab
1449 4643 1663 4700 illorqu
1704 4646 1942 4702 dictione
1981 4661 2067 4701 re-

486 4735 675 4788 cessit.

557 4821 612 4875 lu
675 4825 775 4879 hoc
827 4826 952 4881 item
1005 4825 1281 4883 volumine
1331 4828 1504 4884 lectus
1541 4840 1626 4883 est
1654 4827 1860 4884 Nicolai
1906 4830 2064 4900 liber,

487 4913 684 4969 llerodi
723 4915 836 4986 (56)
867 4915 1173 4972 Iudaeorum
1210 4919 1321 4989 regi
1354 4920 1668 4990 inscriptus,
1699 4936 1809 4990 quo
1832 4921 2068 4977 Incredi-

2165 4486 2500 4558 γωγῇ,πλὴν
2530 4487 2613 4540 ὅτι
2641 4486 2874 4540 ἐνταῦθα
2888 4487 2956 4538 τὰ
2975 4487 3104 4557 περὶ
3135 4485 3352 4556 κρηνῶν
3375 4485 3537 4556 μόνον
3564 4486 3613 4517 ⁷⁸
3650 4485 3746 4539 καὶ

2166 4579 2371 4648 λιμνῶν
2400 4577 2972 4650 παραδοξολογούμενα
3007 4579 3324 4647 ἱστορεῖται,
3349 4581 3409 4632 ὲν
3430 4576 3660 4640 ἐκείνοις
3687 4577 3746 4631 δὲ

2171 4673 2267 4725 καὶ
2317 4669 2578 4724 πλειόνων
2632 4669 2828 4724 ἄλλων.
2889 4670 2953 4722 Ἦ
3010 4669 3068 4722 δὲ
3103 4670 3304 4738 φράσις
3368 4667 3748 4739 παραπλήσιος

2173 4764 2545 4904 “(agilitatth
2564 4834 2622 4887 δὲ
2660 4832 3076 4904 συνανεγνώσθη
3095 4833 3140 4865 ⁷⁷
3173 4833 3268 4886 καὶ
3294 4831 3562 4886 Νικολάου
3591 4831 3749 4896 λόγος

2186 4925 2397 4996 Ἡρώδῃ
2420 4924 2498 4995 τῷ
2539 4924 2807 4977 Ἰουδαίων
2834 4924 3043 4993 βασιλεῖ
3082 4941 3452 4994 προσπεφωνη
3463 4923 3620 4992 μένος
3646 4959 3661 4984 ,
3690 4921 3750 4972 ὲν

486 5008 668 5062 bilium
719 5023 927 5062 morum
974 5009 1226 5065 Collectio
1280 5013 1688 5068 continebatur.
1746 5013 1936 5067 lucidit
1969 5034 2048 5069 an.

2174 5014 2218 5087 ᾧ
2249 5018 2612 5086 Παραδόξων
2649 5017 2801 5072 ἐθῶν
2829 5021 2946 5071 ἐστι
2999 5016 3345 5086 Συναγωγή.
3393 5012 3750 5084 Συμϐαίνει⁷⁸

1755 5108 1990 5164 γΑιιιΑς
2029 5111 2441 5168 LECTIONES.

554 5199 600 5280 ’ξ
629 5198 723 5280 καὶ
747 5209 903 5280 laute
933 5200 1191 5280 ποταμῶν
1222 5213 1330 5280 om.
1512 5202 1558 5235 ⁷³
1595 5203 1654 5280 δὲ
1692 5205 1779 5258 A:
1817 5206 1922 5280 γὰρ
1940 5209 1995 5260 δὲ
2017 5227 2075 5272 ς.
2111 5211 2468 5280 γεωγραφίας
2507 5208 2881 5264 Casaubonus.
2958 5208 3007 5240 "
3041 5209 3087 5280 οἱ
3111 5207 3250 5280 add.
3287 5206 3327 5259 A
3362 5220 3532 5280 :_eum
3559 5203 3749 5280 eodem

483 5278 602 5346 post
645 5268 825 5346 ξΛσίας
851 5269 1016 5346 _om_isi
1055 5268 1140 5346 τε.
1248 5270 1632 5346 ⁷⁸Δσύστοιχ-ον]
1697 5268 1957 5346 στοιχεῖον
1993 5268 2059 5334 Χ.

487 5341 588 5408 μὲν
611 5341 691 5402 είς
712 5340 906 5393 ταύτὸν
932 5341 978 5392 Α
1019 5361 1034 5394 :
1059 5342 1154 5394 καὶ
1178 5340 1469 5412 συμϐαίνει
1500 5343 1600 5412 μὲν
1619 5340 1694 5407 Vg.

2159 5282 2207 5314 "
2237 5274 2414 5350 μόνὼν
2448 5297 2508 5343 ς.
2582 5280 2628 5310 ’⁷
2655 5279 2963 5346 συνανέγνω
2982 5278 3219 5345 -λὸγον
3248 5281 3314 5332 Α.
3390 5276 3436 5307 ⁷⁸
3461 5274 3753 5346 συμῦαίνει

1986 5440 2214 5498 NOTAE.

561 5523 673 5597 βε)
707 5522 1062 5594 Polyhistoris
1089 5525 1234 5582 illius
1287 5526 1520 5591 Milesii,
1554 5526 1621 5580 de
1653 5541 1763 5597 quo
1797 5529 1952 5586 Suid.
2016 5541 2072 5586 et

491 5591 800 5646 Atheuazus.

2247 5531 2359 5602 (56)
2378 5529 2549 5600 Hujus
2571 5529 2725 5602 enim
2746 5528 3062 5602 ὑπογραφία
3090 5525 3260 5602 fuisse
3290 5525 3579 5602 Nicolaum
3588 5525 3752 5602 _scr_i-

2177 5594 2266 5655 bit'
2301 5594 2515 5670 qitoqne
2559 5594 2951 5670 Constantinus
2977 5594 3403 5668 'Porphyrogeu.
3453 5595 3639 5650 libello
3676 5594 3754 5649 De

567 5663 678 5742 (_55)
719 5663 923 5742 Arrhie
971 5663 1325 5742 illeAl'orsitan
1375 5667 1793 5736 Alexandrinus,
1851 5673 1943 5742 qui
1997 5672 2066 5729 ab
2178 5663 2512 5727 leeniatibus
2547 5668 2752 5724 Orient.

505 5731 765 5788 Athenaeo
795 5733 1046 5788 laudatur
1068 5735 1092 5789 ?
