4030 6248
344 340 445 402 605

347 452 443 517 μὲν
468 449 551 513 είς
595 452 793 506 ταύτδν
842 457 1004 522 ἐνίοις
1035 460 1142 514 τῶν
1188 464 1291 516 ὑπὸ
1344 466 1688 540 Ἀλεξάνδρου
1730 490 1909 543 παρα-

340 539 507 604 δόξων
537 544 995 615 συνειλεγμένων,
1039 551 1127 604 καὶ
1158 554 1283 623 περὶ
1331 551 1407 609 ὧν
1452 558 1507 611 δὲ
1554 539 1743 614 Κόνων
1776 539 1900 618 συν-

343 631 569 699 ἐταξεν,
628 636 729 689 οὐκ
778 638 933 707 ὀλίγα
989 643 1337 716 προσέγραψε
1366 650 1409 680 ⁷³
1442 666 1457 680 ο
1501 652 1639 723 πλὴν
1684 654 1742 708 ἐν
1794 674 1905 710 τισι

340 723 712 791 παραλλάσσει
741 731 862 793 ταῖς
899 732 1161 801 ἱστορίαις
1183 776 1198 802 ,
1241 736 1613 808 ἑτεροτρόπως
1656 743 1792 796 αὐτὰ
1824 745 1906 798 δι-

340 813 517 877 εξιών.
568 818 679 889 Τὴν
728 820 784 872 δὲ
831 824 1030 893 φράσιν
1060 826 1177 880 ἐστὶ
1194 827 1240 860 ⁸ο
1269 830 1368 898 μὲν
1408 833 1502 884 καὶ
1547 835 1709 897 αὐτὸς
1736 854 1907 905 κειρα-

341 903 603 973 λαιὼδης,
634 908 695 959 ού
729 910 835 980 μὴν
881 912 1001 965 οὐδὲ
1045 914 1137 968 τοῦ
1178 918 1380 985 σαφοῦς
1426 903 1899 993 άνακεχωρηκῶς,

340 995 580 1064 μετέχων
606 999 661 1050 δέ
693 1018 808 1062 πως
853 1005 947 1054 καὶ
985 1005 1092 1057 τῶν
1120 1010 1531 1079 προειρημένων
1564 1011 1762 1082 μᾶὶὲλον
1806 1033 1903 1068 συ-

340 1088 576 1156 στροφῆς
620 1107 763 1154 τινος
784 1092 827 1123 ⁸¹
868 1095 961 1147 καὶ
998 1095 1318 1167 δεινότητος.
1364 1102 1522 1168 Λέγει
1560 1104 1606 1155 δ’
1644 1104 1759 1158 ἔνια
1803 1107 1902 1176 μὲν

336 1178 551 1241 πολλοῖς
576 1221 591 1243 ,
628 1183 676 1233 εί
706 1183 799 1235 καὶ
826 1185 1097 1251 ξενίζοντα
1126 1190 1209 1260 εἴη
1235 1230 1248 1253 ,
1285 1191 1433 1261 ὅμως
1461 1193 1864 1266 ὁμολογούμενα
1883 1239 1899 1265 ,

332 1269 451 1320 τινὰ
484 1270 529 1322 δ’
557 1271 893 1342 ἀγνοούμενα
941 1276 1079 1345 μὲν,
1132 1281 1194 1332 οὐ
1247 1282 1354 1351 μὴν
1396 1283 1459 1335 ἐκ
1482 1284 1575 1336 τοῦ
1624 1286 1901 1354 ἐμφανοῦς

333 1361 469 1431 πρὸς
499 1365 679 1433 μάχην
700 1365 776 1434 τῷ
806 1368 1017 1439 πιθανῷ
1040 1372 1445 1442 καθιστάμενα·
1471 1374 1566 1447 ἔθη
1595 1379 1703 1448 γὰρ
1731 1379 1899 1432 ἐθνῶν

335 1451 608 1525 ἰδιότροπα
626 1458 693 1510 τὰ
726 1458 893 1512 πολλά
927 1465 1341 1533 περιαγγέλλει’
1374 1469 1557 1540 εὑρεῖν
1590 1470 1635 1522 δ’
1663 1471 1814 1525 ἐστιν
1839 1475 1898 1526 ὲν

331 1542 516 1606 αὐτοῖς
550 1547 641 1598 καὶ
684 1547 745 1600 τὸ
775 1549 1037 1633 άπίθανον
1075 1558 1463 1627 προϊσχόμενα.
1508 1559 1566 1613 '0
1616 1565 1679 1614 ἐκ
1710 1565 1896 1633 Δαμα-

330 1632 459 1684 σκοῦ
488 1634 533 1686 δ’
565 1635 710 1690 ἐστιν
737 1632 907 1705 οὗτος,
933 1638 1105 1712 οἶμαι,
1132 1646 1396 1713 Νικόλαος
1414 1690 1428 1715 ,
1461 1652 1489 1704 ὁ
1516 1653 1607 1705 ἐπὶ
1647 1653 1753 1707 τῶν
1785 1632 1896 1709 Αὐ-

327 1723 559 1790 γούστου
584 1728 791 1799 χρόνων
814 1732 1069 1801 ἀκμάσας
1085 1738 1181 1789 καὶ
1200 1737 1349 1806 φίλος
1367 1742 1514 1812 αὐτῷ
1530 1746 1892 1815 χρηματίσας·

325 1813 389 1879 ἐξ
412 1811 474 1869 οὗ
500 1819 593 1870 καὶ⁵
618 1819 963 1877 πλακούντων
988 1844 1042 1879 τι
1065 1822 1203 1891 εἶδος
1221 1869 1237 1894 ,
1270 1828 1305 1883 ἃ
1333 1811 1604 1903 διέπεμπε
1622 1811 1892 1909 -Καίσαρι,
1925 1827 1970 1885 Β

324 1909 410 1969 εἰς
462 1910 630 1981 τιμὴν
676 1913 768 1965 τοῦ
821 1914 1224 1988 δεξιουμένου⁸²
1274 1922 1552 1988 νικολάους
1596 1928 1624 1979 ό
1677 1929 1896 2000 Καῖσαρ

323 1999 603 2059 ἐκάλεσεν.
635 1999 799 2069 Οὗτος
827 2002 921 2060 καὶ
965 2010 1327 2083 Ἀσσυριακὴν
1341 2012 1389 2046 ⁸³
1431 2014 1694 2086 Ἱστορίαν
1714 2021 1775 2071 ἐν
1802 1999 1897 2073 πο-

322 2090 562 2164 λυστίχῳ
592 2096 781 2168 βιϐλίῳ
800 2140 814 2162 ,
836 2101 936 2153 ὅσα
967 2103 1199 2156 παλαιὰν
1230 2105 1451 2177 μνήμην
1468 2107 1514 2138 ⁸⁸
1537 2109 1895 2183 ἀναγνωσμά-

322 2199 433 2237 των
468 2185 663 2255 ἔχομεν
686 2227 703 2252 ,
744 2192 1152 2249 καταλέλοιπεν.

403 2451 495 2504 Ἐν
524 2452 704 2523 ταύτῴ
748 2452 806 2505 δὲ
851 2454 1031 2523 τεύχει
1080 2459 1493 2533 συνανεγνὼσθη
1533 2464 1595 2517 ἐν
1624 2464 1800 2535 λόγοις
1847 2467 1891 2522 δ’

314 2543 695 2614 Ἀκεστορίδου
739 2545 860 2599 Τῶν
885 2548 1045 2601 Κατὰ
1083 2553 1263 2605 πόλιν
1300 2555 1579 2609 Μυθικῶν
1597 2557 1663 2612 ⁸³.
1704 2559 1888 2615 Ἐοικε

318 2636 420 2704 μὲν
448 2634 542 2689 οὖν
570 2631 722 2700 οὗτος
766 2639 795 2690 ό
834 2639 974 2711 ἀνὴρ
1013 2641 1111 2693 οὐκ
1143 2643 1340 2711 ὀλίγων
1369 2646 1771 2722 εὐστοχὼτερον
1816 2656 1883 2725 τῇ

315 2730 599 2799 ἐπιγραφῇ
632 2730 974 2801 κεχρῆσθαι·
1001 2732 1037 2785 ἃ
1069 2732 1178 2802 γάρ
1211 2734 1388 2803 ἕτεροι
1417 2737 1449 2807 ἢ
1487 2740 1540 2790 οῖ
1557 2756 1619 2806 γε
1654 2743 1888 2813 μετριώ-

311 2836 463 2889 τεροι
504 2820 670 2889 μηδὲν
715 2822 1183 2893 ὲπισημηνάμενοι
1208 2865 1223 2889 ,
1260 2826 1292 2896 ἢ
1325 2826 1454 2880 ἔνιοι
1485 2830 1577 2883 καὶ
1606 2832 1683 2895 ὡς
1712 2833 1883 2903 ἀληθῆ

228 2924 237 2929 ‘
315 2912 899 2982 σπουδαιολογήσαντες
912 2916 960 2955 ⁸⁸
989 2916 1389 2985 ἀνεγράψαντο,
1420 2919 1575 2973 ταῦθ’
1610 2917 1763 2986 οὗτος
1789 2926 1886 2979 σὺν

308 3004 390 3073 τῷ
424 3005 705 3077 φιλαλήθει
745 3007 946 3076 μύθους
983 3010 1219 3073 καλέσας
1245 3012 1346 3083 τὴν
1372 3015 1501 3083 περὶ
1536 3017 1713 3070 αὐτῶν
1742 3019 1885 3070 ἱστο-

314 3099 439 3167 ρίαν
462 3098 495 3167 ἢ
533 3097 890 3167 μυθολογίαν,
912 3099 987 3163 ὡς
1016 3102 1111 3154 καὶ
1140 3102 1299 3166 αὐτὸς
1326 3105 1505 3176 χαίρει
1533 3106 1706 3173 λέγων
1724 3149 1738 3172 ,
1762 3125 1884 3161 συν-

309 3187 559 3250 ετάξατο.
590 3189 767 3242 Πολλὰ
799 3190 898 3258 μὲν
929 3191 1020 3244 οὖν
1049 3192 1194 3246 ἔστιν
1218 3195 1278 3246 ἐν
1320 3168 1529 3260 τούτοις
1579 3168 1758 3269 εύρεῖν
1779 3241 1793 3264 ,
1845 3200 1881 3254 ἆ
1908 3168 1951 3226 c

308 3295 370 3330 τε
400 3279 735 3332 συνείλεκται
756 3281 985 3347 Κόνωνι,
1011 3285 1105 3335 καὶ
1124 3286 1519 3359 Ἀπολλόδωρος
1548 3291 1605 3342 ὲν
1630 3295 1696 3362 τῇ
1718 3292 1881 3345 αὑτοῦ

308 3364 430 3423 εἷπε
455 3371 786 3443 Βιϐλιοθήκῃ
821 3375 915 3426 καὶ
961 3377 1305 3449 Ἀλέξανδρος
1343 3381 1562 3452 ἤθροισε
1604 3386 1697 3437 καὶ
1716 3384 1881 3437 Νικό-

308 3460 437 3524 λαος
490 3464 881 3534 προσεφώνησε
934 3469 1029 3521 καὶ
1068 3471 1437 3545 Πρωταγόρας
1490 3475 1878 3543 προδιέλασεν’

308 3551 425 3605 ἔστι
440 3553 485 3606 δ’
503 3555 848 3628 Ἀκεστορίδῃ
878 3559 1052 3630 τούτῳ
1068 3563 1349 3618 καὶπολλὰ
1378 3565 1476 3634 μὲν
1500 3566 1609 3619 τῶν
1642 3569 1874 3633 ἐκείνοις

306 3646 623 3715 ἀφειμένων
674 3649 1171 3722 ἀναγεγραμμένα,
1226 3655 1367 3727 πλὴν
1404 3656 1498 3711 καὶ
1526 3658 1586 3711 ὲν
1618 3660 1832 3724 πολλοῖς
1860 3702 1875 3728 ,

307 3739 438 3810 περὶ
467 3735 545 3793 ὧν
580 3733 735 3806 οὗτός
765 3760 827 3796 τε
872 3746 1112 3799 κάκεῖνοι
1133 3746 1491 3819 διεξέρχονται
1522 3792 1536 3816 ,
1567 3750 1881 3820 ἀσύμϐατον

306 3829 455 3885 ἔστιν
510 3833 695 3886 αὐτῶν
741 3834 1039 3892 θεάσασθαι
1087 3838 1186 3911 τὴν
1234 3840 1531 3912 ἀφήγησιν.
1570 3842 1745 3897 Πολλὰ
1780 3845 1881 3914 μὲν

306 3915 398 3975 οὖν
433 3922 463 3973 ὁ
500 3922 640 3993 ἀνὴρ
682 3924 777 3978 καὶ
835 3928 1098 3998 ἱστορίαις
1134 3929 1404 3995 ὲπιδόξοις
1457 3934 1880 4004 μαρτυρούμενα

307 4010 365 4063 ἐν
389 4015 504 4075 τοῖς
546 4014 710 4068 αὑτοῦ
742 4014 921 4084 λόγοις
949 4018 1283 4089 ἀναγράφει,
1337 4021 1450 4074 ἐστι
1487 4022 1533 4076 δ’
1563 4023 1599 4076 ἃ
1632 4024 1727 4078 καὶ
1760 4028 1880 4089 ταῖς

305 4103 619 4171 ἐναργείαις
646 4107 706 4159 τὺ
729 4109 920 4160 πιστὸν
935 4109 980 4141 ⁸⁷
1003 4111 1374 4166 ἐνδείκνυσθαι
1396 4114 1749 4186 δεδυνημένα.
1770 4118 1880 4171 Καὶ

307 4193 449 4247 ἔοικε
486 4197 688 4265 μᾶλλον
730 4199 793 4251 τὸ
828 4200 1057 4270 μυθικὸν
1091 4202 1191 4255 οὐκ
1234 4204 1327 4255 ἐπὶ
1358 4203 1578 4276 διαϐολῇ
1607 4206 1717 4260 τῶν
1753 4224 1880 4261 συν-

304 4288 655 4355 τεταγμένων
686 4289 835 4359 αύτῷ
869 4292 1191 4363 ἐπειρῆσθαι
1213 4335 1227 4359 ,
1279 4295 1417 4347 ἀλλὰ
1458 4296 1519 4348 τὺ
1565 4296 1752 4368 χαρίεν
1785 4299 1880 4352 καὶ

303 4376 634 4448 ψυχαγωγὸν
658 4380 837 4433 αὐτῶν
858 4383 1248 4456 ὲνδεικνυμένῳ
1268 4427 1283 4453 ,
1315 4386 1444 4458 [472
1476 4389 1569 4463 R.]
1599 4390 1739 4462 πλὴν
1761 4392 1878 4445 ἀλλ’

1084 350 1601 416 BIBLIOTHECA.
1642 386 1712 397 —
1748 362 1960 426 CODD.
2004 368 2419 453 CLXXXVIII,
2451 382 2806 447 CLXXXIX.

3471 404 3576 469 606

1932 484 1982 540 Α
2010 490 2117 535 tem
2147 484 2419 541 interdum
2454 492 2507 545 in
2533 496 2715 549 eadem
2754 499 3047 567 inOpiuata,
3081 518 3200 573 qua:
3230 509 3296 563 ab
3330 510 3574 567 Alexan-

2009 573 2106 627 dro
2126 576 2348 633 collecta
2383 581 2619 651 fuerunt,
2671 591 2923 658 ascriptis
2967 597 3129 650 etiam
3156 614 3260 653 non
3296 606 3480 670 paucis
3503 622 3571 660 ex

2008 664 2245 722 Cononis
2276 671 2386 740 (57)
2422 679 2839 735 narrationibus.
2883 684 3138 741 Attamen
3173 690 3221 743 in
3252 664 3571 761 quibusdam

2008 756 2250 813 historiis
2279 802 2294 826 ,
2322 763 2477 818 aliter
2508 766 2749 823 instituta
2782 776 3107 841 narratione,
3136 756 3401 836 dissentit.
3460 783 3573 838 Hu-

2004 846 2092 917 jus
2125 865 2337 921 quuque
2369 858 2544 911 oratio
2589 860 2781 932 146a
2821 868 3047 923 summis
3096 874 3253 940 quasi
3305 877 3571 945 capitibus

2007 938 2321 1007 absolvitur,
2382 961 2480 1001 nec
2529 964 2557 1001 a
2606 953 2993 1020 perspicuitate
3023 938 3266 1030 unquam
3299 938 3566 1025 discedit:

2004 1031 2237 1086 adhibita
2267 1035 2483 1091 interim
2514 1039 2901 1109 frequentiore,
2921 1065 3079 1116 quam
3112 1056 3373 1121 przedicti,
3393 1060 3570 1115 inver-

2004 1122 2153 1178 sione
2179 1140 2243 1179 ac
2267 1131 2548 1196 gravitate.
2610 1133 2798 1189 Refert
2831 1139 2955 1193 item
2985 1146 3263 1209 nonnulla,
3293 1164 3409 1217 quae
3443 1151 3568 1207 licet

2004 1227 2100 1266 sua
2138 1217 2375 1272 novitate
2436 1222 2674 1289 turbent,
2742 1228 2924 1282 multis
2978 1241 3154 1286 tamen
3216 1236 3266 1289 in
3319 1240 3567 1295 confesso

2003 1312 2129 1356 sunt
2155 1321 2167 1357 :
2201 1314 2255 1358 et
2284 1323 2492 1361 rursum
2520 1311 2787 1382 incognita
2809 1319 2995 1381 llltllla,
3021 1322 3117 1375 sed
3144 1339 3262 1391 quas
3286 1329 3568 1384 manifesto

2005 1403 2329 1450 tamencum
2382 1401 2607 1456 veritate
2650 1420 2754 1459 non
2809 1421 3064 1478 pugnent.
3130 1413 3379 1472 Gentium
3420 1421 3564 1475 enim

2004 1501 2181 1541 mores
2212 1489 2499 1560 unicuique
2518 1498 2787 1564 proprios,
2821 1510 2875 1552 ut
2912 1500 3198 1569 plurimum
3236 1522 3566 1563 commemo-

2000 1586 2104 1631 rat.
2145 1577 2460 1650 Quanquam
2488 1594 2542 1638 et
2572 1589 2622 1639 in
2651 1588 2734 1640 his
2760 1594 3018 1659 reperias,
3066 1610 3183 1663 quae
3207 1613 3326 1651 mox
3362 1600 3561 1655 nullam

2000 1672 2194 1725 mereri
2222 1671 2376 1727 fidem
2408 1676 2663 1733 iudicent.
2706 1680 3074 1740 Damascenus
3106 1698 3284 1740 autem
3325 1690 3433 1755 hic,
3486 1693 3563 1745 uti

2000 1776 2098 1831 ego
2132 1764 2400 1831 existimo,
2432 1767 2682 1826 Nicolaus
2714 1773 2797 1827 ille
2830 1785 2953 1841 est,
2990 1778 3080 1846 qui
3105 1781 3324 1849 Augusti
3355 1793 3563 1853 tempo-

2000 1852 2359 1919 ribusﬂoruit,
2383 1872 2553 1928 eoque
2567 1872 2650 1915 est
2669 1879 2794 1917 usus
2820 1864 3069 1922 familiari
3088 1870 3246 1940 (57').
3263 1872 3306 1924 A
3325 1889 3430 1941 quo
3448 1852 3561 1941 {58)

1995 1952 2050 1995 et
2085 1945 2450 2012 plaeentarum
2506 1965 2673 2018 genus
2713 1954 2950 2010 nicolaos
2990 1957 3171 2015 Caesar
3225 1967 3560 2032 nominabat,

1995 2048 2129 2102 quas
2156 2035 2274 2090 ideo
2304 2040 2369 2091 ad
2408 2040 2547 2096 hunc
2582 2042 2668 2096 ille
2711 2045 2934 2103 honoris
2973 2050 3142 2117 gratia
3178 2055 3389 2109 mittere
3418 2058 3563 2112 sole-

1992 2124 2105 2190 bat,
2148 2130 2288 2196 quod
2322 2144 2505 2198 parem
2533 2133 2633 2186 sibi
2672 2134 3042 2193 familiaritate
3091 2143 3427 2199 reddidisset.
3466 2146 3563 2201 Hic

1994 2217 2133 2272 idem
2196 2222 2396 2292 ingenti
2454 2226 2721 2282 volumine
2767 2233 3043 2302 Assyriam
3075 2235 3187 2306 ('59)
3240 2238 3559 2306 Historiam,

1991 2321 2251 2378 quantum
2280 2318 2453 2382 potuit
2484 2332 2549 2372 ex
2580 2320 2800 2391 antiqua
2839 2326 3099 2380 memoria
3147 2327 3374 2394 legendo
3411 2346 3560 2387 asse-

1990 2402 2105 2470 qui,
2143 2404 2379 2473 reliquit.

2060 2491 2135 2545 Eo
2156 2492 2270 2563 ipso
2301 2496 2353 2549 in
2380 2498 2563 2553 codice
2604 2498 2829 2570 legimus
2859 2504 3188 2560 Acestoridaz
3216 2508 3562 2564 Politicarum

1989 2580 2316 2639 Fabutarum
2360 2589 2470 2658 (40)
2509 2590 2673 2646 libros
2706 2605 2960 2663 quatuor.
2994 2596 3219 2652 Videtur
3259 2612 3435 2655 autem
3473 2604 3562 2658 hic

1989 2674 2220 2743 scriptor
2246 2677 2449 2744 majore
2480 2680 2696 2733 solertia
2726 2683 2779 2735 in
2816 2682 2937 2737 libri
2960 2687 3040 2739 sui
3079 2688 3233 2741 titulo
3264 2704 3394 2744 usus
3416 2706 3555 2755 esse,

1987 2779 2145 2830 quam
2186 2767 2431 2837 plerique
2473 2769 2582 2823 alii.
2633 2769 2760 2837 Quae
2792 2775 2933 2827 enim
2968 2779 3146 2830 caeteri
3175 2780 3226 2831 in
3272 2780 3384 2835 suis
3427 2784 3563 2837 scri-

1986 2856 2110 2922 ptis,
2170 2858 2360 2925 partim
2394 2861 2787 2917 moderatiores
2819 2879 2940 2917 cum
2979 2877 3179 2934 essent,
3241 2885 3309 2924 ne
3343 2871 3555 2926 indica-

1986 2948 2371 3017 runtqnidem,
2423 2952 2614 3019 partim
2650 2967 2745 3021 pro
2776 2956 2919 3009 veris
2964 2956 3127 3010 etiam
3160 2961 3443 3016 venditare
3466 2978 3561 3017 vo-

1985 3035 2214 3099 luerunt,
2244 3040 2431 3092 eadem
2465 3040 2549 3093 hic
2566 3042 2809 3097 veritatis
2843 3045 3021 3099 studio
3053 3044 3283 3103 Fabulas
3314 3052 3560 3105 nomina-

1984 3128 2083 3190 vit,
2137 3138 2192 3181 et
2240 3144 2422 3181 earum
2462 3145 2644 3184 rerum
2679 3132 2986 3199 historiam,
3044 3152 3138 3191 seu
3171 3140 3554 3208 mythologiam

1984 3218 2275 3288 (quomodo
2318 3221 2547 3276 libenter
2593 3225 2706 3291 ipse
2726 3226 2977 3298 appellat)
3018 3233 3338 3298 composuit.
3375 3234 3545 3287 Multa

1984 3310 2147 3379 igitur
2187 3313 2238 3366 in
2294 3314 2377 3368 bis
2430 3316 2689 3382 reperias,
2741 3333 2859 3387 quae
2902 3330 2957 3373 et
2982 3321 3165 3375 Conon
3215 3323 3453 3393 collegit,
3502 3334 3558 3381 et

1981 3399 2340 3467 Apollodorus
2370 3403 2422 3455 in
2444 3419 2595 3456 suam
2624 3406 2809 3459 retulit
2826 3406 3235 3475 Bibliotltecam,
3258 3416 3558 3481 congessit-

1982 3503 2087 3556 que
2116 3489 2442 3557 Alexander,
2485 3502 2537 3547 et
2566 3493 2819 3551 Nicolaus
2846 3497 2956 3567 (4i)
2990 3500 3277 3568 dedicavit,
3320 3516 3556 3571 occupa-

1982 3579 2165 3648 vitque
2194 3580 2535 3654 Protagoras.
2575 3586 2921 3644 Acestorides
2959 3605 3123 3658 porro
3164 3592 3392 3663 plurima
3424 3610 3556 3662 quo-

1980 3686 2085 3740 que
2113 3674 2180 3727 ab
2226 3674 2328 3730 illis
2364 3678 2633 3744 praeterita
2682 3683 2959 3735 memoriae
3008 3685 3322 3752 mandavit;
3365 3687 3465 3742 etsi
3502 3688 3556 3742 in

1980 3762 2275 3833 plerisque,
2325 3781 2444 3833 quae
2467 3776 2523 3822 et
2553 3771 2639 3824 bic
2672 3783 2726 3826 et
2755 3771 2828 3826 illi
2870 3782 3117 3838 narrant,
3160 3776 3554 3846 discrepantem

1980 3851 2168 3908 videas
2201 3854 2439 3924 ipsorum
2478 3859 2785 3915 historiam.
2826 3858 3066 3917 Plurima
3098 3865 3261 3934 igitur
3302 3868 3389 3922 bic
3418 3869 3557 3923 scri-

1980 3952 2121 4013 ptor,
2178 3946 2344 4001 certis
2391 3949 2704 4004 confirmata
2772 3953 3038 4021 ltistOriis,
3100 3972 3231 4012 suos
3282 3960 3333 4013 in
3388 3961 3556 4016 libros

1983 4039 2168 4093 retulit
2200 4057 2213 4093 :
2244 4050 2299 4094 et
2328 4055 2456 4096 vero
2487 4044 2765 4112 nonnulla,
2823 4062 2942 4115 quae
2970 4049 3252 4105 evidenter
3290 4063 3349 4106 ιιι
3382 4053 3555 4122 pluri-

1983 4144 2128 4183 mum
2152 4130 2512 4187 demonstrari
2549 4147 2767 4203 queant,
2807 4150 2865 4192 ut
2888 4138 3191 4196 fabularum
3228 4144 3549 4199 vocabulum

1979 4236 2085 4275 non
2147 4232 2257 4276 tam
2313 4225 2380 4278 ad
2427 4225 2805 4283 ealumnianda
2858 4230 2975 4298 ejus
3018 4235 3240 4303 scripta,
3296 4249 3455 4303 quam
3486 4238 3555 4290 ad

1979 4326 2165 4365 eorum
2197 4313 2426 4381 gratiam
2466 4314 2972 4388 iucunditatemque
3021 4321 3363 4377 indicandam
3399 4325 3553 4379 addi-

1984 4413 2094 4457 tum
2119 4418 2239 4459 esse
2270 4406 2538 4461 videatur.
2571 4410 2643 4463 At
2680 4424 2826 4476 vero,
2858 4425 2943 4465 me
2982 4412 3163 4478 judice
3187 4452 3202 4477 ,
3248 4428 3433 4482 aequus
3467 4414 3556 4468 bic

303 4473 491 4542 ἔμοιγε
523 4476 684 4545 κριτῇ
714 4476 1057 4547 εὐγνώμονος
1088 4479 1153 4533 ἂν
1182 4481 1474 4551 ἀπενέγκοι
1507 4482 1633 4555 [245
1660 4484 1753 4557 Η.]
1782 4486 1869 4539 δό-

307 4563 398 4588 ε-..
443 4565 699 4588 ρ----πη
720 4565 747 4588 ,ο
766 4566 882 4588 --.βε
913 4573 1020 4588 ,δέ
1296 4574 1306 4588 .
1731 4578 1740 4588 .

1990 4509 2154 4550 rerum
2185 4498 2481 4552 aestimator
2506 4500 2694 4554 haberi
2730 4512 3022 4565 mereatur,
3051 4503 3195 4572 quod
3221 4503 3353 4556 falsa
3381 4502 3549 4556 multa

304 4563 419 4629 ξαν,
440 4565 700 4618 summ
719 4565 890 4637 ψευδῆ
909 4573 1022 4632 τοῖς
1040 4574 1423 4643 γεγενημένοις
1441 4578 1872 4646 συναναγράφειν

1990 4587 2140 4643 rebus
2171 4604 2295 4643 vere
2337 4590 2502 4660 gestis
2550 4592 2851 4659 additurus,
2909 4593 3160 4661 ambiguo
3194 4605 3370 4648 tamen
3401 4595 3552 4648 titulo

305 4657 515 4725 μέλλων
545 4657 830 4729 ἀμφιϐόλῳ
854 4663 1054 4731 ῥήματι
1083 4665 1182 4734 τῆς
1211 4669 1528 4738 ἐπιγραφῆς
1553 4670 1883 4757 ἀφοσιοῦται,

297 4749 397 4820 τὴν
433 4750 660 4821 μέμψιν.
689 4753 1079 4826 Παραπλήσιος
1111 4757 1166 4810 δὲ
1188 4758 1286 4829 τὴν
1318 4761 1518 4829 φράσιν
1543 4761 1637 4816 καὶ
1663 4754 1835 4824 οὗτος.

1980 4678 2384 4746 reprehensioni
2444 4682 2791 4736 satisfecerit.
2854 4683 2933 4736 Ad
2979 4684 3178 4753 stylum
3230 4700 3356 4739 vero
3409 4685 3553 4756 quod

1983 4770 2200 4837 attinet,
2223 4770 2387 4826 etiam
2421 4773 2513 4828 hic
2541 4773 2735 4829 similis
2765 4784 2848 4828 est
2876 4774 3321 4842 prmeedeutium.

1574 4876 1809 4935 VARUE
1848 4879 2247 4940 LECTIONES.

371 4989 414 5075 ’ξ’
447 4992 866 5081 προσανέγραψε
891 5012 952 5081 gn.
1025 4995 1205 5081 ξξὲστὶ
1234 4994 1469 5081 ant-ldLA.A
1489 4998 1705 5080 θίξινδς
1740 5004 1829 5081 AA;
1852 5020 1912 5081 τε
1948 5022 2009 5069 ς.
2031 5075 2043 5081 _
2083 5004 2607 5081 “_t‘.§moup.évou_;.
2671 5007 3077 5081 ”_’Asuptaxijv
3107 5012 3172 5068 A.
3250 5013 3296 5046 ”
3320 5014 3553 5081 παλαιᾶς

297 5060 522 5129 μνήμης
557 5089 627 5101 --
655 5060 887 5133 ἐχόμενα
919 5066 1180 5137 Scaliger.
1251 5067 1297 5097 ⁸⁸
1330 5068 1611 5122 Σκυθικῶν
1644 5060 1705 5134 ςξ
1780 5073 1827 5104 ⁸⁸
1850 5060 2361 5145 δικᾶιολογήσῖιντεξ
2381 5095 2443 5141 ς.
2494 5060 2572 5110 7"-
2586 5060 2901 5134 emeA'E
3209 5101 3269 5149 ς’.

1822 5192 2055 5251 ΝΟΤᾸΕ.

364 5269 479 5342 (El)
520 5269 599 5342 De
631 5286 736 5339 quo
762 5289 922 5342 supra
950 5275 1081 5331 Cod.
1112 5277 1233 5332 187.

361 5340 496 5436 (ξτ)
544 5339 787 5436 ἶΕςεαῖριὲς
829 5339 999 5436 Ἰιειὺει
1026 5349 1316 5436 At‘ltepzeus
1343 5348 1577 5436 illius”
1627 5353 1873 5436 qui'pal—

296 5409 455 5461 nuilze
489 5409 996 5467 misisseNtcolamn
1024 5415 1186 5470 refert
1214 5435 1228 5470 :
1262 5428 1389 5472 utet
1414 5409 1689 5477 Plutarcb.
1729 5409 1872 5478 Con-

293 5477 468 5553 vivul.
493 5479 585 5553 lib.
613 5496 751 5553 vnn,
772 5500 891 5553 cap.
926 5484 981 5536 4.

364 5548 479 5631 (.58)
522 5547 683 5631 Teste
708 5547 975 5631 llesjcbio
1002 5556 1199 5631 illustri
1228 5558 1280 5631 in
1315 5557 1563 5624 Nicolao,
1590 5571 1645 5617 et
1679 5563 1868 5631 Suida,

295 5618 494 5741 ἓὶιὶ³ιιο
538 5620 644 5740 bloc
687 5618 857 5676 multa
893 5628 1177 5693 meminit;
1208 5629 1449 5698 ejusdem
1478 5618 1587 5685 non
1619 5635 1786 5687 semel
1819 5618 1875 5689 et

366 5725 379 5738 .
434 5702 564 5741 oscu
586 5705 622 5741 ι.

366 5725 379 5738 .
401 5702 622 5754 Josepn.

366 5757 484 5830 (59)
523 5758 944 5830 MonctSuidas,
1003 5765 1201 5838 aliique
1246 5769 1484 5840 ἱστορίας
1549 5773 1642 5828 sed
1709 5774 1869 5828 meo-

1978 5288 2156 5357 λικῆς,
2190 5289 2613 5361 _octogesi_mum
2673 5291 2921 5358 eXplesse
2980 5290 3201 5346 librum.
3278 5290 3551 5361 Joseplms

1978 5358 2911 5445 verpnetiatngd1A24~nosoablegah
3116 5430 3150 5445 ν
3267 5439 3280 5445 _
3385 5358 3423 5445 ⁸-
3483 5431 3509 5445 η

2040 5428 2155 5499 (40)
2191 5428 2293 5500 Pro
2315 5428 2596 5500 ξκυθικῶν
2626 5430 2731 5494 hic,
2765 5428 2885 5484 cum
2917 5446 3049 5484 mss.
3080 5430 3286 5500 aliquot
3309 5430 3551 5499 μυθικῶν

1979 5496 2099 5569 lego
2127 5496 2143 5550 ἑ
2172 5507 2226 5569 et
2263 5497 2404 5569 infra
2438 5500 2571 5569 eod.
2608 5514 2725 5569 seq.
2781 5501 2877 5554 lib.
2908 5515 2958 5553 ν.
3015 5496 3247 5555 Ριοιοῖιι.
3276 5496 3548 5568 Hepluest.

1976 5566 2227 5641 Antiochi
2261 5568 2544 5637 cujusdam
2591 5569 2660 5623 τὰ
2685 5566 2847 5623 “κατὰ
2877 5569 3032 5625 πόλιν
3082 5568 3288 5641 μυθικά
3334 5566 3549 5627 laudata

1982 5637 2159 5689 video.

2045 5705 2159 5777 (41)
2203 5706 2402 5763 Herodi
2436 5723 2554 5766 suo.
