4030 6248
291 274 396 340 δον

1447 277 1976 341 BIBLIOTHECA.
1999 303 2069 314 --
2100 280 2264 344 COD.
2303 283 2459 345 CXC.

3445 295 3549 361 610

294 384 445 452 οὗτος
485 383 791 458 Φόρϐαντος
819 379 958 460 κόρη
989 373 1254 442 ἐκαλεῖτο.
1291 387 1414 441 Ὀτι
1459 388 1798 461 Ἐρύμανθος
1836 391 1861 445 6

1966 385 2106 462 pties
2133 402 2371 450 mutasse
2394 393 2528 467 (48),
2548 403 2602 452 et
2624 412 2725 452 cur
2756 399 2897 470 apud
2926 398 3118 458 Cretas
3136 385 3544 473 ipsePborbau-

284 483 420 545 -παῖς
456 479 791 544 Ἀπόλλωνος
836 479 1156 551 ἐτυφλώθη,
1201 479 1332 534 διότι
1387 480 1486 534 ῐδοι
1539 480 1806 551 λουμένην
1819 483 1868 516 ’⁵

304 573 630 644 Ἀφροδίτην
673 571 782 625 ἀπὸ
809 572 909 642 τῆς
950 560 1465 642 Ἀδώνιδος’μίξεως
1487 613 1502 638 ,
1537 572 1632 625 καὶ
1678 573 1868 626 Ἀπόλ-

293 667 403 720 λων
434 665 670 734 μηνίσας
705 664 893 717 ὲαυτὺν
927 665 1006 725 εἰς
1036 663 1272 734 σύαγρον
1308 663 1698 733 μετεμόρφωσε
1718 705 1733 728 ,
1773 661 1868 718 καὶ

298 758 409 827 τοῖς
439 753 619 806 ὀδοῦσι
641 753 850 824 πλήξας
883 752 1061 806 ἀνεῖλε
1092 753 1183 806 τὸν
1210 751 1460 807 Ἀδωνιν.
1495 751 1622 824 [475
1649 751 1741 825 R.]
1769 753 1868 807 Διὰ

287 850 341 903 τί
375 848 507 921 [244
534 847 630 921 H.]
655 849 684 902 6
714 848 944 919 ποιητὴς
974 847 1260 910 πελειάδας
1288 846 1512 917 ἐποίησε
1539 847 1638 918 τῆς
1661 848 1865 919 τροφῆς

286 939 396 994 τῶν
443 939 582 994 θεῶν
611 939 891 1004 διακόνους
917 979 933 1005 ,
969 940 1065 992 καὶ
1094 940 1216 994 τίνα
1266 938 1617 1010 Ἀλέξανδρος
1641 942 1669 994 6
1703 940 1862 1011 βασι-

293 1029 421 1094 λεὺς
471 1031 568 1083 καὶ
608 1025 985 1103 Ἀριστοτέλης
1029 1032 1109 1092 είς
1165 1029 1322 1082 τοῦτο
1368 1026 1554 1093 εἶπον,
1594 1030 1688 1083 καὶ
1739 1031 1867 1102 περὶ

305 1119 551 1192 Ὀμήρου
575 1122 671 1174 καὶ
704 1122 1023 1176 πελειάδων.
1057 1124 1178 1174 Ὅτι
1212 1121 1552 1192 Ἐπίχαρμος
1577 1125 1605 1176 6
1637 1123 1865 1193 ποιητὴς

280 1213 383 1268 ἀπ’
419 1213 710 1283 Ἀχιλλέως
735 1213 828 1266 τοῦ
864 1205 1085 1282 Πηλέως
1119 1210 1272 1267 εἷλκε
1304 1217 1367 1267 τὸ
1397 1215 1571 1283 γένος.
1600 1214 1720 1268 Ὅτι
1754 1214 1866 1268 Πά-

282 1305 512 1374 τροκλον
559 1305 764 1376 ἐξόχως
797 1306 1048 1376 Ὅμηρος
1103 1307 1272 1360 ἱππέα
1318 1307 1474 1360 καλεῖ
1520 1307 1595 1367 ὡς
1641 1307 1791 1378 παρὰ
1817 1306 1863 1339 ³⁸

281 1396 620 1460 Ποσειδῶνος
679 1397 912 1470 ἐραστοῦ
945 1397 1230 1465 γεγονότος
1261 1397 1499 1468 μαθόντα
1531 1399 1630 1468 τὴν
1655 1399 1856 1468 ἡνιοχι-

281 1490 412 1558 κήν.
438 1489 563 1541 Ὂτι
607 1488 930 1553 Ὀδυσσεὺς,
952 1488 1085 1541 διότι
1112 1483 1227 1543 ὦτα
1263 1489 1471 1558 μεγάλα
1498 1484 1642 1558 εἶχεν
1664 1529 1678 1551 ,
1704 1484 1864 1551 Οὖτις

283 1579 557 1650 πρότερον
582 1580 855 1632 ἐκαλεῖτο·
885 1579 1042 1632 ὑετοῦ
1070 1578 1126 1632 δέ
1151 1597 1282 1648 φησι
1306 1580 1591 1650 γινομένου
1619 1581 1694 1648 μὴ
1719 1582 1864 1632 ἀντι-

280 1670 524 1742 σχοῦσαν
573 1669 672 1741 τὴν
715 1669 934 1741 μητέρα
981 1670 1179 1738 ἔγκυον
1213 1665 1378 1723 οὖσαν
1426 1669 1570 1722 κατὰ
1615 1668 1712 1739 τὴν
1743 1668 1864 1721 ὁδὸν

1963 482 2038 535 tis
2091 482 2162 536 sit
2215 484 2322 538 lilia
2363 486 2562 540 dictus.
2623 487 3010 558 Erymanthum
3068 492 3331 560 Apollinis
3373 495 3543 551 lilium

1965 581 2316 637 excaecatum,
2373 576 2515 645 quod
2569 587 2692 645 post
2750 595 3104 652 congressum
3139 601 3262 639 cum
3298 586 3543 641 Adonide

1966 663 2238 721 lavantem
2296 667 2486 739 147a
2529 667 2791 726 Venerem
2834 673 3102 740 vidisset,
3139 684 3195 729 et
3242 677 3542 745 Apollinem

1967 756 2324 829 indignatum,
2381 763 2497 830 apri
2540 761 2712 817 forma
2757 764 2971 833 induta,
3022 767 3271 822 dentibus
3297 769 3546 822 vulnera-

1968 859 2077 902 tum
2124 866 2341 907 necasse
2384 853 2636 912 Adonim.
2692 856 2868 921 Quare
2911 868 3065 927 poeta
3104 859 3383 914 columbas
3431 860 3542 932 (49)

1965 940 2068 995 cibi
2117 943 2340 998 deorum
2388 946 2665 1002 ministras
2710 948 2922 1016 fecerit,
2977 960 3034 1005 et
3076 951 3206 1022 quid
3242 954 3546 1005 Alexander

1967 1045 2084 1096 rex,
2132 1045 2294 1104 atque
2319 1037 2452 1091 adeo
2481 1037 2802 1096 Aristoteles
2825 1057 2991 1112 super
3019 1042 3119 1098 hac
3153 1058 3209 1097 re
3233 1043 3540 1098 censuerit:
3567 1051 3576 1058 '

1966 1133 2020 1176 et
2065 1124 2129 1177 de
2155 1123 2388 1180 Homero
2430 1130 2544 1198 ipso
2594 1141 2758 1200 atque
2806 1134 3095 1190 columbis.
3155 1135 3541 1204 Epicharmum

1965 1226 2175 1282 poetam
2209 1220 2276 1273 ab
2309 1221 2521 1277 Achille
2548 1222 2696 1278 Pelei
2741 1225 2851 1279 lilio
2874 1241 3046 1296 genus
3081 1227 3298 1282 ducere.
3349 1229 3544 1283 Patro-

1964 1307 2104 1360 clum
2149 1324 2245 1375 per
2272 1315 2647 1368 excellentiam
2702 1316 2947 1386 Equitem
2990 1320 3058 1372 ab
3089 1316 3322 1373 Homero
3367 1322 3539 1373 nomi-

1965 1399 2079 1450 nari
2107 1397 2240 1470 (50),
2273 1404 2426 1470 quasi
2449 1405 2741 1474 aNeptuno
2764 1409 3045 1475 aurigandi
3077 1419 3247 1465 artem
3268 1411 3538 1476 didicerit,

1963 1506 2085 1545 cum
2114 1493 2257 1547 illius
2283 1495 2371 1551 hic
2401 1509 2612 1555 amator
2641 1501 2763 1554 fuit.
2809 1503 3088 1573 Ulyssem,
3142 1505 3282 1572 quod
3319 1518 3543 1572 niaguas

1964 1597 2122 1638 aures
2165 1585 2410 1656 haberet,
2473 1589 2633 1646 Ontin
2682 1593 2836 1648 initio
2888 1595 3236 1664 appellatmn.
3297 1594 3367 1646 At
3408 1594 3534 1661 quia

1965 1673 2143 1741 pluvia
2181 1678 2472 1746 aliquando
2516 1692 2723 1749 exorta,
2777 1700 2900 1739 cum
2939 1687 3168 1754 amplius
3206 1697 3415 1755 partum
3448 1701 3544 1756 ge-

280 1765 468 1816 τεκεῖν
491 1801 506 1824 ,
532 1761 738 1815 καὶτὸν
780 1762 1040 1815 Ὀδυσσέα
1067 1763 1152 1817 διὰ
1174 1761 1332 1816 τοῦτο
1355 1759 1522 1823 οὕτως
1557 1759 1858 1829 ὀνομασθῆ-

1962 1773 2109 1818 stare
2136 1776 2310 1821 mater
2355 1771 2574 1839 gravida
2623 1789 2727 1826 non
2777 1784 2979 1842 posset,
3027 1775 3082 1828 in
3113 1775 3194 1826 via
3225 1785 3528 1844 pepererat,

275 1871 391 1910 ναι.
444 1855 567 1908 Ὅτι
620 1855 918 1926 Περιτὰνος
933 1856 980 1888 ’⁸
1034 1873 1119 1918 τις
1169 1855 1338 1924 Ι5νομα
1383 1851 1588 1924 Ἀρκὰς
1641 1850 1861 1921 Ἑλένην

279 1946 553 2002 συνοῦσαν
615 1945 950 2017 Ἀλεξάνδρῳ
1002 1949 1060 2000 ὲν
1129 1945 1446 2016 Ἀρκαδίᾳ.Μ
1500 1944 1816 2014 ἐμοίχευσεν
1842 1981 1858 2009 ,

289 2037 642 2106 Ἀλέξανδρος
671 2037 717 2090 δ’
741 2038 904 2091 αὑτὸν
938 2039 1131 2106 ποινὴν
1178 2037 1278 2107 τῆς
1327 2035 1572 2107 μοιχείας
1598 2038 1858 2107 εἰσπρατ-

274 2130 507 2201 τόμενος
537 2130 880 2201 ἑξευνούχισε
903 2132 972 2194 ’⁸,
1000 2133 1094 2184 καὶ
1113 2128 1172 2194 ἐξ
1197 2129 1406 2182 ἐκείνου
1449 2128 1711 2199 Ἀρκάδες
1733 2128 1860 2191 τοὺς

275 2221 570 2292 εὐνούχους
586 2222 633 2254 ⁸⁸
669 2221 1002 2292 περιτάνους
1038 2219 1309 2285 λέγουσιν.
1355 2221 1443 2283 Ὠς
1481 2218 1726 2290 Ἀχιλλέα
1762 2219 1860 2288 μὲν

288 2315 666 2385 Ἀριστόνικος
692 2317 722 2369 ὁ
751 2316 1082 2383 Ταραντῖνος
1111 2314 1532 2388 διατρίϐονταὲν
1564 2317 1684 2378 ταῖς
1718 2333 1861 2386 παρ-

275 2407 456 2471 θένοις
478 2409 630 2480 παρὰ
653 2409 964 2479 Λυκομήδει
991 2410 1349 2482 Κερκυσέραν
1373 2409 1650 2463 καλεῖσθαί
1673 2427 1856 2480 φησιν,

277 2499 538 2554 ἐκαλεῖτο
586 2501 644 2554 δὲ
677 2502 773 2556 καὶ
830 2500 1008 2554 Ἰσσὰν
1042 2502 1136 2553 καὶ
1165 2502 1388 2573 Πυρρὰν
1418 2502 1513 2555 καὶ
1558 2504 1859 2564 ’Ἄσπετοςι

276 2593 374 2645 καὶ
395 2592 741 2662 Προμηθεύς.
766 2592 887 2645 Ὅτι
909 2592 1146 2663 Βοτρύας
1171 2596 1199 2646 ὁ
1213 2591 1446 2657 Μύνδιος
1474 2593 1601 2657 τοὺς
1621 2595 1640 2625 ¹
1656 2593 1704 2646 Ν
1711 2593 1860 2665 ιόὸης

276 2683 480 2746 παῖδας
514 2684 723 2747 πάντας
775 2683 878 2737 ὑπὸ
937 2683 1274 2746 Ἀπόλλωνός
1320 2701 1485 2753 φησιν
1533 2685 1856 2755 ἀνῃρῆσθαι.

279 2776 406 2829 Ὅτι
456 2775 704 2830 Ὀδυσσεῖ
746 2775 978 2830 ἕπεσθαι
1021 2775 1236 2830 δίδωσιν
1279 2777 1308 2828 6
1341 2777 1524 2848 πατὴρ
1573 2775 1859 2846 μνήμονα³

276 2867 532 2922 Μυΐσκον
576 2865 845 2936 τοῦνομα,
887 2865 1236 2937 Κεφαλλῆνα.
1271 2869 1467 2922 Εἵπετο
1500 2869 1593 2922 καὶ
1626 2867 1861 2939 Ἀχιλλεῖ

284 2958 521 3028 μνήμων
544 2956 783 3029 τοῦνομα
818 2959 1058 3029 Νοήμων
1081 2999 1097 3021 ,
1147 2961 1295 3028 γένει
1331 2960 1723 3030 Καρχηδόνιος,
1766 2962 1859 3015 καὶ

277 3049 582 3120 Πατρόκλῳ
618 3049 889 3121 Εὔδωρος.
926 3051 1282 3121 Ἀντίπατρος
1308 3051 1364 3104 δέ
1396 3069 1560 3122 φησιν
1603 3052 1631 3103 ὁ
1660 3049 1857 3106 Ἀκάν-

278 3139 395 3203 θιος
428 3139 682 3211 Δάρητα,
721 3141 830 3211 πρὸ
871 3141 1112 3211 Ὀμήρου
1141 3142 1435 3211 γράψαντα
1474 3143 1574 3213 τὴν
1616 3143 1854 3207 Ἰλιάδα,

283 3235 540 3305 μνήμονα
596 3234 855 3302 γενέσθαι
908 3234 1172 3305 ’Έκτορος
1208 3235 1348 3305 ὑπὲρ
1385 3235 1477 3288 τοῦ
1529 3236 1601 3307 μὴ
1653 3237 1863 3292 ἀνελεῖν

283 3326 505 3397 ἑταῖρον
535 3325 850 3396 Ἀχιλλέως.
904 3327 1012 3378 Καὶ
1041 3326 1419 3395 Πρωτεσιλάου
1465 3326 1522 3379 δέ
1559 3344 1691 3396 φησι
1721 3329 1864 3397 Δάρ-

278 3418 442 3472 δανον
478 3419 770 3487 γενέσθαι,
795 3418 956 3484 γένος
999 3419 1290 3472 Θεσσαλόν.
1333 3419 1439 3472 Καὶ
1475 3418 1764 3489 Ἀντιλόχῳ
1807 3419 1864 3470 δὲ

279 3504 554 3560 Χάλκωνα
605 3505 953 3574 ὑπασπιστὴν
999 3509 1097 3559 καὶ
1153 3507 1404 3578 μνήμονα
1449 3507 1555 3559 ὑπὸ
1590 3508 1862 3576 Νέστορος

283 3595 641 3666 συνεζεῦχθαι
677 3595 769 3648 τοῦ
821 3596 1050 3667 πατρός.
1082 3597 1270 3652 Ταῦτα
1305 3600 1403 3668 μὲν
1434 3600 1491 3650 ὲν
1515 3603 1580 3669 τῇ
1616 3598 1665 3652 α’
1693 3597 1858 3670 βίϐλῳ

281 3687 350 3740 τὰ
376 3687 660 3756 κεφάλαια.

369 3778 434 3832 'H
469 3779 526 3830 δὲ
556 3778 603 3849 β’
629 3780 759 3850 περὶ
816 3779 1173 3850 Ἡρακλέους,
1202 3779 1278 3843 ὡς
1311 3781 1446 3850 μετὰ
1472 3779 1495 3808 ⁸
1532 3780 1630 3849 τὴν
1663 3780 1862 3850 μανίαν

277 3871 552 3941 ιλλεῦόρῳ
604 3871 910 3942 καθαρθείη
941 3873 1048 3925 ὑπὸ
1089 3872 1447 3942 Ἀντικυρέως
1509 3871 1600 3924 τοῦ
1651 3873 1745 3924 καὶ
1803 3871 1866 3926 τὸ

283 3965 581 4034 φάρμακον
610 3963 861 4033 εὑρόντος
915 3963 976 4016 τὸ
1035 3967 1093 4016 ἐν
1143 3964 1436 4034 Ἀντικύρᾳ
1487 3965 1586 4033 τῆς
1628 3963 1865 4027 Φωκίδος

280 4057 600 4120 πλεονάζον,
634 4057 739 4109 κᾶν
768 4056 919 4109 ἄλλοι
947 4055 1122 4119 ἄλλως
1148 4055 1310 4108 αὑτόν
1341 4071 1474 4122 φασι
1495 4054 1860 4125 καθαρθῆναι.

278 4148 415 4202 Ὀτι
434 4148 685 4218 Νέστορά
712 4164 877 4216 φασιν
892 4147 914 4179 ⁸
937 4147 1212 4218 ἐρώμενον
1240 4146 1299 4200 'H
1310 4146 1568 4217 ρακλέους
1585 4147 1855 4214 γενέσθαι.

1960 1847 2197 1922 Odyssea
2233 1855 2356 1911 inde
2390 1873 2512 1913 esse
2539 1861 2898 1914 nominatum.
2943 1865 3108 1915 Arcas
3138 1861 3355 1930 quidam
3379 1857 3530 1913 Peri-

1958 1951 2116 2000 tanus
2159 1947 2375 2002 nomine
2401 1947 2657 2005 Helenam
2692 1952 2830 2020 apud
2879 1950 3132 2006 Paridem
3180 1953 3232 2005 iu
3297 1951 3526 2004 Arcadia

1958 2047 2208 2107 agentem
2257 2041 2591 2098 adulterarat
2619 2061 2634 2098 :
2663 2060 2831 2114 quare
2857 2043 3009 2101 Paris
3033 2044 3281 2098 adulterii
3321 2058 3536 2112 pugnaui

1958 2130 2230 2202 lrrogans,
2293 2135 2547 2202 genitalia
2594 2135 2670 2190 illi
2710 2137 2974 2191 exsecuit.
3014 2133 3166 2189 Unde
3217 2133 3445 2199 factum,
3481 2142 3543 2187 ut

1956 2219 2196 2276 Arcades
2225 2222 2307 2276 sic
2339 2223 2564 2279 allectos
2598 2236 2760 2294 atque
2804 2236 3048 2280 exsectos
3084 2225 3412 2295 περιτάνους
3444 2239 3540 2276 vo—

1958 2320 2105 2366 cent.
2140 2311 2774 2368 AchillemAristonicus
2823 2313 3157 2368 Tarentinus
3205 2329 3329 2367 cum
3371 2313 3539 2382 virgi-

1959 2402 2116 2456 nibus
2185 2402 2326 2471 apud
2385 2403 2744 2474 Lycomedem
2814 2415 3125 2459 versantem
3185 2405 3535 2475 Cereyseram

1959 2493 2286 2562 appellatum
2353 2509 2475 2550 esse
2519 2496 2729 2551 scribit.
2801 2495 2954 2550 ‘lssan
3001 2499 3218 2566 quoque
3275 2494 3537 2565 Pyrrham

1958 2584 2243 2653 Aspetum,
2280 2594 2444 2655 atque
2489 2586 2836 2641 Promethea.
2884 2585 3114 2658 Botryas
3145 2588 3274 2641 item
3297 2584 3545 2654 Myndios

1961 2675 2156 2734 Niobes
2184 2678 2383 2732 liberos
2403 2693 2592 2732 omnes
2612 2680 2680 2732 ab
2705 2679 2954 2748 Apolline
2976 2680 3334 2746 interemptos
3352 2676 3539 2731 tradit.

1962 2767 2138 2840 Ulyssi
2173 2767 2321 2842 [ait]
2388 2770 2713 2825 monitorem
2743 2771 2855 2842 (51)
2910 2786 3111 2841 parens
3163 2770 3370 2824 addidit
3399 2767 3538 2839 Myi-

1958 2874 2110 2915 scum
2148 2863 2388 2928 nomine,
2439 2879 2506 2917 ex
2535 2863 2710 2917 insula
2735 2861 3085 2934 Cephalenia.
3113 2862 3456 2934 Sequebatur
3487 2876 3542 2920 et

1964 2951 2229 3008 Achillem
2261 2954 2498 3009 monitor
2529 2954 2797 3026 {Phoenix
2837 2955 2995 3029 (52)]
3026 2958 3540 3028 nomine,pruden‘s,

1959 3043 2287 3116 Calydonius
2321 3046 2433 3113 (55)
2467 3062 2666 3113 genere
2698 3065 2712 3100 :
2744 3059 2799 3102 ut
2830 3059 2886 3102 et
2918 3048 3228 3106 Patroclum
3269 3055 3541 3116 Eudorus.

1960 3137 2227 3192 Cmterum
2257 3139 2542 3208 Antipater
2573 3140 2876 3196 Acanthius
2913 3142 3082 3196 refert
3111 3143 3360 3199 Daretem
3387 3147 3500 3216 (54)
3521 3188 3539 3212 ,

1961 3231 2050 3298 qui
2076 3241 2198 3285 ante
2223 3231 2516 3285 Homerum
2547 3231 2777 3285 Iliadem
2821 3235 3174 3302 conscripsit,
3216 3237 3539 3292 monitorem

1961 3319 2130 3377 fuisse
2151 3320 2421 3385 Hectoris,
2444 3333 2833 3392 auctoremque
2862 3341 2927 3378 ne
2971 3317 3198 3381 Achillis
3226 3331 3432 3382 socium
3461 3331 3543 3383 in-

1962 3411 2261 3467 terimeret.
2307 3411 2719 3467 SicProtesilao
2757 3414 2916 3467 docet
2957 3415 3263 3469 Dardanum
3299 3415 3537 3483 atl‘uisse,

1963 3502 2174 3568 origine
2232 3500 2550 3556 Thessalum
2587 3516 2601 3555 :
2638 3511 2693 3555 et
2722 3502 3014 3558 Antilocho
3046 3504 3376 3562 Chaluonem
3432 3510 3540 3563 Ar-

1965 3594 2226 3662 migerum
2255 3593 2435 3659 simul,
2467 3602 2520 3648 et
2543 3595 2906 3649 monitorema
2923 3594 3150 3653 Nestore
3171 3609 3322 3670 patre
3335 3601 3540 3656 datum.

1966 3682 2091 3736 Haec
2122 3683 2282 3750 primi
2319 3683 2435 3737 libri
2465 3687 2665 3752 capita.

2035 3771 2222 3826 Altero
2255 3773 2450 3828 deinde
2477 3773 2619 3828 libro
2651 3775 2717 3829 de
2749 3774 2980 3831 Hercule
3019 3779 3151 3847 agit,
3179 3789 3237 3834 ut
3264 3796 3292 3834 a
3321 3781 3543 3836 demen-

1969 3865 2041 3918 tia
2065 3865 2307 3920 elleboro
2342 3867 2412 3920 sit
2455 3867 2718 3922 liberatus
2750 3871 2817 3922 ah
2847 3871 3161 3941 Anticyreo,
3196 3875 3286 3943 qui
3323 3876 3423 3929 hoc
3453 3891 3543 3929 rc-

1969 3957 2202 4010 mediurn
2258 3956 2532 4028 Anticyrae
2575 3958 2690 4030 (55)
2740 3957 2995 4016 Phocidis
3065 3962 3217 4016 valde
3287 3961 3543 4032 frequens

1969 4049 2177 4117 primus
2214 4049 2459 4118 reperit:
2507 4051 2609 4104 etsi
2645 4052 2733 4104 alii
2769 4053 2925 4107 aliter
2951 4065 3232 4123 purgatum
3269 4057 3543 4109 memoria:

1967 4145 2336 4214 prodiderunt.
2360 4146 2406 4199 A
2428 4145 2656 4201 Nestore
2683 4163 2899 4217 quoque
2917 4147 3201 4204 Herculem
3235 4153 3541 4204 adamatum

283 4241 409 4297 Ὀτι
444 4240 506 4294 οὑ
533 4241 888 4312 Φιλοκτήτης,
929 4241 1115 4310 φησὶν,
1155 4239 1290 4292 ἀλλὰ
1324 4240 1609 4311 Μόρσιμος
1649 4242 1677 4292 6
1709 4241 1856 4309 Τρα-

1968 4247 2173 4292 narrat.
2219 4239 2350 4293 Item
2381 4254 2484 4292 non
2521 4238 2900 4308 Philoctetem,
2925 4243 3021 4297 sed
3050 4242 3364 4296 Morsimum
3418 4242 3542 4295 l‘ra-

1591 4397 1826 4452 VARl/E
1868 4395 2272 4451 LECTIONES.

351 4499 402 4531 “
437 4497 709 4566 λουμένην
762 4511 845 4561 pr.
870 4496 912 4548 A
933 4489 1271 4566 :iouop-évnv
1293 4509 1354 4566 g.
1429 4491 1475 4523 ’⁵
1514 4489 1596 4566 ᾡς
1620 4488 1798 4566 παρα)
1833 4489 1954 4566 libri
1986 4487 2193 4566 c'bmep:

687 4566 732 4598 os
761 4559 1168 4639 ἐξευνούχέσεΑ
1217 4559 1357 4639 {ad
1408 4560 1703 4639 παιδογόνα
1756 4559 2091 4639 ἀπέτεμε-ςέ
2151 4559 2215 4639 ,υξ
2239 4559 2524 4637 εὐνούχους
2554 4559 2602 4639 ἐκ
2633 4559 2805 4639 ερῦτᾹω
2829 4575 2904 4639 πρε

291 4627 481 4705 μένους
501 4627 578 4702 ς’(
626 4637 644 4668 ⁸
672 4627 1271 4705 ἈστὶετοςῙῬΙιιιιινοιιί
1299 4630 1725 4705 loeum_(_Pyrhro
1747 4631 1809 4698 t.)
1831 4629 2053 4698 apponit
2073 4627 2319 4682 Leichius
2349 4644 2399 4697 p.
2442 4644 2494 4682 κ.
2554 4629 2574 4656 ³
2594 4628 2718 4690 τοὺς
2740 4628 2784 4680 Α
2813 4628 2942 4698 ετῆς
2962 4645 3022 4690 ς.

297 4567 526 4638 ’Δρκάδι
552 4585 614 4631 ς.

286 4700 582 4778 Κεφαλῆνα
603 4725 665 4772 ς.
741 4707 762 4738 ’⁵
793 4705 932 4758 κατὰ
956 4700 1018 4767 ς.
1093 4703 1113 4733 ⁵
1143 4718 1308 4772 φησιν
1329 4703 1397 4756 A.
1432 4700 1518 4772 οὑ]
1546 4703 1573 4753 6
1601 4702 1665 4754 A.

2274 4487 2318 4518 ’⁸
2359 4487 2714 4557 Περιτέτανος
2753 4505 2815 4551 ς.
2890 4487 2935 4521 ⁸⁷
2974 4489 3230 4557 Ἀρκαδία
3258 4505 3402 4543 corr.
3435 4489 3476 4542 Α
3523 4505 3540 4544 :

2171 4557 2215 4589 ’θ
2241 4557 2524 4626 εὐνούχους
2558 4559 2602 4608 Α
2633 4557 2805 4610 τούτω
2829 4558 3233 4628 παθόνταςίκαὶ
3271 4562 3542 4628 ἐκτετμη-

3109 4627 3129 4658 ³
3153 4627 3444 4699 μημόσυνα
3474 4627 3537 4694 ς.

1792 4795 2028 4853 NOTAE.

353 4897 468 4968 (ts)
504 4896 646 4968 Lege
671 4859 1014 4968 Eustatl\_.__ad
1046 4894 1237 4968 Qdyu.
1261 4891 1332 4968 li.

377 4958 469 5037 49)
521 4958 834 5029 Πελειάδας.
889 4963 1020 5019 Vide
1065 4958 1317 5019 Eustath.
1380 4961 1447 5015 ad
1489 4975 1706 5014 versum
1765 4958 1866 5015 659

293 4971 469 5091 οέιθ)
521 4971 592 5089 ir

508 5075 592 5158 Vii

355 5099 470 5176 (5'0)
508 5104 643 5160 Vide
669 5105 924 5176 Eustatb.
948 5105 1013 5158 ad
1039 5118 1252 5157 versum
1271 5102 1340 5176 63
1371 5100 1562 5170 Odyss.

356 5171 473 5247 (51)
506 5177 794 5246 Μνήμονα.
829 5175 1246 5247 Pzedagogorum
1280 5175 1495 5247 id,_sive
1521 5171 1697 5247 potius
1719 5185 1871 5247 __con-

288 5241 971 5301 siliarioruni'intimorum
995 5241 1198 5314 genus,
1228 5241 1481 5314 heroibus
1505 5243 1625 5314 addi
1652 5241 1871 5293 solitum

2095 4902 2108 4938 ι
2146 4882 2454 4954 Pwdagogi,
2479 4901 2526 4938 c.
2561 4883 2614 4937 8.
2647 4882 2731 4938 Cl'.
2763 4883 3036 4937 Plutarch.
3071 4883 3122 4937 in
3159 4882 3415 4953 Prmcept.
3442 4902 3538 4952 po-

1967 4959 2152 5094 (uiis)
2172 5027 2351 5078 Ausus
2388 5040 2506 5078 sum
2555 5021 3037 5094 celebratissimum
3067 5024 3204 5092 apud
3233 5039 3420 5076 omnes
3443 5042 3539 5076 Ito-

1970 5093 2092 5150 men
2129 5096 2214 5148 hic
2247 5097 2536 5164 inserere:
2566 5094 2700 5146 nihil
2745 5093 3014 5164 dubitans
3039 5095 3166 5163 quin
3216 5094 3278 5146 τὸ
3322 5094 3538 5164 νοήμων

1970 5166 2380 5235 prudentissimi
2410 5163 2507 5217 viri
2530 5164 2808 5235 epitheton
2838 5161 3020 5216 fuerit.

2032 5237 2156 5304 (55)
2182 5235 2272 5288 Sic
2297 5236 2439 5288 enim
2473 5235 2562 5287 bic
2586 5234 2724 5285 malo
2749 5233 2925 5300 legere
2943 5233 3497 5304 ψιτιιηγΚαρχηδόνιος
3521 5253 3534 5287 :

289 5316 874 5384 maximejunioribus.
907 5303 1106 5380 Quales
1137 5303 1248 5367 fere
1293 5313 1453 5384 hodie
1487 5311 1875 5384 gubernatores
1979 5309 2078 5384 etsi
2119 5322 2221 5384 non
2251 5306 2536 5384 ignorem,
2591 5304 2876 5384 §cepsiuin
2922 5306 3061 5384 apud
3091 5303 3270 5384 Strab.
3311 5305 3400 5355 lib.
3439 5319 3535 5368 xu,

291 5387 514 5453 majoris
531 5381 811 5454 potestatis
823 5385 1205 5454 signiﬁcalivos
1220 5382 1571 5452 appellamus.
1592 5381 1869 5446 Quomodo

287 5458 451 5510 etiam
485 5457 622 5509 dixit
653 5455 791 5508 Stat.
819 5470 832 5506 :

427 5525 690 5580 Indomiti
726 5525 948 5578 Pltmnix
979 5525 1278 5576 moderator
1305 5521 1525 5574 alumni.

788 5595 922 5664 (Syl.
970 5610 1019 5655 ν,
1052 5593 1270 5661 Epiced.
1306 5593 1356 5664 in
1388 5591 1642 5664 patrem.)

291 5662 538 5718 Similem
586 5665 711 5717 ltuit;
744 5661 1156 5732 paedagogonttn
1183 5663 1488 5729 Catalogum
1542 5661 1616 5732 (in
1652 5676 1777 5732 (quo
1811 5668 1867 5714 et

290 5734 521 5791 Phwnix
562 5729 757 5790 Achilli
781 5729 1044 5805 tributus)
1091 5733 1205 5802 lege
1251 5739 1390 5803 apud
1437 5729 1604 5787 Clem.
1634 5729 1862 5786 Alexan.

1978 5374 2214 5428 Thesaul.
2247 5371 2560 5427 Oi'meninm
2591 5371 2863 5426 Phoenicis
2898 5374 3126 5438 patriam
3158 5371 3357 5425 facere.

2047 5446 2156 5514 (54)
2197 5447 2361 5498 Dares
2397 5445 2557 5514 etiam
2598 5445 2827 5514 quidam
2871 5445 3124 5514 sacerdos
3161 5441 3441 5514 Trojanus
3467 5445 3536 5493 ab

1974 5510 2206 5570 Hontero
2237 5515 2480 5568 laudatus
2516 5510 2681 5568 Iliad.
2713 5512 2774 5565 Ε.
2803 5510 2872 5563 At
2895 5512 3036 5578 quod
3072 5512 3122 5563 iu
3159 5512 3404 5565 matribus
3425 5513 3534 5579 jam

1974 5589 2039 5640 de
2075 5586 2215 5638 bello
2260 5583 2496 5648 Trojano
2534 5584 2750 5651 Poema,
2797 5582 2975 5637 Dareti
3010 5581 3148 5636 falso
3198 5585 3536 5652 suppositum

1972 5665 2201 5711 censent
2233 5654 2452 5707 eruditi.

2045 5725 2158 5797 (55)
2188 5724 2315 5780 Vide
2343 5721 2654 5780 Proverbia.
