4030 6248
438 257 541 324 611

1614 250 1875 313 ΡΗΟΤΙΙ
1913 250 2416 314 PATRIARCH/E
2451 253 2560 314 ΟΡ.

441 372 682 429 chinium
713 385 900 444 pyram
937 370 1152 426 llerculi
1195 367 1523 424 incendisse.
1559 366 1846 423 Herculem
1882 382 2020 437 prae-

2139 367 2292 438 [ίνιος
2336 368 2548 439 ὑφῆψεν
2588 366 2848 440 Ἡρακλεῖ
2873 367 2976 438 τὴν
3014 367 3213 440 πυράν.
3257 368 3379 422 Ὀτι
3423 369 3698 444 Ἡρακλῆς

447 475 616 529 terea,
647 465 906 519 devorato
937 481 965 518 a
995 461 1249 518 Nemeaeo
1273 462 1430 516 leone
1463 460 1654 532 14Ὶὸ
1685 460 1852 530 digito
1889 474 2016 525 uno,

441 572 633 614 novem
654 557 913 612 duntaxat
943 555 1140 626 digitos
1171 554 1449 617 habuisse,
1482 564 1809 622 exstareque
1838 561 2021 607 tumu-

2121 459 2536 530 ἁποϐρωθέντος
2582 457 2734 529 αύτῷ
2759 459 2781 489 ⁵
2814 458 2924 511 τῶν
2975 458 3256 512 δακτύλων
3287 459 3408 522 ένὸς
3454 461 3558 513 ὑπὸ
3600 462 3698 514 τοῦ

2122 551 2394 622 Νεμεαίου
2455 551 2667 614 λέοντος
2729 551 3146 613 έννεαδάκτυλος
3179 550 3393 620 γέγονε,
3443 552 3539 604 καὶ
3583 551 3701 605 ἐστι

442 647 553 704 lum
581 650 731 720 digiti
767 647 959 702 avulsi.
1001 646 1106 700 Alii
1141 656 1321 700 tamen
1356 646 1649 716 pastinaca:
1701 645 1814 717 (56)
1858 647 2023 715 piscis

2139 646 2291 714 τάφος
2335 643 2430 697 τοῦ
2486 643 2896 713 ἐκκεκομμένου
2939 642 3222 696 δακτύλου*
3271 643 3321 694 οἱ
3380 641 3436 695 δὲ
3495 642 3702 714 κέντρῳ

443 741 632 796 aculeo
674 741 900 810 digitum
953 741 1213 794 amissum
1266 738 1470 792 ferunt.
1522 737 1758 793 Leonem
1804 754 2022 794 veroex

443 831 621 901 lapide
645 830 1027 885 Lacedmmone
1057 831 1239 885 videre
1269 839 1353 885 est
1380 830 1532 901 digiti
1575 831 1780 886 tutuulo
1804 831 2022 900 imposi~

446 931 580 985 tum,
627 921 931 992 symbolum
982 923 1236 976 nimirum
1289 923 1540 977 Herculei
1593 924 1824 979 roboris.
1877 923 2027 978 Unde

405 1079 410 1084 ο
447 1029 564 1068 mos
591 1013 814 1067 inolevit
855 1017 904 1067 itt
942 1015 1273 1083 reliquorum
1312 1031 1525 1085 quoque
1567 1017 1854 1084 sepulcris,
1892 1016 2027 1084 lapi-

446 1105 582 1160 deos
625 1115 864 1161 statuere
900 1105 1105 1163 leones.
1143 1105 1342 1161 Verum
1377 1107 1466 1161 alii
1497 1108 1653 1163 aliter
1680 1110 1746 1164 de
1787 1111 1941 1164 leone
1975 1110 2025 1162 in

445 1197 604 1266 cippo
657 1198 1020 1253 monumentis
1067 1199 1318 1265 imposito
1374 1200 1613 1253 tradunt.
1656 1200 1732 1253 Ex
1785 1199 2028 1255 Herculis

450 1303 578 1359 rogo
619 1303 871 1360 magnam
917 1289 1245 1344 locustarum
1269 1290 1374 1344 vim
1409 1299 1652 1358 enatam,
1683 1307 1802 1361 qua:
1853 1294 2030 1359 regio-

449 1397 573 1436 nem
611 1381 774 1436 veluti
804 1391 954 1450 peste
980 1383 1240 1446 vastavit,
1270 1393 1321 1437 et
1351 1397 1464 1453 quo
1493 1383 1652 1438 modo
1683 1399 1746 1438 ea
1781 1385 1898 1439 lues
1931 1400 2032 1438 ex-

449 1471 645 1526 stincta
678 1471 858 1526 fuerit.
897 1470 964 1526 Ut
997 1471 1174 1528 Venus
1207 1485 1424 1542 propter
1451 1475 1773 1542 Adonidem,
1807 1481 2039 1531 suumet

450 1559 699 1616 Herculis
729 1564 1018 1631 amasium,
1061 1564 1290 1619 Nessum
1350 1565 1701 1630 Centaurum,
1733 1583 1868 1637 quas
1901 1568 2036 1622 Her-

452 1651 557 1704 culi
593 1652 818 1708 insidias
841 1663 1099 1720 strueret,
1123 1654 1423 1710 edocuerit.
1451 1655 1519 1710 Ut
1545 1654 1762 1722 Nireus,
1791 1658 2036 1728 Symazus

2123 735 2381 806 τρυγόνος
2411 733 2708 787 ἀποϐαλεῖν
2744 733 2835 785 τὸν
2863 731 3124 786 δάκτυλον
3168 732 3397 802 ἔφασαν.
3427 732 3634 786 Λέοντα
3654 733 3702 786 δ’

2126 829 2272 882 ἐστιν
2305 828 2432 881 ἰδεῖν
2461 826 2539 898 τῷ
2581 825 2676 881 τοῦ
2707 825 2974 880 δακτύλου
3005 825 3160 896 τάφῳ
3188 827 3470 895 ἐφεστῶτα
3501 826 3704 880 λίθινον

2128 923 2185 974 ἐν
2220 919 2604 989 Λακεδαίμονι,
2669 917 2933 989 σύμϐολον
2985 919 3083 988 τῆς
3120 917 3214 971 τοῦ
3247 917 3426 989 ἥρωος
3451 919 3472 950 ⁷
3506 918 3703 987 ἀλκῆς.

2142 1015 2228 1080 Ἐξ
2258 1013 2465 1066 ἐκείνου
2521 1011 2577 1066 δὲ
2623 1013 2718 1065 καὶ¹
2745 1013 2856 1074 τοῖς
2883 1010 3060 1065 ἄλλων
3097 1011 3289 1080 τάφοις
3342 1009 3575 1074 λιθίνους
3605 1013 3705 1080 ἑφ-

2133 1103 2356 1157 ιστώσι⁸
2394 1104 2635 1166 λέοντας.
2671 1101 2856 1154 Ἀλλοι
2887 1099 2934 1152 δ’
2957 1099 3129 1162 ἄλλως
3152 1100 3278 1169 περὶ
3306 1099 3404 1169 τῆς
3429 1099 3521 1154 τοῦ
3554 1100 3708 1153 λέον⁸

2130 1213 2220 1258 τος
2242 1193 2671 1272 ἀναστηλώσεώς
2721 1208 2906 1260 φασιν.
2956 1191 3044 1253 Ὧς
3088 1191 3153 1244 ἐκ
3205 1191 3304 1260 τῆς
3371 1190 3708 1260 Ἡρακλέους

2132 1289 2310 1358 πυρᾶς
2342 1286 2579 1357 ἀκρίδων
2611 1287 2631 1318 ⁹
2674 1284 2880 1354 πλῆθος
2921 1283 3241 1355 ἀνήφθησαν
3271 1284 3366 1336 καὶ
3394 1283 3582 1355 λοιμοῦ
3627 1284 3711 1337 δίο

2133 1399 2238 1451 κην
2265 1381 2364 1450 τὴν
2397 1379 2579 1450 χώραν
2627 1378 2902 1441 ἐσίνοντο,
2953 1379 3047 1430 καὶ
3097 1376 3174 1440 ὡς
3207 1376 3572 1447 ἀνῃρέθησαν.
3616 1377 3711 1438 Ὡς

2147 1470 2434 1541 Ἀφροδίτη
2468 1470 2533 1523 δι’
2555 1471 2787 1524 ’Ἄδωνιν
2821 1470 2914 1522 τὸν
2940 1470 3108 1540 αὐτῆς
3135 1487 3195 1523 τε
3231 1470 3326 1523 καὶ
3370 1468 3710 1539 Ἡρακλέους

2137 1563 2410 1636 ἐρώμενον
2435 1564 2646 1618 Νέσσον
2671 1564 2764 1617 τὸν
2796 1564 3107 1633 Κένταυρον
3139 1563 3371 1628 διδάξειε
3426 1561 3526 1634 τὴν
3569 1562 3712 1616 κατὰ

2155 1655 2486 1728 Ἡρακλέους
2534 1655 2776 1724 ἐνέδραν.
2818 1655 2901 1719 Ὠς
2934 1655 3136 1727 Νιρεὺς
3176 1657 3205 1708 6
3252 1655 3489 1724 Συμαῖος
3537 1653 3712 1725 Ἡρα-

453 1739 704 1798 Herculis
753 1746 1009 1812 amasius,
1051 1757 1237 1800 contra
1284 1745 1622 1802 Heliconium
1667 1748 1878 1803 leonem
1927 1766 2030 1804 una

2139 1723 2323 1812 κλέους
2350 1745 2418 1820 ῆν
2470 1750 2765 1820 ἐρώμενος,
2795 1749 2923 1822 [245
3085 1751 3178 1804 καὶ
3207 1723 3712 1822 συγκατειργάσατο

454 1835 741 1902 pugnarit:
775 1838 990 1906 quidam
1037 1848 1212 1893 tamen
1262 1838 1510 1894 Herculis
1544 1840 1712 1894 filium
1753 1841 1911 1897 Nirea
1951 1841 2035 1896 fa-

455 1925 624 1979 ciunt.
655 1926 914 1991 Quaenam
950 1929 1062 1984 sint
1105 1930 1207 1983 illa:
1237 1933 1374 2000 apud
1409 1942 1621 1999 poetam
1660 1933 1868 2004 gratia),
1911 1948 2034 1988 cum

455 2015 652 2084 quibus
679 2015 949 2084 Euphorbi
997 2019 1174 2074 crines
1205 2022 1480 2088 componit
1502 2021 1636 2092 (57).
1669 2020 1953 2078 Herculem
2005 2039 2034 2078 ι

458 2106 622 2162 natali
651 2106 826 2162 Nilum
859 2108 1027 2165 fuisse
1056 2111 1376 2179 appellatum
1407 2114 1602 2168 asserit
1638 2129 1654 2168 :
1685 2123 1740 2168 at
1771 2127 1892 2184 post
1923 2131 2040 2172 ser-

457 2207 638 2253 vatam
687 2197 974 2267 Junonem,
1026 2201 1326 2258 interfectis
1363 2205 1455 2274 qui
1504 2205 1648 2260 illam
1707 2208 2039 2263 invadebant

457 2291 746 2361 Anonymo
772 2301 824 2346 et
845 2293 1113 2362 Peripuoo
1137 2294 1465 2364 gigantibus,
1499 2299 1694 2352 exinde
1723 2300 1886 2370 (quod
1923 2301 2038 2355 bel-

459 2379 569 2433 lum
609 2397 638 2434 a
660 2381 870 2435 Jttuone
893 2384 1255 2454 proﬂigasset)
1287 2402 1481 2442 nomen
1509 2399 1768 2444 mutasse.
1788 2391 2037 2449 Auderus

459 2468 711 2528 Herculis
737 2475 1000 2540 amasius,
1031 2491 1153 2532 cum
1190 2477 1256 2532 de
1287 2479 1448 2546 hujus
1483 2496 1612 2550 rogo
1649 2480 1866 2536 Theseo
1902 2500 2040 2537 nun-

460 2565 670 2628 tiasset,
707 2565 772 2620 ab
793 2567 982 2621 eodem
1011 2578 1099 2623 est
1121 2569 1498 2640 interemptus.
1531 2572 1818 2627 Dimidium
1843 2573 2037 2646 Hydra:

393 2695 402 2700 _
460 2663 624 2724 caput
655 2671 878 2710 aureum
916 2656 1106 2724 luisse,
1136 2671 1330 2714 auctor
1355 2670 1440 2716 est
1461 2663 1800 2719 Aristonicus
1828 2664 2039 2721 Taren-

461 2743 629 2798 tinus.
683 2745 988 2801 Alexander
1032 2764 1160 2804 vero
1214 2750 1458 2822 Ilyudius
1501 2753 1704 2820 refert,
1746 2757 2036 2814 draconem

462 2843 606 2890 terra
640 2837 881 2906 genitum
911 2854 1014 2892 una
1046 2854 1168 2894 cum
1194 2839 1421 2898 Hercule
1455 2859 1748 2912 pugnasse,
1777 2848 2039 2904 adversus

462 2921 774 2978 Nemeaeum
835 2925 1045 2981 leonem
1097 2945 1111 2981 :
1159 2944 1320 2997 quem
1363 2941 1420 2986 ct
1459 2935 1755 2988 euutritum
1801 2936 1915 3007 (58)
1971 2938 2039 2992 ab

464 3014 718 3082 Hercule,
754 3016 1082 3088 Thebasque
1111 3021 1329 3074 ductum
1364 3022 1417 3075 in
1447 3023 1605 3090 hujus
1637 3029 1868 3082 tentorio
1887 3045 2038 3084 man-

465 3107 624 3172 sisse,
649 3113 1008 3179 eumdemque
1047 3109 1196 3164 illum
1225 3127 1366 3178 esse,
1398 3118 1488 3184 qui
1515 3116 1686 3186 pullos
1714 3117 1826 3189 (59)
1855 3134 2042 3188 passe-

465 3202 543 3256 ris
591 3215 713 3256 cum
757 3203 1092 3266 devorasset,
1145 3205 1196 3256 in
1247 3205 1478 3273 lapidem
1523 3222 1819 3266 conversus
1853 3211 2038 3268 fuerit.

464 3290 610 3360 Argo
640 3306 829 3346 navem
858 3293 912 3346 in
946 3292 1080 3347 Ossa
1110 3293 1405 3351 Thessalia:
1432 3309 1611 3353 monte
1643 3297 1901 3357 Hercules
1914 3303 2040 3372 qui-

467 3383 585 3436 dem
609 3384 996 3440 exaedificavit:
1025 3401 1224 3441 nomen
1244 3403 1372 3444 vero
1395 3390 1494 3460 ipsi
1529 3391 1754 3446 inditum
1789 3393 1858 3448 ab
1872 3395 2039 3466 Argo,

465 3475 682 3531 Jasonis
715 3477 844 3543 filio,
877 3479 968 3548 qui
999 3481 1098 3550 ipsi
1145 3482 1196 3535 itt
1231 3481 1443 3539 deliciis
1471 3495 1608 3550 erat,
1638 3497 1860 3556 propter
1877 3504 2038 3558 quem

466 3569 632 3622 etiam
665 3569 755 3624 ille
793 3587 895 3625 una
931 3587 1051 3626 cum
1083 3570 1282 3630 Jasone
1316 3577 1382 3630 ad
1408 3577 1642 3648 Scythas
1677 3580 2038 3651 aduavigavit.

467 3657 734 3716 Juuouem
765 3677 886 3716 cum
923 3662 1170 3736 Geryone
1213 3680 1540 3738 pugnantem
1571 3671 1638 3724 ab
1671 3669 1901 3728 Hercule
1922 3675 2041 3729 vul-

469 3767 573 3806 nus
625 3758 902 3823 accepisse
949 3758 1242 3812 secundum
1295 3762 1576 3816 dexterum
1627 3765 1781 3829 uber,
1831 3777 1886 3822 et
1922 3784 2042 3837 quae

475 3845 598 3899 inde
625 3857 915 3900 consecuta
952 3849 1081 3902 sint.
1110 3849 1404 3920 Corythus,
1435 3869 1634 3923 genere
1658 3857 1848 3914 Iberus
1879 3869 2042 3929 atque

473 3937 720 3991 Herculis
767 3939 1026 4004 amasius,
1071 3942 1280 4010 galeam
1320 3945 1526 4013 primus
1560 3947 1869 4004 fabricavit.
1905 3950 2042 4006 Hinc

469 4038 525 4080 et
557 4029 640 4082 his
658 4029 824 4083 armis
868 4046 1061 4086 nomen
1102 4034 1153 4086 id
1197 4035 1430 4103 primum
1467 4037 1674 4094 datutn.
1726 4040 2041 4109 Sepulcrum

471 4117 600 4173 illud
629 4121 682 4174 in
716 4119 899 4186 Creta,
928 4125 1068 4192 quod
1109 4123 1259 4180 Jovis
1290 4129 1612 4197 appellatur,
1657 4131 1867 4202 Olympi
1899 4134 2042 4190 illius

469 4213 751 4270 Cretensis
786 4229 928 4280 esse,
957 4217 1045 4285 qui
1081 4230 1328 4288 ereptum
1364 4221 1602 4278 Saturno
1622 4223 1806 4280 Jovem
1837 4228 2040 4282 educa-

469 4303 568 4369 vit,
619 4304 1044 4376 religionemque
1097 4311 1332 4364 edocuit.
1390 4311 1583 4366 Verum
1613 4317 1755 4368 enim
1783 4331 1913 4372 vero
1938 4335 2041 4372 nu-

2137 1843 2227 1896 τὸν
2264 1841 2575 1896 Ἑλικώνιον
2609 1843 2822 1897 λέονταο
2879 1843 2930 1896 οὶ
2983 1843 3040 1896 δὲ
3096 1841 3210 1895 υἱὸν
3243 1842 3573 1913 Ἡρακλέους
3617 1843 3713 1895 τὸν

2137 1932 2312 2003 Νιρέα
2343 1932 2497 2002 φασί.
2529 1933 2684 1995 Τίνες
2712 1933 2768 1986 αἱ
2815 1932 2966 2004 παρὰ
3003 1932 3085 2002 τῷ
3127 1936 3322 2003 ποιητῇ
3347 1934 3589 2003 χάριτες,
3620 1927 3712 1996 αἶς

2139 2021 2472 2091 παραϐάλλει
2520 2019 2618 2086 τὰς
2667 2021 2947 2090 Εὐφόρϐου
3001 2022 3198 2091 κόμας.
3267 2022 3388 2074 Ὅτι
3450 2021 3642 2085 Νεῖλος
3680 2023 3711 2074 6

2150 2114 2428 2184 Ἡρακλῆς
2474 2115 2581 2168 ἀπὸ
2634 2113 2903 2183 γενέσεώς
2932 2130 3096 2185 φησιν
3123 2115 3164 2146 ¹⁰
3201 2114 3465 2179 ἐκαλεῖτο,
3501 2115 3623 2168 ἐπεὶ
3662 2114 3710 2167 δ’

2143 2205 2321 2276 ’Ἡραν
2376 2205 2582 2258 ἔσωσεν
2622 2205 2992 2276 ἐπερχόμενον
3029 2207 3164 2276 αὐτῇ
3197 2206 3402 2260 ἀνελὼν
3442 2208 3535 2261 τὸν
3565 2208 3711 2263 ἀνώ-

2139 2315 2305 2367 νυμον
2339 2297 2432 2351 καὶ
2463 2297 2758 2367 πυρίπνοον
2779 2339 2788 2350 .
2809 2297 3066 2365 Γίγαντα,
3105 2296 3229 2369 [476
3257 2299 3348 2372 8.]
3387 2301 3596 2355 ἐκεῖθεν
3623 2302 3714 2357 διά

2137 2391 2198 2443 τὸ
2229 2389 2560 2444 ἁπαλαλκεῖν
2611 2390 2649 2420 ¹¹
2683 2389 2781 2457 τῆς
2815 2390 2993 2460 ’Ἡρας
3027 2390 3119 2444 τὸν
3179 2391 3416 2462 πόλεμον
3443 2394 3712 2463 μετέϐαλε

2137 2481 2237 2551 τὴν
2269 2480 2483 2550 κλῆσιν.
2518 2481 2640 2534 ’Ότι
2679 2480 2948 2550 Ἀϐδηρος
2986 2483 3028 2513 ¹¹
3053 2483 3082 2534 6
3119 2482 3448 2554 Ἡρακλέους
3499 2485 3712 2560 ἐρώμε-

2139 2587 2227 2634 νος
2253 2571 2321 2624 τὰ
2353 2571 2482 2641 περὶ
2526 2570 2626 2640 τῆς
2658 2572 2838 2640 πυρᾶς
2873 2571 3038 2624 αὑτοῦ
3069 2572 3237 2639 Θησεί
3264 2573 3593 2642 ἁναγγείλας
3620 2576 3710 2628 ὑπ’

2139 2661 2304 2714 αὑτοῦ
2361 2661 2684 2730 ἀναιρεῖται.
2742 2661 2867 2713 Ὅτι
2928 2662 3028 2732 τὴν
3091 2664 3264 2733 μέσην
3313 2665 3566 2735 κεφαλὴνῖ
3610 2666 3712 2735 τῆς

2141 2753 2307 2824 ὕδρας
2349 2753 2713 2825 Ἀριστόνικός
2748 2754 2792 2785 ¹³
2843 2771 3007 2824 φησιν
3057 2757 3086 2808 ό
3127 2756 3456 2827 Ταραντῖνος
3505 2759 3714 2828 χρυσῆν

2139 2845 2299 2902 εἶναι.
2332 2848 2453 2901 Ὀτι
2499 2847 2845 2918 Ἀλέξανδρος
2894 2849 2923 2900 6
2981 2847 3217 2913 Μύνδιός
3265 2867 3396 2920 φησι
3445 2851 3712 2922 δράκοντα

2138 2939 2347 3011 γηγενῆ
2399 2939 2758 3010 συμμαχῆσαι
2804 2939 3062 3010 Ἡρακλεῖ
3113 2941 3251 3010 πρὸς
3307 2943 3399 2994 τὸν
3444 2943 3714 3013 Νεμεαῖον

2140 3032 2352 3096 λέοντα,
2413 3030 2472 3083 ὃν
2519 3031 2614 3085 καὶ
2673 3032 3054 3102 ἀνατραφῆναι
3090 3032 3195 3085 ὑπὸ
3236 3033 3586 3104 Ἡρακλέους,
3618 3037 3714 3088 καὶ

2145 3125 2682 3196 συνακολουθήσαντα
2709 3124 2860 3194 αύτῷ
2888 3125 2945 3188 ἐς
2991 3125 3172 3195 Θήϐας
3207 3127 3265 3178 έν
3294 3125 3468 3180 αύλιδι
3495 3130 3674 3198 μεῖναι
3695 3145 3710 3158 ·

2143 3220 2238 3272 καὶ
2270 3219 2456 3273 τοῦτον
2485 3213 2622 3271 εἶναι
2641 3218 2732 3272 τὸν
2757 3219 2882 3280 τοὺς
2901 3219 3153 3282 νεοσσοὺς
3189 3221 3572 3290 καταφαγόντα
3613 3225 3714 3292 τῆς

2143 3311 2406 3382 στρουθοῦ
2463 3312 2557 3365 καὶ
2619 3310 3044 3365 ἁπολιθωθέντα.
3114 3309 3205 3375 Ὠς
3259 3311 3358 3382 τὴν
3421 3313 3600 3383 Ἀργὼ
3652 3316 3714 3367 ὲν

2148 3403 2320 3473 Ὄσσῃ
2343 3403 2440 3472 τῆς
2467 3401 2768 3464 Θεσσαλίας
2803 3401 3076 3471 Ἡρακλῆς
3097 3401 3139 3433 ιδ
3169 3403 3269 3473 μὲν
3291 3405 3713 3472 κατασκευάζει,

2141 3494 2313 3565 ὄνομα
2359 3495 2404 3547 δ’
2437 3495 2574 3566 αὐτῇ
2605 3495 2816 3564 τίθησιν
2863 3495 2970 3548 ἀπὸ
3000 3497 3206 3565 Ἀργου
3243 3498 3335 3550 τοῦ
3373 3499 3623 3564 Ἰάσονος,
3654 3500 3716 3564 ὃς

2141 3581 2214 3657 ῆν
2245 3586 2521 3658 ἐρώμενος
2570 3585 2738 3658 αὐτῷ,
2773 3587 2840 3641 δι’
2869 3588 2927 3641 ὃν
2961 3591 3058 3644 καὶ
3093 3590 3283 3644 Ἰάσονι
3319 3591 3410 3645 τὸν
3451 3593 3545 3646 ἐπὶ
3569 3593 3714 3646 Σκυ-

2144 3679 2265 3742 θίας
2295 3679 2563 3749 συνήρατο
2591 3677 2778 3732 πλοῦν.
2824 3678 2911 3742 Ὠς
2935 3679 3084 3750 Ἥρα
3115 3681 3478 3752 συμμαχούσα
3501 3685 3578 3753 τῷ
3608 3686 3716 3756 Γη-

2145 3770 2310 3842 ρυόνῃ
2337 3771 2379 3801 ⁸⁸
2401 3769 2761 3840 τιτρώσκεται
2791 3769 2881 3840 ὑφ’
2919 3771 3248 3842 ’Ἡρακλέους
3271 3775 3410 3828 κατὰ
3434 3775 3526 3828 τὸν
3545 3775 3718 3843 δεξιὸν

2145 3861 2336 3932 μαζὸν,
2364 3861 2458 3916 καὶ
2498 3863 2598 3914 ὅσα
2648 3861 2718 3926 ’ἐξ
2769 3862 2977 3916 ἐκείνου
3033 3869 3289 3920 τελεῖται.
3331 3866 3417 3931 Ὠς
3448 3867 3715 3938 Κόρυθος,

2145 3956 2307 4026 ἰϐηρ
2336 3955 2397 4009 τὸ
2434 3955 2591 4023 γένος
2630 3953 2706 4007 ὢν
2742 3957 2838 4009 καὶ
2875 3955 3206 4028 Ἡρακλέους
3238 3958 3531 4032 ἐρώμενος,
3562 3962 3718 4031 πρῶο

2140 4065 2232 4110 τος
2266 4046 2470 4118 κόρυθα
2501 4049 2920 4111 κατεσκεύασεν,
2968 4049 3026 4116 ἐξ
3055 4045 3116 4104 οὗ
3143 4051 3237 4104 καὶ
3266 4052 3364 4122 τὴν
3395 4053 3718 4122 ἐπωνυμίαν

2142 4139 2326 4192 λαϐεῖν
2355 4155 2490 4209 φησι
2518 4139 2579 4191 τὸ
2613 4139 2796 4194 ὅπλον.
2839 4139 2926 4204 Ὠς
2949 4143 2978 4194 ό
3009 4141 3052 4172 ¹⁶
3099 4144 3156 4194 έν
3205 4144 3397 4214 Κρήτῃ
3423 4143 3593 4212 τάφος
3631 4143 3721 4196 λε-

2144 4231 2372 4300 γόμενος
2405 4231 2500 4284 τοῦ
2545 4231 2666 4295 Διὸς
2716 4231 2992 4302 Ὀλύμπου
3039 4231 3132 4286 τοῦ
3185 4235 3403 4304 Κρητός
3439 4235 3586 4287 ὲστιν
3611 4275 3626 4298 ,
3656 4235 3718 4299 ὃς

2145 4320 2297 4390 παρὰ
2323 4319 2417 4374 τοῦ
2453 4321 2662 4391 Κρόνου
2695 4321 2874 4374 λαϐὼν
2893 4323 2985 4374 τὸν
3015 4323 3112 4376 Δία
3136 4323 3330 4392 ἕτρεφέ
3360 4342 3418 4378 τε
3447 4326 3539 4378 καὶ
3567 4327 3720 4378 ὲπαί·

471 4397 713 4451 tritorem
741 4399 1127 4467 doctoremque
1149 4417 1310 4456 suum
1336 4402 1546 4473 Jupiter
1570 4407 1810 4473 fulmine,
1839 4409 2035 4479 inquit,

2143 4416 2264 4470 δευε
2292 4416 2364 4468 τὰ
2398 4415 2538 4470 θεῖα.
2584 4415 2748 4469 Ἀλλά
2794 4417 2900 4488 γὰρ
2943 4416 3128 4488 βάλλει
3157 4419 3364 4490 (φησὶν)
3396 4421 3425 4472 6
3463 4422 3600 4483 Ζεὺς
3626 4422 3719 4474 τὸν

467 4491 758 4558 percussit,
793 4492 933 4561 quod
969 4491 1162 4564 ιάεα
1201 4495 1446 4564 gigantes
1477 4513 1696 4562 regnum
1732 4500 1848 4568 ejus
1887 4503 2036 4557 inva-

467 4579 596 4631 dere
631 4578 765 4633 velle
805 4580 1195 4648 suspicaretur.
1238 4586 1308 4634 At
1352 4599 1474 4635 eum
1513 4583 1698 4638 Jovem
1733 4597 1914 4655 postea
1948 4591 2040 4645 icti

467 4671 700 4725 cadaver
755 4670 864 4737 jam
924 4672 1213 4726 habentem
1250 4671 1384 4728 facti
1447 4677 1819 4744 pmnituisset,
1865 4697 2040 4752 neque

467 4772 648 4829 posset
690 4762 848 4817 aliter
893 4765 1134 4820 dolorem
1183 4763 1379 4832 lenire,
1415 4781 1570 4822 suum
1609 4769 1798 4826 saltem
1843 4788 2038 4830 nomen

2145 4507 2349 4578 τροφέα
2381 4507 2474 4559 καὶ
2505 4506 2824 4560 διδάσκαλον
2853 4509 3126 4580 κεραυνῷ.
3155 4510 3237 4562 ὃτι
3265 4509 3330 4580 δὴ
3372 4511 3496 4573 τοὺς
3524 4511 3562 4562 Γ
3568 4511 3720 4578 ίγαν-

2145 4619 2244 4663 τας
2275 4600 2440 4654 αύτοῦ
2470 4603 2537 4672 τῇ
2563 4599 2817 4672 βασιλείᾳ
2867 4601 3154 4654 ἐπιθέσθαι
3205 4601 3511 4656 ὑπετίθετο.
3556 4603 3719 4655 Ἀλλά

2147 4690 2326 4762 βαλὼν
2344 4692 2435 4745 καὶ
2455 4691 2647 4762 νεκρὸν
2669 4691 2808 4762 ἔχων
2837 4692 3210 4763 μετεμελεῖτο·
3235 4693 3310 4762 μὴ
3331 4693 3468 4763 έχων
3481 4693 3524 4744 δ’
3541 4694 3719 4756 ἄλλως

2145 4784 2207 4838 τὸ
2239 4785 2411 4848 πάθος
2439 4785 2704 4850 ἐκκλῖναι,
2737 4784 2920 4838 δίδωσι
2971 4784 3033 4838 τὸ
3063 4785 3194 4838 ἴδιον
3224 4785 3396 4856 ὄνομα
3444 4785 3522 4857 τῷ
3558 4786 3717 4857 τάφῳ

1764 4911 2001 4970 VARIE
2043 4917 2458 4975 LECTIONES.

535 5017 555 5046 ⁸
589 5016 754 5070 αὐτοῦ
802 5019 866 5072 Α.
888 5021 970 5094 --τλ
1001 5019 1181 5094 ἥρωος
1215 5022 1258 5074 Α
1285 5039 1327 5094 _:
1376 5024 1707 5094 Ἡρακλέους

541 5106 703 5164 φασιν
746 5105 822 5164 ς..Δ
861 5090 925 5164 Δ¹¹
950 5091 1301 5164 ἁπαλαλκείν]
1335 5090 1614 5164 παλαλκὴν
1643 5098 1706 5149 Α.

464 5161 702 5228 ρυόνιΑ.
779 5159 823 5190 ³⁸
851 5159 879 5212 ὁ
928 5161 1051 5214 add.
1087 5161 1170 5214 A:
1207 5159 1496 5235 λεγόμενος
1532 5159 1698 5236 τάφος
1739 5187 1798 5233 ς.

1759 5046 1828 5111 Ξῖ..
1889 5032 1924 5111 ⁸.
1943 5035 2212 5111 ἐφεστῶσι
2253 5055 2313 5111 ς,
2381 5039 2412 5111 γ’
2441 5040 2666 5111 ἀκρίδος
2715 5037 2782 5091 Α.
2816 5037 3196 5111 νάνήφθησαν]
3233 5039 3341 5111 imo
3379 5039 3712 5111 άνέπτησαν.

1788 5103 1830 5131 ¹²
1863 5101 2098 5174 αύδηρος
2130 5124 2192 5170 ς.
2271 5109 2313 5139 ¹³
2375 5101 2767 5179 Ἀριστόνεικος
2798 5110 2866 5164 Α.
2923 5101 2971 5140 ³⁵
3013 5101 3324 5182 Ἡρακλέως
3372 5111 3437 5165 Α.

3519 5113 3559 5144 ω
3607 5113 3712 5182 Γη,

1980 5290 2196 5349 ΝΟΤΛΕ

532 5399 644 5468 (56)
678 5397 752 5452 De
799 5401 1095 5468 pastinacae
1131 5401 1411 5456 incurabi-li
1458 5418 1662 5468 morsu,
1697 5404 1896 5461 Elian.
1939 5425 2034 5464 va-

464 5469 558 5522 riis
593 5469 746 5530 locis,
779 5482 832 5523 et
863 5471 951 5523 alii
983 5472 1156 5525 multi.

534 5537 856 5610 (57)__lliad.
890 5540 948 5595 P.
987 5557 1128 5596 vers.
1163 5539 1251 5594 5|.
1283 5539 1358 5595 De
1387 5540 1676 5610 Euphorbo
1705 5547 1871 5600 multa
1900 5547 2031 5603 Phi-

463 5613 556 5661 lost
569 5624 612 5659 r.
644 5607 853 5662 lleroic.

2144 5410 2515 5465 Philostratus
2555 5409 2768 5466 Heroir.
2829 5414 2879 5466 in
2936 5412 3100 5480 Aiace
3139 5414 3296 5470 Locr.
3353 5416 3424 5469 De
3477 5416 3706 5468 aliorum

2139 5485 2492 5541 draconibus,
2534 5482 2647 5534 alii.
2691 5483 2955 5537 lleroibus
2989 5487 3134 5538 enim
3163 5502 3350 5540 sacros
3383 5484 3548 5540 fuisse
3576 5489 3706 5539 dra-

2136 5565 2305 5604 com-s
2344 5565 2371 5601 a
2395 5551 2580 5604 multis
2605 5552 2943 5605 obscrvatnu‘

2455 5623 2652 5695 quibus
2694 5623 2909 5680 llomcr.
2963 5621 3124 5679 Iliad.
3167 5625 3226 5691 Β,
3252 5642 3302 5680 v.
3339 5624 3431 5680 551
3473 5636 3525 5682 et
3552 5641 3702 5695 seqq.

533 5678 645 5748 (58)
680 5679 754 5734 De
777 5679 1051 5751 χειρέκθει
1079 5682 1313 5737 dracone
1340 5682 1524 5764 Atacis
1552 5681 1728 5740 Locrii
1767 5687 2027 5758 legendus
2137 5678 2222 5744 Tu‘
2244 5678 2314 5745 ibi
2347 5678 2591 5747 Eustath.
2613 5691 2749 5764 lege.
