4030 6248
352 249 456 316 613

1519 253 2048 316 BIBLIOTHECA.
2077 278 2148 290 -
2181 255 2345 316 COD.
2377 255 2538 318 CXC.

3484 291 3486 296 ’
3516 261 3622 326 6M

351 361 444 414 τοῦ
479 360 848 432 ἀνῃρημένου.
886 362 1044 426 Τίνος
1087 361 1140 394 ¹⁷λ
1180 361 1297 416 ἐστὶ
1341 360 1404 416 τδ
1445 361 1538 415 ὑπ’
1580 363 1921 436 Ἀλεξάνδρου

2038 363 2348 433 interempti
2401 364 2652 435 sepulcro
2699 365 2916 423 indidit.
2962 366 3127 438 Cujus
3181 367 3253 424 slt
3284 370 3385 426 hoc
3409 373 3616 430 dictum

351 453 446 506 τοῦ
497 454 764 508 Φιλίππου
802 457 925 528 είρη
933 456 1117 527 μένον.

355 567 614 635 Πρωτέα,
632 568 728 638 τῇ,
754 571 855 624 πίε
879 567 1048 625 οἶνον
1060 571 1189 625 ἐπεὶ
1212 571 1398 642 φάγες
1421 571 1926 644 ἀνδρόμεα,κρέα.

353 683 462 735 Καὶ
497 683 660 738 πάλιν
687 685 731 717 ¹³
761 685 1016 756 Πρωτέου
1035 727 1051 755 ,
1089 705 1110 738 ι
1165 687 1335 740 Ποίαν
1361 687 1504 759 ᾠδὴν
1533 687 1679 759 εἶχεν
1708 691 1766 744 ἐν
1797 707 1928 744 συν-

351 773 513 846 ηθείᾳ
555 775 947 848 Ἀλέξανδρος;
986 799 1006 831 ι
1040 779 1137 832 καὶ
1167 779 1311 843 τίνος
1337 775 1406 852 ἦν
1439 780 1670 854 ποίημα·
1703 785 1784 846 εἰς
1811 783 1929 837 τίνα

353 865 592 935 ἔγραψεν
621 868 931 938 ἐπικήδειον
967 871 995 924 6
1020 870 1182 935 αὐτὸς
1211 871 1563 944 Ἀλέξανδρος
1591 875 1619 928 6
1638 874 1926 932 Φιλίππου.

352 957 541 1012 Ταῦτα
574 959 670 1012 καὶ
697 959 766 1012 τὰ
789 961 883 1014 τοῦ
914 960 960 1030 β’
993 962 1264 1030 κεφάλαια
1291 964 1520 1033 βιϐλίου.

422 1049 496 1101 T6
540 1049 600 1102 δὲ
646 1055 696 1118 γ’
726 1050 856 1120 περὶ
898 1053 994 1104 τοῦ
1031 1053 1232 1106 ’Υλλου
1271 1054 1367 1108 τοῦ
1412 1055 1746 1127 Ἡρακλέους
1784 1059 1924 1125 υἱοῦ,

350 1137 427 1201 ὡς
453 1138 624 1208 κέρας
654 1135 770 1210 εἶχε
801 1141 932 1214 περὶ
967 1142 1028 1196 τὸ
1055 1145 1339 1214 ἀριστερὸν
1371 1147 1534 1216 μέρος
1565 1149 1663 1218 τῆς
1686 1150 1927 1236 κεφαλῆς

351 1231 666 1298 ἐκπεφυκὸς
711 1233 945 1304 μικρὸν,
993 1235 1090 1288 καὶ
1139 1235 1298 1288 τοῦτο
1349 1237 1506 1292 λάϐοι
1561 1242 1590 1293 6
1631 1231 1926 1306 Σικυώνιος

363 1321 673 1387 Ἐπωπεὺς,
707 1327 773 1378 ἐκ
810 1326 1144 1397 μονομαχίας
1177 1330 1380 1384 ἀνελὼν
1417 1333 1600 1398 αὑτὸν,
1637 1336 1731 1387 καὶ
1757 1336 1921 1404 κομί-

353 1431 435 1466 σοι
455 1417 514 1467 ὲν
533 1415 612 1485 τῷ
639 1417 826 1488 κέρατι
848 1418 908 1471 τὸ
939 1420 1142 1489 Στυγὸς
1175 1421 1337 1494 ὕδωρ,
1363 1425 1456 1478 καὶ
1490 1425 1798 1494 βασιλεύσοι
1828 1430 1922 1498 τῆς

350 1506 555 1576 χώρας.
601 1507 724 1561 Ὅτι
768 1509 900 1580 περὶ
947 1511 1042 1564 τοῦ
1084 1512 1141 1564 ὲν
1203 1513 1462 1586 Ἀρκαδίᾳ
1493 1515 1696 1585 Στυγὸς
1735 1517 1924 1582 ὕδατος

349 1597 492 1652 οὕτω
516 1599 704 1668 φασὶν,
733 1599 809 1663 ὡς
841 1603 1106 1674 Δημήτηρ
1160 1605 1433 1659 πενθοῦσα
1483 1607 1580 1678 τήν
1629 1609 1923 1682 θυγατέρα,

2035 455 2102 510 ab
2129 456 2439 513 Alexandro
2461 457 2691 530 Philippi
2724 459 2836 516 lilio
2860 472 3174 532 usurpatum
3208 481 3222 517 :

2030 567 2246 638 Protea,
2264 588 2414 642 cape,
2433 574 2580 628 bibas
2596 576 2774 631 vinum
2803 578 3035 634 humana
3057 597 3212 635 carne
3229 582 3454 651 refectus
3474 584 3610 658 (60).

2031 681 2097 736 Et
2129 699 2344 739 rursum
2393 684 2602 744 Protete
2632 707 2646 743 :
2685 707 2704 740 ι
2736 689 2890 757 Quali
2921 695 3200 748 consuevit
3244 697 3492 754 cantione
3536 701 3616 755 uti

2030 774 2382 831 Alexander?
2436 796 2456 828 ι
2493 787 2547 832 et
2585 797 2604 831 ι
2654 780 2819 847 Cujus
2851 783 2901 836 id
2930 784 3289 856 fuitpoema?
3327 789 3386 843 lu
3426 806 3616 859 quem-,-

2031 884 2154 922 naut
2183 869 2488 938 epicedium
2535 873 2677 928 idem
2717 875 2805 928 ille
2855 875 3086 947 Philippi
3131 880 3272 936 ﬁlius
3308 883 3615 941 Alexander

2030 962 2402 1030 conscripsit?
2438 983 2457 1016 ι
2491 964 2666 1034 Atque
2687 964 2806 1022 haec
2837 971 3061 1023 secundi
3093 971 3215 1026 libri
3247 974 3447 1041 capita.
3507 1003 3514 1012 -

2097 1053 2286 1108 Tertio
2318 1071 2450 1111 vero
2484 1057 2624 1112 libro
2673 1059 2740 1113 de
2772 1058 2926 1130 Hyllo
2958 1061 3200 1118 Herculis
3237 1064 3348 1120 lilio
3373 1082 3614 1123 comme-

2027 1156 2226 1213 morat,
2249 1164 2417 1203 eornu
2453 1165 2575 1206 eum
2607 1167 2836 1220 parvum
2868 1155 2937 1209 ad
2968 1155 3153 1211 laevam
3183 1159 3378 1229 capitis
3403 1171 3610 1230 partem

2026 1239 2278 1293 adnatum
2328 1241 2608 1308 habuisse,
2652 1246 2793 1314 quod
2837 1247 3088 1316 Epopeus
3123 1249 3434 1320 Sicyonius,
3485 1268 3609 1308 cum

2026 1328 2080 1382 in
2113 1345 2288 1399 pugna
2315 1331 2464 1386 illum
2487 1334 2800 1400 occidisset,
2831 1340 3124 1408 acceperit,
3153 1341 3441 1412 tuleritque
3470 1343 3522 1398 iu
3543 1359 3610 1400 eo

2027 1421 2207 1491 Stygis
2237 1423 2350 1492 (6i)
2385 1439 2605 1494 aquam,
2639 1437 2691 1480 et
2720 1443 2942 1498 regnum
2987 1445 3095 1485 orae
3129 1431 3272 1487 illius
3303 1449 3608 1502 occupave-

2027 1513 2118 1568 rit.
2169 1512 2245 1569 De
2295 1516 2482 1587 Stygis
2526 1535 2663 1587 aqua
2715 1523 2767 1574 in
2801 1523 3030 1576 Arcadia
3090 1523 3160 1577 ita
3208 1527 3442 1590 narrari,
3482 1542 3605 1580 cum

2027 1604 2287 1662 Cererem
2337 1611 2458 1663 tiliae
2501 1622 2714 1679 raptqu
2765 1614 3034 1682 lugentem
3086 1632 3151 1670 eo
3196 1618 3310 1686 ipso
3352 1621 3607 1676 maeroris

347 1689 474 1741 ἐπεὶ
505 1691 774 1746 Ποσειδῶν
805 1694 976 1764 αὐτὴν
1029 1697 1070 1728 ¹⁹
1110 1697 1168 1750 ἐν
1206 1698 1477 1770 κατηφείᾳ
1503 1699 1668 1754 οὖσαν
1708 1703 1921 1773 ἐπείρα¹

2035 1708 2275 1769 tempore
2305 1698 2587 1770 Neptunus
2621 1705 2963 1772 sollicitaret,
3011 1709 3063 1762 in
3105 1724 3301 1779 equam
3353 1711 3441 1766 illa
3477 1727 3601 1768 sese

347 1783 429 1844 είς
458 1781 624 1836 ἵππον
645 1785 842 1856 ἑαυτὴν
867 1788 1262 1858 μετεμόρφωσε
1295 1793 1674 1863 χαλεπήνασα,
1702 1795 1925 1850 ἐλθοῦσα

346 1872 392 1925 δ’
422 1873 515 1926 ἐπὶ
561 1873 659 1945 τὴν
703 1877 910 1948 πηγὴν,
942 1879 987 1910 ¹⁰
1049 1882 1144 1932 καὶ
1200 1881 1511 1953 θεασαμένη
1565 1885 1664 1956 τὴν
1715 1888 1929 1958 μορφὴν

346 1961 618 2034 ὲστύγησέ
641 1981 697 2017 τε
725 1968 822 2019 καὶ
847 1967 908 2019 τὸ
951 1968 1095 2041 ὕδωρ
1127 1971 1296 2040 μέλαν
1323 1973 1568 2044 ἐποίησε.
1592 1977 1728 2047 Περὶ
1769 1978 1929 2032 Ἐκά-

349 2052 470 2123 λης,
506 2054 603 2108 καὶ
636 2057 831 2120 πόσαις
854 2059 900 2091 ’ί
932 2063 1153 2129 γέγονεν
1198 2063 1488 2136 ἐπώνυμον
1507 2067 1764 2140 τοῦνομα.
1805 2073 1926 2126 Ὅτι

360 2145 714 2218 Ἀλεξάνδρου
740 2151 922 2222 πατὴρ
953 2154 1050 2223 οὐχ
1081 2155 1109 2206 6
1137 2155 1403 2221 Φίλιππος
1429 2159 1661 2228 γένοιτο,
1685 2163 1820 2218 ἀλλά
1846 2183 1928 2230 τις

344 2235 586 2328 τοῦνομα
602 2239 850 2310 Δράκων,
874 2245 1031 2311 γένος
1046 2247 1268 2317 Ἀρκὰς,
1288 2251 1348 2314 ἐξ
1378 2245 1437 2306 οὗ
1457 2254 1549 2307 κα).
1569 2256 1660 2308 τὸν
1677 2274 1742 2310 πε
1750 2259 1804 2328 ρ).
1832 2258 1926 2313 τοῦ

345 2327 642 2398 δράκοντος
677 2332 845 2402 μῦθον
869 2336 1082 2406 ῥυῆναι.
1111 2341 1244 2410 Περὶ
1262 2343 1354 2395 τοῦ
1384 2345 1721 2418 Πτολεμαίου
1741 2327 1922 2417 κυνὸς,

347 2419 442 2472 καὶ
453 2421 527 2484 ὡς
547 2423 839 2494 συνεμάχει
855 2426 930 2496 τῷ
943 2427 1204 2502 δεσπότῃ,
1232 2430 1462 2508 [24611
1484 2440 1576 2490 καὶ
1597 2439 1672 2501 ὡς
1691 2442 1829 2510 μετὰ
1847 2461 1926 2495 τε·

347 2510 546 2581 λευτὴν
563 2514 606 2545 ²¹
626 2517 979 2605 ἀνασχισθεὶς
1006 2521 1102 2594 τὴν
1125 2525 1346 2596 καρδίαν
1364 2528 1564 2599 εὑρέθη
1585 2529 1722 2600 ἔχων
1747 2551 1926 2605 τετρι-

348 2603 626 2674 χωμένην·
659 2601 726 2676 ἦν
766 2607 822 2660 δὲ
842 2610 887 2640 ’³
916 2611 1072 2678 γένος
1092 2615 1382 2681 Μολοττὸς,
1410 2619 1582 2690 ὄνομα
1613 2601 1920 2693 Βριάρεως.

350 2697 487 2765 Περὶ
520 2697 966 2769 Πουλυδάμαντος
996 2705 1060 2759 ³⁵.
1094 2707 1290 2763 Τίὲστι
1323 2710 1384 2764 τὸ
1411 2713 1563 2784 παρὰ
1588 2713 1664 2785 τῷ
1698 2721 1919 2789 ποιητῇ’

411 2808 507 2876 Ὦς
531 2810 586 2864 δ’
621 2812 719 2866 ὅτε
746 2817 1089 2886 Πανδαρέου
1105 2822 1150 2854 ’⁸
1183 2823 1369 2892 κούρη
1393 2827 1656 2895 χλωρηῒς
1681 2829 1922 2898 ἀηδώνῖ

346 2924 443 2976 καὶ
486 2925 636 2994 ἑξῆς.
679 2927 814 2998 Περὶ
868 2929 962 2984 τοῦ
1023 2932 1354 2997 Παλλαδίου.
1404 2939 1486 2992 ὅτι
1537 2939 1630 2994 δύο
1665 2941 1922 3013 κλέψειαν

347 3015 624 3086 Διομήδης
667 3020 761 3072 καὶ
817 3021 1127 3088 Ὀδυσσεύς.
1181 3029 1315 3098 Περὶ
1373 3029 1468 3082 τοῦ
1517 3032 1765 3102 καλάμου
1818 3033 1916 3088 τοῦ

347 3108 596 3173 εἰπόντος
647 3111 728 3165 ὄτι
789 3113 980 3182 Μίδας
1029 3116 1172 3172 ὄνου
1218 3119 1344 3188 ἔχει
1391 3115 1532 3177 ὦτα.
1597 3125 1736 3195 Περὶ
1809 3126 1918 3180 τῶν

349 3201 501 3290 παρὰ
536 3200 582 3232 ³⁸
632 3202 950 3276 Στησιχόρῳ
990 3207 1337 3280 ζητουμένων
1376 3213 1742 3271 Ἀκεσταλίων
1773 3219 1920 3290 ὀρνί-

348 3288 480 3344 θων.
523 3292 660 3365 Περὶ
707 3296 804 3365 τῆς
862 3299 1013 3370 παρὰ
1064 3303 1156 3354 τὸν
1211 3304 1451 3360 ὠκεανὸν
1501 3309 1766 3377 Γιγωνίας
1805 3288 1922 3365 -πέ-

347 3399 503 3451 τρας,
549 3386 645 3439 καὶ
687 3387 769 3440 ὅτι
827 3390 974 3461 μόνῳ
1003 3393 1279 3466 ἀσφοδελῷ
1335 3403 1589 3465 κινεῖται,
1639 3403 1777 3472 πρὸς
1810 3406 1918 3459 πᾶ·

349 3490 449 3527 σαν
473 3475 592 3547 βίαν
616 3479 1010 3550 ἀμετακίνητος
1033 3482 1187 3540 οὖσα.
1217 3486 1346 3559 [477
1376 3491 1470 3564 R.]
1503 3493 1626 3548 Ὅτι
1664 3497 1920 3562 Ῥόπαλος

349 3569 463 3632 υίὸς
505 3569 836 3640 Ἡρακλέους
877 3569 966 3646 ἦν,
1020 3576 1079 3640 ὃς
1121 3579 1165 3610 ’⁷
1220 3581 1278 3634 ὲν
1335 3584 1520 3654 ήμέρᾳ
1565 3588 1663 3658 μιᾷ
1702 3589 1798 3641 καὶ
1843 3589 1920 3653 ὡς

345 3657 490 3729 ἥρωϊ
525 3662 600 3733 τῷ
648 3666 818 3737 πατρὶ
871 3667 1089 3740 ἐνήγισε
1126 3672 1220 3724 καὶ
1271 3673 1347 3738 ὡς
1380 3674 1487 3747 θεῷ
1523 3677 1756 3736 θύσειεν.
1797 3682 1918 3736 Ὅτι

360 3753 701 3824 Ἀμφιάραος
731 3757 958 3829 ἐκλήθη,
1015 3763 1136 3816 ἐπεὶ
1173 3765 1340 3835 ἄμφω
1370 3770 1418 3821 οί
1445 3769 1548 3838 τῆς
1581 3773 1787 3844 μητρὸς
1822 3792 1912 3843 γο-

345 3845 456 3904 νεῖς
478 3845 754 3914 ἡράσαντο
789 3850 958 3922 αὐτὴν
991 3854 1122 3908 ἄνευ
1155 3860 1334 3910 τεκεῖν
1363 3859 1552 3928 μόγου.
1588 3863 1744 3926 Τίνος
1771 3866 1918 3920 ἐστὶν

345 3934 380 4023 6
407 3931 574 4001 ὕμνος
598 3937 626 3987 6
663 3937 920 4008 ᾁδόμενος
951 3943 1009 3996 ὲν
1040 3945 1298 4015 Θηϐαίοις
1329 3949 1374 3981 ’⁸
1405 3952 1487 4014 είς
1530 3943 1829 4023 Ἡρακλέα,
1858 3959 1918 4011 ἐν

344 4017 388 4090 ᾧ
422 4025 572 4117 λέγει
616 4031 750 4096 Διὸς
771 4034 867 4086 καί
891 4034 1068 4104 ’Ἡρας
1095 4041 1244 4105 υιός.
1282 4042 1451 4096 Ἔνθα
1482 4017 1617 4117 περί
1642 4047 1752 4100 τῶν
1776 4017 1918 4104 κατὰ

347 4116 529 4180 πόλεις
553 4121 678 4183 τοὺς
708 4122 910 4192 ὕμνους
943 4131 1307 4197 ποιησάντων,
1344 4137 1437 4188 καὶ
1474 4136 1550 4201 ὡς
1588 4139 1918 4212 Φιλοστέφα-

347 4223 436 4271 νος
480 4211 509 4261 6
538 4211 844 4277 Μαντινεὺς
879 4219 908 4270 6
963 4220 1194 4290 ποιητὴς
1221 4223 1286 4274 ὲκ
1330 4225 1557 4294 γενετῆς
1592 4229 1789 4298 ίματίῳ
1817 4211 1918 4286 οὐκ

347 4299 641 4370 ἐχρήσατο,
680 4307 775 4357 καὶ
811 4305 886 4371 ὡς
922 4310 1138 4380 Μᾶτρις
1191 4313 1220 4365 6
1275 4314 1510 4385 Θηϐαῖος
1563 4319 1917 4392 ὕμνογράφος

2041 1806 2150 1857 pra:
2191 1793 2561 1863 indignatione
2618 1798 3045 1854 transformavit.
3099 1801 3281 1856 Delata
3317 1805 3497 1874 itaque
3536 1807 3602 1860 ad

2031 1884 2258 1952 fontem,
2295 1889 2381 1941 ubi
2418 1887 2647 1943 formam
2688 1892 2829 1946 hanc
2877 1909 3029 1948 suam
3066 1898 3373 1964 conspexit,
3408 1899 3608 1952 exhor-

2032 1976 2161 2042 ruit,
2190 1977 2471 2047 ipsamque
2518 1996 2713 2050 aquam
2744 1985 2954 2054 nigrant
2985 1987 3240 2042 reddidit.
3272 1988 3346 2045 De
3403 1991 3604 2047 Hecale

2035 2067 2171 2137 (62),
2205 2078 2260 2123 et
2287 2084 2448 2138 quam
2493 2073 2680 2127 multis
2712 2075 2843 2128 illud
2876 2091 3068 2130 nomen
3094 2092 3384 2134 commune
3413 2080 3604 2136 fuerit.

2028 2161 2323 2217 Alexandri
2361 2177 2568 2232 patrem
2597 2182 2700 2220 non
2730 2165 3040 2237 Philippum
3075 2169 3262 2236 fuisse,
3297 2175 3393 2227 sed
3435 2175 3606 2227 Arca-

2029 2254 2148 2307 dem
2180 2257 2470 2321 quemdam
2500 2272 2720 2326 genere,
2751 2261 2836 2314 cui
2894 2261 3128 2316 Draconi
3166 2279 3387 2320 nomen.
3429 2267 3606 2335 Atque

2029 2343 2156 2398 hinc
2208 2343 2354 2397 illam
2402 2346 2466 2399 de
2495 2345 2732 2400 dracone
2765 2346 3001 2402 fabulam
3051 2365 3325 2404 manasse.
3370 2350 3446 2405 De
3477 2351 3605 2404 Pto-

2029 2433 2200 2488 lemaei
2269 2450 2421 2499 cane,
2479 2438 2566 2506 qui
2625 2454 2722 2506 pro
2785 2441 2918 2493 hero
2965 2440 3312 2509 depugnarit,
3357 2451 3522 2511 utque
3569 2460 3600 2496 ει

2032 2535 2207 2579 morte
2246 2535 2430 2582 sectus
2463 2527 2666 2584 habere
2701 2531 2955 2586 inventus
2983 2533 3054 2586 sit
3085 2547 3180 2586 cor
3207 2533 3329 2601 pilis
3359 2533 3600 2588 obsitum

2029 2617 2166 2687 (63).
2205 2617 2334 2672 Erat
2365 2628 2546 2674 autem
2589 2635 2785 2688 genere
2811 2621 3096 2688 Molossus,
3119 2623 3326 2678 Briarei
3359 2625 3598 2680 nomine.

2026 2709 2101 2762 De
2131 2708 2542 2780 Polydamante.
2581 2711 2724 2778 Quid
2756 2713 2828 2766 sit
2866 2713 3006 2781 apud
3041 2724 3256 2782 poetam
3293 2733 3307 2770 :

2134 2819 2204 2875 Ut
2223 2838 2340 2874 cum
2370 2821 2641 2879 Pandarei
2665 2825 2865 2879 soboles
2889 2826 3127 2881 Chloreis
3149 2830 3317 2882 aedon
3348 2827 3498 2900 (64)?

2023 2944 2076 2989 et
2105 2950 2223 3005 qua:
2248 2945 2573 3006 sequuntur.
2605 2939 2680 2993 De
2707 2940 2949 2994 Palladio
2975 2939 3085 3010 (65)
3108 2957 3137 2994 a
3165 2943 3396 3008 duobus,
3419 2943 3470 2997 id
3494 2952 3597 3008 est,

1948 3066 1990 3124 ο
2025 3026 2281 3083 Diomede
2328 3038 2379 3083 et
2420 3027 2633 3102 Ulysse,
2673 3029 2817 3086 furto
2872 3031 3039 3088 fuisse
3079 3033 3372 3091 sublatum.
3409 3035 3485 3091 De
3508 3051 3600 3091 ca-

2025 3119 2166 3172 lamo
2198 3119 2308 3190 (66)
2332 3121 2412 3176 sic
2440 3134 2670 3178 sonante
2702 3139 2716 3176 :
2745 3125 3028 3178 Auriculas
3055 3126 3194 3179 asini
3217 3126 3394 3181 Midas
3417 3129 3594 3187 habet.

2023 3209 2100 3264 De
2131 3212 2324 3266 avibus
2356 3213 2641 3268 Acestaliis
2666 3217 2807 3284 apud
2840 3215 3217 3272 Stesichorum
3237 3219 3498 3287 quaesitis.
3525 3221 3598 3274 De

2024 3300 2198 3368 lapide
2228 3301 2632 3371 Gigoniojuxta
2663 3319 2950 3372 oceanum,
2975 3309 3226 3376 quodque
3260 3310 3377 3363 solo
3399 3311 3596 3379 aspho-

2022 3392 2142 3447 delo
2174 3406 2471 3459 moveatur,
2511 3413 2632 3450 cum
2671 3399 2720 3450 vi
2770 3400 2916 3452 nulla
2947 3399 3050 3452 alia
3087 3401 3217 3455 cieri
3263 3411 3357 3455 aut
3389 3403 3595 3457 moveri

2021 3498 2207 3558 queat.
2241 3491 2502 3558 Ropalum
2540 3491 2784 3547 Herculis
2809 3494 2974 3548 lilium
3004 3495 3192 3556 fuisse,
3221 3507 3272 3551 et
3301 3497 3444 3551 hunc
3485 3512 3596 3552 una

2021 3581 2322 3650 eademque
2361 3582 2447 3635 die
2485 3583 2628 3651 patri
2665 3579 2721 3636 ut
2755 3584 2903 3638 heroi
2943 3596 3283 3654 parentasse,
3315 3595 3370 3642 et
3397 3598 3458 3642 ut
3490 3589 3595 3642 deo

2021 3673 2380 3728 sacriﬁcasse.
2443 3675 2832 3742 Amphiaraum
2897 3677 2977 3731 sic
3024 3679 3384 3746 appellatum.
3449 3679 3592 3750 quod

2021 3775 2249 3834 uterque
2299 3765 2490 3820 matris
2527 3781 2725 3835 parens
2768 3779 3016 3834 precatus
3055 3771 3156 3834 sit,
3204 3778 3262 3823 ut
3313 3771 3434 3824 lilia;
3479 3771 3596 3826 sine

2025 3855 2210 3910 labore
2245 3872 2434 3923 parere
2459 3861 2876 3916 concederetur.
2909 3862 3072 3925 Cujus
3115 3866 3190 3916 sit
3221 3863 3474 3932 hymnus,
3498 3862 3594 3933 qui

2022 3949 2162 4016 apud
2190 3945 2476 4002 Thebanos
2507 3950 2559 4003 in
2590 3949 2834 4005 Hercttlis
2860 3953 3119 4006 honorem
3149 3955 3471 4020 eanehatur,
3511 3955 3595 4009 di-

2020 4040 2287 4107 cebatque
2306 4042 2354 4092 ei
2387 4059 2401 4096 :
2435 4041 2582 4096 lovis
2617 4059 2679 4096 ac
2715 4043 2943 4097 lunonis
2967 4046 3079 4112 ﬁli;
3108 4046 3415 4115 ibidemque
3438 4048 3504 4102 de
3529 4049 3595 4103 iis

2019 4131 2109 4201 qui
2143 4132 2371 4203 hymnos
2404 4149 2499 4201 per
2530 4135 2772 4205 singulas
2808 4139 2968 4190 urbes
3003 4138 3125 4191 cani
3156 4137 3346 4194 solitus
3368 4155 3596 4209 compo-

2019 4235 2268 4279 suerunt.
2301 4223 2782 4296 Philostephannm
2825 4229 3017 4299 1480
3047 4242 3227 4284 vatem
3263 4247 3326 4284 ac
3376 4243 3594 4300 poetam

2016 4317 2125 4385 jam
2171 4318 2296 4372 inde
2341 4335 2368 4372 a
2414 4321 2577 4373 natali
2622 4322 2707 4374 die
2742 4332 2892 4375 veste
2931 4339 3204 4391 nunquam
3257 4339 3378 4378 esse
3413 4338 3591 4376 usum.

346 4393 614 4462 μυρσίνας
641 4398 769 4466 παρ’
787 4400 907 4453 ὅλον
934 4402 1024 4454 τὸν
1053 4403 1164 4473 βίον
1192 4408 1438 4462 ἐσιτεῖτο.
1462 4411 1570 4463 Καὶ
1599 4412 1674 4471 ὡς
1699 4415 1917 4485 Εὐπόμ-

2028 4410 2240 4464 Matrim
2267 4427 2480 4482 quoque
2517 4411 2832 4467 Thebanum
2866 4413 2978 4483 (67)
3008 4415 3332 4484 hymnorum
3366 4417 3596 4481 scripto-

345 4499 450 4535 που
478 4485 572 4536 τοῦ
603 4487 830 4557 Σαμίου,
863 4490 921 4554 ὃς
957 4493 1225 4564 δράκοντα
1253 4497 1441 4568 θηρίον
1488 4500 1655 4571 τέρας
1689 4502 1914 4573 ἔτρεφεν

345 4574 580 4629 ἄπιστον
609 4580 704 4630 καὶ
735 4582 910 4635 εἰπεῖν
945 4585 1038 4636 καὶ
1069 4585 1320 4648 ἀκοῦσαι.
1354 4589 1541 4643 τούτου
1573 4593 1668 4646 τοῦ
1697 4578 1916 4665 Ε’ὑπόμ-

345 4683 451 4721 που
481 4671 647 4724 παῖδα
675 4674 954 4743 Δράκοντα
976 4675 1212 4750 τοῠνομα
1237 4679 1647 4744 ὁξυωπέστατον
1673 4687 1926 4754 γενέσθαι

2027 4519 2136 4556 rem
2168 4518 2264 4571 per
2295 4520 2509 4559 onmem
2540 4505 2706 4558 vitam
2765 4506 2926 4574 myrti
2959 4505 3140 4560 baccis
3175 4507 3393 4559 assidue
3437 4505 3594 4559 victi-

2027 4603 2190 4650 tasse.
2225 4595 2565 4665 Eupompnm
2597 4595 2836 4649 Samium
2880 4598 3015 4666 (qui,
3046 4599 3186 4665 quod
3225 4599 3336 4650 visu
3381 4601 3594 4651 auditu-

2033 4703 2140 4758 que
2172 4687 2485 4742 incredibile
2517 4696 2624 4752 est,
2649 4687 2822 4742 ferum
2853 4689 3142 4742 admodum
3162 4699 3460 4744 monstrum
3493 4690 3513 4762 [
3539 4691 3590 4744 id

1647 4781 1880 4836 VARUE
1923 4781 2322 4838 LECTIONES.

415 4857 650 4945 ιτοτίνος]
681 4860 916 4945 fortasse
963 4864 1257 4945 legendum
1294 4869 1384 4945 t£._
1445 4870 1489 4904 ⁸⁸
1510 4871 1693 4945 πάλιν]
1732 4875 2021 4945 Διπολλοὶπερ
2071 4877 2114 4930 A

2151 4893 2163 4928 :
2204 4881 2262 4925 ut
2304 4887 2424 4925 cum
2469 4872 2746 4939 Stephano
2795 4873 3078 4942 legendum
3141 4874 3390 4928 videatur
3421 4875 3590 4930 πολλὰ

341 4928 492 5010 περί.
541 4999 553 5014 ’
576 4928 816 5014 "66163
847 4964 908 4973 —
933 4928 1096 5014 οβσαν
1136 4939 1331 5014 ἐπείρα
1359 4940 1403 4994 Α,
1434 4943 1646 5014 τ-αὑτῆς
1684 4928 1849 5014 οὔσης
1875 4928 2149 5014 ἐπήραίς.
2225 4944 2271 4973 ὀ
2310 4928 2762 5014 πηγὴνιιιέζειῆῂνὶ
2791 4928 2912 5012 γῆἶθ.
2990 4946 3034 4976 ²¹
3077 4943 3294 5014 πόσαις]
3332 4928 3486 5008 πόσιέ

347 4999 385 5078 i:
413 5015 463 5051 ρ.
486 4999 693 5078 ποσσις.
772 5004 822 5078 ’³.
846 5005 984 5074 μετὰ
1011 5008 1112 5078 τὴν
1142 4999 1346 5075 τελ.’ς.

342 5070 387 5099 ³⁸
415 5071 565 5139 παρὰ
592 5072 635 5122 Α
669 5091 682 5126 ;
710 5070 856 5142 περι
883 5093 936 5139 ς.
1017 5070 1147 5140 ’τ’δς
1173 5070 1310 5134 εὶιΜ-⁷
1337 5083 1402 5136 Α·

1422 5012 1468 5044 ’³
1497 5012 1552 5084 δὲ
1591 5015 1651 5065 τὸ
1679 5030 1734 5081 γ.
1770 5012 1830 5078 ς.
1874 5072 1878 5079 ,
1908 5012 2414 5084 ΤΠολυδέιμαντος
2457 5031 2518 5077 ς.

1477 5083 1523 5114 ’³
1557 5085 1736 5138 malim
1767 5085 1992 5156 Θήϐαις.

2595 5013 2639 5043 ³³
2667 5012 2953 5086 Πανδαρέη
2995 5033 3057 5079 ς.
3114 5016 3204 5068 καὶ
3259 5012 3328 5068 τὰ
3371 5017 3497 5086 ἑξῆς
3526 5035 3588 5081 ς’.

1840 5179 2072 5236 NOTAE.

414 5257 530 5325 (60)
566 5258 760 5330 Odyss.
795 5279 868 5327 ιι,
888 5281 1030 5320 vers.
1049 5269 1174 5322 547.

414 5330 664 5416 (ϐίλῼαιιο
691 5349 815 5385 vero
844 5352 968 5416 vase
984 5342 1155 5416 teucri
1171 5352 1356 5416 posset
1375 5355 1518 5416 aqua
1540 5346 1712 5416 stygia
1733 5346 1918 5400 docui-

343 5401 989 5482 musnb'ilt‘iscomparatis
1021 5401 1339 5482 ad‘Olymp.
1369 5401 1492 5475 Ηὶίι,
1524 5401 1703 5472 anili.

414 5468 526 5538 (6‘).)
557 5468 801 5537 Ovidius,
855 5476 945 5528 ιιι).
978 5493 1038 5538 tt,
1071 5478 1141 5531 De
1173 5468 1366 5535 ἔρηιὲιί.
1403 5468 1633 5538 Hecalen
1659 5468 1912 5540 (diutinam

344 5554 636 5605 pauperem
699 5545 937 5599 adducit.
969 5548 1150 5602 Suidre
1206 5552 1238 5618 ή
1272 5554 1443 5622 ήρωὶς
1474 5556 1688 5654 irrupit
1718 5557 1916 5610 Καλλι-

346 5609 526 5654 udum-
560 5612 591 5654 ἦ
627 5612 762 5654 πηὸς·
791 5615 987 5654 ἑηιιφὶιιυ
1033 5619 1268 5654 animi”...
1328 5633 1412 5654 nln
1482 5624 1499 5654 ι
1526 5627 1730 5654 ..ιςιιηηι
1792 5629 1886 5654 ιιι-

345 5609 526 5686 μᾲχῳ,
560 5612 591 5680 ἡ
627 5612 769 5686 1:965
791 5615 987 5686 ἑαυτὴν
1033 5609 1438 5686 καλοῦσα,”θιρξ
1482 5609 1733 5681 Pulitiani
1785 5609 1916 5683 Mis-

339 5678 534 5732 celluu.
553 5678 679 5749 cap.
707 5682 777 5736 24
801 5723 815 5748 ,
851 5678 986 5756 lege.

2097 5273 2207 5346 (65)
2234 5273 2376 5346 Yide
2419 5273 2513 5346 inf.
2558 5274 2610 5328 in
2647 5275 3015 5346 gcerptisiex
3053 5274 3148 5329 lib.
3181 5288 3255 5327 vlt
3306 5273 3581 5342 Heplnest.

2095 5343 2208 5416 (et)
2232 5345 2387 5400 Horn.
2428 5344 2625 5416 Odyss.
2655 5343 2719 5406 Τ,
2758 5360 2806 5397 ν.
2838 5345 2962 5399 518.

2095 5413 2207 5488 (65)
2243 5416 2377 5488 yide
2403 5413 2551 5488 snpr.
2582 5415 2787 5488 conon.
2823 5424 3031 5488 narrat.
3071 5413 3158 5488 34:

2094 5481 2206 5556 (66)
2243 5485 2373 5539 Vide
2417 5481 2573 5539 om.
2619 5483 2963 5556 Metamqrph.
3010 5499 3102 5549 xt;
3148 5481 3319 5538 Persii
3367 5483 3484 5539 Sat.
3527 5501 3580 5553 t;

2027 5567 2081 5610 et
2103 5553 2401 5609 Scholiast.
2426 5556 2706 5623 Aristoph.
2736 5558 2788 5607 in
2820 5553 3052 5607 Plutum.

2092 5627 2202 5696 (67)
2233 5625 2861 5702 Atlt_eu._Dipnosophist.
2893 5640 2955 5690 ιι,
2987 5625 3374 5682 Atheniensem
3408 5623 3535 5681 facit
3562 5643 3578 5682 :

2022 5696 2070 5752 is
2091 5713 2220 5768 ergo
2259 5697 2540 5753 videndus.
