4030 6248
441 259 552 326 615

1591 257 2396 325 PIIOTII'PATRIARCHIE
2442 267 2552 328 CP.

3574 271 3677 334 616

440 371 556 444 est]
613 371 906 428 draconem
960 367 1160 440 alebat)
1179 368 1359 423 'ﬁlium
1410 366 1665 425 habuisse
1707 371 2006 425 Draconem

2109 376 2297 442 φασὶν,
2345 375 2419 439 ὡς
2449 375 2538 428 διὰ
2577 375 2806 430 σταδίων
2851 382 2900 429 κ’
2952 375 3178 448 θεωρεῖν
3214 376 3445 447 ῥᾳδίως·
3484 377 3544 432 ὃν
3585 384 3677 435 καὶ

442 466 685 530 nomine,
725 463 1026 519 acutissimi
1069 463 1239 528 visus,
1273 460 1438 529 plane
1464 469 1525 515 ut
1550 475 1648 529 per
1676 461 1867 531 viginti
1894 461 2006 531 (68)

442 557 615 612 stadia
638 555 921 611 commode
951 561 1218 608 cerneret.
1247 551 1402 607 Hunc
1432 553 1595 622 igitur
1625 552 1768 608 mille
1799 553 2010 608 talentis

440 648 792 710 conductum,
825 654 878 700 et
903 643 1072 697 Xerxi
1099 645 1198 697 sub
1229 658 1389 697 aurea
1415 644 1628 713 platano
1657 645 2006 712 assidentem,

441 757 694 797 narrasse
743 757 902 810 quam
940 742 1146 795 videret
1194 739 1504 794 Graecorum
1545 756 1610 795 ac
1649 739 2007 796 Barbarorum

437 836 688 888 navalem
728 848 983 902 pugnam,
1014 841 1068 886 et
1107 833 1413 886 Artemisia:
1455 831 1568 900 (69)
1614 831 2006 887 fortitudinem.

440 923 811 980 Plesirrhoum
865 922 1185 977 Thessalum
1224 924 1545 994 hymnorum
1590 925 1906 994 scriptorem
1943 924 2008 978 ab

439 1012 716 1069 Herodoto
761 1014 1097 1078 adamatum,
1145 1013 1519 1082 bonorumque
1551 1013 1816 1068 haeredem
1851 1014 2010 1068 insti-

439 1113 610 1158 tutum
641 1104 810 1157 fuisse
846 1121 861 1158 :
892 1106 1140 1157 eumdem
1173 1106 1336 1157 ctiam
1370 1103 1652 1157 exordium
1683 1103 1808 1157 libri
1848 1103 2008 1172 primi

439 1194 802 1248 Historiarum
831 1192 1090 1248 Herodoti
1114 1193 1514 1249 Halicarnassei
1543 1194 1773 1249 fecisse:
1807 1193 2011 1264 princi-

439 1290 588 1356 pium
660 1287 802 1341 enim
865 1287 1230 1340 Historiarum
1285 1286 1541 1341 Herodoti
1590 1289 1866 1357 proprium
1907 1287 2010 1342 hoc

439 1381 611 1435 fuisse
641 1397 656 1433 :
683 1398 701 1430 ι
731 1379 1020 1434 Persarum
1061 1381 1333 1434 doctiores
1373 1391 1698 1442 memorant,
1719 1379 2010 1433 dissensio-

439 1488 570 1526 num
614 1482 864 1526 auctores
899 1474 1174 1528 exstitisse
1223 1472 1532 1527 thnicas.
1567 1471 1872 1543 Polyzelum
1907 1469 2010 1540 Cy-

439 1579 675 1618 renazum
721 1565 908 1617 risisse
959 1564 1070 1633 (70)
1119 1578 1392 1632 nunquam
1439 1579 1455 1616 :
1493 1563 1720 1630 indeque
1769 1559 2008 1626 Agelasti

436 1666 859 1725 cognomentum
910 1655 986 1708 illi
1040 1657 1244 1709 datum.
1295 1653 1526 1708 Deorum
1584 1653 1730 1707 cultu
1782 1661 2007 1705 caeteros

2108 465 2281 536 Ξέρξῃ
2304 466 2396 519 ἐπὶ
2409 466 2601 536 χιλίοις
2623 467 3014 536 συγγενόμενον
3024 467 3305 531 ταλάντοις
3333 468 3426 520 καὶ
3446 472 3678 536 συγκαθ-

2108 555 2366 627 εζόμενον
2404 558 2507 610 ὑπὸ
2549 561 2614 630 τῇ
2663 561 2837 630 χρυσῇ
2880 559 3137 628 πλατάνῳ
3195 558 3500 629 διηγεῖσθαι
3559 562 3676 632 βλέ-

2115 665 2288 701 ποντα
2332 648 2430 718 τὴν
2481 651 2527 681 ¹⁹
2579 647 2846 719 Ἑλλήνων
2891 649 2986 701 καὶ
3040 647 3331 719 βαρϐάρων
3369 653 3677 722 ναυμαχίαν

2107 740 2202 794 καὶ
2226 741 2323 808 τὴν
2356 741 2704 812 Ἀρτεμισίας
2747 741 2989 812 ἀνδρίαν.
3028 739 3138 792 Kal
3184 742 3259 804 ὡς
3288 742 3621 814 Πλησίρροος
3651 749 3680 800 6

2105 830 2376 896 Θεσσαλὸς
2430 833 2458 884 6
2507 834 2873 903 ὑμνογράφος,
2927 831 3203 902 ἐρώμενος
3237 834 3476 902 γεγονὼς
3516 835 3679 907 Ἡρο-

2105 921 2258 974 δότου
2285 923 2379 974 καὶ
2420 922 2752 992 κληρονόμος
2780 923 2889 974 τῶν
2941 922 3128 983 αὐτοῦ,
3166 918 3318 985 οὗτος
3351 927 3593 994 ποιήσειε
3616 926 3678 980 τὸ

2107 1013 2396 1084 προοίμιον
2425 1018 2524 1084 τῆς
2556 1014 2779 1084 πρώτης
2817 1013 3057 1084 ἱστορίας
3101 1013 3386 1086 Ἡροδότου
3432 1015 3679 1089 Ἀλικαρ-

2105 1107 2349 1168 νασσέως
2375 1106 2440 1137 ⁸⁸·
2466 1106 2564 1176 τὴν
2590 1107 2698 1176 γὰρ
2727 1105 2867 1158 κατά
2893 1105 3056 1176 φύσιν
3085 1100 3223 1158 εἶναι
3248 1107 3356 1160 τῶν
3390 1107 3678 1178 Ἡροδότου

2122 1197 2417 1264 Ἱστοριῶν
2435 1197 2610 1268 ἀρχὴν
2639 1216 2658 1248 ί
2671 1198 2924 1269 Περσέων
2950 1199 3000 1251 οἱ
3022 1199 3192 1266 λόγιοι
3206 1199 3458 1260 Φοίνικας
3470 1201 3680 1264 αἰτίους

2107 1289 2359 1358 γενέσθαι
2392 1292 2524 1358 φασὶ
2550 1290 2647 1360 τῆς
2682 1291 2969 1360 διαφορῆς.
3012 1311 3031 1343 ι
3073 1293 3180 1344 Kal
3211 1292 3286 1355 ὡς
3317 1294 3626 1364 Κυρηναῖος
3650 1297 3679 1347 6

2109 1379 2414 1451 Πολύζηλος
2436 1381 2555 1434 οὐδέ
2580 1399 2708 1434 ποτε
2743 1382 3040 1450 γελάσειεν·
3070 1383 3129 1448 ἐξ
3161 1377 3222 1436 οὗ
3257 1385 3352 1436 xal
3381 1388 3440 1436 τὸ
3471 1384 3681 1438 ἐπώνυ-

2109 1487 2210 1540 μον
2240 1470 2388 1540 αὐτῷ
2422 1473 2450 1524 6
2477 1472 2795 1539 ἀγέλαστος.
2828 1473 2938 1524 Kal
2985 1471 3061 1535 ὼς
3093 1472 3186 1525 ἐπὶ
3225 1472 3503 1544 θεοσεϐείᾳ
3549 1475 3681 1528 πάν-

2105 1575 2215 1611 των
2256 1558 2552 1624 διενεγκεῖν
2626 1562 2676 1612 οἱ
2717 1561 2816 1629 μὲν
2857 1559 3160 1628 Ἀντίγονον
3209 1560 3300 1614 τὸν
3328 1563 3592 1630 Ἐφέσιον,
3627 1565 3680 1616 οἱ

2107 1648 2164 1700 δὲ
2198 1649 2405 1703 Λυκίαν
2448 1650 2490 1682 ³¹
2531 1651 2624 1703 τὸν
2663 1652 2970 1722 Ἑρμιονέα,
2994 1647 3056 1707 οὗ
3103 1653 3199 1705 καὶ
3229 1652 3572 1724 Θεόφραστος
3619 1656 3679 1706 ἐν

437 1761 627 1802 omnes
671 1761 957 1815 superasse
1006 1747 1223 1809 ferunt,
1270 1745 1366 1798 alii
1402 1745 1618 1813 quidem
1671 1744 1999 1813 Antigonum

2109 1740 2416 1802 ἐπιστολαῖς
2444 1743 2792 1811 μνημονεύει,
2839 1744 3001 1811 φασίν
3035 1744 3101 1797 ³⁸.
3135 1744 3245 1797 Καὶ
3275 1744 3350 1808 ὡς
3393 1745 3680 1815 Ἀχιλλέως

436 1837 758 1904 Ephesium,
793 1838 883 1893 alii
919 1837 1143 1892 Lucium
1164 1835 1559 1899 Hermionium,
1587 1833 1739 1902 cujus
1760 1833 2006 1887 etTheo-

436 1929 692 1997 phrastus
723 1929 773 1982 iu
804 1929 1051 1999 epistolis
1087 1929 1350 1982 meminit.
1378 1926 1576 1981 Achilli
1607 1935 1772 1994 atque
1810 1925 2002 1978 Deidao

437 2019 592 2074 meite
630 2028 786 2074 natos
814 2020 950 2073 ﬁlios
979 2019 1137 2084 duos,
1165 2017 1578 2087 Neoptolemum
1612 2026 1666 2070 et
1688 2015 1945 2090 Oneirum
1982 2033 1996 2069 :

437 2112 788 2180 necisumque
851 2111 919 2165 ab
975 2111 1322 2179 imprudente
1389 2107 1581 2163 Oreste
1634 2106 1890 2162 Oneirum
1949 2109 2000 2161 in

2111 1831 2210 1882 καὶ
2264 1832 2557 1902 Δηϊδαμίας
2591 1833 2682 1886 δύο
2727 1836 3020 1904 ἐγενέσθην
3062 1837 3269 1903 παῖδες,
3300 1837 3678 1905 Νεοπτόλεμος

2109 1923 2204 1976 καὶ
2240 1924 2508 1990 ὐνειροςο
2546 1926 2640 1977 καὶ
2662 1927 2963 1996 ἀναιρεῖται
2990 1930 3109 1982 κατ’
3135 1931 3356 1996 ἄγνοιαν
3385 1928 3489 1982 ὑπὸ
3522 1929 3679 1996 Ὀρέ-

2111 2031 2236 2068 στου
2262 2017 2320 2069 ὲν
2365 2017 2564 2070 Φωκίδι
2605 2019 2635 2070 6
2667 2020 2935 2089 Ὄνειρος,
2967 2023 3095 2093 περὶ
3124 2022 3495 2092 σκηνοπηγίας
3529 2019 3680 2090 αὐτῷ

2111 2109 2508 2178 μαχεσάμενος.

437 2203 694 2269 Phocide,
723 2219 844 2258 cum
877 2204 964 2258 hic
989 2204 1054 2257 de
1085 2203 1309 2271 ﬁgendis
1345 2201 1589 2256 tentoriis
1624 2202 1884 2254 adversus
1918 2199 2065 2252 illum
2105 2211 2316 2254 certare
2337 2201 2610 2271 cmpisset.

503 2296 734 2349 Disserit
767 2295 962 2349 deinde
991 2304 1046 2348 et
1084 2295 1151 2348 de
1183 2293 1467 2348 historicis
1503 2293 1826 2361 quibusdam
1864 2294 2006 2345 casi-

436 2383 556 2440 bus.
590 2385 780 2455 Amyci
819 2384 1070 2454 sepulcro
1119 2382 1560 2452 rhododaphnem
1609 2381 1722 2451 (7i)
1763 2380 2006 2433 innatam

437 2477 536 2541 ait,
577 2491 738 2545 quam
780 2476 869 2544 qui
931 2484 1286 2545 gustassent,
1341 2475 1609 2544 pugilatus
1659 2475 1840 2529 studio
1889 2463 2007 2541 capi

439 2567 652 2621 solitos.
697 2565 1037 2620 Antodorum
1076 2565 1280 2634 itaque,
1309 2580 1432 2620 cum
1463 2580 1528 2620 ex
1560 2579 1623 2619 ea
1675 2564 1828 2620 lauro
1871 2565 2012 2620 edis-

437 2665 545 2722 set,
569 2655 837 2710 victorem
868 2656 1132 2711 tredecies
1154 2671 1408 2710 coronam
1440 2656 1694 2710 retulisse
1726 2654 2005 2708 :eumdem

440 2757 619 2802 tamen
648 2764 675 2801 a
713 2748 974 2802 Dioscoro
1009 2746 1234 2802 Theraeo
1273 2747 1330 2800 in
1362 2756 1557 2816 quarto
1593 2747 1802 2800 decimo
1826 2755 2008 2799 certa-

438 2841 584 2895 mine
617 2841 839 2903 victum,
869 2838 1324 2908 quemadmodum
1366 2848 1421 2892 et
1452 2838 1570 2907 ipse
1607 2840 1845 2907 Amycus
1869 2837 2008 2890 dici-

441 2938 530 2982 tur
559 2927 626 2982 ab
649 2927 820 2982 altero
854 2927 1233 2982 Dioscurorum
1257 2927 1399 2981 lucta
1428 2940 1732 2996 superatus.
1757 2923 2004 2980 Crassum

437 3035 656 3090 quoque
685 3019 825 3074 festo
861 3018 1084 3074 Veneris
1106 3019 1193 3072 die
1227 3029 1409 3072 natum
1445 3032 1588 3086 :quo
1613 3020 1742 3072 item
1767 3016 1854 3071 die
1871 3017 2003 3087 Lydi

438 3125 629 3164 omnes
664 3110 882 3163 divitias
932 3124 1140 3179 pompa:
1187 3109 1403 3163 nomine
1453 3109 1528 3162 illi
1561 3110 1672 3164 dea:
1709 3119 2005 3178 apponunt.
2035 3109 2076 3163 Β

438 3187 680 3254 Taurum
730 3197 1017 3266 aliquando
1070 3199 1404 3253 sacriﬁcanti
1467 3199 1606 3268 patri
1658 3203 2005 3265 nuntiatum,

440 3301 625 3346 natum
656 3289 754 3360 ipsi
787 3305 909 3345 esse
942 3289 1382 3353 Themistoclem,
1430 3301 1485 3344 et
1506 3305 1632 3344 vero
1669 3291 1863 3345 hausto
1895 3292 2007 3361 (7‘2)

442 3385 584 3439 idem
621 3383 836 3438 taurino
862 3386 1123 3454 sanguine
1141 3385 1300 3452 perit.
1343 3383 1538 3438 Darius
1557 3383 1836 3454 Hystaspis
1867 3383 2009 3436 ﬁlius

440 3489 470 3530 a
512 3485 684 3530 matre
722 3477 1026 3543 expositus,
1056 3489 1210 3544 equae
1241 3475 1503 3530 uberibus
1546 3475 1777 3529 Iactatus
1806 3486 1908 3538 est,
1941 3476 2008 3528 ab

441 3569 774 3638 Spargapiza
807 3583 1069 3636 equorum
1103 3577 1319 3635 pastore
1354 3584 1368 3621 :
1400 3567 1651 3636 idemque
1676 3578 1861 3634 postea
1887 3568 2009 3619 hin-

448 3663 562 3714 nitu
592 3660 716 3727 equi
739 3675 830 3712 rex
853 3669 1092 3713 creatur.
1112 3657 1252 3728 Ibyci
1279 3666 1446 3727 poeta:
1470 3658 1644 3710 melici
1668 3671 1857 3711 servus
1882 3655 2011 3711 Her-

440 3753 588 3806 cules
612 3753 722 3822 (75)
746 3752 987 3813 nomine,
1014 3751 1166 3803 vivus
1194 3759 1438 3812 exustus,
1471 3749 1753 3818 quodcum
1786 3749 2010 3802 latroni-

443 3845 547 3900 bus
581 3846 632 3898 in
669 3845 942 3898 dominum
969 3843 1360 3911 conspirasset.
1391 3840 1614 3897 Orestes
1636 3841 1848 3896 Cereris
1871 3841 2009 3894 illius

440 3937 583 3990 festo
637 3936 761 3999 die,
805 3932 1000 4006 ιωιι
1051 3948 1170 4002 quae
1225 3931 1460 4003 Erinnys
1495 3933 1660 3997 dicta,
1701 3942 1858 3987 natus
1904 3940 2006 3986 est.

438 4026 726 4096 Philippus
762 4041 895 4092 puer
927 4023 1224 4078 etiamnum
1252 4023 1374 4077 illas
1425 4023 1578 4092 quasi
1616 4021 1826 4085 stellas,
1875 4035 2010 4088 quas

439 4133 540 4171 suo
590 4119 824 4171 decursu
868 4115 1116 4170 desilireo
1145 4113 1500 4180 advertebat,
1547 4114 1754 4182 vesperi
1798 4111 2010 4181 sagittis

449 4220 633 4278 petere
672 4208 976 4262 conabatur
1011 4225 1025 4260 :
1055 4215 1111 4260 et
1146 4204 1466 4274 Diognetum
1495 4215 1670 4258 vatem
1700 4202 2011 4271 pradixisse

441 4301 645 4364 fet-iiut,
679 4299 1088 4353 dominaturum
1119 4296 1304 4352 multis
1338 4297 1758 4351 adolescentem.
1790 4293 1856 4346 Et
1881 4307 2010 4347 sane

453 4391 749 4462 AsterfM)
794 4393 869 4447 illi
901 4405 1094 4444 nomen
1126 4388 1246 4453 fuit,
1269 4388 1359 4457 qui
1400 4387 1573 4441 eidem
1602 4385 1814 4440 oculum
1847 4385 2012 4454 sagit-

2181 2288 2242 2345 Ε,
2616 2295 2628 2309 ο
3043 2311 3064 2324 ρ
3207 2292 3220 2310 ρ
3353 2312 3374 2324 Δ

2227 2311 2315 2347 ιτα
2361 2293 2719 2364 διαλαμϐάνει
2766 2293 2895 2365 περὶ
2941 2310 3371 2365 συνεμπτωσεω,
3475 2295 3680 2363 ἱστορισο

2110 2385 2232 2452 κῆς,
2267 2383 2343 2445 ὡς
2382 2382 2623 2452 Ἀμύκου
2674 2383 2751 2453 τῷ
2789 2385 2946 2452 τάφῳ
3000 2382 3293 2454 ροδοδάφνη
3330 2382 3453 2450 ἔφυ,
3483 2383 3578 2436 καὶ
3629 2384 3676 2434 οἱ

2109 2476 2376 2543 φαγόντες
2402 2476 2572 2545 αὐτῆς
2606 2475 2914 2544 ἐπεθύμουν
2936 2474 3227 2544 πυκτικὴν,
3262 2475 3357 2526 καὶ
3378 2475 3453 2536 ὡς
3495 2473 3678 2538 Ἀντόέ

2109 2565 2279 2634 δωρος
2311 2563 2502 2633 φαγὼν
2534 2564 2704 2633 αὐτῆς
2741 2564 3023 2634 δεκατρεῖς
3070 2563 3368 2631 στεφάνους
3409 2563 3678 2627 ἀνείλετο,

2112 2656 2252 2726 πλὴν
2301 2655 2407 2709 ὑπδ
2434 2656 2726 2727 Διοσκόρου
2766 2656 2859 2709 τοῦ
2905 2656 3143 2726 Θηραίου
3177 2657 3235 2708 ἐν
3271 2656 3338 2726 τῇ
3373 2670 3678 2725 τεσσαρεσ-

2110 2747 2410 2821 καιδεκάτῃ
2483 2749 2693 2819 ἀγωνίᾳ
2735 2748 2985 2818 ἡττήθη,
3041 2747 3230 2818 ὥσπερ
3285 2747 3380 2799 καὶ
3433 2746 3594 2810 αὐτὸς
3648 2747 3680 2798 6

2111 2841 2359 2908 ’Ἄμυκος
2405 2839 2623 2908 λέγεται
2654 2843 2744 2909 ὑφ’
2776 2841 2894 2903 ἑνὸς
2921 2841 3029 2893 τῶν
3059 2839 3402 2910 Διοσκούρων
3431 2855 3680 2893 καταπα-

2107 2933 2414 3004 λαισθῆναι.
2457 2935 2567 2987 Kal
2612 2933 2706 2986 τὸν
2737 2933 2969 3004 Κροῖσόν
3003 2950 3136 3003 φασι
3183 2933 3230 2973 ³⁸
3258 2931 3586 3002 γεννηθῆναι
3620 2933 3678 2982 ἐν

2108 3028 2268 3098 ἑορτῇ
2305 3029 2646 3098 Ἀφροδίτης,
2696 3029 2818 3082 καθ’
2843 3029 2911 3099 ἢν
2943 3027 3102 3081 Λυδοὶ
3128 3027 3218 3081 τὸν
3252 3027 3467 3080 ἅπαντα
3505 3025 3678 3078 πλοῦ-

2108 3136 2199 3172 τον
2249 3119 2618 3189 περιτιθέντες
2671 3120 2809 3189 αὐτῇ
2885 3118 3250 3187 πομπεύουσι.
3307 3119 3414 3170 Kal
3476 3117 3678 3182 ταῦρον

2110 3209 2288 3264 θύοντι
2314 3211 2392 3279 τῷ
2420 3215 2589 3282 πατρὶ
2615 3212 2954 3282 ἀπήγγελται
2982 3212 3240 3281 τεχθῆναι
3271 3209 3674 3279 Θεμιστοκλῆς,

2109 3305 2203 3357 καὶ
2226 3304 2426 3374 ταύρου
2457 3303 2597 3358 πιὼν
2621 3297 2759 3374 αἷμα
2783 3304 2996 3357 ἁπεϐίω
3021 3305 3146 3376 [247
3175 3303 3268 3375 H].
3309 3303 3396 3366 Ὧς
3421 3305 3450 3355 6
3484 3302 3678 3354 ’Υστά-

2111 3414 2247 3450 σπου
2275 3399 2501 3468 Δαρεῖος
2529 3397 2772 3460 ἐκτεθεὶς
2804 3397 2908 3448 ὑπὸ
2935 3398 3034 3466 τῆς
3061 3396 3265 3466 μητρὸς
3293 3396 3461 3449 ἵππου
3487 3392 3679 3463 θηλαῖς

2109 3490 2385 3559 ἀνετράφη
2452 3488 2556 3541 ὑπὸ
2606 3487 2974 3560 Σπαργαπίσῃ
3025 3487 3104 3557 τῷ
3163 3485 3526 3556 ίπποφορϐᾦ,
3584 3485 3678 3537 καὶ

2109 3579 2276 3632 ἵππου
2326 3577 2680 3648 χρεμετισμῷ
2735 3576 3030 3647 βασιλεύει.
3080 3577 3190 3628 Kal
3223 3575 3298 3638 ὡς
3343 3574 3550 3627 Ἰϐύκου
3579 3573 3676 3626 τού

2112 3668 2398 3739 μελοποιοῦ
2455 3668 2730 3738 θεράπων,
2771 3666 3006 3736 τοῦνομα
3047 3665 3340 3736 Ἡρακλῆς,
3381 3665 3488 3730 ζῶν
3515 3665 3684 3718 ἐκαύ-

2111 3761 2198 3828 θη,
2234 3760 2603 3832 συναράμενος
2648 3763 2762 3823 τοῖς
2808 3761 3031 3830 λῃσταῖς
3081 3759 3219 3813 κατὰ
3263 3755 3359 3811 τοῦ
3393 3757 3676 3811 δεσπότου.

2120 3849 2208 3912 Ὠς
2237 3851 2496 3922 Ὀρέστης
2525 3850 2665 3904 κατὰ
2697 3849 2794 3918 τὴν
2823 3849 3013 3920 ἑορτὴν
3035 3849 3253 3918 τεχθείη
3277 3851 3375 3919 τῆς
3392 3850 3680 3920 Δήμητρος

2111 3941 2210 4010 τῆς
2242 3939 2585 4010 καλουμένης
2621 3939 2910 4009 Ἐριννύος.
2952 3939 3038 4002 Ὠς
3068 3937 3332 4002 Φίλιππος
3360 3938 3440 3991 ἔτι
3471 3938 3515 3969 ³⁸
3545 3938 3679 3999 παῖς

2111 4029 2186 4082 ὢν
2221 4029 2348 4092 τοὺς
2398 4028 2804 4099 άφαλλομένους
2835 4029 2932 4098 τῆς
2964 4029 3230 4099 κινήσεως
3272 4026 3389 4099 [ὡς]
3445 4027 3680 4097 ἀστέρας

2112 4125 2371 4193 ἐπειρᾶτο
2417 4122 2542 4175 καθ’
2571 4121 2812 4192 ἑσπέραν
2838 4121 3097 4188 τοξεύειν,
3129 4121 3223 4174 καὶ
3262 4120 3550 4190 Διόγνητον
3577 4119 3679 4188 μὲν

2112 4216 2289 4267 εἰπεῖν
2322 4213 2414 4266 τὸν
2469 4212 2662 4282 μάντιν
2719 4215 2959 4284 ἐγκρατῆ
3011 4212 3222 4265 πολλῶν
3275 4211 3339 4264 τὸ
3393 4209 3680 4280 παιδάριον

2109 4303 2351 4358 ἔσεσθαι.
2362 4304 2592 4374 ιἈστὴρ
2625 4304 2669 4358 δ’
2691 4300 2758 4374 ἦν
2783 4305 2951 4372 ὄνομα
3003 4304 3097 4356 καὶ
3138 4302 3216 4372 τῷ
3255 4301 3546 4371 ἐκκόψαντι
3581 4301 3677 4353 αύ-

2162 4389 2201 4409 ο..

2109 4393 2205 4449 το’ὖ
2238 4397 2282 4427 ³⁵
2313 4395 2456 4465 βέλει
2483 4396 2574 4449 τὸν
2600 4395 2895 4465 ὀφθαλμόν.
2943 4395 3026 4458 Ὠς
3057 4395 3324 4465 Μαρσύας
3352 4395 3380 4446 6
3415 4393 3678 4463 αὑλητὴς,

443 4495 493 4539 ta
523 4487 686 4539 eruit.
727 4483 972 4553 Marsyas
998 4481 1221 4545 tibicen,
1259 4479 1350 4534 ille
1375 4478 1465 4549 qui
1499 4477 1637 4547 pelle
1669 4477 1781 4530 l75\
1812 4488 2006 4531 exutus

2111 4486 2169 4549 ὃς
2199 4486 2446 4557 ἐξεδάρη,
2485 4489 2543 4540 ἐν
2569 4487 2730 4558 ἐορτῇ
2774 4486 3108 4550 ’Λπόλλωνος
3143 4486 3360 4558 ἐτέχθη,
3391 4486 3447 4538 ἐν
3545 4485 3680 4537 πάν-

1675 4615 1912 4671 νΑῐὶΙιΕ
1953 4617 2357 4676 LECTIONES.

513 4733 554 4764 "
577 4730 940 4806 cﬁv’l'rt'baA.
967 4801 979 4806 _
1017 4731 1061 4762 '°
1095 4727 1528 4806 Ἀλικαρνασέως
1561 4745 1657 4806 ος.Δ
1696 4728 1739 4760 ³¹
1767 4727 2057 4806 ᾼύκιονμς.
2136 4731 2182 4806 ff
2208 4733 2371 4806 φασίν
2401 4749 2508 4806 om.
2537 4735 2603 4787 Α.
2638 4733 2963 4806 Δηῖδαμείας
2991 4735 3512 4806 ςτσυνεμπτὼσεως
3545 4749 3677 4804 apo-

438 4797 706 4870 ειτῳὴιίιιί
722 4801 982 4871 Stephani
1008 4820 1022 4856 :
1050 4797 1473 4862 συνεκπτὼσεως
1499 4815 1560 4862 ς.
1599 4797 1670 4852 cf.
1694 4814 1746 4868 p.
1781 4797 1881 4854 149
1903 4816 1936 4851 a
1971 4801 2056 4853 M.
2134 4801 2180 4833 “
2207 4797 2340 4871 φασί
2379 4804 2501 4858 add.
2529 4807 2594 4858 Α.
2660 4797 2711 4837 ³⁵⁷
2736 4797 2836 4876 ἔτί]
2887 4797 3101 4876 ἔται-ρος
3126 4807 3192 4860 Λ.
3211 4797 3223 4806 ’
3265 4805 3312 4838 ³⁸
3364 4797 3510 4878 αὐτῷ
3540 4797 3604 4872 ς.

1939 4913 2173 5000 NOTAE.

512 5031 626 5104 (68)
655 5032 734 5087 Ita
765 5046 829 5085 ex
851 5028 1032 5104 Strab.
1067 5029 1577 5104 quida_m'l..yncerus
1597 5028 1996 5104 perl§§millia

441 5099 697 5175 passuum
729 5101 1113 5175 perspesit,_ut
1136 5101 1464 5175 egVarrone
1497 5109 1718 5175 narrant
1742 5099 1878 5154 Plin.
1904 5100 1996 5175 lib.

441 5165 536 5237 vii,
570 5188 689 5240 cap.
721 5165 814 5235 ii;
855 5165 967 5222 Val.
1005 5170 1143 5224 Max.
1167 5169 1266 5240 lib.
1288 5185 1325 5231 ι,
1350 5182 1468 5240 cap.
1499 5167 1553 5228 8;
1591 5165 1762 5240 Splin.
1799 5183 1919 5240 cap.
1946 5170 1998 5240 ti.

441 5235 577 5296 Vide
616 5235 670 5294 et
698 5257 816 5310 quae
859 5252 1148 5310 narrantur
1186 5238 1285 5292 inf.
1318 5240 1381 5310 de
1406 5235 1666 5290 Candauli
1698 5239 1927 5306 conjuge
1948 5239 2001 5292 in

438 5307 800 5378 excerptis'ex
825 5311 919 5363 lib.
945 5324 977 5362 v
1009 5307 1425 5378 Hephaestionis.

515 5371 628 5450 (tia)
656 5380 1028 5450 Quamhabes
1062 5371 1388 5450 descriptam
1422 5372 1561 5450 apud
1601 5371 1854 5450 He_rodm_.

515 5394 628 5450 (ον)
656 5394 825 5445 unam
862 5394 1028 5433 naues
1062 5394 1388 5500 descrigtam
1422 5394 1561 5442 apuu
1601 5394 1854 5428 nerouor.

515 5451 624 5520 (70)
653 5449 796 5520 Idem
816 5449 884 5503 de
905 5451 1248 5520 Artaxagora_
1284 5443 1580 5520 lazonieuio
1605 5443 1774 5520 refert
1797 5442 2000 5520 Elian.

442 5512 540 5588 τῆς
589 5519 844 5588 Ποικίλης
872 5532 990 5582 vui,
1016 5512 1134 5584 cap.
1185 5515 1276 5580 13,
1310 5515 1462 5588 etde
1495 5512 1563 5564 M.
1598 5512 2002 5588 grassoht‘iolin.

444 5581 560 5655 ca'p.
587 5589 638 5642 4.
666 5581 856 5641 Cicero
883 5587 1046 5640 semel
1080 5581 1341 5641 duntaxat
1357 5583 1562 5648 risisse,
1599 5581 1672 5635 De
1717 5581 1906 5650 ﬁnibus
1953 5599 2002 5638 ν.

447 5669 502 5711 et
540 5658 676 5712 Ptin.
709 5658 800 5714 lib.
842 5671 1086 5727 vu,cap.
1124 5656 1211 5710 19.

2181 5034 2593 5109 (7l)_Describ_i_t
2623 5049 2744 5109 eam
2787 5033 2926 5089 Plin.
2954 5036 3044 5091 lib.
3083 5052 3194 5101 κνι,
3247 5053 3368 5107 cap.
3401 5037 3492 5091 20.
3515 5038 3672 5109 Apul.

2109 5119 2259 5157 rosea
2299 5106 2484 5158 laurea
2529 5105 2752 5158 dicitur.

2179 5172 2465 5293 (Ἕέΐέἐιιθ
2490 5176 2636 5231 Ctes.
2682 5175 2880 5229 Persia.
2904 5191 3052 5246 supr.
3101 5178 3153 5231 in
3197 5177 3446 5246 Excerpt.
3479 5197 3542 5236 ex
3579 5180 3672 5233 lib.

2109 5256 2184 5295 XII
2219 5256 2420 5298 reme.

2189 5312 2302 5380 (75)
2334 5313 2606 5369 Heracles.

2181 5382 2292 5450 (74)
2343 5380 2673 5454 LegeStiid.
2711 5387 2762 5439 in
2799 5388 3055 5454 Κάρανος
3090 5406 3104 5442 :
3158 5395 3213 5442 et
3257 5387 3403 5444 Vitas
3443 5406 3472 5444 a
3521 5388 3678 5445 nobis

2113 5461 2458 5518 comparatas
2491 5453 2658 5507 Arist.
2700 5463 2754 5508 et
2787 5453 3060 5510 Demosth.

2186 5519 2297 5589 (75)
2343 5520 2426 5602 Ab
2456 5522 2572 5602 ipso
2596 5524 2868 5602 .Apolline,
2906 5535 2961 5580 ut
3003 5525 3166 5582 refert
3209 5527 3451 5599 XenOpIi.
3504 5530 3595 5583 lib.
3635 5547 3674 5590 ι,

2121 5585 2201 5646 De
2236 5585 2486 5661 expedit.
2508 5585 2657 5662 (ἐδτι.
