4030 6248
290 311 390 373 617

1437 299 1958 365 BIBLIOTHECA.
1989 324 2056 335 —
2073 299 2235 362 COD.
2267 299 2424 361 CXC.

3433 294 3536 359 618

297 443 411 480 των
435 424 545 478 τῶν
586 424 867 496 θυομένων
897 422 1052 487 ζώων
1078 420 1149 476 τὰ
1176 421 1424 492 δέρματα
1462 409 1612 491 αὐτῷ
1657 418 1873 489 ἐκδερό-

1983 427 2083 483 est,
2116 433 2304 472 auram
2340 414 2559 470 vitalem
2593 413 2810 468 haurire
2830 413 2995 483 coepit
3020 411 3533 483 eofestoApollinis,

290 533 433 586 μενα
464 516 800 573 ἀνατίθεται.
852 515 988 586 Περὶ
1034 513 1230 568 Τιτυοῦ
1262 513 1304 544 ³⁷
1330 512 1424 565 τοῦ
1452 509 1871 565 ἐπιϐουλεύσαν-

288 622 382 684 τος
417 605 768 677 Ἀλέξανδρον
783 607 827 639 ³⁸
862 606 992 680 [480
1025 603 1141 677 Β.].
1180 605 1270 668 Ὠς
1317 602 1580 657 Κλαύδιον
1608 602 1810 654 κύουσα
1837 601 1873 671 ἡ

298 704 484 775 μήτηρ
521 702 780 774 βωλητῶν
800 703 928 766 τοὺς
950 701 1199 774 μύκητας
1219 700 1609 771 ὲπιθυμήσασα
1625 699 1671 731 ³³
1686 699 1869 767 φάγοι,

291 793 387 847 καὶ
444 794 716 859 Κλαύδιος
771 795 1026 866 μύκητας
1059 793 1632 864 πεφαρμακευμένους
1682 787 1874 859 φαγὼν

291 885 564 956 ἀποϐιῴη.
603 886 741 958 Περὶ
772 887 1088 954 Κενταύρου
1111 885 1205 938 τοῦ
1238 883 1472 952 Λαμίου,
1499 882 1574 946 ὡς
1607 879 1874 952 μοιχεύων

185 1009 188 1012 .
293 973 542 1041 ληφθεὶς,
582 976 635 1028 οἱ
689 975 789 1046 μὲν
825 975 932 1028 ὑπὸ
971 974 1230 1045 Πειρίθου
1283 971 1378 1025 τοῦ
1425 970 1681 1041 εὐνούχου
1728 969 1796 1032 ⁸ο,
1825 969 1874 1022 οι

294 1065 342 1114 δ’
381 1066 484 1118 ὑπὸ
522 1066 746 1136 Θησέως
785 1065 1166 1136 ἀναιρεθῆναι.
1198 1063 1353 1116 Οὕτω
1385 1062 1554 1116 πολλὰ
1581 1063 1699 1122 ταῖς
1730 1061 1875 1112 ἱστο-

295 1158 444 1226 ρίαις
469 1159 579 1212 τῶν
611 1158 1056 1230 συνεμπτώσεων
1086 1157 1300 1210 ἕπεται.
1346 1154 1508 1209 Ἀλλὰ
1531 1155 1624 1209 καὶ
1651 1153 1714 1208 τὸ
1742 1159 1790 1222 γ’
1816 1153 1876 1208 ὲν

292 1248 510 1313 τούτοις
551 1248 780 1320 βιϐλίον.

363 1425 440 1478 Τὸ
474 1424 532 1476 δὲ
557 1423 600 1475 δ’
651 1421 986 1492 διεξέρχεται
1033 1421 1110 1485 ὡς
1160 1420 1348 1492 Ἑλένη
1374 1419 1563 1492 πρώτη
1612 1419 1875 1492 ἐπενόησε

292 1515 389 1568 τὸν
437 1515 526 1566 διὰ
553 1513 834 1568 δακτύλων
865 1512 1088 1584 κλῆρον,
1122 1515 1217 1567 καὶ
1259 1512 1592 1583 Ἀλεξάνδρῳ
1635 1511 1875 1580 λαχοῦσα

291 1607 552 1676 ἐνίκησεο
599 1606 693 1658 καὶ
739 1606 813 1668 ὡς
861 1605 1182 1675 Ἀφροδίτης
1222 1605 1308 1675 εῐη
1349 1605 1613 1674 θυγάτηρ.
1654 1603 1764 1657 Καὶ
1800 1603 1876 1668 ὡς

305 1702 538 1769 Ἑλένης
595 1701 690 1754 καὶ
731 1700 1023 1770 Ἀχιλλέως
1085 1700 1143 1752 ὲν
1203 1699 1467 1771 μακάρων
1516 1700 1698 1769 νήσοις
1747 1699 1875 1761 παῖς

1977 526 2084 580 quo
2122 511 2210 564 die
2251 508 2494 563 omnium
2529 522 2650 577 qute
2689 506 3136 561 sacriﬁcarentur
3180 505 3537 559 animantium

1977 602 2144 674 pelles
2209 601 2444 670 dereptae
2493 599 2570 652 illi
2623 599 3036 654 dedicabantur.
3094 598 3170 652 De
3208 596 3397 666 Tityo,
3447 595 3537 664 qui

1974 695 2285 748 Alexandro
2315 691 2516 746 struxit
2555 691 2800 746 insidias.
2833 688 3113 744 Claudium
3157 689 3540 758 imperatorem

1974 783 2194 852 gravida
2225 791 2442 852 gestans
2470 791 2661 844 mater,
2691 781 2928 834 boletum
2960 777 3245 848 fungorum
3269 775 3538 830 desiderio

1975 883 2132 941 capta
2160 873 2398 928 comedit
2443 871 2579 941 (76),
2609 883 2664 925 et
2703 869 2963 924 Claudius
2990 868 3181 937 fungos
3213 882 3420 922 veneno
3454 867 3540 920 in-

1974 963 2148 1018 fectos
2183 965 2448 1017 devorans
2483 961 2662 1030 periit.
2695 960 2768 1014 De
2796 958 3070 1014 Centauro
3105 958 3305 1012 Lamiae
3347 957 3455 1011 lilio
3483 963 3545 1010 ut.

1975 1055 2286 1108 adulterans
2335 1064 2526 1123 captus
2555 1054 2646 1118 sit,
2679 1069 2839 1122 quem
2870 1053 2959 1106 alii
2993 1069 3022 1106 a
3053 1051 3330 1108 Peirithoo
3373 1065 3544 1106 eunu-

1976 1147 2102 1212 cho,
2161 1147 2250 1200 alii
2283 1162 2312 1200 a
2359 1137 2948 1200 Theseo'interfectum
2999 1143 3174 1196 aiunt.
3214 1141 3377 1196 Tales
3406 1140 3544 1195 varii

1975 1243 2030 1294 in
2062 1241 2181 1295 istis
2219 1239 2465 1293 historiis
2491 1253 2650 1292 casus
2672 1247 2834 1306 atque
2863 1245 3053 1290 eventa
3078 1233 3546 1304 referuntur,qui-

1974 1334 2076 1389 bus
2111 1334 2277 1388 etiam
2313 1331 2454 1385 liber
2483 1329 2676 1384 tertius
2700 1329 2916 1383 tandem
2943 1328 3262 1384 absolvitur.

2045 1424 2212 1480 Libro
2258 1434 2439 1478 autem
2489 1430 2685 1491 quarto
2726 1421 2843 1476 haec
2896 1429 3188 1476 narrantur
3233 1435 3246 1470 :
3283 1417 3542 1474 Helenam

1974 1519 2208 1588 primum
2234 1516 2572 1584 excogitasse
2612 1513 2794 1585 digitis
2830 1512 3080 1566 micando
3109 1511 3541 1573 sortitionem,et

1975 1624 2099 1664 cum
2138 1608 2448 1662 Alexandro
2477 1607 2794 1661 sortientem
2823 1603 3042 1670 vicisse,
3072 1602 3348 1672 fuisseque
3370 1601 3543 1654 Vene-

1979 1701 2054 1755 ris
2080 1699 2263 1753 ﬁliam.
2296 1697 2497 1754 Helena
2529 1697 2714 1751 adhaec
2739 1703 2792 1750 et
2819 1695 3029 1750 Achille
3064 1695 3234 1748 tilium
3263 1693 3316 1746 in
3348 1691 3542 1747 Beato-

294 1792 578 1863 πτερωτὸς
629 1791 864 1859 γεγόνοι,
910 1791 970 1844 ὃν
1017 1789 1106 1844 διὰ
1153 1791 1213 1843 τὸ
1264 1789 1366 1859 τῆς
1417 1786 1600 1859 χώρας
1644 1787 1872 1858 εύφορον

1983 1806 2098 1844 rum
2127 1789 2318 1844 insulis
2354 1805 2478 1846 cum
2513 1789 2614 1843 alis
2649 1797 2856 1852 natmn,
2884 1802 3044 1855 quem
3080 1785 3150 1840 ob
3183 1784 3419 1855 regionis
3441 1783 3548 1837 fer-

295 1881 625 1952 Εὑφορίωνα
649 1881 941 1951 ὠνόμασαν
959 1899 974 1916 ο
1009 1881 1106 1934 καὶ
1134 1879 1209 1944 ὡς
1232 1882 1333 1952 ἐρᾷ
1361 1880 1553 1933 τούτου
1590 1880 1748 1942 Ζεὺς,
1781 1877 1877 1930 καὶ

292 1973 589 2042 ἀποτυχὼν
641 1975 899 2044 κεραυνοί
927 1974 987 2025 έν
1043 1973 1218 2043 Μήλῳ
1269 1974 1336 2043 τῇ
1381 1972 1529 2042 νήσῳ
1556 1969 1878 2025 καταλαϐὼν

291 2065 650 2134 διωκόμενον,
676 2065 772 2119 καὶ
801 2065 899 2127 τὰς
943 2063 1182 2134 νύμφας,
1223 2064 1305 2117 ὅτι
1334 2063 1562 2132 θάψειαν
1586 2063 1770 2125 αὐτὸν,
1800 2063 1878 2126 εἰς

294 2157 609 2227 βατράχους
651 2155 941 2226 μετέϐαλε.
987 2155 1100 2208 Καὶ
1137 2155 1213 2218 ὡς
1255 2153 1600 2224 κυνηγοῦσαν
1660 2153 1880 2223 Ἑλένην

293 2247 434 2300 ἔνιοί
470 2265 635 2317 φασιν
657 2248 717 2301 ὲν
747 2247 827 2316 τῷ
865 2246 1152 2318 Παρθενίῳ
1177 2247 1221 2277 ⁸⁸
1253 2245 1368 2316 ὄρει
1417 2245 1762 2316 ἁρπασθῆναι
1787 2245 1878 2297 ὑπ’

306 2337 691 2410 Ἀλεξάνδρου,
724 2339 816 2390 καὶ
861 2338 1231 2406 ἒκπλαγεῖσαν
1261 2337 1322 2390 τὸ
1351 2337 1547 2400 κάλλος
1580 2335 1880 2407 ἀκολουθῆ-

291 2445 390 2480 σαι
415 2428 491 2491 ὡς
519 2427 648 2500 θεῷ.
685 2429 820 2500 Περὶ
843 2429 937 2481 τοῦ
976 2424 1172 2480 κεστοῦ
1197 2427 1442 2498 ίμάντος,
1479 2429 1554 2491 ὼς
1591 2427 1744 2480 λάϐοι
1781 2426 1880 2496 μὲν

291 2521 466 2573 αὑτὸν
489 2521 639 2591 Ἥρα
659 2521 706 2551 ⁵²
736 2520 889 2592 παρὰ
916 2521 1234 2593 Ἀφροδίτης
1245 2520 1361 2590 δοίη
1383 2519 1430 2572 δ’
1455 2519 1667 2591 Ἑλένῃ,
1692 2517 1879 2589 κλέψοι

289 2608 340 2659 δ’
365 2608 582 2677 αύτδνή
623 2607 842 2679 Ἑλένης
871 2607 1178 2680 θεράπαινα
1207 2610 1604 2673 Ἀστυάνασσα,
1627 2609 1813 2677 ἀφέλοι
1835 2605 1880 2659 δ’

295 2695 470 2748 αὐτὸν
522 2696 582 2760 ἐξ
628 2695 800 2764 αὐτῆς
839 2696 1000 2750 πάλιν
1049 2699 1358 2768 ’Δφροδίτη.
1391 2697 1456 2750 Τί
1502 2699 1618 2754 ἐστι
1660 2696 1722 2749 τὸ
1751 2694 1880 2766 παρ’

309 2788 541 2859 Ὁμήρῳ
567 2787 618 2820 ⁸³
643 2787 773 2860 περὶ
796 2787 897 2857 τῆς
913 2789 1130 2861 Ἑλένης
1161 2789 1450 2864 εἰρημένον
1469 2804 1485 2820 ⁸

376 2966 633 3020 Πάντων
671 2967 948 3037 Ἀργείων
975 2966 1188 3036 φωνὴν
1214 2963 1513 3019 laxam?“
1539 2963 1877 3032 ἀλόχοισιν.

310 3061 404 3121 Ὠς
441 3059 624 3112 Ἠλίου
649 3060 900 3130 θυγάτηρ
928 3060 1022 3112 καὶ
1065 3059 1244 3130 Λήδας
1291 3057 1500 3129 Ἑλένη,
1553 3058 1796 3110 ἐκαλεῖτο
1824 3056 1880 3109 δὲ

297 3150 528 3220 Δεοντή.
581 3151 692 3203 Καὶ
741 3151 818 3214 ὼς
851 3129 975 3203 κατ’
1028 3129 1199 3220 ὀργὴν
1258 3148 1582 3219 Ἀφροδίτης
1609 3147 1707 3219 τὴν
1740 3147 1879 3218 πρὸς
1909 3129 1950 3185 c

299 3241 583 3295 Μενέλαον
616 3243 718 3312 τήν
751 3240 1010 3312 ἁρπαγὴν
1047 3241 1298 3308 λέγουσιν
1339 3240 1558 3312 Ἑλένης
1592 3239 1878 3308 γενέσθαι,

301 3334 430 3386 ἐπεὶ
464 3334 837 3404 ὑποσχόμενος
900 3334 1192 3405 Ἀφροδίτῃ
1241 3332 1552 3403 ἑκατόμϐην
1601 3332 1742 3401 ὑπὲρ
1787 3331 1882 3384 τοῦ

300 3427 488 3496 γάμου
519 3428 622 3479 οὐκ
671 3426 942 3482 ἀπέδωκε.
981 3426 1120 3497 Περὶ
1159 3425 1261 3494 τῆς
1321 3424 1588 3478 Ἐλενείου
1629 3425 1880 3495 βοτάνης,

304 3516 340 3588 ἢ
370 3519 428 3568 ὲν
469 3517 634 3586 Ῥόδῳ
659 3517 873 3585 φύεται,
901 3517 984 3570 ὅτι
1009 3533 1070 3569 τε
1097 3516 1142 3548 ⁸⁸
1173 3515 1281 3569 ἀπὸ
1303 3515 1404 3584 τῆς
1438 3514 1658 3584 Ἑλένης
1682 3517 1886 3568 ἐπωνο-

306 3608 494 3678 μάσθη
535 3610 715 3679 (παρὰ
741 3609 849 3679 γὰρ
901 3609 1002 3680 τὴν
1051 3607 1182 3678 δρῦν
1233 3607 1390 3680 ὤφθη
1435 3609 1648 3677 φυεϊσα,
1679 3610 1770 3678 ἀφ’
1817 3603 1886 3678 ἦς

303 3702 509 3771 ἑαυτὴν
557 3699 804 3771 ἀπῆγξεν
844 3699 1054 3770 Ἑλένη)
1100 3689 1197 3753 καὶ
1238 3699 1314 3763 ὡς
1351 3700 1403 3752 οἱ
1428 3700 1691 3770 φαγόντες
1719 3701 1887 3769 αὐτῆς

304 3794 530 3855 πάντως
567 3795 644 3855 εἰς
673 3793 790 3863 ἔριν
819 3793 1193 3846 καθίστανται.
1245 3792 1331 3855 Ὠς
1360 3792 1639 3846 Μενελάου
1671 3793 1886 3864 ἠράσθη

310 3883 534 3954 Ἑλένη,
584 3883 680 3935 καὶ
705 3882 877 3946 οὕτως
899 3883 946 3914 ⁸⁸
1003 3883 1209 3953 ἔγημεν
1242 3883 1433 3953 αὐτήν.
1477 3883 1562 3945 Ὠς
1612 3884 1742 3936 ένιοι
1789 3885 1888 3950 τὴν

317 3975 544 4046 Ἑλένην
592 3977 727 4045 φασὶ
751 3975 798 4008 ⁸⁷
857 3973 1313 4046 παραγενομένην
1359 3975 1440 4038 είς
1489 3973 1740 4044 Ταύρους
1790 3975 1889 4042 τῆς

310 4065 549 4126 Σκυθίας
595 4065 692 4117 σὺν
754 4063 1021 4134 Μενελάῳ
1063 4065 1157 4117 ἐπὶ
1204 4063 1303 4134 τὴν
1361 4063 1616 4134 Ὀρέστου
1666 4063 1890 4134 ζήτησιν

310 4152 720 4221 σφαγιασθῆναι
771 4153 876 4206 ὑπὸ
938 4152 1259 4222 Ἰφιγενείας
1314 4156 1379 4225 τῇ
1465 4153 1741 4225 Ἀρτέμιδι
1795 4155 1892 4207 σὺν

309 4245 575 4314 Μενελάῳ
601 4261 616 4274 ο
653 4243 779 4316 [248
806 4243 900 4317 Η.]
935 4247 982 4298 οἱ
1009 4245 1063 4298 δέ
1097 4263 1259 4314 φασιν
1300 4245 1376 4308 ὡς
1397 4245 1550 4309 Θέτις
1581 4245 1749 4318 αὐτὴν
1796 4247 1893 4300 ἀν·

309 4337 420 4390 έλοι
443 4339 503 4389 ὲν
522 4336 600 4405 τῷ
619 4337 851 4406 ἀπόπλῳ
866 4336 972 4390 τῶν
987 4336 1275 4404 Ἑλλήνων,
1297 4338 1401 4390 ἀπε
1412 4336 1694 4390 ικασθετσα
1711 4338 1889 4410 φώκῃ.

1983 1884 2232 1936 tilitatem
2281 1879 2688 1950 Euphorionem
2761 1869 3085 1949 appellarint
3135 1876 3311 1946 :"ejus
3365 1886 3547 1930 autem

1980 1988 2165 2027 amore
2190 1982 2406 2040 captum
2440 1970 2654 2033 Jovem,
2685 1979 2740 2025 et
2765 1969 2988 2023 minime
3016 1969 3332 2038 potientem,
3365 1966 3551 2023 fulmi-

1980 2080 2049 2118 ne
2075 2065 2125 2116 in
2159 2062 2298 2116 Melo
2321 2061 2494 2116 insula
2522 2061 2864 2129 percussisse
2895 2057 3552 2131 fugitantem,nympbas-

1980 2169 2106 2227 que,
2147 2153 2290 2223 quod
2336 2167 2460 2207 eum
2495 2162 2656 2207 terra:
2703 2152 3075 2215 mandassent,
3111 2150 3163 2204 in
3208 2165 3370 2204 ranas
3399 2163 3553 2204 com-

1981 2257 2242 2302 mutasse.
2280 2245 2542 2300 Helenam
2587 2245 2849 2314 quosdam
2890 2241 3099 2298 referre
3141 2244 3218 2297 ait
3264 2253 3553 2298 venantem

1983 2337 2037 2392 in
2065 2337 2317 2409 virginali
2365 2348 2548 2392 monte
2592 2347 2801 2406 raptam
2842 2353 2870 2390 a
2901 2336 3117 2402 Paride,
3151 2344 3206 2389 et
3235 2335 3395 2402 hujus
3431 2333 3554 2404 pul-

1983 2423 2297 2484 chritudine
2338 2439 2553 2498 captam
2604 2437 2860 2499 tauquam
2909 2429 3068 2483 deum
3093 2442 3216 2482 esse
3254 2437 3497 2482 secutam
3534 2443 3550 2480 :

1983 2520 2061 2575 De
2099 2536 2237 2576 zona
2291 2520 2404 2588 (77)
2436 2534 2536 2575 acu
2565 2521 2710 2590 picta
2741 2535 2904 2590 quam
2957 2535 2988 2575 a
3021 2519 3227 2575 Venere
3275 2526 3554 2588 acceptam

1981 2612 2126 2668 Juno
2151 2615 2363 2668 dederit
2392 2613 2634 2679 Helenae,
2671 2629 2700 2667 a
2750 2627 2852 2682 qua
2883 2627 3096 2668 rursum
3128 2611 3324 2666 ancilla
3353 2611 3555 2682 Astya-

1983 2718 2141 2759 nassa
2171 2703 2316 2758 furto
2333 2705 2633 2772 sustulerit,
2659 2707 2830 2760 donec
2854 2716 2975 2758 eatn
2999 2701 3181 2756 Venus
3206 2711 3260 2756 et
3281 2702 3405 2756 huic
3431 2702 3554 2756 abs-

1984 2796 2124 2850 tulit.
2178 2795 2317 2864 Quid
2384 2797 2458 2852 sit
2522 2796 2652 2852 illud
2705 2797 2773 2850 ab
2836 2793 3068 2849 Homero
3119 2795 3185 2848 de
3228 2791 3428 2847 Helena
3476 2793 3559 2847 sic

1987 2887 2189 2942 dictum
2221 2905 2234 2940 :

2059 2979 2316 3045 Argivum
2344 2995 2534 3033 uxores
2563 2979 2778 3032 imitata
2805 2990 2881 3034 est
2901 2978 3114 3033 vocibus
3148 2993 3325 3032 omnes
3349 2975 3487 3049 (78).

1990 3067 2199 3125 Dictum
2236 3070 2379 3126 Solis
2403 3081 2458 3126 et
2497 3071 2656 3126 Ledae
2686 3074 2851 3126 titiam
2887 3072 3055 3128 fuisse
3090 3070 3374 3136 Helenam,
3401 3085 3561 3124 voca-

1986 3170 2204 3230 tamque
2244 3160 2504 3219 Leontem
2539 3183 2554 3218 :
2587 3174 2794 3233 raptam
2824 3175 3004 3218 autem
3062 3162 3232 3218 fuisse
3265 3163 3334 3217 ob
3361 3161 3558 3216 iratam

1984 3249 2229 3304 Menelao
2280 3248 2564 3315 Venerem,
2607 3251 2750 3321 quod
2805 3251 3160 3306 hecatomben
3205 3265 3304 3321 pro
3352 3251 3559 3320 nuptiis

1984 3339 2283 3409 pollicitus,
2319 3343 2430 3393 voti
2479 3355 2603 3395 reus
2637 3340 2751 3394 deae
2781 3356 2887 3394 non
2939 3341 3213 3395 solvisset.
3257 3338 3336 3394 De
3386 3338 3561 3393 Hele—

1988 3431 2112 3483 neio
2144 3429 2256 3500 (79)
2284 3430 2474 3498 herba,
2506 3445 2628 3500 quae
2665 3432 2718 3485 in
2745 3430 2938 3486 Rhodo
2971 3433 3234 3500 nascitur,
3260 3434 3326 3484 ab
3353 3430 3559 3485 Helena

1988 3535 2185 3574 nomen
2232 3521 2372 3574 hanc
2415 3523 2737 3594 sumpsisse.
2779 3521 2962 3576 Visam
3013 3523 3157 3576 enim
3199 3522 3265 3575 ad
3308 3523 3559 3576 eamdem

1988 3612 2132 3665 nasci
2161 3627 2444 3680 quercum,
2475 3627 2542 3668 ex
2572 3627 2755 3683 quase
2786 3611 2985 3668 Helena
3021 3613 3373 3684 strangularit
3395 3628 3409 3679 ;
3429 3613 3560 3680 quin

1989 3711 2045 3753 et
2072 3715 2192 3754 eam
2219 3702 2309 3769 qui
2351 3702 2564 3756 ederint
2587 3701 2652 3756 ad
2680 3703 2854 3756 rixam
2882 3704 3106 3757 omnino
3129 3701 3565 3757 concitari.Ada-

1991 3801 2194 3843 malum
2223 3791 2373 3860 prius
2401 3792 2470 3846 ab
2504 3790 2708 3846 Helena
2747 3792 3071 3859 Menelaum,
3095 3792 3176 3846 sic
3200 3795 3418 3846 tandem
3440 3807 3561 3846 eam

1990 3897 2214 3936 uxorem
2249 3883 2490 3936 duxisse.
2527 3883 2692 3937 Addit
2720 3897 2946 3936 narrare
2961 3885 3246 3952 quosdam,
3279 3884 3332 3936 in
3357 3883 3566 3937 Tauros

1991 3973 2228 4046 Scythiae
2258 3973 2558 4045 profectam
2613 3989 2736 4028 cum
2765 3974 3005 4028 Menelao
3035 3973 3292 4030 Helenam
3318 3975 3382 4028 ad
3411 3974 3563 4028 inve-

1992 4066 2298 4134 stigandutn
2341 4061 2630 4132 Orestem,
2673 4065 3007 4118 itmnolatam
3060 4066 3131 4119 ibi
3201 4065 3344 4118 hanc
3373 4063 3563 4136 1490

1994 4155 2178 4210 Diana:
2207 4170 2311 4208 una
2342 4170 2464 4210 cum
2499 4154 2742 4210 Menelao
2775 4157 2942 4211 fuisse
2965 4157 3030 4210 ab
3062 4156 3389 4226 lphigeneia.
3411 4156 3559 4212 Velle

2001 4258 2178 4300 tamen
2234 4245 2372 4301 alios
2412 4261 2442 4298 a
2485 4244 2670 4310 Theti,
2713 4249 2912 4301 marini
2952 4247 3121 4302 forma
3166 4248 3317 4301 vituli
3355 4248 3562 4312 induta,

1995 4337 2266 4391 sublatam
2299 4336 2469 4400 illam,
2503 4337 2626 4391 dum
2672 4337 2844 4393 Graeci
2881 4340 3106 4392 navibus
3142 4339 3361 4392 domum
3417 4339 3566 4392 redi-

308 4429 450 4480 Φασὶ
476 4427 522 4480 δ’
566 4425 712 4496 Ἠχὼ
745 4428 844 4497 μὲν
876 4429 976 4498 τὴν
1024 4427 1247 4494 Ἑλένην
1291 4428 1351 4478 τὸ
1383 4427 1572 4497 κύριον
1628 4427 1883 4498 κληθῆναι

1999 4438 2139 4482 rent.
2169 4428 2395 4495 Ferunt,
2446 4430 2542 4492 ait,
2602 4430 2750 4484 Echo
2795 4432 3069 4498 preprium
3106 4429 3323 4484 Helenae
3368 4445 3565 4484 nomen

313 4517 403 4570 διὰ
433 4517 495 4570 τὸ
531 4517 849 4587 φωνόμιμον
899 4518 1070 4589 αὐτὴν
1122 4518 1400 4585 γενέσθαι,
1453 4517 1670 4589 Ἑλένην
1698 4519 1756 4572 δὲ
1785 4520 1883 4572 ἀπὶ

1996 4523 2246 4586 inditum,
2277 4522 2420 4589 quod
2462 4521 2689 4576 aliorqu
2726 4521 2815 4576 illa
2866 4537 3050 4576 vocem
3097 4521 3302 4576 imitari
3350 4526 3567 4591 egregie

310 4609 409 4662 τοῦ
434 4612 492 4662 ὲν
523 4608 636 4661 ἕλει
680 4609 786 4661 ὑπὸ
827 4609 1012 4680 Λήδας
1048 4607 1332 4678 τεχθῆναι.
1364 4607 1491 4661 Ὀτι
1515 4611 1543 4661 ὁ
1565 4608 1610 4640 ⁸⁸
1634 4612 1690 4661 ἐν
1717 4612 1896 4663 Λακε-

313 4700 539 4770 δαίμονι
583 4701 748 4762 τόπος
796 4702 859 4753 τὸ
903 4699 1191 4754 Σανδάλιον
1228 4700 1338 4754 ἀπὸ
1381 4699 1477 4754 τοῦ
1515 4702 1613 4771 τῆς
1677 4701 1894 4771 Ἑλένης

1995 4622 2218 4682 posset:
2250 4609 2510 4666 Helenam
2547 4625 2676 4665 vero
2702 4611 2928 4675 dictam,
2963 4613 3108 4682 quod
3168 4625 3288 4665 eam
3334 4609 3478 4665 Leda
3507 4614 3566 4666 ὲν

1993 4704 2106 4756 ἕλει
2137 4702 2216 4774 [in
2241 4699 2456 4773 palude]
2493 4701 2744 4756 ediderit.
2767 4699 3156 4756 Lacedaemone
3182 4702 3358 4757 locum
3378 4718 3569 4773 quem-

317 4792 629 4857 σανδαλίου,
685 4793 1015 4854 ἐκπεσόντος
1073 4791 1245 4860 αὐτῆς
1287 4793 1345 4844 ὲν
1383 4791 1532 4863 αὐτῷ
1559 4793 1883 4862 διωκομένης

1993 4795 2116 4847 dam
2173 4793 2486 4847 Sandaliutn
2533 4793 2860 4862 appellatum
2919 4793 2987 4846 ab
3023 4791 3240 4848 Helena:
3285 4793 3568 4860 sandalio,

315 4883 410 4936 ὑπ’
443 4883 823 4955 Ἀλεξάνδρου,
847 4883 996 4936 ἕλκει
1021 4882 1120 4953 τήν
1145 4881 1359 4953 κλῆσιν.
1400 4883 1490 4947 Ὠς
1517 4884 1730 4952 γένοιτο
1761 4887 1891 4946 παῖς

1993 4885 2136 4954 quod
2185 4885 2296 4939 illic
2343 4885 2628 4950 exciderit,
2663 4883 2790 4938 dum
2836 4883 2984 4938 illam
3035 4884 3346 4940 Alexander
3377 4899 3566 4956 perse-

1601 5023 1837 5079 VARIA‘I
1872 5023 2278 5079 LECTIONES.

389 5143 433 5176 ³⁷
459 5144 655 5208 Τίτυος
693 5161 756 5208 ς.
831 5144 877 5176 ³³
916 5141 1254 5214 Ἀλεξάνδρῳ
1282 5161 1343 5207 ς.

1418 5145 1464 5214 ξ’
1497 5143 1906 5212 ὲπιθυμήσουσα
1945 5161 2002 5208 ς.
2083 5144 2126 5174 ‘°
2151 5141 2405 5214 εὐνούχου
2449 5142 2491 5194 Α
2524 5160 2536 5195 ε
2568 5141 2898 5214 ἧεὲιάρῤενος
2932 5157 2992 5214 ς’.-

3087 5139 3130 5172 “
3161 5139 3458 5210 παρθενίωι
3499 5139 3564 5193 Α.

320 5213 368 5287 “_
406 5215 622 5287 αύεδνή
659 5214 861 5287 Ἥρας.
913 5217 983 5287 ,⁵³
1021 5208 1265 5287 Ὀμήρου
1291 5231 1353 5277 ς.
1423 5213 1473 5245 “
1503 5208 1762 5268 ίσκουσαν
1784 5217 1851 5268 Λ.
1925 5215 1971 5246 ⁸⁵
2003 5232 2065 5267 τε
2103 5230 2210 5268 om.
2245 5208 2343 5268 ΑΓ
2389 5213 2434 5244 ⁸⁸
2460 5214 2556 5265 καὶ⁵
2591 5208 2654 5266 οὗ
2687 5208 2894 5281 ἔγημεν
2923 5208 3084 5264 αὐτὸν
3113 5226 3198 5280 pr.
3221 5208 3286 5264 Ᾱ.
3359 5211 3403 5244 ⁸⁷
3437 5211 3570 5280 φασὶ

319 5285 418 5355 τήν
450 5285 562 5340 Ἑλ.
595 5301 658 5350 ς.
735 5285 781 5317 οε
801 5287 830 5339 ο
861 5285 987 5342 add.
1020 5285 1088 5341 Α.

1859 5417 2090 5474 ΝΟΤΕ.

394 5559 508 5632 (76)
554 5558 757 5632 Narrat
803 5571 859 5615 et
909 5562 1069 5618 Dion.
1113 5563 1207 5618 lib.
1238 5577 1329 5628 ιχ,
1387 5571 1646 5626 extremo,
1687 5563 1892 5620 addens

325 5629 612 5715 prepterea
643 5629 915 5712 seueram.
939 5634 1179 5688 libellum
1209 5634 1286 5688 De
1309 5635 1467 5704 hujus
1489 5646 1660 5690 morte
1689 5637 1889 5688 ἀποκο-

324 5716 649 5755 Αοκυντωσιν
671 5718 1034 5772 ιηεοι-ιρειδεθ.

609 5795 881 5854 ΡΑτιιοι.
913 5796 1028 5856 Gn.
1078 5794 1239 5856 Clll.

2073 5562 2183 5637 (Π)
2205 5559 2485 5637 Legendus
2507 5560 2725 5637 Homer.
2754 5561 2915 5637 Iliad.
2937 5563 2999 5619 E.
3021 5574 3076 5620 et
3093 5565 3206 5634 ejus
3223 5565 3562 5637 interpretes.

2071 5633 2184 5703 (78)
2223 5633 2489 5686 Homerus
2515 5633 2706 5701 Odyss.
2740 5636 2800 5694 Δ,
2832 5650 2972 5688 vers.
3006 5633 3131 5690 279.

2075 5703 2186 5773 (79)
2213 5703 2476 5757 Describit
2511 5703 2737 5766 Plinius,
2773 5704 2866 5758 lib.
2901 5722 3012 5770 ut,
3042 5723 3163 5768 cap.
3197 5706 3261 5762 10
3287 5714 3342 5762 et
3366 5707 3456 5760 2t.

3090 5801 3159 5862 20
