4030 6248
471 349 578 412 619

1625 339 1887 400 ΡΙΙΟΤΙΙ
1925 337 2433 399 PATRIARCHZE
2459 340 2569 400 ΟΡ.

3608 346 3718 410 620

469 457 676 527 quitur.
735 452 1029 508 Sustulisse
1065 450 1431 504 Alexandrum
1475 463 1544 503 ex
1591 447 1791 502 Helena
1847 447 2023 500 ﬁliam

2141 445 2333 514 θήλεια
2360 447 2419 511 ἐξ
2474 446 2817 519 Ἀλεξάνδρου
2861 447 3071 517 Ἑλένῃ,
3128 447 3714 521 διαφιλονεικησάντων

466 556 695 614 ortaque
745 544 814 598 de
873 541 1092 597 nomine
1145 542 1536 604 contentione,
1596 541 1746 594 illum
1817 539 2034 608 quidem

463 633 853 697 Alexandram,
903 631 1044 686 hanc
1091 643 1272 686 autem
1317 631 1574 686 Helenam
1627 632 1892 685 nominari
1944 645 2035 684 vo-

461 722 650 778 luisse.
699 721 903 776 Vicisse
940 721 1156 776 tandem
1202 720 1455 775 Helenam
1495 721 1728 775 talorum
1757 719 1904 786 jactu
1939 735 2034 772 su-

462 815 752 884 periorem,
785 823 948 882 atque
984 813 1058 868 ita
1096 813 1260 867 ﬁliam
1306 812 1464 866 matri
1524 813 1905 880 cognominem
1951 810 2034 863 la-

461 916 604 958 ctam
649 947 661 958 .
693 920 855 974 quam
901 905 970 960 ab
1005 905 1243 968 Hecuba,
1288 914 1444 972 capto
1468 902 1581 972 jam
1614 902 1732 964 llio,
1775 903 2032 958 interem-

459 1007 606 1065 ptam
659 996 860 1051 ferunt.
901 995 985 1051 Ab
1033 993 1212 1051 Iliacis
1270 1010 1441 1065 usque
1481 996 1858 1065 temporibus,
1917 994 2031 1057 ait,

457 1087 674 1140 Helena:
707 1086 888 1142 multa:
919 1103 1113 1142 nomen
1147 1097 1272 1142 sunt
1318 1097 1572 1142 mutuatae
1610 1105 1625 1142 :
1659 1095 1718 1141 ut
1747 1085 1942 1154 [Egisti
1980 1095 2034 1138 et

455 1179 868 1250 Clytemnestrae
916 1181 1045 1245 ﬁlia,
1096 1181 1162 1235 ab
1199 1180 1392 1234 Oreste
1435 1180 1759 1248 interfecta;
1809 1177 2032 1232 Veneris

453 1272 583 1325 item
615 1271 668 1324 in
701 1287 998 1342 congressu
1040 1287 1162 1326 cum
1196 1270 1456 1327 Adonide
1479 1272 1751 1336 ministra,
1774 1269 2031 1340 Epidam—

452 1365 526 1418 nii
552 1365 683 1429 tilia,
709 1376 764 1419 et
803 1366 871 1419 ab
912 1364 1229 1434 Epidauniis
1257 1364 1486 1420 Veneris
1521 1368 1688 1435 ﬁgura
1737 1367 1907 1427 culta,
1950 1362 2030 1415 di-

449 1457 613 1511 vitias
642 1457 977 1512 iuhiautibus
1010 1457 1278 1527 largiens;
1325 1454 1566 1510 Faustuli
1601 1467 1859 1526 praeterea
1889 1453 2029 1507 illius

449 1545 584 1611 ﬁlia,
615 1547 708 1616 qui
739 1545 970 1602 Romam
1003 1557 1058 1600 et
1088 1547 1373 1601 Romulum
1403 1548 1745 1602 educandum
1777 1543 2024 1599 curavit:

449 1647 510 1690 ut
560 1645 616 1690 et
651 1635 742 1690 illa
793 1645 877 1694 est
905 1633 1108 1689 Helena
1138 1635 1427 1705 appellata,
1463 1649 1584 1702 qum
1611 1641 1794 1687 ternos
1835 1633 2026 1685 edebat

443 1729 690 1797 quotidie
741 1727 946 1782 bmdos.
980 1725 1276 1782 Dicmarchi
1323 1740 1540 1796 quoque
1577 1723 1809 1778 Telesini
1845 1737 2020 1782 soror.

2137 537 2194 590 δὲ
2227 537 2356 607 περὶ
2393 541 2492 607 τῆς
2545 538 2794 610 κλήσεως
2821 542 2868 603 (6
2900 540 2998 609 μὲν
3040 540 3148 610 γὰρ
3191 540 3569 613 Ἀλεξάνδραν,
3599 548 3633 616 ἡ
3665 547 3716 600 δ’

2153 627 2371 698 Ἑλένην
2400 628 2685 699 ὀνομάζειν
2707 630 2906 700 ἠξίου),
2936 632 3064 700 νικᾷ
3098 629 3308 702 Ἑλένη,
3347 632 3717 704 ἀστραγάλοις

2137 717 2378 770 λαϐοῦσα
2409 718 2471 770 τὸ
2492 717 2678 789 κῦρος,
2722 721 2817 772 καὶ
2857 722 2894 790 ἡ
2945 723 3078 784 παῖς
3099 723 3168 792 τῇ
3203 723 3372 796 μητρὶ
3422 724 3715 794 ὁμώνυμος

2136 807 2415 875 ἐγεγόνει·
2449 809 2658 879 ταύτην
2710 810 3072 880 ἀναιρεθῆναί
3121 828 3284 880 φασιν
3317 813 3420 866 ὑπὸ
3473 815 3712 888 Ἑκάϐης

2135 902 2193 952 ἐν
2225 903 2293 971 τῇ
2346 900 2503 954 Ἰλίου
2531 900 2754 955 ἁλώσει.
2788 902 2910 956 Ὀτι
2947 902 3056 956 ἀπὸ
3089 902 3198 956 τῶν
3239 903 3482 959 Ἰλιακῶν
3509 907 3711 977 ὀνομα-

2136 994 2258 1046 σταὶ
2290 994 2579 1061 γεγόνασιν
2614 995 2846 1050 Ἐλέναιο
2879 998 2912 1066 ἡ
2947 996 3208 1065 Αἰγίσθου
3240 999 3333 1052 καὶ
3355 999 3712 1070 Κλυταιμνή-

2135 1101 2305 1153 στρας
2350 1087 2621 1156 θυγάτηρ,
2657 1088 2724 1158 ἣν
2753 1088 2964 1142 ἀνεῖλεν
3007 1089 3290 1160 Ὀρέστης,
3327 1090 3422 1144 καὶ
3453 1092 3485 1161 ἠ
3525 1091 3711 1144 διακο-

2132 1177 2346 1245 νήσασα
2409 1177 2696 1248 Ἀφροδίτῃ
2737 1179 2795 1230 ἐν
2835 1181 2900 1249 τῇ
2952 1180 3089 1251 πρὸς
3155 1181 3382 1233 Ἀδωνιν
3430 1183 3638 1254 ὁμιλίᾳ,
3675 1185 3712 1254 ἡ

2148 1267 2499 1337 Ἐπιδαμνίου
2525 1270 2570 1303 ⁸⁸
2607 1271 2870 1342 θυγάτηρ,
2904 1273 2970 1342 ἢν
3036 1274 3374 1342 Ἐπιδάμνιοι
3404 1277 3461 1329 ἐν
3504 1278 3712 1346 Ἀφρο-

2132 1356 2283 1426 δίτης
2316 1360 2558 1430 σχήματι
2577 1363 2800 1431 τιμῶσι,
2829 1365 3089 1434 χρήματα
3114 1365 3474 1435 λιμώττόυσιν
3495 1367 3716 1422 ἐπιδοῦ-

2132 1466 2231 1502 σαν
2251 1451 2322 1514 ⁸ο,
2356 1454 2449 1504 καὶ
2499 1456 2533 1524 ὴ
2563 1455 2862 1508 Φαιστύλου
2903 1457 3151 1530 Θυγάτηρ
3193 1459 3286 1512 τοῦ
3319 1459 3712 1531 ἀναθρεψαμέ-

2129 1556 2222 1591 νου
2293 1539 2508 1610 Ῥῶμον
2559 1544 2652 1595 καὶ
2723 1544 3019 1613 Ῥωμύλον.
3051 1548 3162 1601 Καὶ
3211 1549 3246 1616 ή
3295 1551 3444 1620 τρεῖς
3484 1551 3710 1622 ἐρίφους

2127 1633 2381 1686 ἐσθίουσα
2411 1633 2534 1688 καθ’
2573 1635 2787 1707 ἡμέραν
2830 1637 3013 1710 Ἑλένη
3051 1639 3319 1706 ἐκαλεῖτο,
3365 1641 3458 1695 καὶ
3482 1642 3517 1712 ἠ
3543 1641 3588 1674 ⁸³
3615 1645 3707 1694 Δι-

2126 1723 2394 1794 καιάρχου
2457 1725 2554 1779 τοῦ
2605 1727 2888 1783 Τελεσίνου
2911 1731 2958 1762 "
3007 1731 3233 1801 ἀδελφὴ,
3293 1731 3546 1804 [4818]
3606 1736 3705 1786 καὶ

447 1823 675 1892 aliaeque
705 1821 1030 1885 octodecim,
1064 1821 1118 1874 in
1162 1820 1360 1890 quibus
1393 1828 1447 1873 et
1488 1833 1551 1872 ea
1611 1817 1848 1872 Homero
1877 1818 2020 1869 anti-

2125 1788 2723 1884 Ereput—éxthawsxa,
2756 1814 2832 1872 ὧν
2863 1821 3015 1893 καὶὴ
3047 1788 3161 1893 πρὸ.
3200 1788 3443 1894 ιὁμήρου
3488 1788 3702 1895 Ἑλένη,

446 1917 608 1984 quior
631 1913 834 1968 Helena
855 1921 958 1977 est,
984 1928 1103 1980 qua:
1126 1913 1325 1967 bellum
1351 1909 1648 1977 Trojanum
1675 1897 2040 1977 conscripsit,

441 2006 632 2062 Musaei
663 2005 1014 2061 Atheniensis
1039 2004 1145 2058 lilia
1177 2022 1189 2058 :
1217 2019 1247 2057 a
1279 2019 1386 2074 qua
1409 2013 1464 2057 et
1490 2001 1755 2056 Homerus
1779 2000 1891 2071 (80)
1926 2015 2022 2054 ac-

444 2099 656 2166 cepisse
687 2105 1061 2166 argumentum
1094 2096 1350 2160 creditur,
1385 2104 1442 2148 et
1492 2093 1782 2163 hilinguem
1819 2106 2016 2160 agnum

442 2187 776 2258 possedisse.
813 2181 982 2256 Tityri
1018 2186 1239 2254 insuper
1265 2184 1432 2238 Etoli
1461 2185 1590 2249 lilia,
1618 2197 1736 2252 qua:
1762 2181 2020 2249 singulari

443 2275 709 2329 Achillem
740 2276 1036 2329 certamine
1065 2289 1388 2343 provocans,
1422 2273 1559 2326 lazsit
1598 2272 1812 2340 quidem
1846 2272 2018 2334 illum,

443 2365 654 2421 inﬂicto
681 2366 894 2420 mortali
932 2381 1068 2434 pene
1101 2367 1398 2420 secundum
1440 2375 1602 2432 caput
1631 2363 1873 2427 vulnere,
1925 2362 2023 2416 sed

443 2459 558 2530 ipsa
591 2459 866 2513 occubuit.
901 2458 1102 2512 Helena
1147 2472 1364 2526 quoque
1397 2456 1450 2509 in
1490 2457 1631 2508 lnmc
1671 2441 1892 2508 censum
1936 2468 2020 2506 re-

442 2549 620 2606 fertur
648 2549 736 2604 illa
785 2550 1038 2619 pingendi
1089 2551 1288 2618 perita,
1318 2545 1564 2601 Timonis
1611 2544 1852 2615 Egyptii
1887 2545 2018 2608 ﬁlia,

442 2658 563 2712 quae
593 2642 706 2696 suis
736 2642 1068 2710 temporibus
1111 2651 1320 2710 gestum
1370 2639 1592 2693 lssicum
1633 2638 1828 2690 bellum
1873 2637 2023 2706 peni-

441 2735 567 2789 cillo
598 2733 793 2803 pinxit,
821 2742 876 2787 et
925 2732 980 2786 in
1009 2732 1163 2786 Pacis
1199 2729 1398 2794 templo
1427 2746 1455 2783 a
1488 2726 1821 2798 VeSpasiano
1857 2727 2023 2796 impe-

443 2837 627 2881 ratore
679 2825 940 2878 collocata
996 2825 1205 2894 pictura
1242 2833 1346 2877 est.
1380 2821 1677 2876 Archelaus
1725 2835 1888 2890 porro
1919 2821 2023 2890 Cy-

442 2918 633 2986 prius,
683 2914 980 2969 Stesichori
1033 2925 1202 2984 poetae
1262 2915 1490 2968 amicam
1553 2913 1710 2967 unice
1768 2912 2018 2965 dilectam

444 3006 611 3060 fuisse
640 3004 717 3057 ait
749 3003 1004 3056 Helenam
1065 3000 1395 3070 quamdam,
1426 2997 1650 3069 Micythi
1713 2996 1878 3050 ﬁliam
1915 3015 1929 3051 :
1967 3005 2022 3050 et

443 3097 762 3152 discessisse
782 3093 922 3148 hanc
957 3109 986 3147 a
1017 3093 1354 3157 Stesichoro,
1382 3101 1544 3160 atque
1578 3089 1645 3143 ad
1675 3088 1936 3159 Bupalum
1959 3103 2019 3141 se
2045 3128 2088 3185 ο

443 3189 740 3245 contulisse
769 3205 782 3240 :
819 3188 1010 3240 iratum
1038 3201 1168 3256 ergo
1200 3187 1324 3240 hinc
1347 3186 1427 3238 sui
1461 3193 1774 3252 contemptu
1804 3190 2014 3248 poetam

445 3281 728 3350 scripsisse
761 3277 1027 3351 [carmen]
1054 3296 1067 3331 :
1098 3277 1295 3331 Helena
1325 3274 1500 3329 volens
1525 3274 1780 3328 discessit.
1806 3271 2019 3326 Falsant

444 3385 622 3428 autem
671 3388 792 3426 esse
842 3371 954 3424 vult
999 3369 1359 3424 narrationem
1416 3368 1564 3420 illam
1615 3366 1682 3418 de
1709 3365 2021 3420 Stesichoro

444 3476 720 3520 excaecato
749 3463 884 3534 (81).
933 3462 1008 3517 De
1055 3461 1197 3532 moly
1234 3461 1347 3531 (82)
1401 3461 1592 3514 deinde
1666 3459 1832 3512 herba
1881 3457 2020 3525 apud

445 3558 737 3612 Homerum
765 3557 896 3626 agit,
923 3570 1084 3624 quam
1109 3569 1138 3609 e
1167 3554 1428 3622 sanguine
1455 3551 1722 3605 interfecti
1758 3549 1811 3603 in
1833 3547 2021 3603 Circes

445 3651 619 3704 insula
655 3648 890 3719 gigantis
908 3656 1123 3701 enatam
1161 3644 1362 3708 ferunt,
1392 3643 1700 3710 habercque
1729 3640 2015 3694 candidum

442 3741 630 3795 ﬂorem
653 3757 668 3806 ;
688 3740 875 3794 Circes
897 3745 1076 3792 autem
1105 3737 1157 3790 in
1182 3751 1358 3804 pugna
1382 3735 1587 3790 socium
1616 3732 1822 3797 Solem,
1849 3733 2012 3786 etiam

446 3832 638 3903 150a
696 3832 962 3900 gigantem
1033 3825 1412 3886 interemisse.
1467 3836 1629 3893 atque
1678 3824 1820 3885 inde,
1872 3823 2014 3892 quod

446 3923 623 3994 μῶλος
680 3937 909 3991 pugnam
949 3918 1237 3988 signiﬁcet,
1274 3917 1502 3970 inditum
1556 3917 1734 3970 herba:
1792 3929 2010 3969 nomen.

443 4014 629 4070 Refert
661 4027 875 4082 quoque
918 4010 1228 4080 Dionysium
1253 4008 1418 4062 fuisse
1443 4007 1697 4064 Chironis
1725 4006 2008 4068 amasium,

441 4118 496 4161 ct
534 4106 602 4159 ab
635 4113 820 4158 eodem
853 4103 1294 4166 comessationes,
1321 4100 1811 4166 bacchationesque
1832 4114 1894 4152 ac
1923 4112 2012 4152 sa-

441 4198 645 4253 criﬁcia
677 4196 949 4249 didicisse.
979 4194 1050 4248 De
1075 4193 1432 4266 lilyrtillorum
1468 4193 1584 4262 (85)
1616 4191 1785 4259 patris
1812 4207 1874 4244 ac
1914 4189 2005 4243 ﬁlii

2123 1907 2156 1975 ή
2178 1907 2270 1960 τὸν
2306 1908 2535 1962 Ἰλιακὸν
2558 1912 2990 1984 συγγραψαμένη
3017 1911 3272 1986 πόλεμον,
3304 1917 3578 1970 Μουσαίου
3605 1913 3705 1970 τοῦ

2135 1996 2418 2065 Ἀθηναίου
2463 1998 2711 2072 θυγάτηρ
2767 2003 3067 2074 γενομένη·
3101 2006 3230 2076 παρ’
3263 1999 3330 2076 ἧς
3382 2005 3474 2058 καὶ
3515 2005 3701 2074 Ὅμη-

2123 2107 2216 2159 ρον
2257 2089 2473 2159 λέγεται
2504 2091 2688 2147 λαϐεῖν
2709 2096 2804 2164 τὴν
2827 2096 2874 2127 ⁵³
2906 2097 3166 2150 ὑπόθεσιν
3187 2114 3201 2128 ·
3251 2099 3319 2168 ἣν
3359 2098 3452 2151 καὶ
3488 2099 3699 2170 κτήσα-

2124 2179 2248 2231 σθαι
2281 2181 2340 2232 τὸ
2366 2179 2663 2250 δίγλωσσον
2694 2184 2879 2253 ἀρνίον
2899 2202 2914 2215 ·
2951 2188 3100 2258 καὶὴ
3135 2188 3369 2260 Τιτύρου
3392 2185 3490 2241 τοῦ
3513 2190 3699 2242 Αίτωο

2123 2270 2215 2323 λοῦ
2241 2271 2511 2344 θυγάτηρ,
2552 2277 2673 2346 ἥτις
2711 2279 2790 2342 είς
2840 2281 3178 2350 μονομαχίαν
3218 2281 3464 2350 Ἀχιλλέα
3490 2299 3700 2352 προκα-

2122 2359 2393 2434 λεσαμένη
2413 2364 2460 2395 ⁸⁸
2510 2367 2718 2419 ἐκεῖνον
2779 2367 2879 2437 μὲν
2932 2369 3072 2422 κατά
3104 2373 3204 2440 τῆς
3259 2372 3502 2440 κεφαλῆς
3530 2374 3699 2440 ἐγγὺς

2125 2453 2355 2508 θανατου
2415 2455 2691 2527 τραύματι
2719 2459 2765 2492 ⁵⁸
2810 2457 3068 2530 ἔτρωσεν,
3111 2463 3250 2532 αὐτὴ
3301 2463 3348 2516 δ’
3389 2464 3482 2516 ὑπ’
3529 2462 3698 2516 αὐτοῦ

2121 2548 2406 2618 ἀνῄρηται.
2443 2549 2556 2602 Καὶ
2606 2553 2639 2620 ἡ
2672 2550 2960 2623 ζωγράφος
3011 2553 3201 2622 Ἑλένη
3255 2554 3349 2607 τοῦ
3391 2556 3699 2625 καταλόγου

2120 2639 2238 2692 ἐστὶ
2262 2639 2474 2704 τούτου,
2528 2640 2778 2712 Τίμωνος
2815 2643 2910 2696 τοῦ
2948 2645 3246 2710 Αἰγυπτίου
3277 2646 3545 2718 θυγάτηρ,
3575 2649 3699 2717 ἥτις

2119 2731 2218 2802 τὴν
2247 2733 2307 2786 ἐν
2329 2734 2376 2765 ⁵⁸
2445 2733 2600 2804 Ἰσσῷ
2663 2734 2864 2805 μάχην,
2913 2737 2972 2788 ἐν
3021 2737 3250 2800 ἐκείνοις
3297 2738 3621 2807 ἀκμάζουσα
3648 2737 3696 2771 ⁸⁷

2117 2826 2231 2885 τοῖς
2261 2824 2495 2894 χρόνοις,
2521 2826 2758 2898 ἔγραψεο
2800 2827 2895 2881 καὶ
2934 2830 2996 2881 ἐν
3023 2812 3101 2899 τῷ
3132 2829 3232 2898 τῆς
3263 2830 3508 2901 Εἰρήνης
3530 2833 3695 2900 τεμέ-

2119 2931 2198 2966 νει
2226 2915 2317 2966 ἐπὶ
2351 2915 2764 2970 Οὐεσπασιανοῦ
2789 2917 3037 2970 ἀνέκειτο
3083 2921 3345 2990 ήγραφή.
3387 2921 3679 2992 Ἀρχέλαος

2121 3002 2178 3056 δέ
2206 3005 2234 3057 6
2268 3005 2516 3076 Κύπριος
2545 3007 2876 3078 Στησιχόρου
2909 3009 3042 3078 φησι
3085 3010 3180 3061 τοῦ
3209 3011 3432 3079 ποιητοῦ
3473 3011 3694 3082 Ἑλένην

2137 3091 2410 3164 Ἱμεραίαν
2442 3097 2725 3168 ἐρωμένην
2760 3098 3050 3166 γενέσθαι,
3099 3101 3343 3156 Μικύθου
3380 3101 3692 3174 θυγατέρα⁶

2123 3187 2438 3239 ἀποστᾶσαν
2467 3187 2525 3239 δὲ
2563 3190 2892 3260 Στησιχόρου
2943 3191 3038 3243 κα)⁸
3091 3191 3228 3262 πρὸς
3260 3191 3536 3246 Βούπαλον
3592 3211 3690 3247 πο-

2125 3276 2406 3346 ρευθεῖσαν
2456 3279 2795 3348 ἀμυνόμενον
2845 3281 2944 3350 τῆς
3004 3283 3307 3352 ὑπεροψίας
3339 3285 3431 3336 τὸν
3463 3286 3694 3354 ποιητὴν

2119 3367 2327 3436 γράψαι
2352 3369 2427 3431 ώς
2454 3370 2500 3401 ⁵⁸
2537 3369 2752 3440 Ἑλένη
2787 3371 3016 3425 ἑκοῦσα
3046 3372 3248 3445 ἀπῆρε
3269 3387 3285 3404 ο
3317 3373 3486 3444 ψευδῆ
3513 3375 3570 3427 δέ
3603 3375 3694 3428 τὸν

2120 3459 2248 3527 περὶ
2306 3458 2403 3529 τῆς
2463 3459 2767 3530 πηρώσεως
2813 3457 2952 3516 εἶναι
3009 3463 3186 3532 λόγον.
3238 3465 3374 3534 Περὶ
3404 3465 3499 3518 τοῦ
3550 3467 3685 3536 παρ’

2128 3551 2356 3622 Ὁμήρῳ
2389 3551 2600 3621 μώλυος
2620 3553 2716 3623 τῆς
2745 3553 2996 3624 βοτάνης,
3027 3557 3096 3626 ἣν
3121 3557 3185 3608 ἐκ
3207 3557 3298 3609 τοῦ
3328 3558 3560 3627 αἵματος
3587 3557 3683 3610 τοῦ

2116 3642 2494 3712 ἀναιρεθέντος
2527 3645 2584 3697 ἐν
2617 3648 2683 3715 τῇ
2729 3646 2942 3714 Κίρκης
2978 3648 3126 3716 νήσῳ
3177 3647 3436 3715 Γίγαντος
3467 3648 3690 3716 λέγουσι

2116 3732 2301 3800 φῦναι,
2343 3733 2376 3803 ἦ
2409 3735 2503 3786 καὶ
2539 3733 2599 3786 τὸ
2623 3734 2778 3797 ἄνθος
2818 3736 2930 3804 ἔχει
2959 3735 3148 3788 λευκόν
3171 3753 3184 3766 ⁸
3214 3737 3296 3789 ὅτι
3331 3738 3360 3789 6
3383 3733 3688 3807 συμμαχῶιὶ

2112 3828 2178 3894 τῇ
2207 3826 2389 3896 Κίρκῃ
2421 3827 2516 3879 καὶ
2537 3825 2740 3879 ἀνελὼν
2769 3827 2859 3880 τὸν
2891 3828 3128 3893 Γίγαντα
3159 3830 3186 3881 ὁ
3218 3830 3408 3892 Ἥλιος
3430 3827 3497 3900 ἦν
3523 3845 3536 3858 ·
3568 3832 3686 3900 μῶ-

2112 3917 2203 3979 λος
2228 3917 2274 3970 δ’
2305 3920 2337 3989 ἡ
2371 3920 2541 3989 μάχη,
2577 3921 2636 3986 ἐξ
2663 3915 2724 3972 οὗ
2767 3923 2862 3972 καὶ
2887 3923 2918 3990 ἡ
2969 3920 3190 3991 βοτάνη.
3244 3921 3333 3985 Ὠς
3363 3924 3614 3988 Διόνυσος
3637 3925 3684 3957 ⁵³

2111 4009 2387 4080 ἐρώμενος
2414 4011 2706 4081 Χείρωνος,
2737 4011 2794 4078 ἐξ
2822 4008 2881 4066 οὗ
2906 4015 2998 4065 καὶ
3031 4013 3192 4083 μάθοι
3212 4014 3338 4074 τούς
3371 4031 3427 4067 τε
3461 4014 3680 4084 κώμους

2111 4101 2334 4162 καὶτὰς
2373 4099 2632 4170 βακχείας
2687 4103 2781 4154 καὶ
2845 4102 2944 4156 τὰς
3008 4102 3250 4164 τελετάς.
3302 4103 3434 4171 Περὶ
3476 4103 3569 4156 τοῦ
3623 4105 3683 4155 ἐν

2124 4190 2398 4260 Ὀλυμπίᾳ
2424 4191 2778 4260 Ταραξίππου
2800 4193 2894 4244 καὶ
2924 4193 2968 4224 ⁸ο
2989 4193 3096 4245 τῶν
3126 4194 3445 4265 Μυρτίλλων
3469 4195 3677 4264 πατρὸς

437 4285 744 4354 Taraxippo
775 4285 826 4338 in
857 4284 1124 4355 Olympia.
1185 4284 1369 4337 Solum
1415 4283 1543 4336 item
1600 4281 2004 4348 Neoptolemum

2125 4286 2204 4338 ιαὶ
2232 4286 2439 4349 παιδός.
2480 4287 2603 4340 Ὅτι
2637 4288 2727 4340 τὸν
2756 4288 2860 4340 ὑπὸ
2905 4289 3194 4358 Φημονόης
3224 4290 3466 4357 χρησμὸν
3520 4291 3679 4358 μόνον

437 4376 719 4431 lilaciotem
755 4377 864 4447 (84)
897 4377 1174 4430 oraculum
1208 4374 1544 4429 l’hemonoes
1576 4373 1643 4426 ab
1671 4371 1834 4427 [Etho
1855 4411 1870 4435 ,
1898 4387 2004 4424 uno

2125 4377 2484 4448 Ἲεοπτόλεμον
2522 4379 2612 4430 τὸν
2650 4379 2950 4448 Μακιώτην
3004 4379 3157 4449 παρά
3190 4381 3352 4432 Αἴθου
3382 4379 3527 4442 τινὸς
3565 4380 3676 4431 τῶν

435 4484 466 4520 e
500 4466 760 4521 fratribus
807 4468 1077 4521 audivisse
1123 4468 1296 4530 aiunt,
1331 4480 1395 4518 ac
1426 4466 1491 4517 de
1538 4465 1638 4517 hoc
1668 4462 1836 4516 Altho
1866 4463 2002 4515 libro

2125 4468 2386 4536 λελιιςῶνθι
2431 4469 2662 4522 ἀκοῦσαί
2751 4488 2921 4539 φασι·
2986 4472 3117 4541 περὶ
3184 4471 3375 4524 τούτου
3447 4470 3505 4522 δὲ
3582 4472 3676 4524 τοῦ

436 4560 609 4628 primo
648 4556 1007 4612 Historiarum
1035 4557 1365 4611 llerodolum
1401 4556 1618 4609 dicere:
1649 4552 1771 4609 Etsi
1813 4571 1998 4607 nomen

2125 4561 2265 4612 tiOou
2307 4562 2400 4613 καὶ
2443 4561 2722 4631 Ἡρόδοτός
2759 4581 2922 4634 φησιν
2944 4565 3063 4596 ⁶¹·⁶³
3090 4565 3213 4636 [249
3259 4563 3350 4634 IL]
3379 4565 3437 4616 ἐν
3481 4564 3675 4633 πρώτη

432 4649 548 4718 ejus
596 4651 724 4703 mihi
755 4659 955 4714 nolunt,
994 4665 1096 4702 non
1133 4659 1305 4701 tamen
1337 4652 1658 4700 memorabo.
1697 4647 1772 4700 De
1805 4644 2003 4713 duplici

2130 4653 2357 4722 στοριῶν
2381 4655 2459 4706 ὅτι
2483 4654 2669 4720 Εἰδὼς
2705 4655 2894 4710 αὐτοῦ
2930 4657 2996 4709 τὸ
3040 4657 3255 4724 ὄνομα,
3289 4659 3399 4709 οὐκ
3425 4656 3674 4722 ἐπιμνη-

433 4743 573 4812 apud
621 4743 910 4796 Homertuu
978 4741 1359 4811 appellatione,
1429 4740 1602 4792 altera
1663 4737 1802 4806 apud
1851 4738 2001 4796 deos.

2105 4743 2432 4812 σθήσομαι.
2466 4747 2601 4816 Περὶ
2626 4747 2724 4816 τῆς
2754 4747 2886 4817 παρ’
2931 4749 3155 4819 Ὁμήρῳ
3195 4748 3486 4819 διωνυμίας
3528 4753 3674 4818 παρὰ

433 4834 603 4888 altera
636 4833 878 4886 homines
901 4833 1151 4901 quodque
1181 4829 1427 4884 Xanthus
1446 4830 1593 4884 solus
1616 4829 1755 4883 inter
1786 4827 2005 4881 ﬂutniua

2125 4835 2248 4896 Ιεοίς
2276 4835 2372 4888 καὶ
2395 4835 2725 4905 ἀνθρώποις,
2748 4838 2841 4889 καὶ
2873 4838 2953 4890 ὅτι
2985 4836 3185 4900 Ξάνθος
3215 4839 3376 4906 μόνος
3412 4840 3673 4906 ποταμῶν

436 4925 599 4982 luerit
622 4924 771 4980 Jovis
800 4924 959 4978 lilius.
997 4924 1072 4980 De
1101 4925 1226 4980 aliis
1252 4926 1379 4978 item
1405 4922 1605 4992 duplici
1633 4921 1877 4990 praeditis
1907 4934 2004 4974 no-

2106 4925 2227 4988 Διὸς
2277 4927 2412 4994 υίὸς,
2471 4929 2564 4981 καὶ
2606 4933 2732 5000 περὶ
2772 4931 2946 4982 ἄλλων
2997 4930 3303 5000 διωνύμων.
3351 4931 3462 4985 Καὶ
3499 4931 3576 4994 ὼς
3616 4931 3674 4983 ἐν

1701 5081 1936 5138 νΑιιιᾹς
1962 5085 2368 5143 LECTIONES.

502 5204 546 5236 ⁸⁸
585 5201 910 5254 Ἕπιδαύνιοι
949 5217 1007 5262 ς’.
1084 5200 1130 5232 ⁸⁸)
1155 5195 1497 5252 ἐπιδιδοῦσαν
1524 5212 1585 5258 ς.
1670 5193 1712 5224 ⁸¹
1747 5195 1780 5262 ἡ

431 5273 773 5340 καλεσαμὲνη
803 5288 863 5333 ς.
935 5270 980 5300 ⁸⁸
1007 5269 1348 5340 τραυματίαν
1381 5283 1442 5340 ς.

431 5347 476 5376 ⁸⁸
514 5344 610 5397 καὶ
631 5335 842 5396 εἰάιᾙᾼ.
916 5340 958 5372 ⁸⁸
990 5335 1232 5408 ἀδελφῶν
1254 5354 1315 5401 ς.
1386 5335 1504 5368 ⁶³’⁶⁸
1528 5351 1690 5404 φασιν
1720 5335 1787 5389 Α.

1542 5212 1585 5258 ζ.
1670 5197 1712 5224 ⁵¹
1747 5197 1780 5262 ἡ
1835 5197 1955 5250 add.
1994 5199 2060 5252 A.
2147 5200 2193 5230 δ’
2231 5199 2534 5252 τελεστίνου
2565 5216 2628 5262 ς.
2719 5202 2764 5231 ⁵³
2785 5201 2881 5271 τὴν
2905 5212 2960 5255 et
2979 5203 3045 5272 ἢν
3093 5218 3107 5252 t

1542 5264 1589 5296 ⁵⁵
1618 5264 1675 5314 ἐν
1702 5266 1825 5338 add.
1855 5268 1917 5320 A.
1995 5267 2181 5322 “libri
2238 5269 2610 5338 ἀκμάζουσαν.
2699 5271 2745 5302 ⁸⁸
2769 5273 2844 5334 ὼς
2873 5273 2998 5325 add.
3042 5272 3107 5324 A.

2147 5200 2193 5272 εξ
2231 5199 2534 5272 τελεστίνου
2565 5216 2628 5262 ς.
2704 5202 2764 5272 ,ν
2785 5201 2881 5271 τὴν
2905 5212 2960 5255 et
2979 5203 3045 5272 ἢν
3093 5201 3214 5254 add.
3262 5203 3322 5251 A.
3354 5270 3362 5272 _
3399 5199 3447 5230 “
3499 5217 3667 5272 μετα-

3207 5273 3252 5303 ⁵⁹
3284 5270 3558 5332 ὃιόνυσσος
3599 5271 3664 5324 Α.

1967 5426 2195 5484 ΙΝΟΤΑΞ.

502 5558 881 5629 (εωβὶηιίιοηι
915 5556 1060 5626 leges
1104 5563 1314 5610 narrat.
1348 5551 1473 5608 infr.
1527 5552 1582 5607 in
1616 5550 1898 5620 Excerptis
1925 5565 1990 5605 ex

429 5628 522 5683 lib.
554 5645 583 5678 ν
621 5628 888 5696 lleplttest.

429 5697 620 5823 ﬂ
647 5691 806 5768 supr.
837 5706 1042 5754 narrat.
1071 5697 1157 5764 18,
1185 5695 1392 5755 Conon.
1427 5691 1580 5751 Plato
1625 5693 1679 5750 in
1739 5692 1986 5759 Phaedro,

2174 5554 2289 5618 (82)
2314 5553 2468 5608 Hom.
2499 5555 2688 5622 Odyss.
2720 5553 2784 5608 Κ.
2826 5570 2878 5606 v.
2911 5553 3038 5616 304,
3074 5562 3128 5606 et
3153 5551 3269 5619 ejus
3296 5553 3573 5622 interpret.

2170 5625 2279 5691 (85)
2331 5623 2471 5695 Lege
2529 5619 2760 5678 Pausan.
2839 5623 3012 5677 Eliac.
3075 5638 3154 5686 tt,
3215 5638 3336 5692 pag.
3395 5619 3498 5674 199
3534 5624 3663 5676 etit.

2095 5694 2350 5748 Genium.

2169 5763 2278 5836 (Si)
2314 5763 2389 5819 De
2413 5766 2511 5821 hac
2535 5777 2654 5820 vate
2687 5765 2914 5821 Pausan.
2962 5762 3188 5818 l’ltocias
3229 5778 3335 5818 non
3367 5763 3551 5816 semel.
