4030 6248
273 323 375 392 621

1419 310 1949 372 BIBLIOTHECA.
1976 335 2047 346 --
2083 308 2246 370 COD.
2289 309 2447 371 CXC.

3414 315 3522 376 csa

270 426 558 505 Τυρρηνίᾳ
611 425 776 497 φασιν
820 418 961 480 εἶναι
1021 424 1180 488 ’Ᾱλὺς
1226 424 1435 496 πύργον
1495 422 1847 492 καλούμενον,

1959 420 2119 473 mine.
2152 418 2287 473 Esse
2319 419 2506 473 adbatc
2552 418 2606 473 in
2643 414 2944 490 Tyrrhenia
2977 415 3126 474 llalis
3167 418 3378 485 turrim,
3403 435 3523 491 quae

271 520 642 593 ὀνομασθῆναι
686 517 744 570 δὲ
789 516 896 570 ἀπὸ
955 515 1106 579 Ἀλδς
1143 515 1433 586 Τυῤῥηνῆς
1483 512 1848 585 φαρμακίδος,

270 612 309 684 ἢ
338 611 558 681 Κίρκης
594 607 900 679 θεράπαινα
916 604 1184 675 γενομένη
1207 603 1391 674 διέδρα
1417 602 1517 672 τῆς
1536 602 1845 669 δεσποίνης.

271 702 421 774 Πρὸς
450 701 656 771 ταύτην
679 698 759 762 δὲ,
791 698 947 768 φησι,
979 696 1426 767 παραγενόμενον
1447 695 1538 748 τὸν
1590 694 1851 748 Ὀδυσσέα

271 796 355 857 εἰς
387 795 554 846 ἵππον
578 790 843 863 μετέϐαλε
863 791 977 853 τοῖς
999 789 1335 859 φαρμάκοις,
1367 788 1462 840 καὶ
1490 785 1685 856 ἔτρεφε
1717 785 1848 857 παρ’

269 889 440 957 ἑαυτῇ
456 886 524 952 ⁸⁸,
551 884 657 949 ἕως
686 883 937 954 γηράσας
978 880 1353 951 ἐτελεύτησεν.
1397 879 1493 932 Ἐκ
1520 877 1726 945 ταύτης
1752 878 1852 948 τῆς

272 978 520 1047 ἱστορίας
545 975 734 1029 λύεται
760 973 856 1029 καὶ
881 973 944 1026 τὸ
963 972 1095 1043 παρ’
1124 971 1349 1042 Ὁμήρῳ
1379 968 1777 1039 ἀπορούμενον·

491 1192 506 1206 .
541 1190 557 1206 .
584 1192 599 1205 .
629 1192 643 1206 .
679 1192 693 1206 .
726 1190 742 1204 .
775 1190 791 1204 .
826 1150 1092 1216 Θάνατος
1114 1147 1183 1203 δέ
1215 1165 1304 1203 τοι
1324 1147 1397 1214 ἐξ
1417 1145 1568 1214 ἁλὸς
1594 1145 1776 1211 αὐτῷ.

283 1245 377 1297 Ἐν
403 1243 619 1306 τούτοις
648 1241 749 1313 μὲν
775 1242 871 1295 καὶ
896 1241 956 1295 τὸ
982 1241 1023 1294 δ’
1056 1240 1283 1311 βιϐλίον.

358 1338 423 1390 Ἦ
449 1336 506 1389 δὲ
537 1342 579 1389 ε’
613 1335 816 1407 βίὸλος,
870 1334 945 1397 ὡς
987 1334 1128 1402 μετὰ
1162 1332 1401 1402 Ἀμύκου
1436 1329 1600 1401 φασιν
1640 1329 1850 1396 Ἰάσων,

270 1428 390 1482 ἀλλ’
453 1429 577 1498 οὐχὶ
632 1427 978 1497 Πολυδεύκης
1038 1426 1367 1496 ἐμαχέσατο.
1434 1422 1548 1476 Καὶ
1600 1423 1629 1475 ὁ
1674 1420 1850 1493 χῶρος

274 1523 572 1592 μαρτυρεῖ,
647 1519 904 1588 Ἰησόνιος
983 1517 1156 1588 αἰχμὴ
1190 1517 1235 1549 ⁸⁵
1297 1515 1639 1584 καλούμενος
1668 1530 1683 1545 ⁸
1756 1514 1852 1567 καὶ

272 1614 428 1685 πηγὴ
489 1610 768 1667 ἀνατέλλει
823 1611 995 1682 ἀγχοῦ
1064 1610 1247 1679 Ἐλένη
1277 1606 1593 1676 καλουμένη
1619 1605 1687 1660 ⁸⁸.
1757 1606 1852 1658 Ἐκ

268 1703 465 1757 τούτου
516 1703 706 1756 λύεται
763 1702 860 1757 καὶ
937 1700 1000 1755 τὸ
1058 1698 1405 1771 Κριναγόρου
1498 1696 1846 1768 ἐπίγραμμα.

271 1792 401 1849 Ὀτι
430 1794 511 1860 τὸ,

350 1888 459 1943 Καὶ
484 1888 530 1920 ⁸⁷
561 1885 909 1957 Προκλέους
949 1887 1124 1942 ἵπποι
1166 1884 1408 1955 χλωρὰν

272 2050 546 2122 ἀγνοηθὲν
592 2050 955 2121 Καλλιμάχῳ,
1002 2048 1275 2102 Εὐϐούλου
1320 2046 1440 2101 ἐστὶ
1474 2044 1568 2099 τοῦ
1604 2043 1852 2114 κωμικοῦ

272 2147 355 2207 είς
388 2142 669 2196 Διονύσιον
687 2143 734 2175 ⁸⁸
758 2141 1018 2212 κωμῳδία
1035 2158 1049 2171 ο
1083 2141 1177 2195 καὶ
1204 2140 1455 2211 περὶτῆς
1481 2138 1852 2211 παρῳδήσεως

267 2233 369 2288 τοῦ
390 2233 601 2304 στίχου.
640 2233 708 2287 Ἦ
740 2232 797 2287 δὲ
815 2230 1140 2302 ψαλάκανθα
1160 2230 1356 2302 βοτάνη
1382 2230 1531 2283 ἐστὶν
1554 2233 1593 2284 A
1607 2229 1849 2297 ίγυπτία,

267 2327 395 2398 ἥτις
431 2326 622 2389 ἵπποις
649 2323 1066 2396 περιαπτομένη
1107 2323 1270 2393 νίκην
1300 2322 1530 2393 παρέχει
1562 2321 1655 2374 καὶ
1678 2320 1854 2374 εὐδαι-

271 2417 492 2487 μονίαν.
527 2418 666 2470 Φασὶ
704 2416 763 2469 δὲ
796 2416 873 2479 ὡς
895 2417 930 2487 ἡ
962 2415 1303 2469 Ψαλάκανθα
1332 2412 1521 2485 νύμφη
1552 2414 1767 2482 ἐγένετο
1793 2412 1854 2466 ὲν

268 2509 495 2580 Ἰκαρίᾳ
524 2512 591 2580 τῇ
623 2509 793 2579 νήσῳ,
823 2509 947 2579 ἥτις
977 2507 1271 2577 ἐρασθεῖσα
1297 2506 1553 2560 Διονύσου
1584 2505 1853 2575 συνέπρα-

271 2604 366 2670 ξεν
403 2602 555 2670 αὐτῷ
588 2600 687 2671 τὴν
735 2599 872 2670 πρὸς
919 2597 1208 2670 Ἀριάδνην
1250 2596 1490 2667 ὁμιλίαν,
1550 2596 1636 2664 ἐφ’
1673 2588 1719 2663 ᾧ
1760 2595 1854 2648 καὶ

271 2695 413 2765 αὐτῇ
450 2692 768 2761 συγγένοιτο
790 2707 804 2722 ο
864 2691 960 2745 καὶ
1014 2690 1092 2754 ὼς
1123 2689 1375 2751 Διόνυσος
1410 2688 1510 2759 μὲν
1538 2687 1639 2741 οὐκ
1686 2688 1854 2757 ὴὸου-

270 2787 415 2857 λήθη
440 2786 508 2850 ⁸⁸,
543 2785 673 2858 [484
696 2783 789 2857 R.]
809 2782 1152 2838 Ψαλάκανθα
1171 2782 1218 2836 δ’
1243 2780 1637 2834 ὲπεῦούλευσεν
1679 2781 1857 2851 Ἀριά-

270 2879 392 2949 δνῃ,
434 2880 464 2932 ὀ
510 2877 554 2931 δ’
613 2876 894 2947 ὀργισθεὶς
948 2874 1381 2946 μετεμόρφωσεν
1442 2871 1617 2942 αὐτὴν
1647 2872 1728 2935 είς
1756 2873 1857 2940 τὴν

275 2971 421 3022 πόαν
450 2983 467 2999 ·
526 2966 832 3038 μεταγνοὺς
878 2965 937 3020 δὲ
1009 2965 1103 3019 ἐπὶ
1149 2965 1286 3035 τιμῇ
1310 2962 1358 2995 ’¹⁰
1402 2960 1500 3016 τοῦ
1557 2962 1729 3031 φυτοῦ
1776 2961 1858 3032 τῷ

288 3062 583 3131 Ἀριάδνης
607 3057 741 3112 αὐτὸ
775 3056 1075 3128 περιέθηκε
1105 3056 1356 3127 στεφάνῳ
1386 3054 1469 3125 τῷ
1527 3070 1856 3125 κατηστερι-

278 3153 467 3224 σμὲνῳ
513 3154 573 3206 ὲν
612 3150 845 3222 οὐρανῷ.
879 3149 991 3220 Τὴν
1018 3149 1079 3203 δὲ
1125 3149 1266 3207 πόαν
1311 3149 1362 3203 οἵ
1410 3147 1512 3219 μὲν
1562 3148 1860 3220 ἀρτεμισίᾳ

279 3245 540 3309 ἐοικέναι,
570 3245 622 3299 οἱ
651 3244 710 3298 δὲ
741 3243 1039 3315 μελιλώτῳ.

358 3338 451 3400 Ὠς
480 3336 849 3407 ’Δθηνόδωρος
874 3337 903 3390 ὁ
942 3334 1254 3406 Ἐρετριεὺς
1274 3334 1334 3389 ἔν
1360 3333 1533 3405 ὀγδόῳ
1563 3334 1859 3401 Ὑπομνη-

278 3429 482 3492 μάτων
518 3430 655 3500 φησὶ
691 3428 847 3482 Θέτιν
877 3428 971 3482 καὶ
999 3429 1242 3498 Μήδειαν
1263 3426 1444 3498 ἐρίσαι
1470 3425 1601 3496 περὶ
1630 3425 1862 3487 κάλλους

280 3524 342 3573 ἐν
370 3519 681 3591 Θεσσαλία,
735 3520 830 3573 καὶ
873 3518 1068 3591 κριτὴν
1118 3517 1377 3589 γενέσθαι
1428 3516 1719 3586 Ἰδομενέα,
1766 3514 1863 3568 καὶ

283 3615 615 3683 προσνεῖμαι
642 3610 822 3665 Θέτιδι
865 3612 965 3681 τὴν
1012 3610 1196 3681 νίκην,
1227 3609 1468 3681 Μήδειαν
1504 3609 1549 3662 δ’
1588 3605 1863 3678 ὀργισθεῖ-

287 3719 391 3758 σαν
418 3703 617 3768 εἱπεῖν,
636 3702 864 3771 Κρῆτες
895 3699 988 3756 ἀεὶ
1009 3700 1293 3768 ψεῦσται,
1352 3699 1449 3753 καὶ
1483 3695 1863 3768 ἐπαράσασθαι

285 3798 435 3869 αὐτῷ
500 3797 774 3868 μηδέποτε
833 3796 1094 3867 ἀλήθειαν
1145 3796 1347 3860 εἰπεῖν,
1400 3792 1589 3864 ὥσπερ
1621 3793 1714 3846 ἐπὶ
1763 3790 1864 3861 τῆς

284 3889 527 3958 κρίσεως
556 3889 781 3957 ἐποίησε
800 3905 823 3937 ο,
872 3888 969 3943 καὶ
997 3888 1062 3942 ὲκ
1093 3886 1286 3941 τούτου
1324 3888 1461 3958 φησι
1485 3886 1614 3949 τοὺς
1637 3885 1865 3956 Κρῆτας

283 3978 529 4046 ψεύστας
582 3976 934 4047 νομισθῆναι.
1007 3974 1382 4046 Παρατίθεται
1429 3974 1488 4029 δὲ
1550 3973 1864 4045 ἱστοροῦντα

282 4068 445 4122 τοῦτο
497 4070 527 4120 ό
591 4066 965 4138 ’Δθηνόδωρος
1033 4064 1305 4137 Ἀντίοχον
1362 4066 1422 4121 ἐν
1453 4063 1691 4135 δευτέρῳ
1740 4062 1866 4118 Τῶν

286 4156 438 4212 κατὰ
475 4158 660 4212 πόλιν
690 4156 995 4213 Μυθικῶν.
1035 4155 1160 4210 ’Ότι
1184 4153 1353 4224 Ἶλος,
1386 4157 1550 4228 φησὶν
1572 4157 1639 4223 τί,
1673 4156 1703 4208 ὁ
1726 4155 1867 4209 Λαο-

290 4246 544 4316 μέδοντος
588 4247 778 4318 πατὶιο
827 4246 1092 4318 ἵππουριν
1141 4240 1276 4316 εἶχε,
1305 4246 1401 4300 καὶ
1461 4247 1568 4299 τῶν
1611 4245 1863 4317 Πριάμου

288 4336 495 4391 παίδων
552 4336 909 4400 Μελάνιππος
953 4336 1048 4390 καὶ
1090 4335 1299 4398 Ἰδαῖος.
1372 4336 1460 4398 Ὠς
1520 4334 1724 4397 Ξάνθος
1769 4333 1865 4387 καὶ

1955 522 2199 577 vocatur,
2234 522 2449 583 sumpto
2481 514 2699 568 nomine
2745 515 2813 568 ab
2864 510 3003 581 llali,
3045 510 3325 584 Tyrrhena
3358 530 3525 570 vene.

1955 605 2079 671 lica,
2116 620 2235 675 qum
2257 605 2442 661 Circes
2473 606 2667 661 famula
2702 623 2821 661 cum
2857 616 3023 668 esset,
3053 622 3120 662 ex
3151 608 3294 663 bene
3319 609 3523 665 aedibus

1954 694 2179 765 aufugit.
2207 697 2289 751 Ad
2317 699 2456 752 hanc
2480 706 2660 752 autem
2689 697 2922 753 delatum
2957 694 3225 770 Ulyssem,
3253 701 3307 753 in
3324 715 3521 770 equum

1954 787 2414 845 incantationibus
2441 800 2854 855 commutatum,
2893 803 3057 859 atque
3081 792 3221 860 apud
3252 806 3371 845 eam
3398 793 3526 845 edu-

1951 889 2158 948 catum,
2187 883 2360 937 donec
2411 884 2563 938 senio
2611 884 2888 939 confectus
2921 885 3075 947 obiit,
3113 884 3193 938 Ex
3241 882 3342 938 hac
3365 882 3528 953 igitur

1951 968 2179 1026 historia
2208 974 2368 1027 etiam
2399 975 2597 1029 nodum
2630 975 2778 1029 illum
2804 977 2945 1045 apud
2976 974 3267 1030 llomerum
3282 972 3524 1039 dissolvi,

1952 1078 2073 1117 cum
2104 1062 2216 1135 (85)
2248 1066 2328 1119 ait
2355 1082 2371 1119 :

2307 1195 2322 1211 .
2362 1197 2377 1212 .
2409 1196 2426 1210 .
2462 1197 2477 1212 .
2508 1194 2523 1210 .
2557 1197 2571 1211 .
2608 1199 2620 1211 .
2659 1158 2799 1213 Mors
2821 1158 2967 1213 illius
2995 1176 3057 1213 ea:
3084 1160 3239 1213 mari.

1952 1248 2053 1317 Qui
2086 1249 2211 1304 nnis
2248 1251 2429 1318 quarti
2462 1249 2588 1305 libri
2621 1261 2725 1306 est.

2026 1343 2256 1409 Quintus
2286 1352 2407 1412 post
2436 1344 2552 1398 haec
2585 1343 2721 1398 liber
2756 1344 2856 1398 ista
2883 1354 3292 1399 commemorat.
3324 1343 3527 1414 Pugna-

1954 1435 2053 1498 vit,
2083 1437 2256 1500 aiunt,
2282 1433 2446 1491 Iason
2495 1451 2619 1490 cum
2655 1435 2881 1505 Amyco,
2932 1452 3036 1488 uon
3088 1445 3265 1488 autem
3316 1435 3522 1489 Pollux.

1954 1520 2208 1577 Testatur
2232 1525 2282 1577 id
2320 1525 2471 1595 regio
2502 1523 2725 1580 Iasonia
2748 1528 2931 1592 cuspis
2960 1527 3127 1590 diota,
3157 1536 3211 1581 et
3238 1525 3525 1595 l‘onsjuxta

1954 1629 2181 1667 manans
2212 1612 2414 1670 Helena
2444 1617 2765 1686 appellatus.
2792 1616 2879 1672 .Ex
2910 1618 3012 1672 hoc
3047 1619 3209 1672 etiam
3239 1619 3367 1673 illud
3406 1619 3527 1673 Cri-

1956 1718 2172 1773 nagora‘:
2197 1706 2420 1761 solvitur
2449 1709 2533 1762 eoi
2554 1724 2782 1764 'ramma
2808 1724 2825 1763 :

1992 1879 2061 1935 Et
2095 1882 2271 1937 Procli
2302 1887 2428 1956 equi,
2446 1886 2661 1940 viridem
2708 1886 3107 1955 psalacantham
3136 1887 3251 1959 (86)
3278 1888 3486 1944 habent.

1953 2038 2104 2105 Quod
2128 2041 2396 2112 ignoravit
2418 2043 2802 2111 Callimachus,
2827 2062 2949 2101 cum
2975 2048 3045 2102 sit
3066 2046 3179 2122 (87)
3209 2047 3398 2103 Eubuli
3432 2064 3525 2103 co-

1955 2131 2079 2184 mici
2104 2132 2155 2185 in
2171 2131 2442 2188 Bacchum
2461 2137 2747 2191 commdia.
2767 2138 2889 2205 Agit
2918 2149 2974 2192 et
3005 2138 3071 2193 de
3090 2139 3310 2207 parodia
3328 2155 3520 2196 versus

1955 2223 2120 2280 illius.
2166 2225 2518 2283 Psalacantha
2559 2239 2737 2284 autem
2782 2230 2945 2286 herba
2975 2241 3058 2286 est
3098 2231 3378 2303 Egyptian,
3404 2246 3523 2299 quae

1953 2320 2109 2389 equis
2157 2319 2525 2390 circumligata
2562 2320 2848 2375 victoriam
2876 2322 3078 2390 praebet
3097 2332 3153 2378 et
3188 2322 3520 2377 felicitatem.

1953 2410 2180 2473 Ferunt,
2219 2412 2391 2475 addit,
2426 2411 2515 2466 alii
2573 2410 2981 2467 Psalacantham
3032 2417 3325 2487 nympham
3359 2416 3526 2472 fuisse

1956 2502 2012 2556 ln
2045 2501 2220 2558 Icaria
2252 2504 2449 2567 insula,
2477 2518 2597 2576 qua:
2617 2502 2892 2560 Bacchum
2914 2509 3173 2564 adamans
3209 2508 3527 2565 allaborarit

1957 2596 2059 2665 ipsi
2093 2596 2159 2650 ad
2188 2598 2500 2666 potiendum
2521 2598 2781 2665 Ariadna,
2800 2601 2944 2667 quod
2968 2610 3174 2670 et‘cum
3202 2600 3314 2672 ipsa
3340 2612 3523 2673 postea

1955 2688 2394 2759 congrederetur,
2413 2692 2555 2758 quod
2571 2692 2656 2746 ubi
2673 2693 2915 2748 Bacchus
2933 2705 3258 2753 recusasset.
3278 2695 3527 2751 Ariadnae

1957 2777 2095 2833 hanc
2127 2794 2251 2834 esse
2281 2781 2612 2848 insidiatam,
2636 2793 2798 2853 atque
2833 2784 2980 2839 illum
3013 2786 3370 2857 indignatum,
3396 2803 3527 2841 con-

1957 2872 2189 2926 vertisse
2217 2887 2335 2926 eam
2364 2872 2416 2925 in
2452 2873 2671 2928 herbam
2701 2892 2714 2929 :
2745 2877 3061 2944 poenitentia
3116 2890 3294 2933 tamen
3337 2892 3526 2949 postea

1957 2962 2206 3031 ductum,
2243 2963 2464 3019 honoris
2494 2981 2625 3026 ergo
2669 2966 2907 3037 plantam
2960 2969 3105 3023 illam
3152 2968 3405 3028 Ariadnae
3432 2990 3528 3029 co-

1963 3069 2134 3120 ronae,
2160 3070 2280 3125 quae
2313 3056 2552 3112 coelestia
2580 3057 2693 3130 jam
2726 3059 2870 3114 inter
2897 3060 3073 3116 sidera
3110 3063 3368 3118 translata
3387 3076 3527 3130 erat,

1962 3146 2441 3218 circumposuisse.
2502 3150 2730 3205 llerbam
2788 3152 2960 3221 ipsam
3013 3154 3151 3211 alios
3203 3156 3527 3225 Artemisiae,

1962 3237 2196 3294 Meliloto
2219 3239 2355 3296 alios
2385 3241 2617 3296 similem
2645 3242 2848 3300 facere.

2032 3331 2418 3389 Athenodorus
2461 3332 2688 3406 [inquit]
2755 3333 3101 3404 Eretriensis,
3150 3351 3342 3398 octavo
3396 3342 3532 3397 libro

1962 3422 2387 3479 Memorabilium
2416 3426 2603 3491 refert,
2642 3422 2837 3481 Thetin
2866 3438 2920 3482 et
2943 3428 3180 3484 Medeam
3206 3433 3272 3487 de
3287 3433 3531 3502 pulchri-

1964 3516 2149 3569 tudine
2175 3516 2229 3569 in
2263 3515 2544 3571 Thessalia
2579 3527 2853 3583 certaSse,
2905 3522 3275 3593 arbitrumque
3322 3526 3536 3580 adhibi-

1963 3615 2074 3659 tum
2115 3606 2404 3663 Idomenea
2434 3609 2649 3663 Thetidi
2696 3611 2980 3666 victoriam
3029 3611 3388 3681 adjudicasse.
3431 3616 3537 3672 Me-

1963 3699 2116 3752 deam
2136 3715 2266 3770 ergo
2290 3701 2771 3770 indignabundam,
2803 3703 2934 3757 illud
2954 3705 3241 3772 promlisse
3275 3724 3288 3762 :
3322 3706 3535 3764 Creten-

1964 3804 2046 3844 ses
2092 3806 2295 3859 semper
2323 3791 2510 3863 150b
2543 3794 2813 3848 mendaces
2854 3794 2963 3866 (88)
2993 3812 3008 3848 :
3037 3797 3323 3868 eidemque
3346 3799 3538 3870 imprc~

1965 3892 2166 3945 catam.
2216 3901 2285 3940 ne
2328 3900 2516 3940 verum
2565 3903 2800 3957 unquam
2838 3889 3060 3957 diceret,
3102 3898 3162 3948 ιιι
3201 3907 3271 3948 ne
3323 3893 3376 3948 in
3431 3895 3536 3951 bac

1965 3972 2180 4041 quidem
2235 3975 2501 4029 sententia
2537 3976 2781 4033 dixisset.
2820 3974 2959 4033 Hinc
2996 3978 3200 4034 factum
3238 3982 3447 4047 scribit,
3476 3992 3535 4036 nt

1965 4058 2254 4118 mendaces
2304 4064 2607 4119 habeantur
2647 4065 2935 4122 Cretenses
2979 4084 2994 4123 :
3044 4070 3371 4141 adducitque
3432 4074 3536 4129 hoc

1965 4153 2107 4206 idem
2148 4162 2460 4209 narrantem
2512 4155 2841 4212 Antiochum
2870 4158 2983 4229 (89)
3037 4158 3130 4215 lib.
3193 4175 3232 4214 ιι
3286 4160 3536 4217 Civilium

1966 4243 2328 4300 Fabularum.
2356 4245 2484 4314 llus,
2540 4256 2602 4302 ut
2645 4261 2890 4315 narrant,
2931 4249 3310 4307 Laomedontis
3358 4265 3533 4323 pater,

1967 4331 2181 4397 equinis
2201 4330 2333 4386 setis
2362 4342 2613 4386 comante
2638 4332 2786 4403 galea
2825 4334 3094 4399 utebatur,
3129 4344 3184 4390 ιιι
3209 4349 3263 4392 et
3286 4351 3316 4391 e
3337 4336 3534 4394 Priami

288 4428 484 4490 Βαλίος
508 4428 562 4479 οἵ
599 4427 887 4498 Ἀχιλλέως
918 4427 1077 4480 ἵπποι
1117 4426 1381 4498 πρότερον
1424 4425 1680 4494 Γίγαντες
1699 4420 1857 4494 ἦσαν,

1969 4421 2151 4476 liberis
2211 4421 2545 4492 Melanippus
2610 4433 2665 4479 et
2724 4424 2913 4480 Idaeus.
2973 4426 3199 4483 Achillis
3230 4429 3358 4483 item
3390 4432 3533 4499 equi,

288 4519 383 4572 καί
436 4518 590 4587 μόνοι
635 4518 912 4587 Γιγάντων
963 4517 1352 4588 συνεμάχησαν
1381 4518 1495 4579 τοῖς
1527 4517 1669 4580 θεοῖς
1717 4516 1859 4569 κατὰ

288 4609 395 4662 τῶν
421 4608 691 4677 ἀδελφῶν.
730 4609 820 4673 Ὦς
851 4608 981 4680 περὶ
1010 4610 1054 4641 ⁷⁸
1092 4608 1192 4671 τὰς
1224 4607 1463 4670 Θύλας⁷³
1496 4607 1594 4677 τῆς
1616 4605 1861 4669 Σικελίας
1898 4630 1901 4634 ι

290 4701 704 4772 ναυαγήσαντος
742 4700 1043 4764 Ὀδυσσέως
1070 4701 1107 4770 ἡ
1139 4700 1426 4769 ’Δχιλλέως
1451 4700 1617 4761 ἀσπὶς
1639 4695 1863 4778 ἐξεϐρά-

295 4794 398 4865 σθη
426 4793 562 4865 περὶ⁹
602 4793 663 4847 τὸ
696 4794 965 4865 μνημεῖον
993 4791 1089 4846 τοῦ
1124 4793 1377 4857 Αἵαντος,
1410 4790 1506 4845 καὶ¹
1543 4789 1863 4844 ἀνατεθεῖσα

1965 4512 2217 4569 Xanthus
2243 4524 2297 4570 et
2329 4515 2509 4571 Balius
2525 4517 2797 4587 appellati,
2830 4520 3077 4590 gigantes
3108 4521 3339 4589 primum
3362 4520 3535 4585 fuere,

1967 4606 2176 4675 solique
2226 4607 2502 4676 gigantum
2534 4623 2631 4676 pro
2665 4609 2770 4663 diis
2801 4619 3106 4679 pugnarunt
3137 4611 3396 4667 adversus
3423 4611 3536 4666 fra-

1970 4708 2100 4752 tres.
2152 4698 2237 4753 Ad
2299 4698 2502 4770 Thylas
2552 4700 2666 4770 (90)
2720 4698 2917 4756 Siciliae
2989 4701 3327 4772 naufragium
3375 4718 3537 4775 passo

1970 4786 2185 4857 Ulysse,
2211 4786 2435 4843 Achillis
2461 4787 2575 4859 (9t)
2605 4797 2814 4844 scutum
2833 4790 2901 4845 ad
2920 4790 3101 4859 Aiacis
3128 4804 3537 4851 monumentum

1572 4899 1808 4955 VARIA‘J
1834 4897 2240 4954 LECTIONES.

362 5001 581 5072 “,at'nﬁ
614 5018 675 5065 ς.
751 4999 796 5031 ⁸³
812 5000 1009 5072 αἰχμὴ]
1069 5001 1154 5072 cl._
1197 4997 1405 5072 Muller=
1445 4996 1702 5072 Orchom.
1738 5012 1790 5064 p.
1840 4994 1964 5049 267.

294 5071 502 5123 κανθαν
560 5071 768 5123 ἔδουσιν
818 5074 862 5124 A
914 5088 927 5124 :
992 5071 1091 5123 καὶ

295 5140 339 5170 ’⁸
387 5141 555 5209 φησὶν
581 5143 950 5210 apographum
1010 5141 1273 5210 βιυριηιηὶ
1315 5155 1329 5191 τ

295 5206 651 5265 Casaubonus
691 5206 988 5277 πλαγκτὰς
1012 5206 1319 5278 Lennepius
1348 5207 1565 5261 Phalar.
1608 5222 1662 5276 p.
1693 5206 1781 5261 55.

1127 5067 1483 5138 ψαλακάνθαν
1532 5067 1654 5136 ἔχου
1662 5083 1745 5138 σιν
1781 5082 1843 5138 ς.

374 5390 487 5462 (85)
508 5389 716 5462 Odyss.
749 5391 815 5453 A,
854 5404 905 5462 v.
934 5389 1059 5445 155.

360 5458 476 5533 (86)
505 5458 825 5533 ’ᾼδέσποτον
853 5461 993 5515 houc
1015 5458 1333 5529 quibusdam
1356 5458 1528 5515 videri
1564 5458 1874 5513 vocabulum

298 5531 505 5587 nutavit
536 5531 744 5600 Hesycb
755 5569 769 5584 .

366 5602 480 5673 (37)
511 5601 587 5654 De
616 5596 919 5673 quemulta
954 5598 1170 5671 Cyrald.
1209 5598 1419 5669 Dialog.
1445 5614 1542 5663 vn,
1569 5596 1711 5652 Hist.
1738 5608 1874 5665 post.

300 5669 620 5725 Ivletni’nil'el
653 5669 807 5723 Sttid.

369 5742 482 5809 ιὸδ)
519 5740 652 5801 Vide
686 5738 945 5795 Proverb.
981 5738 1135 5809 cuius
1160 5738 1324 5795 aliam
1361 5738 1451 5794 alii
1487 5753 1707 5794 causam
1735 5752 1879 5794 com-

1362 5139 1528 5205 φασὶν
1562 5134 1629 5200 ξ.
1700 5136 1752 5207 ν¹¹¹
1791 5137 1866 5198 ὼς
1900 5135 2052 5207 περὶ]
2114 5134 2304 5206 ὥσπερ
2339 5135 2404 5187 Α.

2092 4995 2137 5027 ⁸⁸
2173 4995 2394 5065 Ἐλὲνην
2443 4993 2784 5065 καλουμένην
2816 5014 2878 5061 ς.

3030 4999 3074 5031 ⁸⁷
3103 5000 3199 5053 κα)⁸
3243 5028 3314 5041 --
3369 5000 3541 5071 φαλά-

1960 5065 2004 5097 “
2028 5066 2279 5135 Διόνυσον
2314 5081 2374 5128 ς.
2466 5064 2509 5097 θ’
2538 5065 2823 5135 ἐϐουλήθη
2856 5084 2917 5132 ς.

2992 5069 3069 5142 '“_
3093 5071 3186 5123 ἐπὶ
3214 5072 3281 5142 τῇ
3311 5069 3444 5141 τιμῇ
3476 5087 3538 5135 ς.

2505 5134 2551 5166 ⁷³
2593 5134 3006 5209 summa;
3037 5134 3301 5211 Scaliger,
3341 5134 3543 5212 στήλας
3620 5186 3623 5187 ν

1823 5293 2057 5350 NOTAE}.

1984 5395 2150 5442 menti
2178 5395 2324 5442 sunt.

2057 5458 2169 5527 (89)
2204 5458 2345 5527 Vide
2377 5471 2524 5527 supr.
2561 5468 2718 5514 notas
2771 5461 2837 5515 ad
2877 5461 3000 5515 cod.
3055 5459 3180 5526 189,
3231 5458 3544 5515 Acestorids

1985 5526 2073 5579 Τὰ
2096 5527 2237 5597 κατὰ
2266 5526 2419 5597 πόλιν
2448 5526 2654 5597 μυθικὰ
2687 5530 2821 5585 lecta
2845 5532 3108 5585 videmus.

1990 5595 2170 5722 Ie($3.0)
2200 5595 2372 5665 Mylas
2414 5595 2666 5670 reponam
2695 5615 2815 5670 ego,
2861 5615 2928 5654 ex
2961 5598 3392 5672 geographorum
3424 5613 3546 5654 sen-

2046 5686 2075 5720 ΙΙ
2107 5684 2175 5720 la.

2046 5684 2175 5720 nua.

2058 5739 2171 5808 (91)
2212 5738 2341 5795 Vide
2374 5739 2559 5793 Alciati
2600 5738 2863 5796 emlilcma
2887 5738 2978 5792 28.
