4030 6248
483 361 587 421 623

1628 358 1892 419 ΡΗΟΤΙῙ
1930 361 2432 421 ΡΑΤΒΙΑΒΟΗΕ
2469 365 2576 424 CP.

3619 357 3723 422 ϐῗιί

485 475 724 539 eruersit,
767 483 822 528 et
871 471 1117 542 sepulcro
1173 472 1475 542 appositum
1519 473 1782 543 postridie
1835 475 2053 530 fulmine

2158 478 2232 546 τῷ
2254 478 2410 547 τάφῳ
2441 481 2507 549 τῇ
2555 479 2816 548 ἐπαύριον
2839 477 3209 549 ἐκεραυνώθη.
3258 476 3346 540 Ὠς
3379 478 3405 530 6
3445 475 3722 547 Ἡρακλῆς

485 576 566 623 est
613 567 798 622 ictum.
850 563 1133 617 Herculem
1187 579 1290 616 non
1341 563 1568 617 Nemetei
1633 565 1800 618 leonis
1861 567 2051 633 pellem

487 664 728 732 gestaSse
758 660 852 722 ait,
888 657 980 710 sed
1010 656 1209 710 Leonis
1265 656 1546 724 cujusdam
1587 673 1618 711 e
1647 659 1918 727 gigantum
1951 675 2052 711 ιιιι-

486 767 669 807 mero:
705 752 774 806 ob
817 757 1163 820 provocatum
1197 748 1264 802 ad
1297 749 1572 818 singulare
1596 760 1868 804 certamen
1917 748 2053 804 Her-

485 841 659 898 culem
732 842 800 894 ab
859 841 1045 894 eodem
1097 840 1477 908 interemptum
1523 857 1539 894 :
1592 849 1646 896 et
1696 855 1858 895 aurea
1915 841 2050 895 mala

485 932 793 988 custodiens
825 933 1012 998 draco,
1054 932 1151 994 ait,
1192 929 1414 986 fratrem
1452 932 1638 986 habuit
1663 932 1866 987 leonem
1904 932 2050 987 illum

485 1025 812 1079 Nemezeum.
846 1022 969 1078 Irus
996 1027 1135 1093 apud
1163 1022 1459 1077 Homerum
1486 1023 1728 1080 Boeotius
1759 1024 1878 1079 fuit.
1911 1025 2052 1080 Can-

486 1115 658 1171 daula:
681 1115 987 1186 conjugem,
1018 1114 1172 1182 cujus
1201 1114 1508 1168 Herodotus
1554 1116 1664 1185 (9‘2)
1696 1131 1887 1170 nomen
1920 1115 2051 1170 reti-

483 1219 593 1273 cet,
625 1209 822 1263 dictam
863 1221 986 1264 esse
1020 1207 1289 1276 Nyssiam.
1316 1205 1446 1260 Eam
1489 1210 1542 1261 et
1585 1207 1780 1275 duplici
1831 1207 2050 1277 pupilla,

482 1311 537 1353 et
564 1298 860 1352 acutissimi
891 1297 1001 1369 (95)
1042 1298 1188 1351 visus
1213 1297 1397 1363 fuisse,
1425 1297 1570 1367 quod
1594 1298 1946 1352 dracontiteiu
1976 1297 2053 1350 la-

483 1391 659 1460 pidem
718 1399 950 1458 gestaret
983 1407 996 1443 :
1037 1398 1094 1442 ut
1131 1403 1227 1458 per
1268 1388 1410 1457 ipsas
1455 1389 1616 1442 etiam
1655 1387 1797 1443 fores
1844 1387 2048 1460 Gygen,

485 1481 549 1534 ad
592 1481 968 1548 inquirendum
1001 1493 1298 1548 egressum,
1340 1479 1554 1532 viderit.
1606 1477 1832 1544 Quidam
1873 1488 2050 1533 tamen

485 1571 654 1640 ipsam
687 1569 897 1624 Tudum
925 1571 1122 1624 dictam
1149 1571 1356 1639 volunt,
1381 1571 1468 1625 alii
1501 1572 1750 1642 Clytiam.
1777 1573 1921 1625 Abas
1952 1587 2051 1624 au-

483 1672 590 1717 tem
606 1661 750 1716 Abro
776 1671 1136 1731 nuncupatam
1166 1663 1349 1718 tradit.
1374 1665 1496 1718 Ideo
1540 1677 1668 1718 vero
1696 1662 1809 1730 ejus
1837 1663 2052 1717 feminae

484 1769 676 1809 nomen
706 1754 772 1807 ab
802 1751 1073 1808 Herodoto
1124 1755 1338 1809 silentio
1393 1770 1638 1824 pressum
1685 1755 1870 1819 aiunt,
1905 1753 2046 1824 quod

486 1861 606 1900 cum
630 1845 745 1912 ejus
773 1847 1014 1900 amasios
1038 1846 1373 1901 Plesirrhous
1392 1846 1640 1919 Nyssiam
1669 1848 1885 1902 nomine
1913 1849 2049 1900 ami-
2083 1835 2126 1889 Β

483 1951 602 1991 cam
637 1937 878 2002 haberet,
905 1935 1371 1992 Halicarnasseam
1403 1950 1621 2008 genere,
1647 1954 1744 1993 nec
1773 1954 1833 1992 ea
1866 1940 2048 2008 potiri,

483 2028 754 2096 repulsam
787 2043 1000 2098 passus,
1037 2031 1320 2098 potuisset,
1355 2032 1420 2086 de
1453 2031 1716 2100 superiori
1741 2031 1858 2086 loco
1889 2033 2052 2084 vitam

483 2119 587 2175 sibi
635 2119 826 2188 laqueo
878 2120 1173 2188 abruperit.
1232 2119 1372 2176 Hinc
1425 2121 1572 2176 velut
1625 2122 1889 2186 odiosum,
1935 2123 2053 2191 ejus

485 2207 681 2278 ubique
709 2221 902 2262 nomen
937 2208 1197 2278 refugisse
1217 2209 1571 2266 Herodotum.
1597 2211 1892 2267 Centauros
1913 2211 2052 2267 Her-

483 2301 654 2355 culem
685 2301 952 2371 fugientes
980 2316 1072 2368 per
1099 2301 1421 2372 Tyrseuiam
1450 2303 1589 2356 fame
1615 2303 1864 2372 periisse,
1897 2304 2052 2358 suavi

485 2389 799 2444 Sirenaruui
831 2389 942 2459 (94)
971 2401 1132 2444 cantu
1183 2391 1456 2460 deceptos.
1488 2391 1760 2446 Abderum
1809 2392 2053 2448 Herculis

483 2482 769 2547 amasium,
821 2479 1052 2534 Patrocli
1091 2481 1312 2536 fratrem
1353 2481 1539 2536 fuisse.
1574 2482 1838 2551 Epipolim
1875 2485 2054 2554 Cary-

482 2572 666 2636 stiam,
697 2569 1022 2626 Tracltionis
1055 2572 1241 2638 tiliam,
1264 2573 1579 2627 muliebrem
1602 2591 1788 2629 sexum
1809 2576 2054 2630 dissimu-

485 2665 681 2718 lantem
713 2679 834 2718 cum
887 2663 1092 2719 Graecis
1123 2664 1404 2730 militasse,
1445 2665 1539 2720 sed
1576 2680 1670 2736 per
1703 2666 2050 2720 Palamedem

485 2756 699 2809 tandem
725 2754 1019 2820 detectam,
1047 2771 1075 2808 a
1110 2754 1314 2810 Graicis
1335 2755 1584 2810 obrutam
1615 2772 1734 2811 esse
1766 2757 2050 2826 lapidibus.

485 2848 601 2912 Quo
634 2857 874 2914 tempore
909 2845 1217 2899 Alexander
1252 2844 1514 2900 Helenam
1563 2849 1826 2916 rapiebat,
1869 2847 2056 2902 Mene-

485 2937 626 2990 laum
660 2935 934 3005 Gortynae,
967 2936 1109 3003 quod
1144 2935 1479 2988 Cretensium
1515 2937 1767 3005 oppidum
1798 2947 1900 3002 est,
1934 2936 2053 2993 Jovi

485 3027 836 3081 hecatomben
883 3025 1210 3078 immolasse.
1257 3023 1599 3080 Palamedem
1637 3043 1736 3095 pro
1763 3028 2056 3098 Agamem-

485 3134 624 3172 none
644 3117 847 3172 Gt'azcis
865 3117 1176 3186 imperasse.
1194 3115 1328 3172 Cum
1355 3120 1497 3173 enim
1517 3119 1568 3172 iu
1586 3120 1830 3175 Aulidem
1847 3123 2055 3177 delatus

485 3213 849 3280 Agamemnon
921 3218 1185 3278 agrestem
1238 3225 1500 3280 capram,

487 3303 594 3357 telo
621 3302 956 3367 conlixisset,
985 3310 1148 3369 atque
1186 3299 1317 3354 hinc
1361 3299 1556 3371 151a
1582 3301 1785 3358 Graecis
1826 3305 2053 3374 naviga-

487 3399 632 3453 tione
666 3397 951 3470 prohibitis
988 3394 1220 3450 Calchas
1262 3404 1412 3450 vates
1440 3397 1822 3466 respondisset,
1854 3398 2052 3468 placari

486 3504 703 3554 numen,
730 3489 1259 3558 expiariquemalum
1283 3502 1460 3556 posse,
1486 3488 1529 3542 si
1558 3488 1917 3558 Ipltigcneiant
1943 3491 2051 3563 (95)

488 3582 652 3636 ﬁliam
686 3580 931 3650 Neptuno
964 3580 1269 3634 immolaret
1299 3580 1702 3650 AgamemuOu:
1731 3582 2053 3638 detrectauti

488 3674 540 3728 id
573 3673 754 3728 facere
784 3671 1047 3741 indignati
1094 3670 1265 3727 Graeci
1316 3673 1596 3742 imperium
1631 3673 1967 3739 ademerunt,
1998 3684 2054 3730 et

487 3764 828 3819 Palamedem
874 3779 1052 3833 regem
1101 3774 1376 3817 crearunt.
1425 3764 1587 3818 Addit
1645 3765 1977 3820 Philocteten
2022 3783 2053 3820 a

487 3864 738 3923 serpente
773 3868 1086 3923 percussum
1106 3855 1332 3922 periisse
1363 3869 1378 3906 :
1412 3863 1464 3908 et
1486 3853 1730 3908 Paridem
1757 3873 1786 3907 a
1813 3853 2054 3910 Menelao

491 3948 665 4000 femur
689 3945 845 4000 basta
867 3945 1055 4009 ictum,
1094 3946 1501 4014 interemptum.
1534 3945 1808 3999 Demetrio
1833 3945 2052 4021 [inquit]

498 4037 722 4106 Seepsio
782 4047 1020 4102 mortuo,
1077 4034 1301 4091 Tellidis
1354 4035 1548 4090 librum
1601 4035 1670 4090 ad
1714 4047 1874 4106 caput
1936 4038 2054 4107 ejus

489 4138 759 4199 repertum
817 4127 998 4182 ferunt
1053 4145 1068 4182 :
1119 4136 1174 4181 ut
1236 4136 1290 4181 et
1332 4127 1609 4184 Alcmanis
1651 4139 1897 4184 natantes
1941 4130 2052 4202 (96)

498 4213 779 4288 [feminas]
826 4217 891 4269 ad
942 4215 1172 4270 cervical
1207 4211 1494 4287 Titonychi
1545 4217 1918 4275 Chalcidensis
1953 4237 1968 4273 :
1999 4231 2054 4275 et

489 4305 765 4376 Eupolidis
789 4306 897 4378 (97)
929 4306 1334 4379 Hybristodicas
1360 4307 1471 4378 (98)
1503 4308 1569 4361 ad
1609 4307 1842 4376 Ephialti
1872 4321 2052 4380 caput.

487 4400 800 4470 Cratinique
851 4401 1090 4454 Eunidas
1119 4397 1226 4471 (99)
1268 4401 1408 4468 apud
1457 4400 1825 4456 Alexandrum
1875 4403 2054 4459 Mace-

490 4495 690 4548 donum
728 4509 931 4564 regem.
963 4494 1040 4548 lta
1087 4493 1306 4548 Hesiodi
1357 4508 1517 4561 opera
1559 4501 1615 4547 et
1647 4494 1763 4548 dies
1797 4495 2054 4552 Seleucus

1574 3211 1756 3268 Diana:
1802 3229 2010 3268 sacram
2037 3251 2052 3277 ,
2081 3210 2125 3268 C

2154 572 2274 640 οὐχὶ
2305 570 2364 623 τὸ
2388 570 2483 623 τοῦ
2507 572 2781 641 Νεμεαίου
2804 572 3015 633 λέοντος
3048 571 3209 640 δέρας
3225 568 3556 639 ἠμπίσχετο,
3587 568 3723 622 ἀλλὰ

2153 663 2381 725 Λέοντός
2409 680 2553 727 τινος
2601 663 2718 725 ἑνὸς
2773 663 2882 716 τῶν
2924 663 3222 730 Γιγάντων,
3268 663 3362 714 ἐπὶ
3392 661 3723 730 μονομαχίας

2155 752 2452 823 προκλήσει
2476 752 2521 783 ⁷⁸
2565 752 2656 820 ὑφ’
2696 751 3024 821 Ἡρακλέους
3071 748 3439 820 ἀνῃρημένου.
3474 744 3601 818 [250
3628 743 3721 814 IL]

2165 843 2253 906 '0;
2281 842 2511 910 ἀδελφὸς
2541 837 2609 912 ἦν
2637 843 2665 892 ὁ
2689 841 2902 912 δράκων
2941 841 2968 892 6
2992 839 3059 893 τά
3105 839 3286 909 χρυσᾶ
3327 837 3473 907 μῆλα
3517 835 3724 906 φυλάσ-

2155 952 2263 987 σων
2283 933 2328 965 ⁷⁸
2344 934 2436 987 τοῦ
2458 932 2730 1002 Νεμεαίου
2758 933 2990 994 λέοντος.
3035 932 3105 994 Ως
3121 933 3147 984 6
3164 930 3294 1000 παρ’
3333 922 3723 1000 ὈμήρῳἾρος

2154 1025 2384 1088 Βοιωτὸς
2424 1020 2512 1096 ἦν.
2556 1025 2645 1088 Ὠς
2697 1028 2730 1096 ὴ
2765 1022 3079 1078 Κανδαύλου
3112 1021 3268 1090 γυνὴ,
3306 1016 3386 1093 ’ἧς
3442 1019 3723 1088 Ἡρόδοτος

2152 1120 2212 1172 ού
2242 1119 2390 1187 λέγει
2415 1116 2677 1187 τοῦνομα,
2711 1119 2890 1171 Νυσία
2911 1118 2954 1148 ⁷⁸
2977 1117 3222 1169 ἐκαλεῖτο
3245 1130 3259 1145 ·
3291 1114 3358 1185 ἣν
3389 1113 3482 1165 καὶ
3511 1112 3728 1180 δίκορον

2153 1212 2246 1265 καὶ
2271 1209 2689 1281 ὀξυωπεστάτην
2734 1210 2866 1278 φασὶ
2908 1207 3195 1278 γενέσθαι,
3236 1206 3328 1260 τὸν
3369 1203 3727 1275 δρακοντίτην

2153 1301 2508 1372 κτησαμένην
2555 1301 2724 1367 λίθον,
2774 1300 2854 1353 διὸ
2920 1301 3016 1353 καὶ
3065 1298 3348 1353 αἰσθέσθαι
3400 1297 3492 1350 τὸν
3544 1297 3728 1366 Γύγην

2153 1391 2367 1456 ἐξιόντα
2395 1392 2440 1423 ⁷⁷
2467 1391 2554 1444 διά
2589 1391 2696 1445 τῶν
2727 1391 2904 1462 θυρῶν
2931 1406 2943 1418 '
2973 1389 3128 1444 ἄλλοι
3155 1387 3390 1442 Τουδοῦν
3420 1387 3591 1458 αὐτὴν
3623 1405 3728 1440 κα-

2152 1483 2382 1547 λεῖσθαι,
2419 1484 2467 1536 οί
2510 1483 2568 1535 δὲ
2619 1484 2876 1545 Κλυτίαν,
2936 1481 3109 1544 Ἀϐας
3166 1481 3221 1534 δὲ
3295 1477 3474 1549 Ἀϐρὼ
3521 1479 3731 1546 ταύτην

2154 1575 2456 1630 καλεῖσθαι.
2502 1574 2729 1644 Σιγῆσαι
2761 1573 2818 1625 δὲ
2875 1572 3116 1642 τοῦνομά
3167 1589 3300 1640 φασι
3342 1570 3442 1638 τῆς
3473 1568 3730 1638 γυναικὸς

2152 1669 2247 1721 τὸν
2291 1666 2592 1738 Ἡρόδοτον,
2624 1665 2747 1718 ἐπεὶ
2776 1667 2804 1718 ὁ
2841 1665 3116 1735 ἐρώμενος
3171 1663 3456 1733 Ἡροδότου
3491 1661 3730 1732 Πλησίρ-

2157 1759 2276 1828 ροος
2297 1755 2506 1818 Νυσίας
2535 1756 2580 1786 ⁷⁸
2627 1753 2854 1824 ὀνόματι
2895 1751 3171 1824 ἐρασθεὶς,
3219 1751 3634 1821 Ἀλικαρνασίας
3668 1748 3730 1802 τὸ

2156 1849 2330 1918 γένος,
2354 1848 2477 1900 ἐπεὶ
2505 1845 2580 1917 μὴ
2609 1845 2760 1916 τύχοι
2789 1844 2889 1914 τῆς
2923 1844 3167 1915 ἑταίρας,
3210 1844 3310 1896 οὐκ
3340 1841 3666 1912 ἀνεχόμενος
3683 1842 3729 1874 τ’

2159 1940 2340 2011 βρόχῳ
2401 1939 2592 1992 ἑαυτὸν
2656 1941 2962 2009 ἀνήρτησε⁶
3017 1937 3097 1989 διὸ
3145 1936 3190 1967 ³⁸
3247 1935 3583 2004 φυλάξασθαι
3652 1933 3730 1996 ὡς

2157 2031 2392 2101 anque;
2413 2031 2456 2062 ⁸⁸
2490 2032 2663 2083 εἰπεῖν
2717 2030 2778 2082 τὸ
2827 2030 2925 2098 τῆς
2957 2028 3166 2090 Νυσίας
3201 2027 3372 2096 ὄνομα
3415 2024 3727 2096 Ἡρόδοτον.

2171 2125 2256 2187 '0;
2290 2126 2341 2176 οί
2369 2125 2674 2192 Κένταυροι
2708 2122 3006 2192 φεύγοντες
3062 2121 3340 2190 Ἠρακλέα
3371 2119 3459 2172 διὰ
3512 2118 3726 2189 Τυρση-

2158 2220 2276 2281 νίας
2303 2219 2447 2288 λιμῷ
2466 2217 2853 2286 διεφθάρησαν,
2879 2215 3191 2284 θελχθέντες
3210 2213 3314 2266 ὑπὸ
3341 2213 3440 2280 τῆς
3459 2213 3732 2282 Σειρήνων

2160 2310 2488 2381 ήδυφωνίας.
2535 2309 2624 2369 Ὠς
2689 2306 2960 2376 Ἀὁδηρος
3003 2307 3030 2356 6
3071 2303 3404 2375 Ἡρακλέους
3456 2304 3730 2372 ἐρώμενος

2157 2401 2386 2468 ἀδελφὸς
2421 2395 2490 2472 ἦν
2533 2398 2871 2468 Πατρόκλου.
2918 2398 3004 2460 Ὠς
3054 2395 3315 2466 Ἐπιπόλη
3357 2394 3730 2466 ήΚαρυστία,

2159 2495 2193 2564 ἡ
2242 2495 2285 2545 Τ
2294 2495 2556 2563 ραχίωνος
2605 2490 2874 2560 θυγάτηρ,
2918 2491 3236 2557 κρύπτουσα
3275 2489 3372 2556 τὴν
3413 2485 3733 2554 γυναικείαν

2160 2586 2322 2653 φύσιν
2353 2583 2812 2654 συνεστρατεύετο
2870 2583 2983 2643 τοῖς
3036 2579 3285 2648 Ἕλλησι,
3328 2579 3632 2649 μηνυθείσα
3685 2576 3731 2630 δ’

2162 2678 2268 2730 ὑπὸ
2325 2676 2689 2746 Παλαμήδους
2729 2674 2833 2726 ὑπὸ
2881 2672 2989 2725 τῶν
3031 2670 3302 2741 Ἑλλήνων
3368 2668 3729 2737 κατελεύσθη.

2171 2771 2260 2833 Ὦς
2304 2768 2649 2836 Ἀλεξάνδρου
2681 2765 3018 2837 ἁρπάζοντος
3054 2763 3272 2833 Ἑλένην
3295 2762 3340 2795 ⁸¹
3376 2760 3649 2825 Μενέλαος
3663 2762 3734 2814 ἐν

2160 2861 2404 2932 Γορτύνῃ
2437 2861 2537 2929 τῆς
2601 2861 2826 2930 Κρήτης
2885 2857 3196 2926 ἑκατόμϐην
3225 2855 3348 2908 ἔθυε
3381 2855 3460 2926 τῷ
3491 2856 3597 2910 Διί.
3645 2855 3735 2918 Ὠς

2162 2951 2496 3021 Παλαμήδης
2523 2949 2635 3002 ἀντ’
2669 2948 3077 3018 Ἀγαμέμνονος
3119 2947 3387 3017 Ἐλλήνων
3413 2945 3687 3016 βασιλεύοι
3715 2961 3731 2976 ·

2161 3044 2219 3094 ὲν
2278 3041 2462 3093 Αὐλίδι
2510 3040 2619 3110 γὰρ
2675 3037 3124 3108 παραγενόμενος
3183 3036 3553 3107 Ἀγαμέμνων⁴
3602 3033 3736 3102 αἶγα.

2161 3132 2359 3201 ἀγρίαν
2410 3131 2563 3200 ίεράν
2621 3129 2936 3201 ’Δρτέμιδος
2980 3127 3353 3194 κατατοξεύοι,
3400 3129 3626 3191 ἀπλοίας
3674 3129 3733 3181 δὲ

2157 3223 2457 3292 γενομένης
2507 3223 2620 3284 τοῖς
2651 3221 2876 3291 Ἕλλησι
2904 3221 3012 3291 χρᾷ
3035 3220 3082 3251 ⁸³
3127 3219 3350 3288 Κάλχας
3409 3219 3634 3289 λυθῆναι
3670 3218 3734 3271 τὺ

2159 3317 2352 3379 δεινὸν,
2378 3319 2425 3368 εἰ
2452 3313 2631 3366 θύσειε
2655 3315 2752 3384 τὴν
2785 3314 3064 3384 θυγατέρα
3108 3311 3433 3380 Ἰφιγένειαν
3491 3311 3734 3380 Ἀγαμέ-

2161 3425 2308 3478 μνων
2331 3406 2660 3460 Ποσειδῶνι·
2697 3405 2791 3459 τοῦ
2820 3406 2879 3458 δὲ
2912 3406 2985 3476 μὴ
3018 3406 3417 3479 ἀνασχομένου,
3450 3405 3735 3473 ὀργισθέν-

2158 3517 2250 3564 τες
2295 3501 2342 3552 οί
2403 3499 2663 3568 Ἕλληνες
2706 3499 2991 3568 ἀφείλοντο
3038 3500 3205 3554 αὐτοῦ
3260 3501 3320 3553 τὸ
3371 3500 3592 3569 κράτος,
3637 3498 3737 3549 καὶ

2159 3590 2503 3660 κατέστησαν
2530 3589 2753 3660 βασιλέα
2785 3587 3140 3659 Παλαμήδην.
3174 3590 3303 3662 [485
3332 3589 3427 3660 Β.)
3465 3590 3550 3650 Ὠς
3579 3588 3733 3641 Φιλο-

2159 3685 2363 3752 κτήτης
2393 3681 2497 3734 ὑπὸ
2514 3681 2691 3752 ὄφεως
2716 3682 2947 3752 πληγεὶς
2971 3683 3235 3754 ἀνῃρέθη,
3254 3684 3349 3735 καὶ
3388 3681 3732 3748 Ἀλέξανδρος

2161 3772 2265 3824 ὑπὸ
2288 3774 2563 3826 Μενελάου
2581 3773 2767 3842 δόρατι
2798 3775 2888 3825 τὸν
2921 3792 2991 3845 μη
3003 3775 3093 3845 ρὸν
3119 3774 3346 3842 πληγεὶς
3369 3773 3580 3826 πίπτει.
3607 3772 3730 3824 Ὅτι

2158 3864 2584 3934 τελευτήσαντος
2619 3866 2934 3936 Δημητρίου
2980 3866 3077 3919 τοῦ
3115 3867 3352 3937 Σκηψίου
3407 3867 3466 3918 τὸ
3524 3864 3732 3934 βιϐλίον

2159 3954 2405 4018 Τέλλιδος
2441 3957 2577 4027 πρὸς
2609 3959 2674 4028 τῇ
2708 3957 2915 4028 κεφαλῇ
2944 3958 3112 4010 αὑτοῦ
3138 3957 3336 4029 εὑρέθη
3364 3974 3378 3988 ο
3404 3957 3502 4020 τὰς
3533 3956 3589 4008 δὲ
3618 3957 3730 4008 Κο-

2158 4039 2452 4109 λυμϐώσας
2490 4043 2883 4113 Ἀλκμειὶνους¹³1⁵
2903 4046 3037 4116 πρὸς
3053 4049 3118 4117 τῇ
3139 4047 3347 4118 κεφαλῇ
3365 4047 3661 4115 Τυρονίχου
3682 4045 3733 4079 ⁸⁵

2158 4132 2252 4186 τοῦ
2285 4134 2604 4199 Χαλκιδέως
2660 4136 2951 4207 εὑρεθῆναί
3008 4156 3169 4207 φασιν
3192 4139 3261 4203 ⁸⁸,
3309 4142 3436 4202 τοὺς
3465 4139 3508 4192 δ’
3547 4138 3732 4207 Ὕϐρι-

2161 4224 2413 4284 στοδίκας
2462 4226 2755 4291 Εὐπόλιδος
2819 4231 2956 4302 πρὸς
3011 4233 3076 4300 τῇ
3127 4231 3430 4299 Ἐφιάλτου,
3485 4229 3612 4292 τοὺς
3672 4228 3731 4282 δὲ

2159 4314 2414 4380 Εύνείδκ
2429 4317 2473 4351 ⁸⁷
2507 4319 2778 4389 Κρατίνου
2809 4323 2948 4394 πρὸς
2977 4325 3044 4393 τῇ
3082 4323 3430 4394 Ἀλεξάνδρου
3457 4321 3551 4375 τοῦ
3577 4321 3731 4391 βασι-

2158 4407 2295 4471 λέως
2346 4410 2671 4464 Μακεδόνων
2695 4412 2762 4477 ⁸⁸,
2815 4415 2884 4467 τὰ
2932 4414 2976 4467 δ’
3007 4417 3186 4483 Ἔργα
3207 4416 3301 4470 καὶ
3347 4416 3447 4478 τὰς
3485 4414 3730 4482 Ἡμέρας

2171 4500 2412 4554 Ἠσιόδου
2466 4503 2603 4573 πρὸς
2658 4507 2723 4576 τῇ
2781 4504 2874 4558 τοῦ
2934 4506 3200 4560 Σελεύκου
3255 4505 3350 4560 τοῦ
3427 4507 3730 4575 Νικάτορος

488 4581 755 4639 Nicatoris
801 4584 942 4639 illius
986 4583 1052 4638 ad
1094 4592 1256 4652 caput
1286 4597 1502 4653 semper
1534 4583 1792 4639 admovit.
1827 4586 1965 4652 Quin
2005 4599 2053 4642 et

2170 4595 2405 4667 κεφαλῇ.
2449 4571 2524 4652 ’οἽ
2573 4571 2753 4670 μέντοι
2807 4601 3102 4674 νομοθέτης
3153 4601 3428 4672 Ἀρκάδων
3461 4571 3732 4669 Κερκίδας

1760 4699 1998 4758 VARLE
2028 4706 2322 4765 LECTION
2333 4713 2443 4770 ES.

558 4820 607 4900 ιι
633 4817 1087 4900 προςὲλῄνσειςις,
1162 4817 1263 4898 τιρ
1326 4817 1450 4900 Spei.
1513 4817 1699 4900 cdnxp.
1735 4819 2155 4900 μῆλαδράκώλ
2182 4829 2411 4900 ἀδελφὸς

489 4889 576 4941 διὰ
613 4906 674 4952 ς.
751 4889 794 4919 ⁷⁸
838 4889 1082 4952 Νυσσίας
1109 4905 1168 4952 ς.
1211 4889 1289 4940 sic
1326 4891 1482 4943 iul‘ra.

488 4960 534 5027 δέ
589 4957 697 5012 Ἑλ.
758 4958 891 5027 ἀρπ.
956 4975 1020 5022 ς.
1122 4957 1169 4989 ⁸³
1219 4961 1382 5027 κιχρᾷ
1433 4976 1495 5023 ς.
1589 4960 1634 4991 ⁸³

1565 4891 2000 4972 ⁷ξιάνεσχομένης
2033 4897 2235 4972 ύίψόθεν
2256 4891 2436 4972 βρόχιρ
2572 4891 2649 4934 ’⁸⁸
2678 4903 2755 4955 διὸ
2791 4903 2885 4955 καὶ
2913 4891 3036 4968 φυλ.
3073 4920 3133 4966 ς.

1688 4961 1986 5031 Ἀλκμᾶνος
2049 4961 2419 5026 (Σοειιιιιιοίιιιὲξ

2465 4827 2535 4902 ἦν
2563 4851 2622 4896 ς.
2699 4834 2744 4865 ⁷⁸
2773 4833 2959 4886 Μυσία
2987 4849 3048 4896 ς’.
3071 4832 3116 4864 ⁷⁷
3146 4832 3359 4898 ἐξιόντα
3390 4832 3468 4894 είς
3498 4830 3731 4902 ζήτησιν

3241 4903 3284 4933 ⁸¹
3339 4901 3608 4970 ἀπεχθέον
3630 4901 3635 4902 ⁷
3664 4920 3727 4966 ς.

2524 4973 2568 5006 ⁸⁵
2594 4973 2875 5042 τυρονίχου
2911 4973 2993 5028 A:
3027 4971 3338 5042 Titini/76106
3379 4989 3438 5035 ς’.
3469 4971 3728 5042 Τύννιχου

490 5026 930 5111 Ηιςιιικηγιιίεείιις
957 5028 1251 5111 (apud-nos
1279 5026 1832 5111 Continentaruerit.‘
1881 5035 1932 5086 in
1979 5035 2254 5111 Platonem
2296 5057 2348 5107 p.
2391 5039 2485 5106 Xl)
2516 5053 2571 5096 et
2593 5026 2844 5111 Na't'AkiuAs
2889 5026 3149 5106 (Climril.
3192 5026 3342 5095 Sti‘m.
3476 5026 3727 5111 59).]?0"

489 5100 713 5181 οξῖθξξάῖι
745 5098 1012 5181 Κιξξῑςξυῇ
1046 5098 1197 5181 Silii-
1229 5112 1277 5181 νς
1330 5097 1646 5181 Ἀλκμάξ-Λ,
1668 5099 1713 5130 ⁸⁸
1735 5100 1852 5181 Eat-2?.
1881 5106 2042 5181 φησὶν
2072 5107 2120 5159 Α
2145 5097 2356 5181 εμφαοῖὶν
2400 5097 2517 5181 εύρ.
2553 5129 2615 5176 ς.
2645 5113 2771 5175 τοὺς
2803 5097 3050 5168 Valesius
3091 5130 3107 5168 :
3140 5112 3263 5166 libri
3294 5097 3412 5175 τάξ.
3487 5097 3560 5143 ’τ’
3601 5110 3728 5166 libri

487 5169 702 5229 εὐνίδας
735 5185 750 5224 :
786 5167 857 5221 cl'.
891 5167 1098 5221 Muller.
1155 5166 1410 5223 Orchom.
1452 5166 1505 5238 p.
1548 5169 1674 5226 504,
1748 5166 2120 5242 ⁸⁸“μακεδόνος
2156 5166 2223 5233 A'.

2000 5290 2237 5351 NOTAE.

486 5454 504 5508 Ι
559 5383 671 5455 (92)
704 5382 820 5438 Lib.
857 5399 898 5450 t,
926 5394 1013 5436 ut):
1067 5393 1279 5434 onmem
1317 5394 1452 5450 pene
1488 5382 1554 5435 de
1581 5381 1730 5454 Gyge
1769 5383 2053 5441 historiam

507 5471 652 5508 euas.

507 5471 652 5510 θιιιιε.

700 5519 835 5592 Yide
866 5536 1010 5591 supr.
1043 5519 1094 5572 in
1128 5527 1365 5588 cxcerpt.
1392 5534 1457 5574 ex
1479 5521 1572 5576 lib.
1609 5537 1692 5577 ιιι.

558 5591 668 5661 (94)
704 5591 836 5644 Vide
868 5602 922 5644 et
947 5606 1060 5658 seq.
1095 5604 1218 5659 pag.

560 5659 672 5732 (95)
693 5661 1195 5732 'l‘ragwdiam_ltanc
1229 5659 1412 5714 docuit
1443 5659 1626 5729 Eurip.

560 5729 672 5802 (90')
703 5729 819 5792 Τάς
845 5729 1202 5802 κολυμὸώσας
1230 5746 1243 5788 .°
1273 5747 1500 5801 quarunt
1530 5735 1692 5789 etiam
1727 5732 1921 5789 Suidas
1947 5749 2054 5790 me-

491 5800 658 5856 minit
681 5815 806 5855 voce
825 5800 1060 5853 Alcman.

2239 5390 2368 5461 (97),
2395 5391 2525 5460 Ejus
2582 5392 2745 5445 vitam
2802 5389 3014 5460 collegit
3050 5389 3154 5444 Lil.
3187 5388 3456 5459 Gyraldus
3482 5387 3626 5442 Dial.
3653 5404 3726 5453 vt,

2166 5470 2223 5513 ut
2257 5471 2309 5511 et
2339 5460 2569 5515 Cratini.

2234 5528 2344 5597 (98)
2391 5529 2827 5601 ’Υόριστοδίκαι,
2871 5532 2918 5583 οἱ
2947 5529 3364 5601 μὴξβουλόμενοι
3418 5526 3517 5601 τὰς
3568 5527 3725 5601 δίκας

2160 5599 2507 5668 εἰσαγαγεῖν,
2531 5605 2670 5669 apud
2710 5600 2912 5654 Pellite.
2943 5599 3224 5669 et'llesyd.
3251 5600 3374 5652 vide
3413 5599 3599 5668 δίδου.
3651 5599 3726 5650 De

2161 5671 2372 5736 magisl.
2409 5671 2594 5723 Allien.

2231 5733 2342 5808 (99)
2375 5740 2624 5803 Εὐνείδαις
2659 5739 2810 5807 γένος
2841 5757 2894 5792 τι
2933 5739 3186 5810 Ἀθήνησι
3215 5735 3565 5808 κιθαριστῶν.
3586 5733 3724 5792 Vide

2160 5805 2398 5879 Hesyéh.
2436 5827 2499 5864 ac
2541 5805 2776 5878 Suidaet
2809 5805 3140 5864 cntantur'a'b
3166 5805 3364 5863 Athen.
