4030 6248
331 200 442 264 625

1417 211 1940 273 BIBLIOTHECA.
1979 236 2051 248 -
2085 215 2251 277 COD.
2285 217 2440 280 CXC.

3471 228 3587 291 69.6.

330 323 671 390 συνταφῆναι
699 319 848 392 αύτῷ
876 320 936 374 τὸ
973 322 1015 374 Α
1051 323 1144 374 καὶ
1176 324 1216 374 Β
1243 323 1289 356 ⁸⁹
1319 325 1420 395 τῆς
1463 327 1682 391 Ἰλιάδος
1712 327 1905 382 κελεύ.

2016 331 2277 387 Arcadum
2309 332 2585 404 legislator
2604 333 2861 394 Cercidas
2895 336 3101 395 tumqu
3123 354 3227 394 suo
3255 342 3486 408 primum
3521 356 3575 402 ct

330 429 476 465 σειεν
499 428 514 442 °
549 411 580 464 6
613 411 670 464 δὲ
703 411 988 481 Πομπήϊος
1044 414 1072 465 6
1127 415 1347 482 Μάγνος
1383 417 1491 470 οὐδ’
1527 419 1609 480 εἰς
1668 418 1907 488 πόλεμον

327 505 512 574 προτοι
535 505 583 537 9°
635 503 765 576 πρὶν
793 505 858 558 ἂν
896 505 956 558 τὸ
984 503 1089 558 A“
1128 507 1227 576 τῆς
1288 507 1506 572 Ἰλιάδος
1548 509 1905 578 ἁναγνώσειε,

311 581 578 666 ζηλωτὴς
603 595 680 648 ὣν
718 597 1123 670 Ἀγαμέμνονος
1146 615 1163 631 ⁸
1193 601 1221 653 6
1253 599 1311 653 δὲ
1345 599 1617 669 Ῥωμαῖος
1645 601 1902 673 Κικέρων

330 686 578 757 Μήδειαν
611 688 898 758 Εὐριπίδου
927 690 1412 759 ἁναγινώσκων,ὲν
1444 693 1644 764 φορείῳ
1667 695 1904 764 φερόμε-

331 795 443 840 νος,
506 778 850 850 ἀποτμηθείη
903 781 1002 852 τὴν
1069 783 1354 854 κεφαλήνο
1387 784 1464 849 ὡς
1528 784 1818 856 Διόγνητος
1874 786 1905 840 6

330 871 509 942 Κρὴς,
557 870 587 927 5
622 871 856 940 πύκτης,
912 873 1142 944 νικήσας
1178 873 1240 926 οὐ
1293 872 1449 928 λάϐοι
1481 875 1573 927 τὸν
1612 874 1901 942 στέφανον,

331 960 471 1014 ἀλλὰ
497 963 593 1016 και
628 963 845 1034 ὲλαθείη
870 963 974 1016 ὑπὸ
1009 963 1256 1028 Ἠλείων,
1293 964 1427 1018 διότι
1459 967 1488 1019 6
1525 949 1768 1035 νικηθεὶς
1807 967 1904 1020 και

333 1055 641 1125 ἀναιρεθεὶς
668 1054 760 1109 ὐπ’
800 1056 966 1110 αὑτοῦ
1015 1055 1290 1128 Ἡρακλῆς
1318 1057 1567 1110 ἐκαλεῖτο
1593 1057 1902 1128 ὁμωνυμῶν

335 1147 412 1218 τῷ
445 1148 588 1218 ἥρωϊ
620 1164 636 1178 ·
660 1148 850 1202 τοῦτον
880 1149 972 1202 τὸν
997 1150 1285 1221 Διόγνητον
1316 1150 1388 1215 ὡς
1418 1151 1576 1221 ἥρωα
1608 1151 1827 1222 Κρῆτες
1855 1153 1902 1185 οι

332 1240 588 1310 τιμῶσιν.
629 1240 754 1294 Ὀτι
790 1241 851 1294 τὸ
899 1241 1217 1314 Ὁμηρικὸν,
1251 1241 1649 1314 τιτρώσκεσθαι
1684 1243 1908 1314 μέλλον-

334 1347 431 1394 τος
448 1370 464 1395 ,

340 1502 495 1557 Οὐδὲ
523 1503 724 1570 σέθεν,
755 1504 1044 1571 Μενέλαε,
1089 1507 1210 1562 θεοί
1244 1507 1511 1578 μάκαρες
1553 1509 1905 1576 λελάθοντο,

333 1593 528 1648 τοῦτον
557 1595 650 1649 τὸν
711 1597 892 1666 στίχον
945 1597 1270 1668 παρῴδησεν
1322 1601 1351 1652 6
1392 1599 1590 1662 Πύθιος
1619 1601 1905 1672 Μενέδημε

2007 422 2306 476 secundum
2353 422 2546 478 Iliados
2593 415 2785 479 librum
2833 425 3021 482 inferri
3069 425 3252 495 jussit.
3289 429 3588 501 Pompeius.

2007 525 2223 580 quoque
2279 511 2505 580 Magnus
2541 529 2648 568 non
2679 514 2829 583 prius
2870 515 2923 569 in
2958 518 3340 586 expeditiones
3381 524 3568 578 tendo-

2007 602 2121 668 bat,
2181 619 2342 674 quam
2402 605 2633 674 primum
2697 605 2896 662 Iliados
2946 606 3145 665 librum
3224 612 3572 681 perlegisset.

2007 695 2147 764 quod
2173 696 2392 752 aemulus
2422 705 2590 760 esset,
2628 697 2980 768 imitatorque
3016 699 3457 770 Agamemnonis.
3482 705 3574 760 Ci-

2007 801 2132 841 cero
2161 787 2287 841 item
2325 786 2600 843 Romanus
2624 788 2896 860 Euripidis
2924 788 3162 847 Medeam
3205 793 3480 857 evolvens,
3517 796 3572 848 in

2007 874 2223 940 lectica,
2263 892 2368 948 qua
2410 879 2748 948 gestabatur,
2789 879 2964 948 capite
2995 888 3275 936 truncatus
3302 891 3405 937 est.
3443 883 3569 937 Dio-

2007 977 2200 1036 gnetus
2229 967 2510 1022 Cretensis
2550 967 2675 1041 [ait]
2705 970 2943 1038 pugilatu
2969 970 3164 1037 victor,
3190 987 3445 1027 coronam
3469 988 3573 1026 non

2005 1055 2179 1110 solum
2208 1069 2313 1110 non
2351 1058 2582 1126 accepit,
2617 1060 2711 1114 sed
2741 1059 2902 1114 etiam
2931 1063 2998 1114 ab
3036 1060 3353 1118 Eleensibus
3387 1063 3588 1131 pulsus.

2007 1145 2125 1213 fuit,
2159 1157 2448 1217 propterea
2475 1150 2618 1219 quod
2650 1151 2845 1218 victus,
2879 1164 3158 1222 eassusque
3191 1152 3260 1208 ab
3283 1153 3396 1216 illo,
3423 1166 3574 1209 cum-

2006 1237 2151 1290 muni
2165 1237 2464 1302 cumberoe
2478 1240 2697 1294 nomine
2713 1239 2974 1298 Hercules
2991 1241 3287 1312 appellatus
3303 1251 3406 1298 est.
3419 1242 3576 1301 Hunc

2005 1339 2185 1382 autem
2216 1329 2530 1398 Diognetum
2551 1339 2610 1384 ut
2625 1330 2792 1386 heroa
2808 1331 3093 1386 Cretenses
3107 1332 3314 1386 colunt.
3333 1331 3580 1388 Homeri-

2005 1436 2124 1476 cum
2149 1421 2298 1475 illum
2322 1436 2535 1476 versum
2557 1423 2621 1475 de
2641 1421 2865 1492 jamjam
2890 1423 3220 1478 vulnerando
3250 1423 3536 1498 [Menelao]
3562 1444 3578 1480 :

2223 1514 2354 1580 Nec,
2377 1513 2634 1580 Menelae,
2657 1515 2734 1568 tui
2757 1515 2955 1568 duxere
2977 1515 3171 1569 oblivia
3197 1514 3318 1570 Divi
3331 1531 3353 1580 ;

2007 1603 2154 1660 hunc
2182 1603 2452 1678 [inquam]
2503 1621 2717 1660 versum
2745 1621 2840 1675 per
2866 1606 3146 1674 parodiam
3178 1605 3429 1675 Pythius,
3456 1621 3576 1660 mu-

333 1685 457 1740 ἀντὶ
498 1684 593 1739 τοῦ
623 1685 674 1719 ’³
698 1687 966 1741 Μενέλαε.
997 1688 1277 1758 Προετάθη
1318 1689 1376 1742 δὲ
1407 1689 1468 1742 τὸ
1497 1689 1720 1761 ζήτημα
1758 1691 1911 1760 παρὰ

2016 1704 2123 1749 tato
2151 1695 2376 1750 Menelai
2411 1697 2632 1750 nomine
2677 1697 2730 1750 in
2762 1695 3087 1763 Menedemi,
3125 1697 3434 1766 usurpavit.
3474 1695 3580 1752 Po-

331 1776 549 1830 δεῖπνον
569 1776 881 1844 Αὐγούστου
910 1777 1005 1836 τοῦ
1029 1777 1313 1846 βασιλέως,
1343 1781 1495 1832 ποῖον
1522 1779 1702 1850 στίχον
1745 1780 1913 1852 Ὀμή-

339 1885 434 1940 ρου
453 1868 499 1901 ⁸⁵
522 1868 845 1942 παρῴδησεν
863 1871 892 1922 ὁ
919 1870 1188 1941 χρησμὸς,
1221 1870 1314 1924 καὶ
1329 1870 1413 1934 τίς
1433 1871 1582 1924 ἐστιν
1601 1874 1630 1924 6
1657 1871 1775 1943 1251
1813 1871 1910 1945 Η.]

334 1963 396 2014 ὲν
436 1963 516 2032 τῷ
542 1955 803 2034 ’χρησμῷ
840 1962 1239 2035 ἱστορούμενος.
1301 1963 1412 2016 Καὶ
1468 1963 1544 2028 ὡς
1593 1965 1912 2035 Μενέδημος

348 2050 563 2116 Ἠλεῖος
590 2052 793 2107 Βουνέα
824 2055 936 2107 υἱὸν
975 2055 1255 2119 ὑπέδειξεν
1319 2054 1584 2124 Ἠρακλεῖ
1639 2057 1769 2126 περὶ
1812 2056 1914 2124 τῆς

338 2144 662 2213 καθάρσεως
693 2145 789 2198 τοῦ
835 2145 1044 2214 Αὐγέου
1070 2147 1116 2178 ’⁸
1156 2147 1384 2216 κόπρου,
1442 2145 1586 2200 ὥστε
1642 2148 1913 2218 ἀποστρέ-

335 2235 438 2304 ψαι
460 2235 553 2287 τὸν
573 2234 850 2305 ποταμόν·
880 2235 940 2287 δν
970 2235 1065 2289 καὶ
1097 2236 1457 2306 συμμαχῆσαι
1504 2235 1784 2306 Ἠρακλεῖ.
1823 2235 1912 2288 Ἑν

335 2329 418 2399 τῷ
460 2328 597 2399 πρὸς
621 2328 844 2396 Αὐγέαν
863 2329 1086 2399 πολέμῳ
1131 2329 1283 2397 φασὶ,
1335 2328 1433 2384 καὶ
1465 2329 1510 2361 ⁸⁸
1553 2328 1910 2400 ἀναιρεθέντα

335 2422 579 2491 ταφῆναι
642 2421 701 2473 ἐν
761 2420 1059 2490 Λεπρέῳ⁹⁷
1115 2421 1266 2491 παρὰ
1317 2419 1528 2490 πεύκης
1547 2419 1616 2452 ⁸⁷·
1686 2421 1908 2490 δένδρῳ.

349 2513 565 2579 Ἀγῶνα
595 2512 651 2565 δὲ
676 2512 789 2576 θεὶς
812 2512 898 2565 ἐπ’
921 2511 1070 2582 αὐτῷ
1099 2510 1377 2584 Ἡρακλῆς
1412 2510 1679 2565 ἐπάλαισε
1702 2511 1871 2584 Θησεῖ
1893 2527 1908 2542 ο

341 2604 633 2668 ίσοπαλοῦς
655 2603 712 2656 δὲ
731 2602 824 2656 τοῦ
869 2603 1080 2670 ἀγῶνος
1117 2601 1412 2670 γενομένου
1458 2601 1668 2675 ὲρῤήθη
1693 2603 1739 2635 ⁸⁸
1761 2603 1913 2674 παρὰ

337 2695 449 2749 τῶν
477 2693 686 2749 θεατῶν
713 2695 841 2765 περὶ
866 2693 961 2748 τοῦ
990 2693 1214 2766 Θησέως
1234 2709 1249 2724 ·
1279 2694 1504 2759 ’Ἄλλος
1529 2689 1708 2760 οὗτος
1747 2694 1912 2762 Ἡρα-

339 2784 520 2855 κλῆς.
552 2786 677 2839 Ὀτι
718 2786 992 2838 Φαντασία
1032 2802 1118 2847 τις
1161 2785 1439 2854 Μεμφῖτις
1491 2783 1771 2854 Νικάρχου
1817 2783 1913 2837 θυ-

2012 1787 2114 1838 sita
2143 1796 2320 1841 autem
2341 1785 2445 1840 fuit
2470 1787 2698 1856 quaestio
2721 1787 2772 1840 in
2797 1802 2951 1843 coena
2976 1788 3202 1858 Augusti
3229 1789 3591 1858 imperatoris.

2013 1876 2226 1944 qualem
2256 1889 2474 1930 versum
2504 1877 2780 1931 oraculum
2805 1894 2902 1948 per
2920 1880 3198 1948 parodiam
3220 1879 3581 1944 enuntiasset,

2013 1976 2070 2020 et
2099 1967 2220 2034 quis
2258 1966 2482 2021 oraculo
2527 1968 2844 2022 referretur.
2883 1968 3258 2024 Menedemum
3298 1969 3582 2025 Eleensem

2013 2055 2209 2110 Bnneae
2243 2057 2414 2111 lilium
2441 2057 2618 2112 lerunt
2644 2059 2862 2112 Herculi
2893 2061 3201 2117 ostendisse
3244 2063 3589 2134 expurgandi

2009 2147 2206 2201 stabuli
2225 2148 2405 2217 Augmi
2426 2151 2717 2213 rationem,
2737 2159 2897 2217 atque
2922 2153 3055 2205 adeo
3079 2151 3276 2207 ﬂumen
3295 2154 3583 2208 avertisse.

2013 2237 2268 2293 Eumdem
2324 2255 2430 2293 una
2481 2255 2600 2294 cum
2652 2240 2884 2296 Hercule
2934 2242 3075 2296 bello
3120 2242 3374 2314 Augaeam
3417 2258 3590 2312 oppu-

2014 2343 2229 2398 gnasse,
2264 2328 2613 2386 interfecmm
2666 2331 2832 2386 humo
2889 2346 3009 2387 esse
3059 2334 3336 2388 conditum
3379 2334 3430 2387 in
3480 2333 3586 2389 Le-

2011 2435 2164 2491 preo,
2198 2432 2418 2492 propter
2446 2423 2654 2493 piceam
2683 2423 2955 2478 arborem.
2985 2423 3240 2478 Instituto
3259 2435 3439 2478 autem
3465 2425 3586 2494 ejus

2011 2525 2170 2565 causa
2202 2513 2524 2579 certamine,
2566 2511 2854 2568 Herculem
2898 2515 2970 2569 ibi
3021 2529 3144 2569 cum
3196 2513 3408 2570 Theseo
3460 2529 3582 2570 cer-

2014 2612 2176 2667 tasse,
2206 2617 2439 2672 cumque
2491 2604 2696 2657 viribus
2748 2619 2906 2672 pares
2957 2613 3178 2672 essent,
3229 2605 3498 2672 iactatum
3556 2618 3588 2657 a

2013 2694 2409 2757 spectatoribus
2463 2695 2530 2748 de
2575 2693 2836 2749 Theseo:
2871 2693 3019 2748 Alter
3067 2695 3149 2748 hic
3193 2694 3447 2748 Hercules
3487 2693 3588 2766 (l).

2012 2781 2358 2838 Pliantasiam
2405 2784 2557 2839 aiunt
2603 2787 2893 2854 quamdam
2931 2785 3301 2855 Memphitida,
3337 2786 3590 2842 Nicarchi

339 2878 521 2948 γάτηρ
563 2875 817 2941 συνέταξε
849 2876 956 2948 πρὸ
994 2876 1236 2946 Ὀμήρου
1271 2875 1360 2928 τὸν
1402 2875 1630 2928 Ἰλιακὸν
1673 2875 1911 2942 πόλεμον

2016 2873 2177 2926 tiliam
2216 2885 2340 2927 ante
2369 2875 2654 2929 Homerum
2689 2875 2881 2946 151b
2911 2877 3128 2931 Iliacum
3161 2877 3359 2932 bellum
3392 2890 3445 2933 et
3467 2893 3596 2932 nar-

338 2969 438 3022 καὶ
467 2968 566 3038 τὴν
605 2968 735 3038 περὶ
785 2968 1097 3029 Ὀδυσσείας
1132 2966 1388 3036 διήγησιν
1412 2983 1425 2996 ·
1450 2968 1545 3020 καὶ
1587 2968 1911 3022 ἀποκεῖσθαί

2016 2964 2282 3016 rationem
2315 2966 2380 3018 de
2408 2961 2598 3035 Ulysse
2636 2967 3008 3034 composuisse
3040 2965 3141 3038 (2),
3183 2968 3593 3036 depositumque

340 3077 475 3129 φασι
503 3060 603 3123 τὰς
629 3058 845 3128 βίϐλους
898 3059 956 3111 ἐν
987 3057 1258 3128 Μέμφιδι,
1291 3058 1540 3129 ’Όμηρον
1572 3058 1629 3111 δὲ
1666 3076 1911 3130 παραγε-

2016 3068 2148 3121 upus
2200 3051 2519 3123 Memphide.
2563 3053 2850 3109 Homerum
2903 3069 3033 3125 ergo
3080 3053 3383 3124 profectum
3437 3070 3524 3118 eo,
3559 3069 3590 3108 a

340 3153 586 3222 νόμενον,
624 3151 718 3204 καὶ
755 3149 826 3204 τὰ
866 3150 1176 3220 ἀντίγραφα
1215 3148 1447 3202 λαϐόντα
1483 3150 1635 3221 παρά
1681 3149 1911 3204 Φανίτου

2016 3143 2246 3199 Pltanite
2293 3161 2454 3200 sacro
2504 3147 2682 3200 scriba
2721 3148 3065 3202 commodato
3103 3148 3233 3201 illud
3285 3149 3588 3216 accepisse,

339 3241 435 3295 τοῦ
469 3239 980 3312 ἰερογραμματέως,
1019 3237 1275 3303 συντάξαι
1309 3239 1538 3302 ἐκείνοις
1576 3239 1911 3304 ἀκολούθως.

2016 3238 2244 3308 ejusque
2284 3253 2406 3294 esse
2449 3240 2694 3295 ordinem
2725 3241 3052 3294 insecutum.
3079 3240 3286 3294 Adonis
3316 3237 3590 3311 [narrant]

354 3333 444 3394 Ὠς
476 3332 708 3395 ’Ἄδωνις
737 3331 1059 3402 ἀνδρόγυνος
1079 3329 1368 3398 γενόμενος
1392 3330 1462 3384 τὰ
1496 3333 1592 3402 μὲν
1622 3331 1844 3400 ἀνδρεῖα
1868 3334 1911 3365 ⁵³

2016 3333 2363 3401 androgynns
2398 3345 2520 3384 cum
2551 3340 2718 3396 esset,
2743 3341 2802 3384 ut
2837 3332 2917 3384 vir
2951 3345 3070 3385 cum
3102 3330 3340 3396 Venere,
3375 3340 3433 3384 ut
3473 3347 3613 3384 mu.--

342 3421 481 3492 πρὸς
523 3421 844 3492 Ἀφροδίτην
881 3420 1148 3490 πράσσειν
1187 3418 1422 3488 ἐλέγετο,
1458 3421 1530 3474 τὰ
1566 3420 1774 3492 θηλυκὰ
1800 3422 1816 3453 ⁸
1857 3420 1915 3474 δὲ

343 3512 482 3581 πρὸς
532 3512 866 3568 Ἀπόλλωνα.

426 3603 516 3665 Ὠς
555 3603 789 3674 Ἀλφειῷ
816 3603 894 3676 τῷ
915 3607 1144 3682 ποεαμῷ
1165 3607 1336 3677 γέρας
1365 3605 1707 3678 δωρούμενος
1745 3607 1916 3678 Ἦρα-

345 3692 503 3762 κλῆς,
529 3694 759 3764 νικήσας
786 3696 844 3749 ὲν
886 3697 1176 3770 Ὀλυμπίᾳ,
1211 3697 1306 3752 ἀπ’
1339 3696 1503 3750 αὐτοῦ
1527 3698 1548 3727 ³
1596 3698 1822 3752 ἐκάλεσε
1855 3699 1918 3752 τὸ

345 3787 492 3854 ἄλφα
535 3788 630 3840 καὶ
680 3787 947 3857 προέταξε
985 3789 1094 3842 τῶν
1144 3790 1447 3860 στοιχείων.
1491 3790 1613 3843 Ὅτι
1663 3791 1918 3862 φλυαρῶν

345 3872 504 3941 οὗτος
526 3879 556 3930 6
589 3878 960 3949 μυθογράφος,
979 3881 1206 3951 Μωσῆς,
1221 3883 1386 3952 φησὶν
1420 3881 1461 3946 ³,
1476 3883 1504 3934 6
1519 3880 1625 3934 τῶν
1651 3881 1919 3954 Ἐϐραίων

353 3971 654 4042 νομοθέτης
683 3971 849 4040 ἄλφα
887 3971 1134 4026 ἐκαλεῖτο
1177 3972 1265 4025 διὰ
1311 3972 1371 4026 τὸ
1419 3972 1622 4042 ἀλφοὺς
1652 3973 1795 4044 ἔχειν
1826 3975 1919 4028 ἐπὶ

344 4063 442 4115 τοῦ
479 4061 754 4131 σώματος.
805 4063 845 4116 Γ
849 4063 1064 4134 αλέριος
1092 4064 1149 4117 δὲ
1181 4064 1437 4134 Κράσσος
1485 4067 1514 4118 6
1563 4064 1857 4136 χιλίαρχος,
1891 4067 1921 4118 6

347 4152 443 4205 ἐπὶ
469 4153 722 4225 Τιὸερίου
770 4153 1071 4224 Καίσαρος,
1120 4152 1443 4227 [χιλίαρχος]
1469 4154 1635 4224 ,βῆτα
1675 4156 1920 4210 ἐκαλεῖτο

347 4241 521 4312 ἡδέως
557 4242 763 4313 σεύτλῳ
800 4243 1116 4314 χρώμενος,
1172 4243 1201 4296 ὃ
1256 4244 1320 4315 δὴ
1380 4244 1638 4314 βητάκιον
1690 4245 1918 4300 καλοῦσι

2018 3423 2119 3477 lier
2137 3438 2258 3476 cmn
2290 3422 2535 3494 Apolline
2565 3437 2891 3492 congressus
2919 3432 3025 3478 est.

2092 3603 2324 3672 Alpltcio
2370 3604 2498 3658 item
2533 3603 2742 3660 ﬂumini
2780 3615 3226 3660 remuneraturus
3266 3605 3319 3659 in
3355 3606 3604 3677 Olympia

2021 3697 2100 3753 cis
2137 3700 2316 3753 victor
2354 3697 2638 3766 Hercules,
2665 3699 2838 3768 Alpha
2891 3699 2960 3754 ab
3010 3715 3075 3752 eo
3123 3699 3360 3753 litteram
3415 3701 3594 3752 nomi-

2021 3788 2190 3853 navit,
2223 3789 2563 3857 primamque
2598 3789 2840 3844 omnium
2893 3788 3198 3843 collocavit.
3247 3787 3490 3859 Nugatur
3518 3791 3595 3858 (5)

2021 3881 2186 3935 etiam
2221 3878 2527 3934 fabularum
2562 3878 2652 3934 hic
2694 3881 2948 3950 scriptor,
2978 3880 3103 3934 dum
3133 3881 3233 3946 ait,
3262 3878 3480 3951 Moysen
3513 3880 3594 3952 (4)

2024 3970 2370 4026 Ιιεὺιτιιοτιιιιι
2409 3969 2776 4041 legislatorem
2823 3970 2984 4039 alpha
3023 3971 3229 4025 idcirco
3283 3971 3464 4027 fuisse
3502 3988 3600 4042 ap-

2023 4063 2306 4131 pellatum,
2339 4059 2481 4128 quod
2517 4057 2672 4130 ἀλφῷ
2704 4057 2829 4131 [hoc
2860 4068 2944 4113 est
2981 4057 3264 4130 vitiligiue]
3290 4074 3488 4127 corpus
3513 4060 3599 4114 in-

2027 4155 2230 4207 lectum
2279 4152 2524 4206 haberet.
2571 4149 2822 4204 Galerius
2870 4150 3123 4216 Crassus,
3158 4150 3460 4220 imperante
3507 4147 3602 4204 Ti-

2026 4245 2178 4299 berio
2204 4243 2423 4299 Caesare
2458 4241 2708 4296 tribunus
2748 4242 2982 4296 militum
3019 4246 3136 4295 beta
3162 4251 3247 4297 est
3275 4241 3596 4311 appellatus,

360 4332 642 4402 Ῥωμαῖοι.
700 4333 813 4387 Καὶ
877 4332 1167 4404 Ὀρπυλλὶς
1196 4332 1255 4387 δὲ
1307 4335 1341 4405 ἡ
1394 4334 1677 4406 Κυζικηνὴ
1730 4336 1911 4406 ἑταίρα

2028 4339 2170 4406 quod
2201 4336 2291 4390 illa
2322 4335 2582 4390 libentius
2613 4333 2782 4388 herba
2829 4343 3094 4396 uteretur,
3127 4347 3248 4402 quae
3282 4350 3310 4386 a
3338 4332 3601 4386 Romanis

346 4423 568 4495 γάμμα.
608 4425 882 4495 Ἀντήνωρ
925 4425 983 4479 δὲ
1012 4427 1040 4478 6
1067 4426 1167 4488 τὰς
1212 4425 1496 4497 Κρητικὰς
1527 4427 1746 4498 γράψας
1774 4430 1918 4483 ιστο-

351 4517 473 4589 ρίας
507 4517 690 4572 δέλτα
722 4517 808 4572 διὰ
839 4517 900 4571 τδ
922 4517 1124 4586 ἀγαθὸς
1153 4513 1290 4571 εἶναι
1322 4519 1416 4571 καὶ
1445 4518 1723 4586 φιλόπολις
1744 4537 1758 4552 ·
1794 4522 1920 4586 τοὺς

348 4610 460 4680 γὰρ
492 4610 718 4680 Κρῆτας
748 4610 810 4664 τὸ
836 4609 1041 4678 ἀγαθὸν
1064 4609 1246 4663 δέλτον
1267 4609 1452 4663 καλεῖν
1474 4609 1516 4666 ‘.
1559 4609 1920 4676 Ἀπολλώνιος

348 4701 398 4755 δ’
427 4702 457 4753 6
480 4703 522 4732 δ’
551 4703 610 4754 ὲν
636 4702 748 4764 τοῖς
777 4699 872 4753 τοῦ
902 4699 1266 4768 Φιλοπάτορος
1290 4699 1501 4767 χρόνοις
1532 4699 1620 4752 ἐπ’
1662 4699 1918 4770 ἀστρονο-

353 4794 456 4866 μίᾳ,
479 4792 806 4864 περιδόητος
836 4792 1073 4864 γεγονὼς
1098 4809 1128 4846 8
1148 4793 1170 4826 ⁸
1197 4791 1464 4855 ἐκαλεῖτο,
1495 4790 1629 4844 διότι
1647 4791 1707 4844 τὸ
1735 4797 1918 4864 σχῆμα

2029 4432 2146 4484 beta
2177 4427 2506 4482 nominatur.
2535 4425 2806 4495 Horpyllis
2829 4440 2976 4489 vero,
3004 4425 3329 4496 Cyzicenum
3351 4434 3597 4479 scortum

2026 4537 2237 4593 gamma
2295 4518 2598 4574 dicebatur.
2628 4516 2894 4582 Antenor,
2930 4517 2975 4570 is
3004 4516 3095 4585 qui
3126 4513 3472 4569 Cretensium
3507 4513 3595 4567 lii-

2026 4613 2252 4667 storiam
2288 4608 2632 4678 conscripsit,
2677 4606 2834 4660 Delta
2857 4606 3269 4675 cognominatus
3320 4613 3424 4670 est,
3457 4605 3599 4671 quod

2029 4706 2201 4759 bonus
2233 4709 2402 4760 esset,
2441 4707 2496 4755 et
2530 4699 2770 4754 civitatis
2803 4711 3016 4751 amans.
3057 4694 3412 4751 Cretensibus
3451 4695 3614 4750 enim.

2033 4797 2222 4850 bonum
2256 4793 2438 4846 δέλτον
2485 4790 2792 4862 significare
2817 4786 3104 4844 alIirmant.
3133 4789 3226 4844 Sic
3261 4787 3599 4860 Apollonius,

1651 4906 1886 4965 VARI/13
1916 4909 2210 4968 LECTION
2218 4909 2316 4964 ES.

422 5005 471 5038 ⁸⁸
495 5004 557 5058 τὸ
585 5003 804 5075 πρῶτον
856 5003 952 5057 καὶ
972 5072 983 5075 Α
1016 5003 1078 5056 τὸ
1124 5002 1374 5075 δεύτερον
1426 5020 1487 5075 ς.

349 5093 444 5132 τον
477 5091 542 5139 ς.
631 5072 692 5106 ’⁹²
721 5075 877 5144 ἥρωα
915 5072 986 5144 κοί
1046 5073 1262 5144 Κρῆτες
1293 5088 1354 5136 ς.

1593 5002 1638 5074 ’ἦ
1664 5003 1783 5055 libri
1827 5003 2077 5074 προῄειη
2107 5002 2261 5074 πρὶν⁸
2306 5001 2345 5052 A
2401 5018 2415 5053 :

1459 5073 1504 5105 ⁸³
1526 5072 1645 5125 ἀντὶ
1693 5076 1738 5124 Α
1772 5089 1784 5124 :
1824 5064 2090 5127 καὶῖθεοῦ
2151 5064 2276 5124 ἆντὶ
2333 5087 2393 5133 ς·.
2461 5064 2818 5124 (ἷίιειιίιυυιιιιε
2875 5067 2990 5132 θεὶς
3049 5069 3188 5121 ἀντί.
3268 5066 3314 5098 ’δ
3355 5064 3614 5134 Ὀμήρου.

2474 5000 2509 5070 ἢ
2567 5000 2699 5069 πρὶν
2752 5011 2814 5062 ς.
2882 5067 2894 5070 _
2926 4997 2970 5070 ν
3026 4997 3089 5070 τὸ
3133 4994 3182 5052 λ.
3229 4997 3313 5070 Α]
3355 4995 3416 5070 τί)
3444 4994 3598 5070 πρῶν-

354 5131 569 5219 οιινιΙξΑ.
611 5145 702 5219 A"_
746 5131 870 5198 libri
896 5131 1263 5219 Δύγα-ίουῇοἰ
1302 5131 1725 5219 ιιιοχβᾼὺγαίαν.
1801 5143 1847 5175 ⁹⁶
1869 5143 1964 5219 καὶ
1989 5160 2101 5219 o_n_t_.
2136 5142 2200 5196 A.
2275 5140 2319 5171 ⁸⁷
2343 5131 2409 5219 ’ἐν
2433 5137 2708 5219 ,Λεπρέῳ1
2737 5138 2808 5219 οξ.
2838 5137 3047 5219 Muller.
3091 5155 3143 5207 p.
3172 5136 3298 5219 ξπ».
3358 5131 3612 5219 λινέην-.

351 5231 459 5297 κης
485 5216 572 5297 Δ]
611 5213 781 5297 λεύκῃ
813 5230 874 5297 ς.
915 5211 994 5297 ,⁸⁸
1041 5213 1242 5297 ξρῤεθτλ
1301 5229 1362 5276 ς.
1415 5213 1484 5297 ‘9’
1516 5211 1742 5297 avap‘q‘m
1789 5229 1851 5277 ςι.

353 5295 562 5340 ceteri.

1929 5214 2066 5244 τοι

631 5214 781 5284 ιεύκη
813 5230 874 5277 ς.
948 5214 994 5246 ⁸⁸
1041 5214 1239 5283 ἐρρέθη
1301 5229 1362 5276 ς’.
1438 5214 1484 5244 θ’
1526 5214 1742 5282 ἀνδρῴα
1789 5229 1851 5277 ς.
1929 5214 1946 5244 ¹
2009 5214 2174 5284 θήλεα
2222 5228 2282 5274 ς.
2373 5214 2393 5240 ²
2423 5214 2518 5263 ἀπ’
2547 5214 2711 5262 αὑτοῦ
2750 5214 2808 5263 Ct

631 5285 652 5316 ³
710 5274 875 5352 φασιν
903 5282 967 5338 A.
1043 5285 1065 5316 ⁸
1087 5283 1272 5337 καλεῖν
1307 5281 1470 5351 φασὶν
1516 5281 1732 5336 Ἀπολλ.
1757 5299 1818 5346 ς.
1896 5282 1939 5314 δ’
1975 5284 2004 5336 ὁ
2035 5284 2159 5337 add.
2188 5282 2252 5334 Α.
2329 5280 2349 5310 ⁵
2373 5297 2398 5331 ε
2428 5282 2470 5332 Α
2499 5299 2511 5333 :
2538 5278 2722 5347 ὲψιλὸν
2748 5296 2808 5342 ς’.

2373 5211 2393 5240 ³
2423 5209 2518 5263 ἀπ’
2547 5203 2711 5262 αὐτού
2750 5203 3126 5272 Casaubonns,
3170 5209 3316 5260 ἅπαν
3346 5203 3416 5267 Α,
3449 5203 3599 5258 ἄπαυ

1865 5394 2094 5450 NOTAE.

430 5490 510 5631 (ι)
542 5491 681 5548 Vide
709 5491 966 5562 proverb.
1003 5499 1060 5545 et
1088 5487 1230 5546 Plut.
1277 5488 1531 5570 Theseum
1566 5490 1683 5544 init.

453 5560 512 5630 2)
543 5563 704 5631 Supr.
741 5566 792 5619 in
817 5572 1059 5631 excerpt.
1106 5575 1174 5616 ex
1213 5562 1306 5616 lib.
1342 5576 1417 5626 tv,
1451 5562 1681 5616 similem

430 5560 518 5684 (2|).
543 5560 792 5638 suprIin
817 5572 1059 5632 excerpt.
1106 5575 1174 5616 ex
1213 5562 1306 5616 lib.
1342 5576 1417 5626 tv,
1451 5562 1681 5616 similem
1713 5568 1914 5616 narrat.

360 5642 480 5687 τυιιι
508 5643 568 5687 ιι.

2100 5486 2176 5551 (5)
2212 5482 2282 5536 Ut
2311 5484 2492 5536 caeteri
2522 5498 2736 5551 quoque
2766 5482 3000 5553 gentium
3033 5481 3300 5553 historici.

2099 5545 2175 5622 (ll)
2214 5553 2354 5620 Lege
2387 5569 2506 5620 qme
2541 5545 2610 5606 ad
2647 5545 2857 5610 l’ltilon.
2892 5554 3024 5622 Περὶ
3053 5552 3162 5607 τῶν
3220 5545 3595 5622 μετονομαξομ

2056 5625 2225 5693 μένων
2257 5635 2438 5678 notata
2463 5631 2694 5678 exstant.
