  <div class='ocr_page' id='page_1' title='image "/cluster/home/n/w/nwhite01/storage/ocr_20150623/103 pt.3/mdp.39015061933738/323.png"; bbox 0 0 4030 6248; ppageno 0'>
   <div class='ocr_carea' id='block_1_1' title="bbox 503 212 607 275">
    <p class='ocr_par' dir='ltr' id='par_1_1' title="bbox 503 212 607 275">
     <span class='ocr_line' id='line_1_1' title="bbox 503 212 607 275; baseline 0 0"><span class='ocrx_word' id='word_1_1' title='bbox 503 212 607 275; x_wconf 81' lang='grc'><strong>627</strong></span> 
     </span>
    </p>
   </div>
   <div class='ocr_carea' id='block_1_2' title="bbox 1646 227 2580 296">
    <p class='ocr_par' dir='ltr' id='par_1_2' title="bbox 1646 227 2580 296">
     <span class='ocr_line' id='line_1_2' title="bbox 1646 227 2580 296; baseline 0.01 -10"><span class='ocrx_word' id='word_1_2' title='bbox 1646 227 1909 289; x_wconf 89' lang='grc' dir='ltr'><strong>ΡΗΟΤΙΙ</strong></span> <span class='ocrx_word' id='word_1_3' title='bbox 1948 229 2451 291; x_wconf 72' lang='lat' dir='ltr'><strong>PATRIARCH/E</strong></span> <span class='ocrx_word' id='word_1_4' title='bbox 2471 234 2580 296; x_wconf 90' lang='lat' dir='ltr'><strong>CP.</strong></span> 
     </span>
    </p>
   </div>
   <div class='ocr_carea' id='block_1_3' title="bbox 3645 255 3747 319">
    <p class='ocr_par' dir='ltr' id='par_1_3' title="bbox 3645 255 3747 319">
     <span class='ocr_line' id='line_1_3' title="bbox 3645 255 3747 319; baseline 0.029 -4"><span class='ocrx_word' id='word_1_5' title='bbox 3645 255 3747 319; x_wconf 73' lang='lat'><strong>628</strong></span> 
     </span>
    </p>
   </div>
   <div class='ocr_carea' id='block_1_4' title="bbox 504 329 2055 442">
    <p class='ocr_par' dir='ltr' id='par_1_4' title="bbox 504 329 2055 412">
     <span class='ocr_line' id='line_1_4' title="bbox 504 329 2055 412; baseline 0.007 -27"><span class='ocrx_word' id='word_1_6' title='bbox 504 329 862 399; x_wconf 74' lang='lat' dir='ltr'><strong>Philopatoris</strong></span> <span class='ocrx_word' id='word_1_7' title='bbox 884 335 1215 402; x_wconf 87' lang='lat' dir='ltr'><strong>temporibus</strong></span> <span class='ocrx_word' id='word_1_8' title='bbox 1240 339 1573 392; x_wconf 76' lang='lat' dir='ltr'><strong>astronomia</strong></span> <span class='ocrx_word' id='word_1_9' title='bbox 1610 341 1813 402; x_wconf 86' lang='lat' dir='ltr'><strong>clarus.</strong></span> <span class='ocrx_word' id='word_1_10' title='bbox 1858 342 2055 412; x_wconf 62' lang='grc' dir='ltr'>Ἐψιλδπ</span> 
     </span>
    </p>
   </div>
   <div class='ocr_carea' id='block_1_5' title="bbox 2157 329 3745 442">
    <p class='ocr_par' dir='ltr' id='par_1_5' title="bbox 2175 346 3745 442">
     <span class='ocr_line' id='line_1_5' title="bbox 2175 346 3745 442; baseline 0.017 -45"><span class='ocrx_word' id='word_1_11' title='bbox 2175 346 2270 399; x_wconf 80' lang='grc' dir='ltr'>τοῦ</span> <span class='ocrx_word' id='word_1_12' title='bbox 2297 364 2324 399; x_wconf 87' lang='grc' dir='ltr'><strong>ε</strong></span> <span class='ocrx_word' id='word_1_13' title='bbox 2353 349 2375 380; x_wconf 74' lang='grc'>⁸</span> <span class='ocrx_word' id='word_1_14' title='bbox 2419 350 2893 422; x_wconf 82' lang='grc' dir='ltr'><strong>συμπεριφέρεται</strong></span> <span class='ocrx_word' id='word_1_15' title='bbox 2933 353 3061 426; x_wconf 72' lang='grc'><strong>[488</strong></span> <span class='ocrx_word' id='word_1_16' title='bbox 3104 356 3198 430; x_wconf 84' lang='lat' dir='ltr'><strong>R.]</strong></span> <span class='ocrx_word' id='word_1_17' title='bbox 3232 358 3311 432; x_wconf 81' lang='grc' dir='ltr'>τῷ</span> <span class='ocrx_word' id='word_1_18' title='bbox 3340 360 3441 433; x_wconf 80' lang='grc' dir='ltr'>τῆς</span> <span class='ocrx_word' id='word_1_19' title='bbox 3489 365 3745 442; x_wconf 80' lang='grc' dir='ltr'><strong>σελήνης,</strong></span> 
     </span>
    </p>
   </div>
   <div class='ocr_carea' id='block_1_6' title="bbox 503 425 2067 503">
    <p class='ocr_par' dir='ltr' id='par_1_6' title="bbox 503 425 2067 503">
     <span class='ocr_line' id='line_1_6' title="bbox 503 425 2067 503; baseline 0.01 -30"><span class='ocrx_word' id='word_1_20' title='bbox 503 425 679 479; x_wconf 87' lang='lat' dir='ltr'><strong>dictus</strong></span> <span class='ocrx_word' id='word_1_21' title='bbox 704 435 787 479; x_wconf 87' lang='lat' dir='ltr'><strong>est</strong></span> <span class='ocrx_word' id='word_1_22' title='bbox 809 440 840 479; x_wconf 89' lang='lat' dir='ltr'><strong>a</strong></span> <span class='ocrx_word' id='word_1_23' title='bbox 878 425 1045 495; x_wconf 83' lang='lat' dir='ltr'><strong>llgura</strong></span> <span class='ocrx_word' id='word_1_24' title='bbox 1070 429 1261 484; x_wconf 75' lang='lat' dir='ltr'><strong>littera:</strong></span> <span class='ocrx_word' id='word_1_25' title='bbox 1289 430 1352 491; x_wconf 86' lang='lat' dir='ltr'><strong>E,</strong></span> <span class='ocrx_word' id='word_1_26' title='bbox 1386 445 1506 499; x_wconf 62' lang='lat' dir='ltr'><strong>qua:</strong></span> <span class='ocrx_word' id='word_1_27' title='bbox 1531 433 1920 503; x_wconf 78' lang='lat' dir='ltr'><strong>circumagitur</strong></span> <span class='ocrx_word' id='word_1_28' title='bbox 1943 449 2067 488; x_wconf 89' lang='lat' dir='ltr'><strong>cum</strong></span> 
     </span>
    </p>
   </div>
   <div class='ocr_carea' id='block_1_7' title="bbox 504 514 2069 596">
    <p class='ocr_par' dir='ltr' id='par_1_7' title="bbox 504 514 2069 596">
     <span class='ocr_line' id='line_1_7' title="bbox 504 514 2069 596; baseline 0.006 -29"><span class='ocrx_word' id='word_1_29' title='bbox 504 514 654 579; x_wconf 86' lang='lat' dir='ltr'><strong>luna,</strong></span> <span class='ocrx_word' id='word_1_30' title='bbox 691 516 744 570; x_wconf 90' lang='lat' dir='ltr'><strong>in</strong></span> <span class='ocrx_word' id='word_1_31' title='bbox 777 532 936 586; x_wconf 81' lang='lat' dir='ltr'><strong>quam</strong></span> <span class='ocrx_word' id='word_1_32' title='bbox 974 519 1059 573; x_wconf 89' lang='lat' dir='ltr'><strong>ille</strong></span> <span class='ocrx_word' id='word_1_33' title='bbox 1092 521 1318 575; x_wconf 89' lang='lat' dir='ltr'><strong>multum</strong></span> <span class='ocrx_word' id='word_1_34' title='bbox 1350 523 1513 577; x_wconf 87' lang='lat' dir='ltr'><strong>studii</strong></span> <span class='ocrx_word' id='word_1_35' title='bbox 1541 525 1867 581; x_wconf 88' lang='lat' dir='ltr'><strong>contulerat.</strong></span> <span class='ocrx_word' id='word_1_36' title='bbox 1911 523 2069 596; x_wconf 85' lang='lat' dir='ltr'><strong>Saty-</strong></span> 
     </span>
    </p>
   </div>
   <div class='ocr_carea' id='block_1_8' title="bbox 504 610 2065 689">
    <p class='ocr_par' dir='ltr' id='par_1_8' title="bbox 504 610 2065 689">
     <span class='ocr_line' id='line_1_8' title="bbox 504 610 2065 689; baseline 0.012 -32"><span class='ocrx_word' id='word_1_37' title='bbox 504 623 598 663; x_wconf 86' lang='lat' dir='ltr'><strong>rus</strong></span> <span class='ocrx_word' id='word_1_38' title='bbox 628 610 755 663; x_wconf 88' lang='lat' dir='ltr'><strong>item</strong></span> <span class='ocrx_word' id='word_1_39' title='bbox 786 610 1089 665; x_wconf 85' lang='lat' dir='ltr'><strong>Aristarchi</strong></span> <span class='ocrx_word' id='word_1_40' title='bbox 1111 611 1394 669; x_wconf 83' lang='lat' dir='ltr'><strong>familiaris</strong></span> <span class='ocrx_word' id='word_1_41' title='bbox 1415 617 1563 686; x_wconf 85' lang='grc' dir='ltr'>Ζῆτα</span> <span class='ocrx_word' id='word_1_42' title='bbox 1592 624 1679 673; x_wconf 82' lang='lat' dir='ltr'><strong>est</strong></span> <span class='ocrx_word' id='word_1_43' title='bbox 1706 632 2065 689; x_wconf 87' lang='lat' dir='ltr'><strong>nuncupatus,</strong></span> 
     </span>
    </p>
   </div>
   <div class='ocr_carea' id='block_1_9' title="bbox 498 699 2064 770">
    <p class='ocr_par' dir='ltr' id='par_1_9' title="bbox 498 699 2064 770">
     <span class='ocr_line' id='line_1_9' title="bbox 498 699 2064 770; baseline 0.01 -19"><span class='ocrx_word' id='word_1_44' title='bbox 498 699 566 752; x_wconf 85' lang='lat' dir='ltr'><strong>ah</strong></span> <span class='ocrx_word' id='word_1_45' title='bbox 621 699 976 770; x_wconf 80' lang='lat' dir='ltr'><strong>investigandi</strong></span> <span class='ocrx_word' id='word_1_46' title='bbox 1023 717 1202 757; x_wconf 90' lang='lat' dir='ltr'><strong>rerum</strong></span> <span class='ocrx_word' id='word_1_47' title='bbox 1250 720 1444 762; x_wconf 78' lang='lat' dir='ltr'><strong>causas</strong></span> <span class='ocrx_word' id='word_1_48' title='bbox 1487 709 1690 765; x_wconf 88' lang='lat' dir='ltr'><strong>studio.</strong></span> <span class='ocrx_word' id='word_1_49' title='bbox 1727 707 1969 765; x_wconf 86' lang='lat' dir='ltr'><strong>Narrant</strong></span> <span class='ocrx_word' id='word_1_50' title='bbox 2007 722 2064 767; x_wconf 90' lang='lat' dir='ltr'><strong>et</strong></span> 
     </span>
    </p>
   </div>
   <div class='ocr_carea' id='block_1_10' title="bbox 498 790 2060 872">
    <p class='ocr_par' dir='ltr' id='par_1_10' title="bbox 498 790 2060 872">
     <span class='ocr_line' id='line_1_10' title="bbox 498 790 2060 872; baseline 0.008 -28"><span class='ocrx_word' id='word_1_51' title='bbox 498 790 757 861; x_wconf 60' lang='lat' dir='ltr'><strong>jEsopum</strong></span> <span class='ocrx_word' id='word_1_52' title='bbox 813 793 880 854; x_wconf 83' lang='lat' dir='ltr'><strong>ab</strong></span> <span class='ocrx_word' id='word_1_53' title='bbox 928 793 1149 852; x_wconf 86' lang='lat' dir='ltr'><strong>ldmone</strong></span> <span class='ocrx_word' id='word_1_54' title='bbox 1200 798 1332 854; x_wconf 88' lang='lat' dir='ltr'><strong>hero</strong></span> <span class='ocrx_word' id='word_1_55' title='bbox 1379 815 1479 855; x_wconf 90' lang='lat' dir='ltr'><strong>suo</strong></span> <span class='ocrx_word' id='word_1_56' title='bbox 1529 801 1677 871; x_wconf 81' lang='grc' dir='ltr'>Θῆτα</span> <span class='ocrx_word' id='word_1_57' title='bbox 1711 803 2060 872; x_wconf 87' lang='lat' dir='ltr'><strong>appellatmn,</strong></span> 
     </span>
    </p>
   </div>
   <div class='ocr_carea' id='block_1_11' title="bbox 498 883 2063 964">
    <p class='ocr_par' dir='ltr' id='par_1_11' title="bbox 498 883 2063 964">
     <span class='ocr_line' id='line_1_11' title="bbox 498 883 2063 964; baseline 0.012 -34"><span class='ocrx_word' id='word_1_58' title='bbox 498 883 639 947; x_wconf 88' lang='lat' dir='ltr'><strong>quod</strong></span> <span class='ocrx_word' id='word_1_59' title='bbox 666 883 849 937; x_wconf 81' lang='lat' dir='ltr'><strong>servili</strong></span> <span class='ocrx_word' id='word_1_60' title='bbox 883 896 1030 952; x_wconf 83' lang='lat' dir='ltr'><strong>esset</strong></span> <span class='ocrx_word' id='word_1_61' title='bbox 1066 888 1245 943; x_wconf 90' lang='lat' dir='ltr'><strong>indole</strong></span> <span class='ocrx_word' id='word_1_62' title='bbox 1272 906 1337 945; x_wconf 91' lang='lat' dir='ltr'><strong>ac</strong></span> <span class='ocrx_word' id='word_1_63' title='bbox 1364 893 1682 962; x_wconf 84' lang='lat' dir='ltr'><strong>versipellis.</strong></span> <span class='ocrx_word' id='word_1_64' title='bbox 1720 892 1854 947; x_wconf 87' lang='lat' dir='ltr'><strong>Nam</strong></span> <span class='ocrx_word' id='word_1_65' title='bbox 1901 893 2063 964; x_wconf 78' lang='grc' dir='ltr'>θῆτες</span> 
     </span>
    </p>
   </div>
   <div class='ocr_carea' id='block_1_12' title="bbox 494 974 2061 1053">
    <p class='ocr_par' dir='ltr' id='par_1_12' title="bbox 494 974 2061 1053">
     <span class='ocr_line' id='line_1_12' title="bbox 494 974 2061 1053; baseline 0.01 -32"><span class='ocrx_word' id='word_1_66' title='bbox 494 985 685 1024; x_wconf 84' lang='lat' dir='ltr'><strong>servos</strong></span> <span class='ocrx_word' id='word_1_67' title='bbox 719 974 1009 1041; x_wconf 82' lang='lat' dir='ltr'><strong>significat.</strong></span> <span class='ocrx_word' id='word_1_68' title='bbox 1035 976 1247 1043; x_wconf 88' lang='lat' dir='ltr'><strong>Cupseli</strong></span> <span class='ocrx_word' id='word_1_69' title='bbox 1290 980 1477 1036; x_wconf 71' lang='lat' dir='ltr'><strong>adlitec</strong></span> <span class='ocrx_word' id='word_1_70' title='bbox 1510 993 1705 1048; x_wconf 83' lang='lat' dir='ltr'><strong>mater,</strong></span> <span class='ocrx_word' id='word_1_71' title='bbox 1734 985 1877 1053; x_wconf 87' lang='lat' dir='ltr'><strong>quod</strong></span> <span class='ocrx_word' id='word_1_72' title='bbox 1911 985 2061 1053; x_wconf 90' lang='lat' dir='ltr'><strong>pedi-</strong></span> 
     </span>
    </p>
   </div>
   <div class='ocr_carea' id='block_1_13' title="bbox 494 1061 2053 1147">
    <p class='ocr_par' dir='ltr' id='par_1_13' title="bbox 494 1061 2053 1147">
     <span class='ocr_line' id='line_1_13' title="bbox 494 1061 2053 1147; baseline 0.011 -35"><span class='ocrx_word' id='word_1_73' title='bbox 494 1061 594 1116; x_wconf 88' lang='lat' dir='ltr'><strong>bus</strong></span> <span class='ocrx_word' id='word_1_74' title='bbox 644 1062 798 1134; x_wconf 83' lang='lat' dir='ltr'><strong>valga</strong></span> <span class='ocrx_word' id='word_1_75' title='bbox 847 1079 1009 1133; x_wconf 88' lang='lat' dir='ltr'><strong>esset,</strong></span> <span class='ocrx_word' id='word_1_76' title='bbox 1062 1071 1293 1140; x_wconf 75' lang='grc' dir='ltr'>Λάμϐδα</span> <span class='ocrx_word' id='word_1_77' title='bbox 1344 1085 1532 1129; x_wconf 89' lang='lat' dir='ltr'><strong>vocata</strong></span> <span class='ocrx_word' id='word_1_78' title='bbox 1579 1077 1812 1144; x_wconf 86' lang='lat' dir='ltr'><strong>Apollini</strong></span> <span class='ocrx_word' id='word_1_79' title='bbox 1841 1076 2053 1147; x_wconf 88' lang='lat' dir='ltr'><strong>Pythio.</strong></span> 
     </span>
    </p>
   </div>
   <div class='ocr_carea' id='block_1_14' title="bbox 495 1153 2054 1237">
    <p class='ocr_par' dir='ltr' id='par_1_14' title="bbox 495 1153 2054 1237">
     <span class='ocr_line' id='line_1_14' title="bbox 495 1153 2054 1237; baseline 0.01 -32"><span class='ocrx_word' id='word_1_80' title='bbox 495 1153 849 1226; x_wconf 77' lang='lat' dir='ltr'><strong>Pythagoram</strong></span> <span class='ocrx_word' id='word_1_81' title='bbox 918 1161 1140 1232; x_wconf 89' lang='lat' dir='ltr'><strong>insuper</strong></span> <span class='ocrx_word' id='word_1_82' title='bbox 1203 1181 1349 1231; x_wconf 90' lang='lat' dir='ltr'><strong>eum,</strong></span> <span class='ocrx_word' id='word_1_83' title='bbox 1398 1171 1488 1237; x_wconf 91' lang='lat' dir='ltr'><strong>qui</strong></span> <span class='ocrx_word' id='word_1_84' title='bbox 1550 1184 1805 1223; x_wconf 88' lang='lat' dir='ltr'><strong>numeros</strong></span> <span class='ocrx_word' id='word_1_85' title='bbox 1865 1183 2054 1221; x_wconf 89' lang='lat' dir='ltr'><strong>omnes</strong></span> 
     </span>
    </p>
   </div>
   <div class='ocr_carea' id='block_1_15' title="bbox 2173 439 3742 527">
    <p class='ocr_par' dir='ltr' id='par_1_15' title="bbox 2173 439 3742 527">
     <span class='ocr_line' id='line_1_15' title="bbox 2173 439 3742 527; baseline 0.017 -38"><span class='ocrx_word' id='word_1_86' title='bbox 2173 439 2303 509; x_wconf 80' lang='grc' dir='ltr'>περὶ</span> <span class='ocrx_word' id='word_1_87' title='bbox 2334 440 2401 511; x_wconf 78' lang='grc' dir='ltr'>ἢν</span> <span class='ocrx_word' id='word_1_88' title='bbox 2430 442 2637 509; x_wconf 76' lang='grc' dir='ltr'>ἐκεῖνος</span> <span class='ocrx_word' id='word_1_89' title='bbox 2668 444 2902 515; x_wconf 87' lang='grc' dir='ltr'>μάλιστα</span> <span class='ocrx_word' id='word_1_90' title='bbox 2960 449 3257 520; x_wconf 79' lang='grc' dir='ltr'>ὴκρίὸωτο.</span> <span class='ocrx_word' id='word_1_91' title='bbox 3318 453 3565 527; x_wconf 86' lang='grc' dir='ltr'>Σάτυρος</span> <span class='ocrx_word' id='word_1_92' title='bbox 3613 439 3686 513; x_wconf 38' lang='grc' dir='ltr'><strong>δ”</strong></span> <span class='ocrx_word' id='word_1_93' title='bbox 3711 465 3742 515; x_wconf 98' lang='lat'><strong>6</strong></span> 
     </span>
    </p>
   </div>
   <div class='ocr_carea' id='block_1_16' title="bbox 2185 531 3743 622">
    <p class='ocr_par' dir='ltr' id='par_1_16' title="bbox 2185 531 3743 622">
     <span class='ocr_line' id='line_1_16' title="bbox 2185 531 3743 622; baseline 0.015 -39"><span class='ocrx_word' id='word_1_94' title='bbox 2185 531 2541 622; x_wconf 78' lang='grc' dir='ltr'>Ἀριστάρχου</span> <span class='ocrx_word' id='word_1_95' title='bbox 2572 536 2850 607; x_wconf 88' lang='grc' dir='ltr'>γνώριμος</span> <span class='ocrx_word' id='word_1_96' title='bbox 2874 538 3017 608; x_wconf 78' lang='grc' dir='ltr'>ζῆτα</span> <span class='ocrx_word' id='word_1_97' title='bbox 3038 542 3283 598; x_wconf 73' lang='grc' dir='ltr'>ἐκαλεῖτο</span> <span class='ocrx_word' id='word_1_98' title='bbox 3308 547 3395 601; x_wconf 83' lang='grc' dir='ltr'>διὰ</span> <span class='ocrx_word' id='word_1_99' title='bbox 3424 549 3485 601; x_wconf 83' lang='grc' dir='ltr'><strong>τὸ</strong></span> <span class='ocrx_word' id='word_1_100' title='bbox 3516 549 3743 622; x_wconf 79' lang='grc' dir='ltr'>ζητητι-</span> 
     </span>
    </p>
   </div>
   <div class='ocr_carea' id='block_1_17' title="bbox 2170 620 3743 711">
    <p class='ocr_par' dir='ltr' id='par_1_17' title="bbox 2170 620 3743 711">
     <span class='ocr_line' id='line_1_17' title="bbox 2170 620 3743 711; baseline 0.017 -39"><span class='ocrx_word' id='word_1_101' title='bbox 2170 620 2265 673; x_wconf 75' lang='grc' dir='ltr'><strong>κδν</strong></span> <span class='ocrx_word' id='word_1_102' title='bbox 2291 623 2477 676; x_wconf 81' lang='grc' dir='ltr'>αὑτοῦ.</span> <span class='ocrx_word' id='word_1_103' title='bbox 2518 626 2629 679; x_wconf 72' lang='grc' dir='ltr'><strong>Καὶ</strong></span> <span class='ocrx_word' id='word_1_104' title='bbox 2677 630 2928 685; x_wconf 74' lang='grc' dir='ltr'>Αἵσωπόν</span> <span class='ocrx_word' id='word_1_105' title='bbox 2956 649 3120 701; x_wconf 86' lang='grc' dir='ltr'>φασιν</span> <span class='ocrx_word' id='word_1_106' title='bbox 3155 636 3200 700; x_wconf 82' lang='grc'><strong>⁸⁷,</strong></span> <span class='ocrx_word' id='word_1_107' title='bbox 3246 635 3320 700; x_wconf 83' lang='grc' dir='ltr'>ὡς</span> <span class='ocrx_word' id='word_1_108' title='bbox 3354 638 3461 695; x_wconf 83' lang='grc' dir='ltr'><strong>ὑπὸ</strong></span> <span class='ocrx_word' id='word_1_109' title='bbox 3496 620 3743 711; x_wconf 84' lang='grc' dir='ltr'>Ἴδμονος</span> 
     </span>
    </p>
   </div>
   <div class='ocr_carea' id='block_1_18' title="bbox 2168 712 3746 795">
    <p class='ocr_par' dir='ltr' id='par_1_18' title="bbox 2168 712 3746 795">
     <span class='ocr_line' id='line_1_18' title="bbox 2168 712 3746 795; baseline 0.016 -32"><span class='ocrx_word' id='word_1_110' title='bbox 2168 712 2261 764; x_wconf 82' lang='grc' dir='ltr'>τοῦ</span> <span class='ocrx_word' id='word_1_111' title='bbox 2292 713 2550 768; x_wconf 78' lang='grc' dir='ltr'><strong>δεσπότου</strong></span> <span class='ocrx_word' id='word_1_112' title='bbox 2581 718 2731 786; x_wconf 82' lang='grc' dir='ltr'>θῆτα</span> <span class='ocrx_word' id='word_1_113' title='bbox 2758 721 3007 776; x_wconf 77' lang='grc' dir='ltr'>ἐκαλεῖτο</span> <span class='ocrx_word' id='word_1_114' title='bbox 3035 724 3124 778; x_wconf 82' lang='grc' dir='ltr'>διὰ</span> <span class='ocrx_word' id='word_1_115' title='bbox 3146 725 3207 778; x_wconf 88' lang='grc' dir='ltr'><strong>τὸ</strong></span> <span class='ocrx_word' id='word_1_116' title='bbox 3227 726 3475 795; x_wconf 85' lang='grc' dir='ltr'>δουλικός</span> <span class='ocrx_word' id='word_1_117' title='bbox 3501 749 3588 795; x_wconf 87' lang='grc' dir='ltr'><strong>τις</strong></span> <span class='ocrx_word' id='word_1_118' title='bbox 3606 730 3746 788; x_wconf 76' lang='grc' dir='ltr'>εἶναι</span> 
     </span>
    </p>
   </div>
   <div class='ocr_carea' id='block_1_19' title="bbox 2170 803 3746 893">
    <p class='ocr_par' dir='ltr' id='par_1_19' title="bbox 2170 803 3746 893">
     <span class='ocr_line' id='line_1_19' title="bbox 2170 803 3746 893; baseline 0.016 -40"><span class='ocrx_word' id='word_1_119' title='bbox 2170 803 2265 893; x_wconf 77' lang='grc' dir='ltr'>καὶ</span> <span class='ocrx_word' id='word_1_120' title='bbox 2293 804 2633 876; x_wconf 83' lang='grc' dir='ltr'>πολύτροπος</span> <span class='ocrx_word' id='word_1_121' title='bbox 2660 824 2674 840; x_wconf 77' lang='grc' dir='ltr'><strong>ο</strong></span> <span class='ocrx_word' id='word_1_122' title='bbox 2708 809 2868 881; x_wconf 80' lang='grc' dir='ltr'>θῆτες</span> <span class='ocrx_word' id='word_1_123' title='bbox 2917 814 3023 883; x_wconf 82' lang='grc' dir='ltr'>γὰρ</span> <span class='ocrx_word' id='word_1_124' title='bbox 3053 816 3104 867; x_wconf 88' lang='grc' dir='ltr'>οἱ</span> <span class='ocrx_word' id='word_1_125' title='bbox 3141 817 3337 874; x_wconf 85' lang='grc' dir='ltr'>δοῦλοι.</span> <span class='ocrx_word' id='word_1_126' title='bbox 3371 821 3482 874; x_wconf 78' lang='grc' dir='ltr'>Καὶ</span> <span class='ocrx_word' id='word_1_127' title='bbox 3508 822 3531 855; x_wconf 79' lang='grc'>⁸</span> <span class='ocrx_word' id='word_1_128' title='bbox 3558 825 3592 893; x_wconf 78' lang='grc' dir='ltr'><strong>ἡ</strong></span> <span class='ocrx_word' id='word_1_129' title='bbox 3632 826 3746 878; x_wconf 82' lang='grc' dir='ltr'><strong>Κυ-</strong></span> 
     </span>
    </p>
   </div>
   <div class='ocr_carea' id='block_1_20' title="bbox 2167 892 3747 986">
    <p class='ocr_par' dir='ltr' id='par_1_20' title="bbox 2167 892 3747 986">
     <span class='ocr_line' id='line_1_20' title="bbox 2167 892 3747 986; baseline 0.018 -42"><span class='ocrx_word' id='word_1_130' title='bbox 2167 892 2340 986; x_wconf 60' lang='grc' dir='ltr'>ψέλου</span> <span class='ocrx_word' id='word_1_131' title='bbox 2366 896 2430 986; x_wconf 56' lang='lat' dir='ltr'><strong>se</strong></span> <span class='ocrx_word' id='word_1_132' title='bbox 2459 898 2641 970; x_wconf 82' lang='grc' dir='ltr'>μήτηρ</span> <span class='ocrx_word' id='word_1_133' title='bbox 2671 901 2736 963; x_wconf 65' lang='grc' dir='ltr'><strong>θ’,</strong></span> <span class='ocrx_word' id='word_1_134' title='bbox 2768 903 2915 973; x_wconf 81' lang='grc' dir='ltr'>χωλὴ</span> <span class='ocrx_word' id='word_1_135' title='bbox 2946 900 3101 971; x_wconf 76' lang='grc' dir='ltr'>οὖσα,</span> <span class='ocrx_word' id='word_1_136' title='bbox 3134 908 3380 979; x_wconf 77' lang='grc' dir='ltr'>Λάμϐδα</span> <span class='ocrx_word' id='word_1_137' title='bbox 3406 892 3612 986; x_wconf 76' lang='grc' dir='ltr'>ἐκλήθη</span> <span class='ocrx_word' id='word_1_138' title='bbox 3640 917 3747 973; x_wconf 77' lang='grc' dir='ltr'>ὑπὸ</span> 
     </span>
    </p>
   </div>
   <div class='ocr_carea' id='block_1_21' title="bbox 2165 982 3745 1073">
    <p class='ocr_par' dir='ltr' id='par_1_21' title="bbox 2165 982 3745 1073">
     <span class='ocr_line' id='line_1_21' title="bbox 2165 982 3745 1073; baseline 0.016 -40"><span class='ocrx_word' id='word_1_139' title='bbox 2165 982 2258 1034; x_wconf 84' lang='grc' dir='ltr'>τοῦ</span> <span class='ocrx_word' id='word_1_140' title='bbox 2296 984 2516 1041; x_wconf 82' lang='grc' dir='ltr'><strong>Πυθίου.</strong></span> <span class='ocrx_word' id='word_1_141' title='bbox 2556 990 2879 1064; x_wconf 88' lang='grc' dir='ltr'>Δημοκύδης</span> <span class='ocrx_word' id='word_1_142' title='bbox 2922 994 2980 1049; x_wconf 83' lang='grc' dir='ltr'>δὲ</span> <span class='ocrx_word' id='word_1_143' title='bbox 3024 996 3349 1068; x_wconf 83' lang='grc' dir='ltr'><strong>Πυθαγόραν</strong></span> <span class='ocrx_word' id='word_1_144' title='bbox 3397 982 3536 1073; x_wconf 56' lang='grc' dir='ltr'>φησι</span> <span class='ocrx_word' id='word_1_145' title='bbox 3568 982 3612 1068; x_wconf 68' lang='grc' dir='ltr'>ν,</span> <span class='ocrx_word' id='word_1_146' title='bbox 3642 1022 3745 1059; x_wconf 67' lang='grc' dir='ltr'>κα-</span> 
     </span>
    </p>
   </div>
   <div class='ocr_carea' id='block_1_22' title="bbox 2164 1075 3747 1168">
    <p class='ocr_par' dir='ltr' id='par_1_22' title="bbox 2164 1075 3747 1168">
     <span class='ocr_line' id='line_1_22' title="bbox 2164 1075 3747 1168; baseline 0.017 -44"><span class='ocrx_word' id='word_1_147' title='bbox 2164 1075 2521 1144; x_wconf 74' lang='grc' dir='ltr'>ταγράψαντα</span> <span class='ocrx_word' id='word_1_148' title='bbox 2547 1080 2753 1145; x_wconf 82' lang='grc' dir='ltr'>πάντας</span> <span class='ocrx_word' id='word_1_149' title='bbox 2785 1084 2913 1146; x_wconf 82' lang='grc' dir='ltr'>τοὺς</span> <span class='ocrx_word' id='word_1_150' title='bbox 2937 1087 3228 1158; x_wconf 84' lang='grc' dir='ltr'>ἀριθμοὺς,</span> <span class='ocrx_word' id='word_1_151' title='bbox 3253 1090 3331 1162; x_wconf 85' lang='grc' dir='ltr'>τῷ</span> <span class='ocrx_word' id='word_1_152' title='bbox 3353 1097 3400 1161; x_wconf 90' lang='grc' dir='ltr'>γ’</span> <span class='ocrx_word' id='word_1_153' title='bbox 3418 1094 3462 1125; x_wconf 75' lang='grc' dir='ltr'><strong>θ’</strong></span> <span class='ocrx_word' id='word_1_154' title='bbox 3490 1097 3747 1168; x_wconf 78' lang='grc' dir='ltr'><strong>στοιχείῳ</strong></span> 
     </span>
    </p>
   </div>
   <div class='ocr_carea' id='block_1_23' title="bbox 2165 1164 3285 1249">
    <p class='ocr_par' dir='ltr' id='par_1_23' title="bbox 2165 1164 3285 1249">
     <span class='ocr_line' id='line_1_23' title="bbox 2165 1164 3285 1249; baseline 0.019 -34"><span class='ocrx_word' id='word_1_155' title='bbox 2165 1164 2453 1236; x_wconf 82' lang='grc' dir='ltr'>κληθῆναι.</span> <span class='ocrx_word' id='word_1_156' title='bbox 2491 1172 2741 1228; x_wconf 80' lang='grc' dir='ltr'>Τοσαῦτα</span> <span class='ocrx_word' id='word_1_157' title='bbox 2781 1176 2877 1229; x_wconf 76' lang='grc' dir='ltr'><strong>καὶ</strong></span> <span class='ocrx_word' id='word_1_158' title='bbox 2906 1179 2966 1231; x_wconf 85' lang='grc' dir='ltr'><strong>τὸ</strong></span> <span class='ocrx_word' id='word_1_159' title='bbox 2998 1186 3038 1231; x_wconf 82' lang='grc' dir='ltr'>ε’</span> <span class='ocrx_word' id='word_1_160' title='bbox 3061 1179 3285 1249; x_wconf 74' lang='grc' dir='ltr'>βιϐλίον.</span> 
     </span>
    </p>
   </div>
   <div class='ocr_carea' id='block_1_24' title="bbox 492 1248 3747 1349">
    <p class='ocr_par' dir='ltr' id='par_1_24' title="bbox 492 1248 3747 1349">
     <span class='ocr_line' id='line_1_24' title="bbox 492 1248 3747 1349; baseline 0.012 -51"><span class='ocrx_word' id='word_1_161' title='bbox 492 1248 801 1319; x_wconf 82' lang='lat' dir='ltr'><strong>descripsit,</strong></span> <span class='ocrx_word' id='word_1_162' title='bbox 852 1254 1024 1310; x_wconf 85' lang='lat' dir='ltr'><strong>refert</strong></span> <span class='ocrx_word' id='word_1_163' title='bbox 1070 1256 1399 1329; x_wconf 80' lang='lat' dir='ltr'><strong>Democydes</strong></span> <span class='ocrx_word' id='word_1_164' title='bbox 1446 1281 1475 1315; x_wconf 90' lang='lat' dir='ltr'><strong>a</strong></span> <span class='ocrx_word' id='word_1_165' title='bbox 1520 1264 1678 1317; x_wconf 88' lang='lat' dir='ltr'><strong>tertia</strong></span> <span class='ocrx_word' id='word_1_166' title='bbox 1710 1261 2151 1331; x_wconf 81' lang='lat' dir='ltr'><strong>cognominatum</strong></span> <span class='ocrx_word' id='word_1_167' title='bbox 2208 1273 2329 1316; x_wconf 89' lang='lat' dir='ltr'><strong>esse</strong></span> <span class='ocrx_word' id='word_1_168' title='bbox 2374 1263 2575 1321; x_wconf 83' lang='lat' dir='ltr'><strong>littera.</strong></span> <span class='ocrx_word' id='word_1_169' title='bbox 2630 1269 2697 1325; x_wconf 89' lang='lat' dir='ltr'><strong>Et</strong></span> <span class='ocrx_word' id='word_1_170' title='bbox 2773 1272 2885 1327; x_wconf 62' lang='lat' dir='ltr'><strong>hate</strong></span> <span class='ocrx_word' id='word_1_171' title='bbox 2952 1275 3169 1345; x_wconf 87' lang='lat' dir='ltr'><strong>quidem</strong></span> <span class='ocrx_word' id='word_1_172' title='bbox 3210 1260 3433 1349; x_wconf 88' lang='lat' dir='ltr'><strong>quintus</strong></span> <span class='ocrx_word' id='word_1_173' title='bbox 3501 1282 3747 1339; x_wconf 79' lang='lat' dir='ltr'><strong>continet</strong></span> 
     </span>
    </p>
   </div>
   <div class='ocr_carea' id='block_1_25' title="bbox 491 1337 645 1393">
    <p class='ocr_par' dir='ltr' id='par_1_25' title="bbox 491 1337 645 1393">
     <span class='ocr_line' id='line_1_25' title="bbox 491 1337 645 1393; baseline 0.019 -3"><span class='ocrx_word' id='word_1_174' title='bbox 491 1337 645 1393; x_wconf 89' lang='lat' dir='ltr'><strong>liber.</strong></span> 
     </span>
    </p>
   </div>
   <div class='ocr_carea' id='block_1_26' title="bbox 561 1433 2055 1519">
    <p class='ocr_par' dir='ltr' id='par_1_26' title="bbox 561 1433 2055 1519">
     <span class='ocr_line' id='line_1_26' title="bbox 561 1433 2055 1519; baseline 0.009 -32"><span class='ocrx_word' id='word_1_175' title='bbox 561 1433 758 1491; x_wconf 78' lang='lat' dir='ltr'><strong>Sextus</strong></span> <span class='ocrx_word' id='word_1_176' title='bbox 807 1450 992 1509; x_wconf 87' lang='lat' dir='ltr'><strong>postea</strong></span> <span class='ocrx_word' id='word_1_177' title='bbox 1041 1443 1178 1499; x_wconf 91' lang='lat' dir='ltr'><strong>liher</strong></span> <span class='ocrx_word' id='word_1_178' title='bbox 1247 1448 1426 1516; x_wconf 89' lang='lat' dir='ltr'><strong>capita</strong></span> <span class='ocrx_word' id='word_1_179' title='bbox 1488 1450 1602 1503; x_wconf 66' lang='lat' dir='ltr'><strong>haec</strong></span> <span class='ocrx_word' id='word_1_180' title='bbox 1659 1448 2055 1519; x_wconf 89' lang='lat' dir='ltr'><strong>complectitur.</strong></span> 
     </span>
    </p>
   </div>
   <div class='ocr_carea' id='block_1_27' title="bbox 488 1523 2062 1609">
    <p class='ocr_par' dir='ltr' id='par_1_27' title="bbox 488 1523 2062 1609">
     <span class='ocr_line' id='line_1_27' title="bbox 488 1523 2062 1609; baseline 0.011 -31"><span class='ocrx_word' id='word_1_181' title='bbox 488 1523 739 1581; x_wconf 91' lang='lat' dir='ltr'><strong>Occisum</strong></span> <span class='ocrx_word' id='word_1_182' title='bbox 772 1529 1112 1589; x_wconf 78' lang='lat' dir='ltr'><strong>Penthesilea</strong></span> <span class='ocrx_word' id='word_1_183' title='bbox 1142 1538 1425 1606; x_wconf 85' lang='lat' dir='ltr'><strong>Achillem,</strong></span> <span class='ocrx_word' id='word_1_184' title='bbox 1449 1539 1698 1594; x_wconf 85' lang='lat' dir='ltr'><strong>Thetidis</strong></span> <span class='ocrx_word' id='word_1_185' title='bbox 1725 1541 1912 1595; x_wconf 87' lang='lat' dir='ltr'><strong>matris</strong></span> <span class='ocrx_word' id='word_1_186' title='bbox 1944 1555 2062 1609; x_wconf 85' lang='lat' dir='ltr'><strong>pre-</strong></span> 
     </span>
    </p>
   </div>
   <div class='ocr_carea' id='block_1_28' title="bbox 2241 1443 3803 1528">
    <p class='ocr_par' dir='ltr' id='par_1_28' title="bbox 2241 1443 3803 1528">
     <span class='ocr_line' id='line_1_28' title="bbox 2241 1443 3803 1528; baseline 0.012 -33"><span class='ocrx_word' id='word_1_187' title='bbox 2241 1443 2315 1497; x_wconf 83' lang='grc' dir='ltr'><strong>Τὸ</strong></span> <span class='ocrx_word' id='word_1_188' title='bbox 2343 1443 2399 1497; x_wconf 86' lang='grc' dir='ltr'>δὲ</span> <span class='ocrx_word' id='word_1_189' title='bbox 2426 1452 2478 1509; x_wconf 82' lang='grc' dir='ltr'>ς’</span> <span class='ocrx_word' id='word_1_190' title='bbox 2502 1445 2703 1516; x_wconf 74' lang='grc' dir='ltr'>βιϐλίον</span> <span class='ocrx_word' id='word_1_191' title='bbox 2728 1449 2999 1517; x_wconf 83' lang='grc' dir='ltr'>κεφάλαια</span> <span class='ocrx_word' id='word_1_192' title='bbox 3030 1454 3275 1526; x_wconf 81' lang='grc' dir='ltr'><strong>περιέχει</strong></span> <span class='ocrx_word' id='word_1_193' title='bbox 3290 1455 3437 1521; x_wconf 79' lang='grc' dir='ltr'>τάδε,</span> <span class='ocrx_word' id='word_1_194' title='bbox 3459 1455 3537 1522; x_wconf 85' lang='grc' dir='ltr'>ὡς</span> <span class='ocrx_word' id='word_1_195' title='bbox 3563 1460 3743 1528; x_wconf 85' lang='grc' dir='ltr'>’Δχιλ-</span> <span class='ocrx_word' id='word_1_196' title='bbox 3786 1485 3803 1491; x_wconf 87' lang='lat'><strong>-</strong></span> 
     </span>
    </p>
   </div>
   <div class='ocr_carea' id='block_1_29' title="bbox 2167 1532 3741 1620">
    <p class='ocr_par' dir='ltr' id='par_1_29' title="bbox 2167 1532 3741 1620">
     <span class='ocr_line' id='line_1_29' title="bbox 2167 1532 3741 1620; baseline 0.013 -35"><span class='ocrx_word' id='word_1_197' title='bbox 2167 1532 2293 1597; x_wconf 83' lang='grc' dir='ltr'>λεὺς</span> <span class='ocrx_word' id='word_1_198' title='bbox 2327 1535 2432 1587; x_wconf 76' lang='grc' dir='ltr'>ὑπὸ</span> <span class='ocrx_word' id='word_1_199' title='bbox 2463 1536 2847 1604; x_wconf 84' lang='grc' dir='ltr'>Πενθεσιλείας</span> <span class='ocrx_word' id='word_1_200' title='bbox 2888 1543 3219 1614; x_wconf 72' lang='grc' dir='ltr'>ἀναιρεθεὶς,</span> <span class='ocrx_word' id='word_1_201' title='bbox 3255 1546 3540 1620; x_wconf 81' lang='grc' dir='ltr'><strong>δεηθείσης</strong></span> <span class='ocrx_word' id='word_1_202' title='bbox 3569 1551 3741 1605; x_wconf 78' lang='grc' dir='ltr'>αὐτοῦ</span> 
     </span>
    </p>
   </div>
   <div class='ocr_carea' id='block_1_30' title="bbox 487 1616 2055 1709">
    <p class='ocr_par' dir='ltr' id='par_1_30' title="bbox 487 1616 2055 1694">
     <span class='ocr_line' id='line_1_30' title="bbox 487 1616 2055 1694; baseline 0.011 -25"><span class='ocrx_word' id='word_1_203' title='bbox 487 1616 642 1672; x_wconf 84' lang='lat' dir='ltr'><strong>cibus</strong></span> <span class='ocrx_word' id='word_1_204' title='bbox 695 1618 747 1673; x_wconf 90' lang='lat' dir='ltr'><strong>in</strong></span> <span class='ocrx_word' id='word_1_205' title='bbox 811 1622 971 1676; x_wconf 84' lang='lat' dir='ltr'><strong>vitam</strong></span> <span class='ocrx_word' id='word_1_206' title='bbox 1003 1638 1339 1694; x_wconf 81' lang='lat' dir='ltr'><strong>revocatum,</strong></span> <span class='ocrx_word' id='word_1_207' title='bbox 1394 1643 1449 1684; x_wconf 88' lang='lat' dir='ltr'><strong>et</strong></span> <span class='ocrx_word' id='word_1_208' title='bbox 1497 1630 1835 1685; x_wconf 82' lang='lat' dir='ltr'><strong>Penthesilea</strong></span> <span class='ocrx_word' id='word_1_209' title='bbox 1883 1632 2055 1686; x_wconf 87' lang='lat' dir='ltr'><strong>inter-</strong></span> 
     </span>
    </p>
   </div>
   <div class='ocr_carea' id='block_1_31' title="bbox 2157 1616 3741 1709">
    <p class='ocr_par' dir='ltr' id='par_1_31' title="bbox 2165 1616 3741 1699">
     <span class='ocr_line' id='line_1_31' title="bbox 2165 1616 3741 1699; baseline 0.012 -22"><span class='ocrx_word' id='word_1_210' title='bbox 2165 1626 2265 1695; x_wconf 84' lang='grc' dir='ltr'>τῆς</span> <span class='ocrx_word' id='word_1_211' title='bbox 2299 1629 2505 1699; x_wconf 84' lang='grc' dir='ltr'>μητρὸς</span> <span class='ocrx_word' id='word_1_212' title='bbox 2527 1629 2764 1694; x_wconf 83' lang='grc' dir='ltr'>Θέτιδος,</span> <span class='ocrx_word' id='word_1_213' title='bbox 2790 1633 3003 1688; x_wconf 78' lang='grc' dir='ltr'>ἀναϐιοί</span> <span class='ocrx_word' id='word_1_214' title='bbox 3023 1637 3116 1691; x_wconf 73' lang='grc' dir='ltr'><strong>καὶ</strong></span> <span class='ocrx_word' id='word_1_215' title='bbox 3136 1637 3338 1692; x_wconf 79' lang='grc' dir='ltr'>ἀνελὼν</span> <span class='ocrx_word' id='word_1_216' title='bbox 3358 1616 3741 1696; x_wconf 26' lang='grc' dir='ltr'>Πενθνεσιλείαν</span> 
     </span>
    </p>
   </div>
   <div class='ocr_carea' id='block_1_32' title="bbox 486 1718 2058 1794">
    <p class='ocr_par' dir='ltr' id='par_1_32' title="bbox 486 1718 2058 1794">
     <span class='ocr_line' id='line_1_32' title="bbox 486 1718 2058 1794; baseline 0.011 -33"><span class='ocrx_word' id='word_1_217' title='bbox 486 1719 686 1777; x_wconf 90' lang='lat' dir='ltr'><strong>empta,</strong></span> <span class='ocrx_word' id='word_1_218' title='bbox 722 1727 933 1767; x_wconf 90' lang='lat' dir='ltr'><strong>rursum</strong></span> <span class='ocrx_word' id='word_1_219' title='bbox 991 1718 1055 1769; x_wconf 88' lang='lat' dir='ltr'><strong>ad</strong></span> <span class='ocrx_word' id='word_1_220' title='bbox 1098 1718 1296 1774; x_wconf 90' lang='lat' dir='ltr'><strong>Orcum</strong></span> <span class='ocrx_word' id='word_1_221' title='bbox 1340 1724 1607 1779; x_wconf 77' lang='lat' dir='ltr'><strong>rediisse.</strong></span> <span class='ocrx_word' id='word_1_222' title='bbox 1648 1723 2058 1794; x_wconf 86' lang='lat' dir='ltr'><strong>Lycophronem</strong></span> 
     </span>
    </p>
   </div>
   <div class='ocr_carea' id='block_1_33' title="bbox 485 1800 1505 1873">
    <p class='ocr_par' dir='ltr' id='par_1_33' title="bbox 485 1800 1505 1873">
     <span class='ocr_line' id='line_1_33' title="bbox 485 1800 1505 1873; baseline 0.014 -18"><span class='ocrx_word' id='word_1_223' title='bbox 485 1800 541 1855; x_wconf 86' lang='lat' dir='ltr'><strong>in</strong></span> <span class='ocrx_word' id='word_1_224' title='bbox 568 1802 869 1859; x_wconf 72' lang='lat' dir='ltr'><strong>Aiexandra</strong></span> <span class='ocrx_word' id='word_1_225' title='bbox 908 1822 1153 1873; x_wconf 83' lang='lat' dir='ltr'><strong>poemate</strong></span> <span class='ocrx_word' id='word_1_226' title='bbox 1186 1813 1456 1869; x_wconf 88' lang='lat' dir='ltr'><strong>dicentem</strong></span> <span class='ocrx_word' id='word_1_227' title='bbox 1490 1834 1505 1869; x_wconf 84' lang='lat'><strong>:</strong></span> 
     </span>
    </p>
   </div>
   <div class='ocr_carea' id='block_1_34' title="bbox 734 1894 1785 1961">
    <p class='ocr_par' dir='ltr' id='par_1_34' title="bbox 734 1894 1785 1961">
     <span class='ocr_line' id='line_1_34' title="bbox 734 1894 1785 1961; baseline 0.016 -17"><span class='ocrx_word' id='word_1_228' title='bbox 734 1894 919 1960; x_wconf 80' lang='lat' dir='ltr'><strong>Qualis</strong></span> <span class='ocrx_word' id='word_1_229' title='bbox 940 1898 1163 1954; x_wconf 76' lang='lat' dir='ltr'><strong>Lacinia</strong></span> <span class='ocrx_word' id='word_1_230' title='bbox 1198 1904 1397 1958; x_wconf 78' lang='lat' dir='ltr'><strong>sterilis</strong></span> <span class='ocrx_word' id='word_1_231' title='bbox 1423 1908 1785 1961; x_wconf 78' lang='lat' dir='ltr'><strong>centauricida</strong></span> 
     </span>
    </p>
   </div>
   <div class='ocr_carea' id='block_1_35' title="bbox 556 1984 2057 2066">
    <p class='ocr_par' dir='ltr' id='par_1_35' title="bbox 556 1984 2057 2066">
     <span class='ocr_line' id='line_1_35' title="bbox 556 1984 2057 2066; baseline 0.012 -28"><span class='ocrx_word' id='word_1_232' title='bbox 556 1984 780 2042; x_wconf 87' lang='lat' dir='ltr'><strong>Sirenas</strong></span> <span class='ocrx_word' id='word_1_233' title='bbox 811 1990 885 2059; x_wconf 82' lang='lat'><strong>(5&#39;)</strong></span> <span class='ocrx_word' id='word_1_234' title='bbox 929 1991 997 2044; x_wconf 95' lang='lat' dir='ltr'><strong>ibi</strong></span> <span class='ocrx_word' id='word_1_235' title='bbox 1048 1996 1444 2051; x_wconf 77' lang='lat' dir='ltr'><strong>centauricidas</strong></span> <span class='ocrx_word' id='word_1_236' title='bbox 1485 1999 1843 2066; x_wconf 77' lang='lat' dir='ltr'><strong>significasse.</strong></span> <span class='ocrx_word' id='word_1_237' title='bbox 1892 1999 2057 2055; x_wconf 85' lang='lat' dir='ltr'><strong>Hele-</strong></span> 
     </span>
    </p>
   </div>
   <div class='ocr_carea' id='block_1_36' title="bbox 487 2079 2058 2158">
    <p class='ocr_par' dir='ltr' id='par_1_36' title="bbox 487 2079 2058 2158">
     <span class='ocr_line' id='line_1_36' title="bbox 487 2079 2058 2158; baseline 0.01 -29"><span class='ocrx_word' id='word_1_238' title='bbox 487 2093 615 2133; x_wconf 86' lang='lat' dir='ltr'><strong>num</strong></span> <span class='ocrx_word' id='word_1_239' title='bbox 662 2079 866 2135; x_wconf 86' lang='lat' dir='ltr'><strong>Priami</strong></span> <span class='ocrx_word' id='word_1_240' title='bbox 897 2084 1087 2149; x_wconf 86' lang='lat' dir='ltr'><strong>lilium,</strong></span> <span class='ocrx_word' id='word_1_241' title='bbox 1128 2087 1382 2142; x_wconf 86' lang='lat' dir='ltr'><strong>dilectum</strong></span> <span class='ocrx_word' id='word_1_242' title='bbox 1416 2090 1777 2158; x_wconf 83' lang='lat' dir='ltr'><strong>ahApolline,</strong></span> <span class='ocrx_word' id='word_1_243' title='bbox 1814 2093 2058 2147; x_wconf 86' lang='lat' dir='ltr'><strong>muneri-</strong></span> 
     </span>
    </p>
   </div>
   <div class='ocr_carea' id='block_1_37' title="bbox 486 2174 2056 2250">
    <p class='ocr_par' dir='ltr' id='par_1_37' title="bbox 486 2174 2056 2250">
     <span class='ocr_line' id='line_1_37' title="bbox 486 2174 2056 2250; baseline 0.013 -30"><span class='ocrx_word' id='word_1_244' title='bbox 486 2183 592 2237; x_wconf 91' lang='lat' dir='ltr'><strong>que</strong></span> <span class='ocrx_word' id='word_1_245' title='bbox 621 2174 897 2239; x_wconf 84' lang='lat' dir='ltr'><strong>accepisse</strong></span> <span class='ocrx_word' id='word_1_246' title='bbox 939 2190 1126 2230; x_wconf 86' lang='lat' dir='ltr'><strong>arcum</strong></span> <span class='ocrx_word' id='word_1_247' title='bbox 1177 2177 1505 2245; x_wconf 87' lang='lat' dir='ltr'><strong>eburneum,</strong></span> <span class='ocrx_word' id='word_1_248' title='bbox 1536 2196 1643 2250; x_wconf 91' lang='lat' dir='ltr'><strong>quo</strong></span> <span class='ocrx_word' id='word_1_249' title='bbox 1674 2182 1938 2238; x_wconf 87' lang='lat' dir='ltr'><strong>Achillem</strong></span> <span class='ocrx_word' id='word_1_250' title='bbox 1969 2198 2056 2239; x_wconf 82' lang='lat' dir='ltr'><strong>se-</strong></span> 
     </span>
    </p>
   </div>
   <div class='ocr_carea' id='block_1_38' title="bbox 481 2261 2057 2335">
    <p class='ocr_par' dir='ltr' id='par_1_38' title="bbox 481 2261 2057 2335">
     <span class='ocr_line' id='line_1_38' title="bbox 481 2261 2057 2335; baseline 0.01 -22"><span class='ocrx_word' id='word_1_251' title='bbox 481 2261 718 2314; x_wconf 87' lang='lat' dir='ltr'><strong>cundum</strong></span> <span class='ocrx_word' id='word_1_252' title='bbox 749 2278 963 2317; x_wconf 83' lang='lat' dir='ltr'><strong>manuni</strong></span> <span class='ocrx_word' id='word_1_253' title='bbox 1012 2265 1232 2335; x_wconf 87' lang='lat' dir='ltr'><strong>feriret;</strong></span> <span class='ocrx_word' id='word_1_254' title='bbox 1271 2268 1544 2324; x_wconf 88' lang='lat' dir='ltr'><strong>Priamum</strong></span> <span class='ocrx_word' id='word_1_255' title='bbox 1589 2287 1711 2327; x_wconf 91' lang='lat' dir='ltr'><strong>cum</strong></span> <span class='ocrx_word' id='word_1_256' title='bbox 1759 2272 2057 2328; x_wconf 89' lang='lat' dir='ltr'><strong>Androma-</strong></span> 
     </span>
    </p>
   </div>
   <div class='ocr_carea' id='block_1_39' title="bbox 482 2351 2053 2436">
    <p class='ocr_par' dir='ltr' id='par_1_39' title="bbox 482 2351 2053 2436">
     <span class='ocr_line' id='line_1_39' title="bbox 482 2351 2053 2436; baseline 0.01 -31"><span class='ocrx_word' id='word_1_257' title='bbox 482 2351 611 2415; x_wconf 90' lang='lat' dir='ltr'><strong>cha,</strong></span> <span class='ocrx_word' id='word_1_258' title='bbox 638 2353 861 2422; x_wconf 89' lang='lat' dir='ltr'><strong>suisque</strong></span> <span class='ocrx_word' id='word_1_259' title='bbox 912 2355 1100 2412; x_wconf 84' lang='lat' dir='ltr'><strong>liberis</strong></span> <span class='ocrx_word' id='word_1_260' title='bbox 1161 2360 1458 2429; x_wconf 86' lang='lat' dir='ltr'><strong>supplicem</strong></span> <span class='ocrx_word' id='word_1_261' title='bbox 1507 2364 1806 2418; x_wconf 84' lang='lat' dir='ltr'><strong>accessisse</strong></span> <span class='ocrx_word' id='word_1_262' title='bbox 1858 2365 2053 2436; x_wconf 77' lang='lat' dir='ltr'><strong>152a</strong></span> 
     </span>
    </p>
   </div>
   <div class='ocr_carea' id='block_1_40' title="bbox 481 2442 2078 2524">
    <p class='ocr_par' dir='ltr' id='par_1_40' title="bbox 481 2442 2078 2524">
     <span class='ocr_line' id='line_1_40' title="bbox 481 2442 2078 2524; baseline 0.013 -32"><span class='ocrx_word' id='word_1_263' title='bbox 481 2442 548 2503; x_wconf 80' lang='lat' dir='ltr'><strong>ad</strong></span> <span class='ocrx_word' id='word_1_264' title='bbox 586 2442 850 2496; x_wconf 81' lang='lat' dir='ltr'><strong>Achillem</strong></span> <span class='ocrx_word' id='word_1_265' title='bbox 904 2460 1001 2513; x_wconf 89' lang='lat' dir='ltr'><strong>pro</strong></span> <span class='ocrx_word' id='word_1_266' title='bbox 1039 2446 1285 2503; x_wconf 88' lang='lat' dir='ltr'><strong>llectoris</strong></span> <span class='ocrx_word' id='word_1_267' title='bbox 1329 2451 1545 2507; x_wconf 88' lang='lat' dir='ltr'><strong>ossibus</strong></span> <span class='ocrx_word' id='word_1_268' title='bbox 1583 2454 1692 2524; x_wconf 87' lang='lat'><strong>(6);</strong></span> <span class='ocrx_word' id='word_1_269' title='bbox 1724 2454 1917 2510; x_wconf 86' lang='lat' dir='ltr'><strong>Thetin</strong></span> <span class='ocrx_word' id='word_1_270' title='bbox 1960 2459 2078 2512; x_wconf 61' lang='lat' dir='ltr'><strong>sex&quot;</strong></span> 
     </span>
    </p>
   </div>
   <div class='ocr_carea' id='block_1_41' title="bbox 484 2532 2050 2615">
    <p class='ocr_par' dir='ltr' id='par_1_41' title="bbox 484 2532 2050 2615">
     <span class='ocr_line' id='line_1_41' title="bbox 484 2532 2050 2615; baseline 0.014 -32"><span class='ocrx_word' id='word_1_271' title='bbox 484 2546 710 2587; x_wconf 91' lang='lat' dir='ltr'><strong>numero</strong></span> <span class='ocrx_word' id='word_1_272' title='bbox 745 2532 947 2589; x_wconf 89' lang='lat' dir='ltr'><strong>liberos</strong></span> <span class='ocrx_word' id='word_1_273' title='bbox 988 2552 1018 2591; x_wconf 91' lang='lat' dir='ltr'><strong>e</strong></span> <span class='ocrx_word' id='word_1_274' title='bbox 1065 2537 1225 2594; x_wconf 89' lang='lat' dir='ltr'><strong>Peleo</strong></span> <span class='ocrx_word' id='word_1_275' title='bbox 1256 2552 1543 2611; x_wconf 87' lang='lat' dir='ltr'><strong>susceptos</strong></span> <span class='ocrx_word' id='word_1_276' title='bbox 1567 2544 1755 2601; x_wconf 88' lang='lat' dir='ltr'><strong>latenti</strong></span> <span class='ocrx_word' id='word_1_277' title='bbox 1781 2551 1905 2615; x_wconf 86' lang='lat' dir='ltr'><strong>igne</strong></span> <span class='ocrx_word' id='word_1_278' title='bbox 1927 2564 2050 2604; x_wconf 89' lang='lat' dir='ltr'><strong>sus-</strong></span> 
     </span>
    </p>
   </div>
   <div class='ocr_carea' id='block_1_42' title="bbox 482 2622 2055 2705">
    <p class='ocr_par' dir='ltr' id='par_1_42' title="bbox 482 2622 2055 2705">
     <span class='ocr_line' id='line_1_42' title="bbox 482 2622 2055 2705; baseline 0.012 -28"><span class='ocrx_word' id='word_1_279' title='bbox 482 2622 695 2688; x_wconf 85' lang='lat' dir='ltr'><strong>tulisse,</strong></span> <span class='ocrx_word' id='word_1_280' title='bbox 731 2628 1054 2698; x_wconf 84' lang='lat' dir='ltr'><strong>tandemque</strong></span> <span class='ocrx_word' id='word_1_281' title='bbox 1101 2630 1366 2688; x_wconf 86' lang='lat' dir='ltr'><strong>Achillem</strong></span> <span class='ocrx_word' id='word_1_282' title='bbox 1414 2650 1536 2692; x_wconf 87' lang='lat' dir='ltr'><strong>esse</strong></span> <span class='ocrx_word' id='word_1_283' title='bbox 1584 2652 1918 2705; x_wconf 80' lang='lat' dir='ltr'><strong>aggressam.</strong></span> <span class='ocrx_word' id='word_1_284' title='bbox 1954 2640 2055 2697; x_wconf 90' lang='lat' dir='ltr'><strong>Pe-</strong></span> 
     </span>
    </p>
   </div>
   <div class='ocr_carea' id='block_1_43' title="bbox 484 2718 2054 2796">
    <p class='ocr_par' dir='ltr' id='par_1_43' title="bbox 484 2718 2054 2796">
     <span class='ocr_line' id='line_1_43' title="bbox 484 2718 2054 2796; baseline 0.01 -26"><span class='ocrx_word' id='word_1_285' title='bbox 484 2718 626 2773; x_wconf 86' lang='lat' dir='ltr'><strong>leum</strong></span> <span class='ocrx_word' id='word_1_286' title='bbox 671 2733 804 2789; x_wconf 87' lang='lat' dir='ltr'><strong>ergo</strong></span> <span class='ocrx_word' id='word_1_287' title='bbox 836 2735 895 2776; x_wconf 89' lang='lat' dir='ltr'><strong>re</strong></span> <span class='ocrx_word' id='word_1_288' title='bbox 919 2723 1157 2791; x_wconf 83' lang='lat' dir='ltr'><strong>cognita,</strong></span> <span class='ocrx_word' id='word_1_289' title='bbox 1194 2725 1243 2777; x_wconf 87' lang='lat' dir='ltr'><strong>vi</strong></span> <span class='ocrx_word' id='word_1_290' title='bbox 1281 2726 1423 2780; x_wconf 90' lang='lat' dir='ltr'><strong>hunc</strong></span> <span class='ocrx_word' id='word_1_291' title='bbox 1455 2727 1747 2796; x_wconf 85' lang='lat' dir='ltr'><strong>eripuisse,</strong></span> <span class='ocrx_word' id='word_1_292' title='bbox 1782 2730 1891 2785; x_wconf 87' lang='lat' dir='ltr'><strong>talo</strong></span> <span class='ocrx_word' id='word_1_293' title='bbox 1934 2740 2054 2785; x_wconf 87' lang='lat' dir='ltr'><strong>tan-</strong></span> 
     </span>
    </p>
   </div>
   <div class='ocr_carea' id='block_1_44' title="bbox 480 2811 2053 2885">
    <p class='ocr_par' dir='ltr' id='par_1_44' title="bbox 480 2811 2053 2885">
     <span class='ocr_line' id='line_1_44' title="bbox 480 2811 2053 2885; baseline 0.011 -25"><span class='ocrx_word' id='word_1_294' title='bbox 480 2818 594 2879; x_wconf 88' lang='lat' dir='ltr'><strong>tum</strong></span> <span class='ocrx_word' id='word_1_295' title='bbox 626 2811 835 2865; x_wconf 82' lang='lat' dir='ltr'><strong>dexteri</strong></span> <span class='ocrx_word' id='word_1_296' title='bbox 867 2813 1019 2879; x_wconf 89' lang='lat' dir='ltr'><strong>pedis</strong></span> <span class='ocrx_word' id='word_1_297' title='bbox 1049 2814 1263 2879; x_wconf 86' lang='lat' dir='ltr'><strong>adusto,</strong></span> <span class='ocrx_word' id='word_1_298' title='bbox 1294 2825 1348 2870; x_wconf 91' lang='lat' dir='ltr'><strong>et</strong></span> <span class='ocrx_word' id='word_1_299' title='bbox 1377 2821 1517 2885; x_wconf 90' lang='lat' dir='ltr'><strong>apud</strong></span> <span class='ocrx_word' id='word_1_300' title='bbox 1541 2818 1839 2874; x_wconf 90' lang='lat' dir='ltr'><strong>Chironem</strong></span> <span class='ocrx_word' id='word_1_301' title='bbox 1871 2823 2053 2878; x_wconf 88' lang='lat' dir='ltr'><strong>collo-</strong></span> 
     </span>
    </p>
   </div>
   <div class='ocr_carea' id='block_1_45' title="bbox 481 2902 2054 2978">
    <p class='ocr_par' dir='ltr' id='par_1_45' title="bbox 481 2902 2054 2978">
     <span class='ocr_line' id='line_1_45' title="bbox 481 2902 2054 2978; baseline 0.008 -23"><span class='ocrx_word' id='word_1_302' title='bbox 481 2917 656 2965; x_wconf 78' lang='lat' dir='ltr'><strong>casse,</strong></span> <span class='ocrx_word' id='word_1_303' title='bbox 686 2903 777 2972; x_wconf 91' lang='lat' dir='ltr'><strong>qui</strong></span> <span class='ocrx_word' id='word_1_304' title='bbox 809 2902 1007 2958; x_wconf 81' lang='lat' dir='ltr'><strong>eﬂ&#39;usso</strong></span> <span class='ocrx_word' id='word_1_305' title='bbox 1046 2904 1260 2976; x_wconf 85' lang='lat' dir='ltr'><strong>Damysi</strong></span> <span class='ocrx_word' id='word_1_306' title='bbox 1303 2908 1540 2976; x_wconf 88' lang='lat' dir='ltr'><strong>gigantis</strong></span> <span class='ocrx_word' id='word_1_307' title='bbox 1570 2924 1817 2978; x_wconf 89' lang='lat' dir='ltr'><strong>corpore,</strong></span> <span class='ocrx_word' id='word_1_308' title='bbox 1858 2914 1910 2966; x_wconf 93' lang='lat' dir='ltr'><strong>in</strong></span> <span class='ocrx_word' id='word_1_309' title='bbox 1953 2913 2054 2967; x_wconf 88' lang='lat' dir='ltr'><strong>Pa-</strong></span> 
     </span>
    </p>
   </div>
   <div class='ocr_carea' id='block_1_46' title="bbox 482 2982 2127 3075">
    <p class='ocr_par' dir='ltr' id='par_1_46' title="bbox 482 2982 2127 3075">
     <span class='ocr_line' id='line_1_46' title="bbox 482 2982 2127 3075; baseline 0.01 -30"><span class='ocrx_word' id='word_1_310' title='bbox 482 2992 600 3047; x_wconf 88' lang='lat' dir='ltr'><strong>lene</strong></span> <span class='ocrx_word' id='word_1_311' title='bbox 624 2993 729 3047; x_wconf 85' lang='lat' dir='ltr'><strong>site</strong></span> <span class='ocrx_word' id='word_1_312' title='bbox 756 2993 865 3064; x_wconf 89' lang='lat' dir='ltr'><strong>(hic</strong></span> <span class='ocrx_word' id='word_1_313' title='bbox 892 2996 1169 3070; x_wconf 81' lang='lat' dir='ltr'><strong>gigantum</strong></span> <span class='ocrx_word' id='word_1_314' title='bbox 1193 2999 1431 3051; x_wconf 87' lang='lat' dir='ltr'><strong>omnium</strong></span> <span class='ocrx_word' id='word_1_315' title='bbox 1456 3000 1833 3058; x_wconf 87' lang='lat' dir='ltr'><strong>velocissimus</strong></span> <span class='ocrx_word' id='word_1_316' title='bbox 1854 3002 2049 3075; x_wconf 86' lang='lat' dir='ltr'><strong>fuerat)</strong></span> <span class='ocrx_word' id='word_1_317' title='bbox 2082 2982 2127 3042; x_wconf 59' lang='grc' dir='ltr'><strong>(ἶ</strong></span> 
     </span>
    </p>
   </div>
   <div class='ocr_carea' id='block_1_47' title="bbox 480 3084 2050 3162">
    <p class='ocr_par' dir='ltr' id='par_1_47' title="bbox 480 3084 2050 3162">
     <span class='ocr_line' id='line_1_47' title="bbox 480 3084 2050 3162; baseline 0.011 -28"><span class='ocrx_word' id='word_1_318' title='bbox 480 3084 805 3156; x_wconf 78' lang='lat' dir='ltr'><strong>sublatoque</strong></span> <span class='ocrx_word' id='word_1_319' title='bbox 847 3087 964 3155; x_wconf 84' lang='lat' dir='ltr'><strong>ejus</strong></span> <span class='ocrx_word' id='word_1_320' title='bbox 1001 3088 1132 3152; x_wconf 92' lang='lat' dir='ltr'><strong>talo,</strong></span> <span class='ocrx_word' id='word_1_321' title='bbox 1164 3088 1389 3145; x_wconf 89' lang='lat' dir='ltr'><strong>Achillis</strong></span> <span class='ocrx_word' id='word_1_322' title='bbox 1423 3094 1629 3159; x_wconf 89' lang='lat' dir='ltr'><strong>aptavit</strong></span> <span class='ocrx_word' id='word_1_323' title='bbox 1670 3095 1901 3162; x_wconf 83' lang='lat' dir='ltr'><strong>pedi,-et</strong></span> <span class='ocrx_word' id='word_1_324' title='bbox 1934 3113 2050 3151; x_wconf 85' lang='lat' dir='ltr'><strong>me—</strong></span> 
     </span>
    </p>
   </div>
   <div class='ocr_carea' id='block_1_48' title="bbox 479 3174 2052 3250">
    <p class='ocr_par' dir='ltr' id='par_1_48' title="bbox 479 3174 2052 3250">
     <span class='ocr_line' id='line_1_48' title="bbox 479 3174 2052 3250; baseline 0.011 -23"><span class='ocrx_word' id='word_1_325' title='bbox 479 3174 803 3245; x_wconf 87' lang='lat' dir='ltr'><strong>dicamentis</strong></span> <span class='ocrx_word' id='word_1_326' title='bbox 851 3175 1111 3230; x_wconf 77' lang='lat' dir='ltr'><strong>iirnnavit.</strong></span> <span class='ocrx_word' id='word_1_327' title='bbox 1161 3178 1314 3234; x_wconf 72' lang='lat' dir='ltr'><strong>illunc</strong></span> <span class='ocrx_word' id='word_1_328' title='bbox 1354 3190 1538 3250; x_wconf 89' lang='lat' dir='ltr'><strong>postea</strong></span> <span class='ocrx_word' id='word_1_329' title='bbox 1567 3183 1733 3237; x_wconf 88' lang='lat' dir='ltr'><strong>talum</strong></span> <span class='ocrx_word' id='word_1_330' title='bbox 1783 3187 2052 3245; x_wconf 77' lang='lat' dir='ltr'><strong>excidisse</strong></span> 
     </span>
    </p>
   </div>
   <div class='ocr_carea' id='block_1_49' title="bbox 480 3267 2051 3348">
    <p class='ocr_par' dir='ltr' id='par_1_49' title="bbox 480 3267 2051 3348">
     <span class='ocr_line' id='line_1_49' title="bbox 480 3267 2051 3348; baseline 0.01 -28"><span class='ocrx_word' id='word_1_331' title='bbox 480 3267 670 3341; x_wconf 79' lang='lat' dir='ltr'><strong>refert,</strong></span> <span class='ocrx_word' id='word_1_332' title='bbox 699 3269 1017 3337; x_wconf 86' lang='lat' dir='ltr'><strong>insequente</strong></span> <span class='ocrx_word' id='word_1_333' title='bbox 1049 3270 1222 3339; x_wconf 89' lang='lat' dir='ltr'><strong>ipsum</strong></span> <span class='ocrx_word' id='word_1_334' title='bbox 1249 3272 1519 3342; x_wconf 84' lang='lat' dir='ltr'><strong>Apolline,</strong></span> <span class='ocrx_word' id='word_1_335' title='bbox 1552 3286 1607 3330; x_wconf 91' lang='lat' dir='ltr'><strong>et</strong></span> <span class='ocrx_word' id='word_1_336' title='bbox 1641 3278 1939 3348; x_wconf 91' lang='lat' dir='ltr'><strong>collapsum</strong></span> <span class='ocrx_word' id='word_1_337' title='bbox 1972 3283 2051 3337; x_wconf 90' lang='lat' dir='ltr'><strong>sic</strong></span> 
     </span>
    </p>
   </div>
   <div class='ocr_carea' id='block_1_50' title="bbox 478 3358 2050 3428">
    <p class='ocr_par' dir='ltr' id='par_1_50' title="bbox 478 3358 2050 3428">
     <span class='ocr_line' id='line_1_50' title="bbox 478 3358 2050 3428; baseline 0.01 -19"><span class='ocrx_word' id='word_1_338' title='bbox 478 3374 600 3412; x_wconf 83' lang='lat' dir='ltr'><strong>esse</strong></span> <span class='ocrx_word' id='word_1_339' title='bbox 651 3360 1060 3428; x_wconf 85' lang='lat' dir='ltr'><strong>interemptum.</strong></span> <span class='ocrx_word' id='word_1_340' title='bbox 1108 3358 1316 3415; x_wconf 86' lang='lat' dir='ltr'><strong>Ferunt</strong></span> <span class='ocrx_word' id='word_1_341' title='bbox 1360 3373 1539 3417; x_wconf 90' lang='lat' dir='ltr'><strong>autem</strong></span> <span class='ocrx_word' id='word_1_342' title='bbox 1600 3365 1766 3422; x_wconf 72' lang='lat' dir='ltr'><strong>et&#39;ab</strong></span> <span class='ocrx_word' id='word_1_343' title='bbox 1813 3367 2050 3426; x_wconf 86' lang='lat' dir='ltr'><strong>Homero</strong></span> 
     </span>
    </p>
   </div>
   <div class='ocr_carea' id='block_1_51' title="bbox 485 3450 2048 3523">
    <p class='ocr_par' dir='ltr' id='par_1_51' title="bbox 485 3450 2048 3523">
     <span class='ocr_line' id='line_1_51' title="bbox 485 3450 2048 3523; baseline 0.008 -18"><span class='ocrx_word' id='word_1_344' title='bbox 485 3450 763 3522; x_wconf 83' lang='grc' dir='ltr'>ποδάρκην</span> <span class='ocrx_word' id='word_1_345' title='bbox 795 3450 873 3522; x_wconf 90' lang='lat'><strong>(7)</strong></span> <span class='ocrx_word' id='word_1_346' title='bbox 919 3451 1200 3520; x_wconf 87' lang='lat' dir='ltr'><strong>appellari,</strong></span> <span class='ocrx_word' id='word_1_347' title='bbox 1258 3456 1400 3523; x_wconf 88' lang='lat' dir='ltr'><strong>quod</strong></span> <span class='ocrx_word' id='word_1_348' title='bbox 1458 3454 1630 3510; x_wconf 91' lang='lat' dir='ltr'><strong>Arccs</strong></span> <span class='ocrx_word' id='word_1_349' title='bbox 1691 3459 1803 3515; x_wconf 90' lang='lat' dir='ltr'><strong>alas</strong></span> <span class='ocrx_word' id='word_1_350' title='bbox 1856 3461 2048 3517; x_wconf 85' lang='lat' dir='ltr'><strong>infanti</strong></span> 
     </span>
    </p>
   </div>
   <div class='ocr_carea' id='block_1_52' title="bbox 478 3542 2047 3622">
    <p class='ocr_par' dir='ltr' id='par_1_52' title="bbox 478 3542 2047 3622">
     <span class='ocr_line' id='line_1_52' title="bbox 478 3542 2047 3622; baseline 0.009 -26"><span class='ocrx_word' id='word_1_351' title='bbox 478 3557 607 3611; x_wconf 80' lang='lat' dir='ltr'><strong>pato</strong></span> <span class='ocrx_word' id='word_1_352' title='bbox 644 3545 832 3604; x_wconf 78' lang='lat' dir='ltr'><strong>Thetis</strong></span> <span class='ocrx_word' id='word_1_353' title='bbox 876 3542 1190 3599; x_wconf 88' lang='lat' dir='ltr'><strong>addiderit:</strong></span> <span class='ocrx_word' id='word_1_354' title='bbox 1230 3554 1282 3599; x_wconf 91' lang='lat' dir='ltr'><strong>ut</strong></span> <span class='ocrx_word' id='word_1_355' title='bbox 1334 3546 1406 3600; x_wconf 90' lang='lat' dir='ltr'><strong>sit</strong></span> <span class='ocrx_word' id='word_1_356' title='bbox 1446 3547 1746 3622; x_wconf 84' lang='grc' dir='ltr'>ποδάρκης,</span> <span class='ocrx_word' id='word_1_357' title='bbox 1791 3554 1944 3621; x_wconf 90' lang='lat' dir='ltr'><strong>quasi</strong></span> <span class='ocrx_word' id='word_1_358' title='bbox 1995 3557 2047 3610; x_wconf 92' lang='lat' dir='ltr'><strong>in</strong></span> 
     </span>
    </p>
   </div>
   <div class='ocr_carea' id='block_1_53' title="bbox 478 3642 2051 3712">
    <p class='ocr_par' dir='ltr' id='par_1_53' title="bbox 478 3642 2051 3712">
     <span class='ocr_line' id='line_1_53' title="bbox 478 3642 2051 3712; baseline 0.001 -15"><span class='ocrx_word' id='word_1_359' title='bbox 478 3644 705 3712; x_wconf 84' lang='lat' dir='ltr'><strong>pedibus</strong></span> <span class='ocrx_word' id='word_1_360' title='bbox 735 3642 903 3699; x_wconf 87' lang='lat' dir='ltr'><strong>Arces</strong></span> <span class='ocrx_word' id='word_1_361' title='bbox 937 3642 1052 3697; x_wconf 90' lang='lat' dir='ltr'><strong>alas</strong></span> <span class='ocrx_word' id='word_1_362' title='bbox 1101 3653 1313 3705; x_wconf 84' lang='lat' dir='ltr'><strong>tenens.</strong></span> <span class='ocrx_word' id='word_1_363' title='bbox 1346 3644 1486 3711; x_wconf 85' lang='lat' dir='ltr'><strong>Arce</strong></span> <span class='ocrx_word' id='word_1_364' title='bbox 1512 3647 1644 3708; x_wconf 82' lang='lat' dir='ltr'><strong>haec,</strong></span> <span class='ocrx_word' id='word_1_365' title='bbox 1676 3646 1847 3711; x_wconf 90' lang='lat' dir='ltr'><strong>aiunt,</strong></span> <span class='ocrx_word' id='word_1_366' title='bbox 1867 3644 2051 3699; x_wconf 87' lang='lat' dir='ltr'><strong>Thau-</strong></span> 
     </span>
    </p>
   </div>
   <div class='ocr_carea' id='block_1_54' title="bbox 484 3734 2049 3806">
    <p class='ocr_par' dir='ltr' id='par_1_54' title="bbox 484 3734 2049 3806">
     <span class='ocr_line' id='line_1_54' title="bbox 484 3734 2049 3806; baseline 0.004 -19"><span class='ocrx_word' id='word_1_367' title='bbox 484 3736 685 3797; x_wconf 86' lang='lat' dir='ltr'><strong>mantis</strong></span> <span class='ocrx_word' id='word_1_368' title='bbox 723 3744 841 3791; x_wconf 88' lang='lat' dir='ltr'><strong>erat</strong></span> <span class='ocrx_word' id='word_1_369' title='bbox 867 3735 994 3799; x_wconf 87' lang='lat' dir='ltr'><strong>filia,</strong></span> <span class='ocrx_word' id='word_1_370' title='bbox 1029 3745 1081 3790; x_wconf 92' lang='lat' dir='ltr'><strong>ct</strong></span> <span class='ocrx_word' id='word_1_371' title='bbox 1113 3734 1272 3801; x_wconf 83' lang='lat' dir='ltr'><strong>Iridis</strong></span> <span class='ocrx_word' id='word_1_372' title='bbox 1298 3751 1477 3799; x_wconf 90' lang='lat' dir='ltr'><strong>soror,</strong></span> <span class='ocrx_word' id='word_1_373' title='bbox 1514 3752 1635 3806; x_wconf 69' lang='lat' dir='ltr'><strong>quae</strong></span> <span class='ocrx_word' id='word_1_374' title='bbox 1671 3749 1912 3806; x_wconf 69' lang='lat' dir='ltr'><strong>utrazque</strong></span> <span class='ocrx_word' id='word_1_375' title='bbox 1934 3739 2049 3793; x_wconf 89' lang='lat' dir='ltr'><strong>alas</strong></span> 
     </span>
    </p>
   </div>
   <div class='ocr_carea' id='block_1_55' title="bbox 481 3826 2051 3896">
    <p class='ocr_par' dir='ltr' id='par_1_55' title="bbox 481 3826 2051 3896">
     <span class='ocr_line' id='line_1_55' title="bbox 481 3826 2051 3896; baseline 0.003 -17"><span class='ocrx_word' id='word_1_376' title='bbox 481 3826 812 3891; x_wconf 82' lang='lat' dir='ltr'><strong>habuerunt.</strong></span> <span class='ocrx_word' id='word_1_377' title='bbox 839 3826 986 3881; x_wconf 90' lang='lat' dir='ltr'><strong>Bello</strong></span> <span class='ocrx_word' id='word_1_378' title='bbox 1023 3843 1153 3880; x_wconf 88' lang='lat' dir='ltr'><strong>vero</strong></span> <span class='ocrx_word' id='word_1_379' title='bbox 1188 3826 1410 3881; x_wconf 88' lang='lat' dir='ltr'><strong>deorum</strong></span> <span class='ocrx_word' id='word_1_380' title='bbox 1450 3841 1570 3881; x_wconf 92' lang='lat' dir='ltr'><strong>cum</strong></span> <span class='ocrx_word' id='word_1_381' title='bbox 1599 3826 1908 3896; x_wconf 87' lang='lat' dir='ltr'><strong>Titanibus,</strong></span> <span class='ocrx_word' id='word_1_382' title='bbox 1962 3829 2051 3884; x_wconf 89' lang='lat' dir='ltr'><strong>de-</strong></span> 
     </span>
    </p>
   </div>
   <div class='ocr_carea' id='block_1_56' title="bbox 475 3917 2049 3992">
    <p class='ocr_par' dir='ltr' id='par_1_56' title="bbox 475 3917 2049 3992">
     <span class='ocr_line' id='line_1_56' title="bbox 475 3917 2049 3992; baseline 0.003 -21"><span class='ocrx_word' id='word_1_383' title='bbox 475 3918 718 3971; x_wconf 83' lang='lat' dir='ltr'><strong>sciscens</strong></span> <span class='ocrx_word' id='word_1_384' title='bbox 744 3934 777 3971; x_wconf 90' lang='lat' dir='ltr'><strong>a</strong></span> <span class='ocrx_word' id='word_1_385' title='bbox 802 3917 905 3972; x_wconf 89' lang='lat' dir='ltr'><strong>diis</strong></span> <span class='ocrx_word' id='word_1_386' title='bbox 951 3917 1091 3972; x_wconf 86' lang='lat' dir='ltr'><strong>Arce</strong></span> <span class='ocrx_word' id='word_1_387' title='bbox 1136 3919 1205 3985; x_wconf 84' lang='lat' dir='ltr'><strong>ad</strong></span> <span class='ocrx_word' id='word_1_388' title='bbox 1247 3917 1473 3972; x_wconf 87' lang='lat' dir='ltr'><strong>Titanas</strong></span> <span class='ocrx_word' id='word_1_389' title='bbox 1503 3919 1794 3991; x_wconf 83' lang='lat' dir='ltr'><strong>transfugit</strong></span> <span class='ocrx_word' id='word_1_390' title='bbox 1830 3938 1842 3973; x_wconf 94' lang='lat'><strong>:</strong></span> <span class='ocrx_word' id='word_1_391' title='bbox 1880 3937 2049 3992; x_wconf 88' lang='lat' dir='ltr'><strong>quare</strong></span> 
     </span>
    </p>
   </div>
   <div class='ocr_carea' id='block_1_57' title="bbox 478 4007 2047 4080">
    <p class='ocr_par' dir='ltr' id='par_1_57' title="bbox 478 4007 2047 4080">
     <span class='ocr_line' id='line_1_57' title="bbox 478 4007 2047 4080; baseline 0.004 -19"><span class='ocrx_word' id='word_1_392' title='bbox 478 4007 768 4079; x_wconf 70' lang='lat' dir='ltr'><strong>profligato</strong></span> <span class='ocrx_word' id='word_1_393' title='bbox 796 4008 907 4075; x_wconf 88' lang='lat' dir='ltr'><strong>jam</strong></span> <span class='ocrx_word' id='word_1_394' title='bbox 946 4010 1107 4079; x_wconf 82' lang='lat' dir='ltr'><strong>bello,</strong></span> <span class='ocrx_word' id='word_1_395' title='bbox 1153 4020 1418 4079; x_wconf 88' lang='lat' dir='ltr'><strong>partaque</strong></span> <span class='ocrx_word' id='word_1_396' title='bbox 1468 4010 1713 4074; x_wconf 87' lang='lat' dir='ltr'><strong>victoria,</strong></span> <span class='ocrx_word' id='word_1_397' title='bbox 1744 4011 1959 4080; x_wconf 84' lang='lat' dir='ltr'><strong>Jupiter</strong></span> <span class='ocrx_word' id='word_1_398' title='bbox 1994 4014 2047 4068; x_wconf 89' lang='lat' dir='ltr'><strong>ei</strong></span> 
     </span>
    </p>
   </div>
   <div class='ocr_carea' id='block_1_58' title="bbox 476 4100 2047 4167">
    <p class='ocr_par' dir='ltr' id='par_1_58' title="bbox 476 4100 2047 4167">
     <span class='ocr_line' id='line_1_58' title="bbox 476 4100 2047 4167; baseline 0.003 -11"><span class='ocrx_word' id='word_1_399' title='bbox 476 4104 533 4157; x_wconf 89' lang='lat' dir='ltr'><strong>in</strong></span> <span class='ocrx_word' id='word_1_400' title='bbox 566 4100 858 4167; x_wconf 82' lang='lat' dir='ltr'><strong>Tartarum</strong></span> <span class='ocrx_word' id='word_1_401' title='bbox 890 4102 1125 4156; x_wconf 72' lang='lat' dir='ltr'><strong>detrusa:</strong></span> <span class='ocrx_word' id='word_1_402' title='bbox 1160 4102 1273 4156; x_wconf 88' lang='lat' dir='ltr'><strong>alas</strong></span> <span class='ocrx_word' id='word_1_403' title='bbox 1310 4104 1531 4157; x_wconf 84' lang='lat' dir='ltr'><strong>ademit.</strong></span> <span class='ocrx_word' id='word_1_404' title='bbox 1574 4103 1654 4155; x_wconf 87' lang='lat' dir='ltr'><strong>Ad</strong></span> <span class='ocrx_word' id='word_1_405' title='bbox 1682 4103 1823 4157; x_wconf 87' lang='lat' dir='ltr'><strong>Pelei</strong></span> <span class='ocrx_word' id='word_1_406' title='bbox 1855 4104 2047 4161; x_wconf 86' lang='lat' dir='ltr'><strong>deinde</strong></span> 
     </span>
    </p>
   </div>
   <div class='ocr_carea' id='block_1_59' title="bbox 476 4191 2049 4261">
    <p class='ocr_par' dir='ltr' id='par_1_59' title="bbox 476 4191 2049 4261">
     <span class='ocr_line' id='line_1_59' title="bbox 476 4191 2049 4261; baseline 0.002 -15"><span class='ocrx_word' id='word_1_407' title='bbox 476 4204 532 4261; x_wconf 78' lang='lat' dir='ltr'><strong>et</strong></span> <span class='ocrx_word' id='word_1_408' title='bbox 552 4191 798 4247; x_wconf 88' lang='lat' dir='ltr'><strong>Thetidis</strong></span> <span class='ocrx_word' id='word_1_409' title='bbox 819 4191 1032 4260; x_wconf 80' lang='lat' dir='ltr'><strong>nuptias</strong></span> <span class='ocrx_word' id='word_1_410' title='bbox 1049 4192 1337 4256; x_wconf 89' lang='lat' dir='ltr'><strong>accedens,</strong></span> <span class='ocrx_word' id='word_1_411' title='bbox 1368 4192 1576 4247; x_wconf 81' lang='lat' dir='ltr'><strong>inuncri</strong></span> <span class='ocrx_word' id='word_1_412' title='bbox 1606 4192 1720 4247; x_wconf 88' lang='lat' dir='ltr'><strong>alas</strong></span> <span class='ocrx_word' id='word_1_413' title='bbox 1749 4194 1881 4248; x_wconf 85' lang='lat' dir='ltr'><strong>istas</strong></span> <span class='ocrx_word' id='word_1_414' title='bbox 1906 4193 2049 4249; x_wconf 87' lang='lat' dir='ltr'><strong>The-</strong></span> 
     </span>
    </p>
   </div>
   <div class='ocr_carea' id='block_1_60' title="bbox 477 4281 2048 4352">
    <p class='ocr_par' dir='ltr' id='par_1_60' title="bbox 477 4281 2048 4352">
     <span class='ocr_line' id='line_1_60' title="bbox 477 4281 2048 4352; baseline -0.001 -12"><span class='ocrx_word' id='word_1_415' title='bbox 477 4285 574 4340; x_wconf 90' lang='lat' dir='ltr'><strong>tidi</strong></span> <span class='ocrx_word' id='word_1_416' title='bbox 606 4283 821 4349; x_wconf 91' lang='lat' dir='ltr'><strong>obtulit,</strong></span> <span class='ocrx_word' id='word_1_417' title='bbox 854 4283 998 4352; x_wconf 85' lang='lat' dir='ltr'><strong>sicut</strong></span> <span class='ocrx_word' id='word_1_418' title='bbox 1047 4281 1211 4337; x_wconf 86' lang='lat' dir='ltr'><strong>Peleo</strong></span> <span class='ocrx_word' id='word_1_419' title='bbox 1264 4283 1319 4336; x_wconf 90' lang='lat' dir='ltr'><strong>in</strong></span> <span class='ocrx_word' id='word_1_420' title='bbox 1369 4281 1571 4351; x_wconf 86' lang='lat' dir='ltr'><strong>nuptiis</strong></span> <span class='ocrx_word' id='word_1_421' title='bbox 1621 4285 1851 4339; x_wconf 83' lang='lat' dir='ltr'><strong>donasse</strong></span> <span class='ocrx_word' id='word_1_422' title='bbox 1896 4286 2048 4339; x_wconf 88' lang='lat' dir='ltr'><strong>aiunt</strong></span> 
     </span>
    </p>
   </div>
   <div class='ocr_carea' id='block_1_61' title="bbox 475 4369 2045 4445">
    <p class='ocr_par' dir='ltr' id='par_1_61' title="bbox 475 4369 2045 4445">
     <span class='ocr_line' id='line_1_61' title="bbox 475 4369 2045 4445; baseline 0.002 -20"><span class='ocrx_word' id='word_1_423' title='bbox 475 4373 775 4440; x_wconf 64' lang='lat' dir='ltr'><strong>Vulcanum</strong></span> <span class='ocrx_word' id='word_1_424' title='bbox 812 4387 1034 4445; x_wconf 79' lang='lat' dir='ltr'><strong>ensem;</strong></span> <span class='ocrx_word' id='word_1_425' title='bbox 1066 4369 1331 4425; x_wconf 85' lang='lat' dir='ltr'><strong>Venerem</strong></span> <span class='ocrx_word' id='word_1_426' title='bbox 1360 4371 1620 4441; x_wconf 87' lang='lat' dir='ltr'><strong>scyphum</strong></span> <span class='ocrx_word' id='word_1_427' title='bbox 1669 4386 1914 4439; x_wconf 91' lang='lat' dir='ltr'><strong>aureum,</strong></span> <span class='ocrx_word' id='word_1_428' title='bbox 1954 4374 2045 4443; x_wconf 92' lang='lat' dir='ltr'><strong>qui</strong></span> 
     </span>
    </p>
   </div>
   <div class='ocr_carea' id='block_1_62' title="bbox 476 4450 2046 4537">
    <p class='ocr_par' dir='ltr' id='par_1_62' title="bbox 476 4450 2046 4537">
     <span class='ocr_line' id='line_1_62' title="bbox 476 4450 2046 4537; baseline 0 -19"><span class='ocrx_word' id='word_1_429' title='bbox 476 4463 808 4533; x_wconf 82' lang='lat' dir='ltr'><strong>insculptum</strong></span> <span class='ocrx_word' id='word_1_430' title='bbox 850 4463 1084 4521; x_wconf 87' lang='lat' dir='ltr'><strong>habebat</strong></span> <span class='ocrx_word' id='word_1_431' title='bbox 1127 4450 1495 4530; x_wconf 87' lang='lat' dir='ltr'><strong>Cupidinem;</strong></span> <span class='ocrx_word' id='word_1_432' title='bbox 1536 4459 1839 4537; x_wconf 82' lang='lat' dir='ltr'><strong>Neptunum</strong></span> <span class='ocrx_word' id='word_1_433' title='bbox 1875 4477 2046 4532; x_wconf 89' lang='lat' dir='ltr'><strong>equos</strong></span> 
     </span>
    </p>
   </div>
   <div class='ocr_carea' id='block_1_63' title="bbox 476 4552 2046 4621">
    <p class='ocr_par' dir='ltr' id='par_1_63' title="bbox 476 4552 2046 4621">
     <span class='ocr_line' id='line_1_63' title="bbox 476 4552 2046 4621; baseline -0.001 -12"><span class='ocrx_word' id='word_1_434' title='bbox 476 4558 631 4621; x_wconf 80' lang='lat' dir='ltr'><strong>duos,</strong></span> <span class='ocrx_word' id='word_1_435' title='bbox 662 4553 937 4621; x_wconf 80' lang='lat' dir='ltr'><strong>Xanthum</strong></span> <span class='ocrx_word' id='word_1_436' title='bbox 971 4563 1026 4609; x_wconf 90' lang='lat' dir='ltr'><strong>et</strong></span> <span class='ocrx_word' id='word_1_437' title='bbox 1065 4552 1296 4619; x_wconf 84' lang='lat' dir='ltr'><strong>Balium,</strong></span> <span class='ocrx_word' id='word_1_438' title='bbox 1343 4552 1611 4607; x_wconf 88' lang='lat' dir='ltr'><strong>Junonem</strong></span> <span class='ocrx_word' id='word_1_439' title='bbox 1670 4552 1912 4621; x_wconf 89' lang='lat' dir='ltr'><strong>pallium,</strong></span> <span class='ocrx_word' id='word_1_440' title='bbox 1944 4554 2046 4608; x_wconf 84' lang='lat' dir='ltr'><strong>Mi-</strong></span> 
     </span>
    </p>
   </div>
   <div class='ocr_carea' id='block_1_64' title="bbox 474 4644 2047 4715">
    <p class='ocr_par' dir='ltr' id='par_1_64' title="bbox 474 4644 2047 4715">
     <span class='ocr_line' id='line_1_64' title="bbox 474 4644 2047 4715; baseline -0.001 -14"><span class='ocrx_word' id='word_1_441' title='bbox 474 4663 699 4702; x_wconf 85' lang='lat' dir='ltr'><strong>nervum</strong></span> <span class='ocrx_word' id='word_1_442' title='bbox 734 4647 916 4712; x_wconf 87' lang='lat' dir='ltr'><strong>tibias,</strong></span> <span class='ocrx_word' id='word_1_443' title='bbox 945 4644 1120 4700; x_wconf 85' lang='lat' dir='ltr'><strong>Nerea</strong></span> <span class='ocrx_word' id='word_1_444' title='bbox 1149 4645 1380 4713; x_wconf 87' lang='lat' dir='ltr'><strong>denique</strong></span> <span class='ocrx_word' id='word_1_445' title='bbox 1417 4644 1621 4707; x_wconf 80' lang='lat' dir='ltr'><strong>Salein,</strong></span> <span class='ocrx_word' id='word_1_446' title='bbox 1658 4661 1818 4715; x_wconf 89' lang='lat' dir='ltr'><strong>quem</strong></span> <span class='ocrx_word' id='word_1_447' title='bbox 1851 4658 2047 4701; x_wconf 83' lang='lat' dir='ltr'><strong>vocant</strong></span> 
     </span>
    </p>
   </div>
   <div class='ocr_carea' id='block_1_65' title="bbox 475 4736 2040 4809">
    <p class='ocr_par' dir='ltr' id='par_1_65' title="bbox 475 4736 2040 4809">
     <span class='ocr_line' id='line_1_65' title="bbox 475 4736 2040 4809; baseline 0 -17"><span class='ocrx_word' id='word_1_448' title='bbox 475 4741 717 4793; x_wconf 89' lang='lat' dir='ltr'><strong>divinum</strong></span> <span class='ocrx_word' id='word_1_449' title='bbox 748 4738 803 4793; x_wconf 91' lang='lat' dir='ltr'><strong>in</strong></span> <span class='ocrx_word' id='word_1_450' title='bbox 830 4738 1029 4806; x_wconf 46' lang='lat' dir='ltr'><strong>arcula,</strong></span> <span class='ocrx_word' id='word_1_451' title='bbox 1071 4738 1163 4809; x_wconf 87' lang='lat' dir='ltr'><strong>qui</strong></span> <span class='ocrx_word' id='word_1_452' title='bbox 1188 4736 1269 4791; x_wconf 90' lang='lat' dir='ltr'><strong>sal</strong></span> <span class='ocrx_word' id='word_1_453' title='bbox 1301 4736 1672 4792; x_wconf 90' lang='lat' dir='ltr'><strong>incredibilem</strong></span> <span class='ocrx_word' id='word_1_454' title='bbox 1714 4740 1912 4794; x_wconf 85' lang='lat' dir='ltr'><strong>habeat</strong></span> <span class='ocrx_word' id='word_1_455' title='bbox 1936 4739 2040 4793; x_wconf 90' lang='lat' dir='ltr'><strong>vir-</strong></span> 
     </span>
    </p>
   </div>
   <div class='ocr_carea' id='block_1_66' title="bbox 480 4814 2049 4902">
    <p class='ocr_par' dir='ltr' id='par_1_66' title="bbox 480 4814 2049 4902">
     <span class='ocr_line' id='line_1_66' title="bbox 480 4814 2049 4902; baseline 0.002 -18"><span class='ocrx_word' id='word_1_456' title='bbox 480 4842 650 4885; x_wconf 85' lang='lat' dir='ltr'><strong>tutem</strong></span> <span class='ocrx_word' id='word_1_457' title='bbox 700 4832 1115 4901; x_wconf 68' lang='lat' dir='ltr'><strong>adiuvandam</strong></span> <span class='ocrx_word' id='word_1_458' title='bbox 1138 4814 1485 4897; x_wconf 62' lang='lat' dir='ltr'><strong>edacitatem,</strong></span> <span class='ocrx_word' id='word_1_459' title='bbox 1543 4829 1848 4902; x_wconf 88' lang='lat' dir='ltr'><strong>edendique</strong></span> <span class='ocrx_word' id='word_1_460' title='bbox 1886 4848 2049 4902; x_wconf 87' lang='lat' dir='ltr'><strong>appe-</strong></span> 
     </span>
    </p>
   </div>
   <div class='ocr_carea' id='block_1_67' title="bbox 2163 1716 3740 1807">
    <p class='ocr_par' dir='ltr' id='par_1_67' title="bbox 2163 1716 3740 1807">
     <span class='ocr_line' id='line_1_67' title="bbox 2163 1716 3740 1807; baseline 0.011 -37"><span class='ocrx_word' id='word_1_461' title='bbox 2163 1716 2244 1779; x_wconf 83' lang='grc' dir='ltr'>εἰς</span> <span class='ocrx_word' id='word_1_462' title='bbox 2288 1717 2414 1789; x_wconf 78' lang='grc' dir='ltr'>ᾅδου</span> <span class='ocrx_word' id='word_1_463' title='bbox 2447 1720 2606 1773; x_wconf 87' lang='grc' dir='ltr'>πάλιν</span> <span class='ocrx_word' id='word_1_464' title='bbox 2650 1722 3005 1795; x_wconf 81' lang='grc' dir='ltr'>ὑποστρέφει.</span> <span class='ocrx_word' id='word_1_465' title='bbox 3066 1727 3155 1792; x_wconf 85' lang='grc' dir='ltr'>Ὠς</span> <span class='ocrx_word' id='word_1_466' title='bbox 3198 1731 3256 1782; x_wconf 84' lang='grc' dir='ltr'>ὲν</span> <span class='ocrx_word' id='word_1_467' title='bbox 3289 1733 3358 1802; x_wconf 73' lang='grc' dir='ltr'>τῇ</span> <span class='ocrx_word' id='word_1_468' title='bbox 3411 1732 3740 1807; x_wconf 73' lang='grc' dir='ltr'><strong>Ἀλεξάνδρᾳ</strong></span> 
     </span>
    </p>
   </div>
   <div class='ocr_carea' id='block_1_68' title="bbox 2159 1807 2764 1879">
    <p class='ocr_par' dir='ltr' id='par_1_68' title="bbox 2159 1807 2764 1879">
     <span class='ocr_line' id='line_1_68' title="bbox 2159 1807 2764 1879; baseline 0.007 -19"><span class='ocrx_word' id='word_1_469' title='bbox 2159 1807 2463 1879; x_wconf 78' lang='grc' dir='ltr'><strong>Λυκόφρων</strong></span> <span class='ocrx_word' id='word_1_470' title='bbox 2494 1808 2664 1863; x_wconf 76' lang='grc' dir='ltr'>εἰπὼν</span> <span class='ocrx_word' id='word_1_471' title='bbox 2698 1813 2764 1877; x_wconf 84' lang='grc'><strong>¹⁰,</strong></span> 
     </span>
    </p>
   </div>
   <div class='ocr_carea' id='block_1_69' title="bbox 2231 1901 3574 1979">
    <p class='ocr_par' dir='ltr' id='par_1_69' title="bbox 2231 1901 3574 1979">
     <span class='ocr_line' id='line_1_69' title="bbox 2231 1901 3574 1979; baseline 0.01 -26"><span class='ocrx_word' id='word_1_472' title='bbox 2231 1902 2379 1954; x_wconf 82' lang='grc' dir='ltr'>Ποία</span> <span class='ocrx_word' id='word_1_473' title='bbox 2406 1901 2458 1954; x_wconf 82' lang='grc' dir='ltr'><strong>δ’</strong></span> <span class='ocrx_word' id='word_1_474' title='bbox 2486 1902 2688 1969; x_wconf 80' lang='grc' dir='ltr'>ἀηδὼν</span> <span class='ocrx_word' id='word_1_475' title='bbox 2718 1905 2924 1974; x_wconf 78' lang='grc' dir='ltr'>στεῖρα</span> <span class='ocrx_word' id='word_1_476' title='bbox 2946 1907 3012 1938; x_wconf 76' lang='grc'><strong>¹⁰⁶</strong></span> <span class='ocrx_word' id='word_1_477' title='bbox 3049 1912 3574 1979; x_wconf 73' lang='grc' dir='ltr'>κενταυροκτόνος,</span> 
     </span>
    </p>
   </div>
   <div class='ocr_carea' id='block_1_70' title="bbox 2158 1991 3740 2069">
    <p class='ocr_par' dir='ltr' id='par_1_70' title="bbox 2158 1991 3740 2069">
     <span class='ocr_line' id='line_1_70' title="bbox 2158 1991 3740 2069; baseline 0.009 -25"><span class='ocrx_word' id='word_1_478' title='bbox 2158 1991 2257 2055; x_wconf 85' lang='grc' dir='ltr'>τὰς</span> <span class='ocrx_word' id='word_1_479' title='bbox 2303 1992 2566 2065; x_wconf 83' lang='grc' dir='ltr'>Σειρῆνας</span> <span class='ocrx_word' id='word_1_480' title='bbox 2594 2000 3139 2066; x_wconf 73' lang='grc' dir='ltr'>κενταιφοκτόνους</span> <span class='ocrx_word' id='word_1_481' title='bbox 3168 1996 3338 2056; x_wconf 82' lang='grc' dir='ltr'>εἶπεν.</span> <span class='ocrx_word' id='word_1_482' title='bbox 3390 2003 3481 2067; x_wconf 82' lang='grc' dir='ltr'>Ὠς</span> <span class='ocrx_word' id='word_1_483' title='bbox 3512 2003 3740 2069; x_wconf 81' lang='grc' dir='ltr'>Ἕλενος</span> 
     </span>
    </p>
   </div>
   <div class='ocr_carea' id='block_1_71' title="bbox 2157 2086 3736 2163">
    <p class='ocr_par' dir='ltr' id='par_1_71' title="bbox 2157 2086 3736 2163">
     <span class='ocr_line' id='line_1_71' title="bbox 2157 2086 3736 2163; baseline 0.006 -24"><span class='ocrx_word' id='word_1_484' title='bbox 2157 2086 2186 2139; x_wconf 88' lang='lat'><strong>6</strong></span> <span class='ocrx_word' id='word_1_485' title='bbox 2219 2087 2469 2157; x_wconf 79' lang='grc' dir='ltr'>Πριάμου</span> <span class='ocrx_word' id='word_1_486' title='bbox 2535 2088 2872 2156; x_wconf 78' lang='grc' dir='ltr'><strong>’Λπόλλωνος</strong></span> <span class='ocrx_word' id='word_1_487' title='bbox 2918 2091 3194 2163; x_wconf 76' lang='grc' dir='ltr'>ἐρώμενος</span> <span class='ocrx_word' id='word_1_488' title='bbox 3244 2095 3286 2126; x_wconf 75' lang='grc' dir='ltr'>ίι</span> <span class='ocrx_word' id='word_1_489' title='bbox 3336 2094 3569 2163; x_wconf 83' lang='grc' dir='ltr'>γένοιτο.</span> <span class='ocrx_word' id='word_1_490' title='bbox 3636 2099 3736 2151; x_wconf 70' lang='grc' dir='ltr'><strong>καὶ</strong></span> 
     </span>
    </p>
   </div>
   <div class='ocr_carea' id='block_1_72' title="bbox 2158 2178 3736 2258">
    <p class='ocr_par' dir='ltr' id='par_1_72' title="bbox 2158 2178 3736 2258">
     <span class='ocr_line' id='line_1_72' title="bbox 2158 2178 3736 2258; baseline 0.004 -23"><span class='ocrx_word' id='word_1_491' title='bbox 2158 2178 2321 2235; x_wconf 75' lang='grc' dir='ltr'>ἔλαϐε</span> <span class='ocrx_word' id='word_1_492' title='bbox 2346 2198 2460 2249; x_wconf 90' lang='grc' dir='ltr'><strong>παρ</strong></span> <span class='ocrx_word' id='word_1_493' title='bbox 2500 2180 2667 2237; x_wconf 79' lang='grc' dir='ltr'>αὐτοῦ</span> <span class='ocrx_word' id='word_1_494' title='bbox 2693 2182 2871 2256; x_wconf 86' lang='grc' dir='ltr'>δῶρον’</span> <span class='ocrx_word' id='word_1_495' title='bbox 2895 2184 3048 2257; x_wconf 80' lang='grc' dir='ltr'>τόξον</span> <span class='ocrx_word' id='word_1_496' title='bbox 3070 2185 3439 2255; x_wconf 71' lang='grc' dir='ltr'>ὶλεςράντινον,</span> <span class='ocrx_word' id='word_1_497' title='bbox 3467 2181 3512 2256; x_wconf 82' lang='grc' dir='ltr'>ᾧ</span> <span class='ocrx_word' id='word_1_498' title='bbox 3551 2187 3736 2258; x_wconf 84' lang='grc' dir='ltr'>Ἀχιλ-</span> 
     </span>
    </p>
   </div>
   <div class='ocr_carea' id='block_1_73' title="bbox 2157 2273 3732 2352">
    <p class='ocr_par' dir='ltr' id='par_1_73' title="bbox 2157 2273 3732 2352">
     <span class='ocr_line' id='line_1_73' title="bbox 2157 2273 3732 2352; baseline 0.005 -26"><span class='ocrx_word' id='word_1_499' title='bbox 2157 2273 2253 2327; x_wconf 85' lang='grc' dir='ltr'><strong>λέα</strong></span> <span class='ocrx_word' id='word_1_500' title='bbox 2280 2273 2557 2339; x_wconf 57' lang='lat' dir='ltr'><strong>rogatis-ets</strong></span> <span class='ocrx_word' id='word_1_501' title='bbox 2613 2275 2755 2329; x_wconf 85' lang='grc' dir='ltr'>κατά</span> <span class='ocrx_word' id='word_1_502' title='bbox 2798 2278 2899 2348; x_wconf 80' lang='grc' dir='ltr'>τῆς</span> <span class='ocrx_word' id='word_1_503' title='bbox 2929 2278 3133 2352; x_wconf 85' lang='grc' dir='ltr'>χειρός.</span> <span class='ocrx_word' id='word_1_504' title='bbox 3167 2278 3288 2333; x_wconf 77' lang='grc' dir='ltr'>ὀτι</span> <span class='ocrx_word' id='word_1_505' title='bbox 3327 2278 3468 2348; x_wconf 77' lang='grc' dir='ltr'>μετὰ</span> <span class='ocrx_word' id='word_1_506' title='bbox 3512 2279 3732 2351; x_wconf 84' lang='grc' dir='ltr'>Ἀνδρο-</span> 
     </span>
    </p>
   </div>
   <div class='ocr_carea' id='block_1_74' title="bbox 2160 2365 3734 2441">
    <p class='ocr_par' dir='ltr' id='par_1_74' title="bbox 2160 2365 3734 2441">
     <span class='ocr_line' id='line_1_74' title="bbox 2160 2365 3734 2441; baseline 0.003 -20"><span class='ocrx_word' id='word_1_507' title='bbox 2160 2368 2341 2438; x_wconf 85' lang='grc' dir='ltr'>μάχης</span> <span class='ocrx_word' id='word_1_508' title='bbox 2361 2366 2584 2424; x_wconf 76' lang='grc' dir='ltr'>καὶτῶν</span> <span class='ocrx_word' id='word_1_509' title='bbox 2611 2365 2743 2421; x_wconf 78' lang='grc' dir='ltr'>υἱῶν</span> <span class='ocrx_word' id='word_1_510' title='bbox 2765 2367 2929 2423; x_wconf 81' lang='grc' dir='ltr'>αὐτοῦ</span> <span class='ocrx_word' id='word_1_511' title='bbox 2959 2369 3208 2441; x_wconf 86' lang='grc' dir='ltr'>Πρίαμος</span> <span class='ocrx_word' id='word_1_512' title='bbox 3236 2370 3378 2441; x_wconf 79' lang='grc' dir='ltr'>ὑπὲρ</span> <span class='ocrx_word' id='word_1_513' title='bbox 3398 2370 3509 2424; x_wconf 85' lang='grc' dir='ltr'>τῶν</span> <span class='ocrx_word' id='word_1_514' title='bbox 3533 2372 3734 2426; x_wconf 83' lang='grc' dir='ltr'>Ἕκτο-</span> 
     </span>
    </p>
   </div>
   <div class='ocr_carea' id='block_1_75' title="bbox 2160 2457 3734 2533">
    <p class='ocr_par' dir='ltr' id='par_1_75' title="bbox 2160 2457 3734 2533">
     <span class='ocr_line' id='line_1_75' title="bbox 2160 2457 3734 2533; baseline 0.003 -22"><span class='ocrx_word' id='word_1_515' title='bbox 2160 2475 2251 2529; x_wconf 88' lang='grc' dir='ltr'><strong>ρος</strong></span> <span class='ocrx_word' id='word_1_516' title='bbox 2278 2457 2450 2512; x_wconf 82' lang='grc' dir='ltr'>ὀστῶν</span> <span class='ocrx_word' id='word_1_517' title='bbox 2492 2459 2677 2528; x_wconf 80' lang='grc' dir='ltr'><strong>ἱκέτης</strong></span> <span class='ocrx_word' id='word_1_518' title='bbox 2705 2458 2935 2527; x_wconf 73' lang='grc' dir='ltr'>ἀφίκετο</span> <span class='ocrx_word' id='word_1_519' title='bbox 2961 2458 3037 2525; x_wconf 82' lang='grc' dir='ltr'>ὡς</span> <span class='ocrx_word' id='word_1_520' title='bbox 3073 2460 3323 2533; x_wconf 82' lang='grc' dir='ltr'>Ἀχιλλέα</span> <span class='ocrx_word' id='word_1_521' title='bbox 3355 2462 3425 2521; x_wconf 83' lang='grc'>¹².,</span> <span class='ocrx_word' id='word_1_522' title='bbox 3456 2461 3541 2525; x_wconf 86' lang='grc' dir='ltr'>Ὠς</span> <span class='ocrx_word' id='word_1_523' title='bbox 3573 2461 3734 2524; x_wconf 87' lang='grc' dir='ltr'>Θέτις</span> 
     </span>
    </p>
   </div>
   <div class='ocr_carea' id='block_1_76' title="bbox 2154 2550 3734 2625">
    <p class='ocr_par' dir='ltr' id='par_1_76' title="bbox 2154 2550 3734 2625">
     <span class='ocr_line' id='line_1_76' title="bbox 2154 2550 3734 2625; baseline 0.003 -22"><span class='ocrx_word' id='word_1_524' title='bbox 2154 2553 2281 2615; x_wconf 80' lang='grc' dir='ltr'>τοὺς</span> <span class='ocrx_word' id='word_1_525' title='bbox 2315 2551 2382 2604; x_wconf 82' lang='grc' dir='ltr'><strong>ὲκ</strong></span> <span class='ocrx_word' id='word_1_526' title='bbox 2415 2550 2640 2620; x_wconf 82' lang='grc' dir='ltr'><strong>Πηλέως</strong></span> <span class='ocrx_word' id='word_1_527' title='bbox 2674 2552 2812 2625; x_wconf 77' lang='grc' dir='ltr'>αὐτῇ</span> <span class='ocrx_word' id='word_1_528' title='bbox 2858 2553 3179 2625; x_wconf 79' lang='grc' dir='ltr'>γινομένους</span> <span class='ocrx_word' id='word_1_529' title='bbox 3238 2554 3437 2615; x_wconf 83' lang='grc' dir='ltr'>παῖδας</span> <span class='ocrx_word' id='word_1_530' title='bbox 3469 2554 3604 2623; x_wconf 77' lang='grc' dir='ltr'>πυρὶ</span> <span class='ocrx_word' id='word_1_531' title='bbox 3635 2553 3734 2608; x_wconf 89' lang='grc' dir='ltr'>λα-</span> 
     </span>
    </p>
   </div>
   <div class='ocr_carea' id='block_1_77' title="bbox 2155 2642 3732 2716">
    <p class='ocr_par' dir='ltr' id='par_1_77' title="bbox 2155 2642 3732 2716">
     <span class='ocr_line' id='line_1_77' title="bbox 2155 2642 3732 2716; baseline 0.001 -20"><span class='ocrx_word' id='word_1_532' title='bbox 2155 2642 2328 2715; x_wconf 80' lang='grc' dir='ltr'>θραίῳ</span> <span class='ocrx_word' id='word_1_533' title='bbox 2380 2642 2707 2712; x_wconf 84' lang='grc' dir='ltr'>κατηνάλου,</span> <span class='ocrx_word' id='word_1_534' title='bbox 2741 2642 2802 2709; x_wconf 81' lang='grc' dir='ltr'>ἒξ</span> <span class='ocrx_word' id='word_1_535' title='bbox 2854 2644 3182 2714; x_wconf 81' lang='grc' dir='ltr'>γεγονότας·</span> <span class='ocrx_word' id='word_1_536' title='bbox 3221 2644 3296 2708; x_wconf 82' lang='grc' dir='ltr'>ὡς</span> <span class='ocrx_word' id='word_1_537' title='bbox 3350 2645 3407 2698; x_wconf 81' lang='grc' dir='ltr'>δὲ</span> <span class='ocrx_word' id='word_1_538' title='bbox 3456 2642 3586 2716; x_wconf 65' lang='grc'><strong>[252</strong></span> <span class='ocrx_word' id='word_1_539' title='bbox 3635 2643 3732 2715; x_wconf 83' lang='grc' dir='ltr'><strong>Η.]</strong></span> 
     </span>
    </p>
   </div>
   <div class='ocr_carea' id='block_1_78' title="bbox 2155 2734 3733 2807">
    <p class='ocr_par' dir='ltr' id='par_1_78' title="bbox 2155 2734 3733 2807">
     <span class='ocr_line' id='line_1_78' title="bbox 2155 2734 3733 2807; baseline 0 -20"><span class='ocrx_word' id='word_1_540' title='bbox 2155 2734 2251 2787; x_wconf 77' lang='grc' dir='ltr'><strong>καὶ</strong></span> <span class='ocrx_word' id='word_1_541' title='bbox 2290 2735 2539 2806; x_wconf 80' lang='grc' dir='ltr'>Ἀχιλλέα</span> <span class='ocrx_word' id='word_1_542' title='bbox 2571 2736 2921 2806; x_wconf 79' lang='grc' dir='ltr'>ἐπεχείρησε,</span> <span class='ocrx_word' id='word_1_543' title='bbox 2945 2737 3107 2804; x_wconf 81' lang='grc' dir='ltr'>γνοὺς</span> <span class='ocrx_word' id='word_1_544' title='bbox 3137 2736 3350 2807; x_wconf 80' lang='grc' dir='ltr'>Πηλεὺς</span> <span class='ocrx_word' id='word_1_545' title='bbox 3374 2735 3608 2802; x_wconf 80' lang='grc' dir='ltr'>ἐξείλετο</span> <span class='ocrx_word' id='word_1_546' title='bbox 3640 2736 3733 2789; x_wconf 74' lang='grc' dir='ltr'>τὸν</span> 
     </span>
    </p>
   </div>
   <div class='ocr_carea' id='block_1_79' title="bbox 2157 2827 3731 2898">
    <p class='ocr_par' dir='ltr' id='par_1_79' title="bbox 2157 2827 3731 2898">
     <span class='ocr_line' id='line_1_79' title="bbox 2157 2827 3731 2898; baseline 0.001 -20"><span class='ocrx_word' id='word_1_547' title='bbox 2157 2827 2505 2898; x_wconf 83' lang='grc' dir='ltr'>ἀστράγαλον</span> <span class='ocrx_word' id='word_1_548' title='bbox 2535 2828 2698 2898; x_wconf 92' lang='grc' dir='ltr'>μόνον</span> <span class='ocrx_word' id='word_1_549' title='bbox 2718 2827 2812 2881; x_wconf 83' lang='grc' dir='ltr'>τοῦ</span> <span class='ocrx_word' id='word_1_550' title='bbox 2844 2828 3020 2895; x_wconf 81' lang='grc' dir='ltr'>δεξιοῦ</span> <span class='ocrx_word' id='word_1_551' title='bbox 3060 2828 3218 2892; x_wconf 80' lang='grc' dir='ltr'>ποδὸς</span> <span class='ocrx_word' id='word_1_552' title='bbox 3252 2829 3610 2898; x_wconf 83' lang='grc' dir='ltr'>κεκαυμένον,</span> <span class='ocrx_word' id='word_1_553' title='bbox 3635 2827 3731 2881; x_wconf 76' lang='grc' dir='ltr'><strong>καὶ</strong></span> 
     </span>
    </p>
   </div>
   <div class='ocr_carea' id='block_1_80' title="bbox 2157 2908 3731 2990">
    <p class='ocr_par' dir='ltr' id='par_1_80' title="bbox 2157 2908 3731 2990">
     <span class='ocr_line' id='line_1_80' title="bbox 2157 2908 3731 2990; baseline 0 -20"><span class='ocrx_word' id='word_1_554' title='bbox 2157 2908 2394 2989; x_wconf 80' lang='grc' dir='ltr'>Χείρώνι</span> <span class='ocrx_word' id='word_1_555' title='bbox 2426 2920 2829 2989; x_wconf 60' lang='grc' dir='ltr'>παρατίθησιν</span> <span class='ocrx_word' id='word_1_556' title='bbox 2885 2920 2914 2972; x_wconf 88' lang='lat'><strong>6</strong></span> <span class='ocrx_word' id='word_1_557' title='bbox 2951 2919 3007 2973; x_wconf 73' lang='grc' dir='ltr'>δὲ</span> <span class='ocrx_word' id='word_1_558' title='bbox 3056 2919 3323 2990; x_wconf 79' lang='grc' dir='ltr'>ἀνορύξας</span> <span class='ocrx_word' id='word_1_559' title='bbox 3364 2918 3428 2971; x_wconf 76' lang='grc' dir='ltr'><strong>τὸ</strong></span> <span class='ocrx_word' id='word_1_560' title='bbox 3477 2920 3731 2989; x_wconf 81' lang='grc' dir='ltr'>Δαμύσου</span> 
     </span>
    </p>
   </div>
   <div class='ocr_carea' id='block_1_81' title="bbox 2157 3008 3732 3092">
    <p class='ocr_par' dir='ltr' id='par_1_81' title="bbox 2157 3008 3732 3092">
     <span class='ocr_line' id='line_1_81' title="bbox 2157 3008 3732 3092; baseline -0.001 -30"><span class='ocrx_word' id='word_1_561' title='bbox 2157 3010 2251 3063; x_wconf 80' lang='grc' dir='ltr'>τοῦ</span> <span class='ocrx_word' id='word_1_562' title='bbox 2288 3010 2548 3078; x_wconf 84' lang='grc' dir='ltr'>Γίγαντος</span> <span class='ocrx_word' id='word_1_563' title='bbox 2568 3010 2729 3081; x_wconf 84' lang='grc' dir='ltr'>σῶμα</span> <span class='ocrx_word' id='word_1_564' title='bbox 2763 3014 2822 3066; x_wconf 81' lang='grc' dir='ltr'>ἐν</span> <span class='ocrx_word' id='word_1_565' title='bbox 2855 3011 3109 3092; x_wconf 73' lang='grc' dir='ltr'>Παλλήνη</span> <span class='ocrx_word' id='word_1_566' title='bbox 3132 3011 3384 3080; x_wconf 87' lang='grc' dir='ltr'>κείμενον</span> <span class='ocrx_word' id='word_1_567' title='bbox 3407 3008 3732 3081; x_wconf 79' lang='grc' dir='ltr'>(ταχύτατος</span> 
     </span>
    </p>
   </div>
   <div class='ocr_carea' id='block_1_82' title="bbox 2156 3096 3729 3173">
    <p class='ocr_par' dir='ltr' id='par_1_82' title="bbox 2156 3096 3729 3173">
     <span class='ocr_line' id='line_1_82' title="bbox 2156 3096 3729 3173; baseline -0.003 -18"><span class='ocrx_word' id='word_1_568' title='bbox 2156 3101 2202 3155; x_wconf 90' lang='grc' dir='ltr'><strong>δ’</strong></span> <span class='ocrx_word' id='word_1_569' title='bbox 2227 3096 2294 3173; x_wconf 83' lang='grc' dir='ltr'>ἦν</span> <span class='ocrx_word' id='word_1_570' title='bbox 2321 3103 2349 3155; x_wconf 83' lang='grc' dir='ltr'>ὁ</span> <span class='ocrx_word' id='word_1_571' title='bbox 2378 3102 2627 3171; x_wconf 86' lang='grc' dir='ltr'>Δάμυσος</span> <span class='ocrx_word' id='word_1_572' title='bbox 2668 3102 2885 3156; x_wconf 86' lang='grc' dir='ltr'>πάντων</span> <span class='ocrx_word' id='word_1_573' title='bbox 2939 3102 3230 3171; x_wconf 81' lang='grc' dir='ltr'>γιγάντων)</span> <span class='ocrx_word' id='word_1_574' title='bbox 3284 3100 3381 3153; x_wconf 73' lang='grc' dir='ltr'>καὶ</span> <span class='ocrx_word' id='word_1_575' title='bbox 3411 3100 3729 3169; x_wconf 85' lang='grc' dir='ltr'>ἀνελόμενος</span> 
     </span>
    </p>
   </div>
   <div class='ocr_carea' id='block_1_83' title="bbox 2157 3190 3730 3267">
    <p class='ocr_par' dir='ltr' id='par_1_83' title="bbox 2157 3190 3730 3267">
     <span class='ocr_line' id='line_1_83' title="bbox 2157 3190 3730 3267; baseline -0.001 -23"><span class='ocrx_word' id='word_1_576' title='bbox 2157 3191 2324 3245; x_wconf 78' lang='grc' dir='ltr'>αὐτοῦ</span> <span class='ocrx_word' id='word_1_577' title='bbox 2353 3191 2444 3244; x_wconf 84' lang='grc' dir='ltr'><strong>τὸν</strong></span> <span class='ocrx_word' id='word_1_578' title='bbox 2478 3192 2821 3267; x_wconf 76' lang='grc' dir='ltr'>ἀστράγαλον</span> <span class='ocrx_word' id='word_1_579' title='bbox 2846 3191 3139 3264; x_wconf 77' lang='grc' dir='ltr'>ὲναρμόζει</span> <span class='ocrx_word' id='word_1_580' title='bbox 3162 3190 3240 3262; x_wconf 83' lang='grc' dir='ltr'>τῷ</span> <span class='ocrx_word' id='word_1_581' title='bbox 3270 3191 3557 3261; x_wconf 75' lang='grc' dir='ltr'>Ἀχιλλέως</span> <span class='ocrx_word' id='word_1_582' title='bbox 3588 3191 3730 3255; x_wconf 78' lang='grc' dir='ltr'>ποδὶ,</span> 
     </span>
    </p>
   </div>
   <div class='ocr_carea' id='block_1_84' title="bbox 2157 3281 3734 3354">
    <p class='ocr_par' dir='ltr' id='par_1_84' title="bbox 2157 3281 3734 3354">
     <span class='ocr_line' id='line_1_84' title="bbox 2157 3281 3734 3354; baseline 0 -18"><span class='ocrx_word' id='word_1_583' title='bbox 2157 3285 2251 3337; x_wconf 77' lang='grc' dir='ltr'><strong>καὶ</strong></span> <span class='ocrx_word' id='word_1_584' title='bbox 2288 3282 2604 3354; x_wconf 79' lang='grc' dir='ltr'>φαρμάκοις</span> <span class='ocrx_word' id='word_1_585' title='bbox 2659 3284 2824 3337; x_wconf 82' lang='grc' dir='ltr'>αὐτὸν</span> <span class='ocrx_word' id='word_1_586' title='bbox 2877 3285 3269 3354; x_wconf 82' lang='grc' dir='ltr'>σωματοποιεῖ.</span> <span class='ocrx_word' id='word_1_587' title='bbox 3307 3282 3508 3335; x_wconf 80' lang='grc' dir='ltr'>Τοῦτον</span> <span class='ocrx_word' id='word_1_588' title='bbox 3538 3281 3597 3336; x_wconf 82' lang='grc' dir='ltr'>δὲ</span> <span class='ocrx_word' id='word_1_589' title='bbox 3639 3283 3734 3336; x_wconf 76' lang='grc' dir='ltr'><strong>τὸν</strong></span> 
     </span>
    </p>
   </div>
   <div class='ocr_carea' id='block_1_85' title="bbox 2158 3373 3732 3446">
    <p class='ocr_par' dir='ltr' id='par_1_85' title="bbox 2158 3373 3732 3446">
     <span class='ocr_line' id='line_1_85' title="bbox 2158 3373 3732 3446; baseline -0.003 -17"><span class='ocrx_word' id='word_1_590' title='bbox 2158 3375 2500 3445; x_wconf 76' lang='grc' dir='ltr'>ἀστράγαλον</span> <span class='ocrx_word' id='word_1_591' title='bbox 2525 3377 2819 3429; x_wconf 84' lang='grc' dir='ltr'>ἀποπεσεῖν</span> <span class='ocrx_word' id='word_1_592' title='bbox 2848 3375 3179 3446; x_wconf 84' lang='grc' dir='ltr'>διωκομένου</span> <span class='ocrx_word' id='word_1_593' title='bbox 3204 3374 3365 3428; x_wconf 77' lang='grc' dir='ltr'>αὐτοῦ</span> <span class='ocrx_word' id='word_1_594' title='bbox 3397 3374 3503 3427; x_wconf 79' lang='grc' dir='ltr'><strong>ὑπὸ</strong></span> <span class='ocrx_word' id='word_1_595' title='bbox 3539 3373 3732 3427; x_wconf 69' lang='grc' dir='ltr'>Ἀπόλο</span> 
     </span>
    </p>
   </div>
   <div class='ocr_carea' id='block_1_86' title="bbox 2156 3466 3729 3535">
    <p class='ocr_par' dir='ltr' id='par_1_86' title="bbox 2156 3466 3729 3535">
     <span class='ocr_line' id='line_1_86' title="bbox 2156 3466 3729 3535; baseline -0.002 -14"><span class='ocrx_word' id='word_1_596' title='bbox 2156 3468 2345 3531; x_wconf 84' lang='grc' dir='ltr'>λωνος,</span> <span class='ocrx_word' id='word_1_597' title='bbox 2380 3467 2477 3520; x_wconf 74' lang='grc' dir='ltr'><strong>καὶ</strong></span> <span class='ocrx_word' id='word_1_598' title='bbox 2501 3467 2674 3531; x_wconf 77' lang='grc' dir='ltr'>οὕτως</span> <span class='ocrx_word' id='word_1_599' title='bbox 2712 3468 2871 3521; x_wconf 79' lang='grc' dir='ltr'>αὑτὸν</span> <span class='ocrx_word' id='word_1_600' title='bbox 2919 3466 3274 3535; x_wconf 81' lang='grc' dir='ltr'>ἀναιρεθῆναι</span> <span class='ocrx_word' id='word_1_601' title='bbox 3328 3466 3729 3519; x_wconf 81' lang='grc' dir='ltr'>καταπεσόντα.</span> 
     </span>
    </p>
   </div>
   <div class='ocr_carea' id='block_1_87' title="bbox 2154 3556 3727 3630">
    <p class='ocr_par' dir='ltr' id='par_1_87' title="bbox 2154 3556 3727 3630">
     <span class='ocr_line' id='line_1_87' title="bbox 2154 3556 3727 3630; baseline -0.003 -18"><span class='ocrx_word' id='word_1_602' title='bbox 2154 3561 2290 3612; x_wconf 61' lang='grc' dir='ltr'><strong>Φασῒ⁵</strong></span> <span class='ocrx_word' id='word_1_603' title='bbox 2322 3560 2379 3612; x_wconf 78' lang='grc' dir='ltr'>δὲ</span> <span class='ocrx_word' id='word_1_604' title='bbox 2414 3559 2694 3630; x_wconf 85' lang='grc' dir='ltr'>ποδάρκην</span> <span class='ocrx_word' id='word_1_605' title='bbox 2732 3559 2896 3615; x_wconf 77' lang='grc' dir='ltr'>αὐτὸν</span> <span class='ocrx_word' id='word_1_606' title='bbox 2923 3558 3028 3611; x_wconf 79' lang='grc' dir='ltr'><strong>ὑπὸ</strong></span> <span class='ocrx_word' id='word_1_607' title='bbox 3067 3557 3161 3619; x_wconf 75' lang='grc' dir='ltr'>τοῦ</span> <span class='ocrx_word' id='word_1_608' title='bbox 3194 3556 3421 3627; x_wconf 76' lang='grc' dir='ltr'>ποιητοῦ</span> <span class='ocrx_word' id='word_1_609' title='bbox 3451 3557 3727 3623; x_wconf 80' lang='grc' dir='ltr'>λέγεσθαι.</span> 
     </span>
    </p>
   </div>
   <div class='ocr_carea' id='block_1_88' title="bbox 2155 3648 3730 3722">
    <p class='ocr_par' dir='ltr' id='par_1_88' title="bbox 2155 3648 3730 3722">
     <span class='ocr_line' id='line_1_88' title="bbox 2155 3648 3730 3722; baseline -0.004 -18"><span class='ocrx_word' id='word_1_610' title='bbox 2155 3651 2237 3704; x_wconf 84' lang='grc' dir='ltr'><strong>ὅτι</strong></span> <span class='ocrx_word' id='word_1_611' title='bbox 2273 3650 2406 3718; x_wconf 77' lang='grc' dir='ltr'>φασὶ</span> <span class='ocrx_word' id='word_1_612' title='bbox 2437 3650 2536 3719; x_wconf 80' lang='grc' dir='ltr'>τῆς</span> <span class='ocrx_word' id='word_1_613' title='bbox 2580 3650 2789 3722; x_wconf 78' lang='grc' dir='ltr'>’Ἄρκης</span> <span class='ocrx_word' id='word_1_614' title='bbox 2821 3649 2888 3703; x_wconf 78' lang='grc' dir='ltr'><strong>τά</strong></span> <span class='ocrx_word' id='word_1_615' title='bbox 2926 3648 3103 3718; x_wconf 77' lang='grc' dir='ltr'>πτερὰ</span> <span class='ocrx_word' id='word_1_616' title='bbox 3132 3650 3232 3719; x_wconf 85' lang='grc' dir='ltr'><strong>τὴν</strong></span> <span class='ocrx_word' id='word_1_617' title='bbox 3276 3648 3435 3701; x_wconf 82' lang='grc' dir='ltr'>Θέτιν</span> <span class='ocrx_word' id='word_1_618' title='bbox 3490 3648 3730 3716; x_wconf 83' lang='grc' dir='ltr'>περιθεῖ-</span> 
     </span>
    </p>
   </div>
   <div class='ocr_carea' id='block_1_89' title="bbox 2155 3736 3734 3813">
    <p class='ocr_par' dir='ltr' id='par_1_89' title="bbox 2155 3736 3734 3813">
     <span class='ocr_line' id='line_1_89' title="bbox 2155 3736 3734 3813; baseline -0.003 -18"><span class='ocrx_word' id='word_1_619' title='bbox 2155 3760 2241 3795; x_wconf 87' lang='grc' dir='ltr'><strong>ναι</strong></span> <span class='ocrx_word' id='word_1_620' title='bbox 2276 3743 2320 3774; x_wconf 81' lang='grc'><strong>¹³</strong></span> <span class='ocrx_word' id='word_1_621' title='bbox 2349 3741 2426 3813; x_wconf 81' lang='grc' dir='ltr'><strong>τῷ</strong></span> <span class='ocrx_word' id='word_1_622' title='bbox 2469 3741 2620 3794; x_wconf 70' lang='grc' dir='ltr'>παιδὶ</span> <span class='ocrx_word' id='word_1_623' title='bbox 2647 3742 2981 3811; x_wconf 84' lang='grc' dir='ltr'>γεννηθέντι,</span> <span class='ocrx_word' id='word_1_624' title='bbox 3012 3743 3108 3795; x_wconf 78' lang='grc' dir='ltr'>καὶ</span> <span class='ocrx_word' id='word_1_625' title='bbox 3149 3736 3289 3793; x_wconf 75' lang='grc' dir='ltr'>εἶναι</span> <span class='ocrx_word' id='word_1_626' title='bbox 3332 3741 3393 3793; x_wconf 74' lang='grc' dir='ltr'>τὸ</span> <span class='ocrx_word' id='word_1_627' title='bbox 3422 3740 3734 3807; x_wconf 77' lang='grc' dir='ltr'>ποδάρκης</span> 
     </span>
    </p>
   </div>
   <div class='ocr_carea' id='block_1_90' title="bbox 2158 3828 3733 3903">
    <p class='ocr_par' dir='ltr' id='par_1_90' title="bbox 2158 3828 3733 3903">
     <span class='ocr_line' id='line_1_90' title="bbox 2158 3828 3733 3903; baseline -0.005 -16"><span class='ocrx_word' id='word_1_628' title='bbox 2158 3836 2187 3887; x_wconf 92' lang='lat'><strong>6</strong></span> <span class='ocrx_word' id='word_1_629' title='bbox 2215 3837 2258 3866; x_wconf 71' lang='grc' dir='ltr'>’δ</span> <span class='ocrx_word' id='word_1_630' title='bbox 2283 3836 2340 3887; x_wconf 81' lang='grc' dir='ltr'>ὲν</span> <span class='ocrx_word' id='word_1_631' title='bbox 2373 3836 2484 3896; x_wconf 87' lang='grc' dir='ltr'>τοῖς</span> <span class='ocrx_word' id='word_1_632' title='bbox 2517 3834 2645 3886; x_wconf 70' lang='grc' dir='ltr'>ποσὶ</span> <span class='ocrx_word' id='word_1_633' title='bbox 2673 3834 2743 3886; x_wconf 81' lang='grc' dir='ltr'>τὰ</span> <span class='ocrx_word' id='word_1_634' title='bbox 2779 3832 2878 3902; x_wconf 84' lang='grc' dir='ltr'><strong>τῆς</strong></span> <span class='ocrx_word' id='word_1_635' title='bbox 2905 3833 3117 3903; x_wconf 72' lang='grc' dir='ltr'>’Ἄρκης</span> <span class='ocrx_word' id='word_1_636' title='bbox 3162 3832 3339 3902; x_wconf 78' lang='grc' dir='ltr'>πτερά</span> <span class='ocrx_word' id='word_1_637' title='bbox 3372 3830 3534 3900; x_wconf 74' lang='grc' dir='ltr'>ἔχων.</span> <span class='ocrx_word' id='word_1_638' title='bbox 3577 3830 3641 3882; x_wconf 85' lang='grc' dir='ltr'><strong><em>Ἠ</em></strong></span> <span class='ocrx_word' id='word_1_639' title='bbox 3673 3828 3733 3881; x_wconf 73' lang='grc' dir='ltr'>δὲ</span> 
     </span>
    </p>
   </div>
   <div class='ocr_carea' id='block_1_91' title="bbox 2160 3916 3729 3995">
    <p class='ocr_par' dir='ltr' id='par_1_91' title="bbox 2160 3916 3729 3995">
     <span class='ocr_line' id='line_1_91' title="bbox 2160 3916 3729 3995; baseline 0 -18"><span class='ocrx_word' id='word_1_640' title='bbox 2160 3925 2338 3995; x_wconf 76' lang='grc' dir='ltr'>’Ἄρκη</span> <span class='ocrx_word' id='word_1_641' title='bbox 2369 3923 2691 3993; x_wconf 82' lang='grc' dir='ltr'>Θαύμαντος</span> <span class='ocrx_word' id='word_1_642' title='bbox 2717 3918 2785 3992; x_wconf 79' lang='grc' dir='ltr'>ἦν</span> <span class='ocrx_word' id='word_1_643' title='bbox 2820 3922 3087 3993; x_wconf 81' lang='grc' dir='ltr'>θυγάτηρ,</span> <span class='ocrx_word' id='word_1_644' title='bbox 3120 3916 3189 3994; x_wconf 82' lang='grc' dir='ltr'>ἦς</span> <span class='ocrx_word' id='word_1_645' title='bbox 3216 3923 3250 3992; x_wconf 84' lang='grc' dir='ltr'><strong>ή</strong></span> <span class='ocrx_word' id='word_1_646' title='bbox 3296 3921 3501 3991; x_wconf 80' lang='grc' dir='ltr'>ἀδελφὴ</span> <span class='ocrx_word' id='word_1_647' title='bbox 3554 3916 3729 3988; x_wconf 78' lang='grc' dir='ltr'>Ἶρις’</span> 
     </span>
    </p>
   </div>
   <div class='ocr_carea' id='block_1_92' title="bbox 2156 4007 3732 4085">
    <p class='ocr_par' dir='ltr' id='par_1_92' title="bbox 2156 4007 3732 4085">
     <span class='ocr_line' id='line_1_92' title="bbox 2156 4007 3732 4085; baseline -0.006 -17"><span class='ocrx_word' id='word_1_648' title='bbox 2156 4014 2331 4085; x_wconf 83' lang='grc' dir='ltr'>πτερὰ</span> <span class='ocrx_word' id='word_1_649' title='bbox 2377 4014 2422 4066; x_wconf 91' lang='grc' dir='ltr'><strong>δ’</strong></span> <span class='ocrx_word' id='word_1_650' title='bbox 2456 4007 2601 4084; x_wconf 75' lang='grc' dir='ltr'>εἶχεν</span> <span class='ocrx_word' id='word_1_651' title='bbox 2652 4011 2910 4081; x_wconf 80' lang='grc' dir='ltr'>ἑκατέρα.</span> <span class='ocrx_word' id='word_1_652' title='bbox 2964 4012 3053 4064; x_wconf 88' lang='grc' dir='ltr'>Ἐν</span> <span class='ocrx_word' id='word_1_653' title='bbox 3091 4010 3146 4063; x_wconf 82' lang='grc' dir='ltr'>δὲ</span> <span class='ocrx_word' id='word_1_654' title='bbox 3196 4009 3275 4080; x_wconf 77' lang='grc' dir='ltr'>τῷ</span> <span class='ocrx_word' id='word_1_655' title='bbox 3329 4010 3465 4080; x_wconf 74' lang='grc' dir='ltr'>πρὸς</span> <span class='ocrx_word' id='word_1_656' title='bbox 3497 4010 3732 4070; x_wconf 82' lang='grc' dir='ltr'>Τιτᾶνας</span> 
     </span>
    </p>
   </div>
   <div class='ocr_carea' id='block_1_93' title="bbox 2109 4098 3730 4172">
    <p class='ocr_par' dir='ltr' id='par_1_93' title="bbox 2109 4098 3730 4172">
     <span class='ocr_line' id='line_1_93' title="bbox 2109 4098 3730 4172; baseline -0.005 -15"><span class='ocrx_word' id='word_1_657' title='bbox 2109 4115 2112 4119; x_wconf 83' lang='grc'><strong>’</strong></span> <span class='ocrx_word' id='word_1_658' title='bbox 2153 4105 2261 4158; x_wconf 84' lang='grc' dir='ltr'><strong>τῶν</strong></span> <span class='ocrx_word' id='word_1_659' title='bbox 2280 4103 2417 4156; x_wconf 82' lang='grc' dir='ltr'>θεῶν</span> <span class='ocrx_word' id='word_1_660' title='bbox 2442 4103 2664 4172; x_wconf 80' lang='grc' dir='ltr'>πολέμῳ</span> <span class='ocrx_word' id='word_1_661' title='bbox 2690 4101 2986 4155; x_wconf 82' lang='grc' dir='ltr'>ἀποπτᾶσα</span> <span class='ocrx_word' id='word_1_662' title='bbox 3017 4099 3127 4153; x_wconf 86' lang='grc' dir='ltr'>τῶν</span> <span class='ocrx_word' id='word_1_663' title='bbox 3152 4100 3290 4155; x_wconf 83' lang='grc' dir='ltr'>θεῶν</span> <span class='ocrx_word' id='word_1_664' title='bbox 3313 4101 3346 4170; x_wconf 83' lang='grc' dir='ltr'><strong>ή</strong></span> <span class='ocrx_word' id='word_1_665' title='bbox 3381 4101 3561 4169; x_wconf 84' lang='grc' dir='ltr'>’Δρκη</span> <span class='ocrx_word' id='word_1_666' title='bbox 3592 4098 3730 4168; x_wconf 70' lang='grc' dir='ltr'>πρὸς</span> 
     </span>
    </p>
   </div>
   <div class='ocr_carea' id='block_1_94' title="bbox 2154 4186 3729 4263">
    <p class='ocr_par' dir='ltr' id='par_1_94' title="bbox 2154 4186 3729 4263">
     <span class='ocr_line' id='line_1_94' title="bbox 2154 4186 3729 4263; baseline -0.006 -16"><span class='ocrx_word' id='word_1_667' title='bbox 2154 4195 2279 4257; x_wconf 78' lang='grc' dir='ltr'>τοὺς</span> <span class='ocrx_word' id='word_1_668' title='bbox 2304 4194 2538 4257; x_wconf 77' lang='grc' dir='ltr'>Τιτᾶνας</span> <span class='ocrx_word' id='word_1_669' title='bbox 2561 4190 2693 4263; x_wconf 73' lang='grc' dir='ltr'>ἦλθε</span> <span class='ocrx_word' id='word_1_670' title='bbox 2718 4209 2732 4221; x_wconf 92' lang='grc'><strong>·</strong></span> <span class='ocrx_word' id='word_1_671' title='bbox 2760 4191 2896 4262; x_wconf 77' lang='grc' dir='ltr'>μετὰ</span> <span class='ocrx_word' id='word_1_672' title='bbox 2924 4191 2981 4243; x_wconf 82' lang='grc' dir='ltr'>δὲ</span> <span class='ocrx_word' id='word_1_673' title='bbox 3005 4190 3104 4263; x_wconf 83' lang='grc' dir='ltr'><strong>τὴν</strong></span> <span class='ocrx_word' id='word_1_674' title='bbox 3138 4190 3295 4261; x_wconf 87' lang='grc' dir='ltr'>νίκην</span> <span class='ocrx_word' id='word_1_675' title='bbox 3314 4191 3342 4241; x_wconf 90' lang='lat'><strong>6</strong></span> <span class='ocrx_word' id='word_1_676' title='bbox 3370 4191 3505 4251; x_wconf 72' lang='grc' dir='ltr'>Ζεὺς</span> <span class='ocrx_word' id='word_1_677' title='bbox 3525 4187 3595 4240; x_wconf 83' lang='grc' dir='ltr'>τὰ</span> <span class='ocrx_word' id='word_1_678' title='bbox 3626 4186 3729 4256; x_wconf 79' lang='grc' dir='ltr'>μὲν</span> 
     </span>
    </p>
   </div>
   <div class='ocr_carea' id='block_1_95' title="bbox 2096 4279 3729 4355">
    <p class='ocr_par' dir='ltr' id='par_1_95' title="bbox 2096 4279 3729 4355">
     <span class='ocr_line' id='line_1_95' title="bbox 2096 4279 3729 4355; baseline -0.004 -20"><span class='ocrx_word' id='word_1_679' title='bbox 2096 4280 2120 4355; x_wconf 39' lang='grc' dir='ltr'><em>ς</em></span> <span class='ocrx_word' id='word_1_680' title='bbox 2155 4286 2333 4355; x_wconf 80' lang='grc' dir='ltr'>πτερὰ</span> <span class='ocrx_word' id='word_1_681' title='bbox 2362 4282 2531 4352; x_wconf 78' lang='grc' dir='ltr'>αὐτῆς</span> <span class='ocrx_word' id='word_1_682' title='bbox 2557 4282 2830 4351; x_wconf 82' lang='grc' dir='ltr'>ἀφείλετο,</span> <span class='ocrx_word' id='word_1_683' title='bbox 2858 4281 3026 4353; x_wconf 75' lang='grc' dir='ltr'>αὐτὴν</span> <span class='ocrx_word' id='word_1_684' title='bbox 3060 4279 3441 4350; x_wconf 81' lang='grc' dir='ltr'>ταρταρώσας,</span> <span class='ocrx_word' id='word_1_685' title='bbox 3477 4294 3729 4349; x_wconf 85' lang='grc' dir='ltr'>παραγε-</span> 
     </span>
    </p>
   </div>
   <div class='ocr_carea' id='block_1_96' title="bbox 2077 4335 3728 4444">
    <p class='ocr_par' dir='ltr' id='par_1_96' title="bbox 2077 4335 3728 4444">
     <span class='ocr_line' id='line_1_96' title="bbox 2077 4335 3728 4444; baseline -0.005 -17"><span class='ocrx_word' id='word_1_686' title='bbox 2077 4335 2122 4389; x_wconf 79' lang='lat' dir='ltr'><strong>D</strong></span> <span class='ocrx_word' id='word_1_687' title='bbox 2151 4335 2373 4444; x_wconf 69' lang='grc' dir='ltr'>νόμενος</span> <span class='ocrx_word' id='word_1_688' title='bbox 2405 4373 2462 4426; x_wconf 79' lang='grc' dir='ltr'>δὲ</span> <span class='ocrx_word' id='word_1_689' title='bbox 2488 4335 2537 4405; x_wconf 43' lang='grc' dir='ltr'>ἦ</span> <span class='ocrx_word' id='word_1_690' title='bbox 2565 4335 2665 4424; x_wconf 22' lang='grc' dir='ltr'>’ἐπὶ</span> <span class='ocrx_word' id='word_1_691' title='bbox 2690 4373 2767 4441; x_wconf 83' lang='grc' dir='ltr'>τῷ</span> <span class='ocrx_word' id='word_1_692' title='bbox 2807 4335 3031 4442; x_wconf 59' lang='grc' dir='ltr'>ίῙηλέώς</span> <span class='ocrx_word' id='word_1_693' title='bbox 3062 4335 3594 4439; x_wconf 47' lang='grc' dir='ltr'>καὶθέτιδος-γάμῷ</span> <span class='ocrx_word' id='word_1_694' title='bbox 3619 4335 3728 4420; x_wconf 60' lang='grc' dir='ltr'>δώ-</span> 
     </span>
    </p>
   </div>
   <div class='ocr_carea' id='block_1_97' title="bbox 2154 4460 3733 4535">
    <p class='ocr_par' dir='ltr' id='par_1_97' title="bbox 2154 4460 3733 4535">
     <span class='ocr_line' id='line_1_97' title="bbox 2154 4460 3733 4535; baseline -0.001 -18"><span class='ocrx_word' id='word_1_695' title='bbox 2154 4482 2243 4535; x_wconf 84' lang='grc' dir='ltr'><strong>ρον</strong></span> <span class='ocrx_word' id='word_1_696' title='bbox 2272 4464 2341 4516; x_wconf 77' lang='grc' dir='ltr'><strong>τά</strong></span> <span class='ocrx_word' id='word_1_697' title='bbox 2363 4464 2539 4535; x_wconf 80' lang='grc' dir='ltr'>πτερὰ</span> <span class='ocrx_word' id='word_1_698' title='bbox 2573 4467 2639 4534; x_wconf 83' lang='grc' dir='ltr'>τῇ</span> <span class='ocrx_word' id='word_1_699' title='bbox 2674 4464 2853 4517; x_wconf 80' lang='grc' dir='ltr'>Θέτιδι</span> <span class='ocrx_word' id='word_1_700' title='bbox 2887 4466 3183 4535; x_wconf 81' lang='grc' dir='ltr'>προσάγει.</span> <span class='ocrx_word' id='word_1_701' title='bbox 3227 4464 3315 4526; x_wconf 82' lang='grc' dir='ltr'>Ὠς</span> <span class='ocrx_word' id='word_1_702' title='bbox 3336 4463 3505 4532; x_wconf 87' lang='grc' dir='ltr'>Πηλεῖ</span> <span class='ocrx_word' id='word_1_703' title='bbox 3526 4462 3619 4514; x_wconf 69' lang='grc' dir='ltr'>ἐπὶ</span> <span class='ocrx_word' id='word_1_704' title='bbox 3650 4460 3733 4524; x_wconf 76' lang='grc' dir='ltr'>τῷ</span> 
     </span>
    </p>
   </div>
   <div class='ocr_carea' id='block_1_98' title="bbox 2150 4555 3721 4627">
    <p class='ocr_par' dir='ltr' id='par_1_98' title="bbox 2150 4555 3721 4627">
     <span class='ocr_line' id='line_1_98' title="bbox 2150 4555 3721 4627; baseline -0.003 -17"><span class='ocrx_word' id='word_1_705' title='bbox 2150 4558 2313 4627; x_wconf 83' lang='grc' dir='ltr'>γάμῳ</span> <span class='ocrx_word' id='word_1_706' title='bbox 2355 4559 2489 4626; x_wconf 81' lang='grc' dir='ltr'>φασὶ</span> <span class='ocrx_word' id='word_1_707' title='bbox 2532 4556 2885 4627; x_wconf 86' lang='grc' dir='ltr'>δωρήσασθαι</span> <span class='ocrx_word' id='word_1_708' title='bbox 2918 4557 3224 4625; x_wconf 76' lang='grc' dir='ltr'>Ἥφαιστον</span> <span class='ocrx_word' id='word_1_709' title='bbox 3281 4556 3380 4627; x_wconf 82' lang='grc' dir='ltr'><strong>μὲν</strong></span> <span class='ocrx_word' id='word_1_710' title='bbox 3425 4555 3721 4625; x_wconf 62' lang='grc' dir='ltr'>μάχαιραν,</span> 
     </span>
    </p>
   </div>
   <div class='ocr_carea' id='block_1_99' title="bbox 2163 4648 3727 4720">
    <p class='ocr_par' dir='ltr' id='par_1_99' title="bbox 2163 4648 3727 4720">
     <span class='ocr_line' id='line_1_99' title="bbox 2163 4648 3727 4720; baseline -0.004 -18"><span class='ocrx_word' id='word_1_711' title='bbox 2163 4649 2486 4720; x_wconf 65' lang='grc' dir='ltr'>Ἀφροδίτην</span> <span class='ocrx_word' id='word_1_712' title='bbox 2515 4648 2573 4701; x_wconf 81' lang='grc' dir='ltr'><strong>δὲ</strong></span> <span class='ocrx_word' id='word_1_713' title='bbox 2623 4649 2821 4719; x_wconf 81' lang='grc' dir='ltr'>φιάλην</span> <span class='ocrx_word' id='word_1_714' title='bbox 2852 4649 3308 4720; x_wconf 82' lang='grc' dir='ltr'>ἐγγεγλυμμένην</span> <span class='ocrx_word' id='word_1_715' title='bbox 3341 4649 3562 4718; x_wconf 78' lang='grc' dir='ltr'>Ἔρωτα</span> <span class='ocrx_word' id='word_1_716' title='bbox 3594 4664 3727 4716; x_wconf 82' lang='grc' dir='ltr'>χρυ-</span> 
     </span>
    </p>
   </div>
   <div class='ocr_carea' id='block_1_100' title="bbox 2156 4740 3730 4812">
    <p class='ocr_par' dir='ltr' id='par_1_100' title="bbox 2156 4740 3730 4812">
     <span class='ocr_line' id='line_1_100' title="bbox 2156 4740 3730 4812; baseline -0.004 -16"><span class='ocrx_word' id='word_1_717' title='bbox 2156 4744 2274 4812; x_wconf 76' lang='grc' dir='ltr'>σῆν,</span> <span class='ocrx_word' id='word_1_718' title='bbox 2304 4742 2613 4796; x_wconf 84' lang='grc' dir='ltr'>Ποσειδῶνα</span> <span class='ocrx_word' id='word_1_719' title='bbox 2637 4742 2692 4795; x_wconf 86' lang='grc' dir='ltr'>δὲ</span> <span class='ocrx_word' id='word_1_720' title='bbox 2718 4742 2921 4803; x_wconf 82' lang='grc' dir='ltr'>ἵππους</span> <span class='ocrx_word' id='word_1_721' title='bbox 2948 4741 3152 4795; x_wconf 89' lang='grc' dir='ltr'>Ξάνθον</span> <span class='ocrx_word' id='word_1_722' title='bbox 3176 4744 3269 4795; x_wconf 72' lang='grc' dir='ltr'><strong>καὶ</strong></span> <span class='ocrx_word' id='word_1_723' title='bbox 3294 4740 3511 4802; x_wconf 82' lang='grc' dir='ltr'>Βαλίον,</span> <span class='ocrx_word' id='word_1_724' title='bbox 3545 4740 3730 4809; x_wconf 80' lang='grc' dir='ltr'>Ἥραν</span> 
     </span>
    </p>
   </div>
   <div class='ocr_carea' id='block_1_101' title="bbox 2153 4831 3729 4906">
    <p class='ocr_par' dir='ltr' id='par_1_101' title="bbox 2153 4831 3729 4906">
     <span class='ocr_line' id='line_1_101' title="bbox 2153 4831 3729 4906; baseline -0.004 -16"><span class='ocrx_word' id='word_1_725' title='bbox 2153 4836 2211 4890; x_wconf 81' lang='grc' dir='ltr'>δὲ</span> <span class='ocrx_word' id='word_1_726' title='bbox 2266 4834 2514 4906; x_wconf 87' lang='grc' dir='ltr'>χλαμύδα</span> <span class='ocrx_word' id='word_1_727' title='bbox 2560 4835 2657 4888; x_wconf 74' lang='grc' dir='ltr'>καὶ</span> <span class='ocrx_word' id='word_1_728' title='bbox 2714 4833 2944 4904; x_wconf 80' lang='grc' dir='ltr'>Ἀθηνᾶν</span> <span class='ocrx_word' id='word_1_729' title='bbox 2991 4834 3188 4898; x_wconf 78' lang='grc' dir='ltr'>αὐλοὺς</span> <span class='ocrx_word' id='word_1_730' title='bbox 3211 4875 3228 4902; x_wconf 92' lang='grc'><strong>,</strong></span> <span class='ocrx_word' id='word_1_731' title='bbox 3278 4833 3468 4905; x_wconf 84' lang='grc' dir='ltr'>Νηρέα</span> <span class='ocrx_word' id='word_1_732' title='bbox 3500 4833 3557 4885; x_wconf 81' lang='grc' dir='ltr'>δὲ</span> <span class='ocrx_word' id='word_1_733' title='bbox 3601 4831 3729 4893; x_wconf 71' lang='grc' dir='ltr'>τοὺς</span> 
     </span>
    </p>
   </div>
   <div class='ocr_carea' id='block_1_102' title="bbox 1755 4966 2447 5030">
    <p class='ocr_par' dir='ltr' id='par_1_102' title="bbox 1755 4966 2447 5030">
     <span class='ocr_line' id='line_1_102' title="bbox 1755 4966 2447 5030; baseline 0.007 -5"><span class='ocrx_word' id='word_1_734' title='bbox 1755 4966 1993 5025; x_wconf 63' lang='grc' dir='ltr'><strong>,ἾΑΒΙᾸΕ</strong></span> <span class='ocrx_word' id='word_1_735' title='bbox 2040 4972 2447 5030; x_wconf 80' lang='lat' dir='ltr'><strong>LECTIONES.</strong></span> 
     </span>
    </p>
   </div>
   <div class='ocr_carea' id='block_1_103' title="bbox 549 5075 3718 5195">
    <p class='ocr_par' dir='ltr' id='par_1_103' title="bbox 549 5106 3718 5195">
     <span class='ocr_line' id='line_1_103' title="bbox 549 5106 3718 5195; baseline 0.001 -32"><span class='ocrx_word' id='word_1_736' title='bbox 549 5113 571 5195; x_wconf 65' lang='grc' dir='ltr'><strong><em>ξ</em></strong></span> <span class='ocrx_word' id='word_1_737' title='bbox 597 5108 776 5163; x_wconf 83' lang='lat' dir='ltr'><strong>malim</strong></span> <span class='ocrx_word' id='word_1_738' title='bbox 812 5108 1287 5195; x_wconf 39' lang='grc' dir='ltr'>συμφέρεταιηῆξ</span> <span class='ocrx_word' id='word_1_739' title='bbox 1319 5106 1604 5195; x_wconf 46' lang='grc' dir='ltr'>φασινΊΑης</span> <span class='ocrx_word' id='word_1_740' title='bbox 1633 5107 1715 5195; x_wconf 67' lang='grc' dir='ltr'><strong>δέΑ</strong></span> <span class='ocrx_word' id='word_1_741' title='bbox 1748 5125 1916 5195; x_wconf 72' lang='grc' dir='ltr'>φασιν</span> <span class='ocrx_word' id='word_1_742' title='bbox 1946 5113 2114 5195; x_wconf 55' lang='lat' dir='ltr'><strong>gn&quot;:</strong></span> <span class='ocrx_word' id='word_1_743' title='bbox 2140 5114 2392 5195; x_wconf 38' lang='lat' dir='ltr'><strong>xalLadd.’</strong></span> <span class='ocrx_word' id='word_1_744' title='bbox 2437 5116 2502 5167; x_wconf 89' lang='lat' dir='ltr'><strong>A.</strong></span> <span class='ocrx_word' id='word_1_745' title='bbox 2576 5112 2867 5195; x_wconf 37' lang='grc' dir='ltr'>θξιμητῃρ]</span> <span class='ocrx_word' id='word_1_746' title='bbox 2898 5111 3059 5195; x_wconf 76' lang='grc' dir='ltr'>μηρώ</span> <span class='ocrx_word' id='word_1_747' title='bbox 3086 5111 3171 5195; x_wconf 49' lang='grc' dir='ltr'><strong>Α..Δ</strong></span> <span class='ocrx_word' id='word_1_748' title='bbox 3220 5112 3251 5195; x_wconf 38' lang='grc'>,⁸</span> <span class='ocrx_word' id='word_1_749' title='bbox 3275 5110 3409 5195; x_wconf 63' lang='grc' dir='ltr'>φασὶ</span> <span class='ocrx_word' id='word_1_750' title='bbox 3434 5111 3501 5195; x_wconf 64' lang='lat' dir='ltr'><strong>A:</strong></span> <span class='ocrx_word' id='word_1_751' title='bbox 3576 5111 3622 5142; x_wconf 84' lang='grc'>⁹⁶</span> <span class='ocrx_word' id='word_1_752' title='bbox 3644 5110 3718 5194; x_wconf 70' lang='grc' dir='ltr'>γ’]</span> 
     </span>
    </p>
   </div>
   <div class='ocr_carea' id='block_1_104' title="bbox 812 5173 1086 5241">
    <p class='ocr_par' dir='ltr' id='par_1_104' title="bbox 812 5173 1086 5241">
     <span class='ocr_line' id='line_1_104' title="bbox 812 5173 1086 5241; baseline -0.004 -11"><span class='ocrx_word' id='word_1_753' title='bbox 812 5179 854 5210; x_wconf 82' lang='grc' dir='ltr'>ιο</span> <span class='ocrx_word' id='word_1_754' title='bbox 882 5173 1086 5241; x_wconf 68' lang='grc' dir='ltr'>εἶπες.</span> 
     </span>
    </p>
   </div>
   <div class='ocr_carea' id='block_1_105' title="bbox 478 5183 735 5252">
    <p class='ocr_par' dir='ltr' id='par_1_105' title="bbox 478 5183 735 5252">
     <span class='ocr_line' id='line_1_105' title="bbox 478 5183 735 5252; baseline 0 -18"><span class='ocrx_word' id='word_1_755' title='bbox 478 5183 647 5252; x_wconf 78' lang='grc' dir='ltr'>τρίτῳ</span> <span class='ocrx_word' id='word_1_756' title='bbox 672 5196 735 5243; x_wconf 83' lang='grc' dir='ltr'>ς.</span> 
     </span>
    </p>
   </div>
   <div class='ocr_carea' id='block_1_106' title="bbox 1200 5176 3727 5255">
    <p class='ocr_par' dir='ltr' id='par_1_106' title="bbox 1200 5176 3727 5255">
     <span class='ocr_line' id='line_1_106' title="bbox 1200 5176 3727 5255; baseline 0.002 -28"><span class='ocrx_word' id='word_1_757' title='bbox 1200 5178 1267 5208; x_wconf 85' lang='grc'><strong>¹⁰·</strong></span> <span class='ocrx_word' id='word_1_758' title='bbox 1304 5176 1514 5255; x_wconf 71' lang='grc' dir='ltr'>στεῖρα]</span> <span class='ocrx_word' id='word_1_759' title='bbox 1539 5178 1647 5255; x_wconf 73' lang='grc' dir='ltr'>ἦρα</span> <span class='ocrx_word' id='word_1_760' title='bbox 1677 5178 1751 5255; x_wconf 58' lang='grc' dir='ltr'><strong>ΔΑ.</strong></span> <span class='ocrx_word' id='word_1_761' title='bbox 1794 5188 1898 5255; x_wconf 72' lang='lat' dir='ltr'><strong>_est</strong></span> <span class='ocrx_word' id='word_1_762' title='bbox 1930 5197 1979 5233; x_wconf 90' lang='lat' dir='ltr'><strong>v.</strong></span> <span class='ocrx_word' id='word_1_763' title='bbox 2014 5181 2151 5255; x_wconf 50' lang='grc'><strong>610,</strong></span> <span class='ocrx_word' id='word_1_764' title='bbox 2222 5185 2263 5255; x_wconf 49' lang='grc' dir='ltr'><strong>ε’</strong></span> <span class='ocrx_word' id='word_1_765' title='bbox 2295 5184 2569 5255; x_wconf 78' lang='grc' dir='ltr'>ἐρώμενος</span> <span class='ocrx_word' id='word_1_766' title='bbox 2606 5176 2939 5245; x_wconf 67' lang='grc' dir='ltr'>Ἀπόλλωνός</span> <span class='ocrx_word' id='word_1_767' title='bbox 2960 5176 3056 5253; x_wconf 75' lang='lat' dir='ltr'><strong>j</strong></span> <span class='ocrx_word' id='word_1_768' title='bbox 3129 5183 3172 5213; x_wconf 83' lang='lat'>“</span> <span class='ocrx_word' id='word_1_769' title='bbox 3204 5176 3430 5251; x_wconf 76' lang='grc' dir='ltr'>ὡς”Αχ.</span> <span class='ocrx_word' id='word_1_770' title='bbox 3463 5182 3503 5233; x_wconf 81' lang='grc' dir='ltr'><strong>Δ</strong></span> <span class='ocrx_word' id='word_1_771' title='bbox 3537 5196 3552 5233; x_wconf 88' lang='lat'><strong>:</strong></span> 
     </span>
    </p>
   </div>
   <div class='ocr_carea' id='block_1_107' title="bbox 494 5242 2719 5328">
    <p class='ocr_par' dir='ltr' id='par_1_107' title="bbox 494 5242 2719 5328">
     <span class='ocr_line' id='line_1_107' title="bbox 494 5242 2719 5328; baseline 0.001 -26"><span class='ocrx_word' id='word_1_772' title='bbox 494 5242 700 5324; x_wconf 62' lang='lat' dir='ltr'><strong>‘Ax.&#39;g.</strong></span> <span class='ocrx_word' id='word_1_773' title='bbox 778 5249 824 5282; x_wconf 76' lang='grc'>³³</span> <span class='ocrx_word' id='word_1_774' title='bbox 849 5242 1172 5320; x_wconf 83' lang='grc' dir='ltr'>παραθεῖναι</span> <span class='ocrx_word' id='word_1_775' title='bbox 1205 5264 1265 5311; x_wconf 82' lang='grc' dir='ltr'>ς.</span> <span class='ocrx_word' id='word_1_776' title='bbox 1345 5246 1386 5277; x_wconf 67' lang='grc'>¹⁴</span> <span class='ocrx_word' id='word_1_777' title='bbox 1408 5242 1436 5309; x_wconf 68' lang='grc' dir='ltr'><strong><em>ὁ</em></strong></span> <span class='ocrx_word' id='word_1_778' title='bbox 1455 5242 1514 5316; x_wconf 48' lang='grc' dir='ltr'>λα’</span> <span class='ocrx_word' id='word_1_779' title='bbox 1535 5242 1700 5301; x_wconf 72' lang='grc' dir='ltr'>ε’ἆντὶ</span> <span class='ocrx_word' id='word_1_780' title='bbox 1728 5248 1822 5315; x_wconf 70' lang='grc' dir='ltr'>τοῦ</span> <span class='ocrx_word' id='word_1_781' title='bbox 1849 5250 1877 5301; x_wconf 87' lang='lat'><strong>6</strong></span> <span class='ocrx_word' id='word_1_782' title='bbox 1901 5267 1961 5314; x_wconf 85' lang='grc' dir='ltr'>ς.</span> <span class='ocrx_word' id='word_1_783' title='bbox 2042 5253 2083 5281; x_wconf 81' lang='grc'>¹⁸</span> <span class='ocrx_word' id='word_1_784' title='bbox 2108 5253 2168 5305; x_wconf 81' lang='grc' dir='ltr'><strong>δὲ</strong></span> <span class='ocrx_word' id='word_1_785' title='bbox 2214 5254 2260 5306; x_wconf 89' lang='lat' dir='ltr'><strong>A</strong></span> <span class='ocrx_word' id='word_1_786' title='bbox 2286 5273 2299 5308; x_wconf 90' lang='lat'>:</span> <span class='ocrx_word' id='word_1_787' title='bbox 2327 5242 2391 5306; x_wconf 86' lang='grc' dir='ltr'>’δὲ</span> <span class='ocrx_word' id='word_1_788' title='bbox 2411 5242 2512 5307; x_wconf 79' lang='grc' dir='ltr'>’καὶ</span> <span class='ocrx_word' id='word_1_789' title='bbox 2713 5322 2719 5328; x_wconf 15' lang='grc' dir='ltr'>ἢ</span> 
     </span>
    </p>
   </div>
   <div class='ocr_carea' id='block_1_108' title="bbox 1984 5363 2217 5422">
    <p class='ocr_par' dir='ltr' id='par_1_108' title="bbox 1984 5363 2217 5422">
     <span class='ocr_line' id='line_1_108' title="bbox 1984 5363 2217 5422; baseline 0.017 -4"><span class='ocrx_word' id='word_1_790' title='bbox 1984 5363 2193 5420; x_wconf 67' lang='lat' dir='ltr'><strong>NOTAE</strong></span> <span class='ocrx_word' id='word_1_791' title='bbox 2204 5408 2217 5422; x_wconf 94' lang='lat'><strong>.</strong></span> 
     </span>
    </p>
   </div>
   <div class='ocr_carea' id='block_1_109' title="bbox 551 5452 1585 5550">
    <p class='ocr_par' dir='ltr' id='par_1_109' title="bbox 551 5452 1585 5550">
     <span class='ocr_line' id='line_1_109' title="bbox 551 5452 1585 5550; baseline -0.005 -13"><span class='ocrx_word' id='word_1_792' title='bbox 551 5482 628 5550; x_wconf 81' lang='lat'><strong>(5)</strong></span> <span class='ocrx_word' id='word_1_793' title='bbox 654 5482 799 5537; x_wconf 84' lang='lat' dir='ltr'><strong>Idem</strong></span> <span class='ocrx_word' id='word_1_794' title='bbox 826 5482 1122 5535; x_wconf 89' lang='lat' dir='ltr'><strong>indicatum</strong></span> <span class='ocrx_word' id='word_1_795' title='bbox 1153 5480 1429 5550; x_wconf 88' lang='lat' dir='ltr'><strong>superiore</strong></span> <span class='ocrx_word' id='word_1_796' title='bbox 1455 5452 1585 5550; x_wconf 67' lang='lat' dir='ltr'><strong>pag.</strong></span> 
     </span>
    </p>
   </div>
   <div class='ocr_carea' id='block_1_110' title="bbox 552 5548 2034 5630">
    <p class='ocr_par' dir='ltr' id='par_1_110' title="bbox 552 5548 2034 5630">
     <span class='ocr_line' id='line_1_110' title="bbox 552 5548 2034 5630; baseline 0.003 -24"><span class='ocrx_word' id='word_1_797' title='bbox 552 5548 628 5624; x_wconf 76' lang='grc' dir='ltr'><strong>(ϐ)</strong></span> <span class='ocrx_word' id='word_1_798' title='bbox 663 5553 941 5630; x_wconf 51' lang='lat' dir='ltr'><strong>Viderint};</strong></span> <span class='ocrx_word' id='word_1_799' title='bbox 972 5554 1071 5630; x_wconf 66' lang='lat' dir='ltr'><strong>hic</strong></span> <span class='ocrx_word' id='word_1_800' title='bbox 1083 5548 1405 5630; x_wconf 54' lang='lat' dir='ltr'><strong>referuntur</strong></span> <span class='ocrx_word' id='word_1_801' title='bbox 1416 5548 1581 5630; x_wconf 73' lang='lat' dir='ltr'><strong>aliter</strong></span> <span class='ocrx_word' id='word_1_802' title='bbox 1603 5551 1859 5630; x_wconf 80' lang='lat' dir='ltr'><strong>pleraque</strong></span> <span class='ocrx_word' id='word_1_803' title='bbox 1892 5570 2034 5619; x_wconf 80' lang='lat' dir='ltr'><strong>nar-</strong></span> 
     </span>
    </p>
   </div>
   <div class='ocr_carea' id='block_1_111' title="bbox 484 5620 1790 5705">
    <p class='ocr_par' dir='ltr' id='par_1_111' title="bbox 484 5620 1790 5705">
     <span class='ocr_line' id='line_1_111' title="bbox 484 5620 1790 5705; baseline 0.003 -33"><span class='ocrx_word' id='word_1_804' title='bbox 484 5620 765 5705; x_wconf 34' lang='lat' dir='ltr'><strong>rat‘aapud</strong></span> <span class='ocrx_word' id='word_1_805' title='bbox 790 5622 1033 5693; x_wconf 79' lang='lat' dir='ltr'><strong>Apollod.</strong></span> <span class='ocrx_word' id='word_1_806' title='bbox 1061 5622 1152 5677; x_wconf 88' lang='lat' dir='ltr'><strong>lib.</strong></span> <span class='ocrx_word' id='word_1_807' title='bbox 1191 5637 1252 5676; x_wconf 83' lang='grc' dir='ltr'><strong>ιιι</strong></span> <span class='ocrx_word' id='word_1_808' title='bbox 1293 5620 1597 5676; x_wconf 73' lang='grc' dir='ltr'>Βὶὁίίοιίιεε.</span> <span class='ocrx_word' id='word_1_809' title='bbox 1770 5620 1790 5635; x_wconf 46' lang='grc' dir='ltr'>τ</span> 
     </span>
    </p>
   </div>
   <div class='ocr_carea' id='block_1_112' title="bbox 640 5773 669 5782">
    <p class='ocr_par' dir='ltr' id='par_1_112' title="bbox 640 5773 669 5782">
     <span class='ocr_line' id='line_1_112' title="bbox 640 5773 669 5782; baseline 0 0"><span class='ocrx_word' id='word_1_810' title='bbox 640 5773 669 5782; x_wconf 66' lang='grc' dir='ltr'><strong><em>ο</em></strong></span> 
     </span>
    </p>
   </div>
   <div class='ocr_carea' id='block_1_113' title="bbox 2222 5482 3719 5558">
    <p class='ocr_par' dir='ltr' id='par_1_113' title="bbox 2222 5482 3719 5558">
     <span class='ocr_line' id='line_1_113' title="bbox 2222 5482 3719 5558; baseline 0.004 -21"><span class='ocrx_word' id='word_1_811' title='bbox 2222 5485 2299 5558; x_wconf 83' lang='grc'><strong>(7)</strong></span> <span class='ocrx_word' id='word_1_812' title='bbox 2340 5485 2426 5549; x_wconf 84' lang='grc' dir='ltr'>Ὡς</span> <span class='ocrx_word' id='word_1_813' title='bbox 2453 5486 2788 5557; x_wconf 80' lang='grc' dir='ltr'>ὲξαρκοῦντα</span> <span class='ocrx_word' id='word_1_814' title='bbox 2827 5488 2940 5549; x_wconf 86' lang='grc' dir='ltr'>τοῖς</span> <span class='ocrx_word' id='word_1_815' title='bbox 2973 5487 3122 5553; x_wconf 72' lang='grc' dir='ltr'>ποσὶ,</span> <span class='ocrx_word' id='word_1_816' title='bbox 3162 5486 3258 5545; x_wconf 76' lang='grc' dir='ltr'>καὶ</span> <span class='ocrx_word' id='word_1_817' title='bbox 3302 5482 3535 5542; x_wconf 67' lang='grc' dir='ltr'>ἐπιπολὺ</span> <span class='ocrx_word' id='word_1_818' title='bbox 3574 5482 3719 5543; x_wconf 63' lang='grc' dir='ltr'>θέειν</span> 
     </span>
    </p>
   </div>
   <div class='ocr_carea' id='block_1_114' title="bbox 2148 5556 2977 5628">
    <p class='ocr_par' dir='ltr' id='par_1_114' title="bbox 2148 5556 2977 5628">
     <span class='ocr_line' id='line_1_114' title="bbox 2148 5556 2977 5628; baseline 0.007 -18"><span class='ocrx_word' id='word_1_819' title='bbox 2148 5556 2463 5628; x_wconf 81' lang='grc' dir='ltr'>δυνάμενον,</span> <span class='ocrx_word' id='word_1_820' title='bbox 2496 5556 2977 5616; x_wconf 68' lang='grc' dir='ltr'>ιιοιιινίιἘυειυιιι.</span> 
     </span>
    </p>
   </div>
  </div>
