4030 6248
345 265 452 328 υ29

1433 266 1959 330 BIBLIO’I‘HECA.
1993 291 2061 302 -
2094 269 2258 331 COD.
2284 269 2440 331 CXC.

3492 267 3602 332 630

349 379 534 444 θείους
560 378 696 443 ἃλας
729 379 1099 452 καλουμένους
1128 381 1188 436 ἐν
1213 381 1407 436 κοίτιδι
1425 398 1441 414 ο
1470 382 1697 464 τούτους
1726 383 1783 436 δὲ
1823 380 1916 436 δύ-

2032 381 2204 450 titum,
2233 392 2284 438 et
2318 386 2560 440 ciborum
2589 383 3026 441 concoctionem.
3052 382 3230 453 Atque
3253 379 3385 436 hinc
3409 380 3593 436 locum

345 491 514 546 ναμιν
542 473 690 544 ἔχειν
722 474 1003 544 ἀμήχανον
1042 474 1181 547 πρὸς
1218 474 1565 546 πολυφαγίαν
1611 465 1706 530 καὶ
1743 476 1930 546 ὄρεξιν

2032 475 2173 532 illum
2206 477 2411 533 clarum
2442 478 2677 532 evadere
2708 493 2723 531 :

345 567 442 621 καὶ
476 567 658 636 πέψιν,
687 566 746 634 ἐξ
768 560 829 621 οὗ
850 567 1039 621 λύεταί
1069 585 1151 622 σοι
1173 567 1269 622 καὶ
1294 569 1376 622 τὸο

487 659 700 715 Πάσσε
731 659 785 713 δ’
813 660 965 728 ἁλὸς
995 661 1196 745 θείοιο.

347 755 484 827 Περὶ
526 755 818 826 Ἀχιλλέως
850 755 944 811 τοῦ
967 756 1253 828 γηγενοῦς,
1279 758 1375 812 καὶ
1396 758 1506 812 ἀπὸ
1533 758 1642 813 τῶν
1673 758 1926 818 Ἰλιακῶν

342 847 461 899 ὅσοι
497 847 541 880 ¹⁸
571 847 819 916 ἐγένοντο
855 847 1119 918 Ἀχιλλεῖς
1142 847 1501 920 περιώνυμοι.
1536 851 1647 904 Καὶ
1671 850 1747 914 ὡς
1770 845 1925 914 οὗτος

342 937 375 989 6
404 935 647 1007 γηγενής
686 937 996 1006 φεύγουσαν
1024 937 1122 1009 τὴν
1156 938 1335 1009 Ἥραν
1368 938 1478 992 ἀπὸ
1509 940 1609 1009 τῆς
1659 940 1752 994 τοῦ
1803 939 1924 1006 Διὸς

353 1029 556 1100 μίξεως
591 1029 887 1096 ὑπεδέξατο
911 1032 969 1084 ἐν
988 1031 1067 1102 τῷ
1107 1032 1272 1086 αὑτοῦ
1307 1033 1513 1105 ἄντρῳ,
1545 1033 1640 1086 καὶ
1669 1034 1925 1087 ἀνέπεισε

348 1123 628 1177 συνελθεῖν
661 1123 737 1194 τῷ
759 1123 842 1178 Διί
861 1141 877 1158 ο
910 1125 1005 1179 καὶ
1038 1125 1266 1197 πρώτην
1294 1127 1454 1196 μίξιν
1475 1127 1658 1199 ’Ἥρας
1687 1128 1782 1182 καὶ
1806 1127 1932 1190 Διὸς

341 1216 552 1290 ταύτην
609 1218 862 1286 γενέσθαι
898 1219 1081 1289 φασίν.
1148 1219 1206 1274 Ὁ
1255 1221 1313 1274 δὲ
1357 1222 1493 1284 Ζεὺς
1555 1222 1924 1291 ἐπηγγείλατο

358 1310 593 1380 Ἀχιλλεῖ
638 1311 849 1376 πάντας
881 1315 1010 1377 τοὺς
1043 1312 1121 1384 τῷ
1157 1313 1286 1386 [489
1337 1313 1430 1385 IL]
1481 1314 1708 1384 ὀνόματι
1759 1313 1924 1368 αὐτοῦ

343 1401 522 1473 κληθη
552 1403 814 1474 σομένους
839 1406 1218 1477 περιωνύμους
1241 1408 1511 1478 ποιήσειν.
1535 1408 1632 1460 Διὰ
1652 1407 1811 1460 τοῦτο
1833 1409 1928 1461 καὶ

357 1495 636 1566 Ἀχιλλεὺς
666 1495 1012 1568 περιώνυμος
1039 1501 1068 1552 6
1097 1503 1194 1568 τῆς
1243 1498 1481 1563 Θέτιδος.
1518 1501 1628 1554 Καὶ
1658 1503 1686 1553 6
1720 1501 1928 1571 Χείρω-

357 1605 450 1650 νος
488 1587 546 1641 δὲ
577 1588 896 1654 διδάσκαλος
946 1590 1222 1661 Ἀχιλλεὺς
1259 1592 1527 1657 ἐκαλεῖτο,
1567 1593 1660 1661 ἀφ’
1681 1587 1740 1646 οὗ
1775 1593 1870 1646 καὶ
1898 1594 1928 1646 ὁ

347 1679 572 1748 Πηλέως
609 1680 653 1712 ³⁷
681 1681 883 1752 ἐκλήθη
916 1682 1021 1734 ὑπὸ
1059 1683 1354 1754 Χείρωνος.
1392 1684 1502 1736 Καὶ
1533 1686 1561 1737 ὀ
1610 1685 1702 1738 τὸν
1730 1685 1929 1755 ὀστρα-

343 1769 546 1838 κισμὸν
598 1770 896 1843 ἐπινοήσας
972 1773 1264 1844 Ἀθήνῃσιν
1309 1774 1586 1844 Ἀχιλλεὺς
1657 1775 1923 1842 ἐκαλεῖτο,

345 1862 462 1924 υίὸς
493 1860 768 1927 Λύσωνος.
826 1863 936 1917 Καὶ
957 1864 1078 1928 Διὸς
1109 1866 1207 1918 καὶ⁵
1242 1866 1459 1937 Λαμίας
1503 1867 1754 1937 Ἀχιλλέα
1791 1868 1925 1937 φασὶ

341 1953 598 2020 γενέσθαι
644 1955 688 1986 ’⁸
717 1956 779 2008 τὸ
834 1956 1031 2021 κάλλος
1068 1959 1372 2027 ἀμήχανον,
1427 1958 1486 2012 ὃν
1515 1960 1608 2014 καὶ
1669 1960 1926 2032 ἐρίσαντα

344 2044 477 2115 περὶ
508 2045 738 2108 κάλλους
771 2047 1017 2116 νικῆσαι,
1041 2047 1134 2100 τοῦ
1162 2047 1338 2111 Πανὸς
1368 2047 1656 2118 κρίναντος
1679 2065 1693 2079 ο
1719 2050 1814 2103 καὶ
1839 2049 1926 2103 διὰ

341 2135 506 2188 τοῦτο
552 2136 840 2208 Ἀφροδίτη
885 2138 928 2170 ¹⁹
968 2139 1322 2208 νεμεσήσασα
1369 2139 1628 2209 ἐμϐάλλει
1662 2141 1796 2194 Πανὶ
1833 2141 1926 2193 τὸν

356 2229 552 2300 Ἠχοῦς
591 2229 794 2300 ἔρωτα,
834 2230 930 2283 καὶ
963 2230 1068 2303 μὴν
1117 2231 1214 2284 καὶ
1260 2232 1663 2303 κατειργάσατο
1719 2235 1813 2286 καὶ
1845 2235 1926 2298 είς

353 2321 453 2389 τὴν
490 2320 637 2373 ίδέαν
663 2320 848 2385 αὑτὸν,
881 2320 1031 2386 ὅπως
1061 2322 1127 2375 ἐκ
1162 2322 1264 2391 τῆς
1325 2323 1539 2394 μορφῆς
1582 2324 1807 2394 αἰσχρὸς
1833 2324 1926 2376 καὶ

337 2411 644 2482 ἀνέραστος
663 2411 927 2482 φαίνοιτο.
949 2413 1060 2466 Καὶ¹
1083 2411 1326 2467 Γαλάτου
1345 2413 1488 2476 τινὸς
1508 2413 1623 2477 υίὸς
1649 2411 1926 2484 Ἀχιλλεὺς

343 2503 574 2575 ἐκλήθη,
607 2504 666 2559 ὃν
713 2505 780 2559 ἐκ
822 2505 1049 2576 γενετῆς
1079 2505 1264 2558 πολιὸν
1312 2506 1565 2574 γενέσθαι
1615 2507 1774 2575 φησί.
1815 2506 1927 2560 Καὶ

340 2599 528 2669 ’ἐτεροι
569 2597 831 2670 Ἀχιλλεῖς
877 2599 1164 2668 ἐπιφανεῖς
1204 2599 1461 2667 γεγόνασι
1513 2598 1559 2630 ²⁰
1622 2597 1714 2650 ιδ’·
1753 2592 1830 2652 ὧν
1876 2599 1927 2652 oi

340 2689 440 2743 δύο
463 2690 627 2754 κύνες
662 2686 807 2761 ἦσαν
839 2692 934 2745 καὶ
966 2689 1262 2761 θαυμάσιοι
1307 2690 1378 2742 τὰ
1410 2689 1588 2744 κυνῶν
1623 2690 1777 2761 ἔργα.
1803 2689 1927 2744 Ὅτι

345 2786 598 2855 Πρίαμος
654 2786 779 2848 Διὸς
825 2781 1104 2857 ἐρώμενος
1155 2784 1367 2854 γένοιτο
1394 2825 1409 2851 ,
1464 2785 1557 2838 καὶ
1593 2784 1747 2838 λάϐοι
1793 2786 1927 2856 παρ’

345 2878 514 2931 αὑτοῦ
546 2877 645 2948 τὴν
676 2881 884 2948 χρυσῆν
909 2878 1177 2948 ἄμπελον,
1211 2879 1279 2948 ἢν
1309 2877 1480 2948 δῶρον
1518 2877 1824 2948 Εὐρυπύλῳ
1852 2877 1930 2948 τῷ

342 2970 594 3041 Τηλέφου
650 2971 793 3042 ὑπὲρ
855 2971 1172 3041 συμμαχίας
1226 2970 1462 3023 δίδωσιν.
1533 2969 1620 3032 Ὣς
1677 2971 1930 3034 Αἴσωπος

345 3064 662 3134 ἀναιρεθεὶς
685 3063 790 3117 ὑπὸ
819 3063 1042 3132 Δελφῶν
1076 3063 1362 3126 άνεϐίωσε,
1390 3062 1485 3116 καὶ
1505 3062 1852 3134 συνεμάχησε
1883 3063 1927 3094 ’⁸
1957 3098 2001 3156 C

346 3161 462 3222 τοῖς
488 3157 718 3228 Ἕλλησι
753 3157 882 3228 περὶ
926 3157 1308 3226 Θερμοπύλας.
1358 3155 1449 3219 Ὠς
1476 3155 1815 3225 Φιλοκτήτην
1872 3157 1930 3209 ἐν

347 3255 554 3324 Λήμνῳ
591 3252 787 3314 Πύλιος
817 3250 948 3323 [9.53
970 3252 1035 3304 Η.
1054 3249 1065 3322 |
1084 3251 1130 3281 "
1159 3249 1441 3319 ἰάτρευσεν
1463 3249 1578 3312 υίὸς
1608 3248 1929 3315 Ἡφαίστου,

347 3347 446 3400 καὶ
477 3344 648 3415 ἔμαθε
687 3345 821 3416 παρ’
851 3342 1020 3398 αὐτοῦ
1045 3345 1142 3414 τὴν
1174 3343 1420 3414 τοξικήν.
1463 3340 1551 3402 Ὠς
1573 3341 1929 3412 Σκαμάνδρου

347 3439 444 3492 τοῦ
479 3435 729 3507 ποταμοῦ
781 3439 898 3500 υἱὸς
936 3436 1126 3507 Μῆλος
1154 3434 1367 3504 γένοιτο
1396 3433 1562 3496 καλὸς
1608 3435 1707 3504 τὴν
1755 3432 1930 3504 ὥραν,

347 3531 482 3602 περί
519 3524 581 3584 οὗ
629 3529 812 3600 ἐρίσαι
861 3528 1028 3598 φασὶν
1073 3528 1252 3600 Ἥραν
1304 3544 1362 3580 τε
1397 3526 1492 3579 καὶ
1551 3524 1785 3596 Ἀθηνᾶν
1837 3526 1934 3579 καὶ

362 3618 690 3690 Ἀφροδίτην
747 3617 890 3682 τίνος
937 3616 1149 3685 γένοιτο
1207 3615 1414 3686 ἱερεὺς,
1477 3611 1827 3683 Ἀλέξανδρον
1875 3611 1933 3665 δὲ

351 3713 533 3782 κρῖναι
559 3711 718 3780 νικᾷν
761 3707 1083 3780 Ἀφροδίτην
1103 3723 1116 3738 ο
1139 3706 1204 3759 ἐκ
1246 3704 1450 3774 ταύτης
1473 3701 1605 3773 γοῦν
1645 3703 1744 3773 τῆς
1789 3703 1936 3756 ἱστο-

330 3803 477 3875 .ρίας
510 3805 538 3856 6
569 3803 700 3872 περὶ
736 3801 832 3854 τοῦ
873 3799 1044 3872 μήλου
1092 3798 1252 3867 λόγος
1302 3797 1538 3867 διεδόθη.
1585 3796 1934 3866 Ὑπερμένης

351 3901 411 3951 ἐν
431 3895 512 3968 τῷ
533 3896 664 3967 περὶ
688 3894 825 3947 Χίου
862 3892 1104 3963 Ὀμήρου
1130 3891 1264 3960 φησι
1278 3889 1589 3959 θεράποντα
1612 3888 1868 3955 γενέσθαι
1890 3889 1936 3960 ’ξ

352 3987 658 4057 Σκινδαψὸν
689 3986 918 4055 ὀνόματι
945 4000 958 4016 ο
1009 3969 1208 4036 ἷτοῢτον
1244 3979 1588 4058 ζημιωθῆναι
1643 3979 1750 4032 ὑπὸ
1787 3981 1935 4033 Χίων

351 4079 534 4151 χιλίας
560 4077 812 4150 δραχμὰς
851 4075 941 4130 διὰ
963 4075 1025 4128 τὸ
1069 4074 1144 4144 μὴ
1183 4073 1387 4127 καῦσαι
1418 4072 1820 4142 τελευτήσαντα
1846 4071 1938 4124 τὸν

349 4172 648 4241 δεσπότην.
687 4171 744 4224 ὐ
770 4170 827 4224 δὲ
851 4169 913 4221 τὸ
940 4168 1173 4239 ὄργανον
1201 4164 1380 4238 εὑρὼν
1400 4165 1462 4218 τὸ
1491 4163 1634 4218 οὕτω
1662 4164 1935 4236 καλούμε-

349 4283 444 4320 νον
479 4263 776 4334 σκινδαψὸν
812 4261 1126 4333 Ἐρετριεὺς
1150 4258 1197 4290 ’⁸
1218 4254 1309 4328 ἦν,
1343 4256 1602 4327 Ποικίλης
1626 4255 1727 4326 τῆς
1761 4255 1932 4326 αὐλη-

349 4359 534 4430 τρίδος
572 4357 708 4419 υἱός.
745 4354 928 4409 Ταῦτα
955 4354 1050 4405 καὶ
1075 4352 1134 4405 τὸ
1162 4357 1213 4416 ς’
1250 4349 1480 4420 βιϐλίον.

2521 657 2648 713 Sale
2669 658 2894 728 aspersi!
2923 674 3100 716 sacro.

2022 750 2150 821 Agit
2178 760 2288 804 tum
2320 750 2386 805 de
2415 749 2624 805 Achille
2650 757 2796 804 terra
2823 752 3028 821 genito,
3050 759 3105 806 et
3135 758 3266 822 quot
3287 759 3409 821 post
3432 750 3600 806 Iliaca

2027 854 2270 916 tempora
2334 844 2478 900 fama
2541 844 2674 900 clari
2721 844 2963 901 Achilles
3013 845 3238 900 fuerint.
3285 844 3389 900 Hic
3435 854 3602 899 terra:

2024 937 2170 995 ﬁlius
2200 938 2491 1005 Iunonem,
2521 939 2674 996 Jovis
2705 955 3060 1013 congressum
3091 941 3415 1009 fugientem,
3444 948 3604 993 antro

2026 1044 2126 1085 suo
2155 1030 2385 1100 recepit,
2419 1030 2800 1100 persuasitque
2835 1029 2900 1082 ad
2939 1026 3128 1083 Jovem
3152 1027 3336 1082 redire
3360 1043 3376 1093 ;
3405 1033 3459 1080 et
3485 1025 3603 1078 hate

2026 1125 2201 1194 prima
2225 1122 2348 1190 fuit,
2367 1133 2427 1178 nt
2459 1122 2661 1189 ferunt,
2688 1121 2909 1177 Jovis'et
2937 1119 3164 1176 lunonis
3190 1119 3376 1175 coitio.
3396 1116 3599 1183 Quam-

2027 1216 2216 1270 obrem
2284 1213 2496 1284 Jupiter
2551 1226 2768 1284 quoque
2824 1212 3019 1266 Achilli
3084 1209 3358 1280 pollicitus
3399 1217 3486 1262 est
3520 1203 3601 1258 fa-

2027 1315 2243 1361 cturum
2261 1320 2343 1371 se,
2368 1314 2425 1358 ut
2447 1313 2712 1374 quotquot
2737 1301 2853 1372 ejus
2873 1318 3068 1356 nomen
3092 1302 3444 1363 sortirentur,
3472 1295 3606 1350 clari

2029 1399 2378 1454 exsisterent.
2400 1396 2696 1466 Propterea
2719 1405 2770 1449 et
2793 1394 3036 1449 Achilles
3058 1393 3145 1447 ille
3165 1391 3408 1446 Thetidis
3434 1389 3599 1454 ﬁlius,

2029 1486 2260 1541 illustris
2290 1485 2522 1539 exstitit.
2547 1482 2800 1538 Chironis
2831 1495 3050 1550 quoque
3089 1487 3389 1548 prazceptor
3418 1475 3604 1529 Achil-

2029 1578 2108 1634 les
2141 1577 2451 1633 nominatus
2483 1592 2499 1632 :
2540 1577 2683 1631 unde
2721 1573 2866 1629 Pelei
2902 1571 3044 1627 ﬁlius
3082 1585 3178 1640 per
3200 1567 3490 1624 Chironem
3525 1565 3607 1620 sic

2031 1670 2354 1742 appellatus.
2409 1669 2634 1732 Adhacc,
2679 1667 2771 1736 qni
2821 1665 3031 1735 primus
3078 1660 3464 1716 ostracismnm
3526 1655 3604 1726 (8)

2028 1762 2260 1819 Athenis
2282 1761 2631 1832 excogitavit,
2668 1757 2908 1814 Achilles
2941 1757 3138 1820 dictus,
3179 1752 3323 1806 ﬁlius
3355 1749 3602 1821 Lysonis.

2025 1857 2146 1913 Jovi
2203 1870 2421 1926 quoque
2485 1864 2540 1909 et
2588 1852 2790 1907 Lamiae
2855 1848 3097 1906 Achilles
3155 1847 3376 1918 quidam
3428 1853 3606 1906 natus,

2026 1953 2198 2015 aiunt,
2232 1947 2421 2017 152b
2449 1946 2900 2017 praestantissima
2951 1942 3114 2011 plane
3138 1941 3338 2003 forma,
3361 1948 3420 1992 ut
3442 1937 3609 1992 etiam

2027 2042 2094 2096 de
2125 2038 2531 2109 pulchritudine
2560 2035 2922 2100 contendens,
2961 2034 3112 2088 Pane
3147 2032 3249 2086 deo
3282 2029 3486 2100 judice,
3527 2028 3610 2080 vi.

2026 2131 2184 2187 eerit.
2220 2131 2295 2185 Ea
2317 2144 2448 2200 ergo
2473 2130 2539 2185 de
2569 2143 2733 2183 causa
2770 2125 3047 2182 Venerem
3081 2123 3446 2194 indignatam,
3473 2118 3611 2175 Pani

2027 2223 2210 2278 Echus
2248 2236 2489 2277 amorem
2519 2221 2811 2274 immisisse
2834 2237 2848 2272 :
2873 2226 2928 2272 et
2956 2224 3106 2270 certe
3138 2214 3220 2270 sio
3251 2212 3608 2274 deformasse,

2026 2325 2087 2370 ut
2134 2316 2249 2385 ipsa
2321 2315 2586 2388 duntaxat
2648 2311 2830 2382 specie
2891 2309 3064 2378 turpis
3115 2317 3173 2362 et
3212 2304 3464 2360 amabilis
3513 2316 3616 2356 ne-

2025 2408 2162 2462 mini
2203 2407 2502 2462 videretur.
2554 2405 2782 2475 Insnper
2833 2411 2888 2458 et
2937 2400 3114 2454 Galati
3156 2398 3441 2466 cujusdam
3467 2394 3612 2449 ﬁlius

2027 2497 2266 2554 Achilles
2311 2507 2557 2562 vocatus,
2605 2510 2764 2566 quem
2815 2495 2882 2549 ab
2939 2494 3052 2564 ipsa
3089 2491 3370 2545 nativitate
3415 2501 3610 2542 canum

2028 2592 2197 2647 fuisse
2225 2591 2412 2645 refert.
2449 2588 2627 2643 Fuere
2653 2597 2708 2643 et
2743 2587 2837 2642 alii
2883 2585 3024 2641 fama
3066 2585 3309 2639 illustres
3341 2581 3612 2652 quinqua-

2031 2688 2182 2755 ginta
2218 2694 2454 2754 quatuor
2481 2681 2723 2737 Achilles
2755 2699 2771 2737 :
2799 2695 3032 2749 quorum
3065 2678 3172 2733 duo
3199 2690 3398 2731 canum
3439 2675 3614 2728 instar

2031 2777 2390 2847 impudentes,
2438 2775 2687 2830 nefandis
2733 2787 2952 2844 quoque
2981 2771 3238 2842 operibus
3277 2764 3609 2822 admirandi.

2031 2871 2301 2936 Priamus,
2337 2869 2534 2937 inquit,
2561 2866 2709 2923 Jovis
2743 2865 2987 2921 amasius
3026 2864 3227 2928 factus,
3279 2873 3498 2915 auream
3545 2856 3614 2910 ab

2031 2977 2096 3016 eo
2114 2960 2325 3030 accepit
2353 2960 2541 3025 vitem,
2563 2974 2725 3029 quam
2742 2957 2832 3011 ille
2855 2965 2976 3026 post
2992 2953 3247 3025 Eurypilo
3262 2950 3483 3020 Telephi
3505 2949 3614 3001 ﬁlio

2033 3054 2175 3124 quod
2205 3051 2351 3107 bello
2391 3051 2653 3106 auxilium
2679 3055 2970 3119 portasset,
3001 3045 3211 3101 muneri
3247 3043 3416 3098 dedit.
3453 3037 3618 3094 A350-

2036 3163 2136 3218 pus
2188 3131 2404 3215 quoque
2456 3144 2674 3214 Delphis
2716 3140 3037 3196 interfectus
3082 3139 3248 3192 vitam
3295 3134 3521 3202 recepit,
3561 3138 3619 3185 et

2037 3243 2102 3296 ad
2133 3239 2532 3308 Thermopylas
2568 3251 2674 3290 una
2728 3249 2848 3288 cum
2890 3231 3094 3286 Graecis
3122 3227 3396 3283 militavit.
3427 3225 3618 3279 Philo-

2033 3345 2231 3393 ctetem
2270 3335 2324 3388 in
2358 3333 2562 3387 Lemno
2591 3329 2763 3382 insula
2792 3326 2996 3397 Pylius,
3026 3321 3260 3377 Vulcani
3309 3319 3473 3382 lilius,
3504 3331 3620 3370 me—

2037 3429 2212 3483 dendo
2240 3424 2470 3486 sanavit,
2493 3420 2766 3492 jaculandi
2806 3425 2980 3471 artem
3030 3412 3273 3467 vicissim
3305 3409 3372 3464 ab
3395 3423 3460 3463 eo
3488 3407 3621 3462 edo-

2012 3525 2182 3576 ctus.
2204 3517 2540 3573 Scamandro
2558 3513 2764 3568 ﬁumini
2791 3521 2976 3566 natum
3003 3508 3157 3562 aiunt
3204 3506 3374 3560 ﬁlium
3394 3502 3616 3566 Melum,

2036 3611 2236 3682 insigni
2284 3609 2530 3678 corporis
2569 3606 2742 3660 forma
2786 3601 3014 3671 ejusque
3057 3612 3224 3654 causa
3268 3593 3619 3650 contendisse

2038 3703 2191 3758 aiunt
2239 3698 2530 3762 Junonem,
2586 3695 2886 3756 Palladem,
2918 3698 2974 3745 et
3015 3689 3309 3750 Venerem,
3339 3685 3492 3755 cujus
3515 3698 3618 3752 po-
3681 3738 3691 3751 ,

2050 3795 2324 3850 tissimnm
2353 3792 2612 3846 sacerdos
2649 3795 2817 3843 esset.
2853 3783 3105 3838 Paridem
3151 3794 3280 3850 ergo
3319 3776 3620 3846 iudicando

2039 3885 2334 3942 secundum
2365 3883 2633 3939 Venerem
2662 3877 2985 3935 sententiam
3013 3873 3241 3939 dixisse,
3275 3878 3438 3940 atque
3459 3883 3524 3922 ex
3555 3882 3619 3921 ea

2043 3978 2272 4034 historia
2293 3974 2376 4046 (9)
2391 3972 2629 4028 fabulam
2647 3985 2770 4026 esse
2791 3972 2857 4024 de
2875 3965 3016 4020 malo
3031 3972 3228 4019 ortam.
3246 3959 3620 4033 Hypermenes

1999 4082 2004 4091 '
2047 4068 2238 4124 adhacc
2261 4067 2315 4122 in
2339 4080 2437 4120 sua
2468 4065 2534 4118 de
2564 4062 2704 4118 Chio
2734 4058 3074 4122 narratione,
3105 4052 3326 4108 Homeri
3357 4048 3621 4105 famulum

2039 4158 2212 4214 fuisse
2239 4154 2406 4211 refert
2459 4153 2822 4222 Scindapsum
2880 4146 3121 4210 nomine,
3174 4144 3427 4210 huncque
3475 4138 3622 4192 mille

2039 4251 2280 4324 dragmis
2313 4265 2343 4304 a
2368 4249 2520 4303 Chiis
2549 4245 2855 4307 multatum,
2908 4239 3050 4309 quod
3100 4238 3298 4292 herum
3346 4240 3622 4288 mortuum

2039 4363 2146 4402 non
2183 4345 2502 4401 exussisset.
2535 4339 2604 4392 At
2637 4337 2728 4406 qni
2761 4333 3051 4403 σκινδαψὸν
3077 4331 3145 4385 ab
3183 4344 3248 4384 eo
3277 4324 3620 4382 nominatum

351 4456 773 4508 instrumentum
802 4449 913 4522 (10)
943 4449 1174 4521 lyricum
1207 4445 1430 4514 reperit,
1466 4445 1710 4500 Eretrius
1757 4445 1875 4511 fuit,
1902 4455 1957 4500 et
1993 4443 2225 4500 Poeciles
2259 4442 2493 4497 tibicina:
2525 4437 2687 4492 ﬁlius.
2719 4433 2843 4488 Haec
2870 4430 2985 4487 fere
3035 4427 3160 4482 libri
3206 4423 3346 4479 sexti
3407 4432 3624 4474 summa

349 4556 452 4603 est.

438 4637 526 4690 Ἐν
547 4637 605 4690 δὲ
637 4637 716 4708 τῷ
743 4637 786 4702 ζ’
828 4636 1144 4708 περιέχεται
1177 4633 1250 4698 ὡς
1276 4633 1550 4704 Θεόδωρος
1576 4636 1603 4686 ὁ
1627 4632 1922 4704 ἦμοθρᾲξ

2109 4627 2358 4697 Septimo
2407 4621 2638 4690 denique
2683 4617 2826 4671 libro
2867 4614 2936 4669 de
2980 4612 3072 4667 his
3099 4607 3210 4678 agit
3249 4601 3618 4705 :Theodorus

351 4731 445 4785 τὸν
475 4730 574 4785 Δία
626 4731 760 4799 φησὶ
801 4728 1131 4799 γεννηθέντα
1179 4729 1274 4780 ἐπὶν⁸
1297 4725 1436 4780 ἑπτὰ
1475 4725 1691 4797 ἡμέρας
1720 4727 1928 4779 ἀκατά-

350 4837 598 4878 παυστον
631 4821 883 4890 γελάσαι,
914 4820 1011 4874 καὶ
1053 4819 1142 4873 διὰ
1165 4817 1324 4872 τοῦτο
1351 4816 1558 4879 τέλειος
1605 4816 1867 4887 ἐνομίσθη
1901 4818 1933 4869 6

2037 4695 2366 4776 Samotbrax
2395 4721 2582 4769 narrat
2635 4709 2823 4765 Jovem
2861 4713 3049 4759 natum
3079 4708 3287 4770 septem
3330 4695 3618 4751 continuos

2043 4814 2159 4870 dies
2209 4811 2396 4866 risisse
2441 4805 2576 4878 (ll),
2623 4803 2864 4871 indeque
2913 4793 3286 4867 septenarium
3325 4800 3619 4846 numerum

1679 4979 1908 5037 VARI/13
1944 4977 2347 5036 LECTIONESo

427 5111 472 5141 ιθ
517 5086 820 5182 ’ὅσοιᾹο-ιιῑθ
872 5103 982 5158 ἀπὸ
1031 5103 1184 5182 ppnit
1229 5119 1297 5182 _g.
1325 5129 1394 5139 -—
1425 5099 1501 5182 (ἐς
1531 5099 1766 5182 ηιΙιΙ.“Α.
1845 5099 1888 5129 ⁸⁷
1920 5115 1930 5150 1

2032 5099 2124 5162 εδς
2155 5099 2220 5182 at;
2299 5095 2342 5128 ¹⁸
2374 5090 2637 5182 rei”?
2687 5068 3616 5182 φεσὶιῑς.,ἔ⁹.ἈφεὲοὶίΞῖινηέἐξσῖ¹.ῗ

354 5196 534 5234 ησασαν
569 5176 860 5247 ἐμϐάλλειν
875 5192 953 5247 Ag.
1041 5175 1085 5205 ¹⁰
1113 5173 1368 5247 γεγύναοςι
1401 5170 1473 5222 νδ⁹
1507 5187 1566 5234 ς.

355 5250 545 5304 τοῦτον
573 5241 620 5302 A
649 5267 663 5302 :
688 5248 784 5300 καὶ
805 5245 993 5299 τοῦτον
1015 5261 1075 5308 ς.
1152 5242 1198 5274 ³⁸
1224 5241 1498 5311 Ἐρὲτριος
1531 5258 1592 5304 ς.

1665 5143 2531 5239 ἰ’-συνεμάχεῖέ-ὃερμοπύληγς
2557 5179 2618 5225 ς.
2699 5143 2763 5188 ’¹³
2800 5143 2998 5225 Πῆλιος
3033 5169 3095 5216 ςι
3143 5143 3216 5182 ’⁸³
3244 5143 3364 5218 γενὲ
3395 5143 3513 5215 θερ.
3546 5155 3611 5206 ς’.

1870 5381 2106 5440 ΝΟΤιΈ.

430 5512 509 5579 (8)
535 5509 708 5582 Quem
739 5509 977 5582 explicat
1008 5508 1163 5563 Diod.
1213 5505 1379 5562 Sicut.
1429 5503 1502 5558 lib
1537 5519 1614 5569 κι,
1665 5513 1718 5559 et
1768 5501 1924 5557 Suid.

357 5583 570 5648 εει-βίης
597 5581 740 5635 Plut.

401 5645 512 5775 ¹⁴(9)
540 5651 742 5705 Praeter
775 5651 1044 5724 vulgarem
1091 5647 1413 5704 sententiam
1447 5645 1640 5722 Hygini
1668 5645 1802 5702 Fab.
1835 5646 1924 5711 92,

358 5739 393 5776 at
420 5739 613 5778 torum.

2113 5498 2227 5565 (10)
2260 5498 2460 5551 Atlten.
2497 5491 2783 5557 describit,
2818 5490 2912 5544 lib.
2948 5501 3048 5565 ιν..
3079 5494 3135 5541 et
3169 5482 3425 5565 Eustath.

2109 5553 2227 5642 (‘l-l)'r
2256 5568 2429 5642 Unum
2471 5553 2821 5642 Zoroastrem
2860 5553 3194 5642 eodemﬂqup
3213 5553 3625 5642 genitt'tsLesset

2037 5621 2153 5700 die,
2190 5621 2378 5764 Eligis-se
2420 5654 2516 5708 pro
2551 5635 2705 5690 valde
2757 5629 2975 5689 insolito
3000 5621 3174 5690 adfért
3213 5621 3352 5682 Plin.
3381 5621 3478 5684 lib.
3511 5636 3616 5688 ui,

2044 5728 2162 5768 eat).
2267 5747 2280 5761 .
