4030 6248
373 209 482 272 635

1523 207 1784 268 ΡΗΟΤΙΙ
1818 209 2327 271 PATRIARCH/E
2355 210 2466 273 ΕΡ.

3514 209 3620 274 636

373 333 538 390 atque
591 316 1015 386 explanationes.
1061 317 1273 372 Eminet
1311 317 1422 387 (l6)
1467 333 1630 386 porro
1678 321 1838 387 hujus
1887 321 1940 374 in

2058 325 2254 392 ncp6v.
2293 323 2382 376 Ἐν
2415 323 2512 394 μέν
2556 322 2649 377 οῦν
2702 326 2816 388 τοῖς
2850 323 3026 393 λόγοις
3057 325 3119 378 τὸ
3175 325 3404 395 σύνηθες
3449 325 3618 380 αὐτου

376 414 530 469 libris
579 410 814 482 egregie,
865 425 970 464 non
1023 411 1109 463 ille
1158 411 1316 463 modo
1355 410 1610 464 solemnis
1659 413 1792 465 adeo
1842 412 1948 482 ipsi

377 507 601 561 atl'ectus
649 505 844 567 lenior,
881 503 972 556 sed
1019 518 1148 569 pura
1204 503 1368 556 etiam
1404 505 1805 572 perspicuitas:
1842 506 1947 562 nisi

375 601 518 668 quod
550 598 602 650 in
648 595 838 666 154a
905 595 1292 664 quaestionibus
1336 595 1656 664 quibusdam
1724 598 1950 667 empha-

375 704 497 744 St'OS
521 689 720 756 aliquid
759 688 826 742 ab
867 701 932 740 eo
973 700 1252 754 aspersum
1287 694 1564 755 appareat,
1599 687 1782 741 nonid
1816 689 1950 742 adeo

376 782 648 836 vocabulis
679 780 856 834 minus
885 780 1099 832 usitatis
1121 780 1434 848 iuveniliter
1464 781 1739 841 adhibitis.
1774 796 1948 851 neque

374 871 766 938 compositione
805 885 900 939 per
929 870 1421 925 circumductiones
1463 872 1791 925 obscurata:
1818 872 1948 939 quin

376 977 550 1030 neque
591 962 768 1029 aliqua
800 962 1104 1030 peregrina,
1149 971 1204 1015 et
1245 977 1273 1014 a
1309 963 1518 1030 privato
1559 977 1657 1016 usu
1699 963 1951 1031 civilique

376 1066 625 1106 sermone
658 1053 950 1104 remotiore
1000 1052 1339 1116 curiositate,
1373 1061 1465 1106 aut
1500 1053 1818 1116 acrimonia,
1856 1055 1950 1108 sed

374 1143 516 1213 quod
557 1142 706 1196 hisce
756 1142 823 1197 de
852 1157 1002 1196 more
1045 1145 1299 1209 servatis,
1336 1145 1635 1211 emphasim
1668 1144 1833 1197 veluti
1871 1145 1952 1198 in-

380 1234 645 1302 tcrjiciat;
695 1235 842 1288 nullo
871 1236 1088 1290 interim
1141 1235 1378 1309 [lectori]
1407 1237 1574 1290 indito
1610 1237 1839 1290 instituti
1869 1237 1952 1291 sui

377 1337 559 1390 sensu,
593 1338 900 1393 quanquam
928 1338 990 1378 ea
1021 1341 1140 1394 qua:
1179 1326 1415 1381 breviter
1446 1328 1744 1396 preposuit,
1779 1328 1951 1397 pluri-

378 1428 522 1466 mum
553 1427 657 1466 non
691 1423 1005 1481 pertractat,
1051 1430 1116 1469 eo
1163 1417 1305 1485 quod
1354 1431 1564 1470 sunnna
1611 1419 1784 1484 capita
1826 1417 1956 1470 dun-

379 1513 529 1557 taxat
557 1505 804 1560 oratioue
837 1507 1085 1575 persequi
1120 1507 1456 1576 pr0positum
1487 1507 1712 1573 habens,
1749 1508 1952 1562 clario-

380 1595 455 1649 ris
503 1595 879 1665 explicationis
923 1599 1380 1666 Opportunitatem
1434 1599 1635 1652 nullam
1694 1599 1954 1668 reperiat.

2048 409 2180 486 ἦθος
2204 415 2252 447 ⁵⁸
2297 415 2588 485 διαπρέπει
2630 414 2727 470 καὶ
2755 416 2857 486 τῆς
2905 417 3204 486 σαφηνείας
3233 419 3294 472 τὸ
3339 408 3581 490 καθαρόν
3604 437 3616 449 ’

2050 503 2188 572 πλὴν
2231 504 2317 558 ἐπ’
2371 504 2534 568 ἐνίοις
2572 503 2683 558 τῶν
2741 503 3076 575 ζητημάτων
3123 507 3243 559 ἐστί
3298 525 3414 572 πως
3472 510 3624 580 αὐτῷ

2049 596 2513 668 παρεσπαρμένον
2556 597 2652 649 καὶ
2701 597 2762 650 τὸ
2814 597 3136 666 ἐμφατικὸν,
3171 598 3232 651 ού
3284 601 3382 670 τῆς
3422 599 3624 666 λέξεως

2049 691 2130 752 είς
2168 689 2417 757 γλῶτταν
2445 688 2850 760 νεανιευούσης,
2882 687 3006 740 οὑδέ
3032 692 3131 759 τῆς
3161 691 3435 761 συνθήκης
3467 709 3627 762 περιρ

2051 779 2233 842 ϐολαῖς
2255 777 2763 850 ἐπηλυγαζομένης,
2794 780 2855 833 ού
2895 780 3002 851 μὴν
3047 780 3159 833 οὐδ’
3188 780 3322 852 ἄλλῃ
3348 781 3454 835 τινὶ
3485 781 3624 846 ξενι-

2052 871 2217 945 ζούσῃ
2248 873 2340 925 καὶ
2375 872 2890 945 άνακεχωρηκυίᾳῆ
2926 873 3022 926 τοῦ
3061 873 3194 926 ἰδίου
3233 875 3434 945 τρόπου
3465 875 3497 945 ἦ
3527 875 3625 928 τοῦ

2052 963 2330 1018 πολιτικοῦ
2350 964 2511 1031 λόγου
2535 979 2691 1035 περιε
2701 963 2830 1036 ργίᾳ
2856 963 2951 1018 καὶ
2971 965 3238 1034 δεινότητι
3259 981 3273 994 ·
3299 965 3434 1019 ἀλλὰ
3455 965 3628 1018 ταῦτα

2053 1056 2336 1123 φυλάττων
2386 1057 2462 1115 ώς
2492 1055 2634 1121 ἐθος,
2666 1055 2726 1108 τὸ
2769 1057 3068 1127 ἐμφατικὸν
3117 1056 3306 1128 ὥσπερ
3339 1058 3631 1128 ἐναπορῤί-

2054 1163 2211 1207 πτει,
2269 1148 2544 1218 μηδεμίαν
2597 1147 2839 1217 ἐναφιεὶς
2889 1147 3319 1218 ἐπιτηδεύματος
3379 1148 3623 1212 ἔννοιαν,

2054 1237 2193 1305 πλὴν
2218 1238 2318 1290 ὅσα
2348 1254 2412 1305 γε
2445 1241 2510 1310 τῇ
2550 1238 2816 1310 συντομία
2864 1239 3162 1309 προϐάλλει
3196 1240 3351 1292 αὑτό.
3381 1240 3454 1292 Τὸ
3494 1241 3623 1309 μέν-

2053 1346 2137 1381 τοι
2165 1329 2208 1360 ⁵⁷
2251 1329 2521 1398 εὐκρινές,
2554 1330 2648 1382 ἆτε
2683 1330 2747 1400 δὴ
2793 1330 3138 1401 κεφαλαιώδη
3185 1330 3626 1401 προϐεϐλημένος

2053 1420 2146 1472 τὸν
2171 1419 2346 1486 λόγον,
2382 1421 2571 1490 καιρὸν
2597 1422 2695 1491 ούχ
2719 1420 2863 1488 ὁρῶν
2885 1419 3187 1491 εὑρίσκειν,
3217 1420 3326 1472 οὐδ’
3355 1423 3627 1491 ἐχρήσατο

2055 1512 2122 1565 τὰ
2162 1512 2354 1566 πολλά.
2386 1513 2577 1581 Διήκει
2611 1512 2656 1564 δ’
2703 1511 2868 1566 αὐτοῦ
2910 1512 3002 1565 καὶ
3037 1511 3097 1565 τὸ
3139 1511 3303 1579 δριμὺ
3346 1511 3484 1580 μετὰ
3528 1509 3626 1562 τοῦ

2059 1601 2286 1654 πιθανοῦ
2321 1601 2592 1670 πολλαχοῦ
2617 1600 2726 1653 τῶν
2749 1599 3078 1671 ζητημάτων
3107 1603 3228 1662 ταῖς
3261 1599 3468 1664 λύσεσι,
3491 1615 3626 1652 παν-

379 1686 446 1740 Ει
475 1687 695 1742 adhibet
733 1689 820 1742 ille
852 1689 1066 1756 quidem
1098 1704 1252 1742 suum
1288 1689 1352 1743 ad
1385 1689 1818 1758 persuadendum
1853 1705 1950 1744 ac-

2058 1693 2220 1762 ταχοῦ
2267 1693 2322 1745 δέ
2352 1693 2411 1745 τὺ
2435 1692 2756 1762 ψυχωφελὲς
2787 1693 2881 1745 καὶ¹
2915 1692 3208 1762 σωτήριον.
3233 1692 3307 1743 Οὐ
3346 1690 3526 1760 μέντοι
3559 1693 3627 1762 τῇ

379 1782 778 1833 commodatum
814 1795 1040 1833 acumen
1089 1781 1272 1833 multis
1318 1782 1678 1849 quaestionum
1726 1781 1950 1835 solutio-

379 1871 561 1934 nibus,
596 1871 692 1925 sed
721 1871 916 1924 anima:
943 1871 1091 1924 salus
1134 1880 1296 1940 atque
1327 1872 1528 1924 utilitas
1559 1871 1718 1941 plane
1754 1872 1953 1941 ubique

378 1969 679 2029 spectatur.
741 1960 1056 2028 Quanquam
1097 1975 1200 2014 non
1249 1960 1362 2014 sola
1399 1961 1668 2014 brevitate
1719 1961 1953 2015 violetur

379 2053 523 2119 apud
553 2067 675 2106 eum
725 2055 1086 2122 perspicuitas
1120 2070 1134 2107 :
1179 2068 1362 2106 verum
1394 2063 1450 2108 et
1485 2069 1548 2107 ex
1578 2069 1664 2120 eo,
1691 2055 1830 2121 quod
1866 2069 1954 2108 so-

384 2142 603 2196 Iutionis
660 2143 989 2211 indigentem
1021 2143 1326 2196 orationem
1372 2144 1614 2210 claudat,
1647 2143 1788 2198 nulla
1817 2160 1956 2200 con-

382 2235 632 2288 cludendi
666 2235 834 2289 forma
867 2237 1106 2289 adhibita
1143 2253 1158 2292 :
1198 2246 1258 2289 ut
1306 2238 1447 2290 inter
1477 2237 1734 2308 disjectas
1766 2254 1957 2307 propo-

381 2327 629 2392 sitiones,
659 2337 715 2381 et
758 2327 1023 2380 inferendi
1071 2339 1124 2380 et
1169 2327 1530 2384 concludendi
1583 2331 1630 2382 vi
1662 2329 1953 2384 destitutas

380 2418 746 2486 probationes,
779 2435 930 2472 tuens
975 2419 1212 2474 aberret.
1292 2467 1307 2481 ,

457 2508 658 2563 llarum
693 2521 872 2563 autem
916 2527 1096 2564 rerum
1132 2526 1296 2567 causa
1339 2513 1391 2565 in
1422 2512 1625 2566 variam
1665 2511 1956 2582 providen-

383 2601 470 2656 tia:
495 2603 805 2655 methodum
832 2601 1160 2666 dissecatur,
1190 2619 1352 2673 quam
1386 2605 1665 2673 sapientiae
1703 2616 1808 2658 tuae
1843 2604 1956 2675 (l7)

383 2695 832 2748 considerandam
874 2697 1146 2764 permitto.
1192 2697 1249 2750 ln
1279 2697 1360 2751 his
1386 2695 1614 2768 [tatiien]
1642 2697 1852 2750 duobus
1889 2697 1954 2750 li-

386 2788 500 2842 bris
525 2805 628 2842 non
660 2804 875 2858 semper
903 2792 966 2843 ad
985 2791 1284 2858 emphasim
1314 2793 1560 2846 recurrit.
1593 2791 1786 2845 Statim
1814 2793 1957 2845 enim

383 2878 593 2948 primus
639 2879 776 2932 liber
823 2880 954 2932 nihil
1003 2895 1114 2948 prae
1151 2895 1209 2932 se
1258 2882 1362 2932 fert
1391 2881 1515 2945 tale,
1557 2882 1657 2935 nisi
1699 2885 1842 2953 quod
1870 2900 1962 2940 se-

387 2971 492 3022 mel
534 2971 725 3024 alicubi
768 2986 863 3038 per
897 2971 1236 3024 reticentiam
1282 2973 1481 3024 malum
1519 2989 1677 3027 omen
1715 2987 1953 3036 avertat.

385 3060 520 3114 Nam
568 3062 634 3114 ad
685 3072 877 3114 caetera
909 3065 1050 3133 quod
1093 3065 1313 3126 attinet,
1359 3064 1511 3119 valde
1543 3065 1614 3119 ibi
1639 3078 1722 3120 est
1748 3069 1954 3135 firmus,

386 3162 441 3206 et
472 3168 622 3221 reque
664 3169 832 3222 purus
866 3165 1028 3223 atque
1055 3155 1346 3224 dilucidus,
1391 3172 1593 3226 perque
1637 3160 1770 3213 duos
1800 3160 1962 3216 hosce

390 3245 557 3299 libros
601 3246 840 3300 decurrit
889 3247 1188 3314 simplicior
1235 3249 1455 3316 quidam
1487 3261 1539 3304 et
1576 3251 1962 3318 perfamiliaris

389 3353 574 3393 sermo
613 3354 676 3392 ac
705 3340 1044 3408 compositio,
1077 3341 1142 3394 ad
1179 3340 1324 3412 vulgi
1362 3355 1521 3397 aures
1545 3355 1857 3412 comparata
1888 3359 1966 3402 at-

387 3446 496 3501 que
525 3433 851 3496 demissa,et
872 3434 938 3487 ad
956 3435 1124 3488 solam
1156 3431 1367 3486 demqu
1389 3436 1695 3490 auditorum
1725 3438 1957 3492 salutem

389 3524 621 3577 intenta.
653 3523 819 3594 Igitur
848 3526 1052 3594 primus
1083 3527 1198 3596 ejus
1231 3527 1366 3582 liber
1394 3528 1509 3599 (l8)
1535 3530 1797 3583 continet.
1835 3530 1966 3596 Quae

393 3615 466 3666 sit
509 3629 697 3679 causa,
749 3627 1120 3686 quantumque
1145 3619 1445 3686 periculum
1491 3620 1796 3689 hujnsmodi
1839 3636 1961 3674 cum

390 3706 755 3761 Ecclesiarum
793 3706 912 3771 Dei,
973 3718 1086 3762 tum
1124 3709 1455 3777 singulorum
1505 3711 1782 3764 hominum
1826 3711 1966 3765 inter

395 3798 542 3864 ipsos
574 3798 926 3853 dissensionis
958 3809 1120 3868 atque
1148 3799 1380 3854 dissidii.
1419 3801 1641 3867 Deinde,
1669 3802 1809 3870 quod
1848 3817 1965 3855 om-

393 3890 480 3944 nis
505 3891 758 3959 praecepti
791 3890 959 3945 divini
991 3892 1356 3960 transgressio
1377 3893 1730 3946 vehementer
1766 3907 1826 3946 ac
1853 3902 1965 3946 ter-

393 3981 623 4036 ribiliter
654 3981 895 4050 punitur,
941 3983 1100 4051 idque
1125 4000 1156 4037 e
1196 3981 1488 4052 Scripturis
1515 3985 1683 4039 sacris
1733 3984 1966 4039 demon-

391 4080 646 4126 stratum.
702 4071 909 4139 Tertio,
965 4076 1030 4128 de
1070 4075 1171 4129 fide
1216 4087 1398 4130 nostra
1438 4078 1728 4141 catholica,
1759 4079 1872 4132 sive
1900 4079 1966 4133 de

392 4177 527 4229 pura
580 4173 766 4219 nostra
814 4174 869 4220 et
919 4167 1131 4223 sincera
1185 4169 1532 4224 confessione
1603 4170 1964 4224 sanctissimae

393 4255 696 4313 Trinitatis.
723 4257 886 4314 Liber
913 4274 1044 4314 vero
1073 4263 1366 4326 secundus,
1398 4263 1694 4318 Christiani
1726 4263 1964 4317 hominis

2058 1782 2320 1852 συντομία
2346 1781 2485 1854 μόνῃ
2514 1781 2904 1853 περιθραύεται
2925 1782 2986 1834 τὸ
3017 1783 3206 1851 σαφὲς,
3227 1782 3381 1834 οὐδὲν
3403 1782 3449 1834 δ’
3471 1781 3631 1834 ἔλατ-

2053 1893 2144 1929 τον
2172 1876 2266 1928 καὶ
2297 1875 2372 1946 τῷ
2399 1873 2446 1907 ⁸⁸
2470 1875 2544 1947 μὴ
2574 1877 2697 1939 τοὺς
2726 1875 2823 1946 τὴν
2844 1875 2999 1928 λύσιν
3027 1875 3409 1937 ἐπιτελοῦντας
3436 1875 3632 1942 λόγους

2053 1970 2133 2030 είς
2168 1968 2229 2020 τὸ
2261 1969 2702 2040 συμπεραντικδν
2734 1968 3144 2041 ἀπαρτίζεσθαι
3181 1969 3384 2038 σχῆμα,
3419 1967 3534 2020 ἀλλ’
3569 1969 3632 2018 ἐν

2053 2058 2132 2129 τῷ
2172 2059 2546 2130 διερῤιμμένῳ
2589 2059 2687 2130 μὲν
2739 2059 2849 2112 τῶν
2881 2059 3198 2129 προτάσεων
3227 2057 3542 2126 άνεπιφόρῳ
3571 2057 3632 2109 δὲ

2055 2153 2148 2204 καὶ
2177 2151 2238 2204 ού
2281 2151 2698 2223 συνειλημμένῳ
2741 2153 2849 2207 τῶν
2894 2151 3219 2216 ἀποδείξεων
3262 2149 3362 2220 τὴν
3389 2150 3634 2203 διάνοιαν

2055 2242 2522 2313 περιπλανᾶσθαι.
3272 2247 3281 2254 ’

2138 2506 2202 2559 Ἢ
2251 2505 2310 2559 δὲ
2361 2495 2566 2560 τούτων
2611 2508 2771 2561 αίτία·
2812 2523 2894 2572 εις
2938 2509 3193 2579 ποικίλην
3253 2508 3634 2579 περισχίζεται

2061 2597 2283 2667 μέθοδον
2311 2596 2588 2667 προνοίας,
2614 2600 2683 2669 ἢν
2711 2598 2916 2668 ἀφίημί
2945 2616 3039 2652 σου
3067 2599 3127 2653 τὸ
3161 2599 3380 2652 συνετὸν
3409 2602 3632 2651 ἐπισκο-

2058 2692 2178 2742 πεῖν
2207 2690 2273 2744 ⁸⁹.
2321 2690 2435 2742 υύκ
2469 2692 2525 2741 ἐν
2571 2692 2685 2752 τοῖς
2733 2690 2854 2743 δυσὶ
2903 2690 2960 2743 δέ
3002 2691 3182 2758 λόγοις
3220 2691 3281 2743 τὸ
3331 2689 3636 2759 ἐμφατικδν

2058 2783 2355 2852 ἐπιτρέχει.
2408 2783 2616 2836 Λύτίκα
2647 2783 2676 2836 ό
2706 2784 2922 2854 πρῶτος
2950 2773 3112 2837 ὀὐδὲν
3143 2784 3475 2838 ἐπιδείκνυσι
3523 2801 3635 2837 τοι-

2060 2875 2235 2940 οῦτον,
2262 2874 2401 2946 πλὴν
2434 2875 2582 2939 ἅπαξ
2615 2894 2718 2929 που
2753 2878 2818 2946 τῇ
2853 2877 3230 2945 άποσιωπήσει
3261 2875 3321 2928 τὸ
3351 2876 3634 2946 δύσφημον

2061 2953 2382 3036 οἰκονοῖιῶν,
2434 2967 2558 3019 ἐπεὶ
2613 2967 2682 3020 τά
2719 2985 2784 3036 γε
2831 2967 2967 3021 ἄλλα
3028 2968 3197 3030 πολὺς
3257 2968 3358 3038 μέν
3404 2969 3524 3020 ἐστι
3573 2967 3636 3020 τὸ

2063 3063 2306 3131 ἀσφαλὲς
2328 3061 2394 3126 ⁸ο,
2419 3060 2531 3124 ῐσος
2552 3060 2608 3113 δέ
2629 3061 2690 3112 τὸ
2718 3059 2978 3131 καθαρὸν,
3001 3060 3136 3114 ἀλλὰ
3161 3061 3253 3114 καὶ
3277 3059 3337 3114 τὸ
3365 3059 3634 3130 εὐκρινές.

2062 3155 2161 3207 Διὰ
2197 3155 2380 3225 μέντοι
2411 3152 2518 3206 τῶν
2548 3151 2642 3205 δύο
2667 3151 2816 3220 αὐτῷ
2849 3151 3028 3220 διήκει
3057 3150 3119 3203 τὸ
3147 3150 3517 3220 ἁπλούστερον
3541 3148 3638 3202 καὶ

2063 3243 2512 3316 καθωμιλημένον
2557 3243 2665 3296 τῶν
2691 3260 2767 3295 ’τε
2818 3241 3021 3308 λέξεων
3062 3242 3158 3294 καὶ⁵
3204 3241 3304 3311 τῆς
3337 3241 3633 3311 συνθήκης,

2064 3339 2201 3408 πρὸς
2230 3339 2329 3406 τὴν
2373 3335 2482 3388 τῶν
2513 3333 2727 3388 πολλῶν
2761 3334 2930 3404 ἀκοὴν
2965 3333 3394 3402 διατυπούμενόν
3431 3348 3493 3384 τε
3539 3331 3637 3383 καὶ

2063 3428 2511 3498 ταπεινούμενον,
2545 3427 2639 3480 καὶ
2674 3426 2841 3497 μόνης
2866 3426 2968 3496 τῆς
2996 3426 3106 3478 τῶν
3143 3423 3429 3496 ἀκροατῶν
3462 3439 3639 3491 σωτη-

2067 3525 2190 3593 ρίας
2237 3519 2802 3590 καταστοχαζόμενον.
2847 3519 2907 3571 Ὀ
2939 3518 3038 3587 μὲν
3090 3516 3187 3570 οὖν
3229 3514 3446 3586 πρῶτος
3489 3512 3638 3581 αύτῷ

2063 3613 2220 3681 λόγος
2263 3611 2597 3682 διεξέρχεται
2655 3611 2738 3674 τίς
2767 3614 2800 3682 ὴ
2848 3611 2998 3665 αἰτία
3046 3611 3139 3662 καὶ
3190 3609 3220 3660 ὁ
3253 3607 3495 3669 κίνδυνος
3540 3606 3639 3674 τῆς

2063 3705 2334 3775 τοσαύτης
2385 3704 2495 3757 τῶν
2539 3703 2879 3773 Ἐκκλησιῶν
2931 3701 3026 3754 τοῦ
3071 3699 3207 3752 Θεοῦ
3263 3699 3357 3752 καὶ
3406 3699 3640 3751 ἑκάστου

2066 3795 2203 3866 πρὸς
2237 3795 2329 3847 τὸν
2361 3794 2552 3864 ἕτερον
2583 3792 2886 3861 διαφωνίας
2910 3809 2967 3844 τε
3001 3794 3096 3844 καὶ
3122 3790 3476 3850 διαστάσεως.
3508 3788 3641 3840 Asti-

2064 3905 2218 3956 τερον
2252 3889 2334 3940 ὅτι
2369 3887 2554 3955 πάσης
2587 3885 2808 3954 ἐντολῆς
2857 3883 2994 3936 Θεοῦ
3049 3883 3362 3951 παράϐασις
3397 3880 3643 3950 σφοδρῶς

2065 3979 2162 4032 καὶ
2206 3977 2454 4048 φοϐερῶς
2494 3975 2825 4030 ὲκδικεῖται⁶
2877 3975 2971 4029 καὶ
3022 3976 3056 4043 ἡ
3092 3973 3368 4037 ἀπόδειξις
3415 3974 3478 4024 ἐκ
3531 3971 3644 4025 τῶν

2063 4071 2322 4142 Γραφῶν.
2350 4068 2478 4142 [496
2506 4067 2598 4140 8.]
2625 4068 2820 4139 Τρίτον
2842 4069 2971 4138 περὶ
2996 4067 3097 4137 τῆς
3125 4066 3380 4126 εὐσεϐοῦς
3404 4065 3643 4126 πίστεως

2066 4163 2246 4233 ἡμῶν,
2274 4164 2392 4233 ἤτοι
2437 4164 2534 4232 τῆς
2564 4165 2644 4226 είς
2676 4165 2773 4234 τὴν
2803 4162 3115 4233 ύπεραγίαν
3145 4160 3351 4230 Τριάδα
3395 4159 3644 4228 καθαρᾶς

2066 4256 2222 4327 ἡμῶν
2259 4256 2352 4309 καὶ
2384 4255 2713 4326 εἰλικρινοῦς
2753 4254 3071 4324 ὁμολογίας.
3121 4253 3180 4306 '0
3225 4253 3281 4306 δὲ
3316 4252 3359 4283 ⁸⁸
3391 4251 3643 4321 δεύτερος

391 4349 679 4416 quamdam
711 4351 874 4404 veluti
912 4352 1332 4422 descriptionem
1364 4354 1475 4425 (19)
1503 4370 1597 4422 per
1625 4370 1834 4410 summa
1865 4369 1956 4408 ca-

2067 4341 2177 4399 οἷον
2216 4347 2539 4417 χαρακτῆρα
2570 4347 2897 4417 Χριστιανοῦ
2929 4344 3282 4416 κεφαλαιώδη
3313 4347 3404 4396 καὶ
3452 4342 3642 4395 σύντο-

391 4439 504 4508 pita
538 4441 881 4512 breviterque
927 4445 1176 4513 proponit
1206 4463 1220 4499 :
1255 4446 1599 4516 similemque
1629 4462 1842 4501 rursum
1869 4446 1964 4500 de-

392 4531 743 4599 scriptionem
777 4549 990 4602 eorum,
1033 4537 1126 4606 qui
1179 4537 1422 4592 docendo
1453 4537 1744 4606 Evangelio
1772 4538 1963 4606 prtere-

392 4623 466 4677 cti
513 4634 658 4679 sunt.
708 4626 911 4682 Deinde
938 4628 1092 4698 quasi
1126 4628 1338 4699 regulas
1385 4629 1645 4697 quasdam
1704 4628 1968 4683 asceticas

2072 4458 2172 4512 μον
2197 4441 2577 4511 παρατίθεται,
2600 4442 2693 4494 καὶ⁴
2717 4441 3042 4512 χαρακτῆρα
3068 4439 3229 4493 πάλιν
3260 4436 3645 4508 παραπλήσιον

2069 4533 2177 4587 τῶν
2217 4533 2573 4604 προεστώτων
2612 4532 2708 4587 τοῦ
2755 4533 2936 4600 λόγου.
2988 4527 3120 4584 Εἶτα
3154 4525 3265 4583 οἷον
3303 4530 3460 4597 ὅρους
3493 4523 3646 4584 τινάς

2076 4627 2427 4698 ἀσκητικοὺς,
2452 4627 2527 4690 ώς
2552 4629 2609 4681 ἐν
2632 4629 2898 4700 ἐρωτήσει
2931 4626 3027 4680 καὶ
3048 4623 3336 4693 ἀποκρίσει
3360 4618 3645 4692 προηγμέ-

1665 4805 1900 4860 VARI/IS
1942 4803 2349 4861 LECTIONES.

466 4948 509 4976 “‘3
535 4942 688 5016 ἦθος]
711 4946 802 4998 τοῦ
836 4947 997 5016 ἦθους
1028 4951 1091 5002 Α.
1166 4949 1210 4979 ⁵⁷
1237 4949 1416 5016 μέντοι
1444 4948 1485 5000 Α
1525 4966 1539 5002 :

1575 4947 1674 5016 μέν
1706 4964 1758 4998 τι
1790 4964 1850 5010 ς.
1928 4948 1973 4979 ⁸⁸
2009 4947 2086 5016 τῷ
2116 4978 2184 4988 --
2211 4946 2416 5000 ἐπιτελ.
2445 4945 2500 5016 7A
2533 4967 2544 5000 :
2578 4945 2651 5015 μὴ

2681 4943 2758 5015 τῷ
2783 4945 2909 5015 τοὺς
2941 4942 3122 5015 λύσινΔ
3150 4935 3543 5009 ἐπιζητοῦντας
3577 4951 3638 4998 ς.

393 5015 441 5047 ⁸⁵³
477 5020 532 5070 τὸ
558 5012 780 5070 ’συνετόν
807 5012 898 5068 σου
933 5012 1285 5088 περισκοπεῖν
1317 5035 1376 5082 ς.
1453 5017 1498 5049 ⁸⁸
1519 5012 1784 5089 ἀσφαλὲς]
1809 5018 2004 5086 ἀφελὲς
2035 5012 2401 5088 apographum
2435 5012 2741 5084 Stephaitif
2792 5015 2834 5044 ⁶¹
2861 5014 2918 5067 δὲ
2944 5014 3070 5068 add.
3096 5012 3164 5065 Α.

1911 5169 2146 5226 NOTAE.

471 5291 581 5361 ([6)
638 5289 835 5344 lterum
881 5288 948 5343 de
980 5288 1042 5342 Β.
1098 5287 1280 5341 Basilii
1333 5288 1471 5358 stylo
1518 5287 1776 5355 judicium
1835 5287 1963 5342 tulit

397 5379 549 5428 supr.
584 5362 700 5416 rod.
733 5361 826 5414 Ml
842 5397 858 5412 .

475 5426 584 5496 (l7)
621 5429 902 5483 Tarasium
935 5427 1157 5481 fratrem
1199 5426 1506 5492 compellat.

476 5494 588 5566 (lis)
619 5501 893 5567 Ln-gnutur
943 5498 1056 5551 haec
1105 5499 1259 5551 hodie
1289 5497 1448 5548 aliter
1475 5496 1796 5550 distributae.
1831 5494 1962 5567 Nam

344 5567 351 5573 ’
403 5585 579 5634 Ιινιμιε
610 5570 660 5620 in
691 5566 859 5622 libros
902 5568 1215 5621 dividuntur
1243 5567 1513 5628 Ascelica,
1544 5575 1598 5620 et
1621 5576 1823 5634 septem
1853 5566 1959 5620 sal-

404 5652 516 5693 tum
571 5638 858 5693 Lemmata
911 5649 1025 5692 tres
1069 5639 1229 5691 hasce
1277 5650 1296 5690 ι
1336 5635 1458 5690 libri
1506 5647 1689 5703 partes
1720 5647 1960 5690 antece-

2069 5291 2204 5344 dunt
2250 5290 2424 5358 prima
2463 5287 2624 5342 etiam
2675 5288 2761 5358 hic
2793 5298 2848 5342 et
2893 5285 3127 5342 secunda
3174 5295 3328 5355 parte
3358 5281 3412 5336 in
3461 5295 3627 5336 unum

2074 5362 2143 5414 =bi
2170 5357 2335 5428 caput
2370 5359 2444 5412 De
2465 5358 2674 5426 judicio
2708 5357 2804 5411 Dei
2849 5370 3151 5424 compacta.

2139 5423 2253 5498 (1θὶ
2287 5423 2527 5497 Utraque
2566 5429 2682 5483 hazc
2713 5423 3001 5497 descriptio
3028 5442 3170 5481 nunc
3199 5425 3503 5479 Ethicorum
3535 5423 3645 5476 fide

2067 5498 2380 5624 f‘lorulliugb
2423 5498 2637 5554 nomine
2695 5498 2850 5568 vulgo
2908 5499 3107 5561 notior,
3169 5497 3627 5564 continenturque

2115 5586 2284 5624 caua:
2387 5607 2400 5624 .

2115 5586 2284 5640 egone
2311 5586 2400 5624 δυ.
