4030 6248
391 275 491 339 637

1456 257 1996 321 BIBLIOTHECA.
2037 281 2110 293 —
2153 255 2318 318 COD.
2355 255 2584 318 CXCII.

3518 253 3628 318 638

399 406 535 451 mug,
565 384 860 444 ἐκτίθεται,
885 382 976 434 τδν
1020 378 1252 448 ἀριθμὸν
1281 383 1373 440 νε’,
1418 377 1513 430 καὶ
1543 374 1705 428 πάλιν
1749 387 1935 424 συντο-
1965 401 1976 428 ε

2077 372 2431 440 riterrogando
2473 387 2538 426 ac
2590 368 2967 440 respondendo
3013 366 3321 437 propositas
3363 372 3613 435 exponit,

395 481 638 554 μὼτερον
659 477 877 548 ἑτέρους
903 476 1061 542 ὅρους
1094 477 1218 538 τιγ’.

1091 649 1252 704 PLB'.

1091 654 1132 702 P
1176 654 1252 704 B'.

401 745 509 800 Τοῦ
541 745 610 798 ἐν
646 743 835 809 ἁγίοις
865 654 1273 810 Μαξίμουιῗτοῦ
1305 734 1961 810 όμρλοτητοιῦ-,βΑπορη-

613 803 872 875 μαὶικῶν
899 803 1219 878 Γραφικῶν
1250 803 1548 876 κεφάλαια
1577 803 1729 874 ,βξ-ξδ’.

463 904 804 974 Ἀνεγνώσθη
836 903 928 956 τοῦ
958 904 1017 956 ὲν
1054 902 1229 968 ἁγίοις
1271 899 1522 970 Μαξίμου
1574 897 1833 967 μοπλαχοῦ,
1869 896 1960 951 τοῐ

395 1003 489 1055 καὶ
517 1001 870 1071 ὁμολογητοῦ,
904 1001 1042 1070 πρὸς
1061 1000 1369 1053 Θαλάσσιον
1404 998 1697 1050 ὁσιώτατον
1723 996 1963 1066 πρεσϐύ-

395 1112 551 1163 τερον
603 1094 698 1148 καὶ
759 1091 1060 1162 ἡγούμενον
1112 1093 1652 1164 προσπεφωνημένον
1698 1091 1825 1164 [9.56

396 1186 619 1253 βιϐλίον,
652 1189 710 1239 ἐν
756 1181 800 1255 ᾧ
859 1179 1179 1256 Γραφικῶν
1209 1167 1794 1256 Ἀπορημάτωνῷξᾶ
1829 1187 1961 1238 ἀνα-

395 1277 595 1344 γράφει
622 1279 864 1345 Λύσεις.
880 1279 970 1330 Ἑν
1003 1278 1186 1347 μέντοι
1212 1279 1289 1349 τῷ
1317 1281 1586 1350 προοιμίῳ
1606 1278 1964 1347 διαλαμϐάνει

397 1369 524 1437 περὶ
546 1370 646 1438 τῆς
677 1371 942 1436 γενέσεως
967 1369 1076 1423 τῶν
1106 1373 1163 1425 ἐν
1188 1373 1320 1442 ἡμῖν
1346 1371 1554 1436 παθῶν,
1578 1371 1671 1424 καί
1698 1388 1860 1440 φησιν
1889 1370 1964 1430 ὡς

395 1460 455 1511 τὸ
484 1460 650 1513 κακὸν
678 1461 846 1530 μηδὲν
884 1462 1009 1531 μηδ’
1047 1462 1183 1526 ὅλως
1233 1463 1342 1516 τῶν
1373 1463 1541 1515 ὄντων
1585 1464 1850 1533 ὑπάρχον,
1891 1461 1964 1533 μὴ

400 1550 639 1617 ποιότης,
674 1552 749 1620 μὴ
780 1552 1038 1621 ποσότης,
1067 1553 1144 1623 μὴ
1169 1555 1371 1623 σχέσις,
1398 1553 1535 1605 ἀλλὰ
1563 1553 1698 1623 μηδὲ
1725 1553 1894 1616 πάθος
1921 1552 1965 1584 ⁸⁸

401 1649 644 1714 φυσικῶς
693 1666 800 1701 τινι
850 1649 958 1701 τῶν
1003 1650 1173 1703 ὄντων
1211 1649 1665 1721 ὲνθεωρούμενον,
1711 1651 1796 1718 εῐη
1825 1649 1871 1680 ⁸³
1899 1647 1966 1701 ἂν

397 1740 631 1809 Ελλειψις
655 1741 754 1811 τῆς
783 1741 916 1811 πρὸς
936 1743 996 1795 τὸ
1021 1744 1176 1806 τέλος
1199 1743 1478 1814 ἐνεργείας
1504 1742 1612 1794 τῶν
1633 1742 1966 1810 ἐγκειμένων
2003 1728 2042 1782 Β

398 1832 466 1900 τῇ
511 1829 670 1897 φύσει
715 1830 1020 1901 δυνάμεων,
1057 1832 1162 1902 ﬁ“
1217 1834 1313 1885 καὶ
1355 1831 1527 1896 οὓτω,
1579 1831 1688 1884 τῶν
1721 1833 1968 1900 φυσικῶν

398 1917 680 1988 δυνάμεων
703 1920 822 1973 κατ’
847 1921 1192 1992 ὲσφαλμένην
1224 1923 1406 1992 κρίσιν
1448 1923 1534 1975 ἐπ’
1564 1922 1692 1976 ἄλλο
1729 1925 1882 1993 παρὰ
1910 1922 1970 1974 τὸ

397 2009 550 2073 τέλος
599 2010 886 2078 ἀλόγιστος
933 2013 1168 2082 κίνησις.
1204 2013 1394 2066 Αἰτίαν
1429 2014 1486 2066 δέ
1539 2031 1682 2083 φημι
1740 2013 1856 2078 νῦν,
1899 2008 1970 2082 ἦς

399 2101 577 2153 πάντα
629 2102 876 2170 φυσικῶς
921 2103 1155 2170 ἐφίεται,
1203 2103 1272 2175 ἢν
1304 2106 1332 2157 ὁ
1364 2104 1556 2173 Ἀδὰμ,
1605 2106 1822 2170 ἀπάτην
1875 2102 1967 2156 τοῦ

398 2191 639 2262 πονηροῦ
670 2196 924 2264 νοσήσας,
957 2196 1218 2265 ἠγνόησε,
1258 2195 1396 2265 πρὸς
1424 2195 1552 2265 ὃλην
1593 2195 1650 2248 δὲ
1688 2193 1968 2263 κατεσύρη

396 2285 497 2352 τὴν
541 2284 830 2355 αἴσθησιν,
889 2286 1377 2357 παρασυμὸληθεὶς
1426 2288 1540 2348 τοῖς
1601 2287 1838 2356 κτήνεσι,
1877 2289 1971 2339 καὶ

398 2377 522 2429 ὅσον
550 2377 652 2445 τῆς
683 2377 822 2445 πρὸς
848 2378 1098 2446 αἴσθησιν
1129 2379 1446 2448 ἐπεμελεῖτο
1474 2379 1519 2410 ⁸⁵
1545 2378 1819 2447 γνώσεως,
1848 2396 1972 2432 τοσο

398 2466 554 2522 οὖτον
586 2467 688 2537 τῆς
727 2469 876 2532 θείας
909 2469 1195 2534 ἐξέπιπτε·
1235 2471 1357 2524 ὅσον
1386 2471 1431 2527 9⁸
1469 2467 1517 2523 δ’
1560 2471 1844 2524 ἐκπίπτων
1891 2471 1972 2524 δι-

401 2562 582 2629 έμενε,
620 2560 873 2614 τοσοῦτον
926 2565 993 2631 τῇ
1025 2561 1322 2621 ἀπολαύσει
1363 2549 1470 2616 τῶῧ
1498 2561 1848 2630 γνωσθέντων
1886 2566 1974 2616 αἱ·

401 2652 615 2723 σθητῶν
640 2653 685 2684 "
716 2655 1056 2724 προσηλοῦτο
1088 2654 1185 2708 καὶ
1233 2655 1700 2724 συγκατεφέρετο·
1743 2655 1868 2707 ὅσον
1914 2654 1972 2707 δὲ

400 2743 612 2809 τούτοις
633 2746 892 2810 ἐνέκειτο,
919 2746 1171 2799 τοσοῦτον
1191 2749 1290 2815 τῆς
1321 2747 1652 2809 ἐπιῦλαὸοὖς
1681 2746 1973 2815 φιλαυτίας

403 2837 604 2907 ἐξῆπτε
639 2837 684 2870 ⁸⁸
708 2838 800 2892 τὸν
832 2838 1009 2909 ἔρωτα
1031 2837 1204 2890 σ’ὄσον
1235 2839 1279 2891 δ’
1321 2841 1499 2909 εἶχετο
1538 2839 1635 2909 τῆς
1665 2838 1968 2907 φιλαυτίας,

400 2928 656 2982 τοσοῦτον
685 2930 896 2984 ἐπενόει
944 2931 1040 2995 τῆς
1067 2930 1260 2999 ἡδονῆς
1295 2929 1578 2992 ποικίλους
1616 2931 1717 2982 καὶ
1743 2929 1971 2991 πολλοὺς

404 3021 677 3090 τρόπους·
730 3021 1049 3090 γεννήματα
1118 3021 1225 3088 γὰρ
1277 3019 1379 3089 τῆς
1432 3019 1716 3086 φιλαυτίας
1761 3003 1969 3072 ’ταῦτα

406 3110 516 3164 Καὶ
545 3109 734 3177 ἐπειδὴ
773 3111 923 3162 πᾶσα
950 3107 1118 3161 κακία
1140 3110 1250 3171 τοῖς
1289 3109 1612 3162 συνιστῶσιν
1641 3109 1812 3174 αὐτὴν
1853 3125 1977 3159 συν-

406 3197 798 3268 διαφθείρεται,
825 3199 1097 3267 εὑρίσκων
1129 3199 1185 3263 es
1213 3198 1384 3266 αὐτῆς
1426 3199 1623 3268 πείρας
1653 3198 1750 3265 τῆς
1781 3197 1977 3267 ἡδονῆς

409 3287 626 3352 πάντως
651 3288 894 3359 διάδοχον
935 3289 1034 3358 τὴν
1066 3286 1278 3359 ὀδύνην,
1306 3289 1406 3359 τῆς
1450 3290 1547 3358 μὲν
1575 3288 1716 3358 ὑπὲρ
1746 3289 1978 3356 δύναμιν

408 3381 704 3451 ἀντείχετο,
747 3382 847 3451 τῆς
903 3381 1096 3450 ὀδύνης
1138 3381 1195 3433 δὲ
1249 3381 1510 3452 σφοδρῶς
1549 3379 1977 3452 κατηγωνίζετο,

408 3473 652 3542 οἰόμενος
687 3475 823 3544 ὅπερ
847 3469 914 3543 ἦν
937 3474 1240 3542 ἀμήχανον,
1275 3473 1566 3542 διαστῆσαι
1594 3473 1796 3535 ταύτας
1819 3473 1982 3542 ἀλλή-

408 3565 517 3618 λων
545 3566 639 3619 καὶ
674 3566 808 3636 μόνῃ
839 3568 904 3636 τῇ
941 3565 1103 3636 ἡδονῇ
1136 3567 1406 3636 ὲντρυφᾷν
1443 3566 1535 3617 καὶ
1565 3565 1673 3634 τὴν
1693 3565 1981 3632 φιλαυτίαν

410 3658 583 3728 ταύτῃ
616 3657 969 3728 συνημμένην
998 3655 1162 3724 ἔχειν.
1193 3655 1472 3710 Ἐντεῦθεν
1492 3659 1522 3708 ὁ
1554 3658 1662 3719 πᾶς
1691 3657 1847 3726 ὄχλος
1875 3658 1982 3708 τῶν

413 3735 602 3804 παθῶν
618 3768 635 3782 ⁸
666 3751 857 3818 ἡδονῆς
878 3749 986 3818 γὰρ
1007 3749 1098 3802 διὰ
1118 3749 1214 3820 τὴν
1238 3748 1523 3818 φιλαυτίαν
1544 3748 1984 3818 ἀντιποιούμενοι

415 3840 508 3891 καὶ
546 3836 742 3908 ὀδύνην
771 3836 1174 3905 ἀποφεύγοντες
1218 3842 1316 3899 τὰς
1357 3837 1675 3906 ἀμυθήτους
1716 3837 1824 3889 τῶν
1855 3838 1984 3906 φθο-

416 3929 648 4000 ροποιῶν
679 3929 865 3982 παθῶν
913 3928 1236 3998 ἐπινοοῦμεν
1263 3928 1530 3996 γενέσεις.
1557 3923 1685 3982 Οίον
1715 3931 1760 3961 ⁸³
1787 3932 1838 3984 εί
1886 3931 1986 3999 μὲν

413 4023 516 4089 τῆς
549 4024 607 4074 ὲν
661 4020 917 4091 φιλαυτία
949 4021 1142 4090 ἡδονῆς
1201 4020 1659 4091 ἀντιποιούμεθα,
1709 4023 1988 4091 γεννῶμεν

414 4117 514 4184 τὴν
565 4114 1033 4184 γαστριμαργίαν,
1071 4113 1170 4182 τὴν
1212 4113 1615 4184 ὑπερηφανίαν,
1662 4113 1759 4184 τὴν
1793 4115 1989 4184 φιλαρ-

415 4204 634 4276 γυρίαν,
663 4207 755 4258 καὶ
785 4206 885 4258 ὅσα
907 4205 996 4257 τὸν
1021 4205 1255 4274 τυχόντα
1281 4205 1481 4274 τρόπον
1515 4205 1728 4275 πορίζει
1762 4206 1985 4274 ἡδονήν·

417 4299 468 4351 εί
494 4298 552 4351 δὲ
590 4297 690 4368 τὴν
723 4299 781 4351 ὲν
812 4297 1072 4368 φιλαυτία
1102 4297 1374 4368 φεύγομεν
1396 4298 1443 4329 ⁷ο
1469 4299 1682 4369 ὀδύνην,
1708 4300 1989 4367 γεννῶμεν

2067 475 2289 514 numero
2315 461 2698 531 quinquaginta
2745 458 3030 528 quinque:
3075 457 3378 525 iterumque
3402 456 3622 511 brevio-

2069 567 2153 607 res
2183 553 2294 624 (Ξο)
2327 554 2458 607 alias
2491 562 2762 607 trecentas
2790 549 3069 605 tredecim.

2768 641 2972 698 CXCII.

2069 738 2133 792 Β.
2161 737 2382 792 Maximi
2418 737 2658 790 monachi
2684 745 2734 789 et
2759 737 3068 805 confessoris
3093 734 3454 800 Quaestionum
3485 750 3512 788 ε
3541 750 3632 787 sa-

2413 825 2500 862 cra
2531 806 2801 873 Scriptura
2840 807 3123 860 solutiones
3147 820 3322 859 CLXIV.

2144 896 2333 968 1541)
2366 896 2617 963 Legimus
2644 898 2704 949 B.
2738 897 2953 950 Maximi
2975 896 3220 949 monachi
3241 894 3373 965 (20‘)
3401 895 3558 948 simul
3581 901 3634 948 ct

2068 990 2394 1046 confessoris
2435 989 2718 1043 Thalassio
2756 990 3072 1059 presbytero
3099 989 3448 1041 sanctissimo
3466 998 3632 1057 atque

2069 1081 2324 1151 praefecto
2363 1080 2680 1147 inscriptum
2717 1079 2880 1141 Unus,
2932 1095 3032 1146 quo
3083 1077 3446 1142 Qucestionum
3476 1093 3502 1129 ε
3546 1093 3636 1128 sa-

2069 1189 2158 1224 cra
2211 1170 2482 1239 Scriptura
2532 1169 2816 1234 solutiones
2869 1167 3078 1222 CLXIV
3142 1170 3472 1224 continentur
3500 1167 3634 1240 (21).

2069 1261 2334 1316 Caeterum
2360 1261 2412 1312 iu
2433 1261 2746 1328 prmfatione
2777 1259 3011 1326 disputat
3028 1261 3094 1312 de
3123 1270 3240 1312 ortu
3273 1259 3636 1312 humanarum
3660 1284 3662 1287 ·

2071 1351 2533 1423 perturbationum
2561 1369 2576 1405 :
2601 1351 2904 1418 asserilque
2943 1359 3217 1420 peccatum
3247 1365 3371 1404 cum
3405 1350 3539 1403 nihil
3567 1353 3640 1403 sit

2070 1442 2293 1497 omnino
2317 1437 2617 1496 subsistens
2637 1441 2767 1510 (non
2789 1439 3043 1512 qualitas,
3071 1454 3176 1493 non
3200 1441 3498 1507 quantitas,
3529 1454 3639 1491 non

2071 1531 2312 1598 habitus,
2357 1545 2462 1585 non
2515 1531 2853 1598 perturbatio
2903 1531 3135 1599 denique
3165 1531 3280 1598 ipsa
3318 1532 3641 1585 naturaliter

2073 1623 2263 1678 saltem
2292 1623 2344 1677 in
2379 1622 2756 1680 exsistentium
2786 1622 2966 1692 aliquo
2997 1623 3398 1693 considerata);
3433 1635 3638 1677 tantum

2073 1716 2358 1769 insitarum
2387 1716 2543 1770 nobis
2575 1732 2604 1770 a
2637 1725 2827 1770 natura
2864 1715 3180 1769 facultatum
3221 1731 3341 1770 esse
3376 1715 3639 1769 defectio-

2070 1823 2192 1862 nem
2234 1823 2346 1862 suae
2387 1807 2618 1862 actionis
2646 1822 2673 1859 a
2705 1807 2830 1871 line,
2875 1816 2934 1860 ut
2983 1808 3184 1862 sithoc
3231 1809 3386 1861 modo
3421 1818 3640 1860 natura-

2071 1899 2202 1954 lium
2246 1897 2563 1954 facultatum
2613 1915 2679 1955 ex
2723 1898 3170 1966 errantejudicio
3203 1899 3639 1953 inconsideratus

2069 1991 2286 2060 quidam
2322 2001 2519 2054 motus,
2559 1989 2627 2044 ad
2668 1989 2814 2044 aliud
2846 2005 3007 2058 quam
3049 1992 3114 2042 ad
3138 2005 3293 2042 suum
3324 1990 3483 2044 tinem
3517 1999 3639 2044 ten-

2071 2085 2228 2138 dens.
2261 2082 2451 2136 Finem
2507 2097 2636 2137 vero
2666 2082 2816 2136 illum
2850 2082 3010 2136 modo
3043 2082 3184 2146 dico,
3221 2095 3381 2148 quem
3415 2089 3640 2134 natura-

2071 2176 2194 2230 liter
2233 2175 2450 2245 quidem
2481 2175 2661 2231 omnia
2701 2184 2984 2244 appetuut,
3018 2176 3113 2228 sed
3150 2191 3311 2244 quem
3339 2174 3450 2244 jam
3484 2175 3643 2228 dece-

2070 2278 2197 2339 ptus
2241 2285 2269 2322 a
2319 2277 2571 2336 serpente
2628 2268 2868 2322 Adamus
2921 2284 3026 2322 non
3069 2268 3313 2336 agnovit,
3351 2277 3532 2321 totum
3585 2268 3640 2321 in

2071 2377 2288 2417 sensum
2339 2377 2564 2432 pronus,
2610 2361 2976 2429 iumentisque
3022 2360 3216 2415 similis
3275 2361 3469 2416 factus.
3531 2361 3643 2414 ltuo

2072 2463 2330 2523 quantum
2381 2452 2544 2507 studii
2597 2453 2834 2521 ponebat
2885 2452 2938 2505 in
2991 2453 3323 2522 cognitione,
3386 2467 3506 2518 qua:
3546 2467 3644 2522 per

2073 2561 2294 2601 sensum
2332 2545 2636 2609 adducitur,
2672 2552 2878 2597 tantum
2929 2559 2959 2596 a
3007 2543 3184 2597 divina
3222 2545 3532 2612 cognitione
3569 2559 3646 2598 re-

2073 2637 2320 2694 cedebat.
2373 2635 2606 2690 Rursum
2651 2644 2912 2705 quantum
2962 2635 3013 2688 in
3049 2635 3153 2689 hac
3185 2635 3492 2689 recessione
3524 2650 3645 2701 per-

2073 2729 2382 2789 severabat,
2432 2735 2640 2779 tantum
2681 2726 2845 2779 etiam
2885 2740 3065 2779 rerum
3115 2727 3454 2795 cogniturum
3506 2724 3645 2779 frui-

2075 2823 2209 2877 tioni
2241 2821 2396 2890 quasi
2449 2819 2812 2883 assidebatur,
2872 2834 3088 2890 unaque
3118 2836 3238 2873 cum
3298 2819 3364 2873 iis
3408 2834 3648 2888 praeceps

2077 2915 2371 2969 ferebatur.
2431 2910 2702 2978 Quantum
2753 2913 2882 2964 item
2927 2911 3012 2965 his
3069 2910 3383 2976 inhaerebat,
3441 2920 3646 2963 tantum

2076 3019 2297 3074 qquue
2349 3004 2402 3057 in
2449 3017 2515 3057 eo
2561 3002 2753 3055 noxius
2791 3001 2878 3055 ille
2918 3015 3071 3055 amor
3104 3002 3184 3056 sui
3231 3000 3649 3055 accendebatur.

2079 3096 2250 3162 Quam
2280 3095 2515 3164 denique
2565 3094 2792 3148 ﬁrmiter
2845 3093 3018 3148 amori
3056 3093 3376 3164 adhaerebat
3406 3095 3510 3156 sui,
3538 3101 3650 3147 tam

2075 3190 2242 3242 etiam
2291 3187 2540 3242 studiose
2587 3184 2789 3238 multas
2835 3182 3123 3250 variasque
3153 3182 3450 3249 voluptatis
3478 3184 3651 3236 ratio—

2078 3296 2174 3337 nes
2204 3277 2734 3334 comminiscebatur.
2769 3275 2895 3329 llaec
2923 3275 3066 3329 enim
3105 3275 3305 3328 arnoris
3327 3274 3408 3328 sui
3437 3274 3654 3326 soboles

2077 3380 2179 3427 est.
2219 3370 2487 3438 Quoniam
2522 3381 2652 3420 vero
2694 3358 2910 3418 malitia'
2934 3364 3115 3418 omnis
3154 3379 3277 3417 cum
3331 3362 3398 3416 iis
3431 3379 3534 3415 una
3569 3378 3656 3415 re-

2078 3461 2179 3516 bus
2219 3460 2436 3528 tiuterit,
2485 3473 2606 3527 quae
2646 3456 2788 3508 illam
2829 3463 3106 3517 crearant,
3163 3453 3384 3520 ipseque
3434 3453 3655 3519 experi-

2079 3561 2262 3608 mento
2296 3549 2536 3606 discebat
2563 3546 2852 3616 voluptatis
2871 3545 3091 3599 omnino
3117 3545 3381 3598 camitem
3407 3557 3528 3597 esse
3560 3544 3658 3596 do-

2081 3643 2277 3704 iorem,
2314 3640 2460 3694 illam
2494 3639 2574 3691 vel
2612 3651 2770 3705 supra
2817 3636 2968 3689 vires
2998 3635 3232 3688 retinere
3266 3644 3511 3694 conatus,
3537 3647 3657 3686 curn

2083 3735 2270 3789 dolore
2347 3731 2558 3785 acriter.
2618 3729 2912 3796 pugnabat,
2984 3727 3100 3780 fieri
3153 3741 3315 3794 posse
3368 3725 3662 3778 arbitratus

2084 3826 2251 3895 (quod
2280 3822 2427 3878 nullo
2459 3820 2620 3875 modo
2666 3818 2900 3888 poterat)
2937 3827 2995 3871 ut
3031 3818 3097 3871 ab
3132 3816 3363 3870 invicem
3406 3815 3553 3868 hisce
3583 3815 3664 3867 di-

2084 3917 2276 3978 vulsis,
2303 3923 2362 3968 et
2390 3912 2505 3966 sola
2545 3910 2820 3978 voluptate
2864 3904 3258 3976 perfrueretur,
3291 3915 3347 3959 et
3388 3904 3470 3957 sui
3508 3918 3663 3957 amo-

2088 4026 2200 4064 rem
2233 4009 2358 4063 huic
2388 4004 2648 4072 voluptati
2701 4001 3020 4070 permistum
3069 4001 3353 4053 retineret.
3392 3997 3528 4051 Hinc
3557 3995 3666 4068 {er-

2088 4118 2154 4172 go
2185 4099 2287 4173 ait]
2310 4099 2488 4154 omnis
2521 4095 2994 4167 perturbationum
3037 4090 3343 4145 multitudo.
3389 4087 3523 4143 Nam
3571 4103 3666 4142 vo-

2089 4196 2348 4265 luptatem
2370 4205 2482 4262 prae
2527 4201 2712 4242 amore
2741 4185 2914 4239 nostri
2943 4191 3348 4243 cousectantes.
3385 4181 3663 4235 dolorem-

2090 4301 2199 4357 que
2252 4283 2544 4353 fugientes,
2597 4273 3003 4346 iuexplicabiles
3060 4273 3180 4327 illos
3238 4271 3667 4340 perniciosarum

415 4391 507 4444 τὸν
557 4361 751 4458 θυμὸν,
794 4361 882 4442 τδν
931 4361 1145 4457 φθόνον.
1173 4361 1236 4441 τδ
1277 4361 1456 4459 μῖσος.
1510 4361 1629 4461 τῆν’
1653 4361 1976 4457 ἀπόγνωσιν,

2094 4377 2403 4450 passionum
2456 4381 2607 4427 ortus
2663 4377 2843 4422 mente
2897 4365 3255 4432 concipimus.
3302 4361 3366 4414 Et
3398 4369 3669 4429 quatenus

418 4483 517 4538 καὶ
568 4483 670 4536 ὅσα
707 4481 839 4536 ἄλλα
897 4481 994 4550 τῆς
1036 4480 1332 4551 ἡδυνούσης
1370 4482 1438 4512 ⁷ο·
1472 4482 1762 4553 ἐστέρηται
1810 4483 1987 4536 διαθέ-

420 4590 578 4634 σεως.
624 4573 718 4624 Ἐκ
742 4572 798 4622 δὲ
835 4571 936 4639 τῆς
972 4573 1174 4639 ἀμφοῖν
1230 4571 1430 4638 μίξεως
1480 4573 1720 4626 τίκτεται
1772 4576 1804 4644 ἡ
1860 4575 1989 4627 ὑπό-

418 4679 623 4732 κρισις,
655 4665 688 4732 ἡ
737 4662 1018 4725 κολακεία,
1051 4664 1078 4714 ὁ
1115 4661 1286 4726 δόλος,
1335 4663 1430 4715 καὶ
1469 4662 1659 4724 ἁπλῶς
1699 4665 1800 4716 ὅσα
1855 4665 1990 4719 ἄλλα

423 4755 727 4826 μοχθηρίας
757 4755 868 4823 εἴδη
901 4755 999 4822 τῆς
1033 4756 1229 4822 μικτῆς
1261 4755 1375 4806 ἐστι
1402 4756 1743 4824 πανουργίας
1773 4759 1992 4824 ἐπινοή-

421 4864 568 4918 ματα
591 4848 633 4878 ’⁸
669 4845 792 4917 [497
817 4845 933 4918 IL].
989 4846 1127 4898 Ἀλλ’
1165 4846 1194 4899 ὃ
1227 4849 1320 4899 καλ⁵
1344 4848 1682 4919 προέφημεν,
1709 4850 1808 4919 τῆς
1837 4851 1990 4917 θείας

2093 4472 2310 4543 quidem
2341 4467 2395 4521 in
2427 4478 2614 4518 amore
2644 4458 2862 4530 proprio
2904 4456 3231 4522 voluptatem
3268 4460 3664 4512 consectantur,

2091 4542 2160 4619 ex
2205 4578 2270 4617 eo
2318 4557 2495 4629 gulam
2545 4552 2836 4623 gignimus,
2891 4545 3224 4616 superbiam,
3277 4542 3566 4594 avaritiam
3616 4549 3671 4594 et

2093 4667 2431 4728 quaecunque
2481 4663 2580 4718 pro
2622 4660 2682 4700 re
2736 4654 2861 4712 nata
2901 4640 3230 4706 voluptatem
3279 4634 3538 4704 pariunt:
3583 4633 3670 4687 sin

2094 4770 2160 4807 ex
2209 4762 2393 4803 amore
2441 4740 2663 4810 proprio
2709 4738 2952 4790 dolorem
3006 4730 3264 4798 fugimus,
3325 4728 3460 4781 iram
3520 4739 3667 4789 mox,

2094 4841 2376 4903 invidiam,
2409 4834 2614 4897 odium,
2659 4825 3086 4897 desperationem
3137 4820 3398 4889 parimus,
3441 4828 3497 4872 et
3536 4817 3674 4870 alias

1727 4965 1960 5023 VARl/E
2001 4960 2406 5024 LECTIONES.

492 5054 696 5132 “Ap-115‘:
711 5055 776 5132 τὸ
799 5053 967 5132 πάρος
1021 5072 1080 5132 ς)
1156 5055 1216 5132 ⁸³-
1242 5056 1327 5132 εἴη
1364 5055 1405 5108 Α
1438 5057 1595 5132 εηκαί
1623 5058 1706 5128 εἴη
1750 5076 1810 5122 ς.
1887 5061 1932 5091 ⁸⁸
1961 5061 1992 5130 ἢ
2022 5061 2174 5132 _add.
2205 5061 2268 5109 Α.
2320 5125 2329 5132 _
2364 5053 2425 5132 “7

1914 5132 1958 5162 ⁸⁸
1982 5125 2104 5183 ὀἷον
2130 5132 2172 5182 Α
2199 5145 2212 5180 :
2249 5125 2343 5179 καὶ
2371 5125 2482 5174 οἱον
2503 5133 2565 5180 ς.

423 5128 465 5158 ⁸⁷
503 5126 776 5192 αἰσθητῶν
799 5137 850 5177 et
875 5125 966 5176 ‘20.
1001 5127 1098 5195 τῆς
1152 5126 1273 5179 add.
1302 5127 1365 5178 A.

1444 5126 1489 5157 ⁸⁸
1509 5126 1741 5197 ἐξῆπται
1772 5146 1834 5192 ς.

425 5198 465 5228 ⁷³
499 5195 872 5264 επινοσὴματα
897 5213 956 5260 ς’.

2364 5052 2410 5085 ⁸⁸
2449 5041 2761 5100 ὲπετελεῖτο
2785 5055 2845 5101 ς.
2921 5034 2965 5066 ⁸⁸
2987 5033 3112 5085 ὅσον
3140 5029 3184 5084 δ’
3219 5030 3263 5082 Α
3287 5048 3300 5083 :
3323 5025 3428 5101 atat
3453 5026 3577 5101 δσον
3605 5043 3666 5088 ς.

2641 5113 2692 5143 ⁷ο
2720 5096 3011 5178 φεύγωμεν
3042 5104 3110 5157 Α.
3186 5101 3255 5132 ⁷ο·
3286 5096 3576 5166 ὸδυνούσης
3607 5112 3672 5158 ςο

1924 5289 2154 5347 NOTAE.

499 5383 609 5454 (ΞΟ)
647 5365 739 5436 llis
790 5385 951 5454 etiam
984 5383 1305 5454 ἐπιτιμίοιςἈ
1330 5384 1444 5454 sive
1479 5381 1986 5454 transgredientium

425 5452 618 5580 {cum
669 5469 766 5522 pro
812 5453 1106 5520 virginibus
1153 5455 1208 5507 iu
1255 5452 1404 5507 libris
1467 5453 1624 5506 editis
1665 5453 1984 5520 subjunctas

463 5540 565 5580 ego.

463 5540 565 5590 ego.

502 5593 633 5664 (20')
668 5594 806 5663 Lege
854 5591 1046 5666 res__’a_b
1092 5606 1157 5648 eo
1205 5603 1386 5666 gestas
1411 5592 1523 5650 sive
1566 5590 1794 5661 scriptas
1823 5592 2010 5660 apudsi

429 5661 623 5725 Baron.
655 5661 805 5721 cari.
841 5674 880 5718 t.
917 5661 1047 5718 Vill.

2168 5378 2278 5449 (ΞΗ
2312 5372 2598 5449 irrepsisse
2632 5371 2719 5423 hic
2757 5365 2993 5422 notulam
3029 5379 3072 5430 p
3123 5365 3676 5449 constat‘ncumnpnqq:

2101 5421 2713 5509 nis‘rii-iIQt'uustinues
2779 5421 2899 5509 post
2955 5421 3232 5509 conrueret
3273 5421 3674 5509 Phot..E£§stat

2099 5490 2712 5586 ὒὶῖἱωἮυόὲὶὶῐᾱξήιε’ίὲ
2747 5490 2988 5584 pitiribus
3011 5503 3251 5586 ejusdem

2115 5563 2771 5648 uinctum—vin'Vaticana,
2808 5589 2918 5633 tum
2963 5574 3015 5630 in
3040 5563 3279 5640 'August.
3313 5566 3403 5622 illa
3449 5563 3679 5620 nobilis-

2109 5659 2243 5713 sima
2274 5653 2520 5712 biblioth.
