4030 6248
376 211 484 275 639

1511 217 1779 281 PHOTH
1804 217 2318 282 PATRIARCH/E
2343 221 2455 284 CP.

3520 223 3629 289 640

375 317 430 370 id
453 331 644 387 genus,
685 334 805 390 qua:
829 333 1020 378 carent
1039 323 1323 381 all'ectione
1349 325 1591 382 dolorem
1624 330 1948 383 concitante.

2065 331 2094 382 ὁ
2140 331 2430 402 ἄνθρωπος
2477 331 2565 386 διὰ
2597 333 2696 402 τῆς
2733 333 2952 404 ἀπάτης
3003 331 3332 387 καταπεσὼν
3370 331 3626 402 γνώσεως

377 404 458 462 Ex
506 411 786 480 utriusque
836 428 998 482 porro
1045 415 1300 470 mistioue
1362 419 1608 471 nascitur
1658 417 1950 484 simulatio,

378 502 703 567 assentatio,
756 504 932 570 dolus,
983 514 1038 561 et
1067 506 1112 561 si
1177 522 1296 576 qua:
1337 507 1560 563 omnino
1600 508 1704 564 alia
1753 511 1954 580 impro-

375 587 562 647 bitatis
622 610 840 663 genera,
899 597 1074 652 tnista:
1129 608 1258 652 sunt
1289 601 1539 654 versutiae
1584 601 1952 670 aegritudines.

379 684 575 755 155a
607 686 674 738 At
716 697 999 755 postquam
1045 690 1127 760 (ut
1181 689 1292 758 jatn
1337 692 1497 760 paulo
1529 703 1655 747 ante
1685 692 1951 764 diximus)

376 789 476 842 per
505 778 873 843 deceptionetn
912 781 1072 834 homo
1106 797 1134 834 a
1169 782 1350 837 divina
1381 785 1585 838 excidit
1614 785 1952 855 cognitione,

375 875 430 919 et
478 867 545 920 ad
595 883 814 924 sensum
863 885 986 926 sese
1036 873 1254 942 penitus
1292 879 1584 938 convertit,
1619 889 1952 944 creaturam,

374 974 497 1026 quae
535 959 637 1013 sub
669 971 949 1031 aspectum
999 965 1166 1031 cadit,
1219 982 1316 1036 pro
1345 969 1450 1024 Deo
1495 972 1663 1039 coepit
1691 986 1952 1040 perverse

373 1067 692 1121 agnoscere,
743 1055 812 1107 ob
842 1055 1136 1111 utilitatem
1181 1060 1418 1124 scilicet,
1442 1074 1606 1130 quam
1633 1077 1700 1116 ex
1731 1077 1794 1116 ea
1831 1078 1954 1118 eor-

375 1157 476 1210 pus
521 1145 876 1212 percipiebat,
931 1156 1198 1204 creaturae
1249 1153 1429 1219 potius
1488 1168 1651 1222 quam
1702 1154 1950 1209 Creatori

371 1232 619 1288 serviens
647 1246 696 1289 ε.
747 1235 865 1301 Quo
895 1238 1113 1307 quidem
1163 1255 1392 1309 corpore
1421 1243 1786 1310 perniciosum
1823 1245 1951 1298 illttd

374 1325 686 1391 praestando
728 1328 1074 1398 obsequium,
1125 1333 1457 1408 voluptatem
1503 1335 1722 1390 assidue
1752 1338 1954 1391 sentie-

372 1414 489 1478 bat,
525 1418 1013 1491 vehementemque
1056 1423 1324 1491 dolorem,
1357 1426 1536 1496 reipsa
1571 1443 1787 1498 semper
1829 1430 1951 1485 ino-

371 1508 662 1564 bcdientite
711 1511 840 1566 illud
873 1514 1073 1584 lignum
1119 1515 1250 1571 boni
1287 1526 1343 1572 et
1381 1521 1508 1573 mali
1542 1524 1857 1590 comedens,
1895 1535 1948 1580 et

370 1601 682 1656 sensibilem
731 1604 831 1659 sibi
882 1608 1246 1676 cognitionem
1292 1609 1546 1666 alferens.
1605 1613 1786 1680 Qnare
1833 1617 1949 1671 lor-

372 1701 542 1755 tasse,
571 1693 662 1761 qui
698 1693 898 1766 lignum
945 1699 1072 1753 boni
1125 1710 1180 1754 et
1212 1702 1338 1756 mali
1378 1703 1602 1768 dixerit,
1635 1718 1945 1765 creaturam

369 1798 494 1840 esse
521 1787 812 1856 visibilem,
854 1805 886 1845 a
914 1807 1044 1847 vero
1085 1810 1193 1848 non
1237 1797 1535 1854 aberrabit.
1569 1799 1773 1858 Natura
1804 1807 1951 1860 enim

370 1876 487 1944 ipsa
534 1877 608 1933 ita
643 1892 1011 1949 comparatum
1052 1897 1158 1951 est,
1210 1898 1270 1942 ut
1314 1905 1446 1946 usus
1494 1893 1616 1962 ejus
1661 1896 1955 1966 voluptatis

369 1967 682 2041 dolorisque
713 1973 977 2032 alliciendi
1006 1979 1116 2032 vim
1141 1981 1357 2036 habeat.
1392 1983 1490 2040 Vel
1524 2001 1738 2042 rursum
1771 1990 1947 2056 :Quia

367 2068 425 2112 et
449 2061 763 2130 spirituales
796 2067 959 2123 habet
993 2071 1237 2128 rationes
1287 2077 1638 2145 aspectabilis
1669 2092 1943 2148 creatura,

2059 417 2159 471 καὶ,
2215 420 2351 488 πρὸς
2397 421 2498 490 τὴν
2543 422 2798 492 αἴσθησιν
2841 423 2966 488 ὅλος
3017 424 3064 455 ⁷³
3117 425 3473 496 ἐπιστραφεὶς
3525 427 3626 497 τὴν

2057 510 2392 580 φαινομένην
2424 512 2598 565 κτίσιν
2652 515 2733 576 είς
2775 514 2908 568 Θεὸν
2961 515 3370 586 παρεγνὼρισε,
3401 516 3490 570 διὰ
3526 519 3626 587 τὴν

2055 601 2151 653 ἀπ’
2181 600 2352 671 αὐτῆς
2387 603 2482 655 τοῦ
2535 601 2784 674 σώματος
2820 607 3010 676 χρείαν
3039 609 3105 678 τῇ
3137 607 3314 660 κτίσει
3353 607 3631 678 λατρεύων

2055 694 2208 764 παρὰ
2255 695 2345 749 τὸν
2377 695 2671 758 Κτίσαντα,
2731 699 2852 753 καθ’
2883 699 2912 752 ὅ
2962 700 3120 769 σῶμα
3167 701 3265 769 τὴν
3305 701 3632 771 φθοροποιὸν

2055 787 2321 839 ἐπιτελῶν
2349 787 2603 858 λατρείαν
2629 789 2822 859 ἡδονὴν
2848 787 2993 860 εἶχεν
3021 793 3107 844 ἀεὶ
3133 793 3226 845 καὶ
3253 793 3448 864 ὀδύνην
3477 795 3628 865 ἐνερ-

2054 878 2348 948 γουμένην,
2395 879 2592 933 ἐσθίων
2649 881 2736 934 ἀεὶ
2773 881 2835 932 τὸ
2879 882 2926 914 ⁷³
2972 882 3126 946 ξύλον
3175 886 3280 953 τῆς
3339 885 3629 954 παρακοῆς

2051 969 2147 1022 τοῦ
2173 970 2216 1000 ⁷⁸
2241 969 2409 1022 καλοῦ
2439 973 2532 1024 καὶ
2567 972 2740 1025 κακοῦ
2772 972 2860 1026 διὰ
2889 974 2989 1043 τῆς
3015 976 3212 1044 πείρας
3237 977 3282 1008 ⁷³
3315 975 3505 1046 αὐτῆς,
3533 978 3629 1030 καὶ

2053 1062 2196 1114 κατά
2225 1062 2325 1132 τὴν
2353 1061 2607 1132 αἴσθησιν
2629 1066 2888 1136 παρέχων
2904 1065 3003 1136 τὴν
3029 1067 3075 1097 ⁷⁸
3100 1068 3325 1134 γνῶσιν.
3359 1070 3467 1121 Καὶ
3488 1069 3630 1138 τάχα

2053 1151 2212 1217 ξύλον
2237 1149 2378 1208 εἶναι
2409 1153 2574 1206 καλοῦ
2599 1157 2694 1208 καὶ
2719 1157 2959 1227 πονηροῦ
2985 1158 3084 1227 τὴν
3108 1160 3442 1228 φαινομένην
3458 1161 3630 1213 εἰπὼν

2053 1244 2231 1299 κτίσιν
2260 1263 2343 1308 τις
2375 1247 2477 1299 οὐκ
2503 1246 2567 1299 ἂν
2593 1248 2828 1318 ἁμάρτοι
2852 1249 2952 1320 τῆς
2981 1249 3238 1319 ἀληθείας
3256 1268 3270 1284 ·
3298 1251 3491 1323 ἡδονῆς
3518 1255 3632 1324 γὰρ
3710 1259 3719 1267 “

2053 1339 2152 1393 καὶ
2194 1337 2372 1411 λύπης
2403 1341 2696 1411 ποιητικὴν
2741 1340 2856 1411 ἔχει
2886 1342 3130 1410 φυσικῶς
3163 1344 3260 1412 τὴν
3301 1346 3627 1417 μετάληψιν.

2057 1432 2128 1486 Ἢ
2148 1432 2329 1498 πάλιν,
2365 1433 2553 1502 ἐπειδὴ
2590 1434 2685 1486 καὶ
2734 1433 2924 1499 λόγους
2975 1434 3090 1504 ἔχει
3147 1437 3552 1504 πνευματικοὺς
3593 1439 3629 1508 ὴ

2049 1525 2304 1594 ὁρωμένη
2343 1524 2522 1587 κτίσις
2549 1523 2672 1576 νοῦν
2700 1523 2828 1595 [257
2852 1522 2946 1597 [1.]
2975 1525 3294 1594 τρέφοντας,
3333 1525 3429 1580 καὶ
3466 1526 3629 1580 δύνα-

2057 1633 2148 1686 μιν
2174 1616 2339 1669 πάλιν
2374 1618 2613 1688 φυσικὴν
2652 1616 2749 1688 τὴν
2787 1618 2887 1686 μὲν
2919 1618 3168 1689 αἴσθησιν
3200 1619 3511 1690 τέρπουσαν
3536 1620 3629 1675 τὸν

2051 1709 2109 1762 δὲ
2160 1709 2287 1764 νοῦν
2337 1710 2797 1783 διαστρέφουσαν,
2849 1712 2939 1767 διὰ
2991 1714 3153 1766 τοῦτο
3197 1711 3354 1779 ξύλον
3386 1715 3630 1783 γνωστὸν

2054 1806 2222 1860 καλοῦ
2275 1825 2336 1861 τε
2373 1808 2470 1862 καὶ
2535 1807 2707 1862 κακοῦ
2769 1810 3226 1880 προσηγορεύθη⁶
3285 1809 3478 1864 παθῶν
3518 1809 3632 1881 γὰρ

2052 1899 2263 1967 γίνεται
2290 1898 2608 1963 διδάσκαλος
2633 1900 2748 1962 τοῖς
2784 1901 3113 1970 σωματικῶς
3140 1900 3311 1972 αὐτῆς
3349 1900 3632 1972 μεταλαμ-

2055 1992 2298 2046 ϐάνουσι.
2333 1990 2425 2044 Διὸ
2449 1991 2612 2063 τυχὸν
2639 1993 2736 2046 καὶ
2770 1991 2849 2062 τῷ
2887 1992 3162 2064 ἀνθρώπῳ
3187 1992 3286 2064 τὴν
3328 1993 3631 2064 μετάληψιν

2053 2083 2225 2152 αὐτῆς
2249 2086 2277 2138 ὁ
2303 2084 2435 2148 Θεὸς
2455 2083 2808 2156 ἀπηγόρευσε
2828 2085 2985 2148 τέως,
3005 2085 3095 2138 ἵνα
3129 2086 3416 2155 πρότερον,
3438 2085 3631 2155 ὥσπερ

366 2167 489 2244 qua:
532 2166 766 2212 mentem
809 2161 1058 2218 nutriunt
1089 2181 1104 2218 :
1156 2177 1210 2220 et
1242 2169 1434 2224 iterum
1470 2172 1583 2243 (22)
1616 2174 1724 2229 vim
1755 2192 1948 2244 quam-

2052 2171 2121 2247 ἦν
2152 2175 2383 2240 δίκαιον,
2423 2175 2511 2230 διὰ
2557 2179 2657 2245 τῆς
2701 2179 2758 2229 ὲν
2797 2176 2982 2247 χάριτι
3035 2176 3267 2246 μετοχῆς
3299 2177 3398 2246 τὴν
3420 2177 3630 2229 οἰκείαν

367 2241 491 2296 dam
533 2247 866 2313 naturalem,
907 2267 1028 2320 qua:
1057 2268 1277 2310 sensum
1305 2241 1525 2328 quidem
1563 2241 1818 2333 delectat,
1851 2269 1945 2323 sed

2052 2269 2307 2336 ἐπιγνοὺς
2329 2268 2510 2321 αἰτίαν
2544 2267 2639 2321 καὶ
2671 2267 2771 2338 τὴν
2819 2267 3002 2338 χάριτι
3028 2267 3274 2320 δοθεῖσαν
3301 2267 3623 2333 ἀθανασίαν,

367 2344 606 2389 mentem
657 2343 937 2409 pervertit,
973 2358 1258 2414 propterea
1290 2349 1496 2420 lignum
1539 2357 1784 2414 scientiae
1815 2360 1941 2415 boni

2051 2360 2140 2414 διὰ
2188 2363 2289 2429 τῆς
2321 2359 2582 2428 τοιαύτης
2637 2359 2990 2430 μεταλήψεως
3028 2357 3168 2430 πρὸς
3213 2358 3484 2412 ἀπάθειαν
3531 2361 3630 2412 καὶ

365 2432 420 2477 et
465 2425 588 2481 mali
624 2427 736 2482 ham
766 2440 849 2486 est
880 2437 1168 2504 appellata.
1212 2439 1533 2498 Passionum
1568 2451 1715 2502 enim
1767 2453 1940 2522 magi-

2051 2425 2319 2522 ἀτρεψίαν
2358 2425 2669 2523 στομώσας,
2701 2451 2778 2514 ὡς
2817 2425 2952 2515 Θεὸς
2992 2425 3094 2522 ἤθη
3129 2455 3196 2522 τῇ
3245 2449 3439 2504 θεώσει
3467 2450 3626 2518 γενό-

366 2524 478 2568 stra
517 2515 576 2570 lit
610 2519 676 2574 iis
702 2522 796 2590 qui
822 2525 942 2594 ejus
979 2539 1190 2595 partem
1228 2532 1464 2602 aliquam
1495 2551 1761 2608 corporeo
1789 2515 1948 2599 modo

2054 2515 2214 2614 μενος
2245 2545 2382 2614 μετά
2403 2515 2637 2597 Θεοῦτά
2656 2515 2754 2596 τοῦ
2779 2542 2916 2596 Θεοῦ
2940 2515 3300 2612 διασκέψηται
3326 2515 3620 2610 κτίσματα,

366 2605 659 2676 accipiunt.
691 2612 828 2669 Hinc
856 2615 997 2673 forte
1025 2629 1083 2674 et
1112 2623 1317 2678 homini
1353 2626 1515 2695 Deus,
1557 2605 1625 2686 ne
1655 2632 1818 2702 hujus
1846 2636 1942 2691 lie-

2053 2605 2221 2707 μηδὲν
2245 2605 2343 2690 ύτθ
2390 2636 2573 2690 αὐτῶν
2614 2605 3270 2706 παραϐλαπτόμενοξκαὶ
3297 2634 3398 2703 τὴν
3443 2605 3626 2687 αὐτῶν

369 2706 454 2750 ret
493 2701 766 2770 particeps
804 2719 963 2764 antea
1002 2711 1324 2772 interdixit:
1360 2727 1419 2774 ut
1460 2722 1615 2790 prius
1651 2723 1817 2797 (quod
1849 2745 1946 2798 par

2051 2701 2398 2802 ἀναλήψηται
2426 2730 2628 2800 γνῶσιν
2673 2701 2750 2792 ῶς
2775 2729 2958 2799 χάριτι
2986 2701 3119 2790 Θεὸς
3143 2726 3240 2781 καὶ
3278 2701 3381 2780 οὐκ
3411 2726 3627 2798 ἀνθρω-

366 2790 509 2859 erat)
556 2808 652 2861 per
685 2799 876 2866 gratiae
919 2805 1391 2874 participationem
1439 2790 1823 2887 proprio"ipse
1849 2790 1946 2875 'c0_
2049 2842 2173 2889 πος.
2214 2790 2254 2802 ..
2291 2790 2304 2802 .
2437 2790 2450 2800 .
2732 2790 2742 2792 _

369 2881 520 2948 guito
546 2897 770 2944 auctore
795 2907 902 2946 una
933 2909 1058 2948 cum
1123 2899 1296 2966 gratis
1355 2881 1627 2972 intpartita
1667 2881 2098 2984 immortalitate,
2133 2881 2244 2988 per
2295 2921 2434 2972 hanc
2494 2911 2964 2984 participationem
3025 2915 3092 2966 ad
3161 2912 3509 2966 indolentiam
3570 2919 3629 2967 et

369 2970 867 3036 itnmutabilitatem
921 2985 1185 3053 lirmatus,
1232 3007 1297 3047 ac
1324 2970 1472 3051 velut
1502 2999 1644 3056 Deus
1670 3001 1786 3072 jam
1823 3022 1918 3077 per
1974 2970 2368 3066 deilicartionem
2403 3009 2599 3069 factus.
2653 3021 2776 3062 cum
2834 3005 2944 3082 DeO
3009 3007 3464 3074 contemplaretur
3529 3004 3623 3062 Dei

370 3075 677 3131 creaturas,
711 3073 967 3144 nulloque
1026 3079 1095 3134 ab
1126 3080 1190 3136 iis
1234 3095 1457 3153 accepto
1484 3073 1836 3150 detrimento-
1871 3113 2058 3155 earum
2088 3102 2454 3172 cognitionem
2517 3111 2968 3172 consequeretur;
3042 3100 3195 3168 quasi
3253 3099 3394 3155 Deus
3455 3098 3626 3154 nimi-

371 3169 491 3208 rum
534 3157 731 3228 aliquis
770 3179 869 3232 per
905 3168 1160 3237 gratiam,
1198 3188 1304 3226 non
1350 3176 1512 3232 homo
1553 3180 1802 3239 aﬂ'ectus.

443 3248 569 3306 Haec
597 3263 653 3306 et
687 3255 795 3310 alia
810 3259 1112 3315 consimilia
1155 3264 1207 3317 in
1245 3271 1512 3335 prooemio
1537 3273 1948 3346 philosophatus

2125 3278 2312 3334 Ταῦτα
2332 3279 2426 3332 καὶ
2447 3279 2674 3332 τοιαῦτα
2703 3279 2748 3310 ’⁷⁷
2785 3279 2844 3331 ἐν
2875 3279 3188 3348 προοιμίοις
3228 3278 3624 3350 φιλοσοφήσας,

369 3348 539 3407 atque
589 3343 863 3412 pollicitus
895 3348 1070 3419 (quasi
1115 3364 1264 3409 esset
1294 3357 1424 3414 alibi
1456 3343 1948 3429 perfectius‘accu-

371 3433 654 3504 ratiusque
700 3438 770 3492 de
813 3438 879 3494 iis
927 3452 1174 3507 acturus,
1218 3462 1283 3502 ac
1333 3453 1611 3520 proprium
1647 3457 1694 3510 ei
1730 3463 1949 3530 negotio

372 3533 664 3582 tractatum
714 3530 1134 3607 destinaturus).
1185 3540 1651 3613 interrogationes
1692 3549 1949 3622 deinceps

369 3613 880 3691 liesponsionesque
918 3629 1230 3695 aggreditur
1267 3649 1283 3687 :
1316 3647 1544 3702 quarum
1574 3640 1749 3708 prima
1795 3613 1948 3712 qua:-

368 3710 478 3764 slio
519 3722 641 3769 est:
676 3714 817 3782 Quid
859 3718 990 3781 illud
1025 3723 1298 3791 signiticet
1331 3743 1346 3779 :
1397 3725 1563 3783 Pater
1595 3747 1743 3787 meus
1792 3710 1947 3793 modo

369 3814 618 3856 oneratur
642 3803 691 3858 δ.
727 3805 912 3864 Altera
957 3811 1021 3864 de
1066 3811 1182 3876 illo,
1226 3817 1316 3882 qui
1375 3817 1426 3871 in
1485 3819 1783 3892 Evangelia
1827 3843 1946 3881 ant-

367 3893 597 3960 phoram
626 3911 779 3965 aqua:
810 3899 1016 3969 bajulat
1040 3912 1088 3956 ο.
1113 3905 1299 3959 Tertia
1329 3908 1396 3962 de
1439 3911 1529 3967 illo
1556 3930 1571 3967 :
1619 3914 1798 3972 Nolite
1819 3936 1946 3987 pos-

368 3985 539 4039 sidere
569 3988 704 4043 duas
735 3992 943 4046 tunicas
956 3992 1006 4048 ἀ.
1033 3993 1123 4052 IV.
1153 3999 1227 4052 De
1258 3999 1540 4056 maledicta
1568 4015 1711 4060 terra
1742 4009 1795 4062 in
1819 3985 1947 4078 ope-

369 4077 520 4133 ribus
570 4081 741 4136 Adam
777 4095 824 4140 ο.
860 4083 929 4141 ν.
961 4086 1037 4142 De
1069 4088 1203 4145 illo:
1251 4092 1355 4156 Qui
1392 4108 1548 4151 natus
1585 4107 1662 4152 est
1709 4117 1773 4154 ea:
1799 4077 1944 4170 Deo,

364 4179 638 4234 peccatum
693 4189 796 4226 non
839 4174 962 4244 fecit
993 4177 1038 4231 ί.
1092 4178 1179 4233 Vl.
1230 4181 1305 4236 De
1347 4183 1485 4239 illo:
1543 4184 1659 4241 Hoc
1718 4191 1856 4244 enim
1895 4202 1945 4246 et

367 4263 590 4317 mortuis
611 4266 1024 4335 eaangelizatnm
1041 4282 1114 4326 est
1131 4275 1176 4329 ε.
1202 4274 1392 4346 1551)
1417 4277 1527 4334 VII.
1547 4279 1624 4335 De
1649 4281 1742 4336 illo
1769 4283 1945 4339 :Deus

369 4351 466 4406 tua:
483 4367 558 4407 est
591 4355 644 4408 ιι.
677 4355 816 4412 Vlll.
849 4360 922 4414 Dc
956 4361 1047 4417 illo
1080 4364 1397 4432 :Quoutodo
1416 4367 1622 4443 [Nunc]
1647 4389 1827 4426 sumus
1845 4376 1944 4442 ﬁlii

367 4444 490 4511 Dei,
535 4457 590 4502 et
621 4454 898 4520 quomodo
932 4467 1050 4523 post
1096 4459 1210 4512 haec
1255 4460 1460 4515 erimus
1488 4461 1532 4518 ί.
1578 4463 1669 4518 IX.
1701 4464 1778 4519 De
1811 4468 1940 4522 illo:

371 4539 479 4604 Qui
523 4542 699 4608 timet,
758 4561 861 4598 non
904 4558 977 4600 est
1002 4549 1259 4617 perfectus
1309 4551 1363 4605 in
1411 4553 1691 4608 dilectione
1722 4555 1768 4612 i.
1822 4558 1938 4613 Et:

2051 3370 2148 3425 καὶ
2201 3369 2667 3440 ἐπαγγειλάμενος
2707 3370 2784 3432 ὡς
2833 3371 2890 3423 ὲν
2923 3369 3131 3439 ἑτέροις
3179 3369 3514 3439 τελειότερόν
3563 3388 3626 3424 τε

2051 3462 2144 3516 καὶ
2167 3461 2560 3532 ἀκριϐέστερον
2588 3462 2718 3532 περὶ
2745 3461 2925 3514 αὐτῶν
2970 3460 3320 3531 ὲπισκέῲοιτο
3367 3463 3465 3516 καὶ
3519 3463 3628 3536 ἰδία

2049 3555 2408 3626 πραγματείᾳ
2435 3554 2535 3626 τὴν
2564 3555 2697 3624 περὶ
2745 3553 2924 3607 αὐτῶν
2957 3554 3177 3622 ἁφοριεῖ
3210 3555 3624 3624 πραγματείαν,

2050 3647 2249 3718 ἐφεξῆς
2289 3647 2398 3702 τῶν
2455 3649 2779 3720 ἐρωτήσεων
2825 3647 2918 3700 καὶ
2969 3645 3314 3718 ἀποκρίσεων
3368 3646 3624 3702 ἅπτεται.

2049 3732 2151 3791 Ὧν
2179 3737 2398 3809 πρῶτον
2431 3739 2653 3810 ζήτημα
2707 3738 2836 3809 περὶ
2869 3736 2964 3790 τοῦ
3005 3737 3059 3790 τί
3090 3738 3367 3808 σημαίνει⁶
3409 3738 3472 3792 Ὀ
3503 3741 3626 3792 Πα-

2047 3829 2160 3898 τήρ
2213 3846 2332 3899 μου
2381 3828 2493 3895 ἕως
2521 3828 2652 3896 ἄρτι
2679 3825 2997 3897 ἐργάζεται.
3031 3826 3085 3878 B'
3127 3827 3259 3898 περὶ
3280 3827 3400 3860 ⁷⁸⁸⁷⁸
3424 3827 3519 3879 τοῦ
3565 3827 3627 3880 ἐν

2046 3921 2124 3990 τῷ
2170 3919 2486 3992 Εύαγγελίῳ
2529 3919 2592 3974 τὸ
2651 3919 2914 3991 κεράμιον
2941 3919 3037 3972 τοῦ
3100 3918 3292 3982 ὓδατος
3331 3918 3628 3989 βαστάζον-

2042 4029 2156 4074 τος.
2185 4012 2239 4065 I"
2265 4012 2395 4082 περὶ
2421 4012 2538 4078 τοῦ,
2593 4010 2689 4079 Μὴ
2749 4011 3059 4079 κτήσησθε
3079 4010 3126 4043 ⁸⁸
3180 4010 3290 4064 δύο
3345 4009 3619 4074 χιτῶνας.

2045 4109 2099 4158 Δ¹
2124 4105 2254 4175 περὶ
2281 4107 2383 4175 τῆς
2417 4103 2820 4173 καταραθείσης
2864 4103 2970 4172 γῆς
3021 4105 3080 4156 ἐν
3131 4105 3242 4165 τοῖς
3287 4102 3469 4174 ἔργοις
3525 4101 3623 4156 τοῦ

2059 4197 2249 4267 Ἀδάμ.
2291 4197 2345 4250 E’
2398 4197 2529 4268 περὶ
2583 4195 2701 4263 τοῦ,
2759 4197 2812 4250 '0
2867 4195 3306 4265 γεγεννημένος
3385 4196 3453 4250 ἐκ
3511 4194 3622 4249 τοῦ

2047 4289 2197 4344 Θεοῦ
2225 4290 2517 4359 ἁμαρτίαν
2543 4291 2614 4344 οὐ
2634 4288 2807 4342 ποιεῖ.
2837 4287 2910 4355 ς’
2937 4288 3066 4358 περὶ
3092 4287 3208 4352 τοῦ,
3234 4289 3336 4354 Eli;
3366 4287 3412 4319 ⁸¹
3444 4287 3622 4340 τοῦτο

2042 4381 2157 4452 γὰρ
2205 4383 2303 4434 καὶ
2350 4380 2585 4450 νεκροῖς
2641 4379 3066 4448 εὐηγγελίσθη.
3112 4380 3163 4430 Z'
3193 4380 3323 4449 περὶ
3375 4378 3471 4430 τοῦ
3497 4419 3512 4443 ,
3564 4377 3620 4430 '0

2047 4473 2192 4537 Θεὸς
2243 4470 2370 4541 φῶς
2412 4472 2601 4527 ἐστιν.
2632 4473 2693 4526 Η⁹
2732 4472 2864 4542 περὶ
2917 4471 3012 4524 τοῦ
3071 4471 3186 4534 πῶς
3253 4473 3421 4540 ἐσμεν
3458 4469 3624 4523 τέκνα

2046 4560 2182 4614 Θεοῦ
2211 4562 2306 4616 καί⁸
2332 4562 2452 4626 πῶς
2477 4564 2525 4594 ⁸⁸³
2561 4561 2702 4632 μετὰ
2761 4560 2935 4614 ταῦτα
2965 4560 3220 4630 ἐσόμεθα.
3255 4560 3310 4612 Θ¹
3341 4560 3469 4630 περὶ
3525 4559 3623 4612 τοῦ

371 4628 499 4686 Νυη
533 4642 614 4687 εει
654 4635 832 4703 inopia
863 4638 1157 4695 timentibus
1183 4659 1302 4695 eum
1329 4643 1376 4700 Ιι.
1424 4643 1492 4698 Χ.
1525 4644 1658 4712 Quis
1683 4647 1760 4702 illi
1791 4650 1942 4717 prin-

2051 4651 2196 4718 πῶς,
2267 4652 2332 4706 Ὃ
2406 4626 2776 4722 99060511377);-
2840 4653 2913 4707 οὺ
2984 4626 3353 4705 τετελείωται
3416 4626 3493 4705 ⁷ἐν
3546 4649 3624 4718 τῇ

439 4825 466 4852 ει
496 4813 737 4902 ἤρων,
907 4817 934 4858 δ
961 4820 1118 4902 Joan.
1159 4838 1211 4889 ν,
1249 4825 1349 4902 i7;
1405 4836 1426 4865 ε
1460 4825 1631 4902 Marc.
1675 4846 1787 4896 κιν,
1814 4832 1938 4902 71:5;

2053 4849 2102 4889 c.
2140 4851 2230 4902 xx,
2281 4835 2368 4889 10.
2446 4835 2472 4875 d
2509 4835 2699 4889 Matth.
2755 4853 2810 4899 κ,
2848 4836 2944 4900 1ος
2985 4833 3118 4889 Luc.
3150 4849 3226 4897 Ix,
3262 4832 3315 4886 '5.

367 4898 454 4973 ιιι,
485 4884 627 4973 l7.“
669 4885 689 4924 ί
721 4885 741 4939 ι
772 4887 930 4944 Joatt.
959 4906 1040 4957 ιιι,
1069 4892 1122 4946 9.
1199 4884 1241 4942 ’8
1273 4895 1461 4953 lPetr.
1490 4914 1564 4968 tv,
1603 4901 1660 4956 6.
1751 4884 1830 4955 ¹πίΙ
1860 4884 1948 4958 Joa

2055 4921 2092 4973 ι,

367 4967 566 5020 nxttt,
595 4955 646 5012 9.

3407 4842 3430 4870 θ
3459 4829 3598 4880 Gen.

2303 4835 2368 4889 κθ.
2446 4835 2472 4875 d
2509 4835 2699 4889 Matth.
2755 4853 2810 4899 κ,
2848 4836 2944 4900 1ος
2985 4833 3118 4889 Luc.
3150 4849 3226 4897 ιχ,
3262 4833 3315 4886 '5.
3407 4842 3430 4870 θ
3459 4833 3617 4891 Gem,

2303 4907 2318 4946 ί
2355 4903 2557 4960 lJoau.
2601 4921 2681 4971 ιιι,
2707 4905 2763 4960 2.
2856 4904 2869 4954 i
2913 4907 2928 4960 Ι
2967 4905 3124 4959 Joan.
3161 4920 3234 4967 tv,
3271 4903 3353 4958 18.
3416 4902 3443 4941 ιι
3477 4899 3618 4952 Paul.

1663 5129 1896 5186 VABlIE
1935 5129 2320 5188 LECTIONES

443 5251 486 5284 ⁷³
511 5247 647 5312 ὅλως
678 5265 738 5312 ς’.
813 5247 860 5279 ⁷³
883 5247 944 5300 τὸ
977 5247 1103 5303 add.
1133 5251 1197 5304 A.
1283 5251 1330 5282 “
1355 5250 1473 5324 τοῦ]
1500 5253 1560 5306 τὸ
1603 5253 1668 5306 Α.
1743 5252 1791 5284 ⁷⁸
1832 5250 2025 5322 πείρας
2053 5252 2097 5304 Α
2128 5265 2142 5303 :
2181 5253 2408 5323 πορείας
2431 5270 2493 5316 ς.

443 5318 592 5392 Labra
645 5337 706 5383 ς.
770 5391 773 5392 ν
850 5320 968 5352 ⁷⁸⁸⁷⁸
1018 5329 1144 5376 ante
1191 5320 1320 5392 περὶ
1375 5339 1496 5377 cum
1533 5325 1579 5378 A
1631 5323 1790 5378 omisi
1849 5323 1927 5375 δέ.
2021 5322 2068 5354 ⁸ο
2099 5322 2395 5392 κτήσασθαι
2424 5325 2492 5377 A.

368 5318 592 5372 τοιαῦτα
645 5337 706 5383 ς.

850 5320 968 5352 ποτε
1018 5329 1144 5376 ante
1191 5320 1320 5392 περὶ
1375 5320 1496 5377 cum
1533 5325 1579 5378 A
1631 5323 1790 5378 omisi
1849 5323 1927 5375 δέ.

369 5389 416 5424 ⁸⁸
454 5388 570 5451 πῶς
603 5393 726 5445 add.
751 5391 817 5446 Α.

2584 5252 2631 5282 τε
2662 5251 2761 5318 τὴν
2783 5261 2837 5306 ει
2865 5249 2950 5307 19,
2982 5266 3040 5301 τε
3061 5250 3183 5304 add.
3213 5252 3300 5318 At
3354 5248 3400 5280 ”
3434 5249 3524 5302 καὶ
3553 5247 3624 5318 τ’γά

2597 5321 2640 5352 ⁸¹
2701 5317 2778 5383 εἰς
2809 5324 2929 5376 add.
2963 5321 3027 5375 A.
3079 5319 3151 5374 cl.
3210 5322 3230 5374 l
3279 5317 3510 5387 PBII‘JV,
3563 5317 3619 5375 6.

1901 5545 2126 5600 ΝΟΤίΕ.

448 5663 560 5737 (22)
594 5667 852 5739 Expuugo
891 5685 1011 5739 qua:
1058 5669 1159 5724 hoc
1209 5669 1327 5724 loco
1369 5669 1419 5722 itt
1453 5678 1595 5724 textu
1628 5668 1816 5722 Gnaeo
1845 5666 2032 5719 vitiose
2065 5676 2400 5733 repetuntur,
2442 5680 2598 5719 voces
2629 5661 2913 5732 pauculas.
