4030 6248
360 359 462 426 641
1449 361 1972 424 ΒΙΒῙᾸΟΤΗΕΕΑ.

2059 387 2078 396 -
2114 361 2277 421 COD.
2305 362 2530 423 CXCII.
3515 364 3620 428 642

355 471 578 541 ἀγάπῃ,
606 470 721 536 καὶ,
751 467 872 526 Οὐκ
927 470 1101 526 ἐστιν
1132 470 1440 542 ὑστέρημα
1495 473 1621 538 τοῖς
1645 473 1940 541 φοϐουμέ·
1973 524 1975 531 .

2059 473 2258 541 cipatus
2293 473 2478 537 fuerit,
2509 486 2670 542 quem
2716 485 2825 526 non
2869 473 3143 527 servarint
3179 475 3379 543 angeli,
3407 485 3462 530 et
3495 494 3620 549 quae

353 577 485 628 νοις
505 562 709 616 αὐτόν.
742 565 777 616 l'
810 565 938 634 περὶ
979 565 1077 618 τοῦ
1119 563 1200 626 τίς
1266 565 1461 635 ἡάρχὴ
1516 565 1624 619 τῶν
1663 565 1736 635 μὴ
1765 579 1935 634 τηρη-

2059 563 2156 619 illis
2202 573 2554 618 reservantur
2591 561 2634 615 ι.
2695 562 2788 616 XI.
2832 563 2963 628 Quae
3005 565 3077 617 sit
3127 564 3217 619 illa
3269 580 3366 635 per
3395 581 3620 622 carnem

365 655 582 707 σάντων
631 656 800 722 αὐτὴν
835 656 1103 724 ἀγγέλων,
1135 657 1228 708 uati.
1268 657 1369 709 ὅσα
1405 657 1587 719 αὐτοῖς
1618 656 1929 708 ἀπόκειται.

2059 655 2438 710 commaculata
2473 657 2653 708 tunica
2688 665 2750 707 ιιι.
2787 655 2902 709 XII.
2940 655 3078 722 Quid
3119 656 3244 709 illud
3276 676 3290 710 :
3327 656 3622 712 Invisibilia

362 749 450 802 ΙΝ
477 747 561 810 τις
587 748 617 798 ὁ
649 748 756 800 ἀπὸ
813 747 916 817 τῆς
972 750 1173 817 σαρκὸς
1206 748 1577 817 ἐσπιλωμένος
1649 747 1835 818 χιτών.
1871 745 1939 800 ΙΒ

2059 749 2187 802 enim
2244 747 2410 814 ipsius
2455 763 2487 800 a
2527 757 2774 799 creatura
2827 745 3031 809 mundi,
3078 762 3171 814 per
3191 763 3251 799 ea
3287 763 3403 817 qua:
3444 757 3625 802 creata

357 838 413 891 τι
433 838 570 903 ἐστι,
602 838 678 892 Τὰ
734 842 845 908 γήρ
880 839 1102 906 ἀόρατα
1133 840 1320 894 αὐτοῦ
1357 839 1476 894 ἀπὸ
1542 839 1794 906 κτίσεως
1841 841 1942 893 κό-

2059 849 2177 894 sunt
2243 839 2512 892 intellecta
2562 837 2958 906 conspiciuntur
3004 847 3055 892 ιι.
3108 837 3248 892 XIII.
3302 837 3438 904 Quid
3493 839 3624 892 illud

359 941 520 997 σμου
542 929 669 995 τοῖς
696 930 988 999 ποιήμασι
1016 931 1062 962 ⁸³
1092 933 1390 1000 νοούμενα
1409 930 1748 999 καθορᾶται.
1783 931 1861 983 II"
1884 930 1937 984 τί

2059 930 2245 985 ibidem
2286 947 2300 984 :
2345 928 2636 984 Coluerunt
2675 937 2726 982 et
2765 930 3049 982 servierunt
3111 940 3369 984 creatura!
3429 931 3623 999 potius,

359 1021 498 1084 ἐστι,
534 1019 645 1073 Καὶ
679 1019 1054 1088 ἐλάτρευσαν
1103 1021 1176 1091 τῇ
1207 1024 1407 1076 κτίσει
1458 1022 1618 1090 παρὰ
1668 1021 1775 1076 τὸν
1806 1022 1941 1076 Κτί-

2059 1037 2198 1091 yuam
2245 1019 2488 1076 Creatori
2505 1027 2608 1073 σοι).
2644 1018 2785 1074 XIV.
2844 1021 2918 1074 De
2945 1020 3038 1075 illo
3080 1039 3095 1075 :
3128 1020 3270 1074 Nam
3307 1022 3627 1090 incorrupti-

361 1129 580 1170 σαντα.
622 1111 700 1166 ΙΔ¹
729 1115 859 1184 περὶ
912 1114 1040 1181 τοῦ,
1073 1115 1150 1171 Τὸ
1190 1118 1300 1187 γὰρ
1338 1116 1641 1186 ἄφθαρτον
1708 1113 1943 1184 πνεῦμά

2059 1111 2164 1166 iilis
2224 1112 2444 1183 spiritus
2499 1122 2620 1165 tuus
2663 1121 2739 1166 est
2795 1113 2848 1165 in
2897 1111 3010 1182 (55)
3059 1112 3316 1167 omnibus.
3369 1111 3484 1166 XV.
3554 1114 3627 1166 De

362 1204 479 1256 σού
531 1204 704 1257 ἐστιν
724 1204 793 1256 ἐν
814 1204 985 1261 πᾶσι.
1013 1205 1095 1260 IE’
1128 1208 1258 1278 ιπερῖ⁹
1295 1207 1389 1260 τοῦ
1414 1209 1473 1260 ἐν
1507 1210 1571 1278 τῇ
1605 1207 1798 1278 ἐρήμῳ
1836 1224 1945 1276 χω-

363 1295 645 1356 νευθέντος
701 1296 924 1366 μόσχου.
958 1298 1055 1366 1C."
1106 1299 1233 1369 περὶ
1283 1298 1377 1352 τοῦ
1402 1299 1636 1368 ἀγγέλου
1665 1299 1760 1353 τοῦ
1790 1300 1944 1352 ἀπει-

363 1384 631 1454 λήσαντος
673 1386 901 1441 θάνατον
929 1389 1008 1460 τῷ
1040 1390 1229 1442 Μωσεῖ
1274 1391 1331 1444 ἐν
1363 1393 1431 1461 τῆ
1485 1391 1590 1460 ὁδῷ
1647 1390 1942 1458 Αἰγύπτου.

367 1478 448 1529 IZ'
476 1478 607 1549 περὶ
635 1477 754 1541 τοῦ,
782 1478 832 1531 εί
884 1479 933 1532 οἱ
987 1481 1209 1551 ποιηταὶ
1251 1479 1348 1534 τοῦ
1373 1483 1538 1552 νόμου
1561 1483 1946 1554 δικαιωθήσον·

365 1585 486 1634 ται,
528 1568 645 1632 πῶς
696 1571 744 1623 οἱ
797 1571 872 1624 Εν
930 1571 1080 1643 νόμῳ
1129 1573 1496 1645 δικαιούμενοι
1555 1576 1656 1644 τῆς
1724 1577 1946 1647 χάριτος

369 1661 914 1735 ἐκπίπτουσιν;[500
971 1663 1062 1737 IL]
1106 1663 1194 1719 IH'
1241 1665 1295 1720 τί
1350 1667 1531 1733 ἐστιν,
1588 1667 1755 1722 Ὅσοι
1804 1668 1946 1722 ἀνό-

364 1768 494 1822 μως
509 1752 797 1822 ἥμαρτον,
829 1755 1065 1824 ἀνόμως
1088 1757 1184 1810 καὶ
1202 1755 1592 1812 ἀπολοῦνται.
1613 1757 1692 1810 ΙΘ¹
1721 1756 1776 1809 τί
1804 1759 1951 1811 ἐστιν

369 1845 406 1914 ἡ
443 1843 770 1915 ξηρανθεῖσα
819 1849 879 1900 ὲν
938 1846 1016 1918 τῷ
1083 1848 1398 1919 Εὐαγγελίῳ
1478 1849 1641 1918 συκῆ,
1707 1851 1804 1902 καὶ
1852 1850 1951 1902 ὅσα

371 1937 502 2005 περὶ
535 1935 738 2008 αὑτήν;
770 1937 832 1990 Κ⁸
859 1939 1110 2009 περὶτοῦ
1162 1939 1216 1993 τί
1277 1939 1447 2006 ἐστιν,
1506 1940 1954 2010 Ἕκδυσάμενος

371 2030 480 2094 τὰς
507 2031 698 2100 ἀρχὰς
720 2032 820 2086 καὶ
845 2032 952 2100 τὰς
973 2034 1281 2102 ἐξουσίας,
1298 2037 1390 2088 καὶ
1416 2035 1540 2104 est];
1558 2037 1625 2100 ⁸⁵,
1656 2039 1749 2089 καὶ
1784 2037 1896 2100 πῶς
1926 2035 1955 2088 ὁ

375 2123 504 2193 μηδ’
557 2123 694 2187 ὅλως
741 2123 1104 2195 ἐνδυσάμενος
1152 2126 1436 2195 ἐκδύεται;
1487 2123 1598 2180 KA'
1654 2128 1703 2179 sl
1741 2128 1798 2181 ἐν
1835 2129 1950 2190 τοῖς

2042 1204 2214 1259 vitulo
2249 1218 2411 1273 quem
2444 1204 2496 1257 in
2526 1205 2746 1258 deserto
2777 1202 3204 1257 (:onllaruntq-l'.
3251 1202 3385 1258 χιιι.
3421 1203 3495 1258 De
3527 1220 3626 1256 an-

2046 1294 2165 1363 gelo
2217 1304 2447 1347 mortem
2482 1293 2828 1346 minitantem
2862 1290 2999 1345 Mosi
3035 1293 3086 1344 in
3116 1293 3307 1346 itinere
3329 1290 3542 1362 IEgypti
3576 1300 3624 1346 ³.

2049 1384 2211 1442 XVII.
2265 1386 2340 1441 De
2387 1387 2479 1441 illo
2518 1404 2533 1440 :
2571 1385 2632 1440 Si
2675 1385 2902 1455 factores
2947 1384 3072 1454 legis
3097 1384 3534 1453 justiﬁcabuutur
3582 1385 3624 1438 ι.

2049 1479 2332 1547 Quomodo
2367 1479 2455 1547 qui
2498 1478 2616 1548 (54)
2668 1479 2720 1532 in
2757 1477 2876 1547 lege
2903 1475 3292 1546 justiﬁeautur,
3325 1475 3496 1546 gratia
3526 1490 3624 1529 ex-

2050 1572 2258 1627 cidunt.
2292 1569 2482 1625 XVIII.
2536 1571 2672 1637 Quid
2704 1579 2788 1623 est
2823 1587 2836 1624 :
2874 1569 3182 1635 Quicunque
3211 1570 3320 1621 sine
3365 1568 3473 1637 lege
3505 1584 3627 1635 pec-

2050 1673 2320 1726 caverunt,
2352 1665 2464 1716 sine
2501 1662 2609 1732 lege
2655 1664 2815 1716 etiam
2856 1660 3098 1728 peribunt
3139 1671 3189 1714 ιι.
3234 1659 3379 1714 XIX.
3403 1659 3546 1725 Quid
3574 1659 3628 1714 in

2053 1754 2345 1823 Evangelio
2384 1755 2457 1807 sit
2509 1755 2643 1808 licus
2689 1753 2952 1817 arefacta,
2998 1760 3052 1806 et
3101 1766 3220 1821 quae
3263 1753 3328 1804 ad
3363 1765 3479 1803 eam
3505 1765 3626 1818 spe-

2051 1853 2203 1899 ctant
2230 1852 2280 1898 ν.
2313 1842 2436 1898 XX.
2473 1843 2547 1898 De
2595 1843 2686 1896 illo
2716 1860 2730 1896 :
2760 1840 3083 1912 Emspolians
3109 1841 3434 1909 principatus
3455 1848 3504 1894 et
3533 1856 3630 1909 po-

2055 1951 2264 1994 testates
2315 1921 2404 2006 ι,’
2442 1948 2496 1994 et
2546 1938 2775 2007 reliqua.
2819 1937 2885 1992 Et
2933 1936 3204 2005 quomodo
3246 1935 3485 2001 exuitur,
3537 1933 3630 2002 qui

2054 2046 2403 2100 nequaquam
2447 2030 2665 2084 induit?
2694 2028 2838 2082 XXI.
2877 2027 2932 2082 Si
2959 2025 3226 2099 [demum]
3257 2025 3468 2079 smculis
3500 2037 3633 2077 veno

2066 2126 2204 2178 turis
2237 2124 2379 2178 Deus
2410 2121 2662 2178 ostendet
2696 2121 2915 2175 divitias
2948 2119 3209 2174 bonitatis
3258 2133 3368 2174 suae
3399 2127 3449 2183 3‘,
3491 2132 3630 2188 quo-

371 2215 538 2270 αἰῶσι
578 2219 692 2280 τοῖς
741 2217 1130 2288 ἐπερχομένοις
1179 2219 1208 2273 ὁ
1237 2219 1368 2282 Θεὸς
1395 2219 1554 2284 δείξει
1597 2219 1689 2273 τὸν
1725 2218 1954 2272 πλοῦτον

2059 2215 2216 2268 modo
2277 2214 2328 2268 in
2394 2229 2492 2268 nos
2561 2213 2883 2267 smculorum
2947 2213 3081 2266 lines
3136 2220 3508 2282 pervenerunt
3565 2208 3636 2262 1?

372 2308 477 2378 τῆς
509 2308 875 2379 χρηστότητος
905 2311 1090 2374 αὑτοῦ,
1117 2312 1234 2374 πῶς
1271 2313 1350 2375 είς
1379 2313 1528 2382 ἡμᾶς
1569 2311 1638 2365 τὰ
1680 2311 1809 2381 τέλη
1847 2311 1955 2364 τῶν

374 2400 588 2453 αἰώνων
626 2402 999 2473 κατήντησεν;
1033 2403 1140 2457 KB’
1166 2403 1298 2474 περὶ
1354 2403 1471 2470 τοῦ,
1511 2401 1694 2457 Δὼσει
1735 2403 1894 2468 αὺτῷ
1919 2405 1954 2456 ό
1987 2429 1995 2436 ·

378 2492 524 2558 Θεὸς
565 2491 673 2546 τὸν
731 2488 901 2548 οἷκον
941 2493 1120 2548 Δαϐὶδ
1181 2495 1291 2550 τοῦ
1337 2495 1561 2563 πατρὸς
1605 2493 1811 2560 αὐτοῦ,
1837 2493 1957 2555 πῶς

376 2584 582 2647 δίδωσι,
612 2584 716 2654 τῆς
750 2585 1028 2656 βασιλείας
1073 2584 1239 2640 Δαὸὶδ
1272 2587 1352 2651 εἰς
1389 2589 1459 2640 τὰ
1510 2585 1798 2653 ἐπιγνόντα
1826 2585 1955 2656 ἐθνη

374 2674 470 2726 τὸν
485 2675 541 2740 ἐξ
557 2675 722 2728 αὑτοῦ
747 2677 1186 2746 μεταπεσούσης;
1209 2679 1314 2732 Kl"
1330 2678 1382 2732 τί
1431 2679 1568 2743 ἐστι,
1612 2680 1956 2744 Διελθόντες

380 2765 624 2834 πρώτην
653 2768 752 2820 καὶ
778 2767 1066 2836 δευτέραν
1087 2770 1391 2838 φυλακὴν,
1427 2772 1543 2832 καὶ,
1583 2770 1668 2834 τίς
1693 2772 1727 2843 ἡ
1761 2771 1957 2842 σιδηρᾶ

377 2857 566 2930 mihi;
595 2859 697 2911 KA'
726 2862 857 2930 περὶ
902 2862 1018 2927 τοῦ,
1052 2862 1179 2935 [258
1207 2861 1300 2934 Η.]
1357 2863 1591 2930 Παντὸς
1647 2863 1868 2934 ἀνδρὸς
1914 2863 1955 2931 ἡ

379 2950 620 3019 κεφαλὴ
665 2955 698 3007 ό
742 2955 1002 3022 Χριστός
1030 2953 1183 3021 ἐστι,
1243 2955 1337 3008 καὶ
1364 2955 1512 3024 ἑξῆς.
1543 2956 1650 3008 ΚΕ¹
1684 2954 1812 3026 περὶ
1861 2955 1956 3008 τοῦ

382 3042 646 3112 βασιλέως
681 3044 1003 3108 Βαϐυλῶνος
1023 3045 1118 3100 καὶ
1156 3045 1326 3099 Ἰούδα
1353 3047 1449 3099 καὶ
1473 3046 1581 3098 τῶν
1619 3045 1807 3100 ἐθνῶν.
1833 3047 1958 3113 KG"

385 3136 514 3205 περὶ
541 3137 639 3204 τῆς
680 3137 1081 3207 ἀποκαλύψεως
1135 3139 1345 3209 Πέτρου
1373 3140 1473 3211 τῆς
1503 3139 1596 3192 ἐπὶ
1627 3138 1708 3206 τῷ
1745 3141 1957 3211 Κορνη-

379 3225 500 3296 λίῳ,
533 3225 629 3280 καὶ
681 3227 798 3290 πῶς
852 3227 1178 3299 διεκρίνοντό
1236 3245 1382 3293 τινες
1420 3231 1555 3299 πρὸς
1612 3229 1818 3296 Πέτρον
1870 3227 1961 3281 διὰ

380 3320 474 3371 τὸν
543 3319 862 3391 Κορνήλιον.
915 3323 1020 3375 KZ'
1065 3323 1148 3388 τὸ,
1203 3320 1380 3376 Δεῦτε
1451 3323 1548 3375 καὶ
1597 3319 1960 3384 καταϐάντες

383 3411 735 3480 συγχέωμεν
754 3410 952 3468 αὐτῶν
979 3413 1086 3481 τὰς
1106 3413 1411 3485 γλώσσας,
1441 3415 1574 3483 πρὸς
1599 3414 1750 3478 τίνας
1798 3415 1953 3484 εἴρη-

2055 2304 2219 2359 XXII.
2250 2305 2324 2360 De
2377 2305 2470 2358 illo
2500 2305 2685 2359 dicto:
2727 2304 2882 2357 Dabit
2907 2304 2988 2357 illi
3019 2303 3160 2356 Deus
3208 2303 3420 2356 domum
3466 2301 3632 2354 David

2055 2400 2218 2466 patris
2278 2398 2362 2451 sui
2401 2406 2448 2452 α.
2498 2397 2780 2464 Quomodo
2821 2399 2949 2450 dare
2993 2406 3193 2466 potest,
3245 2411 3366 2449 cum
3411 2409 3632 2463 regnum

2061 2488 2226 2543 David
2273 2490 2339 2543 ad
2373 2503 2466 2544 eas
2496 2489 2779 2542 devenerit
2826 2498 3036 2557 gentes,
3074 2503 3194 2556 qua:
3239 2495 3430 2540 natum
3461 2501 3526 2539 ex
3569 2497 3635 2538 eo

2057 2596 2164 2635 non
2215 2581 2624 2652 cognoverunt?
2677 2579 2865 2634 XXIII.
2919 2579 3058 2647 Quid
3104 2587 3234 2634 est:
3286 2577 3638 2632 Transeuntes

2059 2678 2283 2744 primani
2343 2684 2389 2728 et
2456 2677 2741 2728 secundam
2809 2677 3101 2728 custodiam
3153 2673 3233 2727 bl
3280 2681 3334 2728 et
3381 2688 3502 2741 qua?
3542 2671 3637 2726 illa

2065 2775 2219 2836 porta
2269 2766 2475 2820 ferrea?
2510 2764 2700 2821 XXIV.
2757 2765 2834 2820 De
2902 2765 3039 2820 illo:
3088 2765 3273 2819 Omnis
3339 2763 3434 2817 viri
3481 2773 3638 2833 caput

2059 2858 2297 2913 Christus
2316 2867 2416 2921 est,
2443 2868 2500 2913 et
2523 2873 2643 2928 qua:
2663 2869 2966 2926 sequuntur
3001 2867 3047 2910 ε.
3081 2854 3247 2910 XXV.
3279 2855 3356 2910 De
3383 2870 3506 2926 rege
3537 2854 3641 2908 Ba~

2061 2951 2297 3022 bylunis,
2331 2961 2386 3005 et
2411 2949 2575 3014 Juda,
2607 2960 2661 3006 et
2684 2952 2947 3022 gentium.
2973 2949 3162 3005 XXVI.
3194 2949 3268 3004 De
3308 2949 3643 3004 revelatione

2059 3041 2227 3097 Petro
2273 3056 2438 3112 super
2476 3043 2736 3098 Cornelio
2782 3041 2944 3108 facta,
2993 3054 3160 3112 utque
3197 3041 3431 3097 Cornelii
3480 3053 3640 3094 causa

2060 3135 2275 3204 quidam
2315 3137 2580 3189 adversus
2639 3132 2863 3190 Petrum
2923 3135 3280 3204 disceptarint
3321 3131 3372 3185 ά.
3424 3131 3644 3190 XXVII.

2061 3226 2139 3279 Ad
2172 3240 2310 3293 quos
2347 3224 2551 3280 dictum
2581 3225 2692 3279 sit:
2725 3223 2927 3287 Venite,
2951 3235 2998 3278 et
3017 3225 3415 3287 descendamus,
3445 3235 3492 3275 et
3525 3240 3623 3275 con

2063 3317 2350 3388 fundamus
2396 3317 2632 3386 ipsorum
2672 3318 2882 3387 linguas
2927 3327 2972 3370 ο.
3025 3315 3266 3370 XXVIII.
3318 3313 3454 3383 Quid
3485 3317 3556 3370 sit
3584 3316 3639 3369 in

2061 3410 2214 3464 Actis
2264 3408 2633 3477 apostolorum
2683 3426 2698 3462 :
2749 3410 2852 3473 Qui
2887 3425 2978 3476 per
3015 3409 3257 3476 spiritum
3293 3407 3460 3461 Paulo
3497 3409 3644 3460 dixe-

381 3519 493 3554 ται.
525 3500 710 3555 κη’τι
737 3504 854 3556 ἐστι
901 3503 960 3557 τὸ
1007 3505 1064 3556 ἐν
1101 3507 1223 3569 ταῖς
1279 3506 1569 3575 Πράξεσιν,
1611 3505 1837 3570 ΟΖτινες
1865 3503 1961 3558 διὰ

2064 3509 2204 3560 runt,
2262 3513 2324 3550 ne
2358 3499 2660 3551 ascenderet
2696 3497 3118 3566 Hierosolymam
3153 3495 3212 3548 εἰ)
3238 3494 3432 3549 XXIX.
3465 3495 3644 3561 Quod-

383 3589 492 3643 τοῦ
523 3591 869 3660 Πνεύματος
917 3593 1135 3662 ἔλεγον
1161 3591 1242 3659 τῷ
1291 3594 1509 3659 Παύλῳ
1549 3594 1637 3664 μὴ
1663 3592 1960 3663 ἀναϐῆναι

2071 3604 2193 3643 nam
2219 3589 2289 3643 sit
2320 3589 2496 3657 poculi
2525 3600 2578 3642 et
2603 3589 2946 3657 baptismatis
2970 3588 3260 3644 discrimen
3292 3587 3354 3640 εἳ
3379 3586 3543 3641 XXX.
3573 3589 3647 3641 De

383 3683 475 3748 εὶς
533 3683 955 3754 Ἰεροσόλυμα;
983 3685 1091 3738 ΚΘ¹
1120 3685 1206 3749 τις
1235 3687 1269 3757 ἡ
1295 3685 1527 3757 διαφορὰ
1551 3687 1812 3756 ποτηρίου
1867 3687 1962 3740 καὶ

2070 3681 2162 3734 illo
2225 3698 2241 3734 :
2285 3680 2342 3734 Si
2371 3696 2474 3734 non
2503 3683 2557 3733 in
2591 3681 2911 3748 manufactis
2942 3679 3145 3748 templis
3179 3679 3380 3733 habitat
3418 3679 3553 3734 Deus
3574 3677 3648 3732 h?

386 3768 766 3840 βαπτίσματος
809 3787 826 3838 ;
869 3773 927 3825 A'
977 3775 1104 3843 περὶ
1161 3773 1299 3840 τοῦ,
1354 3777 1402 3827 el
1467 3777 1589 3829 Οὐκ
1644 3776 1715 3829 ἐν
1774 3793 1964 3845 χειρο-

2068 3774 2338 3840 quomodo
2407 3774 2458 3827 in
2507 3772 2822 3828 Judaaorum
2890 3774 3093 3843 templo
3145 3774 3394 3828 habitare
3427 3773 3651 3829 dictus?

385 3863 660 3928 ποιήτοις
695 3863 866 3930 ναοῖς
915 3867 948 3918 ό
983 3864 1128 3931 Θεὸς
1157 3867 1438 3932 κατοικεῖ,
1473 3868 1590 3931 πῶς
1617 3870 1676 3921 ἐν
1724 3869 1801 3938 τῷ
1853 3870 1963 3923 τῶν

2067 3864 2264 3920 XXXI.
2323 3865 2394 3919 De
2428 3865 2520 3920 illo
2555 3883 2568 3919 :
2606 3864 2667 3920 Si
2725 3866 2858 3934 [orte
2889 3865 3080 3936 156a
3112 3875 3406 3931 attrectent,
3439 3877 3527 3918 aut
3559 3865 3644 3918 in-

399 3953 670 4007 Ἰουδαίων
697 3955 812 4024 ναῷ
838 3956 1056 4025 ἐλέγετο
1083 3960 1285 4024 οἰκεῖν;
1319 3959 1424 4012 AA'
1449 3959 1711 4031 περὶτοῦ,
1745 3963 1813 4015 El
1850 3961 1964 4029 ἄρα

2068 3959 2277 4011 ueniant
2328 3956 2496 4011 Deum
2548 3958 2595 4012 ί.
2628 3956 2844 4011 XXXII.
2889 3955 2964 4010 De
2994 3957 3088 4010 illo
3118 3957 3302 4012 dicto:
3338 3963 3506 4010 Amen
3526 3956 3646 4010 dico

391 4045 830 4114 ψηλαφήσειαν
883 4050 982 4100 καὶ
1045 4049 1279 4116 εὕροιεν
1310 4053 1478 4105 Θεόν.
1516 4053 1618 4104 AB’
1653 4054 1784 4123 περὶ
1841 4054 1960 4120 τοῦ,

398 4136 587 4206 Ἀμὴν
656 4139 812 4208 λέγω
863 4141 1028 4209 ὑμῖν,
1055 4141 1122 4207 ὃς
1163 4143 1242 4196 ἂν
1268 4143 1406 4213 εῑπῃ
1462 4141 1543 4209 τῷ
1588 4143 1708 4212 ὄρει
1756 4147 1964 4210 τούτῳ,

385 4229 482 4280 καὶ
505 4227 632 4298 ἑξῆς
669 4229 738 4284 ³⁸.
773 4231 874 4284 AI"
897 4232 1024 4303 περὶ
1074 4231 1190 4298 τοῦ,
1246 4233 1396 4288 Ὅσα
1451 4233 1530 4290 ἂν
1571 4237 1968 4304 προσευχόμεο

385 4336 481 4372 νοι
508 4321 758 4390 αἰτῆσθε
775 4323 844 4384 ⁸⁸,
875 4326 1190 4378 πιστεύετε
1218 4325 1307 4378 ὅτι
1328 4327 1676 4396 λαμϐάνετε,
1705 4329 1799 4380 καὶ
1819 4329 1963 4398 ἑξῆς.

388 4409 491 4464 ΔΔ¹
523 4413 656 4482 ’περὶ⁹
684 4413 777 4466 τοῦ
795 4415 875 4468 ὅτι
925 4415 969 4448 ⁸’
1003 4417 1338 4487 κελευόμεθα
1367 4417 1598 4490 τρώγειν
1645 4419 1742 4490 τὴν
1787 4419 1964 4489 σάρκα

387 4503 484 4555 καὶ
533 4505 712 4557 πίνειν
750 4506 813 4559 τὸ
872 4501 1049 4577 αἷμα,
1089 4508 1163 4578 μὴ
1227 4509 1532 4578 συντρίόειν
1594 4509 1649 4563 δὲ
1693 4511 1763 4563 τὰ
1816 4513 1970 4565 ὀστᾶ.

387 4594 492 4647 ΛΕ⁰
537 4596 668 4666 περὶ
696 4595 791 4650 τοῦ
861 4598 944 4651 ίνα
976 4600 1092 4652 ἐστὶ
1120 4599 1188 4654 τὰ
1218 4600 1328 4654 τῶν
1357 4599 1649 4672 Θυομένων
1677 4601 1831 4666 ζώων
1867 4603 1970 4655 σώ-

392 4703 537 4756 ματα
573 4690 688 4753 τοῖς
756 4690 1144 4760 Ἰσραηλίταις.
1175 4691 1294 4760 Λξῖ⁰
1327 4692 1456 4764 περὶ
1505 4693 1606 4764 τῆς
1667 4694 1882 4765 ἐχίδνης
1932 4694 1968 4768 ἢ

500 4845 521 4886 Ῑ
550 4843 720 4908 Judm,
747 4847 800 4902 6.
829 4855 870 4884 ¹¹¹
895 4846 1062 4914 Judae,
1097 4846 1187 4904 25.
1247 4858 1276 4886 η
1303 4849 1496 4902 Rom.t
1532 4847 1624 4907 20.

391 4999 418 5026 ⁸
451 4991 573 5042 Aul.
607 5001 706 5051 XII,
747 4988 835 5044 10.

391 5057 422 5096 ε
449 5061 570 5110 Act.
605 5072 736 5110 svu.
765 5059 854 5111 ‘24.

937 4989 964 5028 ι)
996 4990 1009 5040 I
1045 4990 1171 5043 Cor.
1203 5005 1283 5049 ιι,
1331 4989 1384 5042 5.

963 5055 989 5094 δ
1015 5060 1137 5112 Aet.
1174 5075 1307 5120 xvtt,
1347 5057 1438 5112 27.
1522 5059 1539 5099 ί
1576 5057 1740 5112 Mare.
1771 5075 1844 5121 λι,
1890 5058 1990 5120 25;
2046 5055 2239 5110 Matth.
2288 5071 2420 5119 xvtt,
2456 5056 2544 5112 ΞΟ.

393 5120 422 5160 ⁸
455 5126 612 5180 Joan.
647 5140 723 5191 vs,
771 5137 827 5183 et
859 5143 972 5191 nx,
1003 5128 1104 5199 '55;
1131 5125 1300 5183 Exodi
1331 5143 1429 5193 xu,
1464 5127 1535 5195 9;
1571 5128 1734 5183 Num.
1771 5120 1843 5194 ix,
1874 5142 1927 5198 9.
1994 5123 2162 5182 lAet.
2196 5141 2387 5193 xxvut,
2432 5127 2488 5182 5.

2065 4050 2229 4114 vobis,
2277 4053 2571 4123 quicunque
2620 4051 2808 4105 dixerit
2849 4051 2972 4104 huic
3012 4052 3178 4104 monti
3226 4048 3274 4114 i,
3311 4061 3365 4104 et
3415 4050 3645 4120 reliqua.

2069 4139 2309 4197 XXXIII.
2350 4141 2427 4196 De
2475 4143 2566 4196 illo
2600 4160 2614 4196 :
2650 4143 2986 4214 Qutecunque
3027 4153 3234 4197 orantes
3280 4143 3478 4210 petitis.
3535 4157 3648 4195 cre-

2067 4234 2175 4286 dite
2223 4236 2362 4305 quod
2391 4235 2656 4303 accipietis
2698 4235 2763 4303 lﬁ;
2806 4245 2860 4289 et
2890 4250 3008 4303 quae
3057 4244 3378 4303 sequuntur.
3403 4231 3645 4288 XXXIV.

2070 4322 2146 4376 De
2175 4322 2299 4389 illo,
2328 4328 2471 4394 quod
2497 4324 2752 4394 jubemur
2780 4325 3066 4379 comedere
3098 4338 3341 4389 carnem,
3373 4333 3428 4377 et
3461 4323 3647 4377 bibere

2071 4416 2447 4484 sanguinem;
2520 4431 2626 4470 non
2715 4425 2893 4469 tamen
2967 4416 3338 4470 comminuere
3407 4429 3529 4468 ossa
3601 4411 3644 4467 ι.

2071 4503 2290 4562 XXXV.
2351 4506 2484 4574 Quas
2546 4507 2748 4562 fuerint
2798 4506 3060 4561 lsraelitis
3110 4505 3486 4571 animantium,
3524 4519 3648 4574 qua:

2072 4597 2524 4662 immolabantur,
2558 4598 2831 4668 corpora?
2878 4595 3122 4650 XXXVI.
3173 4597 3248 4651 De
3283 4599 3489 4666 vipera,
3524 4611 3651 4665 quas

2070 4688 2226 4746 Pauli
2265 4705 2479 4743 manum
2529 4689 2961 4760 comprehendit.
3004 4689 3266 4744 XXXVII.
3305 4689 3377 4744 De
3428 4687 3648 4745 Saddu-

1702 4857 1784 4898 o-p
1811 4849 1975 4903 Exod.

2059 4863 2181 4914 mi,
2208 4846 2262 4901 4.
2340 4843 2615 4913 ςϊιΕιοά.
2642 4861 2715 4910 tv,
2767 4845 2858 4899 24.
2935 4855 2959 4885 ³
2995 4844 3154 4901 Rom.
3190 4861 3251 4909 ιι,
3284 4845 3372 4903 15.
3438 4847 3456 4883 ί
3485 4847 3649 4906 Rom.

391 4931 473 4980 ιι,
505 4916 573 4970 12
608 4925 657 4971 ,ιι
687 4917 878 4973 Matth.
909 4933 1019 4982 ut,
1065 4921 1166 4984 I9;
1201 4918 1364 4972 Marc.
1395 4935 1471 4984 st,
1497 4919 1588 4974 20.
1670 4929 1698 4958 ν
1729 4919 1931 4973 Coloss.
1970 4934 2031 4984 ιι,
2066 4918 2151 4971 15.

1506 5000 1528 5027 ο
1556 4988 1678 5042 Act.
1710 5005 1766 5052 χ,
1797 4989 1818 5041 1
1877 5003 2028 5055 seqq.

2259 4925 2286 4953 ι
2319 4916 2472 4970 Rom.
2521 4930 2580 4981 ιι,
2611 4915 2664 4969 5.
2727 4923 2755 4964 1
2781 4916 2797 4968 I
2820 4913 2947 4970 Cor.
2976 4932 3029 4982 ι,
3063 4918 3150 4970 Η.

3244 4927 3267 4954 ²
3297 4917 3453 4972 Luca:
3488 4935 3526 4983 l,
3558 4921 3648 4977 3‘2.

2148 4986 2173 5024 δ
2205 4985 2344 5041 Gen.
2388 5003 2448 5051 ιι,
2486 4986 2538 5040 7.

2657 4994 2681 5023 °
2712 4984 2848 5039 Gen.
2896 5002 3006 5049 χιιι,
3043 4987 3095 5039 εί.
3217 4987 3237 5027 f
3271 4985 3438 5044 Marc.
3467 5004 3518 5051 ι,
3555 4991 3648 5045 58.

2651 5052 2669 5104 i
2703 5053 2870 5111 Marc.
2904 5071 2982 5123 ιι,
3017 5057 3119 5124 24;
3157 5057 3347 5114 Matth.
3386 5075 3510 5123 XXI,
3557 5060 3649 5115 22.

1685 5286 1920 5344 VARle
1960 5286 2366 5345 LECTIONES.

463 5405 822 5478 ⁸ξιιτοιὴμιισι
880 5420 922 5462 Α
989 5427 1004 5463 :
1048 5409 1309 5478 κτίσμασι
1343 5425 1404 5473 ς.

1513 5406 1560 5440 ⁸⁸
1612 5407 1738 5477 ἑξῆς
1781 5409 1821 5462 Α
1859 5405 1980 5477 εΙτὰ
2037 5405 2162 5476 ἑξῆς
2216 5423 2278 5470 ς-

395 5484 450 5528 et
477 5476 566 5532 28.
594 5490 645 5533 et
671 5476 810 5549 saepe
833 5489 1040 5551 postea.
1121 5476 1432 5533 “dissidet:
1466 5477 1534 5534 A.
1610 5479 1655 5510 ⁸⁷
1694 5476 1776 5532 ὅτι
1807 5493 1916 5532 οιιι.
1955 5476 2024 5530 Α.

2383 5404 2430 5438 ⁸³
2463 5404 2589 5476 ἑξῆς
2616 5406 2662 5460 Α
2694 5425 2709 5461 :
2739 5406 2808 5461 ἰὰ
2843 5405 2974 5477 ἑξῆς
3011 5411 3070 5462 ς.
3111 5406 3237 5461 item
3287 5420 3340 5461 ι’.
3393 5407 3430 5462 4
3458 5417 3514 5464 et
3556 5408 3653 5468 25.

1895 5617 2121 5700 Nom.

469 5713 591 5785 (55),
637 5714 766 5785 Sap.
801 5731 902 5781 xu,
936 5717 958 5770 1
996 5735 1009 5770 :
1037 5716 1348 5771 Secundum
1376 5717 1483 5769 τῶν
1515 5713 1655 5769 LXX
1680 5731 1820 5770 vers.
1850 5731 1971 5767 nam

395 5784 538 5854 vulg.
560 5784 771 5856 Oquu’m
791 5785 956 5842 bonus
973 5799 1019 5841 et
1040 5789 1213 5842 suavis
1228 5798 1328 5853 est,
1356 5787 1594 5853 Domine,
1611 5787 1975 5855 spn'itustuus.

2155 5700 2268 5779 (54)
2306 5709 2485 5780 Galat.
2527 5725 2578 5772 ν,
2605 5707 2671 5761 ﬂ
2707 5725 2722 5764 :
2756 5705 3014 5764 Euacuati
3059 5709 3182 5763 estis
3219 5727 3251 5764 a
3302 5709 3535 5780 (insisto,
3558 5712 3652 5780 φυι

2087 5782 2140 5834 iu
2169 5784 2277 5851 lege
2300 5779 2687 5849 justiﬁcamiui.
