4030 6248
395 331 498 397 647
1526 308 1791 372 ΡΗΟΤΠ
1832 305 2006 369 ΡΑΤ]

2105 301 2350 364 tRCH/E
2375 301 2483 362 CP.
3555 292 3661 357 648

399 444 600 499 llarum
621 447 739 494 erat
759 451 865 492 una
890 447 1023 489 nene
1062 431 1216 500 longa
1233 428 1299 481 ad
1332 425 1593 481 Joannem
1617 422 1990 493 philosophum

2105 420 2231 492 prv
2259 418 2302 484 ζ’
2337 419 2432 474 καὶ
2455 413 2526 472 κ’.
2551 409 2656 469 Ὧν
2680 408 2752 486 ἦν
2779 410 2877 484 μία
2902 409 3245 480 πολύστιχος,
3284 406 3424 481 [καὶ]
3456 409 3490 480 η
3522 410 3662 479 πρός

401 497 567 589 inissa
601 549 616 586 :
648 530 803 596 cujus
834 529 950 580 haec
984 522 1097 577 fere
1140 497 1316 587 capita
1349 516 1488 589 (40‘)
1523 534 1538 570 :
1573 515 1840 572 Primum,
1881 510 1977 565 Iu—

2105 535 2200 573 ‘Wd.
2234 517 2281 549 ⁸ο
2318 513 2609 584 φιλόσοφον
2657 509 2938 578 Ἰωάννην.
2973 497 3084 567 Ἧς
3116 507 3233 558 ἐστι
3282 502 3350 556 τὰ
3391 501 3666 570 κεφάλαια

399 624 646 694 crepatio
696 633 908 680 eorum,
951 613 1064 681 tqui
1120 610 1501 664 haereticorum
1555 614 1876 668 sectatores,
1913 617 1979 656 ac

2105 610 2297 684 πρῶτον
2327 605 2649 675 ἐπιτίμησις
2674 603 2788 664 τοῖς
2813 597 3157 670 ίδιεκδικοῦσι
3190 595 3317 658 τοὺς
3348 594 3660 665 αίρετίξον-

406 717 751 787 potissimum
793 707 1003 770 Severi,
1056 703 1426 758 defendendos
1478 707 1859 769 susceperunt.
1887 697 1982 751 Al-

409 821 587 864 terum
628 804 843 866 deinde,
891 802 1155 870 Oportere
1182 795 1331 850 omni
1363 795 1571 848 ratione
1599 791 1846 844 traditam
1889 805 1983 842 no-

405 901 490 952 bis
539 899 908 962 incorruptam
937 903 1161 945 servare
1213 886 1559 956 religionem.
1611 883 1877 946 Tertium,
1910 881 1984 934 De

404 985 732 1049 diﬂ'erentia,
761 997 978 1052 quaque
1010 981 1220 1034 ratione
1254 978 1503 1033 cculiteri
1531 976 1618 1046 pie
1645 976 1826 1036 liceat,
1853 975 1985 1029 duas

416 1082 470 1132 in
531 1077 749 1131 Christo
804 1083 926 1144 post
975 1070 1234 1124 unionem
1267 1079 1512 1121 naturas.
1569 1065 1832 1130 Quartum
1879 1071 1982 1124 est,

409 1175 708 1228 Numerum
743 1181 919 1235 neque
949 1164 1214 1223 dividere,
1272 1173 1448 1228 neque
1487 1157 1680 1220 dividi,
1709 1169 1809 1209 nec
1848 1153 1986 1207 divi-

412 1268 621 1320 sionem
669 1263 722 1315 in
759 1261 1074 1312 universum
1138 1253 1304 1307 ullam
1357 1251 1654 1305 secttndum
1705 1246 1984 1316 propriam

413 1359 682 1414 rationem
749 1353 947 1407 aﬂ'erre
1009 1350 1098 1413 iis,
1163 1347 1357 1416 quibus
1412 1344 1650 1398 additur.
1704 1330 1989 1405 Quintum,

418 1453 706 1521 Quomodo
741 1452 827 1520 pie
871 1460 1130 1500 nmnerus
1157 1445 1223 1497 ad
1247 1441 1587 1497 indicandam
1633 1435 1992 1490 differentiam

413 1546 760 1600 adhibeatur.
788 1541 1038 1603 Sextum,
1074 1536 1358 1604 Quomodo
1387 1533 1532 1588 beati
1573 1531 1759 1602 Cyrilli
1790 1529 1993 1583 dictum

413 1637 643 1709 epistola
674 1636 740 1690 ad
769 1633 1102 1688 Succensum
1142 1631 1212 1684 sit
1235 1627 1647 1697 accipiendum.
1679 1621 1794 1677 Non
1829 1621 1994 1674 etiam

418 1742 662 1801 pugnare
690 1728 830 1780 hanc
859 1738 1046 1778 vocem
1068 1723 1121 1776 in
1149 1719 1376 1782 duabus,
1403 1733 1526 1772 cum
1553 1716 1639 1780 iis,
1681 1714 1770 1782 qui
1801 1713 1992 1767 dicunt

422 1836 584 1874 uuam
609 1817 771 1873 Verbi
805 1825 1051 1870 naturam
1083 1826 1302 1866 carnem
1352 1824 1474 1863 esse
1532 1808 1753 1872 factam,
1797 1805 1900 1858 nisi
1931 1819 1996 1858 ex

425 1915 692 1982 opinione
713 1908 948 1965 Nestorii
975 1907 1139 1974 impie
1165 1913 1430 1958 sumatur.
1463 1899 1788 1966 Septimum,
1815 1911 2002 1948 rerum

420 2009 536 2062 sive
561 2003 988 2059 substantiarum
1005 1998 1118 2068 (41)
1147 1999 1198 2050 in
1221 1995 1461 2060 Christo,
1485 2007 1607 2047 esse
1624 1989 2005 2049 diﬂ‘erentiatn,

421 2113 530 2153 non
565 2094 932 2166 qualitatum;
981 2103 1308 2156 omnemque
1355 2085 1492 2138 adeo
1531 2080 2010 2136 dilfereutiamne-

423 2190 682 2246 cessitate
702 2186 937 2255 quadam
953 2183 1224 2237 adducere
1241 2191 1421 2232 secum
1443 2189 1632 2228 eorum
1649 2186 1878 2242 quorum
1903 2179 2006 2234 est,

423 2282 778 2351 quantitatem
804 2296 819 2332 :
851 2272 1306 2346 quemadmodum
1341 2283 1551 2322 rursum
1577 2266 1852 2335 quantitas
1874 2262 2012 2331 (sive

424 2373 685 2429 continua
719 2371 806 2426 illa
839 2370 931 2432 sit,
958 2369 1074 2422 sive
1111 2359 1369 2433 discreta)
1418 2373 1701 2414 numerum
1747 2371 1807 2410 se
1827 2355 2012 2424 expri-

425 2472 678 2520 mentem
737 2458 981 2514 adducit.
1020 2455 1309 2516 Octavum,
1349 2450 1520 2518 lmpie
1550 2446 1678 2509 dici,
1733 2442 2013 2497 Christum

428 2571 592 2610 unam
641 2567 766 2608 esse
818 2548 1177 2618 compositam
1244 2553 1532 2598 naturam:
1588 2535 1830 2604 illudque
1890 2546 2014 2587 cum

427 2649 664 2703 veritate
704 2655 967 2714 pugnare.
999 2637 1234 2700 Nonum,
1266 2635 1342 2688 De
1372 2629 1651 2704 hypostasi
1683 2625 2014 2695 composita,

436 2751 494 2796 et
524 2739 708 2794 brevis
738 2733 1006 2804 expositio
1033 2737 1375 2798 receptarum
1409 2726 1476 2778 de
1516 2722 1620 2776 ﬁde
1647 2733 1865 2781 vocum,
1897 2730 2019 2785 quae

438 2843 589 2888 recte
610 2833 678 2886 de
717 2828 939 2884 Christo
977 2839 1046 2879 ex
1106 2837 1204 2876 usu
1258 2817 1517 2872 Ecclesiae
1557 2813 1841 2868 catholicae
1891 2823 2018 2878 pro-

438 2923 711 2977 feruntur.
744 2917 1044 2979 Decimum,
1076 2913 1152 2967 De
1187 2909 1478 2981 llypostasi
1508 2904 1814 2974 composita
1847 2898 2018 2967 magis

438 3012 707 3069 naturalis
731 3008 1048 3078 disputatio,
1077 3020 1182 3059 uua
1223 3017 1346 3056 cum
1381 3009 1637 3055 accurata
1669 2997 2011 3050 demonstra-

2078 719 2178 767 τας
2200 742 2215 766 ,
2251 700 2346 754 καὶ
2373 697 2606 769 μάλιστα
2626 695 2753 757 τοὺς
2781 691 2891 745 ἀπὸ
2910 690 3174 758 Σεϐήρουο
3203 687 3456 758 δεύτερον
3477 688 3558 739 ὅτι
3584 687 3668 739 δεῖ

2083 793 2247 848 παντὶ
2276 789 2464 863 τρόπῳ
2487 787 2588 857 τὴν
2618 781 3065 854 παραδεδομένην
3093 778 3380 832 εὐσέϐειαν
3412 777 3540 848 [260
3571 775 3666 847 Η.]

2083 883 2488 956 ἀπαράτρωτον
2508 880 2551 910 ⁶¹
2578 875 2981 944 διαφυλάττεινο
3012 872 3193 943 τρίτον
3225 888 3293 923 πε
3304 871 3356 941 pl.
3380 870 3666 940 διαφοράς,

2085 979 2180 1032 καὶ
2206 975 2324 1038 πῶς
2350 973 2500 1027 ἔστιν
2534 969 2773 1031 εὐσεϐῶς
2807 967 2900 1019 δύο
2922 966 3111 1035 φύσεις
3141 965 3234 1016 ἐπὶ
3265 962 3504 1032 Χριστοῦ
3530 961 3672 1032 μετά

2086 1070 2186 1139 τὴν
2221 1068 2415 1121 ἕνωσιν
2441 1064 2744 1134 ὁμολογεῖν·
2773 1060 2815 1112 δ’
2857 1059 2938 1112 ὅτι
2964 1060 2992 1111 ό
3031 1057 3263 1128 ἀριθμὸς
3308 1055 3432 1107 οὐτε
3474 1055 3674 1126 διαιρεί

2090 1161 2214 1217 οὐτε
2239 1161 2554 1228 διαιρεῖται,
2577 1154 2701 1208 οὐτε
2726 1153 2993 1222 διαίρεσιν
3024 1152 3232 1217 εἰσάγει
3255 1148 3394 1202 κατά
3424 1148 3514 1200 τὸν
3542 1149 3676 1201 ῐδιον

2089 1255 2247 1322 λόγον
2273 1253 2335 1306 τδ
2373 1250 2617 1310 σύνολον,
2655 1243 2737 1311 οἷς
2772 1246 3102 1312 ὲπιλέγεται·
3141 1249 3182 1294 ε’
3226 1242 3344 1304 πῶς
3376 1241 3614 1303 εὐσεϐῶς
3645 1243 3676 1294 ό

2091 1346 2326 1417 ἀριθμὸς
2354 1344 2493 1414 πρὸς
2530 1342 2763 1410 δήλωσιν
2808 1339 2910 1408 τῆς
2941 1337 3202 1408 διαφορᾶς
3242 1333 3678 1405 παραλαμϐάνε-

2091 1455 2205 1492 ται·
2240 1443 2293 1503 ς’
2321 1436 2440 1500 πῶς
2468 1434 2574 1506 χρὴ
2604 1436 2744 1487 νοεῖν
2764 1434 2864 1503 τὴν
2889 1431 3153 1501 κειμένην
3189 1430 3344 1498 ῥῆσιν
3365 1430 3422 1482 ὲν
3445 1431 3512 1499 τῇ
3539 1428 3680 1498 πρὸς

2095 1529 2396 1582 Σούκενσον
2426 1525 2686 1596 ἐπιστολῇ
2721 1523 2818 1575 τοῦ
2859 1521 3014 1590 ἁγίου
3051 1520 3343 1590 Κυρίλλου,
3379 1520 3473 1572 καὶ
3499 1519 3582 1571 ὅτι
3613 1518 3678 1570 οὐ

2101 1619 2335 1690 μάχεται
2366 1619 2400 1688 ἡ
2430 1616 2500 1670 ἐν
2537 1615 2646 1669 δύο
2677 1613 2830 1684 φωνὴ
2849 1615 2964 1676 τοῖς
2993 1610 3210 1679 λέγουσι
3238 1610 3368 1681 μίαν
3397 1609 3558 1678 φύσιν
3583 1607 3679 1661 τοῦ

2100 1713 2272 1780 Λόγου
2321 1707 2774 1778 σεσαρκωμένην,
2815 1706 2864 1758 εῑ
2901 1706 2974 1775 μὴ
3028 1705 3170 1757 κατά
3215 1702 3278 1756 τὸ
3308 1703 3356 1734 ⁶²
3401 1700 3686 1772 Νεστορίῳ

2103 1801 2292 1856 δοκοῦν
2314 1801 2524 1862 ἀσεϐῶς
2547 1798 2952 1869 λαμϐανομένη·
2978 1797 3024 1860 ζ’
3046 1797 3128 1849 ὅτι
3148 1794 3488 1866 πραγμάτων
3514 1792 3686 1863 ἤγουν

2103 1895 2302 1950 οὐσιῶν
2336 1892 2432 1946 ἐπὶ
2475 1890 2717 1964 Χριστοῦ
2750 1893 2783 1961 ἡ
2811 1890 3048 1958 διαφορά
3071 1929 3086 1953 ,
3119 1887 3233 1941 ἀλλ’
3264 1888 3326 1940 οὐ
3356 1887 3684 1956 ποιοτήτων,

2105 1989 2200 2042 καὶ
2231 1989 2312 2040 ὅτι
2349 1988 2499 2040 πᾶσα
2528 1984 2760 2053 διαφορὰ
2802 1983 2860 2048 ἐξ
2892 1984 3139 2051 ἀνάγκης
3171 1979 3481 2047 συνεισάγει
3516 1979 3687 2047 ἑαυτῇ

2107 2079 2206 2151 τὴν
2237 2073 2312 2132 ὧν
2330 2081 2446 2131 ἐστι
2475 2079 2779 2147 ποσότητα,
2814 2077 2908 2129 καὶ
2931 2077 2964 2146 ἠ
2991 2075 3230 2142 ποσότης
3255 2072 3418 2126 πάλιν
3444 2071 3535 2126 τὸν
3559 2071 3690 2124 ἑαυ-

2108 2171 2208 2237 τῆς
2237 2169 2573 2239 σημαντικὸν
2607 2168 2862 2239 ἀριθμὸν,
2891 2168 2994 2221 κάν
3012 2185 3070 2219 τε
3106 2167 3335 2238 συνεχής
3365 2168 3481 2220 ἐστι
3510 2165 3613 2220 κᾶν
3627 2181 3691 2218 τε

2111 2261 2439 2334 διῃρημένη·
2485 2265 2537 2327 η’
2577 2261 2659 2312 ὅτι
2704 2259 2902 2322 ἀσεϐές
2929 2261 3045 2312 ἐστι
3085 2258 3147 2311 τὸ
3174 2258 3356 2326 λέγειν
3402 2259 3532 2329 μίαν
3563 2257 3693 2310 σύν-

2113 2357 2267 2409 θετον
2295 2354 2455 2421 φύσιν
2475 2353 2566 2406 τὸν
2590 2351 2848 2423 Χριστὸν,
2882 2352 2977 2404 καὶ
3004 2354 3070 2423 τῇ
3086 2351 3330 2424 ,ἀληθείᾳ
3361 2351 3692 2422 μαχόμενον·

2114 2447 2161 2501 θ’
2190 2447 2319 2517 περὶ
2352 2446 2703 2507 ὑποστάσεως
2735 2444 3016 2508 συνθέτου,
3047 2444 3143 2498 καὶ
3173 2443 3389 2506 ἐκθεσις
3430 2441 3699 2512 σύντομος

2112 2541 2214 2610 τῆς
2243 2537 2603 2608 ὲκδοχῆςτῶν
2635 2537 2811 2608 ὀρθῶς
2837 2537 2930 2590 ἐπὶ
2960 2536 3200 2606 Χριστοῦ
3231 2537 3376 2590 κατά
3418 2535 3516 2606 τὴν
3555 2533 3696 2586 καθ·

2116 2630 2304 2701 ολικὴν
2340 2629 2671 2699 Ἐκκλησίαν
2698 2629 3147 2698 ὁμολογουμένων
3178 2631 3277 2697 τῆς
3306 2627 3542 2690 πίστεως
3571 2644 3699 2696 φω-

2117 2724 2242 2778 νῶν·
2281 2720 2314 2776 ι’
2341 2723 2470 2792 περὶ
2516 2722 2868 2785 ὑποστάσεως
2900 2721 3157 2774 συνθέτου
3201 2721 3553 2791 φυσικωτέρα
3580 2719 3699 2774 διά·-

2117 2813 2311 2884 ληψις,
2361 2815 2454 2865 καὶ
2503 2811 2778 2875 ἀπόδειξις
2823 2811 3057 2881 ἀκριϐὴς
3094 2810 3186 2863 τοῦ
3242 2810 3316 2882 μὴ
3359 2813 3474 2874 τοῖς
3519 2811 3702 2875 αὐτοῖς

2119 2902 2473 2973 περιπίπτειν
2520 2904 2646 2963 τοὺς
2681 2901 3079 2971 ὁμολογοῦντας
3114 2902 3243 2970 μίαν
3280 2901 3532 2954 σύνθετον
3563 2901 3701 2955 ὑπό-

2127 3012 2316 3048 στασιν
2341 2994 2434 3046 τὸν
2455 2994 2692 3065 Χριστὸν
2716 2995 2829 3054 τοῖς
2858 2993 2988 3061 μίαν
3015 2993 3179 3046 αὐτὸν
3205 2992 3456 3047 σύνθετον
3485 2993 3704 3061 λέγουσι

441 3107 613 3168 tione,
669 3100 813 3171 quod
862 3099 917 3153 in
953 3098 1144 3152 eadem
1209 3105 1551 3163 nequaquam
1604 3087 1867 3150 incidant,
1923 3082 2006 3151 qui

2128 3086 2309 3156 φύσιν·
2352 3091 2420 3137 ια’
2465 3085 2549 3137 ὅτι
2588 3084 2731 3138 κατὰ
2780 3084 3085 3154 πρόσληψιν
3129 3085 3164 3154 ἡ
3208 3083 3344 3154 πρὸς
3384 3083 3484 3153 τὴν
3523 3082 3706 3153 σάρκα

441 3196 719 3251 Christum
753 3193 1079 3261 proﬁtentur
1108 3203 1270 3242 unam
1300 3183 1656 3252 compositam
1681 3177 2022 3248 hypostasin,

445 3302 571 3342 cum
597 3285 667 3340 iis
702 3284 792 3353 qui
821 3295 983 3336 uuam
1022 3293 1145 3333 eum
1175 3278 1362 3332 dicunt
1389 3288 1512 3328 esse
1537 3269 1896 3339 compositam
1930 3280 2028 3319 na-

446 3387 648 3431 turam.
721 3371 1108 3434 Uudecimum,
1170 3366 1362 3437 157!)
1423 3363 1526 3416 Per
1601 3355 2026 3427 assumptiouem

451 3471 657 3524 factam
688 3481 812 3521 esse
848 3464 1019 3518 solam
1045 3463 1195 3516 illam
1232 3457 1390 3514 Verbi
1411 3471 1535 3511 cum
1566 3467 1731 3507 carne
1751 3450 2031 3509 unionem,

2131 3177 2268 3248 μόνη
2303 3175 2400 3228 τοῦ
2429 3177 2605 3243 Λόγου
2653 3176 2877 3244 γέγονεν
2922 3176 3116 3238 ἓνωσις
3139 3217 3154 3241 ,
3199 3176 3275 3238 ὡς
3310 3175 3570 3245 προόντος
3611 3175 3708 3229 καὶ

2131 3268 2269 3337 πρὸς
2306 3267 2501 3320 ἕνωσιν
2532 3268 2734 3338 σαρκὸς
2771 3266 3040 3336 ένωθῆναι
3067 3268 3416 3337 θελήσαντοςο
3447 3267 3583 3336 ὅπερ
3606 3265 3710 3319 οὐκ

2131 3360 2282 3414 ἐστιν
2337 3362 2474 3424 ὅλως
2525 3361 2612 3412 ἐπ’
2650 3360 2812 3414 άλλου
2873 3359 2984 3412 τῶν
3038 3359 3310 3412 συνθέτων
3367 3359 3514 3413 ἰδεῖν.
3585 3359 3712 3412 Ἐπὶ

2135 3456 2246 3526 γὰρ
2268 3453 2377 3507 τῶν
2398 3453 2574 3507 ἄλλων
2602 3452 2664 3506 οὐ
2691 3452 2832 3505 κατά
2860 3451 3166 3522 πρόσληψιν
3196 3451 3426 3522 θατέρου
3457 3453 3491 3521 ἡ
3518 3451 3715 3514 ἓνωσις

468 3575 725 3630 tanquam
758 3557 1214 3629 prazexsisteutis,
1233 3563 1287 3607 et
1309 3552 1374 3606 ad
1400 3550 1653 3604 unionem
1678 3543 1857 3598 carnis
1888 3541 2006 3594 uuir

2138 3549 2385 3616 γίνεται,
2413 3546 2530 3601 ἀλλ’
2557 3546 2726 3614 ἄμφω
2759 3544 3050 3597 συνιόντων
3088 3547 3152 3598 ὲκ
3201 3544 3297 3597 τοῦ
3330 3545 3404 3614 μὴ
3438 3543 3590 3600 ὄντος
3635 3543 3717 3606 εἰς

450 3653 729 3709 volentis:
768 3650 912 3720 quod
972 3650 1027 3703 in
1063 3648 1169 3701 alio
1217 3644 1441 3701 omnino
1471 3639 1770 3710 composito
1805 3634 2006 3689 miniuu

2134 3639 2234 3709 τὴν
2283 3638 2378 3691 τοῦ
2431 3637 2688 3691 συνθέτου
2733 3635 3130 3706 συμπλήρωσιν
3164 3637 3260 3688 καὶ
3305 3634 3582 3688 οὐσίωσιν.
3653 3632 3718 3685 Ἦ

447 3749 794 3800 observetur.
863 3741 921 3794 ln
961 3740 1090 3812 aliis
1141 3739 1310 3802 enim,
1385 3749 1491 3788 non
1553 3745 1651 3800 per
1713 3725 2006 3782 alterm-riu

2140 3732 2240 3802 μὲν
2265 3731 2311 3762 ⁸³
2336 3730 2474 3800 πρὸς
2515 3729 2767 3799 Ἰωάννην
2798 3729 3055 3798 ἐπιστολὴ
3089 3727 3227 3799 αῦτη
3264 3727 3359 3780 καὶ
3394 3725 3465 3778 τὰ
3493 3728 3552 3779 έν
3577 3724 3721 3794 αὐτῇ

451 3835 876 3905 assumptionetn
927 3833 986 3886 lit
1037 3832 1186 3898 unio,
1233 3831 1326 3885 sed
1371 3825 1652 3885 ambobus,
1693 3837 1761 3878 ex
1786 3836 1850 3876 eo
1875 3818 2019 3890 quod
2129 3821 2420 3892 κεφάλαια.

453 3951 562 3990 non
602 3943 706 3999 est,
760 3935 829 3988 ad
892 3929 1178 3998 compositi
1253 3925 1644 3997 perfectionem
1699 3929 1862 3990 atque
1926 3920 2373 3974 consututiouem
2423 3918 2894 3973 concurrentibus.
2939 3915 3064 3971 llaec
3104 3928 3232 3985 ergo
3262 3910 3428 3968 estad
3459 3911 3725 3968 Joannem

454 4030 701 4100 epistola,
741 4037 796 4083 et
821 4026 935 4095 eius
968 4025 1054 4077 illa
1079 4023 1277 4092 capita.
2099 4031 2104 4036 ο

535 4093 890 4189 Reliquarunt
943 4116 1140 4170 deinde
1203 4123 1315 4167 tres
1376 4111 1515 4166 datae
1561 4108 1627 4161 ad
1697 4105 2006 4161 Thalassiur

2222 4102 2344 4156 Τῶν
2371 4102 2416 4156 δ’
2449 4101 2626 4156 ἄλλων
2656 4100 2958 4154 ἐπιστολῶν
2996 4101 3142 4171 τρεῖς
3179 4097 3276 4168 μέν
3318 4098 3425 4150 εἰσι
3453 4095 3589 4165 πρὸς
3616 4093 3726 4147 8a.-

465 4213 854 4284 presbyterum
884 4223 946 4262 ac
973 4206 1287 4278 praefectum
1319 4221 1334 4271 ;
1367 4205 1486 4257 duae
1521 4204 1586 4254 ad
1616 4197 1874 4253 Joannem
1899 4197 2004 4250 cub

2147 4192 2368 4247 λάσσιον
2417 4192 2793 4266 πρεσϐύτερον
2845 4191 2941 4244 καὶ
2985 4191 3309 4262 ἡγούμενον,
3354 4189 3446 4241 δύο
3489 4187 3546 4240 δὲ
3589 4185 3731 4257 πρὸς

464 4305 758 4368 cularium,
825 4275 1048 4356 totidem
1127 4299 1196 4352 ad
1277 4295 1642 4366 Sophrouium
1720 4290 2006 4344 monacbut

2105 4321 2121 4371 )
2163 4285 2417 4352 Ἰωάννην
2472 4282 2940 4355 κουϐικουλάριον,
2989 4280 3083 4334 δύο
3129 4279 3186 4332 δὲ
3239 4277 3376 4349 πρὸς
3423 4275 3733 4344 Σωφρόνιον

464 4407 829 4468 cognomento
854 4393 1175 4447 Eucratam:
1207 4404 1313 4442 una
1341 4364 1688 4441 adJoanuem
1709 4381 2006 4450 Sophistau

2105 4364 2114 4371 ’
2155 4373 2460 4446 μονάζοντα
2509 4373 2601 4427 τὸν
2648 4373 2878 4442 ἐπίκλην
2931 4372 3238 4443 Εὐκρατᾶν,
3293 4369 3388 4422 καὶ
3442 4367 3539 4436 μία
3593 4364 3735 4435 πρὸς

465 4497 524 4542 ct
552 4486 728 4541 altera
780 4486 848 4538 ad
887 4482 1102 4538 Janiam
1141 4478 1473 4550 prml‘ectam.
1513 4476 1710 4529 lterum
1754 4489 1857 4526 una
1905 4471 2006 4525 Th:

2168 4466 2428 4536 Ἰωάννην
2483 4465 2765 4534 σοφιστὴν,
2812 4465 2907 4516 καὶ
2945 4463 3045 4534 μία
3080 4462 3214 4532 πρὸς
3253 4460 3449 4513 Ἰανίαν
3497 4455 3736 4527 ἡγουμέ-

468 4578 638 4632 lassio
665 4573 924 4647 prafecto
949 4587 1012 4626 ac
1037 4549 1358 4641 presbytero
1383 4565 1570 4630 missa,
1597 4562 1762 4618 altera
1799 4560 2000 4616 Jordau

2155 4575 2274 4628 νην,
2315 4556 2409 4610 καὶ
2442 4555 2540 4626 μία
2573 4555 2860 4627 Θαλασσίῳ
2893 4555 3182 4625 ἡγουμένῳ
3217 4555 3308 4606 καὶ
3337 4549 3695 4620 πρεσϐυτέρῳ
3717 4587 3734 4613 ,

475 4645 824 4740 presbytero,
863 4665 1247 4734 Stepltanoque
1302 4657 1558 4730 praefecm
1599 4671 1662 4710 ac
1717 4657 2006 4724 presbyteri

2158 4652 2252 4703 καὶ
2287 4650 2384 4720 μία
2438 4649 2680 4723 Ἰορδάνῃ
2725 4648 3084 4720 πρεσϐυτέρῳ
3131 4648 3224 4700 ιιιῦ⁵
3271 4645 3530 4716 Στεφάνῳ
3570 4645 3739 4713 ἡγου-

480 4759 598 4812 llna
627 4773 842 4828 quoque
869 4754 1137 4826 Cyrisicio
1189 4752 1465 4821 episcopo,
1519 4759 1847 4815 rursumque
1881 4743 2006 4797 altet

2167 4743 2313 4814 μένῳ
2345 4741 2441 4795 καὶ
2487 4741 2847 4812 πρεσϐυτέρῳ
2871 4779 2886 4800 ,
2933 4741 3025 4792 καὶ
3056 4740 3155 4808 μία
3185 4737 3231 4770 ⁸⁸
3273 4735 3578 4808 Κυρισικίῳ
3613 4735 3742 4785 ἑπι-

477 4847 675 4903 Joanui
737 4845 1111 4910 cubiculario,
1176 4841 1430 4898 similiter
1477 4849 1532 4894 et
1589 4837 1867 4907 Stephano
1916 4849 2006 4906 pra

2168 4835 2397 4906 σκόπῳ,
2435 4835 2530 4887 καὶ
2587 4833 2667 4887 ἔτι
2699 4834 2744 4865 ⁸⁸
2801 4833 2962 4901 ἑτέρα
3017 4833 3113 4900 μία
3176 4831 3396 4899 Ἰωάννῃ
3450 4828 3740 4880 κουϐικου-

482 4939 668 5005 lecto,
725 4955 848 4994 cum
910 4951 1017 4991 una
1073 4935 1140 4991 ad
1215 4933 1490 4990 Cononem
1555 4930 1934 5003 presbyterum
1997 4945 2006 4981 :

2166 4927 2378 4999 λαρίῳ,
2423 4925 2628 4998 ὁμοίως
2678 4926 2775 4979 καὶ
2830 4925 3084 4995 Στεφάνῳ
3145 4921 3507 4994 πρεσϐυτέρῳ
3561 4928 3656 4972 καὶ
3695 4917 3742 4946 ⁸⁸

1777 5089 2018 5148 ἾΑΙίΙᾹΞ
2060 5088 2471 5146 LECTIONES.

554 5217 600 5249 '°
634 5233 756 5269 τινα
788 5212 1075 5283 φιλόσοφον
1089 5208 1366 5283 Ἰωάννην]
1384 5209 1637 5283 Ἰωάνν-ην
1651 5207 1772 5283 τινά
1947 5207 1991 5237 ⁸¹
2024 5206 2421 5283 ἀπαράτρωτρν
2448 5205 2728 5283 εὐσέϐειαν
2749 5222 2852 5283 ές.Δ
2871 5205 2935 5283 ’⁸⁸
2957 5202 3094 5283 ﬁeri?)
3115 5199 3401 5283 Riseropltp
3431 5215 3489 5283 ς,-ἰ

481 5284 575 5341 οὖν
605 5287 738 5359 πρὸς
758 5272 824 5359 ςξ-
923 5272 1091 5359 ⁸⁸’καὶ
1122 5272 1722 5359 μίαΔΚυρισίνδῳᾘιιεε
1747 5279 1884 5333 infra
1911 5278 2063 5348 ponit
2086 5272 2284 5332 A'ant'e
2321 5272 2409 5331 Illa
2451 5291 2503 5332 v.
2549 5278 2637 5332 19.
2678 5277 2772 5330 καὶ
2823 5274 2920 5329 δύο
2959 5274 3018 5328 ’l.

485 5359 531 5390 ⁸⁸
559 5353 913 5430 πρεσϐυτέρῳ
946 5355 1041 5407 κα)⁵
1072 5353 1197 5408 add.
1229 5353 1294 5406 A.

3567 5197 3612 5228 "
3647 5199 3748 5266 μὲν

3114 5271 3160 5303 ⁸⁸
3193 5267 3312 5342 μία“
3354 5267 3436 5324 ἔτι
3474 5267 3640 5338 ἑτέρα
3684 5285 3745 5333 ς.

2003 5483 2236 5542 NOTAE.

565 5614 696 5679 (40')
735 5613 863 5681 Qua:
891 5627 1028 5680 pene
1057 5609 1240 5665 omnia
1289 5606 1515 5678 repetita
1548 5605 1698 5677 leges
1727 5605 1793 5659 ad
1837 5601 2054 5659 Petrum

565 5614 696 5679 (40')
735 5613 868 5694 ρειιεί
891 5627 1028 5680 pene
1057 5609 1240 5665 omnia
1289 5606 1515 5678 repetita
1548 5605 1698 5677 leges
1727 5605 1793 5659 ad
1837 5601 2054 5659 Petrum
2238 5600 2355 5670 (Η)
2389 5599 2728 5656 Naturarum
2778 5615 2992 5673 quoque
3021 5612 3224 5665 vertas,
3280 5610 3338 5656 ut
3382 5608 3569 5655 notum
3602 5602 3753 5654 theo—

497 5681 764 5738 Illustretn
787 5685 882 5738 Iul.
906 5685 1025 5738 und.
1057 5698 1172 5738 seu.
2184 5671 2340 5738 logis.

524 5686 764 5739 llustretn
787 5685 882 5738 inl'.
906 5685 1025 5739 und.
1057 5698 1172 5750 seq.

2184 5671 2340 5741 logis.
