4030 6248
395 247 501 310 649

1311 247 1839 310 BlBLIOTHECA.
1863 271 1931 284 -
1953 249 2170 310 CODD.
2206 249 2467 325 CXCIII,
2502 250 2742 311 CXCIV.

3554 254 3656 316 659

393 359 684 432 ἡγουμένῳ
718 359 847 432 [505
872 359 969 433 IL]
1001 360 1098 415 καὶ
1128 361 1226 431 μία
1259 362 1470 415 Κόνωνι
1496 363 1853 434 πρεσϐυτέρῳ
1882 363 1977 416 καὶ

2094 363 2414 444 traiectum.
2492 363 2690 419 lterum
2760 362 3040 422 Thalassio
3097 367 3348 436 praefecto
3400 375 3456 421 et
3496 383 3656 437 pres-

394 454 703 524 ἡγουμένῳ,
726 454 808 507 ἔτι
837 454 1128 526 Θαλασσίῳ
1149 454 1436 525 ἡγουμένῳ
1463 455 1558 508 καὶ
1587 453 1968 526 πρεσϐυτέρῳ,

394 544 490 596 καὶ
510 542 606 596 δύο
645 544 863 615 Ἰωάννῃ
895 545 1202 615 ὲπισκόπῳ,
1229 544 1310 598 ἔτι
1347 545 1592 616 Ἰωάννῃ,
1618 545 1977 599 κουὸικουλα-

397 637 497 708 ρίῳ
531 637 660 706 περὶ
703 637 802 706 τῆς
833 637 979 690 κατὰ
1023 637 1156 689 Θεὸν
1189 636 1366 706 λύπης
1395 680 1412 704 ,
1436 639 1533 692 καὶ
1574 638 1976 709 Κωνσταντίνῳ

407 729 746 800 Ἰλλουστρίῳ
779 731 874 783 καὶ
895 729 1003 783 ἀπὸ
1033 729 1405 800 σακελλαρίων
1443 730 1537 783 δύο
1557 771 1572 795 ,
1606 733 1702 784 καὶ
1728 731 1806 801 τῷ
1833 730 1978 801 ἁὸὄᾷ

394 821 742 893 Πολυχρονίῳ
787 824 977 893 τρεῖς,
1023 825 1120 877 καὶ
1160 823 1297 895 πρὸς
1351 822 1472 894 [26⁷1
1535 822 1628 895 IL]
1690 805 1977 878 Ἰουλιανὺν

406 913 781 984 Ἀλεξανδρέα,
802 914 911 966 ἀπὸ
939 915 1038 986 τῆς
1066 914 1176 967 τῶν
1207 913 1526 982 Ἀκεφάλων
1555 913 1824 983 αἱρέσεως
1854 917 1978 968 ἐπι-

398 1004 746 1074 στραφέντα,
779 1005 898 1075 μία,
951 1005 1050 1059 καὶ
1100 1005 1175 1070 ὡς
1234 1005 1344 1060 ἀπὸ
1394 1005 1669 1074 Γεωργίου
1731 1004 1976 1076 ἐπάρχου

410 1097 674 1166 Ἀφρικῆς
742 1095 880 1168 πρὸς
939 1097 1272 1169 μοναστρίας
1338 1097 1866 1167 ἀποκοινωνησάσας
1920 1098 1980 1150 ὲν

410 1186 792 1259 Ἀλεξανδρείᾳ
841 1188 960 1258 μία.
1005 1189 1094 1242 Ἑν
1125 1190 1354 1253 ταύταις
1380 1184 1472 1242 οὖν
1507 1189 1750 1251 ἁπάσαις
1787 1191 1910 1251 ταῖς
1935 1189 1980 1252 ξ’

398 1280 494 1332 καὶ
519 1286 567 1332 κ’
605 1280 920 1344 ἐπιστολαῖς
952 1283 982 1334 ὁ
1021 1282 1124 1352 μὲν
1163 1281 1319 1345 ἄλλος
1359 1281 1648 1352 χαρακτὴρ
1678 1281 1842 1335 αὐτοῦ
1873 1279 1980 1335 τῶν

398 1369 573 1438 λόγων
627 1374 721 1425 καὶ
768 1373 801 1442 ή
850 1373 1102 1426 εὐσέϐεια
1150 1374 1388 1443 μάλιστα
1426 1372 1800 1440 διασώζεται,
1833 1375 1894 1428 τὸ
1937 1373 1980 1427 δ’

399 1462 642 1532 ἀσαφὲς,
691 1463 750 1517 εὖ
789 1481 854 1533 γε
901 1465 997 1518 τοῦ
1044 1465 1236 1536 ἀνδρὸς
1269 1465 1552 1527 ποιοῦντος
1589 1466 1685 1519 καὶ
1711 1465 1984 1535 τιμῶντος

401 1555 693 1626 ἐπιστολῆς
719 1557 862 1610 κατὰ
898 1557 1059 1610 τοῦτο
1091 1559 1319 1628 νόμους,
1350 1559 1451 1611 οὐκ
1483 1556 1610 1628 ἔσχε
1657 1558 1719 1610 τὸ
1763 1559 1981 1612 ἀνοικο-

2077 457 2293 528 bytero,
2339 465 2394 511 et
2438 457 2556 510 dure
2613 457 2680 511 ad
2727 455 2986 512 Joannem
3035 459 3366 528 episcopum.
3416 458 3656 515 Rursum

2077 544 2271 601 Juanui
2300 546 2660 612 cubiculario,
2688 547 2755 601 de
2806 561 2892 611 eo,
2933 548 3022 616 qui
3054 549 3347 603 secundum
3379 549 3544 604 Deum
3573 557 3660 606 est.

2077 638 2310 703 dolore;
2341 647 2396 692 et
2441 638 2800 694 Constantino
2835 639 3035 695 lllustri
3079 657 3142 696 ac
3183 643 3473 696 sacellario
3513 644 3655 698 duae.

2080 730 2276 784 Abbati
2331 745 2548 800 quoque
2603 730 2961 801 Polychronio
3011 743 3143 798 tres,
3171 743 3226 789 et
3264 736 3331 789 ad
3385 733 3659 789 lulianum

2079 821 2532 888 Alexandrinum,
2566 823 2634 876 ab
2661 822 3060 891 Acephalorum
3081 824 3272 878 hreresi
3300 841 3650 890 conversum,

2079 913 2316 984 epistola
2351 928 2479 978 una,
2531 915 2813 984 alteraque
2867 914 3089 983 Georgii
3126 917 3242 986 (t2)
3279 917 3475 972 Africae
3518 933 3660 988 prae-

2081 1002 2206 1058 fecti
2247 1005 2467 1058 nomine
2496 1005 2565 1059 ad
2584 1006 2878 1060 monachas
2901 1009 3408 1062 excommunicatas
3426 1010 3662 1062 Alexan—

2081 1096 2236 1154 driae.
2278 1093 2335 1150 ln
2366 1096 2451 1151 his
2481 1097 2736 1152 omnibus
2776 1097 2966 1166 viginti
3008 1107 3216 1166 septem
3241 1100 3507 1168 epistolis,
3537 1117 3660 1155 cum

2083 1187 2184 1240 alia
2240 1187 2480 1256 ejusdem
2514 1188 2727 1242 dicendi
2763 1187 2934 1242 forma
2981 1199 3036 1242 et
3074 1189 3247 1257 pietas
3303 1191 3651 1259 potissimum

2082 1279 2272 1344 enitet,
2310 1287 2422 1334 tum
2452 1279 2924 1350 obscuritas(euge
2951 1280 3147 1346 virum,
3176 1281 3267 1350 qui
3297 1281 3402 1335 hac
3429 1282 3482 1334 in
3507 1292 3663 1353 parte

2082 1370 2270 1425 saltem
2302 1373 2542 1442 epistolae
2563 1371 2704 1428 colat
2728 1373 2871 1442 leges
2890 1381 3050 1441 atque
3078 1373 3353 1443 observet)
3388 1391 3659 1444 nusquam

2086 1475 2290 1520 temere
2321 1466 2566 1521 adhibita
2618 1466 2740 1520 fuit.
2803 1465 2998 1535 Liquet
3052 1481 3182 1520 vero
3247 1470 3514 1538 quaedam,
3545 1485 3666 1539 quae

2083 1559 2472 1614 obscuritatem
2516 1557 2819 1613 aﬂ'erebant
2849 1558 2987 1629 (45),
3017 1559 3220 1629 partim
3277 1560 3368 1614 hic
3409 1577 3530 1617 esse
3578 1577 3665 1616 re-

399 1645 540 1716 νόμη
555 1663 654 1701 ιον.
687 1649 856 1718 Δῆλον
883 1650 929 1703 δ’
957 1651 1038 1703 ὅτι
1075 1651 1168 1703 καὶ
1195 1650 1232 1703 ἃ
1262 1650 1360 1720 τὴν
1391 1649 1663 1718 ἀσάφειαν
1695 1650 1891 1717 ἐποίει,
1915 1651 1984 1704 τὰ

2094 1650 2242 1718 lecta,
2279 1653 2478 1722 partim
2515 1652 2801 1722 castigata.

406 1736 508 1807 μὲν
537 1736 792 1808 ἔρριπται
822 1741 890 1792 τὰ
911 1739 967 1793 δὲ
998 1740 1347 1794 κεκόλασται.

1112 1853 1278 1920 ΡιτΓο.

406 1963 520 2019 Τοῦ
551 1962 738 2018 αὐτοῦ
761 1964 1094 2032 ἀσκητικός
1127 1966 1322 2034 Λόγος
1343 1982 1376 2035 °_
1396 1963 1493 2019 καὶ
1519 1965 1690 2034 ἑτέρα
1718 1981 1987 2035 πραγμα-

612 2036 742 2088 τεία
769 2036 912 2102 Περὶ
940 2036 1199 2104 ἀγάπης,
1222 2033 1302 2090 ἐν
1326 2033 1378 2091 υ¹
1405 2033 1773 2104 κεφαλαίοις.

485 2131 825 2201 ’Λνεγνώσθη
850 2132 895 2164 ⁸⁷
925 2131 1016 2185 τοῦ
1072 2131 1237 2186 αὐτοῦ
1265 2132 1313 2164 ⁸⁸
1361 2132 1523 2201 ἁγίου
1562 2131 1818 2201 Μαξίμου
1877 2132 1990 2186 Λό-

401 2238 511 2291 γος
572 2223 940 2291 ἀσκητικὸς,
999 2224 1079 2287 είς
1125 2223 1321 2277 πεῦσιν
1369 2224 1844 2295 ἐσχηματισμένος
1895 2225 1990 2277 καὶ

402 2313 698 2385 ἀπόκρισιν
724 2314 790 2368 δ’.
816 2316 1102 2387 Χρήσιμος
1127 2315 1224 2386 μὲν
1255 2316 1462 2370 ἅπασιν
1493 2318 1520 2370 ό
1547 2317 1726 2384 λόγος,
1753 2317 1988 2387 μάλιστα

400 2404 449 2456 δ’
477 2399 561 2468 οἶς
604 2404 835 2476 ἄσκησις
863 2408 897 2476 ἡ
946 2407 1213 2458 πολιτεία·
1253 2406 1402 2476 ἠθῶν
1451 2406 1560 2477 γὰρ
1602 2405 1670 2459 δι’
1700 2399 1776 2458 ὧν
1807 2405 1872 2459 ἄν
1903 2423 1990 2469 τις

403 2497 828 2570 οὐρανοπολίτης
851 2499 1080 2567 γένοιτο,
1109 2500 1226 2552 ἐστὶ
1252 2498 1576 2561 διδάσκαλος
1608 2500 1705 2552 καὶ
1732 2498 1780 2530 "°
1809 2515 1987 2568 γεωρ-

404 2589 522 2657 γὸς,
551 2589 784 2659 μάλιστα
820 2590 878 2642 δὲ
908 2583 1016 2661 τῆς
1035 2589 1256 2661 ἀγάπης
1285 2590 1381 2642 καὶ
1405 2589 1506 2661 τὴν
1529 2587 1734 2656 γνῶσιν
1766 2588 1863 2642 καὶ
1889 2588 1990 2658 τὴν

407 2679 674 2752 ἐργασίαν
698 2679 902 2746 πολλὰς
937 2680 1214 2734 ἐνδίδωσιν
1243 2679 1490 2734 ἐπελθεῖν
1517 2679 1793 2750 ἀφορμάς.

478 2947 846 3002 Συνετέτακτο
872 2946 930 3001 δὲ
959 2947 1055 3001 καὶ
1095 2945 1262 3016 ὲτέρα
1289 2947 1664 3018 πραγματεία,
1712 2947 1794 3010 είς
1824 2952 1869 2998 υ⁹
1901 2963 1991 2999 κε-

2766 1857 2991 1913 CXCIII.

2091 1967 2346 2038 Ejusdem
2385 1969 2524 2023 beatt‘
2557 1967 2779 2039 Maximi
2815 1969 2969 2024 Liber
3009 1973 3286 2039 asceticus,
3329 1981 3378 2025 et
3419 1974 3670 2028 centuria:

2680 2038 2760 2093 De
2787 2041 3085 2095 dilectione.

2161 2130 2466 2203 Legebatur
2500 2131 2666 2186 etiam
2723 2131 2964 2200 ejusdem
3014 2133 3188 2188 sancti
3240 2133 3463 2190 Maximi
3512 2135 3671 2190 Liber

2090 2226 2370 2290 asceticus,
2425 2239 2524 2294 per
2595 2225 3080 2296 interrogationem
3148 2228 3668 2298 responsionemque

2092 2315 2483 2371 conformatus.
2547 2315 2712 2372 Utilis
2757 2331 2889 2371 sane
2943 2317 3229 2383 omnibus,
3267 2326 3379 2371 tum
3425 2331 3555 2371 vero
3604 2317 3673 2372 iis

2093 2407 2349 2472 maxime,
2375 2407 2468 2478 qui
2504 2408 2725 2478 pietatis
2752 2408 2934 2462 studio
2959 2408 3198 2462 deditam
3241 2408 3448 2461 ducunt
3481 2409 3670 2464 vitam.

2091 2496 2292 2550 Eorum
2323 2501 2468 2552 enim
2497 2513 2705 2552 morum
2739 2497 2996 2565 magister
3030 2504 3115 2550 est
3165 2505 3222 2551 et.
3263 2497 3459 2563 cultor,
3477 2499 3674 2567 quibus

2093 2587 2215 2643 caeli
2247 2589 2383 2643 civis
2411 2588 2531 2658 quis
2562 2589 2794 2643 evadat:
2821 2589 3170 2658 maximeque
3204 2589 3508 2652 charitatis,
3546 2604 3672 2659 par-

2095 2678 2188 2730 tim
2221 2677 2490 2744 notitiam,
2539 2678 2733 2748 partim
2784 2679 3231 2732 exercitationem
3279 2680 3671 2750 consequendi,

2097 2767 2310 2822 variam
2347 2783 2480 2824 sane
2503 2769 2966 2840 Opportunitatem
3001 2771 3223 2840 praebet.

2163 2949 2290 3004 Erat
2327 2949 2382 3004 in
2412 2952 2604 3005 eodem
2657 2950 2930 3006 volumine
2963 2949 3073 3022 (44)
3131 2966 3269 3021 opus
3311 2951 3675 3021 quadringen-

411 3041 618 3112 φάλαια
678 3039 1062 3112 πληθυνομένη
1085 3079 1100 3103 ,
1149 3041 1184 3111 ἢ
1215 3039 1313 3093 καὶ
1353 3038 1816 3111 προσεπεφώνητο
1871 3040 1987 3092 Ἐλ-

2096 3050 2274 3096 torum
2311 3041 2574 3110 capitum,
2602 3041 2816 3111 Elpidio
2840 3041 3054 3096 cuidam
3081 3042 3386 3096 sanctitatis
3433 3043 3676 3097 studioso

410 3100 571 3204 πιδίῳ
600 3133 729 3199 τινὶ,
762 3100 999 3204 όσιότητι
1027 3100 1461 3203 καθωσιωμένίρ.
1495 3100 1799 3195 Kal-abab;
1837 3133 1936 3202 μὲν
1965 3134 1987 3186 ό

2099 3135 2438 3203 inscriptum,
2493 3134 2578 3188 cui
2639 3133 2852 3188 titulum
2912 3135 3144 3203 ipsemet
3194 3133 3388 3204 158a
3441 3135 3677 3202 scriptor

411 3227 769 3295 συγγραφεὺς
811 3225 950 3292 Περὶ
998 3223 1237 3294 ἀγάπης
1292 3224 1386 3278 τὸν
1444 3225 1608 3278 πόνον
1665 3226 1989 3294 ἐπιγράφει,

413 3317 546 3383 ἴσως
583 3317 667 3371 ὃτι
697 3317 901 3389 ταύτην
927 3334 988 3370 τε
1029 3318 1204 3388 ἀρχὴν
1238 3317 1317 3388 τῷ
1353 3318 1646 3388 γράμματι
1690 3319 1993 3373 ὑποϐάλλε-

411 3427 538 3475 ται,
575 3411 674 3465 καὶ
717 3410 951 3480 ἀλλαχοῦ
992 3410 1253 3473 πολλάκις
1286 3412 1415 3480 περὶ
1452 3410 1625 3480 αὐτῆς
1654 3409 1994 3464 καταϐάλλε-

414 3519 504 3556 ται
528 3501 708 3571 λόγον’
755 3503 817 3554 οὐ
859 3501 964 3572 μὴν
993 3501 1129 3554 ἀλλὰ
1157 3501 1264 3571 γὰρ
1294 3502 1391 3553 καὶ
1417 3499 1634 3552 πολλῶν
1665 3499 1992 3571 προϐλημά-

414 3610 522 3646 των
563 3610 623 3646 τε
667 3596 763 3646 καὶ
811 3591 1186 3662 θεωρημάτων
1230 3585 1337 3661 (οἷς
1371 3590 1622 3658 θεολογία
1671 3590 1996 3660 κρατύνεται

416 3684 512 3736 καὶ
537 3683 574 3736 ἃ.
599 3683 743 3736 ὅσιον
781 3682 874 3735 τὸν
903 3682 1016 3752 βίον
1038 3681 1132 3735 καὶ
1160 3680 1400 3752 καθαρὸν
1425 3681 1600 3752 ποιεῖ)
1637 3679 1824 3750 ἱκανὴν
1849 3678 1996 3732 ἐστιν

417 3777 475 3829 ὲν
498 3777 680 3838 αὐτοῖς
700 3777 813 3839 τοῖς
835 3775 1134 3844 φιλοπόνως
1157 3773 1296 3828 αὐτὰ
1321 3771 1566 3845 μετιοῦσι
1593 3772 1996 3844 καρπώσασθαι

416 3870 518 3939 τὴν
543 3867 827 3936 ὠφέλειαν.

489 3961 601 4014 Καὶ
627 3960 691 4014 τὸ
720 3956 860 4023 εἶδος
887 3960 1035 4030 αὐτῷ
1060 3958 1153 4013 τοῦ
1175 3957 1335 4027 λόγου
1361 3959 1441 4022 εἰς
1467 3959 1530 4010 τὸ
1573 3958 1769 4011 λευκόν
1794 3974 1854 4009 τε
1900 3956 1996 4010 καὶ

419 4052 687 4124 ἐντορνον,
729 4053 874 4123 ἥπερ
915 4054 965 4105 οἱ
1009 4052 1195 4116 ἄλλοι,
1236 4049 1590 4103 διατυποῦται
1617 4049 1683 4111 τί,
1721 4047 1816 4101 καὶ
1844 4048 1997 4100 οὐδὲν

417 4146 650 4216 παρέχει
691 4144 720 4197 ὃ
747 4145 812 4199 ἄν
855 4163 939 4208 τις
979 4144 1316 4216 διερευνήσοι
1342 4144 1390 4174 ⁷³
1439 4140 1827 4211 μωμήσασθαι,
1858 4138 1997 4209 πλὴν

418 4235 495 4296 ὼς
519 4236 567 4268 ’³
606 4233 721 4288 ἐσθ’
762 4235 872 4306 ὅπη
916 4233 1017 4306 τὴν
1057 4231 1315 4303 Ἀττικὴν
1359 4231 1458 4301 τῆς
1493 4231 1657 4300 ἄλλης
1703 4229 1887 4298 φωνῆς
1932 4229 1996 4282 οὐ

417 4326 726 4401 προκρίνει.

1119 4439 1277 4505 Pw.

423 4549 538 4605 Τοῦ
579 4550 768 4604 αὑτοῦ
797 4549 946 4618 πρὸς
971 4547 1268 4618 Γεώργιον
1315 4549 1582 4615 ἔπαρχον
1605 4546 1955 4618 ,Ἐπιστολή
1978 4558 1995 4579 ο

491 4621 592 4673 καὶ
633 4622 801 4690 λόγοι
820 4615 902 4684 ῥ’,
937 4619 1006 4672 ἐν
1034 4615 1497 4690 οῖς-Θεολογικὰ
1522 4615 1621 4669 καὶ
1663 4617 1862 4670 Ἠθικά
1898 4633 1997 4670 κερ

488 4687 816 4760 φάλαιασκ
839 4689 938 4743 καὶ
956 4687 1306 4744 Ἐπιστολαὶ
1332 4687 1398 4740 ε’.

496 4783 619 4836 Ἔτι
644 4781 959 4852 ἀνεγνώσθη
987 4780 1035 4812 ⁷⁸
1081 4779 1177 4833 τοῦ
1206 4778 1373 4833 αὐτοῦ
1422 4776 1581 4848 ἁγίου
1615 4777 1803 4848 ἀνδρὸς
1827 4777 1990 4846 Πρὸς

421 4875 719 4947 Γεώργιον
735 4871 1361 4944 ἐπαρχονἘπιστολὴ,
1381 4870 1583 4940 πολλῆς
1605 4869 1874 4939 ὠφελείας
1901 4869 1996 4923 καὶ

422 4967 771 5032 κατανύξεως
799 4967 1065 5036 γέμουσα·
1101 4964 1195 5017 καὶ
1218 4964 1278 5015 τὸ
1311 4961 1412 5032 τῆς
1443 4963 1698 5032 φράσεως
1722 4964 1889 5032 αὐτῆς
1916 4964 1997 5024 εἰς

422 5064 485 5115 τὸ
509 5061 678 5130 σαφές
699 5076 759 5113 τε
783 5059 882 5113 καὶ⁵
913 5057 1102 5129 ἠθικὸν
1141 5056 1550 5126 ἀνεπτυγμένον
1577 5055 1713 5126 πρὸς
1736 5054 1804 5107 τὰ
1831 5061 1876 5106 υ⁹
1905 5071 1998 5106 κε-

2017 4458 2073 4518 1)

2097 3221 2291 3276 indidit
2322 3221 2401 3275 De
2427 3223 2718 3285 charitale,
2772 3223 2974 3276 idcirco
3035 3221 3290 3287 fortasse,
3356 3224 3499 3292 quod
3554 3225 3678 3279 inde

2096 3317 2380 3369 exordium
2431 3317 2750 3384 sumpserit,
2779 3324 2833 3368 et
2867 3315 3000 3369 alibi
3034 3315 3350 3384 frequenter
3385 3316 3454 3371 de
3485 3320 3675 3372 eadem

2096 3409 2352 3465 disserat.
2381 3409 2705 3478 Quanquam
2743 3418 2799 3464 et
2825 3424 2855 3464 ο
2883 3409 3066 3464 multis
3094 3409 3291 3464 ibidem
3321 3410 3676 3479 problematis

2097 3518 2162 3559 ac
2209 3503 2562 3558 theorematis
2613 3503 2844 3572 (quibus
2887 3515 3010 3556 cum
3067 3501 3338 3573 theologia
3402 3502 3671 3565 ﬁrmatur,

2099 3605 2210 3649 tum
2240 3593 2484 3650 sanctior
2542 3609 2607 3648 ac
2639 3595 2832 3663 purior
2853 3594 3092 3648 hominis
3149 3594 3258 3648 vita
3288 3593 3550 3664 redditur)
3582 3607 3674 3647 co-

2096 3689 2308 3758 piosum
2358 3701 2489 3742 sane
2527 3687 2789 3754 colligere
2832 3685 3070 3741 fructum
3104 3695 3305 3756 queant
3353 3687 3386 3740 ii
3425 3685 3517 3756 qui
3558 3687 3672 3743 haec

2097 3780 2385 3850 diligenter
2409 3780 2718 3850 pet'legant.

2173 3949 2434 4004 Dictionis
2485 3964 2661 4019 genus
2717 3949 3006 4004 candidum
3070 3964 3181 4017 prae
3226 3949 3444 4004 caeteris
3500 3960 3667 4019 atque

2099 4050 2370 4096 tornatam
2401 4041 2491 4096 hic
2539 4042 2881 4096 instituitur:
2915 4056 3015 4095 nec
3039 4042 3336 4110 quidquam
3384 4043 3453 4096 ibi
3489 4044 3670 4105 atfert,

2095 4133 2240 4203 quod
2271 4135 2704 4203 reprehendendi
2733 4149 2898 4189 causa
2922 4135 3186 4203 qtliSpiatn
3206 4146 3463 4190 excutere
3480 4137 3669 4204 possit.

2097 4226 2334 4284 Tantum
2400 4228 2600 4283 alicubi
2642 4243 2809 4283 voces
2861 4227 3070 4282 Atticas
3122 4226 3335 4281 caeteris
3366 4242 3471 4280 non
3515 4240 3670 4280 ante-

2095 4321 2272 4390 ponit.

2771 4428 3002 4486 CXCIV.

2097 4548 2355 4628 Ejttsdem
2377 4548 2514 4628 beati
2547 4545 2779 4628 ᾈΙοφίηιί
2804 4544 3148 4628 Epistolanad
3183 4543 3469 4628 Georgium
3517 4557 3675 4628 ερατ-

2161 4617 2846 4684 chum.——-Theologicorum
2873 4615 3263 4684 Horatiumque
3292 4615 3525 4679 capitum
3554 4627 3676 4664 cen-

2158 4689 2333 4752 turiaz,
2357 4689 2460 4741 sive
2486 4687 2611 4739 libri
2643 4701 2704 4751 It,
2733 4685 2988 4750 Epistolw
3014 4699 3067 4738 v.

2169 4774 2336 4830 Lecta
2366 4784 2625 4846 praeterea
2658 4786 2743 4829 est
2783 4773 3037 4845 ejusdem
3089 4773 3264 4829 sancti
3287 4771 3393 4826 viri
3433 4769 3675 4840 Epistola

2105 4868 2174 4920 ad
2198 4863 2481 4937 Georgium
2512 4867 2700 4936 epareh
2713 4883 2826 4932 um,
2857 4865 3125 4935 perutilis,
3153 4879 3285 4920 sane
3329 4875 3386 4920 et
3414 4879 3676 4933 compun-

2108 4960 2308 5015 ctionis
2337 4959 2518 5029 plena.
2551 4959 2728 5013 Dictio
2761 4973 2891 5012 vero
2922 4956 3040 5024 ejus
3072 4957 3128 5012 in
3155 4956 3597 5027 perspicuitatem
3623 4967 3678 5010 et

2113 5053 2391 5107 lenitatem
2415 5065 2734 5116 excurrens,
2766 5049 2989 5106 minime
3017 5049 3256 5119 spuriam
3286 5063 3409 5104 sese
3441 5047 3678 5103 retinere

1688 5189 1924 5246 VARUE
1951 5188 2358 5247 LECTIONES.

498 5293 542 5324 θ’
571 5299 698 5345 ante
733 5287 1071 5358 Ἀνεγνώσθη
1133 5303 1254 5342 cum
1303 5288 1349 5340 A
1389 5285 1547 5358 omisi
1610 5284 1750 5339 Ἔτι.
1829 5287 1873 5319 ⁸⁸
1913 5284 2080 5358 αὑτοῦ
2136 5300 2254 5358 om.
2310 5289 2374 5340 A.

2472 5287 2517 5318 ⁶⁹
2545 5285 2748 5355 ἀπόκρ.
2778 5284 2876 5338 καὶ
2903 5282 3066 5355 χρήσ.
3102 5299 3163 5345 ς.
3240 5281 3297 5355 ⁷⁸-
3320 5282 3415 5333 καὶ
3469 5294 3580 5335 om.
3609 5279 3676 5334 Δ.

429 5364 469 5395 ”
507 5351 892 5414 διατυποῦνται
921 5351 1233 5428 -παρὲχοι
1265 5359 1332 5410 Α.
1410 5357 1456 5387 ⁷³
1504 5356 1826 5429 διερευνήσῃ
1889 5375 1950 5422 ς.
2023 5355 2069 5387 ⁷⁸
2117 5355 2194 5420 ὡς
2243 5358 2367 5411 add.
2397 5358 2464 5411 A.
2540 5358 2586 5388 ⁷⁵
2610 5351 2733 5408 Ἔτι
2763 5351 3082 5424 ἀνεγνώσθη
3131 5367 3239 5405 om.
3274 5353 3339 5405 A.

1940 5495 2172 5552 NOTAE.

497 5614 612 5686 (42)
636 5614 788 5686 Idem
827 5609 1024 5686 alicubi
1085 5608 1376 5686 Gregorius
1426 5609 1727 5678 appellatus
1775 5612 1994 5683 legitur.

498 5680 610 5757 (45)
633 5685 686 5738 Itt
719 5681 1098 5738 cazteris’beati
1130 5680 1344 5732 Maximi
1376 5692 1610 5747 scriptis.

712 5781 989 5839 Pnaou.
1032 5777 1148 5836 Gtt.
1179 5773 1335 5835 CIII.

2177 5615 2286 5688 (Ml
2314 5615 2504 5672 Graece
2525 5616 2654 5670 olim
2685 5624 2741 5670 et
2768 5613 2960 5671 Latine
2999 5614 3054 5668 in
3102 5612 3396 5670 Germania
3441 5613 3672 5670 editum.

3252 5773 3318 5830 21
