4030 6248
400 295 498 361 651

1541 296 1805 356 ΡΗΟΤΙΙ
1844 293 2346 355 ΡΑΤΒΙᾹΒΩΙΙΚΕ
2383 295 2490 353 CP.

3535 291 3644 355 652

348 462 349 465 η
404 427 531 466 cum
566 408 977 481 quadringentis
1004 407 1106 461 illis
1133 406 1401 475 capitibus
1425 406 1581 476 quasi
1601 406 1970 475 cognationem

2079 405 2287 474 φάλαια
2313 404 2411 474 τὴν
2445 403 2765 472 συγγένειαν
2792 403 3077 459 ἀνόθευτον
3110 403 3383 457 δείκνυσιν
3413 402 3497 456 ὅτι
3525 403 3649 457 δια»-

405 504 546 558 satis
571 503 830 558 declarat.

471 595 526 649 lu
559 610 624 648 eo
677 594 792 663 ipso
840 591 1110 645 volumine
1159 590 1335 645 lectus
1389 590 1503 660 (45)
1559 590 1697 646 liber
1752 601 1972 643 centum

406 696 664 740 constans
696 684 985 752 capitibus,
1019 690 1075 735 et
1110 681 1248 735 alter
1280 682 1408 734 item
1438 682 1659 736 totidem
1699 682 1972 752 capitibus

407 777 703 840 absolutus,
727 776 779 829 in
829 775 1026 843 quibus
1063 789 1167 826 non
1218 773 1394 827 solum
1445 774 1750 827 divinarum
1790 788 1971 827 rerum

404 869 634 924 scicntia
683 867 884 930 elucet,
934 867 1028 920 sed
1085 866 1325 920 moribus
1374 880 1594 935 quoque
1643 867 1976 921 exornandis

404 972 530 1031 apta
565 960 813 1016 doctrina
846 958 1084 1013 excellit.
1121 958 1363 1024 Quorum
1384 959 1615 1027 .quidem
1645 958 1788 1012 nulla
1834 958 1887 1012 iu
1916 973 1977 1012 re

403 1069 526 1107 cum
565 1051 987 1123 quadringentis
1058 1050 1169 1106 illis
1226 1050 1499 1119 capitibus
1553 1050 1748 1105 similis
1788 1050 1975 1120 genius

401 1143 817 1205 adulteraretur,
842 1140 886 1196 si
916 1156 1019 1195 non
1051 1141 1341 1210 suppositae
1373 1141 1648 1209 plerisque
1676 1139 1967 1209 allegorim,

399 1235 579 1289 aliinia
610 1235 723 1289 haec
745 1234 793 1288 ei
831 1235 1035 1301 scripto
1068 1232 1467 1302 quodammodo
1500 1230 1793 1298 clIicerent,
1825 1231 1970 1299 quod

402 1324 721 1394 diligentem
756 1321 904 1376 illam
942 1321 1230 1374 dubiorum
1278 1335 1345 1374 ac
1380 1319 1710 1375 solutionum
1744 1334 1775 1373 e
1814 1332 1970 1374 sacra

404 1417 687 1485 Scriptura
754 1413 1191 1482 explanationem
1250 1412 1619 1482 persequitur,
1676 1411 1965 1466 Thalassio

400 1509 720 1580 presbytero
749 1522 813 1562 ac
844 1503 1098 1576 praefecto
1154 1504 1482 1558 dedicatum.
1516 1504 1838 1574 Quanquam
1866 1503 1967 1559 ho-

400 1615 521 1656 rum
554 1599 716 1655 etiam
765 1598 1029 1652 librorum
1066 1611 1188 1651 cum
1246 1595 1353 1651 illis
1381 1597 1650 1665 capitibus
1688 1596 1967 1667 cognatio,

2081 513 2265 558 σωςει.

2159 581 2246 635 Ἐν
2274 581 2331 634 δὲ
2362 581 2437 652 τῷ
2462 582 2610 652 αὑτῷ
2639 583 2819 653 τεύχει
2850 586 3260 657 ωνανεγνὼσθη
3289 585 3448 654 λόγος
3475 603 3645 657 κεφα-

2076 674 2248 738 λαίοις
2275 681 2320 745 ρ’
2345 674 2725 746 διειλημμένος
2748 717 2762 740 ,
2792 676 2887 729 καὶ
2916 676 3101 747 ἔτερος
3139 677 3340 748 ὁμοίως
3366 683 3483 742 τοῖς
3510 679 3644 745 ἴσοις

2078 767 2522 838 ἀπηρτισμένος,
2574 771 2632 822 ὲν
2683 763 2765 831 οἷς
2811 768 3056 838 θεολογία
3100 786 3162 823 τε
3206 770 3504 841 διαλάμπει
3550 772 3648 826 καὶ

2076 861 2224 932 ἠθῶν
2247 861 2608 930 διακόσμησις
2649 861 2961 931 διαπρέπει.
2994 863 3104 916 Καὶ
3132 862 3233 916 οὑκ
3263 863 3330 917 ἂν
3373 864 3431 917 ὲν
3468 864 3647 918 οὐδενί⁹

2077 953 2136 1005 τὸ
2162 953 2400 1023 ὀμοφυὲς
2439 953 2623 1016 αὑτοῖς
2650 953 2785 1025 πρὸς
2808 952 2877 1006 τὰ
2900 959 2942 1005 υ¹
2973 953 3242 1021 κεφάλαια
3269 953 3565 1017 ὲνοθεύετο,
3594 956 3645 1007 εί

2079 1044 2156 1116 μὴ
2199 1046 2261 1098 τὸ
2309 1045 2669 1117 ἀλληγορικὸν
2716 1046 2774 1098 ἐν
2818 1044 3032 1109 πολλοῖς
3070 1045 3505 1115 ὑποϐαλλόμενον
3546 1046 3644 1099 καὶ

2076 1136 2323 1205 ὁμόφυλά
2369 1155 2489 1201 πως
2538 1136 2676 1191 αὑτά
2736 1136 3093 1206 παραστῆσαν
3129 1136 3174 1167 ⁷⁸
3219 1139 3287 1208 τῇ
3356 1136 3641 1202 συντάξει,

2081 1225 2207 1299 [508
2234 1226 2328 1299 R.]
2374 1228 2497 1297 ἥτις
2533 1227 2822 1297 Γραφικῶν
2850 1228 2892 1260 ⁷⁸
2917 1228 3287 1298 ἁπορημάτων
3312 1229 3409 1282 καὶ
3437 1228 3645 1283 λύσεων

2079 1315 2292 1370 ἔκθεσιν
2336 1315 2631 1381 σπουδάζει
2671 1318 2767 1371 καὶ
2813 1317 3103 1388 Θαλασσίῳ
3141 1318 3258 1370 ἐστὶ
3286 1318 3645 1389 πρεσϐυτέρῳ

2077 1409 2172 1464 καὶ
2203 1410 2489 1481 ἡγουμένῳ
2532 1410 3045 1481 προσπεφωνημένη
3069 1450 3086 1476 ,
3120 1410 3182 1464 τὸ
3224 1410 3360 1482 πρὸς
3395 1410 3568 1465 ταῦτα
3590 1411 3644 1447 επ

2078 1502 2337 1571 συγγενὲς
2376 1501 2465 1556 διὰ
2501 1502 2601 1572 τῆς
2648 1503 2785 1574 πρὸς
2823 1503 3040 1573 ἐκείνην
3087 1501 3416 1566 οίκειώσεως
3440 1502 3643 1557 ὑποϐο-

2075 1593 2291 1664 λιμαῖον
2319 1593 2363 1626 ⁷⁸
2392 1590 2534 1649 εἶναι
2560 1594 2854 1665 λογισμοὺς
2885 1595 3252 1666 ἀναρριπίζει.

399 1711 497 1766 per
554 1693 868 1748 aﬂinitatem
924 1707 1048 1748 cum
1141 1692 1245 1747 hoc
1308 1693 1512 1762 scripto
1595 1690 1989 1764 [conﬁrmata],
2061 1706 2254 1747 omnes
2302 1692 2530 1763 repellat
2606 1706 2799 1747 causas
2887 1690 3245 1763 [suspicandi]
3305 1690 3641 1761 suppositum

398 1804 522 1846 eum
548 1802 667 1842 esse
695 1786 881 1840 fetum.

469 1882 527 1938 In
544 1882 732 1938 eodem
752 1880 915 1936 simul
937 1880 1536 1949 voluminelegebantur
1551 1895 1613 1934 va
1624 1881 1717 1934 rite
1731 1880 1974 1951 ejusdem
2002 1884 2050 1945 Β

393 1975 652 2043 Ερὶειοιιε
672 1989 691 2028 :
724 1988 954 2042 quarum
978 1972 1151 2042 prima
1179 1972 1244 2025 ad
1263 1970 1485 2025 Petrum
1511 1970 1805 2027 lllustrem.
1840 1973 1970 2039 Ejus

399 2067 593 2123 titulus
622 2085 636 2120 :
670 2065 861 2121 Oratio
893 2065 1060 2119 brevis
1089 2064 1155 2118 de
1205 2066 1456 2134 mysterio
1495 2061 1696 2119 Christi
1733 2063 1970 2127 Domini,

401 2169 448 2212 et
479 2161 728 2212 adversus
784 2155 959 2210 Severi
1008 2155 1276 2225 dogmata.
1315 2152 1504 2222 Capita
1538 2155 1653 2209 hac
1700 2153 1838 2224 (46).
1896 2152 1973 2209 De

400 2264 630 2305 numero
661 2264 691 2304 e
718 2258 914 2303 natura
949 2248 1123 2317 magis
1170 2246 1339 2317 petita
1367 2246 1643 2300 tractatio.
1683 2244 1760 2301 De
1814 2243 1971 2302 dide-

400 2343 578 2397 rentia
608 2349 663 2396 et
691 2339 958 2410 qualitate
992 2339 1323 2403 accuratius,
1354 2338 1531 2407 deque
1564 2338 1756 2393 borum
1779 2339 1973 2392 ortho-

400 2438 542 2489 doxa
567 2431 928 2502 professione.
950 2431 1061 2485 Pro
1081 2429 1418 2499 blasphemia
1432 2427 1762 2495 habendum,
1784 2429 1829 2484 si
1850 2430 1974 2498 quis

399 2528 475 2582 ita
503 2525 827 2596 simpliciter
846 2526 993 2580 dicat
1046 2523 1324 2579 Christum
1359 2538 1522 2578 unam
1549 2538 1670 2579 esse
1694 2532 1969 2578 naturam.

399 2619 478 2674 De
507 2617 810 2687 composita
862 2625 1082 2681 natura,
1115 2617 1341 2686 ejusque
1374 2616 1625 2670 ratione:
1654 2624 1710 2671 et
1742 2614 1908 2684 impie
1943 2632 1972 2668 a

399 2711 722 2780 quibusdam
748 2708 877 2777 dici,
917 2708 1197 2764 Christum
1226 2724 1391 2763 unam
1438 2722 1563 2764 esse
1610 2709 1970 2777 compositam

403 2812 676 2859 naturam.
714 2799 817 2867 Qui
847 2800 1052 2854 dixerit
1084 2798 1361 2855 Christum
1398 2799 1566 2854 Deum
1598 2809 1652 2854 et
1690 2799 1969 2854 hominem

402 2904 526 2962 post
557 2893 833 2957 unionem,
890 2890 936 2945 is
969 2891 1130 2945 simul
1183 2907 1304 2945 cum
1333 2890 1468 2960 ipsis
1498 2890 1810 2945 nominibus
1839 2905 1971 2945 cou-

401 2986 584 3040 tltetur
611 2995 829 3039 naturas
859 2983 1167 3038 necessario
1185 2993 1304 3052 post
1332 2984 1587 3038 unionem
1618 2997 1776 3051 esse;
1804 2991 1969 3047 recte,

400 3090 460 3130 ut
490 3086 735 3146 apparet,
769 3084 824 3129 et
875 3084 1277 3144 consequenter
1313 3074 1380 3129 iis
1406 3089 1527 3143 quae
1557 3074 1717 3137 dixit.
1744 3076 1972 3130 credere

399 3167 608 3222 volens.
643 3165 834 3237 15811
902 3165 978 3219 De
1034 3180 1167 3219 voce
1208 3165 1263 3219 in
1319 3163 1544 3221 duabus.
1606 3163 1776 3220 Recta
1833 3180 1969 3219 con-

399 3258 567 3313 fessio
600 3261 759 3313 unius
784 3267 995 3311 naturae
1025 3256 1187 3311 Verbi
1218 3270 1283 3310 ex
1309 3255 1529 3309 Patrum
1572 3258 1875 3320 sententia,
1912 3264 1969 3310 et

400 3348 623 3419 rejectio
654 3351 812 3405 unius
833 3348 1145 3418 compositae
1168 3357 1394 3401 naturae.
1429 3346 1503 3401 De
1523 3344 1794 3416 hypostasi
1819 3363 1970 3403 com-

398 3441 572 3511 p0sita
630 3440 802 3509 magis
874 3437 1141 3492 naturalis
1205 3436 1523 3507 disputatio.
1564 3435 1967 3491 DemonStratio

394 3534 562 3587 item:
597 3530 781 3586 Nouin
806 3530 991 3585 eadem
1021 3529 1266 3584 incidere
1283 3527 1547 3595 absurda,
1577 3528 1667 3597 qui
1689 3528 1964 3582 Christum

397 3638 517 3677 esse
552 3639 713 3676 unam
753 3622 1106 3692 compositam
1141 3621 1456 3692 bypostasin
1474 3621 1819 3687 conﬁtentur,
1844 3637 1963 3676 cum

397 3719 466 3773 iis
521 3718 610 3787 qui
650 3719 822 3786 ipsum
850 3731 971 3771 esse
1002 3726 1261 3770 asserunt
1297 3731 1455 3769 uuam
1485 3716 1839 3783 compositam
1865 3729 1966 3768 na-

398 3821 596 3863 turam.
626 3808 730 3862 Per
758 3806 925 3861 solam
950 3808 1378 3875 assumptionem
1410 3806 1607 3861 factam
1658 3820 1781 3860 esse
1812 3806 1961 3858 illam

394 3901 692 3957 secundum
748 3914 965 3954 carnem
992 3900 1243 3953 unionem
1270 3896 1479 3969 [Verbi]
1532 3907 1789 3966 tanquam
1826 3912 1966 3968 prae-

394 3993 707 4049 exsistentis
754 4001 809 4045 et
862 3991 1138 4046 voluntate
1199 3992 1451 4045 unionem
1479 3990 1591 4061 (47)
1641 4004 1763 4045 cum
1800 4003 1964 4044 carne

396 4083 695 4155 operantis.
729 4082 853 4137 Ha‘c
888 4083 953 4136 ad
977 4080 1196 4136 Petrum
1221 4081 1515 4135 illustrem.

452 4174 635 4229 Altera
649 4174 843 4230 deinde
865 4174 929 4226 ad
944 4173 1197 4227 Cosmam
1222 4172 1511 4227 diaconum
1536 4170 1960 4227 Alexandrinum

394 4265 677 4330 scribitur,
710 4265 785 4319 De
812 4264 1083 4319 communi
1115 4273 1170 4318 et
1201 4264 1437 4333 proprio,
1469 4265 1583 4318 sive
1613 4264 1681 4318 de
1722 4263 1959 4318 essentia

393 4366 450 4412 et
481 4355 853 4411 subsistentia.
890 4352 1060 4423 Hujus
1081 4364 1243 4423 caput
1271 4355 1505 4423 primum
1541 4368 1571 4407 e
1598 4359 1787 4407 natura
1825 4367 1961 4421 pra:-

392 4450 550 4518 cipua
581 4448 749 4518 petita
790 4444 1042 4517 probatio
1077 4454 1159 4500 est
1189 4462 1203 4498 :
1269 4442 1413 4497 Nibil
1442 4444 1699 4498 videlicet
1755 4458 1952 4498 eorum

390 4556 510 4609 quae
540 4548 690 4605 sunt,
721 4540 860 4595 idem
897 4539 1057 4593 etiam
1085 4536 1381 4592 secundum
1418 4535 1713 4591 essentiam
1746 4546 1801 4590 et
1831 4534 1959 4589 sub—
1988 4567 2034 4623 Ι)

390 4631 693 4686 sistentiam
743 4646 865 4685 cum
893 4630 1063 4684 altero
1088 4644 1230 4696 esse,
1280 4638 1565 4698 propterea
1612 4627 1753 4696 quod
1808 4626 1951 4680 idem

391 4736 728 4789 nequaquam
758 4721 824 4773 sit
850 4720 1086 4775 essentia
1113 4729 1277 4788 atque
1308 4717 1689 4784 subsistentia,
1730 4716 1869 4770 adeo
1894 4726 1956 4770 ut

389 4827 511 4883 qua:
561 4813 795 4869 essentia
854 4813 1044 4869 eadem
1098 4820 1245 4876 sunt,
1302 4809 1649 4865 subsistentia
1708 4807 1953 4880 [saltem]

2160 1881 2248 1933 ‘Ev
2276 1879 2459 1951 ταυτῷ
2494 1879 2550 1932 δὲ
2582 1875 3098 1945 συνανεγνώσθησαν
3142 1875 3236 1928 τοῦ
3280 1872 3447 1928 αὑτοῦ
3484 1872 3645 1927 Ἐπι-

2074 1970 2289 2025 στολαῑ
2312 1970 2577 2040 διάφοροι.
2624 1964 2724 2023 ’Ὧν
2757 1967 2950 2040 πρώτη
2985 1968 3083 2040 μὲν
3124 1966 3261 2038 πρδς
3289 1965 3496 2037 Πέτρον
3544 1965 3644 2019 Ἰλ-

2073 2059 2457 2137 λούστριον,ἦς
2487 2062 2767 2134 ἐπιγραφὴ
2788 2062 2832 2094 ⁷⁸
2867 2062 2988 2133 μὲν,
3019 2060 3156 2129 Περὶ
3196 2059 3299 2113 τοῦ
3328 2057 3481 2113 κατὰ
3512 2059 3646 2123 Χρι-

2073 2158 2227 2213 στὸν
2240 2158 2579 2225 μυστηρίου
2601 2157 2792 2227 Λόγος
2819 2155 3098 2225 ἐπίτομος
3117 2153 3216 2207 καὶ
3234 2152 3384 2206 κατὰ
3402 2150 3528 2223 [262
3549 2149 3641 2221 Η]

2073 2250 2192 2305 τῶν
2236 2249 2499 2318 Σεϐήρου
2549 2247 2874 2318 δογμάτων,
2906 2246 3178 2316 κεφάλαια
3220 2244 3279 2297 δὲ
3302 2243 3427 2297 τάδε
3457 2259 3473 2274 ’
3506 2244 3646 2313 Περὶ

2073 2341 2309 2414 ἀριθμοῦ
2357 2341 2704 2413 φυσικωτέρα
2751 2339 3031 2410 διάληψις,
3083 2338 3212 2409 περὶ
3245 2337 3509 2406 διαφοράς
3549 2337 3644 2388 καὶ

2075 2436 2357 2506 ποιότητος
2410 2434 2799 2507 ἀκριϐέστερον
2862 2432 2956 2485 καὶ
2999 2431 3101 2501 τῆς
3155 2428 3334 2483 αὑτῶν
3383 2426 3646 2491 edat-:6ch

2073 2528 2381 2597 ὁμολογίας
2424 2528 2507 2581 ὃτι
2552 2525 2871 2596 βλάσφημον
2911 2524 2974 2577 τὸ
3018 2524 3198 2591 λέγειν
3244 2523 3417 2585 οὑτως
3456 2520 3644 2583 ἁπλῶς

2073 2622 2162 2675 τὸν
2190 2621 2424 2693 Χριστὸν
2469 2620 2598 2691 μίαν
2642 2618 2821 2688 φύσινο
2865 2617 2996 2689 περὶ
3027 2617 3280 2670 συνθέτου
3305 2616 3519 2684 φύσεως
3546 2615 3644 2667 καὶ

2071 2716 2167 2771 τοῦ
2208 2715 2327 2768 κατ’
2358 2713 2525 2784 αὑτὴν
2565 2711 2747 2779 λόγου,
2777 2711 2873 2765 καὶ
2900 2710 2975 2774 ὡς
2998 2708 3290 2763 ἀσεϐοῦσιν
3317 2709 3367 2761 οί
3396 2707 3644 2777 λέγοντες

2072 2810 2162 2861 τὸν
2192 2805 2427 2878 Χριστὸι
2452 2806 2581 2876 μίαν
2615 2802 2868 2857 σύνθετον
2888 2803 2935 2835 ⁸⁰
2965 2802 3145 2870 φύσιν·
3178 2801 3260 2854 ὅτι
3291 2802 3321 2853 ὁ
3349 2800 3521 2868 λέγων
3552 2799 3646 2854 τὸν

2071 2900 2306 2971 Χριστὸν
2334 2897 2467 2952 Θεὸν
2509 2900 2603 2951 atati.
2636 2896 2922 2967 ἄνθρωπον
2969 2894 3107 2965 μετά
3166 2894 3265 2965 τὴν
3291 2894 3486 2947 ἕνωσιν
3516 2909 3645 2945 συν-

2076 2991 2328 3060 ομολογεῖ
2356 2992 2468 3053 τοῖς
2490 2990 2715 3057 ὀνόμασι
2738 2989 2837 3051 τὰς
2880 2987 3070 3057 φύσεις
3112 2987 3172 3051 ἐξ
3214 2986 3461 3056 ἀνάγκης
3501 2987 3643 3055 μετά

2070 3083 2169 3154 τὴν
2196 3083 2410 3141 ἕνωσιν.
2444 3081 2619 3152 ὀρθῶς
2646 3080 2887 3151 δηλονότι
2919 3080 3011 3133 καὶ
3037 3079 3346 3140 ἀκολούθως
3381 3071 3461 3140 οἷς
3491 3077 3641 3144 λέγει

2072 3170 2350 3226 πιστεύειν
2382 3170 2675 3242 ᾑρημένος’
2709 3171 2839 3241 περὶ
2859 3170 2960 3240 τῆς
2982 3170 3053 3223 ἐν
3079 3169 3189 3222 δύο
3218 3169 3482 3239 φωνῆς’ί·
3511 3169 3644 3237 περὶ

2068 3262 2167 3333 τῆς
2197 3262 2323 3332 μιᾶς
2344 3261 2436 3314 τοῦ
2464 3261 2623 3330 λόγου
2651 3259 2863 3329 φύσεως
2886 3258 3114 3329 εὑσεόὴς
3135 3258 3181 3290 ⁸³
3212 3258 3470 3327 ὁμολογία
3496 3257 3641 3312 κατά

2068 3355 2195 3418 τοὺς
2222 3354 2470 3424 Πατέρας
2495 3392 2511 3417 ,
2540 3354 2635 3406 καὶ
2670 3352 2924 3421 ἀθέτησις
2959 3352 3058 3421 τῆς
3098 3353 3227 3423 μιᾶς
3256 3352 3512 3406 συνθέτου
3539 3353 3642 3420 φύ-

2070 3464 2229 3510 σειιις⁸
2266 3439 2396 3516 περὶ
2429 3445 2780 3507 ὑποστάσεως
2826 3443 3081 3497 συνθέτου
3127 3442 3478 3513 φυσικωτέρα
3519 3443 3639 3497 διά-

2066 3539 2227 3609 ληψις
2251 3580 2267 3605 ,
2325 3539 2420 3591 καὶ
2455 3536 2732 3603 ἀπόδειξις
2771 3536 2847 3599 ὡς
2896 3536 3019 3607 οὑχὶ
3051 3538 3165 3598 τοῖς
3199 3534 3381 3597 αὑτοῖς
3417 3534 3640 3598 ἀτόποις

2067 3630 2487 3701 περιπίπτουσιν
2528 3630 2579 3682 οἱ
2629 3629 2759 3699 μίαν
2802 3628 3058 3682 σύνθετον
3110 3628 3408 3684 ὑπόστασιν
3441 3628 3639 3697 ὁμολο-

2066 3719 2286 3788 γοῦντες
2303 3718 2395 3773 τὸν
2418 3717 2649 3789 Χριστὸν
2672 3719 2782 3780 τοῖς
2807 3716 2935 3788 μίαν
2958 3717 3119 3772 αὑτὸν
3143 3716 3397 3773 σύνθετον
3417 3718 3639 3785 λέγουσι

2067 3810 2249 3881 φύσιν·
2282 3811 2325 3864 θ’
2359 3810 2653 3879 κεφάλαιον
2679 3809 2725 3841 ⁸³
2757 3811 2838 3863 ὅτι
2871 3808 3013 3863 κατὰ
3054 3809 3358 3880 πρόσληψιν
3399 3810 3566 3881 μόνην
3587 3811 3639 3843 ⁸⁵

2064 3904 2097 3971 ἡ
2134 3900 2269 3971 πρὸς
2295 3900 2394 3971 τὴν
2420 3901 2598 3971 σάρκα
2622 3898 2844 3968 γέγονεν
2866 3899 3060 3963 ’ένωσις
3078 3942 3094 3965 ,
3121 3899 3197 3964 ὡς
3228 3899 3508 3971 προόντος,
3542 3901 3639 3956 καὶ

2065 3993 2330 4063 θελήματι
2353 3992 2449 4063 τὴν
2470 3993 2606 4063 πρὸς
2622 3993 2668 4025 ⁸⁵
2688 3992 2866 4062 σάρκα
2888 3992 3331 4064 διαπραξαμένου
3351 3991 3545 4048 ἕνωσιν
3566 3994 3634 4049 ⁸⁸.

2077 4083 2217 4136 Ἀλλ’
2252 4086 2286 4153 ἡ
2319 4083 2418 4154 μὲν
2449 4085 2585 4153 πρὸς
2619 4084 2827 4153 Πέτρον
2867 4082 3244 4154 Ἰλλούστριον.

2147 4171 2339 4245 Ἑτέρα
2384 4172 2440 4224 δὲ
2474 4171 2611 4242 πρὸς
2655 4173 2884 4243 Κοσμάν
2930 4173 3178 4227 διάκονον
3228 4173 3635 4243 Ἀλεξανδρείας

2064 4261 2193 4329 περὶ
2218 4257 2396 4312 κοινοῦ
2434 4260 2529 4314 καὶ
2563 4261 2716 4325 ἰδίου,
2749 4262 3027 4315 τουτέστιν
3056 4262 3247 4325 οὐσίας
3271 4263 3367 4316 καὶ
3399 4264 3637 4317 ὑποστάο

2065 4354 2221 4414 σεως.
2262 4346 2370 4415 ἿΙς
2412 4352 2709 4420 κεφάλαιον
2732 4354 2777 4384 ⁸⁷
2813 4354 3123 4424 κατασκευὴ
3163 4353 3510 4426 φυσικωτέρα
3558 4356 3634 4418 ὡς

2062 4444 2212 4495 οὐδὲν
2242 4443 2352 4496 τῶν
2382 4443 2551 4497 ὅντων
2584 4444 2756 4517 ἑτέρῳ
2787 4445 2894 4498 τινὶ
2926 4446 3123 4500 ταυτόν
3150 4449 3266 4500 ἐστι
3297 4448 3419 4502 κατ’
3445 4448 3635 4501 οὐσίαν

2063 4536 2159 4587 καὶ
2189 4534 2505 4601 ὑπόστασιν,
2548 4536 2636 4589 διά
2684 4537 2747 4589 τὸ
2783 4537 2858 4608 μὴ
2900 4538 3098 4592 ταυτὸν
3145 4536 3283 4592 εἶναι
3316 4539 3504 4593 οὑσίαν
3538 4539 3634 4592 καὶ

2063 4627 2380 4691 ὑπόστασιν,
2412 4628 2546 4682 ἀλλὰ
2570 4629 2639 4682 τά
2674 4630 2772 4700 μὲν
2795 4631 2915 4683 κατ’
2944 4631 3132 4685 οὑσίαν
3159 4632 3330 4685 ταυτά
3357 4633 3478 4696 ταῖς
3508 4633 3636 4702 ὑποτ

2066 4718 2317 4774 στάσεσιν
2348 4721 2533 4793 ἕτερα,
2567 4722 2604 4777 ἃ
2632 4723 2688 4775 δὲ
2718 4724 2892 4778 ταυτά
2929 4723 3051 4778 καθ’
3074 4724 3119 4756 ⁸⁸
3153 4725 3472 4788 ὑπόστασιν,
3510 4724 3634 4778 κατ’

2065 4811 2254 4867 οὐσίαν
2291 4815 2386 4867 καὶ
2428 4815 2591 4884 φύσιν
2634 4814 2889 4887 διάφορα.
2925 4816 3187 4887 Δεύτερον
3218 4818 3300 4870 ὅτι
3341 4817 3371 4869 ό
3397 4817 3633 4887 Χριστὸς

1647 4942 1883 4997 VARIAE
1946 4942 2239 5002 LECTION
2246 4948 2345 5003 ES.

459 5066 506 5100 ’⁸
538 5034 909 5135 παραστήσας
947 5061 994 5115 Α
1048 5076 1064 5113 :
1109 5060 1463 5135 παραστήσας
1508 5053 1576 5129 ἦν
1604 5076 1689 5135 ις.

389 5141 438 5173 rs
475 5128 909 5206 νζγπερδῴλβάεἱθκθΔ
935 5148 1031 5206 -ςη
1110 5128 1253 5206 τῖ’-,ἦς
1356 5128 1633 5206 ἐπιγραφὴ
1682 5146 1742 5192 ς·

388 5279 511 5334 libri
532 5269 760 5330 κένωσιν
858 5272 903 5303 ⁸⁷
928 5269 1219 5325 κεφάλαιον

1801 5059 1847 5090 ⁷⁸
1875 5064 2263 5131 συγγραφικῶν
2292 5066 2355 5119 Α.
2450 5066 2494 5098 ⁷⁷
2535 5083 2736 5137 προσπ.
2798 5066 2892 5119 καὶ
2944 5068 3006 5119 τὸ
3053 5067 3186 5136 πρὸς
3238 5064 3414 5118 ταῦτα
3458 5064 3514 5117 δὲ
3563 5082 3625 5129 ς.

1830 5130 1877 5161 ⁸⁸
1916 5131 2169 5185 σύνθετον
2233 5136 2362 5185 μίαν
2394 5154 2452 5185 c.
2529 5136 2573 5167 ⁸⁸
2606 5137 2787 5185 ωωνῆε
2824 5138 2916 5185 καὶ
2949 5136 3078 5185 περὶ
3100 5138 3165 5185 Α-
3242 5136 3287 5167 ⁸⁸
3305 5135 3622 5185 εὑσεϐὦςΑ.

388 5168 435 5242 ἐξ
458 5168 992 5275 attagenam?
1006 5169 1072 5254 λ.
1146 5168 1757 5322 ει·ι’ἀεΠ;ῑίιετῑ·¹εῖκ·ι
1790 5215 1843 5267 ρ.
1886 5168 2168 5257 ι’ἑῑπ’ῗὶῗ’
2203 5168 2423 5277 ετέέδέ
2439 5176 2543 5277 τὴν
2566 5168 2905 5271 mea";

388 5279 511 5334 libri
532 5276 760 5330 κένωσιν
858 5272 903 5303 ⁸⁷
928 5216 1258 5341 κεφάλαιονῗ
1291 5284 1320 5322 a
1361 5271 1426 5322 de
1448 5268 1516 5321 α’.
1592 5267 1636 5299 ⁸⁸
1658 5267 1779 5321 καθ’
1808 5270 1854 5321 Α
1880 5287 1894 5323 :
1931 5273 2069 5325 κατὰ
2096 5275 2195 5341 τὴν
2213 5293 2273 5340 ς,

1291 5267 1426 5322 adde
1448 5268 1516 5321 α’.
1570 5267 1636 5299 "3
1658 5267 1779 5321 καθ’
1808 5270 1854 5321 Α
1880 5287 1894 5323 :
1931 5273 2069 5325 κατὰ
2096 5275 2195 5343 τὴν
2213 5293 2273 5340 ς.

2529 5135 2787 5206 ⁸Γφωνῆς
2824 5138 2916 5190 καὶ
2949 5136 3078 5204 περὶ
3100 5135 3165 5191 Α.
3242 5136 3287 5167 ⁸²
3305 5135 3622 5199 εὑσεϐὦςΑ.

3001 5206 3047 5238 ⁸⁸
3080 5208 3272 5270 ἓνωσις
3323 5206 3581 5261 Scbottus
3606 5221 3621 5258 :

2232 5136 2362 5201 μίαν
2394 5154 2452 5201 ς.

1918 5387 2150 5443 NOTAE.

458 5503 570 5575 (45)
594 5502 767 5572 Hujus
799 5507 1099 5575 arguunentt
1132 5506 1581 5575 centurlseptem
1606 5498 1659 5551 in
1693 5499 1942 5575 bibliotb:

390 5568 568 5628 V‘a‘tic.
625 5568 1104 5627 cistare‘aﬂirmat
1154 5572 1307 5623 card.
1331 5568 1621 5634 Baronius,
1662 5578 1790 5625 tom.
1830 5570 1942 5625 VIII

388 5643 588 5697 Annal.
614 5652 672 5696 ut
703 5651 760 5696 et
789 5640 1084 5709 Augustaui
1114 5639 1167 5693 in
1199 5637 1332 5709 Su_d.

451 5712 565 5782 (46)
593 5710 765 5782 Supra
800 5707 1011 5781 quoque
1035 5709 1141 5766 9.92
1165 5709 1229 5766 ad
1254 5707 1514 5768 Joannem
1567 5709 1947 5779 philosophum

2046 5508 2379 5574 praesrripta.

2114 5574 2224 5646 (47)
2256 5579 2489 5633 Ἒνωσιν
2519 5580 2746 5637 emendo
2768 5595 2835 5636 ex
2875 5578 3096 5649 epistola
3144 5581 3209 5635 ad
3240 5576 3461 5636 Petrum
3490 5574 3615 5635 illu~

2055 5654 2222 5702 strem
2247 5664 2395 5717 supr.
