4030 6248
387 324 490 386 653

1451 317 1973 379 BIBLIOTHECA.
2012 341 2081 351 -
2126 318 2289 377 COD.
2328 318 2599 380 CXCXIV

3537 317 3639 383 654

388 440 504 499 ταῖς
538 435 636 505 μὲν
684 433 805 488 κατ’
851 433 1041 486 οὐσίαν
1085 429 1193 483 τῶν
1231 428 1448 483 οἰκείων
1498 430 1680 499 μερῶν
1723 430 1861 499 πρὸς
1894 430 1957 482 τὰ

2067 430 2500 497 distinguantur;
2527 439 2581 485 et
2607 427 2846 501 [contra]
2877 442 2996 497 qua:
3025 425 3383 483 subsistentia
3415 429 3631 492 eadem.

386 530 532 598 ἄκρα
565 525 874 594 κοινότησιν
904 522 1193 590 ἑνούμενος
1214 561 1230 583 ,
1258 521 1357 591 τὴν
1387 521 1524 591 πρὸς
1560 521 1696 575 ἄλλα
1723 523 1834 573 τῶν
1863 538 1961 591 με-

390 620 499 689 ρῶν
530 618 844 687 σωζομένην
879 611 993 685 εἶχε
1022 612 1309 685 διαφοράν,
1356 615 1475 676 ταῖς
1521 613 1579 666 δὲ
1623 613 1735 667 τῶν
1777 614 1960 683 μερῶν

391 708 616 777 ἰδιότησι
642 706 704 760 τὸ
735 703 857 758 καθ’
889 705 1191 758 ὑπόστασιν
1225 702 1491 756 διεδείκνυ
1526 702 1604 765 ὼς
1630 701 1752 755 ὅλον
1780 705 1962 755 κοινὸν

387 800 735 869 ἀμφοτέρων.
767 797 821 850 Γ¹
848 796 932 849 ὅτι
953 794 1023 847 τά
1062 795 1163 865 μὲν
1194 794 1318 847 καθ’
1347 793 1645 847 ὑπόστασιν
1666 793 1821 845 κοινὰ
1852 794 1962 848 τῶν

392 888 577 959 μερῶν
612 888 675 941 τὸ
712 888 856 951 ὅλον,
887 887 1054 957 ἡγουν
1081 886 1173 940 τὸν
1206 883 1463 956 Χριστὸν,
1498 882 1757 953 ὴφόριζον
1784 884 1829 917 ⁸9
1854 884 1962 937 τῶν

386 981 594 1049 ἄκρων,
627 978 697 1032 τά
725 979 783 1031 δὲ
826 979 946 1031 κατ’
994 977 1183 1030 οὐσίαν
1214 975 1351 1046 πρὸς
1395 974 1466 1027 τὰ
1493 974 1640 1043 ἄκρα
1670 975 1827 1028 κοινὰ
1853 974 1963 1033 τῶν

389 1071 575 1142 μερῶν
618 1070 696 1134 ὡς
740 1070 859 1124 ὅλον
893 1069 1136 1140 συνῆπτε
1175 1071 1289 1132 τοῖς
1320 1068 1515 1136 ἄκροις
1544 1065 1821 1129 οὐσιωδῶς
1870 1065 1962 1117 τὸν

386 1162 646 1232 Χριστόν.
676 1158 729 1214 Δ⁹
755 1162 839 1214 ὅτι
865 1160 998 1223 Θεὸς
1026 1159 1287 1229 ὑπάρχων
1315 1159 1520 1221 τέλειος
1545 1159 1574 1211 ὁ
1604 1156 1841 1228 Χριστὸς
1865 1156 1962 1209 καὶ

385 1254 671 1326 ἄνθρωπος
683 1254 886 1317 τέλειος
906 1256 934 1309 ὁ
958 1252 1142 1317 αὐτὸς,
1168 1249 1282 1323 εἶχε
1304 1252 1369 1303 τὸ
1384 1250 1564 1305 κοινὸν
1585 1249 1767 1303 αὐτῶν
1786 1248 1885 1302 καὶ
1902 1247 1962 1300 τὸ

387 1346 519 1399 ἴδιον
543 1341 625 1408 οἷς
654 1346 790 1415 πρὸς
819 1345 1012 1398 ἑαυτὸν
1037 1345 1274 1396 ἐποιεῖτο
1298 1343 1398 1413 τὴν
1424 1343 1534 1394 τῶν
1555 1341 1743 1413 ἄκρων
1768 1338 1963 1393 ἕνωσιν

384 1436 483 1489 καὶ
497 1436 788 1507 διάκρισιν,
817 1438 884 1506 τῇ
920 1435 1020 1506 μὲν
1049 1435 1184 1505 πρὸς
1212 1433 1403 1487 ἑαυτὸν
1435 1432 1627 1487 ὲνὼσει
1648 1433 1757 1486 τῶν
1777 1431 1963 1501 ἄκρων

387 1527 445 1578 ἐν
457 1523 635 1593 ἑαυτῷ
655 1524 967 1596 σωζομένας
986 1524 1085 1588 τάς
1100 1524 1157 1588 ἐξ
1173 1517 1246 1578 ὧν
1261 1522 1517 1595 συνετέθη
1534 1522 1728 1592 φύσεις
1742 1522 1963 1577 πιστού-

389 1630 570 1684 μενος,
602 1618 670 1686 τῇ
701 1615 758 1668 δὲ
805 1615 944 1685 πρὸς
992 1615 1183 1668 ἑαυτὸν
1228 1614 1496 1684 διακρίσει
1534 1613 1643 1669 τῶν
1682 1615 1868 1686 ἄκρων
1901 1614 1964 1668 τὸ

390 1701 677 1772 μοναδικδν
695 1702 796 1772 τῆς
817 1703 1028 1763 οἰκείας
1055 1703 1328 1773 παριστὰς
1351 1703 1721 1768 ὑποστάσεως.
1753 1704 1807 1756 Ε⁸
1834 1704 1961 1774 περὶ

385 1795 651 1865 διαφορᾶς
677 1793 925 1863 διάληψις
956 1794 1241 1866 σύντομος,
1272 1794 1341 1849 δι’
1362 1789 1430 1866 ἦς
1453 1795 1730 1849 δείκνυται
1753 1795 1814 1849 τὸ
1839 1797 1959 1851 κατ’
1988 1780 2037 1839 Β

385 1885 578 1939 οὐσίαν
605 1884 770 1939 ποσὸν
798 1884 910 1939 τῶν
957 1886 1252 1957 ήνωμὲνων
1297 1886 1624 1957 σωζόμενον.
1675 1889 1746 1954 ς’
1786 1904 1957 1941 κατα-

386 1979 557 2049 σκευὴ
571 1977 882 2048 πλατυτέρα
899 1979 996 2033 καὶ
1013 1979 1363 2050 φυσικωτέρα
1378 1980 1682 2052 περιιδιαφο
1689 1982 1787 2052 ρᾶς
1800 1982 1895 2035 καὶ
1908 1981 1956 2014 ⁸⁸

383 2070 681 2140 ποσότητος
731 2070 829 2124 καὶ
876 2071 971 2124 τοῦ
1039 2070 1326 2141 δηλοῦντος
1380 2071 1552 2137 αὐτάς
1599 2072 1645 2103 ⁹¹
1696 2072 1957 2143 ἀριθμοῦ.

383 2161 513 2233 [509
535 2159 627 2234 3.]
656 2162 709 2213 Ζ¹
731 2162 813 2215 ὅτι
841 2163 871 2215 ὁ
899 2163 976 2231 μὴ
1002 2162 1203 2215 ταυτὸν
1232 2161 1387 2237 εἰδὼς
1412 2162 1576 2231 φύσιν
1600 2163 1694 2216 καὶ
1723 2164 1959 2216 ὑπόστα-

380 2273 469 2310 σιν
501 2254 740 2318 εὗσεὸῶς
768 2255 860 2308 ἐπὶ
886 2252 1124 2325 Χριστοῦ
1155 2252 1474 2325 δογματίζει
1506 2255 1606 2326 τὴν
1634 2254 1830 2308 ἕνωσιν
1864 2254 1957 2309 καὶ

377 2346 480 2416 τὴν
502 2345 790 2416 διαφοράν,
819 2339 894 2399 ὧν
914 2345 975 2397 τὸ
1003 2345 1102 2415 μὲν
1130 2346 1324 2415 ὁρᾶται
1353 2344 1496 2398 κατὰ
1517 2346 1617 2413 τὴν
1637 2345 1951 2411 ὑπόστασιν,

378 2434 441 2488 τὸ
472 2434 530 2487 δε
575 2434 725 2488 κατὰ
754 2433 854 2504 τὴν
892 2432 1072 2501 φύσιν.
1107 2434 1169 2485 Η¹
1204 2433 1286 2509 ὅτι
1317 2432 1555 2503 Σεὸἧρος
1583 2433 1781 2486 ταυτὸν
1815 2429 1954 2489 εἶναι

378 2525 702 2597 βιαζόμενος
730 2524 893 2593 φύσιν
925 2525 1021 2578 καὶ
1058 2524 1357 2577 ὑπόστασιν
1404 2526 1601 2594 συγχεῖ
1628 2523 1729 2596 τὴν
1761 2523 1954 2579 ἕνωσιν

378 2619 478 2673 καὶ
514 2621 662 2671 ποιεῖ
680 2618 725 2650 ⁸⁸
752 2618 1017 2688 διαίρεσιν
1050 2616 1149 2687 τὴν
1176 2616 1438 2686 διαφοράν
1455 2633 1469 2647 ·
1493 2616 1617 2670 καθ’
1649 2615 1717 2686 ἢν
1743 2616 1952 2669 δείκνυ-

375 2728 469 2763 ται
498 2711 594 2763 καὶ
622 2710 713 2763 τὸν
740 2709 838 2777 τῆς
863 2709 909 2742 ⁸³
948 2709 1178 2779 Τριάδος
1209 2711 1289 2771 εἰς
1325 2708 1556 2778 τετράδα
1585 2707 1951 2772 διασκεδάζων

376 2800 572 2869 Λόγον,
623 2799 807 2853 καὶτὸ
856 2799 955 2869 τῆς
1003 2800 1131 2868 μιᾶς
1179 2798 1431 2868 θεότητος
1480 2797 1832 2867 κατατέμνων
1870 2799 1950 2861 εἰς

376 2893 544 2948 δυάδα
574 2894 893 2965 μυστήριον,
942 2893 1037 2945 καὶ
1076 2892 1255 2960 πάσης
1282 2891 1374 2944 τὸν
1404 2891 1638 2964 Χριστὸν
1687 2890 1945 2961 ὑπερορί-

379 2986 488 3050 ζων
517 2985 788 3048 οὑσιωδῶς
810 2984 856 3016 ⁸⁵
879 2982 1185 3052 ὑπάρξεως.
1217 2982 1345 3054 [265
1368 2981 1460 3054 IL]
1490 2982 1545 3036 Θ¹
1571 2982 1786 3046 έκθεσις
1822 2983 1945 3036 σύν-

2063 520 2303 573 essentia
2334 520 2439 572 sint
2473 529 2639 588 atque
2667 528 2860 573 natura
2878 518 3112 573 diversa.
3144 517 3453 573 Secundum
3476 534 3639 590 caput

2063 611 2167 665 ista
2218 613 2447 680 exponit
2476 629 2489 664 :
2522 612 2772 666 Christus
2803 610 3105 666 rationibus
3150 611 3370 680 quidem
3393 627 3623 667 commu-

2062 703 2221 757 nibus
2279 704 2578 758 secundum
2638 703 2934 757 essentiam
2981 702 3322 772 propriarum
3391 703 3629 773 partium

2061 809 2187 849 cum
2211 789 2475 849 extremis
2506 794 2711 858 unitus,
2750 794 2955 849 salvam
3019 794 3073 847 in
3119 792 3345 861 reliquis
3397 794 3631 864 partium

2063 886 2471 942 distinctionem
2552 887 2863 952 retinebat;
2933 895 2989 939 at
3034 900 3163 940 vero
3211 886 3634 955 proprietatibus

2063 976 2257 1031 barum
2288 978 2520 1045 partium
2573 978 2741 1032 veluti
2792 985 2963 1032 totum
3019 976 3290 1046 quoddam
3345 978 3632 1032 ambarum

2062 1080 2387 1133 commune,
2440 1068 2756 1138 hypostasin
2809 1067 3122 1122 exhibebat.
3195 1066 3637 1136 Tertium:Qum

2062 1160 2356 1214 secundum
2389 1160 2702 1230 hypostasin
2728 1174 3050 1214 communes
3078 1168 3237 1215 erant
3260 1162 3497 1215 rationes
3518 1174 3637 1230 par-

2060 1253 2412 1317 tium,totum
2447 1252 2646 1320 ipsum.
2676 1250 2729 1305 id
2762 1259 2847 1306 est
2872 1250 3178 1316 Christum,
3217 1251 3637 1321 distinguebant

2063 1342 2133 1397 ab
2161 1344 2463 1397 extremis:
2503 1356 2625 1411 quae
2666 1356 2799 1396 vero
2827 1342 3123 1397 secundum
3141 1341 3436 1396 essentiam
3477 1350 3637 1396 erant

2064 1433 2372 1487 communia
2416 1434 2650 1502 partium
2703 1433 2772 1487 ad
2807 1442 3073 1498 extrema,
3127 1432 3407 1488 Christum
3465 1433 3633 1488 veluti

2067 1532 2239 1577 totum
2273 1524 2642 1579 essentialiter
2672 1539 2794 1579 cum
2818 1526 3077 1580 extremis
3099 1524 3419 1594 iungebant.
3453 1523 3631 1591 Quar-

2063 1622 2215 1668 tum:
2258 1614 2392 1669 Cum
2419 1613 2669 1669 Christus
2692 1616 2832 1671 Deus
2872 1616 3142 1686 perfectus
3182 1625 3348 1680 esset,
3383 1616 3634 1685 idemque

2065 1704 2227 1759 homo
2290 1706 2586 1775 perfectus,
2627 1704 2811 1777 [simul
2870 1705 2953 1779 et]
3009 1708 3152 1777 quod
3202 1720 3491 1762 commune
3548 1706 3634 1762 his
3700 1722 3707 1731 ‘

2063 1808 2180 1853 erat
2208 1799 2460 1866 habebat,
2494 1808 2551 1854 et
2596 1801 2738 1869 quod
2768 1801 3044 1870 pr0prium
3079 1800 3318 1868 ;quibus
3360 1809 3418 1853 et
3450 1805 3634 1854 extre-

2064 1904 2276 1944 morum
2309 1890 2376 1944 ad
2407 1892 2648 1961 seipsum
2682 1891 2935 1946 unionem
2998 1890 3289 1956 ellicicbat,
3323 1903 3389 1945 ac
3429 1889 3635 1944 discre-

2064 1980 2418 2036 tionem.Per
2464 1983 2720 2037 unionem
2752 1984 2967 2052 quidem
3014 1991 3411 2045 extremorum,
3450 1993 3631 2036 secum

2061 2068 2242 2124 salvas
2278 2071 2331 2123 in
2354 2071 2533 2139 seipse
2565 2082 2812 2135 naturas,
2848 2086 2914 2126 ex
2941 2070 3141 2140 quibus
3156 2068 3494 2141 compositus
3525 2078 3631 2133 est,

2064 2168 2319 2214 testatum
2360 2161 2587 2226 faciens,
2614 2162 2710 2216 sed
2746 2160 3074 2217 discretione
3098 2170 3467 2217 extremorum
3491 2173 3520 2211 a
3548 2173 3631 2225 se,

2059 2250 2295 2320 propriae
2322 2252 2674 2322 hypostaseos
2705 2250 2969 2306 exhibens
3007 2250 3296 2305 unitatem.
3323 2247 3584 2315 Quintum
3612 2264 3628 2302 :

2061 2341 2254 2398 Brevis
2310 2343 2380 2399 de
2418 2340 2725 2399 differentia
2778 2343 3094 2414 disputatio,
3159 2356 3265 2412 qua
3324 2340 3632 2396 ostenditur

2058 2435 2412 2490 essentialem
2450 2435 2729 2491 unitorum
2766 2435 3128 2505 quantitatem
3155 2432 3361 2488 salvam
3378 2430 3625 2486 retineri.

2060 2529 2285 2585 Sextum
2320 2548 2334 2583 :
2365 2529 2562 2586 Fusior
2619 2530 2900 2600 magisque
2953 2526 3319 2598 philosophica
3374 2524 3633 2579 tractatio

2052 2619 2119 2675 de
2141 2618 2437 2675 differentia
2488 2619 2585 2691 (et)
2637 2621 2957 2686 quantitate,
3004 2631 3071 2671 ac
3119 2616 3188 2671 de
3240 2627 3508 2679 numero,
3539 2612 3630 2681 qui

2052 2710 2245 2765 harum
2281 2711 2444 2766 index
2472 2721 2578 2766 est.
2635 2710 2933 2780 Septimum
2971 2727 2986 2763 :
3027 2709 3128 2777 Qui
3191 2709 3294 2763 scit
3351 2721 3457 2762 non
3513 2719 3635 2759 esse

2050 2803 2191 2858 idem
2226 2810 2472 2857 naturam
2497 2814 2552 2857 et
2591 2802 2924 2873 hypostasin,
2949 2802 2996 2857 is
3023 2802 3109 2872 pie
3152 2801 3204 2855 in
3231 2799 3448 2855 Christo
3472 2795 3636 2851 tradit

2050 2894 2351 2949 unitionem
2383 2909 2448 2948 ac
2498 2894 2861 2949 differentiam
2895 2910 2962 2948 ex
3014 2894 3211 2960 quibus
3258 2890 3345 2944 illa
3416 2889 3632 2959 quidem

2048 2996 2320 3057 Spectatur
2341 2986 2634 3041 secundum
2663 2986 2998 3055 hypostasin,
3027 2986 3143 3040 haec
3175 2999 3305 3039 vero
3338 2980 3632 3037 secundum

376 3095 543 3147 τομος
584 3077 726 3146 μετὰ
756 3076 855 3146 τῆς
895 3075 1063 3148 ὀρθῆς
1102 3075 1429 3143 συνηγορίας
1455 3074 1556 3145 τῆς
1584 3073 1817 3145 ἀληθοῦς
1837 3075 1946 3127 τῶν

2059 3089 2321 3136 naturam.
2347 3077 2606 3135 Octavum
2636 3095 2649 3131 :
2671 3077 2904 3134 Severus
2930 3079 3055 3132 dum
3080 3091 3176 3146 per
3194 3076 3300 3131 vim
3329 3075 3469 3131 idem
3502 3085 3624 3127 esse

377 3168 641 3238 Πατέρων
682 3167 993 3237 ὁμολογίας.
1041 3166 1179 3219 Ἀλλ’
1211 3167 1269 3219 ὲν
1294 3165 1505 3229 τούτοις
1536 3167 1633 3236 μὲν
1662 3168 1756 3220 καὶ
1788 3165 1947 3238 αὕτη.

378 3261 491 3315 Kal.
517 3260 675 3330 δῆλον
702 3259 798 3314 καὶ
826 3259 884 3323 ἐξ
913 3256 1090 3312 αὐτῶν
1122 3257 1231 3310 τῶν
1267 3257 1576 3325 κεφαλαίων
1599 3258 1659 3310 τὸ
1688 3259 1769 3321 εἰς
1792 3257 1952 3310 εὐσέ-

2058 3171 2202 3241 cogit
2228 3181 2476 3224 naturam
2504 3178 2666 3239 atque
2716 3169 3053 3238 hypostasin,
3108 3176 3164 3221 et
3218 3166 3471 3221 unionem
3502 3180 3632 3219 con-

2057 3259 2256 3327 fundit,
2302 3269 2356 3314 et
2398 3260 2717 3315 divisionem
2773 3259 2903 3313 facit
2938 3258 3130 3329 159a
3191 3273 3258 3312 ex
3291 3254 3627 3312 differentia:

378 3352 534 3405 6ειαν
559 3354 852 3423 χρήσιμον.
907 3352 1017 3404 Καὶ
1068 3354 1102 3421 ἡ
1154 3351 1355 3424 φράσις
1398 3349 1455 3403 δὲ
1496 3350 1572 3412 ὡς
1609 3351 1667 3402 ὲν
1724 3348 1949 3420 τοιαύτῃ

2059 3353 2202 3407 unde
2235 3352 2599 3418 convincitur,
2627 3362 2683 3407 et
2713 3351 3000 3408 Trinitatis
3039 3353 3302 3406 rationem
3334 3351 3389 3403 in
3414 3357 3629 3419 quater-

377 3440 440 3493 τὸ
471 3442 640 3511 σαφὲς
666 3441 853 3496 διώκει
881 3444 973 3495 καὶ
1006 3443 1107 3495 οὐκ
1132 3442 1401 3512 ἄκομψον.

2059 3441 2278 3495 nitatem
2306 3442 2629 3509 diffundere,
2660 3452 2715 3499 et
2747 3445 2906 3500 unius
2964 3442 3279 3513 mysterium
3331 3438 3631 3495 Divinitatis

379 3536 434 3592 in
458 3534 560 3588 duo
587 3548 799 3597 secare,
828 3536 974 3588 etab
1008 3534 1152 3588 omni
1186 3533 1346 3588 simul
1375 3533 1719 3589 substantiali
1779 3531 2129 3588 subsistentia
2174 3531 2447 3587 Christum
2515 3543 2785 3590 extorrem
2848 3535 3050 3589 facere.
3130 3532 3338 3587 Nonum
3379 3548 3394 3586 :
3441 3530 3627 3584 Brevis

379 3638 465 3683 est
493 3629 781 3699 expositio,
812 3643 933 3682 cum
970 3637 1114 3683 recta
1146 3626 1458 3684 defensione
1485 3642 1628 3683 verae
1661 3637 1970 3682 sanctorum
2002 3623 2222 3679 Patrum
2254 3625 2624 3682 confessionis.
2650 3626 2707 3681 ln
2728 3628 2812 3682 his
2834 3642 2966 3698 ergo
2994 3627 3081 3681 illa
3110 3638 3358 3681 versatur
3382 3623 3625 3696 epistola,

380 3737 442 3780 ut
477 3740 544 3779 ex
587 3721 719 3790 ipsis
765 3735 888 3775 mox
935 3718 1203 3789 capitibus
1252 3730 1431 3790 pateat
1481 3721 1600 3791 ejus
1647 3722 1715 3775 ad
1767 3720 1987 3790 pietatis
2014 3719 2250 3773 studium
2279 3722 2703 3789 promovendum
2734 3720 2955 3776 utilitas.
3016 3721 3188 3775 Dictio
3218 3735 3397 3791 porro,
3467 3731 3529 3775 ut
3570 3719 3624 3775 in

383 3832 443 3873 re
495 3815 609 3881 tali,
648 3813 1087 3884 perspicuitatem
1139 3822 1402 3877 sectatur,
1450 3827 1625 3882 neque
1660 3823 1745 3868 est
1786 3811 2084 3883 inelegans.

455 3912 576 3964 Ἔτι
602 3908 661 3962 δὲ
693 3906 830 3977 πρὸς
862 3905 1097 3976 Πύρρον,
1129 3905 1211 3958 ἔτι
1235 3905 1609 3977 πρεσϐυτέρου
1641 3907 1707 3939 ⁰¹⁵⁰
1747 3905 1954 3977 βαθμὸν

380 4006 573 4076 ἔχοντα
604 4000 700 4054 καὶ
745 3998 901 4051 οὔπω
928 3997 1030 4065 τῆς
1072 3999 1468 4069 ἀρχιερατικῆς
1499 3994 1770 4053 ἐπιϐάντα
1823 3997 1956 4052 καθ-

380 4099 562 4169 έδρας.
612 4094 827 4157 Θειάζει
866 4094 913 4149 δ’
942 4096 999 4146 ἐν
1026 4094 1163 4163 αὐτῇ
1226 4091 1317 4144 τὸν
1374 4091 1612 4163 Πύρρον,
1636 4092 1729 4144 καὶ
1757 4090 1953 4160 εὐσεὸἦ

379 4191 580 4259 γνῶσιν
609 4188 760 4259 αὑτῷ
809 4188 907 4242 καὶ
963 4186 1217 4255 ὁσιότητα
1273 4182 1729 4252 ὲπιμαρτύρεται.
1798 4181 1958 4235 Ἀλλὰ

379 4280 473 4334 καὶ
505 4278 633 4349 περί
652 4294 834 4343 τινων,
861 4279 937 4342 ὡς
964 4276 1161 4341 ἔοικεν,
1191 4274 1521 4341 ἀξιώσαντος
1559 4272 1710 4342 αὐτῷ
1734 4272 1951 4343 γραφῆ-

378 4388 467 4425 ναι
499 4374 528 4424 ὁ
550 4371 712 4439 σοφὸς
740 4369 993 4438 Μάξιμος
1014 4370 1075 4421 οὐ
1103 4369 1261 4438 μόνον
1284 4369 1650 4437 παραιτεῖται,
1685 4365 1948 4435 ἰσχνόφω-

377 4480 467 4515 νον
494 4462 691 4515 ἑαυτὺν
711 4463 806 4516 καὶ
843 4461 1265 4533 βραδύγλωσσον
1312 4458 1628 4518 ἀποκαλῶν.
1657 4458 1772 4511 ἀλλ’
1820 4459 1946 4511 ἀντ-

2122 3903 2323 3960 Scribit
2369 3913 2627 3974 praeterea
2655 3903 2883 3976 Pyrrho,
2929 3905 3191 3975 dignitate
3224 3915 3334 3960 tum
3368 3908 3623 3977 temporis

2052 3994 2389 4065 presbytero,
2420 4005 2475 4049 et
2503 3997 2818 4051 cathedram
2844 4014 3115 4052 summam
3152 4000 3384 4054 nondum
3410 4000 3621 4069 adepto.

2056 4087 2169 4153 Qua
2222 4086 2275 4139 in
2313 4087 2541 4156 epistola
2573 4089 2812 4142 divinum
2858 4104 2979 4143 eum
3025 4090 3302 4158 prmdicat,
3348 4099 3404 4146 et
3438 4094 3627 4147 ortho-

2056 4178 2250 4233 doxam
2293 4178 2454 4234 fidem
2490 4180 2591 4248 ipsi
2624 4195 2686 4235 ac
2720 4182 3132 4237 sanctimoniam
3176 4198 3273 4238 suo
3314 4185 3625 4240 testimonio

2056 4270 2266 4325 tribuit.
2300 4270 2399 4338 Qui
2434 4280 2490 4325 et
2521 4271 2587 4326 de
2616 4271 2961 4340 quibusdam,
2989 4287 3046 4328 ut
3097 4282 3339 4343 apparet.
3386 4276 3626 4331 scribere

2055 4360 2348 4415 Maximum
2378 4378 2502 4417 cum
2533 4373 2799 4433 rogasset.
2826 4365 3043 4431 sapiens
3070 4366 3160 4420 hic
3196 4366 3281 4420 vir
3312 4380 3419 4420 non
3448 4365 3622 4421 solum

2057 4454 2470 4524 tergiversatur,
2491 4456 2705 4511 balbum
2732 4455 2845 4525 (48)
2870 4471 2930 4511 se
2955 4468 3009 4510 et
3033 4455 3289 4512 infantem
3307 4456 3583 4526 appellans
3605 4476 3619 4512 :

379 4552 523 4617 αξιοί
534 4553 695 4606 αὑτὸν
706 4555 752 4586 ³⁸
769 4553 1059 4623 γράμματι
1076 4551 1275 4619 μᾶλλον
1286 4550 1517 4615 διδάξαι,
1532 4550 1615 4610 τίς
1630 4550 1662 4619 ἠ
1675 4549 1761 4602 ὲνέ
1769 4563 1862 4619 ργε
1871 4565 1944 4613 ια,

2059 4560 2241 4599 verum
2285 4557 2474 4600 contra
2520 4546 2845 4614 obtestatur,
2876 4557 2932 4599 ut
2979 4562 3075 4615 per
3106 4548 3315 4602 litteras
3358 4562 3419 4602 se
3444 4547 3623 4619 potius

381 4646 477 4698 καὶ
504 4644 734 4714 ὁσαχῶς,
760 4645 855 4698 καὶ
877 4645 929 4697 τί
955 4645 1109 4714 παρὰ
1138 4643 1338 4711 ταύτην
1382 4643 1499 4695 ἐστὶ
1540 4641 1600 4694 τὸ
1645 4641 1947 4711 ἐνέργημα,

380 4738 477 4790 καὶ
508 4734 562 4786 τί
599 4735 803 4788 τούτων
832 4736 1143 4805 διενήνοχεν
1202 4735 1236 4804 ἡ
1287 4733 1484 4805 πρᾶξις
1539 4733 1635 4786 καὶ
1673 4732 1733 4785 τὸ
1766 4731 1947 4801 ἔργον,

380 4824 476 4877 καὶ
509 4823 628 4887 πῶς
666 4822 781 4876 ἐστι
814 4824 1052 4895 λέγεινῆ
1102 4826 1303 4877 ἐννοεῖν
1342 4823 1442 4892 τὴν
1472 4823 1601 4893 μίαν
1644 4821 1947 4892 ἐνέργειαν.

389 4915 533 4969 Ἀλλ’
558 4918 617 4970 ὲν
653 4917 862 4981 τούτοις
898 4916 998 4987 μὲν
1037 4916 1133 4970 καὶ
1166 4917 1199 4985 ἡ
1224 4914 1361 4985 πρὸς
1389 4915 1626 4986 Πύρρον.

346 5119 351 5123 -
396 5092 407 5098 ’
452 5094 661 5164 Γράφει
686 5093 744 5147 δὲ
769 5095 863 5148 καὶ
886 5094 1022 5165 πρὸς
1043 5094 1245 5164 Θωμᾶν
1287 5112 1429 5159 τινα,
1454 5093 1817 5164 αἰτησάμενον
1848 5096 1948 5165 ρη-

381 5189 492 5243 τῶν
527 5206 692 5242 τινων
729 5187 1126 5258 ἀπορουμένων
1149 5186 1449 5249 ἐπιλύσεις.
1472 5185 1556 5238 Τὰ
1569 5186 1627 5239 δὲ
1670 5185 1810 5257 ρητὰ
1854 5182 1948 5237 τοῦ

2056 4636 2250 4691 doceat
2287 4654 2300 4690 :
2336 4636 2475 4702 Quid
2498 4639 2764 4706 operatio,
2791 4649 2846 4692 et
2872 4640 3164 4707 quotuplex
3190 4639 3214 4692 ?
3241 4648 3293 4693 et
3332 4638 3460 4708 quid
3489 4654 3624 4707 prae-

2059 4739 2140 4782 ter
2169 4728 2306 4783 hanc
2336 4730 2406 4782 sit
2432 4728 2699 4783 effectus?
2729 4729 2964 4798 quidque
2995 4732 3062 4783 ab
3087 4730 3169 4785 his
3198 4729 3452 4785 diﬂerant
3480 4732 3626 4787 actio

2056 4828 2112 4871 et
2157 4819 2339 4885 opus?
2366 4829 2419 4873 et
2452 4835 2687 4887 quanam
2720 4822 2892 4889 possit
2949 4821 3159 4875 ratione
3198 4822 3301 4877 dici
3341 4822 3622 4888 sentirive,

2060 4923 2221 4961 unam
2274 4923 2394 4963 esse
2447 4910 2499 4961 in
2556 4908 2774 4964 Christo
2819 4911 3240 4979 operationem?
3283 4915 3460 4982 Atque
3510 4915 3623 4970 hac

2059 4999 2273 5068 quidem
2300 4999 2350 5052 in
2388 5000 2613 5067 epistola
2649 5002 2714 5055 ad
2751 5001 3038 5072 Pyrrhum.

2127 5090 2208 5144 Ad
2254 5090 2515 5145 Thomam
2565 5093 2674 5163 (49)
2708 5093 2926 5161 insuper
2950 5100 3235 5164 quemdam
3279 5098 3485 5163 scribit,
3525 5098 3616 5168 qui

2058 5182 2431 5250 ambiguorum
2452 5185 2805 5252 quorumdam
2838 5187 3078 5242 locorunt
3108 5190 3400 5245 solutiones
3433 5200 3619 5259 postu-

1650 5336 1886 5391 VABI/F.
1924 5336 2326 5398 LECTIONES.

456 5452 502 5485 ⁸⁸
531 5452 624 5524 τὸν
667 5453 902 5522 Χριστὸν
949 5453 1212 5524 ὴφόριζον
1257 5454 1301 5506 Δ
1344 5452 1665 5524 ιάιξῲριξον
1712 5471 1773 5518 ς.
1868 5455 1912 5485 ⁹⁰

380 5537 526 5577 corr.
570 5523 636 5575 Α.
710 5524 755 5555 ⁸³
795 5525 893 5594 τῆς
934 5523 1159 5579 οιιιζΑ.

1947 5458 2042 5509 καὶ
2101 5467 2227 5513 ante
2281 5478 2404 5514 ποσ.
2436 5462 2569 5515 add.
2598 5462 2663 5515 A.
2739 5463 2783 5494 ⁹¹
2811 5464 2980 5527 αὑτὰς
3005 5479 3113 5519 om.
3174 5465 3240 5519 A.
3312 5467 3357 5498 ⁹¹
3385 5468 3621 5520 ποιεῖται

1235 5524 1281 5556 ³⁵
1307 5521 1595 5585 οὑσιώδους
1629 5538 1734 5592 ing.
1815 5524 1879 5556 ’δ’
1916 5525 1970 5591 β.
2003 5527 2199 5597 πρεσὸ.
2275 5532 2319 5563 ⁸⁵
2344 5532 2505 5584 αὑτὸν
2534 5533 2625 5584 καὶ
2651 5549 2745 5603 γρ.
2778 5535 2843 5587 Α.

1889 5638 2122 5698 NOTAE.

455 5726 570 5800 (48)
599 5727 761 5784 Musis
782 5728 1027 5799 exemplo
1055 5727 1221 5783 Exodi
1258 5743 1327 5783 tv.

2129 5736 2238 5808 (ω)
2273 5736 2918 5809 Constantinopolitanum
2952 5741 3180 5800 forsitan
3220 5748 3512 5818 patriarch.
