4030 6248
421 299 538 357 ’(ἱὸἔ)

1545 290 1806 350 ΡΙΙΟΤΙΙ
1846 288 2349 349 PATRIARCIUE
2379 290 2465 349 CP

3559 291 3666 351 655

412 412 578 466 larat.
616 407 783 460 Erant
833 416 1012 459 autem
1055 404 1298 475 quaedam
1335 403 1584 471 Gregorii
1625 403 1909 472 Τιιροιοςί,
1940 413 1983 455 ει

2095 403 2355 470 Θεολόγου
2386 403 2445 456 τέ
2476 406 2592 456 ἐστι
2622 403 2921 475 Γρηγορίου
2955 403 3052 456 καὶ
3077 402 3170 456 τοῦ
3194 401 3338 455 θείου
3366 404 3660 468 Διονυσίου,

415 502 584 557 divini
619 499 858 570 Dionysii
889 498 1240 550 assertiones.
1270 494 1346 548 Ex
1373 496 1518 550 illius
1545 495 1758 564 quidem
1786 495 1984 548 oratio-

415 612 486 652 ne
509 596 579 648 de
600 591 734 647 Filio
764 592 899 660 (50),
924 589 1008 642 illa
1049 608 1068 639 ‹
1103 587 1398 656 Propterea
1447 589 1628 641 unitas
1660 602 1692 640 a
1715 587 1981 655 principio

417 695 584 746 mota,
625 701 645 734 ι
707 692 762 736 ει
787 696 905 749 qua:
937 690 1236 747 sequuntur
1272 695 1286 743 ;
1319 689 1418 731 et:
1461 696 1480 728 ι
1516 677 1735 732 Unitate
1763 675 1980 745 quidem

413 776 484 828 ob
542 773 755 826 divitias
815 779 956 824 mota
996 785 1008 821 :
1051 788 1070 820 ο
1105 769 1250 836 quod
1303 779 1385 821 est
1422 781 1487 820 ex
1522 767 1769 820 oratione
1814 766 1982 833 ipsius

405 866 582 918 altera
611 863 722 932 (51)
753 861 824 914 De
843 876 993 926 pace.
1021 858 1203 912 Altera
1227 858 1381 911 hmc:
1413 875 1432 906 ι
1465 857 1566 911 Uni
1593 872 1720 910 vero
1742 856 1926 924 capiti,
1957 873 1976 905 ι

405 964 469 1010 et
497 954 724 1022 reliqua.
749 951 959 1012 Tertia,
989 965 1055 1004 ex
1086 964 1149 1004 ea
1180 950 1291 1025 ipsa
1325 948 1586 1011 oratione,
1643 947 1727 1000 illa
1764 963 1779 1000 :
1818 965 1836 998 ‹
1887 946 1983 1000 llic

409 1048 561 1102 enim
619 1046 708 1112 qui
767 1041 908 1098 nunc
942 1059 973 1096 a
1025 1053 1077 1096 te
1138 1040 1502 1095 contemnitur
1546 1039 1680 1110 (52),
1723 1059 1741 1092 ι
1775 1051 1830 1092 et
1866 1054 1984 1106 quae

413 1147 730 1207 sequuntur.
765 1135 1009 1201 Quarta:
1052 1151 1070 1184 ι
1110 1131 1180 1187 Ut
1214 1132 1443 1186 Verbum
1483 1132 1623 1185 enim
1665 1145 1835 1199 neque
1855 1131 1982 1184 obe-

414 1228 567 1280 diens
621 1234 757 1288 erat,
815 1238 986 1291 neque
1035 1223 1349 1276 inobediens
1396 1221 1531 1292 (5'5),
1597 1240 1614 1272 ι
1657 1231 1711 1275 ει
1765 1230 1978 1276 caetera.

415 1317 587 1371 Divini
618 1330 744 1369 vero
778 1313 1013 1384 Dionysii
1039 1313 1163 1368 illud
1189 1312 1448 1382 esplicat:
1475 1332 1491 1364 ι
1528 1312 1803 1378 Quomodo
1827 1313 1980 1378 dicis,

403 1406 588 1472 Jesus,
631 1408 719 1476 qui
752 1414 835 1458 est
877 1420 1038 1472 supra
1087 1405 1290 1468 omnia,
1325 1420 1448 1457 cum
1496 1405 1745 1458 omnibus
1768 1413 1851 1458 est
1882 1404 1984 1457 ho-

413 1493 647 1549 minibus
685 1492 1115 1548 substantialiter
1149 1493 1494 1547 coordinatus
1537 1493 1674 1562 (54),
1707 1511 1726 1544 ι
1775 1503 1829 1546 ει
1854 1493 1984 1546 reli-

405 1600 514 1654 qua
545 1601 560 1637 :
595 1593 650 1639 et
701 1582 804 1636 alia
838 1583 962 1636 item
996 1583 1142 1635 varia
1182 1582 1322 1636 loca.
1352 1581 1481 1649 Quae
1505 1585 1721 1654 quidem
1758 1583 1983 1651 epistola

411 1675 503 1730 illa
539 1676 604 1728 ad
631 1675 894 1728 Thomam
927 1673 1098 1741 prima
1130 1676 1477 1728 continentur
1515 1691 1528 1726 :
1569 1689 1688 1727 nam
1724 1675 1776 1728 in
1817 1674 1981 1728 altera

2089 496 2154 548 ἐκ
2193 496 2291 564 μὲν
2311 494 2404 548 τοῦ
2434 496 2562 564 περὶ
2592 495 2722 549 Υίοῦ
2756 498 2835 557 εἰς
2867 495 2951 558 τὸ,
2986 515 3004 546 ι
3040 495 3138 547 Διά
3165 493 3326 546 τοῦτο
3358 495 3524 564 μονὰς
3565 497 3661 550 ἀπ’

2090 588 2264 658 ἀρχῆς
2290 587 2624 658 κινηθεῖσα,ι
2652 590 2745 641 καὶ
2763 588 2910 658 ἑξῆς,
2938 586 3086 651 καὶ,‹
3129 587 3356 656 μονάδος
3381 588 3478 656 μὲν
3506 605 3661 660 κινη-

2093 678 2280 745 θείσης
2308 678 2395 731 διὰ
2423 678 2484 730 τὸ
2530 678 2802 742 πλούσιον,
2849 698 2868 731 ι
2903 680 3040 748 ὅπερ
3079 679 3226 731 ἐστὶν
3257 680 3321 732 ὲκ
3351 679 3444 730 τοῦ
3477 679 3660 732 δευτέ-

2092 787 2186 840 ρου
2222 769 2540 840 Είρηνικοῦ·
2574 768 2616 838 β’
2646 771 2725 831 είς
2755 769 2836 833 τὸ,
2869 788 2888 821 ι
2943 770 3024 822 ἐν).
3071 768 3126 822 δὲ
3161 769 3461 838 κεφαλαίῳ,
3499 788 3518 820 ι
3568 771 3663 823 καὶ

2091 860 2220 928 ἑξῆς
2243 875 2256 889 ⁸
2283 858 2464 930 τρίτον
2491 859 2555 911 ἐκ
2582 858 2676 911 τοῦ
2699 857 2860 911 αὐτοῦ
2888 857 3046 927 λόγου
3082 860 3162 922 είς
3193 859 3276 924 τὸ,
3301 876 3319 910 ι
3357 855 3523 923 Οῦτος
3553 859 3662 927 γὰρ

2091 951 2119 1002 ὁ
2149 951 2241 1003 νῦν
2271 967 2354 1002 σοι
2410 949 2936 1018 καταφρονούμενος,
2976 967 2996 1000 ι
3048 948 3142 1002 καὶ
3182 950 3308 1018 ἑξῆς
3332 965 3346 979 ·
3402 951 3662 1020 τέταρτον

2089 1042 2169 1103 είς
2189 1039 2248 1092 τὸ
2276 1039 2344 1105 ⁸⁸,
2382 1057 2401 1090 ι
2453 1039 2540 1102 Ὠς
2571 1039 2667 1108 μὲν
2695 1039 2803 1108 γὰρ
2845 1037 2999 1106 λόγος
3028 1037 3149 1091 οὔτε
3176 1040 3414 1110 ὑπήκοος
3435 1036 3500 1110 ἦν
3537 1040 3660 1093 οὔτε

2090 1131 2342 1201 ἀνήκοος,
2375 1149 2393 1182 ι
2431 1132 2526 1182 καὶ
2558 1130 2706 1200 ἑξῆς.
2743 1130 2849 1184 Τοῦ
2888 1131 2944 1184 δέ
2967 1148 3029 1199 γε
3069 1130 3352 1184 θεσπεσίου
3384 1133 3660 1184 Διονυσίου

2089 1224 2170 1284 είς
2197 1221 2310 1287 τὸ,‹
2342 1220 2467 1283 Πῶς
2490 1221 2617 1289 φὴς,
2662 1222 2865 1290 Ἰησοῦς
2899 1223 2926 1274 ό
2952 1221 3168 1275 πάντων
3199 1223 3456 1276 ἐπέκεινα
3495 1223 3661 1274 πᾶσίν

2089 1314 2237 1365 ἔστιν
2289 1310 2598 1381 ἀνθρώποις
2655 1312 2928 1375 ούσιωδῶς
2989 1313 3462 1382 συντεταγμένος;
3502 1332 3521 1365 ι
3564 1314 3659 1365 καὶ

2090 1403 2240 1469 ἑξῆς,
2269 1403 2363 1455 καὶ
2386 1404 2467 1464 είς
2495 1402 2657 1472 ἕτερα
2715 1402 2968 1474 διάφορα.
3014 1405 3124 1458 Καὶ
3180 1403 3350 1457 ταῦτα
3382 1404 3482 1474 μὲν
3513 1407 3569 1458 ὲν
3591 1399 3656 1475 τῇ

2091 1495 2227 1561 πρὸς
2256 1495 2456 1564 Θωμᾶν
2483 1495 2676 1567 πρώτῃ
2699 1495 2958 1566 ἐπιστολῇ
2981 1511 2994 1524 ⁸
3028 1495 3086 1547 ὲν
3113 1495 3170 1548 δὲ
3189 1499 3255 1566 τῇ
3287 1495 3518 1565 δευτέρᾳ
3544 1489 3658 1548 οἷον

2093 1582 2434 1652 ὲπανάληψιν
2485 1583 2643 1637 ὲνίων
2711 1583 2891 1654 ῥητῶν
2949 1583 3058 1635 τῶν
3110 1583 3659 1653 προσαφηνισθέντων

2095 1673 2158 1725 ὲκ
2181 1672 2281 1742 τῆς
2315 1671 2628 1742 θεολογικῆς
2659 1672 2965 1736 συντάξεως
2996 1675 3252 1735 ποιεῖται,
3291 1674 3383 1726 καὶ
3425 1672 3560 1741 πρός
3588 1690 3653 1739 γε

414 1768 578 1824 veluti
626 1767 1004 1837 repetitionem
1045 1767 1333 1831 quamdam
1370 1781 1434 1819 ex
1488 1780 1650 1834 opere
1684 1765 1983 1835 theologico

2089 1763 2196 1829 τὸ,‹
2226 1762 2324 1815 Διά
2363 1762 2537 1832 μέσου
2571 1763 2692 1825 νοὸς
2725 1763 2993 1833 ὁμιλήσας
3021 1762 3188 1833 σαρκὶ
3213 1763 3317 1826 ἕως
3357 1761 3450 1814 τοῦ
3474 1761 3658 1832 κρείτ·-

409 1859 789 1916 nonnullorum
833 1859 886 1912 in
913 1875 978 1914 eo
999 1859 1110 1929 jam
1135 1868 1292 1912 antea
1311 1859 1675 1926 expositorum
1707 1859 1978 1914 instituit:

413 1959 579 2018 atque
604 1949 732 2002 illud
751 1950 968 2018 insuper
989 1950 1176 2002 eodem
1204 1948 1359 2002 modo
1381 1949 1770 2017 interpretatur
1793 1967 1808 2004 :
1836 1965 1858 2002 ι
1881 1947 1984 2004 Ρει·

409 2042 648 2097 medium
672 2056 822 2095 mens
839 2042 989 2095 carni
1019 2055 1401 2102 consuescens.
1426 2041 1597 2096 donec
1626 2042 1767 2111 quod
1789 2040 1984 2099 fortius

391 2125 500 2189 ἐει
529 2134 810 2189 victoriam
847 2135 1158 2203 reportarit.
1197 2151 1216 2184 ι
1253 2132 1358 2186 Sed
1398 2133 1512 2186 haec
1547 2133 1640 2188 ibi.

1090 2222 1296 2277 CXCV.

411 2313 669 2386 Ejusdem
702 2315 872 2368 sancti
929 2312 1152 2386 Maximi
1181 2311 1433 2386 E_pist_ola_
1457 2315 1525 2366 ad
1556 2311 1902 2386 Marianum,
1935 2321 1984 2367 et

483 2386 739 2455 Dialogus
788 2400 903 2436 cum
942 2383 1168 2452 Pyrrho.
1205 2383 1278 2436 De
1309 2382 1511 2436 duabus
1549 2383 1602 2436 in
1650 2381 1865 2438 Christo
1899 2399 1985 2438 ro-

488 2456 778 2508 luntattbus
805 2465 851 2506 et
881 2453 1300 2515 operationibus.
1323 2481 1330 2494 κ

483 2542 647 2599 Lecta
730 2551 815 2598 est
879 2541 1119 2610 ejusdem
1204 2543 1378 2596 sancti
1453 2542 1667 2596 Maximi
1726 2543 1984 2613 Epistola,

415 2651 536 2705 qua:
595 2633 786 2704 159b
836 2632 1077 2688 Mariano
1119 2636 1434 2703 presbytero
1477 2633 1807 2688 inscribitur.
1885 2633 1988 2688 Hic

417 2734 483 2783 de
534 2728 764 2782 naturali
811 2726 1105 2791 voluntate,
1139 2727 1252 2780 sive
1281 2726 1606 2794 appetitione
1648 2728 1780 2792 agit,
1823 2737 1876 2780 et
1914 2727 1983 2781 de

415 2820 642 2874 consilio
686 2835 781 2874 seu
811 2817 1219 2873 deliberatione.
1250 2817 1379 2870 Item
1421 2819 1485 2870 de
1507 2818 1901 2886 prmelectione,
1934 2826 1990 2871 et

418 2913 483 2963 de
512 2909 834 2977 quibusnam
872 2906 1263 2962 consultemus.
1296 2905 1371 2960 De
1401 2907 1665 2961 sententia
1706 2916 1985 2975 praeterea,

411 3011 470 3054 et
501 3009 763 3069 potestate
787 2999 975 3061 libera,
997 3009 1051 3052 et
1074 2999 1344 3067 opinione.
1378 2998 1577 3052 Adhaec
1595 2999 1658 3052 de
1683 2998 1984 3067 prudentia,

2087 1872 2236 1917 τονος
2260 1856 2668 1924 ἐκνικήσαντος,
2684 1875 2704 1908 ι
2731 1855 2930 1926 ὁμοίως
2947 1854 3259 1927 ἐρμηνεύει.
3299 1855 3462 1908 Ἀλλά
3481 1856 3656 1910 ταῦτα

2091 1943 2190 2014 μὲν
2219 1944 2278 1998 ἐν
2303 1942 2532 2007 τούτοις.

2785 2209 2949 2278 me.

2096 2303 2204 2359 Τοῦ
2230 2303 2416 2357 αὐτου
2455 2300 2781 2369 Ἐπιστολὴ
2811 2301 2961 2369 πρὸς
2984 2303 3313 2370 Μαριανόν·
3339 2303 3436 2355 καὶ
3454 2300 3657 2357 Attila-

2157 2391 2264 2442 τος
2301 2371 2575 2440 περὶτῶν
2601 2371 2711 2442 δύο
2732 2371 3100 2441 θελημάτων,
3129 2371 3228 2426 καὶ
3272 2371 3390 2426 τῶν
3420 2371 3528 2426 δύο
3555 2372 3656 2426 ἐπὶ

2158 2441 2412 2510 Χριστοῦ
2442 2441 2770 2512 ἐνεργειῶν.

2171 2531 2512 2602 Ἀνεγνώσθη
2537 2533 2630 2586 τοῦ
2659 2532 2823 2586 αὐτοῦ
2857 2532 3013 2601 ἁγίου
3059 2533 3252 2604 ἀνδρὸς
3289 2535 3574 2604 Ἐπιστολὴ
3609 2534 3657 2568 ’⁷

2093 2623 2377 2694 (Μαριανῷ
2409 2623 2768 2695 πρεσϐυτέρῳ
2797 2624 3296 2696 προσπεφώνηται),
3318 2621 3429 2699 ὲνῇ
3455 2627 3658 2697 περίτε

2093 2714 2325 2783 φυσικοῦ
2355 2714 2660 2783 θελήματος
2692 2717 2810 2786 ἦτοι
2836 2715 3106 2786 θελήσεως
3152 2717 3374 2783 διέξεισι
3397 2718 3492 2771 καὶ
3525 2718 3652 2788 βου-

2092 2807 2299 2877 λήσεως
2325 2807 2418 2860 καὶ
2455 2807 2650 2878 βουλῆς
2669 2809 2787 2878 ἤτοι
2810 2807 3161 2878 βουλεύσεως,
3205 2808 3334 2879 περί
3362 2826 3421 2861 τε
3460 2826 3657 2880 προαι-

2095 2899 2319 2971 ρέσεως,
2349 2898 2445 2952 καὶ
2475 2899 2604 2969 περὶ
2629 2899 2790 2953 τίνων
2819 2899 3201 2970 βουλευόμεθα,
3239 2902 3335 2955 καὶ
3360 2901 3490 2970 περὶ
3515 2899 3658 2968 γνὼ-

2097 3007 2204 3060 μης
2249 2990 2343 3044 καὶ
2370 2989 2619 3055 ἔξουσίας
2647 2992 2740 3044 καὶ
2765 2991 2943 3062 δόξης,
2993 2997 3088 3046 καὶ
3125 2993 3254 3063 περὶ
3305 2995 3657 3064 φρονήματος

418 3091 522 3146 hoc
564 3099 668 3153 est,
708 3090 1057 3159 providentia
1091 3105 1104 3141 :
1139 3098 1192 3142 et
1220 3088 1490 3158 quomodo
1534 3103 1638 3142 non
1684 3103 1780 3158 per
1807 3089 1983 3142 omnia

2092 3082 2268 3136 είτουν
2289 3085 2601 3153 φρονήσεως
2621 3098 2635 3112 ⁶
2667 3085 2764 3136 καὶ
2794 3083 2868 3147 ὡς
2906 3085 2967 3137 ού
2993 3085 3132 3138 κατὰ
3167 3085 3346 3139 πάντα
3371 3085 3570 3156 τρόπον
3599 3085 3659 3137 ἓν

413 3190 536 3249 post
586 3181 1040 3235 resurrectionem
1087 3194 1196 3232 una
1249 3179 1354 3233 erit
1396 3194 1460 3233 ac
1501 3189 1686 3232 mutua
1742 3178 1990 3234 voluntas

412 3280 725 3326 sanctorum
775 3281 936 3340 atque
984 3271 1099 3335 Dei,
1154 3285 1254 3324 nec
1317 3285 1422 3323 una
1480 3285 1566 3324 res
1629 3285 1787 3339 qnam
1823 3269 1992 3325 velint.

413 3376 622 3425 omnes,
682 3371 740 3415 ut
781 3360 997 3429 quidam
1033 3370 1284 3413 asserunt
1337 3374 1357 3413 :
1401 3359 1599 3429 quibus
1645 3358 1986 3412 undecimum

415 3453 624 3506 accedit
673 3459 831 3520 caput
874 3467 892 3506 :
956 3449 1070 3506 Non
1102 3464 1258 3519 posse
1299 3464 1460 3503 unam
1501 3448 1717 3504 Christo
1766 3448 1986 3502 attribui

414 3542 768 3607 voluntatem,
796 3541 910 3596 sive
940 3540 1238 3595 naturalem
1282 3540 1507 3604 dixeris,
1540 3539 1654 3594 sive
1685 3538 1986 3602 electivam,

414 3645 474 3688 ut
500 3633 818 3703 quibusdam
846 3633 1018 3686 visunt
1048 3641 1150 3686 est.
1181 3631 1307 3687 Haec
1334 3633 1424 3687 illa
1453 3631 1704 3701 epistola,
1732 3645 1850 3701 qua:
1879 3645 1986 3684 non

412 3722 481 3775 ad
503 3730 704 3774 rectam
729 3721 888 3775 modo
914 3721 1230 3792 religionem
1260 3723 1486 3776 multum
1520 3721 1679 3776 aﬂ‘ert
1705 3722 1986 3785 momenti,

415 3812 508 3864 sed
531 3812 694 3865 etiam
715 3811 782 3864 ad
799 3809 932 3866 alias
955 3813 1150 3868 multas
1188 3814 1547 3883 pulchrasque
1572 3812 1988 3882 contemplatio-

415 3918 512 3957 nes
539 3903 690 3957 utilis
714 3914 816 3960 est.

479 3995 680 4051 Lectus
704 4010 917 4066 quoque
947 3997 998 4050 iu
1033 3997 1220 4051 eodem
1270 3995 1390 4066 ipso
1417 3995 1690 4051 volumine
1728 3994 1984 4063 Dialogus

415 4087 478 4138 de
499 4086 694 4154 duplici
727 4087 783 4140 in
820 4088 1027 4141 Christo
1060 4097 1108 4141 et
1135 4088 1396 4142 voluntate
1451 4099 1496 4141 et
1525 4088 1823 4155 operatione
1846 4086 1982 4156 (55).

413 4176 664 4233 Persona:
695 4187 875 4235 autem
909 4181 1237 4235 inducuntur
1283 4179 1526 4252 Pyrrhus
1561 4188 1618 4234 et
1670 4177 1979 4231 Maximus:

413 4285 644 4338 quorum
669 4272 756 4326 hic
782 4273 998 4342 quidem
1018 4273 1378 4327 orthodoxam
1406 4280 1585 4326 tuetur
1614 4269 1936 4325 sententiam
1962 4285 1978 4335 ;

413 4362 500 4415 ille
543 4377 694 4427 vero,
725 4363 826 4418 etsi
883 4363 1256 4416 haereticorum
1298 4370 1596 4430 prapugnat
1650 4357 1978 4426 opinionem,

2089 3172 2240 3226 ἔσται
2267 3173 2402 3243 μετά
2424 3172 2522 3244 τὴν
2553 3175 2849 3228 ἀνάστασιν
2875 3176 2936 3229 τὸ
2966 3175 3174 3246 θέλημα
3214 3177 3350 3247 πρὸς
3394 3176 3659 3246 ἀλλήλους

2088 3261 2197 3314 τῶν
2231 3264 2402 3330 ἁγίων
2425 3263 2519 3314 καὶ
2544 3263 2639 3316 τοῦ
2673 3264 2829 3326 Θεοῦ,
2860 3265 2962 3318 κᾶν
2990 3266 3036 3298 ’⁸
3064 3264 3193 3338 [512
3217 3265 3308 3338 R.]
3332 3268 3387 3319 ἓν
3417 3267 3476 3319 τὸ
3500 3266 3660 3337 θεληο

2089 3354 2182 3407 θεν
2209 3356 2432 3422 ἅπασιν,
2474 3354 2548 3418 ῶς
2599 3373 2743 3418 τινες
2795 3356 3037 3425 λέγουσι.
3089 3359 3199 3410 Καὶ
3244 3359 3525 3412 ἑνδέκατον
3563 3360 3658 3412 ἐπὶ

2088 3449 2293 3512 τούτοις
2348 3449 2660 3517 κεφάλαιον,
2729 3450 2922 3521 ὅτιπερ
2967 3449 3024 3503 ἒν
3065 3450 3274 3521 θέλημα
3321 3453 3381 3504 ού
3434 3451 3658 3505 δύναται

2088 3541 2180 3594 ἐπὶ
2201 3541 2438 3612 Χριστοῦ
2460 3541 2743 3610 λέγεσθαι,
2766 3542 2873 3594 εἴτε
2895 3544 3119 3610 φυσικὸν
3142 3544 3250 3596 εἴτε
3275 3545 3657 3614 προαιρετικὸν

2087 3633 2277 3704 λεχθῇ,
2308 3633 2383 3698 ὥς
2428 3651 2569 3687 τισιν
2603 3634 2803 3700 ἔδοξεν.
2835 3634 2983 3704 Αύτη
3037 3635 3137 3704 μὲν
3175 3637 3209 3704 ὴ
3263 3637 3549 3706 ἐπιστολή·
3591 3636 3654 3687 ού

2089 3725 2250 3794 μόνον
2275 3724 2317 3776 δ’
2339 3725 2418 3788 είς
2449 3724 2731 3778 εὐσέϐειαν
2760 3723 2896 3777 πολὺ
2924 3724 2987 3777 τὸ
3027 3725 3282 3795 χρειῶδες
3329 3727 3652 3797 παρέχεται,

2085 3813 2222 3867 ἀλλά
2251 3814 2346 3867 καὶ
2371 3815 2450 3877 είς
2478 3814 2644 3879 ἄλλας
2673 3814 2874 3880 πολλὰς
2903 3816 2996 3870 καὶ
3027 3815 3198 3880 καλάς
3225 3817 3480 3888 θεωρίας.

2165 3992 2504 4063 Ἀνεγνώσθη
2533 3993 2577 4046 δ’
2605 3995 2663 4047 ὲν
2690 3992 2769 4064 τῷ
2793 3993 2943 4065 αὑτῷ
2975 3993 3157 4065 τεύχει
3190 3995 3477 4065 Διάλογος
3512 3999 3651 4065 περὶ

2082 4083 2203 4138 τῶν
2249 4085 2359 4139 δύο
2414 4077 2762 4154 θελημάτων
2801 4086 2901 4139 καὶ
2945 4086 3063 4139 τῶν
3102 4087 3212 4142 δύο
3249 4088 3348 4141 ἐπὶ
3389 4092 3650 4157 Χριστοῦ

2080 4178 2410 4248 ἐνεργειῶν.
2455 4179 2538 4231 Τά
2567 4179 2834 4248 πρόσωπα
2871 4179 2929 4233 δὲ
2969 4180 3016 4211 ”
3058 4180 3150 4234 τοῦ
3198 4181 3448 4250 διαλόγου
3498 4185 3649 4254 Πύρ-

2082 4267 2171 4334 ρος
2187 4263 2316 4335 [264
2340 4261 2432 4334 IL]
2458 4267 2554 4318 καὶ⁵
2579 4265 2851 4336 Μάξιμος,
2866 4261 2939 4321 ὧν
2961 4269 2990 4320 ό
3021 4268 3120 4336 μὲν
3143 4269 3242 4339 τῆς
3261 4269 3649 4344 ὀρθοδοξούσης

2079 4357 2405 4428 προΐσταται
2423 4355 2667 4427 γνώμης,
2689 4358 2903 4429 Πύρρος
2931 4359 2986 4411 δὲ
3013 4359 3108 4412 τοῦ
3135 4360 3500 4430 αἱρετίζοντος
3521 4366 3648 4417 ἀντ-

412 4463 589 4508 tamen
629 4455 780 4524 quasi
805 4457 1150 4509 consentiens
1172 4470 1292 4508 cum
1339 4451 1674 4516 orthodoxis,
1696 4449 1977 4519 enthyme-

2089 4448 2334 4518 εχόμενος
2369 4450 2716 4520 φρονήματος
2740 4491 2755 4515 ,
2779 4451 2949 4520 ὅμως,
2977 4451 3165 4524 ῶσπερ
3193 4456 3548 4524 συνεχόμενός
3581 4475 3644 4511 τε

410 4553 553 4598 mata
580 4560 643 4600 ac
671 4546 920 4618 dogmata
950 4561 1047 4617 pro
1083 4556 1227 4600 recta
1256 4543 1522 4598 sententia
1571 4539 1726 4596 aﬂ'ert
1752 4557 1765 4593 :
1795 4539 1969 4591 fassus

2089 4537 2168 4589 ιαὶ
2204 4536 2657 4608 συνελαυνόμενος
2675 4542 2788 4601 τοῖς
2815 4541 3556 4616 όρθοδοξοῦσινὲνθυμήμασί
3581 4566 3641 4602 τε

412 4639 641 4708 ingenue
703 4654 762 4694 se
810 4640 964 4695 initio
1005 4655 1110 4694 non
1163 4648 1310 4692 recte
1369 4636 1626 4690 sensisse.
1658 4633 1778 4701 lpsa
1815 4646 1976 4700 porro

2089 4626 2174 4679 καὶ
2187 4625 2421 4696 δόγμασι
2458 4628 2498 4694 ¹,
2517 4628 2723 4681 τίθεται
2744 4630 2808 4699 τῇ
2832 4630 3081 4702 εὐσεϐείᾳ
3097 4670 3112 4695 ,
3132 4633 3477 4704 ἀνομολογῶν
3517 4637 3647 4688 ἑαυ-

408 4729 583 4781 oratio
605 4726 790 4781 Roma:
823 4729 939 4797 (56)
968 4745 1088 4782 eum
1122 4728 1322 4782 indicat
1351 4728 1419 4780 ad
1455 4725 1595 4779 hanc
1633 4721 1976 4776 descendisse

2089 4715 2170 4768 τὸν
2231 4716 2332 4768 ούκ
2367 4715 2544 4786 ὀρθῶς
2602 4720 3006 4788 πεφρονηκέναι
3032 4720 3100 4774 τὰ
3131 4723 3414 4794 πρότερον.
3475 4726 3562 4778 Ἐν
3585 4727 3644 4779 δὲ

409 4816 824 4884 disputationem
852 4833 867 4869 :
894 4827 1240 4886 posteaquam
1265 4816 1520 4871 nimirum
1554 4813 1666 4883 ipse
1683 4807 1974 4882 [Pyrrhus]

2089 4810 2149 4875 τῇ
2198 4806 2384 4877 Ῥώμῃ
2413 4806 2576 4861 αὑτὸν
2606 4809 2635 4861 ὁ
2663 4809 2821 4878 λόγος
2857 4811 3130 4865 δείκνυσιν
3165 4813 3458 4882 ἀφικέσθαι
3505 4818 3643 4887 πρὸς

1668 4941 1900 5000 VARI/8
1937 4937 2342 4994 LECTIONES.

477 5047 522 5077 "
554 5047 631 5109 εἰς
658 5045 717 5098 τὸ
763 5045 887 5116 add.
915 5049 978 5100 A.
1065 5048 1109 5078 "
1138 5045 1392 5115 ἐπιστολὴ
1419 5045 1540 5116 ἥτις
1567 5043 1715 5113 Μαρ.
1750 5057 1811 5103 ς.

403 5133 529 5169 ωπα
568 5134 627 5180 ς.
720 5117 736 5147 ⁸
769 5115 1121 5188 ἐνθυμήματα
1143 5118 1471 5185 -δόγματα
1506 5132 1567 5178 ς.

1903 5036 1947 5068 ⁸⁸
1982 5035 2088 5087 κᾶν
2115 5037 2204 5088 A:
2244 5033 2340 5086 καὶ
2367 5051 2424 5098 ς.

2530 5035 2575 5066 ⁹⁹
2596 5035 2666 5088 τὰ
2698 5037 2966 5107 πρόσωπα
3008 5039 3066 5093 δὲ
3092 5041 3136 5094 Α
3168 5059 3182 5095 :
3209 5042 3303 5096 καὶ
3351 5042 3417 5096 τὰ
3469 5044 3640 5115 πρόσ-

1899 5215 2133 5275 ΝΟΤιλΕ.

477 5332 590 5401 (50)
618 5332 682 5384 Ει
706 5333 920 5400 quidem
953 5331 1122 5400 prima
1156 5331 1296 5400 (qua:
1322 5337 1405 5381 est
1435 5327 1488 5380 in
1518 5324 1657 5379 Billii
1710 5323 1838 5378 edit.
1873 5320 1964 5391 55)
2072 5322 2204 5401 p05,},
2221 5315 2452 5401 princip.

406 5403 521 5473 ipso
559 5418 682 5473 mox
706 5403 826 5456 init.

477 5472 590 5544 (51)
630 5473 846 5528 Decima
877 5472 1028 5527 tertia
1050 5484 1292 5534 numero,
1344 5467 1481 5535 apud
1513 5463 1725 5519 Billium
1762 5463 1814 5518 in
1850 5463 1966 5533 ipso

406 5544 593 5682 ""i‘é'a)
621 5611 800 5668 Prima
837 5613 902 5666 de
932 5612 1068 5665 Filio
1103 5612 1201 5664 sub
1229 5610 1319 5682 litt.

2151 5387 2264 5456 (54)
2295 5387 2515 5459 l_nitium_
2535 5385 2637 5459 hoc
2662 5400 2745 5446 est
2766 5390 2924 5459 epist.
2947 5389 3056 5446 ιΒ.
3077 5387 3298 5459 Dionys.
3325 5391 3392 5443 ad
3421 5390 3634 5450 Caium.

2142 5460 2252 5530 (55)
2285 5457 2472 5531 Graeco
2496 5456 2738 5531 La_tinnm
2763 5456 2928 5515 edidit
2953 5462 3101 5515 card.
3132 5456 3325 5513 Baron.
3353 5473 3482 5514 tum.
3511 5463 3640 5531 Vill,

2071 5527 2292 5598 interpr.
2326 5527 2516 5582 Franc.
2555 5527 2836 5587 anriano.

2149 5604 2262 5671 (56)
2298 5601 2409 5654 lmo
2464 5603 2513 5654 in
2567 5601 2763 5666 Al‘rica,
2803 5611 2863 5657 ut
2909 5602 3061 5658 docet
3099 5602 3291 5658 Baron.
3327 5609 3458 5657 tom.
3502 5603 3639 5671 Vill,

475 5672 588 5754 (ὸῦ)
616 5683 889 5756 Legumnr
919 5685 1027 5737 haec
1047 5691 1186 5734 orat.
1225 5677 1391 5732 altera
1421 5676 1487 5732 de
1516 5674 1652 5732 Filio
1684 5676 1960 5746 aliquanto
2071 5680 2136 5734 ad
2173 5691 2299 5728 ann.
2339 5672 2470 5727 Chr.
2497 5672 2619 5726 6i5.
