4030 6248
358 311 459 375 657

1216 324 1832 388 BIBLIOTHECA.-—
1870 331 2088 392 com).
2130 318 2713 407 cxcxv,cxcxv1.'

3491 338 3604 399 658

352 429 451 496 τὴν
482 427 739 493 διάλεξιν,
769 429 890 499 μεθ’
918 422 980 483 οὗ
1003 424 1071 499 ἦν
1099 432 1119 462 ²
1160 432 1323 497 αὐτὸς
1365 436 1544 506 ἑαυτῷ
1579 438 1757 508 φυγὴν
1798 442 1921 493 ἐπι-

2025 441 2220 497 exsilio
2248 442 2352 497 sibi
2374 443 2577 497 indicto
2603 442 3199 512 Constantinopolitana
3222 445 3349 501 sede
3373 449 3594 507 excidit.

353 516 531 572 ϐαλὼν
555 519 650 571 τοῦ
709 520 731 552 ³
776 522 1401 590 Κωνσταντινουπόλεως
1446 526 1675 592 ἐξέπεσε
1708 530 1922 602 θρόνου.

360 611 426 665 '0
464 612 648 682 μέντοι
715 612 963 682 διάλογος
1002 617 1083 679 εἰς
1123 616 1186 669 τὸ
1241 618 1623 690 ταπεινότερόν
1680 624 1798 675 ἐστι
1849 623 1927 676 δι-

351 701 773 772 εσκευασμένος,
789 702 898 755 εἴτε
918 702 979 756 τὺ
1006 704 1351 775 αὐτοσχέδιον
1378 705 1488 760 τῶν
1507 706 1884 779 διειλεγμένων
1903 709 1927 742 ⁸

351 790 637 857 διασώζειν
658 793 917 865 ἀκέραιον
945 793 1272 866 βουλομένου
1305 796 1400 851 τοῦ
1445 794 1921 869 συγγεγραφότος,

351 886 462 937 εῖτε
495 885 588 957 καὶ
617 885 807 957 ἔτερόν
835 903 888 939 τι
915 885 1387 957 διοικονομοῦντος
1404 904 1420 920 ’
1446 888 1515 942 δι’
1562 889 1705 964 ἅπερ
1732 891 1840 945 οὐδ’
1871 893 1920 946 oi

350 974 695 1046 διαλεκτικῆς
741 976 763 1008 ⁸
787 976 938 1048 αὐτῷ
960 977 1115 1049 νόμοι
1165 978 1411 1049 εὐμενῶς
1456 980 1703 1037 θέλουσιν
1753 982 1922 1055 ἔχειν.

351 1066 500 1138 Πλὴν
520 1067 617 1121 καὶ
630 1066 775 1121 οὕτω
789 1068 1050 1139 χρειῶδες
1073 1072 1186 1137 τοῖς
1206 1070 1457 1126 εὐσεϐέσι
1478 1072 1540 1127 τὸ
1561 1073 1856 1146 ἀγώνισμα
1878 1077 1920 1131 ⁸.

1018 1162 1200 1228 Ριιεῑο.

567 1252 681 1307 Τοῦ
709 1250 780 1305 ἐν
801 1251 1358 1325 ἁγίοις-Ἐφραιμίου
1384 1257 1563 1327 Λόγοι
1592 1255 1711 1327 μθ’.

435 1342 880 1413 Ἀνεγνὼσθησαν
904 1343 998 1397 τοῦ
1045 1347 1105 1398 έν
1142 1346 1319 1414 ἁγίοις
1370 1348 1611 1419 Ἐφραὶμ
1656 1349 1837 1420 Λόγοι
1866 1349 1926 1406 α

353 1436 455 1489 καὶ
479 1440 566 1490 Μ’·
596 1428 673 1490 ὧν
700 1438 729 1490 6
757 1437 856 1507 μὲν
886 1438 944 1491 Α¹
974 1437 1168 1490 ἑαυτόν
1191 1455 1252 1490 τε
1282 1441 1427 1491 ποιεῖ
1445 1439 1926 1512 ἀπολοφυρόμενον

349 1521 434 1591 οἷς
470 1526 621 1593 ἐϐίω,
652 1530 750 1582 καὶ
782 1529 946 1582 τόπον
974 1530 995 1561 ⁷
1029 1529 1216 1600 ἐπέχει
1264 1530 1539 1601 προλόγου
1572 1532 1684 1585 τῶν
1724 1532 1925 1601 ἑφεξῆς

350 1622 747 1690 παραινέσεων.
791 1624 851 1676 '0
894 1622 952 1675 δὲ
996 1621 1049 1675 B'
1094 1625 1206 1686 τοῖς
1248 1624 1306 1677 ἐν
1364 1624 1617 1693 κοινοϐίῳ
1676 1625 1927 1696 ἀδελφοῖς

350 1710 670 1781 παραίνεσξν
719 1713 866 1765 ἐστιν
912 1712 1320 1783 εἰσηγούμενος.
1365 1714 1740 1787 Προτρέπεται
1786 1716 1925 1788 πρὸς

2026 530 2411 589 Verumtamen
2440 533 2681 602 dialogus
2710 535 2797 590 hic
2820 534 3112 590 humiliore
3137 546 3221 591 est
3254 542 3596 609 conscriptus

2025 625 2186 696 stylo,
2222 625 2335 680 sive
2363 625 2504 694 quod
2548 626 2918 681 sinceritatem
2953 630 3222 683 sermonis
3253 644 3319 685 ex
3356 640 3601 703 tempore

2027 714 2199 770 habiti
2235 731 2455 771 servare
2479 725 2674 771 auctor
2702 719 2928 781 studuit,
2955 719 3069 774 sive
3098 722 3232 791 quid
3271 722 3412 777 aliud
3437 723 3595 777 insti-

2028 805 2150 869 tuit,
2189 819 2312 860 cum
2364 821 2433 860 ne
2468 806 2764 861 dialectica:
2788 809 3008 876 quidem
3052 808 3202 877 leges
3249 812 3384 867 satis
3412 827 3594 866 serva-

2026 896 2118 953 rit.
2169 897 2489 966 Quanquam
2538 898 2703 955 etiam
2757 898 2831 955 ita
2881 900 3028 955 utilis
3063 901 3136 957 sit
3164 901 3269 971 piis
3292 905 3612 959 hominibus

2027 988 2145 1046 hac
2170 989 2484 1059 disputatio.

2696 1263 2939 1326 CXCVI.

2447 1344 2704 1413 prraim
2734 1348 2983 1404 Honnilite
3025 1346 3175 1408 ml.

2098 1438 2350 1511 Legimus
2370 1442 2546 1495 sancti
2577 1440 2831 1510 Ephraim
2854 1443 2968 1515 (57)
2990 1443 3267 1501 Sermones
3295 1445 3598 1515 undequin-

2025 1531 2304 1600 quaginta.
2344 1530 2582 1598 Quorum
2625 1532 2829 1601 primus
2863 1534 2980 1605 (58)
3011 1535 3381 1605 deplorantem
3420 1537 3594 1604 ipsum

2025 1623 2233 1679 inducit
2297 1638 2418 1692 qum
2468 1624 2759 1679 admiserat
2820 1626 2873 1679 in
2933 1627 3082 1691 vita,
3131 1636 3186 1680 et
3255 1628 3596 1695 sequentium

2027 1715 2280 1784 deinceps
2320 1716 2745 1771 admonitionum
2796 1717 3004 1788 prologi
3049 1717 3480 1786 vicem-praebet.
3530 1718 3594 1770 II.

348 1803 631 1857 εὐσέϐειαν
654 1804 685 1856 6
714 1802 789 1860 I".
841 1806 898 1858 Ὀ
926 1805 985 1859 δὲ
1011 1808 1065 1858 A'
1087 1807 1214 1870 τοὺς
1264 1806 1374 1860 τῶν
1411 1807 1662 1878 μοναχῶν
1696 1787 1916 1879 εἰσαγο-

2025 1803 2067 1859 F
2082 1806 2320 1861 ratribus
2350 1806 2405 1860 in
2429 1807 2680 1861 cmuobio
2701 1787 3024 1875 degentibus
3044 1807 3352 1862 adhortatio
3370 1817 3474 1860 est.
3505 1805 3595 1859 Ill.

350 1899 547 1967 μένους
570 1902 845 1971 στοιχειοῖ,
885 1902 981 1956 καὶ
1010 1903 1039 1954 6
1060 1902 1115 1954 E’
1146 1902 1241 1957 καὶ
1260 1905 1287 1956 6
1312 1903 1384 1970 ς’
1414 1904 1509 1957 καὶ
1533 1905 1563 1957 6
1585 1905 1639 1958 Z'
1674 1902 1771 1957 atati.
1805 1905 1834 1957 6
1855 1904 1916 1957 H'

347 1983 446 2044 καὶ
475 1994 504 2045 6
522 1991 600 2046 8'.
632 1992 924 2046 Ἐπίκοινοι
949 1993 972 2026 ⁸
1001 1993 1062 2047 δέ
1088 2011 1206 2058 πως
1228 1996 1255 2047 6
1270 1992 1305 2047 ι’
1331 1994 1428 2049 καὶ
1446 1996 1475 2047 6
1501 1996 1586 2048 IA'
1607 1996 1628 2028 ’
1645 1996 1740 2048 καὶ
1764 1997 1793 2048 6
1814 1996 1916 2049 IB'.

346 2082 723 2151 Εἰσαγωγικδς
756 2084 803 2115 ¹⁰
848 2083 894 2136 δ’
945 2083 1147 2155 ὁμοίως
1202 2086 1298 2140 καὶ
1342 2088 1371 2140 6
1428 2084 1508 2139 II"
1554 2088 1650 2141 καὶ
1699 2089 1729 2143 6
1757 2088 1858 2155 IA',
1892 2088 1921 2141 ὃ

345 2191 408 2226 τε
439 2174 519 2228 IE’
545 2175 642 2228 καὶ
675 2177 773 2243 Ιξῖν
803 2178 897 2230 καὶ
926 2178 1002 2230 IZ'
1021 2178 1118 2230 καὶ
1144 2179 1230 2231 IH’
1253 2178 1348 2232 καὶ
1364 2178 1444 2232 ῐΘ¹
1465 2178 1511 2211 ίί
1542 2179 1649 2242 ἕως
1672 2178 1767 2233 τοῦ
1790 2180 1917 2235 KI".

347 2261 486 2318 Εἶτα
504 2265 533 2318 6
559 2265 685 2336 ἑξῆς
705 2268 890 2339 κοινὴν
912 2270 1236 2340 παραίνεσιν
1255 2270 1591 2341 ἀπογράφει.
1629 2269 1689 2324 '0
1705 2271 1761 2326 δὲ
1785 2272 1918 2338 κε’,

345 2356 431 2409 ὅτι
474 2357 548 2427 μὴ
570 2356 651 2411 δεῖ
666 2358 866 2423 τόπους
891 2360 1165 2431 ἀμείϐειν,
1188 2362 1288 2435 τὴν
1311 2363 1636 2433 παραίνεσιν
1658 2366 1917 2419 ποιεῖται.

360 2446 420 2500 Ὁ
449 2448 506 2501 δὲ
533 2450 669 2514 KH’,
699 2450 780 2503 ὅτι
810 2451 886 2522 μὴ
917 2452 1001 2505 δεῖ
1027 2453 1120 2504 τὸν
1159 2453 1478 2508 ἀποστάντα
1507 2453 1605 2507 τοῦ
1650 2455 1920 2510 κοινοϐίου

347 2540 764 2610 ὑποστρέφοντα
798 2544 895 2596 καὶ
938 2544 1414 2616 μεταϐαλλόμενον
1458 2547 1818 2603 ἀπωθεῖσθαι.
1861 2548 1921 2601 '0

344 2631 409 2685 δὲ
438 2630 547 2684 ΚΘ¹
568 2632 629 2697 ἐξ
659 2633 900 2705 ἱστορίας
918 2626 1296 2708 γεγενημένης
1310 2631 1423 2691 οἷόν
1450 2640 1566 2691 ἐστι
1586 2638 1758 2692 κακὸν
1775 2655 1922 2709 παρ-

349 2720 564 2792 ίστησιν
601 2725 638 2794 ἡ
698 2723 974 2797 παρακοὴ,
1023 2725 1119 2780 καὶ
1149 2727 1234 2779 ὅτι
1268 2727 1313 2759 ⁸³
1345 2726 1428 2780 δεῖ
1462 2726 1556 2782 τὸν
1594 2728 1923 2798 Χριστιανὸν

351 2812 707 2883 μακρόθυμον
754 2815 853 2868 καὶ
898 2816 1268 2887 μνησικακίας
1299 2816 1537 2887 κρείττω
1577 2814 1739 2875 εἶναι.
1769 2822 1835 2874 '0
1863 2819 1923 2874 A'

347 2905 481 2976 περὶ
514 2904 727 2973 παθῶν,
766 2899 849 2961 ὅτι
869 2907 950 2960 δεῖ
988 2908 1209 2978 φεύγειν
1233 2910 1398 2964 αὐτά.
1447 2911 1505 2965 '0
1534 2912 1640 2965 ΛΜ
1667 2912 1744 2976 ὡς
1778 2912 1822 2945 ⁸³
1844 2912 1926 2966 δεῖ

346 2998 476 3061 τοὺς
502 2998 901 3070 ὀλιγωροῦντας
949 3002 1315 3069 παρακαλεῖν.
1355 3002 1415 3057 Ὀ
1444 3002 1549 3058 ΔΒ⁹
1588 3004 1666 3069 ὡς
1696 3005 1753 3058 ὲν
1774 3003 1925 3059 ἀντι-

2019 1897 2102 1952 Ad
2135 1898 2392 1967 pietatem
2422 1896 2637 1952 invitat.
2665 1897 2752 1952 IV.
2777 1897 2883 1952 Eos
2913 1898 3053 1969 (58⁵),
3082 1901 3174 1969 qui
3211 1902 3277 1951 ad
3303 1903 3600 1953 monachos

2020 1991 2254 2060 primum
2304 1991 2663 2056 adducuntur,
2714 1991 3026 2045 informat:
3075 2001 3132 2046 ut
3175 1992 3340 2046 etiam
3382 1989 3449 2054 V,
3510 1988 3597 2050 Vl.

2024 2081 2138 2146 VII,
2184 2092 2240 2138 et
2270 2080 2401 2147 VIII,
2449 2082 2645 2152 quibus
2687 2093 2742 2137 et
2773 2083 2843 2146 Χ,
2893 2084 3291 2163 quodammodo
3324 2080 3601 2137 consentit

2022 2184 2185 2244 atque
2237 2174 2305 2230 XI
2350 2175 2488 2246 (59).
2533 2173 2649 2241 XII,
2711 2175 2959 2229 similiter
3013 2175 3436 2230 introductorius
3491 2184 3619 2239 est...

2021 2272 2078 2321 et
2130 2264 2269 2331 XIII,
2320 2264 2465 2329 XIV,
2496 2265 2610 2330 XV,
2644 2262 2784 2329 XVI,
2829 2263 2989 2329 XVII,
3022 2263 3213 2330 XVIII,
3246 2262 3384 2328 XIX,
3425 2279 3600 2334 usque
3717 2268 3725 2281 ‘

2023 2358 2089 2413 ad
2136 2356 2305 2413 XXIII
2327 2358 2464 2428 (60).
2535 2356 2669 2411 Nam
2712 2356 2804 2427 qui
2853 2356 3104 2426 deinceps
3148 2357 3412 2425 sequitur,
3447 2372 3600 2408 cmu-

2011 2447 2237 2506 'munem
2290 2451 2535 2505 continet
2582 2448 3025 2505 admonitionem.
3083 2447 3275 2518 160a
3335 2447 3405 2501 At
3452 2445 3601 2502 XXV

2026 2556 2134 2596 non
2169 2551 2429 2611 oportere
2461 2540 2573 2612 (61)
2610 2541 2785 2597 locum
2816 2549 3029 2595 mutare
3058 2540 3329 2594 hortatur.
3357 2536 3597 2592 XXVIII.

2027 2633 2217 2707 [Ναπι.
2243 2634 2363 2707 65.}
2381 2635 2497 2690 Non
2531 2646 2782 2707 oportere
2811 2632 2926 2705 (62)
2955 2635 3112 2689 docet
3147 2634 3380 2689 cmnobii
3413 2636 3600 2688 deser-

2025 2737 2198 2782 torem
2230 2729 2541 2782 redeuntem
2581 2742 2646 2783 ac
2678 2728 3029 2797 pmnitentem
3058 2725 3370 2795 repudiare.
3429 2722 3601 2778 XXIX

2029 2817 2222 2890 [Il/um.
2272 2818 2389 2892 6L]
2418 2819 2489 2873 Ex
2531 2820 2757 2875 historia
2801 2830 2949 2890 gesta
2982 2819 3165 2882 refert,
3188 2832 3351 2887 quam
3382 2817 3451 2871 sit
3476 2831 3599 2885 per-

2028 2910 2292 2964 uiciosum
2358 2910 2770 2978 prmsidentibus
2833 2926 2938 2965 non
2985 2910 3205 2966 obedire
3275 2926 3291 2964 :
3348 2917 3601 2976 oportere

2033 2999 2225 3073 [Νυιη.
2272 3001 2366 3073 68]
2400 3018 2615 3073 quoque
2660 3002 3031 3059 Christianum
3085 3002 3221 3056 iram
3279 2999 3513 3063 diﬂ'erre,
3549 3009 3617 3053 et~

348 3089 506 3161 λογίᾳ
541 3094 609 3163 τῇ
641 3093 965 3167 σωφροσύνῃ
998 3096 1096 3149 καὶ
1137 3096 1333 3168 ἁγνείᾳ
1360 3097 1422 3151 τὸ
1469 3098 1675 3165 κράτος
1704 3098 1798 3152 καὶ
1824 3099 1923 3168 τὴν

2032 3094 2352 3162 iniuriarum
2428 3096 2697 3152 oblivisci.
2771 3093 2943 3153 XXX.
3023 3093 3099 3149 De
3174 3091 3611 3163 perturbationi~

354 3183 508 3254 ἰσχὺν
539 3182 768 3254 βεϐαιοῖ.
822 3187 932 3240 Καὶ
978 3186 1009 3239 6
1055 3188 1156 3242 AI"
1208 3189 1341 3260 περὶ
1374 3190 1597 3259 ἁγνείας
1644 3194 1921 3264 παραινεῖ.

361 3272 421 3327 '0
448 3275 547 3327 AA'
577 3274 621 3308 ⁸⁸
647 3275 746 3346 τὴν
772 3277 1005 3347 ἡσυχίαν
1032 3277 1286 3349 προξενεῖ
1306 3283 1420 3344 τοῖς
1454 3280 1670 3335 θέλουσι
1711 3282 1755 3314 ³⁵
1793 3294 1922 3336 συν-

354 3364 511 3418 ιέναι.
540 3366 651 3419 Καὶ
677 3369 704 3421 6
723 3369 826 3423 AE'
850 3370 974 3441 περὶ
1004 3370 1098 3424 τοῦ
1133 3371 1208 3442 μὴ
1237 3372 1538 3443 ῥέμϐεσθαι
1566 3374 1927 3445 διαλαμϐάνει

348 3459 462 3521 τοῖς
486 3458 816 3531 όφθαλμοῖςυ
848 3462 944 3516 καὶ
969 3461 1047 3527 ὡς
1091 3463 1160 3516 δι’
1205 3465 1535 3535 ἐρωτήσεως
1580 3465 1923 3529 διδασκαλία,

349 3550 403 3602 εί
430 3549 500 3604 δι’
531 3552 743 3624 ἀποχῆς
765 3552 1072 3624 βρωμάτων
1102 3556 1132 3608 6
1161 3556 1264 3625 τῆς
1286 3557 1543 3626 πορνείας
1567 3558 1927 3628 καταργεῖται

353 3642 639 3714 λογισμὸς,
672 3645 769 3698 καὶ⁵
799 3646 906 3699 τίνι
953 3645 1118 3716 ἄλλῳ.
1178 3646 1238 3699 '0
1261 3646 1318 3700 δὲ
1346 3647 1391 3678 ι’
1417 3648 1538 3714 AC."
1591 3651 1723 3719 περὶ
1750 3652 1929 3720 πραῢ-

351 3731 609 3798 παθείας.
655 3733 715 3789 ’0
741 3734 800 3788 δὲ
834 3736 934 3789 AZ'
978 3736 1116 3808 πρὶς
1166 3737 1578 3803 ἀνυποτάκτους
1612 3739 1782 3804 ἐστὶν,
1829 3738 1927 3802 οὒς

352 3823 447 3876 καὶ
472 3824 850 3893 καταστέλλει,
883 3826 960 3898 μὴ
986 3827 1124 3898 πρὸς
1165 3827 1230 3882 τὸ
1256 3828 1485 3899 ἔσχατον
1503 3829 1605 3900 τῆς
1642 3829 1923 3895 ἀπωλείας

351 3916 896 3988 ὲκτραχηλισθέντας,
920 3919 998 3992 τῷ
1023 3922 1088 3974 ἐκ
1111 3920 1248 3975 Θεοῦ
1273 3922 1425 3994 φόϐῳ
1451 3923 1546 3977 καὶ
1573 3922 1654 3993 τῷ
1674 3923 1769 3977 τοῦ
1800 3924 1928 3995 μέλ-

350 4002 535 4066 λοντος
565 4006 950 4079 δικαιωτηρίου
983 4010 1237 4081 κρίματι.
1278 4011 1408 4085 [515
1441 4011 1534 4086 R.]
1587 4014 1648 4068 '0
1705 4013 1765 4068 δὲ
1811 4016 1926 4083 ΛΒΤ

349 4095 449 4166 τὴν
477 4096 650 4167 καλὴν
664 4098 948 4156 εὐλάϐειαν
973 4102 1301 4159 ἐκδιδάσκει.
1341 4105 1400 4159 '0
1422 4105 1480 4159 δὲ
1511 4105 1616 4160 ΛΘ
1640 4107 1777 4178 πρὸς
1794 4109 1926 4172 τοὺς

352 4188 412 4254 ἐξ
441 4190 651 4255 οἰκείας
679 4193 1048 4260 ἐκπίπτοντας
1087 4196 1351 4266 ἀμελείας
1385 4198 1482 4252 καὶ
1521 4196 1926 4272 προφασιζομέ-

350 4300 476 4347 νους
507 4286 809 4356 προφάσεις
855 4291 915 4342 ἂν
947 4289 1262 4360 ἁμαρτίαις.
1307 4290 1367 4345 '0
1396 4291 1455 4345 δὲ
1486 4290 1555 4346 Μ’
1599 4292 1738 4363 πρὸς
1766 4291 1924 4347 ἀδελ-

352 4375 452 4443 φόν
477 4377 626 4431 ἐστιν
652 4381 973 4444 ἐκπεσόντα,
997 4382 1094 4434 καὶ
1114 4384 1242 4454 περὶ
1274 4383 1585 4454 μετανοίας.
1618 4383 1678 4437 '0
1699 4383 1759 4437 δὲ
1781 4384 1922 4447 MA',

2028 3187 2128 3241 bus
2153 3186 2264 3259 (63)
2299 3188 2462 3242 animi
2508 3188 2795 3256 fugiendis.
2832 3186 3019 3241 XXXI.
3058 3186 3273 3258 [Νιιιη.
3314 3183 3446 3256 71.]
3494 3183 3601 3236 Ah-

2026 3277 2170 3345 jecto
2218 3281 2402 3335 animo
2434 3281 2525 3351 qui
2563 3283 2694 3347 sint,
2724 3296 2846 3336 esse
2897 3280 3271 3337 consolatione
3289 3278 3609 3345 erigendos.

2028 3367 2259 3424 XXXII.
2321 3369 2425 3425 Per
2474 3371 2959 3425 contradictioIiem
3021 3370 3136 3441 (64)
3201 3378 3328 3440 [qua
3388 3368 3601 3424 diabolo

2027 3461 2316 3529 quemdam
2380 3470 2769 3531 repugnantem
2838 3461 3079 3533 inducit]
3120 3462 3492 3529 temperantiae
3548 3470 3604 3512 ct

2031 3551 2266 3605 castitati
2303 3553 2468 3607 robur
2496 3554 2748 3621 viresque
2781 3553 2949 3606 addit.
2977 3536 3219 3607 XXXIII.
3255 3549 3446 3624 [Num.
3482 3550 3611 3625 51.}

2027 3643 2107 3697 De
2148 3643 2400 3699 castitate
2446 3656 2710 3714 praecepta
2738 3647 2849 3699 dat.
2881 3642 3120 3699 XXXIV.
3153 3645 3403 3711 Quietem
3440 3652 3602 3712 atque

2028 3736 2302 3790 silentium
2355 3737 2423 3792 iis
2481 3739 2841 3803 commendat,
2877 3740 2968 3808 qui
3010 3741 3202 3809 degere
3242 3752 3347 3791 una
3388 3738 3601 3791 volunt.

2027 3826 2247 3884 XXXV.
2283 3828 2399 3883 Non
2422 3836 2544 3886 esse
2575 3831 2749 3886 oculis
2773 3835 3075 3903 vagandum
3104 3833 3285 3886 docet.
3339 3828 3604 3896 Quadam

2026 3919 2194 3976 etiam
2212 3921 2362 3990 quasi
2381 3922 2937 3993 adinterrogationem
2972 3922 3168 3977 factam
3201 3921 3485 3975 institutio.
3517 3921 3597 3973 An

2027 4012 2274 4068 ciborum
2318 4014 2646 4069 abstinentia
2681 4015 3059 4070 fornicationis
3091 4013 3378 4082 frangatur
3405 4013 3604 4081 cogita-

2028 4104 2125 4170 tio,
2158 4115 2213 4161 et
2239 4121 2343 4176 qua
2374 4121 2434 4161 re
2456 4106 2583 4162 alia.
2613 4106 2850 4162 XXXVI.
2875 4105 3065 4178 [Num.
3101 4106 3220 4176 74.]
3256 4105 3327 4159 De
3355 4119 3603 4156 mansue-

2028 4197 2233 4252 tudine.
2269 4197 2534 4254 XXXVII.
2559 4197 2757 4269 [Num.
2791 4197 2906 4271 75.]
2941 4197 3170 4253 Habitus
3200 4211 3380 4251 sermo
3411 4203 3495 4249 est
3535 4195 3615 4247 ad.

2026 4288 2489 4360 Inobsequentegz
2531 4305 2665 4360 quos
2689 4293 2852 4345 etiam
2907 4291 2971 4362 (si
3024 4305 3129 4344 non
3184 4290 3250 4342 ad
3298 4296 3598 4342 extremum

2026 4382 2282 4436 interitus
2333 4382 2744 4450 praecipitarunt)
2779 4396 2900 4436 cum
2957 4381 3048 4434 Dei
3107 4390 3275 4443 metu,
3312 4389 3422 4432 tum
3453 4378 3601 4446 jusm

349 4465 427 4531 ὡς
474 4467 534 4521 οὐ
582 4467 663 4523 δεῖ
702 4470 926 4539 ὀμνύειν
970 4471 1095 4525 οὐδὲ
1129 4472 1465 4544 δυσφημεῖν,
1522 4474 1793 4545 παραινεῖ.
1839 4472 1920 4534 I'O

2025 4471 2229 4539 iudicio
2251 4472 2435 4528 futuro
2470 4475 2781 4542 compescit.
2817 4472 3100 4528 XXXVIII.
3128 4472 3320 4545 [Num.
3347 4470 3462 4543 76.]
3496 4469 3600 4525 Ite-

1656 4607 1896 4664 VARIJE
1929 4608 2334 4667 LECTIONES.

423 4718 446 4748 ¹
472 4707 532 4769 οὗ
672 4716 853 4771 malim
884 4719 973 4788 ἣν.
1047 4719 1068 4750 ³
1098 4718 1191 4773 τοῦ
1213 4723 1297 4776 A:
1326 4719 1416 4774 ὅτε
1465 4719 1560 4773 τοῦ
1585 4737 1647 4784 ς.

1734 4718 1758 4751 ⁸
1775 4719 2173 4791 διειλημμένων
2198 4738 2261 4786 ς.

2362 4724 2384 4757 ⁸
2415 4718 2741 4789 διαλεκτικοὶ
2768 4737 2832 4785 ς.
2908 4721 2928 4752 ⁸
2954 4716 3269 4789 ἀγώνισμα]
3297 4717 3470 4789 aptius
3489 4717 3601 4771 for-

353 4795 501 4871 tasse
549 4787 916 4871 ἀνάγνωσμα.
962 4790 981 4820 ⁷
998 4791 1168 4871 τύπον
1183 4791 1249 4844 Α.
1276 4791 1346 4871 .-⁸
1373 4791 1643 4871 ἐπίκοινα.
1671 4791 1750 4871 Αζ
1758 4787 2099 4871 1.6an'teLIA'
2128 4801 2182 4871 et
2206 4791 2299 4871 κα).
2327 4801 2447 4871 post
2484 4787 2564 4871 Ιᾼ¹
2580 4807 2697 4871 pm.
2727 4793 2793 4844 A.
2871 4789 2926 4869 ιζ
2939 4787 3295 4871 εἰσαγωγιικηὸς
3320 4788 3385 4871 ιδ’.
3406 4789 3603 4871 ὁμοίως

350 4856 580 4925 Αεόμο

586 4857 699 4929 Ito;
726 4860 1097 4929 εἰσαγωγικὸςν
1138 4878 1201 4925 ς.

1275 4860 1317 4892 ⁸³
1340 4872 1465 4916 ante
1522 4863 1607 4914 IH'
1646 4868 1701 4913 et
1729 4857 1810 4912 ΙΘ⁹
1838 4875 1957 4913 cum
1987 4859 2035 4914 Α
2076 4862 2237 4916 omisi
2265 4861 2312 4913 6.
2330 4857 2481 4915 fidem
2517 4862 2644 4914 infr.
2694 4874 2804 4914 om.
2833 4858 2950 4912 τοῦ.

3026 4862 3068 4891 ³³
3103 4859 3198 4912 καὶ
3225 4858 3330 4928 ὅτι]
3363 4861 3391 4910 6
3434 4858 3491 4909 δὲ
3522 4859 3600 4928 κθ¹

351 4927 428 4989 ὡς
603 4927 646 4999 ξ’
671 4928 749 4989 ὡς
774 4926 821 4981 Α
844 4925 1031 4999 ιότίς.
1064 4928 1111 4961 ³⁸
1136 4929 1434 4999 ΛΔ’-ΛΕ’]
1458 4927 1498 4983 δ’
1521 4959 1588 4969 -
1610 4929 1654 4981 ε’
1683 4932 1780 4983 καὶ
1807 4928 1850 4982 λ’
1877 4931 1971 4984 καὶ
1989 4930 2031 4983 λ’
2060 4931 2129 4986 Α.
2165 4932 2306 4986 idem
2348 4931 2525 4993 g’xatl.
2552 4927 2594 4983 λ’
2628 4939 2684 4984 ct
2715 4932 2757 4982 θ’
2779 4931 2875 4984 καὶ
2896 4930 2939 4983 λ’
2988 4940 3041 4985 et
3059 4936 3107 4984 α’
3145 4932 3239 4983 καὶ
3297 4925 3348 4999 μ’
3375 4967 3390 4992 ,
3421 4934 3474 4992 ς’
3508 4927 3602 4982 καὶ

353 5002 430 5065 μ’,
460 4994 507 5061 ζ’
537 4996 633 5050 καὶ
664 5002 739 5068 μ’.
825 5000 871 5031 ιι
895 4998 1138 5055 ἐθέλουσι
1161 5018 1223 5065 ς.
1279 5002 1325 5034 ιο
1346 5003 1376 5055 ὁ
1401 4994 1459 5055 δὲ
1496 5003 1545 5055 Α
1570 5017 1585 5055 ε
1607 5000 1705 5056 και
1736 5002 1764 5055 6
1789 5016 1852 5064 ς.

425 5235 541 5308 (5'1)
586 5236 662 5308 De
690 5251 798 5305 quo
832 5237 999 5293 multa
1048 5236 1383 5294 Sozomcnns
1410 5235 1506 5293 lib.
1558 5253 1644 5305 ιιι,
1678 5252 1797 5308 cap.
1831 5236 1923 5292 15.

425 5301 539 5380 (58)
590 5301 765 5380 Cujus
790 5311 1102 5380 argumenti
1125 5318 1234 5363 tres
1266 5309 1432 5364 habes
1468 5310 1521 5363 in
1569 5301 1927 5380 nuper-editis

353 5375 528 5448 hujus
542 5378 717 5432 sancti
733 5375 912 5433 Patris
937 5377 1192 5446 operibus
1215 5393 1517 5448 sermones,
1538 5375 1669 5434 tom'.
1695 5377 1740 5435 ι.
1773 5394 1924 5448 num.

352 5447 651 5503 36.Altero
680 5448 805 5501 item
828 5449 1229 5513 lomo,nurn.l,
1256 5447 1391 5503 etlII
1419 5450 1670 5517 denique,
1696 5464 1845 5503 num.
1870 5447 1924 5501 6.

353 5517 610 5589 Plerique
632 5524 813 5589 autem
845 5519 1039 5572 borum
1067 5518 1135 5573 49
1157 5534 1464 5573 sermonum
1501 5520 1566 5572 ad
1598 5518 1723 5573 illud
1764 5520 1928 5589 quin-

352 5586 614 5660 quaginta
637 5587 996 5660 Prarzeneseon
1027 5602 1161 5656 opus
1186 5597 1456 5660 spectant,
1490 5591 1632 5660 quod
1659 5586 1796 5660 pene
1839 5603 1928 5644 se-

352 5656 593 5713 cundum
626 5656 891 5711 editorum
925 5667 1126 5712 tomum
1166 5656 1405 5717 coniicit.

428 5724 570 5797 ‘58)
601 5726 755 5783 Tom.
789 5726 851 5791 ιι,
894 5742 947 5780 ιι.
985 5726 1073 5781 55.

1933 5119 2170 5179 NOTAE.

2103 5237 2215 5303 (59)
2234 5236 2457 5292 Videtur
2482 5238 2548 5292 ad
2580 5249 2709 5293 tom.
2737 5237 2779 5304 I‘,
2808 5253 2957 5294 num.
2984 5236 3073 5302 55,
3096 5237 3319 5293 tralatns
3345 5238 3396 5291 in
3420 5238 3598 5292 editis.

2105 5308 2223 5376 (-60)
2259 5306 2415 5362 Tom.
2448 5309 2603 5373 lI,.n.
2637 5310 2728 5363 ⁸57.

2129 5378 2217 5446 61)
2247 5377 2304 5431 In
2340 5379 2499 5432 editis
2526 5381 2655 5432 torni
2697 5379 2763 5442 II,
2803 5394 2950 5433 num.
2983 5377 3073 5433 63.

2130 5448 2219 5517 62)
2242 5447 2311 5518 26
2338 5459 2393 5501 et
2424 5447 2505 5501 27‘
2547 5450 2815 5518 praeterita
2847 5458 2990 5505 sunt.

2103 5518 2215 5640 (ἐξ)
2243 5516 2401 5572 Num.
2440 5516 2614 5585 70,'et
2656 5521 2843 5574 eodem
2891 5526 3208 5589 argumento
3233 5517 3372 5573 aiter
3397 5527 3526 5572 tom.
3559 5518 3600 5578 [ζ

2034 5607 2095 5645 ιι.
2133 5589 2220 5640 55.

2105 5655 2617 5782 Εξξιίζὸλιιιὶιτιιειίυί
2669 5661 2893 5717 nomine
2924 5668 3101 5715 exstat
3148 5659 3218 5715 in
3234 5660 3369 5716 cdit.
3398 5668 3525 5717 tom.
3560 5666 3616 5723 [ι

2032 5744 2180 5784 ιιυιιι.
2212 5744 2301 5783 ευ.
