4030 6248
371 279 471 346 661

1462 294 1993 356 BIBLIOTHECA.
2035 321 2104 332 —
2144 282 2306 357 σοι).
2340 297 2615 359 CXCVII.

3515 301 3621 365 662

372 400 409 468 ή
437 395 666 469 ἀλήθεια
685 399 895 455 πολλῶν
921 402 1035 458 ἐστι
1060 406 1241 478 μήτηρ
1271 403 1730 476 κατορθωμάτων,
1764 404 1943 475 φθορά

2061 407 2368 461 :harltatem
2415 408 2481 462 ad
2514 408 2680 462 Deum
2720 406 2922 464 ducere
2956 424 2971 462 :
3011 408 3192 464 odium
3231 425 3358 466 vero
3393 410 3635 467 daemonii,

371 490 432 543 δὲ
467 490 670 545 τούτων
693 492 755 546 τὸ
790 492 1005 563 ψεῦδος,
1037 494 1299 560 ὡσαύτως
1325 498 1359 568 ἡ
1385 498 1600 569 ὑπακοὴ
1642 500 1725 552 ὅτι
1763 516 1946 570 μακα-

377 587 528 655 ρίους
551 586 679 649 τοὺς
714 588 1033 658 χρωμένους
1050 590 1365 659 ἀποφαίνει,
1391 592 1454 645 τὸ
1486 591 1532 645 δ’
1566 591 1947 647 ἀνυπότακτον

373 676 621 745 κατάρας
644 677 740 731 καὶ
763 677 965 748 πολλῆς
1013 680 1182 751 ἄλλης
1210 680 1469 753 αἰσχύνης
1512 684 1657 735 ποιεῖ
1682 682 1944 754 κληρονό-

379 784 514 837 μους
539 783 553 798 °
588 768 681 821 καὶ
708 768 770 821 τὸ
800 770 1078 841 καθαροὺς
1108 767 1249 825 εῖναι
1277 773 1470 842 φθόνου
1499 775 1593 827 καὶ
1609 773 1773 845 ζήλου
1805 775 1947 843 ἀγά-

373 875 487 930 πην
540 859 660 912 ἐστὶ
691 856 1244 928 καταπεπλουτῖσθαι,
1280 864 1562 934 ἐνέχεσθαι
1600 865 1656 918 δὲ
1711 868 1839 929 τοὺς
1861 868 1947 918 ἐν·

380 948 704 1020 ισχημένους
747 950 827 1021 τῷ
877 951 1040 1007 πάθει
1067 957 1179 1018 τοῖς
1214 955 1307 1008 τοῦ
1365 955 1614 1009 διαϐόλου
1654 958 1943 1027 κρίμασιν,

377 1038 569 1113 ὥσπερ
602 1043 699 1096 καὶ⁹
750 1045 879 1107 τοὺς
929 1044 1220 1115 λοιδορίαις
1269 1046 1601 1112 ἑαλωκότας.
1659 1048 1771 1102 Καὶ
1817 1049 1947 1119 περὶ

379 1132 702 1203 ἐγκρατείας
727 1134 786 1188 δὲ
833 1134 930 1188 καὶ
959 1136 1231 1206 ἀκρασίας
1264 1138 1406 1191 κατὰ
1442 1138 1504 1191 τὸ
1542 1139 1801 1208 ἀνάλογον
1829 1140 1948 1193 δια-

378 1220 666 1290 λαμϐάνει.
712 1223 771 1276 Ὅ
822 1225 922 1295 μὲν
967 1221 1063 1279 οὖν
1103 1225 1239 1296 πρὸς
1267 1227 1393 1289 τοὺς
1423 1227 1753 1292 Μετεϐίνους
1793 1228 1950 1297 λόγος

379 1310 478 1363 ἐπὶ
501 1311 777 1376 τοσούτοις
811 1314 1240 1383 διαπεραιοῦται.
1291 1314 1419 1386 [516
1449 1316 1544 1388 R.]
1570 1318 1681 1372 Καὶ
1729 1318 1864 1373 ἀλλα
1889 1319 1949 1372 δὲ

380 1402 607 1467 πλεῖστα
662 1406 757 1458 τοῦ
808 1406 1021 1477 ἀνδρὸς,
1067 1408 1479 1479 μεταϐληθέρλτα
1517 1412 1652 1481 πρὸς
1694 1412 1794 1482 τὴν
1834 1412 1952 1465 Ἐλ-

380 1492 539 1559 λάδα,
580 1496 929 1566 συντάγματα
963 1498 1185 1568 φέρεται
1238 1500 1420 1572 πλήρη
1459 1502 1681 1571 χάριτος
1728 1502 1823 1554 καὶ
1854 1501 1947 1554 δυ-

380 1586 617 1655 νάμεως.
648 1586 836 1657 Σύρων
856 1588 915 1641 δὲ
942 1590 1132 1654 παῖδές
1179 1608 1341 1659 φασιν
1375 1592 1515 1661 ὑπὲρ
1571 1591 1669 1656 τὰς
1709 1593 1952 1663 χιλιάδας

379 1676 571 1746 λόγους
600 1677 761 1731 αὑτὸν
789 1680 1123 1750 ἀναγράψαι,
1158 1677 1239 1746 οἷς
1258 1683 1361 1736 καὶ⁵
1384 1684 1412 1737 ὁ
1440 1684 1570 1755 περ).
1591 1684 1691 1753 τὴν
1711 1684 1950 1755 ἱστορίαν

2064 490 2271 547 similes
2310 491 2544 558 eilicere,
2592 503 2929 562 compertum
2982 494 3105 569 [ait]
3165 498 3417 554 habetur.
3448 500 3618 567 Quem

2049 582 2176 636 item
2211 583 2279 638 ad
2308 586 2525 639 modum
2558 585 2765 640 veritas
2796 585 3084 641 multorum
3127 598 3210 644 est
3248 598 3398 645 recte
3446 589 3621 645 factu-

2054 688 2173 728 rum
2197 689 2416 744 parens,
2444 675 2638 744 quibus
2674 675 3016 733 mendacium
3049 680 3342 748 perniciem
3386 680 3617 746 aﬂ‘erat;

2052 765 2125 819 ita
2174 766 2481 821 obedientia
2537 768 2722 822 beatos
2758 769 2955 834 reddit,
3012 780 3066 825 et
3113 771 3469 826 iuobedientia
3519 771 3616 826 Dei

2048 858 2481 912 maletlictionem
2516 857 2791 927 multaque
2819 869 3018 927 praeter
3059 875 3179 915 eam
3227 863 3488 917 dedecora
3534 877 3623 917 ac-

2048 946 2234 1015 quirit.
2268 946 2438 1002 Puros
2487 956 2751 1017 praeterea
2802 949 2872 1004 ab
2918 950 3120 1005 invidia
3172 961 3226 1005 et
3278 953 3622 1006 aemulatione

2048 1039 2316 1094 charitate
2361 1039 2556 1094 divites
2612 1039 2729 1094 fieri
2758 1040 3041 1113 [ostendit]
3081 1060 3095 1097 :
3128 1042 3389 1097 obnoxios
3431 1054 3621 1098 contra

2050 1124 2248 1179 diaboli
2288 1125 2496 1193 judicio
2523 1125 2685 1192 efﬁci,
2717 1129 2809 1197 qui
2860 1130 2963 1185 ltoc
2999 1131 3187 1186 morbo
3216 1131 3481 1200 laborent,
3517 1149 3621 1188 non

2053 1218 2232 1272 minus
2262 1233 2424 1286 quam
2456 1218 2547 1287 qui
2590 1221 2854 1275 conviciis
2876 1221 3144 1291 jacicudis
3174 1225 3339 1279 dediti
3380 1226 3513 1280 sint.
3548 1225 3623 1280 Dc

2059 1311 2413 1377 temperantia
2444 1310 2677 1379 denique
2700 1320 2862 1380 atque
2894 1313 3311 1383 intemperantia
3334 1316 3446 1383 pari
3467 1317 3626 1371 modo

2053 1402 2183 1470 agit.
2207 1402 2382 1469 Atque
2414 1402 2525 1457 haec
2564 1403 2677 1457 fere
2717 1404 2897 1459 oratio
2932 1405 3021 1459 illa
3062 1406 3128 1459 ad
3172 1405 3467 1463 Metebinos
3511 1423 3627 1461 mo-

2053 1494 2255 1549 nachos
2272 1495 2561 1549 continet:
2602 1511 2908 1566 quanquam
2962 1497 3066 1551 alia
3098 1496 3211 1569 (70)
3258 1514 3471 1569 quoque
3505 1500 3624 1568 plu-

2053 1586 2189 1639 rima
2244 1587 2417 1642 sancti
2489 1587 2591 1641 viri
2645 1588 2696 1641 in
2747 1587 2989 1643 Graecam
3070 1604 3328 1645 conversa
3389 1592 3624 1659 linguam

2056 1676 2317 1743 opuscula
2363 1675 2842 1743 circumferuntur,
2887 1678 3101 1733 dicendi
3129 1680 3181 1733 vi
3231 1695 3295 1734 ac
3348 1690 3629 1735 venustate

379 1770 483 1824 οὐκ
510 1769 910 1837 ἀναξιόπιστος,
941 1772 990 1824 εἰ
1026 1774 1124 1826 καὶ
1166 1773 1240 1843 μή
1275 1774 1344 1826 τά
1388 1774 1661 1843 δόγματα,
1689 1774 1948 1838 Εὐσέϐιος

2061 1765 2273 1821 referta.
2310 1766 2433 1838 Syri
2468 1783 2598 1823 vero
2641 1767 2906 1824 afﬁrmant
2961 1774 3235 1825 orationes
3275 1787 3435 1839 supra
3484 1770 3629 1823 mille

379 1862 412 1916 ὁ
439 1861 502 1915 τὸ
525 1862 813 1932 Παμφίλου
847 1860 1134 1933 ἐπώνυμον
1173 1864 1354 1935 φέρων
1397 1866 1838 1938 ἐπιμαρτύρεται
1875 1867 1947 1921 ’⁸.

380 2222 512 2296 [266
541 2221 610 2296 Η]
634 2224 982 2280 Κασσιανοῦ
1004 2222 1276 2293 μωαχοῦ
1314 2222 1493 2291 Λόγοι
1516 2219 1833 2288 ἀσκητικω
1871 2228 1951 2288 γ’.

463 2316 805 2386 ’Δνεγνώσθη
832 2316 1163 2387 βιϐλιδάριον
1196 2315 1255 2369 ἐν
1279 2306 1325 2382 ᾧ
1347 2311 1658 2367 Κασσιανοῦ
1693 2312 1952 2384 μοναχοῦ,

388 2407 617 2482 Ῥώμην
683 2409 941 2482 λαχόντος
991 2409 1227 2479 πατρίδα
1250 2449 1267 2474 ,
1321 2409 1593 2478 περιῆσαν
1654 2406 1803 2476 λόγοι
1866 2406 1911 2477 β’
1935 2447 1952 2473 ,

376 2493 457 2555 ὧν
487 2503 516 2555 ό
547 2501 644 2572 μὲν
672 2502 913 2573 Κάστορι
926 2501 1208 2571 ἐπισκόπῳ
1232 2500 1634 2570 ἀνεγέγραπτο,
1681 2498 1831 2569 αὐτῷ
1856 2515 1955 2552 πε-

379 2590 660 2661 ποιημένῳ
689 2591 736 2624 ³⁸
762 2590 863 2660 τὴν
891 2590 1001 2643 τῶν
1032 2588 1438 2660 γεγραμμένων
1471 2588 1708 2659 αἴτησιν.
1739 2589 1956 2652 Τύπους

377 2679 424 2733 δ’
446 2672 601 2742 οὗτος
642 2680 738 2734 καὶ
769 2680 1002 2742 κανόνας
1046 2678 1397 2748 ἀπαγγέλλει,
1430 2678 1551 2731 καθ’
1585 2676 1678 2741 οὓς
1719 2678 1866 2730 ἐὸίου
1895 2678 1959 2732 τὸ

379 2774 440 2825 ἐν
467 2770 726 2841 Αἰγύπτῳ
748 2772 890 2825 κατά
918 2772 1245 2842 συστήματα
1273 2770 1557 2841 μοναδικόν
1578 2769 1623 2801 ’ί
1641 2784 1656 2799 ⁸
1688 2771 1959 2824 arata-66m

379 2863 438 2915 δὲ
465 2862 607 2916 αὐτά
626 2864 655 2915 ὁ
692 2863 757 2915 ἐκ
787 2865 885 2931 τῆς
910 2863 1242 2933 ἐτυμότητος
1278 2860 1535 2932 ὀνομάζει
1559 2860 1741 2930 λόγος.
1795 2862 1905 2915 Καὶ⁵
1930 2863 1959 2914 ὀ

380 2952 634 3024 δεύτερος
687 2953 746 3007 δὲ
780 2953 861 3021 τῷ
902 2953 1054 3024 αύτῷ
1081 2952 1623 3024 προσπεφωνημένος
1662 2952 1801 3018 ἐστὶ,
1828 2953 1961 3023 περὶ

381 3044 492 3098 τῶν
514 3042 659 3099 ὀκτὼ
672 3044 731 3097 δὲ
758 3043 1034 3115 λογισμῶν
1066 3044 1164 3115 τὴν
1201 3043 1514 3114 ἐπιγραφήν
1540 3044 1720 3115 φέρει,
1753 3039 1834 3106 οἷς
1859 3060 1959 3112 γα-

384 3137 777 3207 στριμαργίαν,
812 3136 1093 3206 πορνείαν,
1121 3136 1510 3208 φιλαργυρίαν,
1558 3134 1751 3205 ὀργὴν,
1782 3134 1960 3206 λύπην

383 3228 484 3283 καὶ
511 3228 760 3297 ἀκηδίαν,
775 3227 1081 3294 κενοδοξίαν
1103 3245 1163 3281 τε
1190 3229 1285 3281 καὶ
1311 3228 1691 3299 ὑπερηφανίαν
1712 3226 1960 3292 ἐξάπτει.

384 3321 648 3392 Χρήσιμα
679 3320 760 3385 δὲ,
793 3320 952 3390 εἴπερ
984 3321 1031 3353 ³¹
1083 3338 1138 3373 τι
1165 3319 1312 3385 ἄλλο,
1344 3320 1415 3374 τὰ
1442 3320 1600 3389 λόγια
1643 3319 1818 3372 ταῦτα
1849 3320 1965 3381 τοῖς

386 3413 733 3484 αἱρουμένοις
760 3412 854 3465 τὸν
889 3414 1187 3483 ἀσκητικὸν
1217 3413 1578 3483 ἀναδέχεσθαι
1608 3412 1817 3480 ἀγῶνα.
1852 3412 1965 3465 Καὶ

386 3504 483 3557 ἐπὶ
498 3504 761 3559 τοσοῦτον
780 3505 841 3559 τὸ
864 3505 909 3538 ³³
924 3504 1150 3557 δυνατὸν
1171 3505 1354 3568 αὐτοῖς
1376 3505 1471 3558 καὶ
1493 3504 1635 3559 θεῖον
1657 3505 1960 3575 περίεστιν,

387 3595 529 3650 ὥστε
557 3596 654 3650 καὶ
685 3596 848 3668 μέχρι
868 3596 985 3664 νῦν,
1010 3598 1065 3650 εί
1088 3615 1143 3650 τι
1166 3598 1310 3652 κατά
1335 3599 1464 3661 τοὺς
1479 3596 1686 3663 τύπους
1712 3596 1965 3651 τουτουσὶ⁵

387 3688 486 3742 καὶ
508 3687 579 3741 τά
604 3687 947 3758 διατάγματα
979 3689 1305 3758 μοναστικὸν
1329 3688 1378 3722 ³⁸
1402 3688 1658 3759 σύστημα
1676 3686 1968 3741 πολιτεύοι-

387 3795 471 3844 το,
493 3777 647 3831 ἀνθεῖ
661 3795 722 3832 τε
755 3778 833 3842 ὡς
863 3778 908 3810 ³⁵
931 3778 1148 3850 ἀληθῶς
1187 3779 1280 3832 καὶ
1306 3777 1415 3833 τῶν
1440 3778 1617 3832 ἄλλων
1646 3776 1965 3848 προλάμπει

390 3870 487 3922 καὶ
515 3869 625 3923 τῶν
673 3869 886 3939 ἀρετῶν
912 3870 1102 3940 ὁρᾶται
1132 3870 1521 3942 ἐργαστήριον,
1564 3869 1625 3933 ὃς
1652 3869 1712 3923 δὲ
1739 3868 1967 3931 τούτους

390 3959 745 4031 διεγράψατο,
780 3961 875 4014 ἐπὶ
906 3964 1120 4032 μικροῖς
1147 3978 1261 4016 τισι
1311 3962 1588 4030 λειψάνοις
1618 3961 1726 4015 τῶν
1752 3961 1967 4032 ἀρετῶν

393 4051 613 4106 σαλεύει
658 4052 693 4123 ἢ
733 4053 830 4107 καὶ
864 4054 1107 4125 ναυαγίῳ
1141 4053 1475 4126 περιδύεται.
1518 4052 1611 4107 Διὸ
1649 4052 1827 4123 χρεών
1850 4056 1967 4106 ἐστι

394 4143 561 4216 μηδὲν
584 4144 695 4199 τῶν
727 4147 786 4200 ἐν
830 4146 1013 4208 αὐτοῖς
1050 4145 1501 4217 παραδεδομένων
1531 4146 1813 4217 παρορᾷνο
1870 4147 1969 4198 As-

392 4234 658 4305 σποτικῆς
671 4236 777 4309 γὰρ
805 4236 976 4291 ταῦτα
997 4235 1320 4308 νομοθεσίας
1347 4237 1444 4290 καὶ
1471 4235 1571 4306 τῆς
1601 4235 1968 4304 εύαγγελικῆς

390 4325 668 4391 πολιτείας
722 4328 770 4360 ³⁵
814 4330 964 4383 ἐστὶν
1015 4327 1316 4393 ἀνάπτυξίς
1355 4345 1417 4381 τε
1476 4329 1574 4382 καὶ
1631 4327 1967 4394 ὲξάπλωσις.

1987 3095 2033 3158 C

2051 1859 2379 1927 scripsisse:
2409 1860 2606 1930 quibus
2643 1862 2804 1916 etiam
2856 1864 3221 1917 testimonium
3245 1864 3420 1917 reddit
3452 1863 3630 1933 (cujus

2051 1952 2233 2021 gravis
2292 1960 2377 2006 est
2429 1953 2484 2007 in
2534 1952 2788 2022 historia,
2824 1971 2931 2009 non
2992 1956 3119 2009 item
3176 1955 3228 2009 in
3290 1956 3630 2026 dogmatibus

2054 2045 2207 2117 fides)
2242 2047 2500 2102 Eusebius
2549 2047 2639 2103 ille
2682 2045 2946 2117 Pamphili
2978 2058 3353 2118 cognomento.

2708 2139 2962 2199 CXCV".

2297 2230 2540 2286 Cassiani
2579 2233 2819 2286 monachi
2843 2231 2991 2286 Libri
3026 2234 3238 2287 ascetitr
3269 2243 3394 2287 tres.

2127 2321 2325 2378 Lectus
2378 2324 2616 2389 libellus,
2667 2339 2775 2394 quo
2828 2324 3077 2380 Cassiani
3132 2325 3404 2384 monachi.
3454 2324 3631 2392 patria

2056 2412 2286 2469 Romani
2328 2414 2465 2487 (71),
2499 2416 2620 2470 libri
2660 2420 2769 2471 duo
2819 2418 3255 2471 continebantur.
3310 2416 3499 2486 161a
3535 2417 3633 2468 lio-

2057 2523 2174 2562 rum
2226 2507 2366 2562 alter
2411 2508 2625 2563 Castori
2676 2509 2887 2562 cuidam
2949 2510 3207 2578 episcopo
3268 2520 3630 2575 nuncupatur,

2057 2600 2148 2669 qui
2194 2598 2339 2654 hunc
2370 2601 2437 2655 ab
2461 2600 2553 2656 illo
2576 2599 2743 2655 scribi
2774 2600 3097 2669 postularat.
3134 2599 3362 2654 Formas
3389 2597 3502 2668 (7:2)
3532 2615 3631 2653 au—

2060 2696 2166 2742 tem
2207 2702 2272 2742 ac
2309 2688 2524 2758 regulas
2561 2688 2886 2757 praescribit,
2918 2703 2983 2742 ex
3032 2703 3263 2758 quarum
3319 2688 3634 2757 praescripto

2060 2777 2243 2831 vivant
2290 2779 2342 2831 in
2394 2776 2629 2847 Egypto
2674 2777 2925 2832 monachi
2957 2793 3054 2847 per
3086 2787 3260 2832 cretus
3292 2778 3412 2832 illos
3451 2778 3629 2832 distri-

2060 2864 2197 2929 buti,
2231 2879 2367 2933 quos
2395 2880 2458 2919 ex
2484 2865 2635 2918 vocis
2662 2863 2871 2933 origine
2901 2865 3071 2931 petita
3113 2864 3339 2925 ratione,
3387 2862 3636 2917 ctenobia

2062 2955 2365 3008 nominant.
2412 2953 2565 3007 Alter
2596 2969 2813 3023 quoque
2881 2955 3018 3008 liber
3068 2954 3244 3008 eidem
3305 2948 3631 3021 inscriptus,

2063 3047 2131 3101 ab
2182 3055 2305 3100 octo
2350 3046 2461 3117 (75)
2519 3045 2626 3101 illis
2660 3044 2927 3118 [vitiosis]
2959 3045 3385 3116 cogitationibus
3420 3045 3635 3099 titulum

2062 3150 2362 3205 mutuatur,
2418 3141 2619 3209 quibus
2680 3140 2898 3209 gulam,
2950 3140 3252 3205 luxuriam,
3315 3140 3653 3205 avaritiam,

2063 3226 2221 3290 iram,
2272 3226 2556 3295 invidiam,
2606 3230 2876 3293 acediam,
2924 3230 3140 3284 inanem
3191 3229 3415 3297 gloriam
3474 3238 3639 3297 atque

2063 3318 2368 3386 superbiam
2415 3320 2686 3375 attribuit.
2720 3318 3024 3374 Utilissima
3072 3335 3226 3387 vero,
3262 3320 3309 3375 si
3349 3334 3469 3389 qua:
3507 3320 3635 3383 alia,

2064 3407 2182 3463 haec
2208 3409 2275 3463 iis
2300 3420 2427 3464 sunt
2452 3411 2823 3479 pronuntiata,
2850 3412 2940 3481 qui
2967 3410 3273 3480 religiosam
3302 3410 3442 3465 inire
3473 3411 3638 3466 vitam

2065 3503 2307 3572 cupiunt.
2340 3501 2407 3555 Et
2436 3517 2566 3556 vero
2609 3510 2757 3556 tanta
2802 3503 2869 3555 iis
2900 3501 2980 3555 vis
3011 3502 3174 3564 inest,
3222 3516 3285 3555 ac
3316 3500 3471 3570 quasi
3501 3500 3640 3554 divi-

2066 3594 2229 3660 nitas,
2260 3603 2322 3647 u-t
2350 3602 2407 3648 et
2446 3593 2499 3646 in
2541 3593 2684 3647 hunc
2712 3608 2884 3663 usque
2916 3592 3081 3659 diem,
3106 3591 3155 3645 si
3194 3592 3317 3660 quis
3345 3591 3629 3645 monacho-

2067 3701 2186 3742 rum
2220 3696 2519 3741 conventus
2541 3687 2642 3741 hac
2669 3701 2735 3740 ex
2778 3686 2950 3741 forma
2986 3697 3040 3742 et
3072 3686 3225 3741 hisce
3265 3685 3641 3755 praeceptioni-

2067 3781 2169 3834 bus
2218 3778 2573 3849 gubernetur,
2625 3792 2813 3832 revera
2866 3778 3133 3845 tantisper
3163 3775 3371 3840 ﬂoreat,
3405 3776 3632 3831 caeteris-

2068 3888 2174 3942 que
2195 3872 2495 3941 praelucens
2525 3871 2783 3924 virtutum
2816 3884 2937 3925 esse
2964 3868 3179 3925 ofﬁcina
3210 3875 3489 3934 cernatur,
3519 3882 3640 3921 cum

2068 3965 2160 4035 qui
2212 3967 2326 4019 haec
2374 3963 2668 4032 repudiarit
2725 3971 2920 4027 cattus,
2955 3963 3141 4033 parvis
3174 3962 3496 4032 quibusdam
3531 3961 3643 4014 vir-

2072 4066 2241 4111 tutum
2278 4054 2500 4124 reliquis
2539 4052 2907 4126 [instructus],
2961 4055 3123 4109 veluti
3172 4056 3224 4108 in
3266 4053 3518 4108 ﬂuctibus
3561 4052 3644 4121 ja-

2070 4157 2271 4213 ctetur,
2304 4147 2389 4201 vel
2416 4147 2580 4201 etiam
2623 4146 2967 4216 naufragium
2998 4147 3184 4205 faciat.
3224 4145 3403 4214 Quare
3428 4145 3646 4214 expedit

2073 4238 2205 4293 uibil
2245 4254 2434 4293 eorum
2483 4252 2604 4305 qua:
2649 4237 2720 4290 ibi
2771 4238 3057 4292 traduntur
3103 4246 3473 4292 contemnere.
3506 4235 3643 4289 Nam

2071 4330 2367 4386 Dominica:
2410 4331 2527 4385 haec
2573 4330 2707 4400 legis
2753 4338 2881 4385 sunt
2917 4341 3082 4399 atque
3115 4328 3440 4400 evangelicae
3484 4327 3665 4383 disci-7

395 4418 555 4471 Ἐστι
570 4418 630 4472 δὲ
650 4420 801 4492 αύτῷ
829 4422 1003 4475 οἰκεῖα
1027 4423 1141 4484 τοῖς
1161 4421 1487 4491 διανοήμασι
1509 4420 1605 4474 καὶ
1629 4421 1698 4474 τά
1722 4421 1957 4491 ῥήματα,

2073 4421 2232 4490 plina:
2275 4420 2541 4490 expositio
2588 4430 2645 4475 et
2691 4420 3024 4488 explanatio.
3074 4419 3341 4475 Caeterum
3396 4417 3650 4472 sensibus

389 4508 452 4561 τό
479 4525 541 4563 τε
571 4510 741 4580 σαφὲς
787 4512 1206 4579 ἀποστίλϐοντα,
1262 4511 1358 4566 καὶ⁹
1395 4511 1455 4565 τὸ
1480 4511 1681 4581 ῥᾳδίως
1708 4514 1830 4573 ταῖς
1862 4510 1966 4579 ψυ-

390 4604 518 4671 χαῖς
570 4605 670 4657 καὶ
722 4604 1045 4675 ἀνεπαχθῶς
1084 4605 1129 4636 ³⁷
1162 4602 1610 4674 ἐγχαράσσεσθαι
1656 4601 1755 4674 τὴν
1805 4603 1969 4673 χάριν

391 4692 820 4767 κληρωσάμενα,
853 4696 971 4767 aps
991 4698 1086 4749 καὶ
1109 4696 1203 4750 τοῦ
1238 4697 1283 4729 ³⁸
1317 4695 1644 4766 συμπείθειν
1670 4696 1765 4748 καὶ
1783 4694 1968 4749 ἕλκειν

389 4784 566 4850 αύτάς
594 4788 729 4857 πρὸς
754 4788 817 4842 τὸ
846 4786 1305 4860 σπουδαζόμενον.
1340 4789 1452 4842 Καὶ
1493 4787 1637 4840 οὕτω
1667 4788 1845 4841 πάντα
1874 4803 1966 4839 σο-

2074 4513 2192 4582 ipsa
2219 4527 2435 4583 quoque
2486 4514 2625 4581 apud
2657 4527 2784 4567 eum
2821 4511 3114 4581 respondet
3141 4509 3399 4573 elocutio,
3432 4518 3487 4561 ut
3527 4523 3649 4576 quae

2075 4619 2182 4658 nou
2240 4604 2678 4673 perspicuitatem
2734 4601 2909 4658 solum
2955 4617 3138 4657 secum
3181 4600 3395 4664 aﬂ‘erat,
3443 4602 3536 4655 sed
3585 4616 3648 4654 ea

2076 4696 2295 4764 insuper
2322 4696 2393 4750 sit
2430 4695 2690 4750 facultate
2722 4695 2968 4765 praedita,
2998 4705 3057 4747 ut
3089 4692 3249 4749 facile
3287 4707 3352 4746 ac
3397 4692 3513 4746 sine
3542 4691 3647 4745 ulla

2081 4789 2129 4839 vi
2180 4786 2456 4840 hominum
2499 4787 2699 4841 animis
2754 4787 3095 4856 imprimatur
3129 4804 3141 4838 :
3178 4784 3307 4849 quin
3342 4794 3399 4839 et
3430 4783 3648 4838 eosdem

1667 4945 1901 5000 VAlile
1934 4942 2343 5001 LECTIONES.

394 5132 439 5164 ³³
474 5131 763 5208 μοναχικὺν
792 5131 853 5197 ς.
890 5131 901 5135 “
929 5131 1184 5208 ³³’ἐίπερ]
1211 5135 1369 5208 Δύαιτὲρ

569 5069 688 5129 post
705 5064 1216 5137 smpaprtiperatin
1240 5065 1511 5137 Atacuna
1544 5078 1801 5137 versuum
1844 5063 1877 5116 ’5
1913 5079 1925 5114 :
1963 5061 2014 5114 in
2140 5061 2326 5114 unius.

1433 5135 1497 5187 A.
1576 5134 1622 5163 ³³
1652 5133 1712 5184 τὸ
1738 5147 1848 5184 om.
1898 5138 1964 5183 Α.
2038 5133 2081 5163 ³⁸
2139 5130 2431 5199 μοναχικὸν
2460 5148 2519 5196 ς.

2421 5059 2466 5091 ³ο
2520 5059 2881 5137 πεποιημένῳ
2943 5068 3064 5137 pust
3127 5058 3342 5137 αἴτησιν
3397 5056 3643 5137 ρυηίιςτ

2629 5132 2672 5163 ³⁵
2710 5126 2792 5193 ’ὡς
2833 5126 2879 5182 Α
2912 5146 2929 5184 :
2959 5129 3096 5194 τέως
3149 5147 3209 5193 ς,
3240 5126 3250 5131 ⁷
3288 5130 3333 5162 ³⁸
3373 5126 3655 5180 πολιτείας

394 5199 519 5272 Ροέῑ
545 5199 850 5267 ὲξᾶπλωσις
895 5208 1043 5273 ponit
1072 5199 1140 5271 ς.’
1167 5199 1184 5208 ’
1206 5205 1249 5237 ⁸⁷
1276 5199 1371 5259 καὶ
1398 5204 1560 5258 ἀνεπ.
1621 5205 1815 5272 ἐγχαρ.
1877 5202 1997 5263 ταῖς
2042 5201 2239 5270 ψυχαῖς
2273 5218 2333 5264 ς.
2409 5201 2453 5232 ³⁸
2486 5199 2581 5253 τοῦ
2614 5200 2661 5253 Α
2689 5220 2701 5254 :
2742 5201 2802 5253 τὸ
2832 5218 2892 5264 ς.

1876 5310 2106 5364 NOTAE.

470 5404 584 5476 (70)
608 5406 652 5461 E
685 5407 880 5476 quibus
909 5422 1069 5476 supra
1103 5416 1342 5469 centum,
1374 5416 1571 5476 praeter
1597 5406 1706 5475 jam
1737 5419 1966 5476 enume-

399 5465 516 5527 rata
547 5465 739 5532 Latine
766 5465 991 5532 reddita‘
1020 5479 1245 5547 protulit
1273 5465 1500 5532 Ger'ard.
1536 5465 1757 5531 vossius
1783 5475 1968 5530 Romae

398 5554 457 5597 ct
480 5547 717 5602 Colonia.
746 5548 914 5602 edita.

478 5614 590 5684 (7i)
632 5616 714 5671 An
744 5617 873 5687 quia
906 5619 1048 5672 inter
1092 5617 1314 5671 Latiuos
1350 5615 1601 5672 Massilia:
1631 5613 1969 5687 vixit?ANam

404 5686 670 5756 Scythatn
698 5685 916 5744 natione
942 5688 1112 5744 fuisse
1139 5687 1451 5743 Gennadius
1481 5698 1669 5744 auctor
1704 5688 1757 5741 iu
1793 5685 1970 5741 Catal.

2073 5416 2193 5471 cap.
2230 5402 2319 5456 Gl.

2148 5473 2260 5540 (7'2)
2302 5471 2525 5544 Libellis
2566 5481 2815 5540 quatuor,
2842 5475 2932 5541 qui
2974 5475 3171 5544 passim
3207 5481 3425 5527 exstant
3457 5470 3650 5527 Latiuc

2075 5554 2130 5597 ct
2161 5544 2350 5614 Grai-cc
2380 5542 2433 5614 in
2467 5543 2721 5598 biblioth.
2750 5546 2979 5614 August.

2154 5613 2269 5679 (75)
2305 5611 2555 5683 Totidem
2601 5614 2793 5668 libellis
2841 5611 3019 5671 editus
3071 5613 3283 5682 Latine,
3322 5614 3412 5683 qui
3457 5613 3651 5670 Graece

2078 5696 2204 5739 sunt
2227 5684 2279 5738 itt
2316 5682 2563 5740 biblioth.
2588 5684 2817 5754 August.
