4030 6248
417 245 520 306 663

1574 249 1836 308 ΡΙΙΟΤΙΙ
1876 250 2378 312 ΡΑΤΡιΙΑΒΕΗιλΕ
2407 255 2520 314 CP.

3550 256 3654 320 664

416 356 784 426 persuadere,
836 368 998 425 atque
1045 355 1110 409 ad
1165 356 1469 410 institutum
1513 373 1669 413 suum
1709 361 1982 415 attrahere

2087 365 2202 434 φῶς
2222 383 2279 418 τε
2311 365 2405 418 καὶ
2451 363 2639 432 δεξιῶς
2674 362 2939 436 κέκραται
2975 365 3069 419 καὶ
3095 363 3553 436 διαμεμόρφωται
3577 367 3646 425 δ’.

415 456 602 514 queat.
623 445 736 499 Imo
757 448 1030 514 sapienter
1049 447 1183 502 adeo
1212 458 1337 502 sunt
1361 449 1540 501 omnia
1563 461 1614 503 ct
1637 451 1826 506 dextre
1849 461 1980 506 tent-

416 545 601 604 perata
633 545 795 604 atque
820 536 1120 603 etformata,
1152 546 1211 591 ut
1243 553 1342 592 nec
1373 541 1689 608 tropologiis
1720 541 1860 596 liber
1887 556 1976 596 se-

417 625 624 680 cundus
656 626 1003 689 destituatnr,
1051 629 1144 681 sed
1191 632 1356 682 multa
1404 633 1694 699 contineat,
1738 650 1856 702 qua:
1887 636 1984 692 de-

419 718 693 770 tnnlceant
724 727 884 787 atque
914 718 1159 772 alliciant
1188 739 1199 774 :
1233 737 1296 774 ac
1320 723 1469 791 plura
1499 725 1686 788 etiam,
1714 742 1978 795 quaecum

418 817 618 860 metum
644 823 707 862 ac
735 819 996 862 terrorem
1039 810 1329 877 incutiant,
1363 823 1472 866 tum
1506 815 1748 870 homines
1776 817 1840 871 ad
1866 833 1982 887 pae-

417 899 698 952 nitentiam
726 901 1098 955 commovendi
1129 902 1239 956 vim
1268 903 1521 959 habeant.

487 987 730 1042 Tertium
761 990 1071 1058 adjunctum
1097 993 1182 1048 his
1217 993 1452 1048 libellum
1483 997 1732 1068 legimus,
1755 1015 1916 1070 quem
1952 1017 1981 1054 a

419 1080 661 1134 Castoris
704 1083 942 1150 episcopi
1000 1093 1177 1138 morte
1233 1085 1508 1156 inscripsit
1551 1069 1783 1145 emnobii
1841 1069 1988 1147 illius

420 1175 770 1238 moderatori,
824 1176 978 1244 cujus
1013 1177 1246 1231 coenobii
1289 1193 1474 1246 causa,
1527 1190 1582 1235 et
1631 1184 1828 1254 regulae
1881 1186 1986 1240 illa:

419 1263 616 1336 [prius]
649 1268 827 1319 missa:
849 1267 1086 1320 fuerant.
1109 1268 1209 1335 Qui
1241 1271 1458 1338 quidem
1486 1271 1698 1328 libellus
1734 1275 1821 1341 iis,
1850 1291 1986 1345 quos

411 1355 1282 1422 jamenumeravimus,adsimilis
1317 1372 1419 1415 est.
1443 1361 1735 1434 Doeet(74)
1762 1368 1904 1422 enim
1929 1369 1982 1421 in

417 1447 607 1516 primis
642 1448 770 1516 quid
803 1449 1058 1506 discretio
1085 1453 1157 1506 sit
1188 1468 1202 1505 :
1239 1453 1540 1522 deindeque
1579 1457 1832 1524 majorem
1865 1473 1985 1513 eam

416 1552 537 1592 esse
563 1540 778 1593 caeteris
805 1541 1118 1606 virtutibus,
1145 1553 1254 1595 tmn
1289 1547 1428 1599 unde
1457 1548 1731 1616 gignatur,
1762 1566 1826 1604 ac
1853 1567 1988 1620 quo-

413 1631 575 1701 modo
599 1631 710 1685 haec
732 1635 919 1687 eadem
946 1633 1158 1689 coalitus
1179 1638 1492 1709 plerumque
1516 1642 1788 1697 donetur:
1812 1645 1984 1698 donec

2078 458 2218 512 ὥστε
2255 458 2350 510 καὶ
2401 455 2758 528 τροπολογίας
2783 458 2812 510 ὁ
2859 455 3113 526 δεύτερος
3151 457 3312 524 λόγος
3337 456 3649 509 ὑποϐαλλό-

2082 569 2261 626 μενος,
2287 551 2380 605 καὶ
2407 549 2540 603 πολὺ
2570 550 2631 603 τὸ
2651 550 2940 618 ἐπαγωγὸν
2963 549 3099 619 έχων
3125 549 3217 602 καὶ
3239 548 3559 620 θελκτήριον
3577 549 3649 604 ’⁵ου

2080 645 2242 699 πλέον
2287 642 2585 712 παρέχεται
2637 641 2697 695 τὸ
2730 641 2929 712 φοϐοῦν
2961 659 3020 694 τε
3069 643 3165 694 καὶ
3199 641 3646 710 καταπληκτικὸν

2082 738 2179 790 καὶ
2203 736 2424 790 δυνατὸν
2455 735 2801 806 ἐπιστρέφειν
2831 735 2968 802 πρὸς
2993 734 3300 804 μετάνοιαν.

2153 1005 2264 1059 Καὶ
2286 1004 2468 1074 τρίτον
2494 1003 2539 1056 δ’
2575 1001 2669 1056 ἐπὶ
2707 1001 2916 1066 τούτοις
2957 1001 3185 1069 λογίδιον
3211 1000 3648 1071 συνανεγνώσθη,

2083 1096 2112 1150 ὃ
2145 1093 2283 1166 μετὰ
2317 1093 2575 1164 τελευτὴν
2606 1091 2889 1164 Κάστορος
2931 1089 3027 1144 τοῦ
3060 1091 3358 1143 ἐπισκόπου
3396 1089 3476 1160 τῷ
3535 1091 3651 1142 δια-

2083 1187 2359 1258 δεξαμένῳ
2401 1185 2502 1256 τὴν
2544 1185 2866 1256 ἐπιμέλειαν
2893 1185 2996 1253 τῆς
3041 1185 3230 1254 μονῆς,
3257 1184 3325 1236 δι’
3374 1185 3442 1254 ἥν
3467 1186 3562 1237 καὶ
3598 1185 3650 1238 οἱ

2085 1281 2309 1343 κανόνες
2339 1277 2663 1348 ἐστάλησαν,
2693 1277 3183 1346 προσπεφώνηται.
3219 1277 3375 1329 Ἐστι
3404 1275 3503 1344 μὲν
3521 1293 3654 1344 συγ-

2084 1372 2240 1441 γενὲς
2265 1372 2307 1403 δ’
2341 1373 2452 1434 τοῖς
2481 1370 2919 1442 προειρημένοις,
2969 1369 3210 1423 διδάσκει
3253 1368 3310 1421 δὲ
3341 1369 3394 1421 τί
3446 1368 3503 1422 τέ
3533 1369 3653 1422 ἐστι

2085 1463 2378 1530 διάκρισις,
2410 1460 2504 1512 καὶ
2534 1459 2617 1512 ὅτι
2659 1459 2859 1530 μείζων
2889 1457 3025 1528 αὕτη
3075 1457 3184 1510 τῶν
3215 1458 3390 1512 ἄλλων
3417 1459 3651 1527 ἀρετῶν,

2085 1553 2180 1606 καὶ
2209 1553 2328 1604 ὅθεν
2367 1549 2632 1612 τίκτεται,
2657 1550 2752 1602 καὶ
2771 1549 2847 1611 ὡς
2877 1549 2938 1602 τὸ
2966 1549 3128 1601 πλέον
3147 1548 3250 1617 τῆς
3313 1548 3519 1602 ἄνωθέν
3538 1551 3656 1603 ἐστι

2085 1645 2316 1714 δωρεᾶς.
2358 1643 2467 1696 Καὶ
2503 1642 2631 1708 περὶ
2685 1640 3004 1710 ἐξαγγελίας
3046 1641 3354 1711 Γραφικαῖς
3385 1641 3653 1706 πίστεσιν,

415 1723 631 1774 tandem
661 1722 952 1792 Scriptura:
982 1726 1305 1783 testimoniis
1333 1705 1528 1799 probat
1571 1732 1619 1763 ”
1654 1748 1809 1786 suum
1865 1736 1982 1802 qui-

2087 1737 2157 1801 ὡς
2187 1737 2266 1789 δεῖ
2315 1734 2520 1804 ταύτην
2581 1734 2862 1804 πράττειν,
2905 1733 3323 1797 κατασκευάζει,
3375 1735 3468 1786 καὶ
3521 1733 3658 1795 τίςὸ

415 1827 522 1879 que
557 1814 795 1867 animum
840 1817 1038 1869 seniori
1090 1834 1211 1873 esse
1258 1821 1626 1876 indicandum.
1653 1824 1817 1879 Addit
1849 1841 1985 1895 pra:-

414 1913 564 1958 terea
599 1905 718 1973 quis
749 1920 945 1974 scopus
977 1909 1086 1980 (75)
1128 1925 1191 1965 ac
1235 1912 1358 1968 linis
1397 1929 1583 1969 eorum
1613 1931 1735 1970 esse
1770 1918 1981 1983 debeat,

413 1998 504 2066 qui
549 2001 922 2069 religiosorum
963 2005 1446 2059 exercitationibus
1496 2008 1813 2076 probantur.
1861 2008 1986 2066 [hec

411 2090 598 2146 Mosen
640 2096 926 2162 quemdam
955 2098 1240 2150 virtutibus
1287 2098 1658 2154 admirandum
1696 2104 1866 2155 virum
1913 2104 1984 2156 ita

415 2185 696 2240 docentem
727 2187 952 2254 inducit,
984 2189 1174 2260 161b
1234 2199 1288 2242 ut
1325 2189 1457 2257 ipsis
1485 2207 1700 2261 quoque
1732 2195 1985 2260 operibus

411 2277 482 2330 ob
507 2277 691 2331 oculos
725 2283 1106 2349 propemodum
1155 2285 1373 2354 statutis
1419 2285 1668 2352 dogmata
1714 2301 1809 2340 sua
1853 2301 1986 2339 con-

413 2369 612 2423 ﬁrmet.
645 2368 772 2424 Post
816 2388 934 2440 qua:
973 2373 1236 2428 Serenum
1261 2373 1374 2444 (76)
1404 2376 1715 2444 quemdam,
1748 2378 1870 2430 vita:
1896 2392 1986 2446 ge-

415 2475 545 2515 nere
587 2462 752 2517 nihilo
799 2465 1131 2532 inizriorem,
1169 2477 1223 2522 et
1270 2469 1385 2539 pari
1431 2469 1646 2538 quidem
1689 2471 1837 2524 illum
1880 2474 1985 2526 do-

415 2557 588 2611 ctrina
624 2567 888 2623 utentem,
920 2559 972 2613 in
1000 2559 1233 2614 medium
1267 2562 1513 2629 producit
1545 2579 1560 2616 :
1597 2561 1984 2616 lierinimtrum

416 2665 522 2703 non
561 2665 740 2719 posse.
771 2653 898 2720 quin
932 2655 1178 2708 turbetur
1208 2669 1236 2706 a
1262 2655 1598 2708 daemonibus
1626 2654 1988 2709 mensbuma-

415 2755 507 2804 na,
555 2757 869 2812 quanquam
911 2745 1184 2813 compelli,
1211 2756 1373 2813 atque
1406 2746 1716 2800 necessario
1761 2747 1901 2816 cogi,
1931 2755 1989 2800 ut

414 2831 468 2883 in
511 2831 709 2884 malum
761 2833 985 2899 incidat,
1013 2850 1289 2904 nunquam
1325 2845 1507 2903 queat.
1537 2835 1795 2890 Nostrum
1841 2837 1984 2890 enim

414 2937 535 2974 esse
563 2925 770 2976 turbam
813 2924 957 2978 illam
999 2936 1314 2994 motumque
1341 2926 1422 2980 vel
1456 2927 1747 2996 depellere,
1781 2927 1866 2980 vel
1891 2929 1987 2981 ad-

2087 1829 2288 1891 σκοπδς
2311 1830 2405 1881 καὶ
2420 1827 2471 1880 τί
2497 1826 2556 1879 τὸ
2581 1826 2733 1888 τέλος
2750 1825 2858 1877 τῶν
2880 1826 2938 1879 ἐν
2963 1827 3076 1886 τοῖς
3109 1826 3425 1894 ἀσκητικοῖς
3447 1824 3656 1891 ἀγῶσιν

2087 1919 2508 1987 ἐξεταζομένων.
2561 1915 2746 1971 Ταῦτα
2796 1916 2998 1970 Μωσέα
3035 1917 3157 1968 τινὰ
3200 1914 3507 1985 θαυμαστὸν
3533 1917 3655 1978 ταῖς

2086 2013 2307 2084 ἀρεταῖς
2338 2009 2550 2078 εἰσάγει
2579 2008 2899 2061 διδάσκοντα
2948 2007 3044 2060 καὶ
3091 2007 3413 2076 πράγμασιν
3447 2007 3654 2071 αὐτοῖς,

2090 2102 2287 2174 μικροῦ
2317 2101 2589 2170 κειμένοις
2611 2100 2706 2154 ὑπ’
2731 2099 2874 2168 ὄψιν,
2899 2098 2967 2151 τὰ
2995 2099 3217 2168 ῥήματα
3247 2097 3654 2166 βεϐαιούμενον.

2085 2193 2218 2249 Εἶτα
2264 2195 2500 2264 Σερῆνον
2555 2195 2599 2225 ⁴²
2649 2194 2710 2246 οὑ
2743 2191 2996 2262 δεύτερον
3053 2193 3119 2261 τῇ
3173 2189 3418 2260 πολιτεία
3458 2191 3554 2242 καὶ
3586 2191 3656 2259 τῇ

2086 2289 2248 2358 ὁμοία
2281 2286 2562 2358 χρώμενον
2590 2283 2908 2354 διδασκαλίᾳ
2937 2285 3281 2352 παριστάνει,
3325 2282 3448 2354 [517
3474 2280 3659 2353 8.]ὠς

2085 2381 2146 2433 τὸ
2183 2379 2282 2450 μὲν
2319 2378 2392 2448 μὴ
2419 2376 2867 2448 παρενοχλεῖσθαι
2884 2375 2983 2445 τὴν
3010 2375 3247 2428 διάνοιαν
3277 2373 3380 2426 ὑπό
3413 2374 3519 2428 τῶν
3543 2374 3661 2426 δαι-

2090 2473 2291 2543 μονίων
2314 2469 2573 2522 ἀδύνατον
2595 2464 2734 2522 εἷναι
2769 2469 2836 2534 ⁸⁸,
2865 2468 2927 2520 τὸ
2953 2467 3009 2520 δέ
3037 2466 3390 2521 ωνωθείσθαι
3413 2467 3508 2519 καὶ
3528 2467 3661 2518 ἀνα·

2086 2563 2391 2633 γκάζεσθαι
2422 2562 2788 2616 καταπίπτειν
2835 2558 2972 2629 πρὸς
3004 2559 3071 2610 τὰ
3097 2557 3279 2626 φαῦλα
3305 2547 3510 2623 οὐκέτι,
3542 2555 3662 2610 ἀλλ’

2087 2652 2356 2722 ἡμέτερον
2390 2652 2483 2704 καὶ
2509 2651 2568 2703 τὺ
2591 2647 2898 2703 διωθεῖσθαι
2927 2646 3026 2717 τὴν
3049 2646 3273 2716 ὄχλησιν
3329 2647 3423 2699 καὶ
3458 2645 3518 2697 τὸ
3557 2661 3661 2697 πα-

2092 2742 2410 2815 ραδέχεσθαι
2437 2742 2637 2810 αὑτήν·
2671 2739 2767 2793 καὶ
2806 2739 2880 2801 ὼς
2906 2739 2967 2790 οὐ
3012 2737 3292 2811 χωροῦντα
3317 2737 3407 2790 διά
3427 2737 3526 2806 τῆς
3555 2735 3661 2805 ψυ-

2089 2835 2192 2905 χῆς
2229 2837 2298 2888 τὰ
2351 2833 2608 2901 δαιμόνια
2634 2833 2760 2894 τοὺς
2793 2830 3172 2900 ἀνθρωπίνους
3200 2824 3308 2881 οἶδε
3342 2828 3661 2896 λογισμοὺς,

2088 2924 2204 2978 ἀλλ’
2255 2923 2362 2976 ἀπό
2393 2939 2553 2976 τινων
2600 2922 2916 2991 τεκμηρίων
2973 2921 3172 2985 ἔξωθεν
3223 2919 3370 2989 θηρᾷ
3407 2918 3660 2979 τούτουςν

414 3013 649 3066 ntittere.
677 3014 908 3068 Rursum
937 3030 1040 3068 non
1067 3015 1424 3083 pervadentes
1446 3017 1688 3068 animum
1715 3018 1983 3069 daemones

2095 3018 2262 3086 μόνης
2292 3017 2402 3086 γὰρ
2435 3009 2574 3068 εἶναι
2605 3013 2706 3081 τῆς
2746 3013 2909 3080 άγίας
2962 3005 3193 3083 Τριάδος
3250 3011 3311 3064 τὸ
3343 3011 3432 3064 διὰ
3486 3009 3667 3079 ψυχῆς

413 3099 683 3158 humanas
733 3105 1088 3174 cogitationes
1141 3121 1497 3176 cognoscere,
1555 3108 1650 3160 sed
1702 3123 1768 3160 ex
1818 3121 1981 3176 argu-

417 3195 615 3248 mentis
643 3196 965 3264 quibusdam
999 3199 1244 3252 externis
1269 3213 1363 3252 eas
1389 3197 1594 3252 rimari.
1629 3198 1809 3252 Solius
1839 3199 1982 3252 enim

414 3299 534 3337 esse
590 3297 791 3340 sanctae
837 3285 1144 3356 Trinitatis,
1179 3289 1420 3342 animum
1449 3299 1754 3357 caeteraque
1802 3291 1982 3343 omnia

415 3379 730 3445 pervadere.
762 3380 922 3435 Varia
969 3382 1095 3437 item
1139 3396 1259 3436 esse
1291 3381 1592 3436 daemonum
1626 3397 1862 3450 genera;
1900 3383 1982 3437 fe-

413 3471 560 3524 rocia
584 3473 800 3541 quidem
833 3475 962 3538 alia,
992 3485 1046 3528 et
1077 3476 1232 3529 valde
1257 3475 1450 3539 noxia;
1483 3475 1585 3529 alia
1609 3491 1738 3528 vero
1760 3477 1935 3530 minus
1965 3495 1979 3530 :

414 3576 741 3632 rursumque
787 3565 890 3619 alia
932 3567 1141 3633 jocosa.
1191 3569 1371 3636 Atque
1419 3568 1507 3621 bic
1556 3568 1698 3621 tertii
1732 3567 1854 3621 linis
1902 3576 1986 3621 est

414 3650 557 3706 libri.
591 3654 798 3709 Sereno
825 3655 1044 3711 interim
1072 3661 1442 3727 promittente,
1469 3661 1840 3725 expositurum
1870 3657 1985 3731 (77)

415 3757 474 3795 se
493 3755 800 3812 opportuno
828 3755 1070 3814 tempore
1093 3749 1235 3816 quod
1267 3748 1552 3815 qua-situm
1584 3746 1764 3802 fuerat
1795 3765 1812 3802 :
1853 3748 1982 3802 illud

2089 3109 2184 3162 καὶ
2211 3109 2321 3162 τῶν
2371 3109 2544 3162 ἄλλων
2578 3106 2703 3178 [‘267
2733 3104 2824 3178 IL]
2880 3105 3136 3158 ἁπάντων
3194 3106 3415 3174 χωρεῖν.
3445 3103 3557 3156 Καὶ
3587 3101 3667 3164 ὼς

2088 3201 2324 3270 διάφορα
2376 3199 2520 3268 φῦλα
2551 3198 2866 3268 δαιμονίων,
2921 3199 3015 3251 καὶ
3041 3197 3109 3250 τὰ
3152 3198 3250 3266 μὲν
3281 3195 3463 3248 αὐτῶν
3494 3195 3665 3262 ἄγρια

2088 3292 2184 3345 καὶ
2213 3291 2499 3345 κακωτικὰ
2527 3290 2672 3356 λίαν,
2707 3288 2742 3342 ἃ
2760 3289 2804 3342 δ’
2832 3283 3013 3359 ἦττον,
3046 3288 3141 3342 καὶ
3167 3287 3302 3340 ἄλλα
3329 3286 3662 3355 εύτράπελα.

2087 3379 2182 3448 Οἷς
2207 3383 2300 3438 καὶ
2319 3385 2348 3437 ὁ
2370 3384 2550 3452 τρίτος
2569 3400 2631 3436 συ
2639 3381 2980 3452 μπληροῦται
3002 3381 3176 3448 λόγος,
3194 3380 3666 3448 ἐπαγγελλομένου

2091 3475 2365 3528 διαλαϐεῖν
2390 3475 2485 3528 τοῦ
2501 3476 2734 3543 Σερήνου
2769 3475 2826 3527 ἐν
2857 3473 3032 3544 καιρῷ
3054 3475 3146 3526 καὶ
3177 3491 3241 3524 πε
3252 3475 3303 3542 pi.
3325 3471 3419 3524 τοῦ
3446 3473 3666 3544 ἠρωτη-

2095 3569 2278 3638 μένου,
2303 3569 2439 3638 ὅπερ
2475 3563 2661 3638 ἦν,οὐ
2684 3566 2796 3638 γάρ
2827 3567 2874 3599 ⁸⁸
2901 3569 3075 3620 ἐστιν
3098 3567 3244 3634 ἡμῖν
3264 3567 3304 3634 ἡ
3332 3565 3494 3631 πάλη
3517 3563 3667 3630 πρὸς

2090 3656 2234 3728 αἷμα
2273 3661 2371 3714 καὶ
2394 3663 2612 3730 σάρκα,
2655 3663 2751 3715 καὶ
2791 3661 2941 3730 ἑξῆς.
2973 3661 3227 3723 Λεόντιος
3254 3661 3298 3713 δ’
3327 3657 3394 3730 ἦν
3416 3659 3587 3728 δνομα
3618 3657 3666 3688 ⁸⁸

2090 3744 2135 3818 ᾧ
2165 3752 2316 3804 τουτὶ
2341 3752 2402 3805 τὸ
2431 3752 2612 3823 τρίτον
2647 3751 2826 3819 λόγιον
2853 3752 3250 3824 προσεφωνήθη
3282 3750 3347 3805 ⁸⁸.

416 3834 668 3886 nimirum
713 3851 728 3888 :
774 3834 898 3888 Non
936 3846 1012 3890 est
1043 3839 1181 3890 enim
1223 3839 1369 3892 nobis
1398 3839 1704 3893 colluctatio
1726 3840 1979 3894 adversus
2017 3858 2230 3897 cantem
2276 3857 2326 3898 et
2377 3845 2683 3914 sanguinem
2715 3847 2782 3910 ³⁸,
2843 3855 2899 3898 et
2936 3859 3056 3914 qua:
3108 3859 3427 3914 sequuntur.
3492 3842 3666 3897 Leon-

421 3940 495 3981 tto
524 3927 638 3998 (78)
669 3939 850 3981 autem
879 3929 1070 3984 tertius
1099 3929 1186 3986 hic
1218 3930 1434 3987 libellus
1461 3931 1763 3986 dedicatur.

1066 4044 1344 4101 CXCVIII.

416 4156 738 4230 Sanctorum
771 4159 1000 4230 virorum
1047 4161 1196 4224 liber,
1235 4179 1324 4216 seu
1375 4161 1513 4216 Vita:
1547 4172 1850 4216 sanctorum
1900 4163 1989 4230 qui

670 4229 856 4298 Magni
895 4229 1110 4284 Antonii
1149 4244 1373 4300 tempore
1409 4235 1722 4300 ﬂoruerunt.

493 4317 745 4390 Legimus
779 4321 1096 4376 Sanctorum
1123 4328 1358 4378 virorum
1389 4326 1602 4386 librum,
1623 4329 1714 4394 qui
1750 4326 1988 4395 ipsorum

423 4413 562 4466 vitas
599 4421 654 4468 et
702 4426 850 4470 recte
883 4416 1020 4470 facta
1052 4419 1339 4480 narrabat,
1379 4418 1445 4470 ad
1493 4418 1825 4485 spiritualem
1865 4416 1991 4489 [uti-

2802 4047 2975 4113 PLJl'.

2101 4158 2363 4230 ’Λνδρῶν
2382 4159 2567 4228 ἁγίων
2586 4161 2822 4224 Βίϐλος,
2843 4159 2881 4227 ἢ
2901 4159 3031 4224 βίοι
3062 4158 3182 4212 τῶν
3201 4157 3335 4227 περὶ
3359 4157 3667 4211 Ἀντώνιον

2583 4232 2692 4301 τὸν
2723 4230 2925 4298 Μέγαν
2968 4230 3067 4300 ἀγί
3069 4246 3169 4282 ων.

2173 4321 2516 4392 Ἀνεγνὼσθη
2541 4323 2765 4386 Βίϐλος
2794 4319 3033 4388 ἀνδρῶν
3070 4319 3277 4387 ἁγίων,
3316 4317 3590 4380 πολιτείας
3618 4315 3664 4350 ⁸⁷

2091 4417 2184 4470 καὶ
2210 4413 2614 4486 κατορθώματα
2638 4414 2777 4484 πρὸς
2807 4411 3046 4481 ψυχικὴν
3081 4409 3364 4480 προκοπὴν
3391 4410 3484 4462 καὶ
3513 4409 3664 4477 ὠφέ-

421 4521 526 4576 qne
555 4507 870 4582 legentium]
919 4510 1220 4580 profectum
1266 4521 1427 4580 atque
1459 4512 1765 4566 utilitatem.
1806 4513 1984 4582 Epito-

2091 4510 2242 4562 λειαν
2308 4506 2747 4575 ἀπαγγέλλουσα.
2813 4504 3298 4571 Συγκεφαλαίωσις
3353 4502 3398 4555 δ’
3441 4497 3533 4572 ἦν,
3585 4502 3662 4564 ὡς

416 4615 503 4653 ma
545 4611 722 4654 autem
757 4613 895 4667 erat,
923 4612 980 4657 ut
1003 4614 1245 4671 apparet,
1275 4617 1326 4657 et
1343 4604 1757 4671 comprehensio
1779 4603 1980 4674 Magni,

417 4705 574 4758 quem
612 4695 911 4758 nominaut,
940 4693 1228 4747 Limonarii
1246 4693 1365 4766 [seu
1397 4695 1537 4762 prati
1574 4693 1854 4766 spiritalis]
1883 4710 1989 4765 quo

2090 4597 2254 4660 ἔοικε,
2284 4599 2375 4649 καὶ
2415 4595 2636 4664 σύνοψις
2675 4594 2768 4646 τοῦ
2831 4594 3110 4662 Μεγάλου
3156 4591 3488 4660 καλουμένου
3530 4597 3665 4644 Λει-

2095 4689 2420 4759 μωναρίου,
2452 4687 2481 4739 ὃ
2506 4687 2840 4755 ἀπαγγέλλει
2864 4685 2990 4748 τοὺς
3019 4684 3168 4755 βίους
3189 4687 3284 4737 καὶ
3308 4684 3377 4736 τά
3399 4683 3536 4753 ἔργα
3559 4683 3666 4734 τῶν

488 4849 536 4879 ’³
563 4847 580 4899 I
609 4847 741 4919 Reg.
773 4866 866 4917 ttt;
897 4851 1014 4906 Act.
1047 4868 1122 4906 tx.
1149 4852 1212 4919 6;
1249 4852 1424 4907 Galat.
1457 4869 1520 4919 tt,
1550 4853 1604 4907 2.
1640 4854 1688 4885 ’⁸
1721 4853 1922 4921 Ephes.
1966 4869 2044 4916 Vl,
2078 4851 2166 4905 I2.

1678 4964 1914 5020 VARle
1937 4961 2343 5018 LECTIONES.

493 5077 534 5162 1’
551 5077 645 5162 “2“-
669 5079 1248 5162 5westtép'ime‘9m-
1277 5082 1353 5162 .A-
1429 5084 1644 5162 “€er
1671 5084 1734 5162 τὲ
1759 5084 2085 5162 MM?!“
2109 5083 2291 5162 τςὲαῖ
2315 5081 2601 5162 ἐξτοξγωγδν
2752 5076 2815 5162 ,⁸³
2850 5075 2949 5162 μὲν
2979 5072 3074 5162 οὖν
3096 5076 3190 5128 καὶ
3212 5073 3368 5127 τοῦτο
3403 5087 3580 5162 93Υέ
3599 5085 3664 5162 εἰ·

419 5146 463 5179 ⁸³
485 5149 698 5225 Σερῖνον
729 5143 788 5213 ς’.
823 5143 1094 5225 ’βδεῖν-αι]
1131 5153 1240 5225 imo
1274 5156 1409 5207 ἐστι.
1486 5143 1612 5206 ⁴⁶ὀύ
1647 5154 1780 5225 γάρ]
1811 5143 2007 5225 Εριιιέὲ.
2040 5170 2114 5218 vt,
2148 5154 2243 5225 192.Δ
2313 5153 2357 5185 ⁵⁸
2395 5143 2565 5225 bona
2584 5149 2710 5206 add.
2739 5147 2806 5204 A.
2851 5143 2926 5179 ’⁸⁸
2951 5157 3072 5218 post
3099 5143 3497 5216 προσεφωνήθη
3532 5144 3585 5196 in
3619 5143 3663 5193 Α

420 5221 570 5272 vacui
610 5234 793 5274 versus
819 5221 852 5276 5
888 5258 904 5274 .

981 5223 1026 5252 ⁸⁷
1059 5223 1266 5294 ἀνδρῶν
1290 5225 1463 5292 ἁγίων
1495 5225 1674 5293 βίϐλος
1723 5222 1995 5288 πολιτείας
2022 5241 2080 5277 τε
2104 5222 2285 5276 αὐτῶν
2340 5222 2433 5275 καὶ
2474 5238 2535 5284 ς’.

1926 5341 2161 5397 ΝΟΤᾸΕ.

491 5450 604 5518 (74)
642 5451 890 5520 Quinque
928 5455 1027 5506 ista
1065 5454 1240 5520 capita
1269 5466 1480 5508 exstant
1517 5454 1710 5509 Collat.
1749 5473 1810 5509 tt.

491 5521 605 5592 (75)
639 5526 790 5588 Quod
827 5525 1013 5591 prima:
1042 5523 1352 5578 Collationt's
1387 5537 1469 5579 est
1517 5527 1569 5578 itt
1621 5528 1780 5581 ltodie
1828 5526 1988 5581 editis

420 5604 817 5657 argumentum.

496 5659 605 5730 (76)
635 5663 888 5719 Serenum
935 5663 1022 5719 hic
1061 5664 1328 5721 emendo:
1358 5666 1449 5736 qui
1491 5664 1682 5721 Collat.
1712 5682 1810 5735 vtt,
1843 5666 1986 5735 apud

2094 5458 2412 5512 Cassianum
2440 5458 2553 5512 hac
2577 5459 2912 5512 declamitat.

2168 5528 2280 5597 (77)
2327 5530 2477 5593 Quod
2509 5539 2564 5582 et
2601 5529 2919 5594 praestitisse
2953 5525 3161 5580 indicat
3191 5539 3311 5594 qua:
3338 5523 3403 5577 de
3450 5525 3554 5577 boc
3584 5537 3665 5576 ar-

2096 5607 2358 5670 gumento
2382 5609 2586 5663 exstat,
2606 5597 2914 5670 (2_oltat._vtt.

2167 5668 2281 5737 (78)
2319 5667 2434 5723 Una
2460 5684 2582 5725 cum
2611 5667 2876 5737 Ilelladio,
2905 5677 2962 5722 ut
2991 5666 3047 5722 in
3085 5666 3251 5722 editis
3279 5663 3527 5736 planum.
