4030 6248
354 263 460 329 (⁵65

1227 258 1761 321 BIBLIOTHECA.
1786 284 1857 296 -—
1887 257 2104 319 CODD.
2140 258 2447 337 CXCVIII,
2498 257 2742 320 CXCIX.

3506 265 3612 332 666

356 376 487 450 περὶ
530 372 817 431 ’Λντώνιον
850 374 943 433 τδν
960 375 1156 442 Μέγαν
1208 373 1577 444 ἀκμασάντων
1602 370 1652 405 ’⁸⁸
1696 370 1794 431 καὶ
1816 369 1926 424 τῶν
1956 382 1971 430 Α

2049 379 2084 427 :t
2126 372 2252 427 vitae
2291 387 2455 444 opera
2529 383 2842 439 narrantur,
2890 388 3013 429 cum
3060 376 3239 447 magni
3286 376 3508 433 Antonii
3557 388 3612 435 et

304 492 305 495 η
355 468 574 539 ἐφεξῆς,
599 467 792 540 ὥσπερ
819 468 912 521 καὶ
943 469 989 501 ⁸⁸
1008 469 1071 521 τὸ
1105 465 1439 535 καλούμενον
1465 464 1623 521 Νέον
1645 462 1929 533 παραδεί-

2031 462 2342 533 aequalium,
2408 475 2516 519 tum
2586 480 2774 521 eorum
2834 470 2922 536 qui
2976 476 3098 536 post
3142 484 3236 525 eos
3283 469 3602 526 floruerunt.

357 580 498 619 σιον
528 563 573 595 ⁵⁰
612 561 710 624 τὰς
755 560 865 613 τῶν
920 561 1000 613 ἔτι
1046 558 1329 628 νεωτέρων
1366 557 1559 629 μέχρις
1605 556 1929 628 ’Ἡρακλείου

2049 556 2496 622 Quemadmodum
2537 569 2593 613 et
2620 561 2712 631 qui
2753 560 3304 616 dictusestllortulus
3343 564 3608 619 novusltis

356 656 451 710 τοῦ
483 655 747 726 βασιλέως
813 652 910 706 καὶ
962 651 1156 723 μικρὸν
1218 651 1300 704 ἑτι
1349 651 1684 721 προσωτέρω
1736 649 1862 712 τοὺς
1885 648 1930 681 ⁸³

2049 650 2396 706 recentiorum
2452 653 2518 706 ad
2563 662 2779 708 aetatem
2827 668 2999 722 usque
3044 652 3304 720 Heraclii',
3357 667 3410 711 et
3447 657 3607 725 paulo

358 748 689 819 ἁσκητικοὺς
714 744 930 814 ἀγῶνας
953 743 1281 813 ἀναγράφει.
1326 742 1464 795 Ἀλλ’
1495 740 1588 795 οὖν
1624 741 1685 795 τὸ
1708 740 1934 811 προκείς

361 858 522 911 μενον
546 840 752 910 βιϐλίον
785 841 865 903 είς
900 838 944 908 β’
976 837 1072 891 καὶ
1106 843 1152 889 κ’
1204 834 1776 905 συγκεφαλαιούμενον
1797 834 1932 887 ὑπο-

360 929 558 993 θέσεις,
588 929 825 998 ἑκάστης
849 927 1028 981 αὐτῶν
1060 927 1153 980 καὶ
1172 925 1233 979 τδ
1260 927 1534 997 χρήσιμον
1558 925 1653 979 καὶ
1679 924 1778 997 τὴν
1802 924 1937 994 κτῆ-

361 1035 447 1072 σιν
468 1018 752 1089 δ”ιφόροις
778 1017 1113 1089 διηγήμασιν
1138 1016 1451 1087 ἐμφανίζει.

432 1188 535 1249 Ὧν
565 1195 629 1249 τὺ
664 1196 761 1266 μὲν
787 1195 1007 1267 πρῶτον
1036 1195 1335 1267 κεφάλαιον
1361 1192 1680 1266 παραίνεσιν
1705 1194 1789 1257 είς
1806 1211 1940 1265 προ-

361 1292 538 1356 κοπὴν
561 1288 896 1358 τελειότητος
929 1289 995 1342 ὲκ
1021 1288 1296 1359 διαφόρων
1321 1284 1633 1358 προσώπων
1666 1287 1937 1357 περιέχει,

359 1381 424 1435 τὸ
441 1381 692 1451 δεύτερον
716 1381 770 1434 δὲ
805 1381 869 1434 τὸ
893 1382 1000 1434 ἀπὸ
1029 1381 1132 1450 τῆς
1174 1379 1405 1449 ἡσυχίας
1432 1379 1671 1434 δείκνυσι
1725 1378 1940 1449 κέρδος,

359 1473 424 1527 τδ
445 1471 495 1541 γ’
525 1474 658 1544 περὶ
695 1473 1024 1544 ἐγκρατείας
1054 1472 1433 1542 διαλαμϐάνει,
1480 1471 1576 1525 καὶ
1631 1470 1707 1535 ὡς
1737 1471 1818 1524 δεῖ
1843 1471 1942 1541 τὴν

360 1566 694 1635 ἐγκράτειαν
757 1566 833 1635 μὴ
871 1564 1182 1636 βρωμάτων
1213 1566 1259 1598 ⁸¹
1290 1564 1475 1636 μόνον,
1510 1562 1651 1618 ἀλλὰ
1693 1563 1789 1617 καὶ
1833 1562 1943 1617 τῶν

2035 739 2197 794 etiam
2228 741 2550 796 viciniorum
2584 743 2721 798 vitas
2772 744 3159 814 religiosasque
3182 746 3603 801 exercitationes

2034 831 2520 887 describitNerum
2556 834 2643 888 hic
2666 833 2803 889 liber
2835 835 2886 887 in
2920 835 3028 889 duo
3062 834 3178 904 (79)
3199 844 3251 886 et
3276 835 3610 903 viginticen-

2038 930 2244 977 tractus
2267 934 2603 995 argumenta,
2643 939 2829 979 eorum
2873 925 3139 996 cujusque
3186 928 3505 996 utilitatem,
3557 938 3611 984 et

2038 1012 2317 1068 obtinendi
2345 1015 2635 1081 rationem,
2662 1015 2831 1069 variis
2864 1018 3276 1073 narrationibus
3301 1021 3610 1089 expositam

2037 1104 2277 1160 exhibet.

2118 1195 2321 1252 Horum
2373 1199 2539 1269 igitur
2585 1207 2746 1266 caput
2785 1198 3017 1268 primum
3078 1199 3373 1253 admonitio
3418 1209 3502 1253 est
3547 1200 3612 1251 ad

2042 1291 2392 1363 perfectionis
2437 1289 2764 1359 profectum,
2794 1302 2850 1345 et
2884 1307 2912 1343 a
2958 1291 3130 1346 variis
3155 1292 3373 1358 quidem
3409 1292 3498 1345 illa
3532 1292 3616 1345 iu-

2040 1385 2226 1440 stituta
2247 1385 2510 1453 personis.
2543 1381 2600 1437 2.
2623 1381 2695 1436 Tr
2707 1383 2955 1452 anquillae
2973 1383 3094 1437 vita:
3111 1398 3179 1437 ac
3197 1384 3352 1439 solita
3364 1385 3455 1439 rite
3495 1383 3614 1438 fru-

2044 1484 2190 1531 ctum
2211 1475 2474 1530 ostendit.
2496 1474 2608 1545 (80)
2634 1476 2684 1529 5.
2708 1473 2784 1528 De
2806 1474 3143 1529 continentia
3160 1476 3290 1546 agit,
3314 1491 3473 1545 quam
3507 1490 3613 1530 non

2044 1572 2098 1622 in
2127 1568 2272 1632 victu
2300 1567 2564 1621 duntaxat
2592 1608 2607 1633 ,
2640 1566 2732 1622 sed
2758 1576 2811 1622 et
2840 1567 2892 1621 in
2920 1567 3141 1635 reliquis
3177 1568 3343 1621 animi
3377 1567 3613 1622 motibus

361 1658 570 1711 λοιπῶν
597 1660 698 1727 τῆς
725 1656 907 1727 ψυχῆς
935 1655 1255 1727 κινημάτων
1307 1654 1510 1727 ὁμοίως
1540 1652 1837 1707 ποιεῖσθαι.
1866 1653 1941 1706 Τὸ

2049 1661 2299 1716 similiter
2336 1661 2692 1715 exercendam
2723 1659 2903 1715 docet.
2930 1660 2985 1714 4.
3025 1660 3092 1716 Ut
3121 1675 3180 1715 se
3208 1660 3422 1714 munire
3463 1661 3616 1730 quis-

359 1750 419 1803 δὲ
438 1749 481 1803 δ’
518 1748 635 1814 πῶς
657 1749 737 1802 δεῖ
777 1747 1177 1818 ἀσφαλίζεσθαι
1205 1749 1352 1819 ἡμᾶς
1387 1746 1524 1818 πρὸς
1550 1747 1678 1808 τοὺς
1702 1743 1811 1798 ἀπὸ
1840 1743 1942 1812 τῆς

2049 1765 2152 1823 que
2185 1752 2376 1806 debeat
2402 1751 2664 1804 adversus
2695 1750 3038 1821 insurgentes
3069 1766 3097 1803 a
3128 1747 3491 1804 fornicatione
3515 1763 3615 1817 pu-

361 1840 622 1911 πορνείας
678 1840 1146 1911 ἐπανισταμένους
1197 1841 1331 1909 ἡμῖν
1360 1839 1655 1909 πολέμους.
1688 1835 1762 1890 Τὸ
1814 1835 1872 1889 δὲ
1896 1834 1941 1889 ε’

361 1932 496 2000 περὶ
541 1930 953 2001 άκτημοσύνης,
986 1932 1082 1984 καὶ
1133 1930 1209 1993 ὡς
1241 1930 1323 1984 δεῖ
1376 1929 1473 1984 καὶ
1500 1929 1600 1998 τὴν
1623 1925 1946 1994 πλεονεξίαν

362 2022 754 2093 φυλάττεσθαι.
785 2023 920 2095 Περὶ
947 2023 1225 2092 ὑπομονῆς
1248 2022 1304 2075 δὲ
1338 2023 1432 2075 κα)⁸
1460 2020 1717 2092 ἀνδρείας
1750 2021 1813 2075 τὸ
1866 2026 1943 2087 ς’,

363 2115 463 2170 καὶ
492 2114 553 2169 τὸ
587 2113 631 2179 ζ’
658 2114 744 2168 ὅτι
776 2115 858 2168 δεῖ
899 2114 1066 2184 μηδὲν
1095 2114 1233 2184 πρὸς
1255 2112 1519 2179 ἐπίδειξιν
1537 2114 1735 2178 ποιεῖν,
1759 2113 1855 2167 καὶ
1885 2110 1948 2166 τὸ

360 2205 423 2278 η’
441 2206 524 2259 ὅτι
574 2205 637 2260 οὐ
663 2206 746 2259 δεῖ
770 2222 897 2258 τινα
926 2204 1156 2275 κρίνειν.
1187 2204 1323 2274 Περὶ
1350 2203 1681 2275 διακρίσεως
1707 2203 1765 2256 δὲ
1785 2203 1847 2256 τὸ
1875 2199 1943 2254 θ’.

362 2298 440 2352 Τὸ
462 2297 521 2351 δὲ
560 2296 594 2351 ι’
623 2297 754 2368 περὶ
784 2296 880 2350 τοῦ
912 2296 1023 2350 δεῖν
1076 2297 1166 2350 ἀεὶ
1186 2296 1401 2365 νήφειν,
1431 2295 1531 2350 καὶ
1554 2295 1616 2348 τὸ
1648 2299 1716 2350 ια’
1745 2295 1828 2349 ὅτι
1866 2286 1973 2348 δεῖ¹

359 2387 723 2451 ἀδιαλείπτως
743 2388 839 2441 καὶ
867 2388 925 2441 ἐν
958 2387 1116 2457 νήψει
1135 2386 1558 2457 προσεύχεσθαι,
1587 2387 1683 2441 καὶ
1699 2387 1761 2439 τὸ
1785 2385 1853 2456 ιβ’
1871 2385 1949 2449 ὡς

365 2483 665 2551 φιλοξενεῖν
708 2481 792 2534 δεῖ
820 2481 916 2535 καὶ
957 2480 1131 2533 ἐλεεῖν
1183 2481 1243 2533 ὲν
1286 2479 1590 2553 ἱλαρότητι.
1650 2477 1789 2549 Περὶ¹
1813 2477 1872 2532 δὲ
1899 2477 1947 2511 ⁸³

363 2575 620 2645 ὑπακοῆς
659 2574 964 2629 ἐκδιδάσκει
993 2573 1056 2628 τὸ
1093 2571 1186 2642 ιγ’,
1223 2572 1286 2627 τὸ
1311 2572 1368 2626 δὲ
1405 2572 1468 2626 ιδ’
1503 2573 1634 2643 περὶ
1691 2588 1949 2625 ταπεινο-

364 2670 663 2738 φροσύνης,
699 2671 794 2722 καὶ
828 2666 891 2720 τὸ
926 2664 994 2719 ιε’
1022 2666 1150 2737 περὶ
1174 2663 1546 2729 ἀνεξικακίας,
1577 2663 1707 2735 περὶ
1728 2663 1952 2735 ἀγάπης

362 2760 421 2813 δὲ
440 2759 504 2812 τὸ
536 2766 632 2824 ις’.
663 2758 739 2812 Τὸ
773 2758 957 2823 μέντοι
983 2756 1051 2822 ιζ’
1104 2756 1234 2828 περὶ
1257 2754 1602 2826 διορατικῶν,
1631 2755 1727 2807 καὶ
1780 2754 1841 2808 τὸ
1870 2752 1943 2825 ιη’

365 2852 493 2922 περὶ
520 2849 901 2921 σημειοφόρων
920 2848 1217 2919 γερόντων.
1245 2847 1318 2900 Τὸ
1342 2846 1400 2899 δὲ
1426 2844 1491 2900 ιθ¹
1518 2847 1648 2916 περὶ
1672 2844 1953 2908 πολιτείας

368 2940 648 3009 θεοφιλοῦς
674 2940 947 3012 διαφόρων
989 2938 1275 3007 Πατὲρων.
1308 2936 1421 2992 Καὶ¹
1442 2936 1630 2989 λοιπὸν
1652 2936 1715 2988 τὸ
1736 2940 1791 2987 κ’
1812 2936 1954 2988 άπο-

2047 1855 2201 1913 gnas.
2248 1841 2302 1895 5.
2362 1840 2441 1895 De
2493 1850 2853 1911 paupertate,
2900 1851 3065 1911 utque
3117 1841 3294 1896 vitare
3332 1839 3613 1892 avaritiam

2045 1941 2312 2004 oporteat.
2354 1931 2410 1987 6.
2436 1920 2520 1986 ’ῡε
2557 1933 2814 2001 patientia
2867 1946 2933 1986 ac
2987 1930 3324 1986 fortitudine.
3369 1928 3422 1983 7.
3470 1927 3619 1984 Nihil

2045 2040 2172 2082 esse
2216 2038 2315 2094 per
2370 2024 2789 2080 ostentationem
2845 2024 3133 2092 agendum.
3177 2021 3231 2077 8.
3266 2021 3459 2092 162a
3500 2020 3616 2075 Non

2049 2127 2301 2187 oportere
2317 2132 2644 2186 quemquam
2668 2115 2934 2184 judicare.
2966 2116 3020 2173 9.
3052 2115 3128 2170 De
3160 2117 3502 2170 discretione.
3527 2114 3615 2170 10.

2050 2210 2303 2265 Sobrium
2339 2207 2479 2280 (sive
2512 2209 2991 2278 circumspectum)
3034 2223 3250 2276 semper
3301 2221 3421 2262 esse
3458 2221 3621 2274 opor-
3670 2266 3673 2269 _

2050 2311 2187 2360 tere.
2218 2301 2306 2356 11.
2337 2301 2565 2356 Assidue
2598 2316 2741 2364 esse,
2779 2310 2833 2356 et
2879 2316 3016 2354 rum
3058 2301 3354 2353 attentione
3394 2314 3622 2368 precan-

2049 2398 2199 2451 dum.
2233 2394 2321 2449 12.
2350 2393 2788 2463 HOSpitalitatem
2808 2408 2929 2447 esse
2959 2407 3024 2446 ac
3048 2392 3476 2446 misericordiam
3499 2406 3620 2443 cum

2051 2484 2329 2543 hilaritate
2359 2485 2746 2540 exercendam.
2792 2482 2878 2537 15.
2918 2480 3291 2536 Obedientiatu
3324 2480 3500 2534 docet.
3530 2480 3620 2535 M.

2055 2579 2129 2634 De
2154 2577 2481 2633 humilitate.
2527 2576 2619 2631 15.
2650 2576 2725 2630 De
2766 2575 3029 2629 malorum
3075 2573 3379 2628 tolerantia.
3424 2572 3512 2627 16.
3549 2571 3626 2625 De

2053 2670 2361 2725 dilectione.
2405 2669 2496 2722 17.
2525 2666 2603 2723 De
2630 2667 2699 2723 iis
2718 2665 2830 2738 (81)
2862 2665 3208 2737 quivisiones
3238 2665 3509 2719 viderunt.
3532 2663 3618 2718 18.

2054 2762 2131 2819 De
2158 2764 2380 2818 senibus
2397 2762 2489 2831 qui
2513 2760 2773 2816 miracula
2796 2768 3101 2829 patrarunt.
3130 2758 3218 2813 19.
3241 2758 3316 2812 De
3349 2756 3623 2811 variorqu

2055 2866 2364 2913 sanctorum
2397 2855 2621 2910 Patrum
2664 2855 2778 2909 vita
2813 2853 2922 2909 Deo
2955 2862 3130 2921 grata.
3157 2850 3248 2908 $0.
3277 2850 3496 2920 Aliquot
3511 2847 3624 2921 (82;

2055 2964 2241 3006 eorum
2263 2948 2355 3018 qui
2389 2948 2441 3002 in
2463 2946 2760 3002 monastiea
2785 2944 3179 3000 exercitatione
3229 2951 3627 2998 consenuerant

368 3033 664 3103 φθέγματα
710 3030 820 3085 τῶν
877 3032 936 3084 ὲν
967 3030 1204 3100 ἀσκήσει
1248 3027 1635 3100 γηρασάνοων,
1673 3022 1793 3080 εἶτα
1819 3025 1881 3079 τὸ
1903 3032 1951 3081 α’

2054 3043 2195 3098 scite
2253 3042 2418 3096 dicta.
2460 3039 2553 3093 21.
2612 3038 2943 3094 Collationes
2998 3036 3111 3108 (85)
3147 3037 3394 3092 continet
3434 3048 3622 3088 senum

369 3126 465 3179 καὶ
507 3124 557 3178 κ’
604 3123 870 3187 διαλέξεις
927 3123 1139 3190 είσάγει
1193 3119 1467 3191 γερόντων
1499 3119 1629 3189 περὶ
1671 3117 1952 3188 λογισμῶν

334 3234 351 3245 ·
370 3215 507 3286 πρὸς
532 3215 816 3287 ἀλλήλους.
851 3214 964 3269 Καὶ
999 3213 1062 3268 τὸ
1120 3212 1214 3266 ἐπὶ
1244 3213 1382 3266 πᾶσι
1434 3210 1480 3280 β’
1502 3211 1598 3264 καί
1630 3207 1679 3264 κ’
1705 3208 1835 3282 [520
1856 3207 1952 3281 IL]

382 3307 642 3379 Ἥσυχίου
662 3307 1040 3379 πρεσϐυτέρου
1085 3302 1479 3374 Ἱεροσολύμων
1503 3300 1733 3372 γνώμας
1800 3318 1957 3372 περι-

372 3402 508 3470 έχει.
550 3401 642 3455 Ἑν
671 3395 752 3463 οἷς
779 3399 874 3452 καὶ
897 3398 926 3450 ὁ
955 3396 1176 3467 σύμπας
1193 3394 1288 3449 τοῦ
1314 3393 1523 3466 βιϐλίου
1544 3392 1879 3464 ἀπηρτίζετο
1907 3391 1956 3425 ⁵⁸

371 3492 549 3560 λόγος,
579 3491 999 3563 χρειωδέστατος
1024 3486 1322 3551 καθεστὼς,
1349 3486 1511 3557 εῖπερ
1571 3501 1629 3539 τι
1657 3484 1807 3547 ἄλλο.
1842 3486 1956 3550 τοῖς

372 3584 468 3638 ἐπὶ
502 3582 581 3654 τῷ
627 3583 812 3653 κλήρῳ
853 3580 965 3635 τῶν
987 3578 1237 3653 οὐρανῶν
1283 3577 1374 3633 τὸν
1417 3576 1532 3647 βῖον
1566 3577 1953 3649 άσκουμένοις.

376 3676 533 3745 Ἔχει
559 3675 617 3728 δὲ
639 3676 781 3728 κατὰ
806 3673 904 3745 τὴν
924 3671 1260 3742 ἐπαγγελίαν
1275 3671 1336 3725 τὸ
1368 3670 1414 3702 ⁸⁸
1444 3669 1635 3740 σαφὲς,
1670 3672 1767 3724 καὶ
1787 3664 1958 3723 τᾶλλα

374 3767 634 3831 τοιοῦτος,
654 3761 765 3829 οἷος
796 3765 862 3821 ἂν
890 3767 1102 3835 γένοιτο
1123 3765 1381 3835 ἀνδράσιν
1404 3760 1664 3833 ἁρμόζων
1687 3762 1825 3835 πρὸς
1856 3761 1957 3832 μὲν

374 3857 650 3915 τὸν-κατᾶ
659 3854 853 3927 λόγους
896 3856 1084 3927 ἀγῶνα
1119 3856 1244 3928 μηδ’
1270 3854 1399 3927 [ἳ68
1422 3852 1521 3926 Η.]
1557 3850 1955 3925 ἐπεστραμμέ-

375 3972 508 4020 νοις,
537 3954 717 4008 πάντα
741 3952 798 4006 δὲ
820 3951 912 4006 τὸν
936 3950 1096 4004 πόνον
1127 3948 1225 4002 καὶ
1253 3947 1352 4018 τὴν
1380 3946 1618 4019 σπουδὴν
1638 3947 1720 4012 είς
1746 3947 1844 4019 τὴν
1863 3948 1956 4002 ἐπὶ

375 4049 488 4112 τοῖς
515 4045 696 4119 ἔργοις
726 4044 961 4115 ἄσκησιν
981 4041 1456 4113 ἀναδεδεγμένοις.

1085 4135 1250 4202 Ριιθι.

389 4232 664 4288 Ἰωάννου
681 4230 789 4287 τοῦ
817 4229 1070 4301 Μόσχου
1081 4233 1159 4370 ἔέ
1180 4231 1336 4286 Νέον
1385 4233 1717 4305 deindpr
1739 4234 1960 4300 Λειμω-

1042 4318 1081 4355 ν
1158 4318 1275 4360 ιον.

1042 4318 1275 4360 ναριον.

2056 3133 2201 3188 inter
2230 3132 2376 3201 ipsos
2416 3132 2484 3186 de
2533 3132 2647 3186 suis
2679 3128 3227 3186 considerationibus.
3256 3128 3338 3182 Ad
3370 3127 3486 3182 haec
3510 3141 3628 3180 om-

2054 3226 2168 3292 nia,
2206 3225 2280 3279 22
2321 3234 2377 3279 et
2402 3224 2650 3279 ultimum
2708 3233 2895 3294 caput,
2927 3223 3226 3277 sententias
3244 3220 3356 3291 (84)
3384 3221 3628 3275 continet

2056 3317 2313 3388 Hesychii
2361 3317 2666 3388 presbyteri
2700 3315 3187 3383 Hierosolymitani
3221 3314 3452 3382 :quibus
3478 3321 3534 3366 et
3562 3311 3628 3364 li-

2054 3411 2154 3466 ber
2185 3411 2275 3465 hic
2305 3419 2450 3463 totus
2506 3408 2828 3473 absolvitur,
2879 3406 3200 3461 utilissimus
3246 3404 3488 3473 profecto
3531 3404 3619 3467 iis,

2057 3503 2101 3557 si
2128 3502 2250 3571 quis
2277 3499 2437 3566 alius,
2468 3498 2561 3568 qui
2592 3499 2660 3551 ad
2690 3497 2833 3553 caele
2848 3505 2985 3552 stem
3024 3493 3391 3551 hereditatem
3423 3507 3625 3562 paran—

2060 3593 2183 3648 dam
2219 3591 2385 3645 vitam
2421 3605 2577 3645 suam
2610 3596 2961 3656 componunt.
3000 3586 3235 3641 Adhibet
3267 3586 3429 3651 idem,
3464 3598 3625 3653 quant

2058 3684 2405 3755 promiserat,
2435 3682 2879 3753 perspicuitatem
2898 3694 3127 3750 quoque
3162 3696 3177 3734 :
3211 3677 3624 3747 alioquicaetera

2059 3775 2202 3842 talis,
2241 3774 2417 3845 qualis
2467 3774 2535 3828 iis
2585 3782 2743 3842 aptus
2788 3772 2861 3826 sit
2892 3771 3048 3836 viris,
3087 3771 3178 3841 qui
3225 3784 3331 3825 non
3359 3771 3426 3826 de
3449 3768 3628 3822 verbis

2060 3867 2331 3932 laborent,
2360 3868 2452 3922 sed
2470 3880 2688 3921 omnem
2720 3879 2938 3935 operam
2959 3873 3122 3935 atque
3141 3872 3394 3919 conatum
3424 3863 3475 3917 in
3499 3876 3629 3931 ope-

2060 3958 2144 4014 rib
2181 3973 2209 4014 s
2240 3958 2559 4013 exercendis
2595 3965 2818 4027 ponant.
3144 3963 3151 3969 ‘

2178 4227 2404 4284 Joannis
2433 4224 2635 4282 Maschi
2656 4130 3029 4290 Ρτῖἷιῗτίῗῗὶυο
3056 4220 3316 4276 Hortalus
3342 4236 3526 4274 novus.

461 4393 802 4468 Ἄνεγνώσθη
855 4393 1054 4465 βιϐλίον
1095 4395 1137 4448 δ’
1161 4395 1256 4448 καὶ
1308 4392 1352 4449 τ’
1404 4394 1708 4467 διηγήμασι
1756 4411 1967 4469 περιει-

2140 4386 2340 4443 Lecws
2371 4393 2455 4439 est
2501 4383 2639 4437 liber
2690 4389 2921 4451 quatuor
2961 4386 3017 4433 et
3072 4376 3328 4432 trecentis
3377 4385 3634 4430 constans

378 4489 680 4561 λημμένον.
715 4488 862 4558 Πρὸς
885 4488 985 4558 τὴν
1005 4486 1309 4559 ἁσκητικὴν
1334 4486 1391 4540 δὲ
1422 4489 1518 4542 καὶ
1537 4488 1698 4542 τοῦτο
1746 4487 1818 4541 τὰ
1855 4488 1961 4559 μά-

382 4579 543 4635 λιστα
571 4578 855 4634 συντελῶν
878 4580 997 4632 ἐστι
1028 4577 1327 4641 πολιτείαν,
1356 4576 1428 4633 τὰ
1464 4577 1607 4631 αὑτά
1663 4594 1781 4640 πως
1820 4593 1955 4647 πραο

2064 4478 2506 4535 Narratiouibus.
2550 4473 2650 4529 Hic
2697 4488 2912 4543 quoque
2951 4470 3264 4527 monasticae
3292 4467 3632 4537 potissimum

2067 4573 2192 4628 vita:
2212 4571 2489 4635 conducit,
2523 4569 2821 4635 eademque
2861 4563 2983 4618 fere
3029 4576 3153 4618 cum
3194 4558 3474 4631 Superiore
3512 4573 3635 4628 per-

1622 4712 1861 4769 VARLE
1918 4706 2327 4767 LECTIONES.

460 4880 511 4914 ⁸⁸
540 4880 632 4934 καὶ
671 4881 798 4944 τοὺς
825 4878 1447 4950 ἐξῆςάκμασάντωνηςι.
1514 4874 1561 4907 ⁸ο
1582 4873 1738 4950 κα).Α
1769 4888 1783 4925 :
1809 4870 1918 4942 γὰρ
2065 4868 2485 4950 βίπαράδεισιν
2500 4866 2568 4922 Δ.
2639 4866 2684 4902 ⁵⁸
2710 4866 2838 4930 τοὺς
2866 4865 2916 4921 Α
2944 4880 2961 4922 :
2993 4864 3268 4929 πολιτείας
3291 4864 3386 4920 καὶ
3411 4862 3537 4928 τοὺς
3568 4879 3629 4928 ς.

390 4953 440 4986 ιι
476 4951 727 5024 βρώμασι
763 4940 826 5016 ξ,
868 4940 945 4985 ’ἐξ
969 4949 1026 5004 δὲ
1056 4940 1181 5007 ξω,
1215 4949 1282 5004 Α,
1358 4940 1792 5016 ’ίάπαρτίςεται
1815 4940 1897 5006 ς(
1953 4942 1999 4974 ⁸⁸
2029 4940 2092 4994 τδ
2118 4941 2165 4995 A
2191 4958 2204 4995 :
2234 4940 2333 4994 καὶ
2378 4940 2441 4993 τὸ
2474 4954 2540 5003 ς’.

1893 5055 2134 5113 NOTAE}.

466 5161 576 5233 (79)
604 5159 735 5233 Quae
754 5158 937 5214 omnia
968 5152 1232 5233 _Hes_y_chii
1251 5155 1535 5233 “duntaxat
1562 5150 1851 5208 sententiis
1873 5165 1971 5233 exf

395 5226 607 5305 ceptis,
632 5226 645 5228 ⁷
670 5230 926 5300 leguntur
968 5230 1018 5282 in
1067 5226 1206 5283 Vitis
1249 5226 1471 5280 Patrum
1498 5264 1513 5288 ,
1549 5234 1704 5292 parte
1748 5235 1810 5282 ll,
1850 5230 1972 5285 post

396 5300 821 5359 Adhortaliones
864 5298 964 5353 SS.
1002 5298 1226 5352 Patrum
1258 5294 1743 5367 professionesque
1779 5305 1971 5347 mona-

401 5375 652 5431 chorum.
688 5381 746 5424 ut
773 5369 846 5424 ibi
874 5370 1102 5424 editum.

2070 5159 2126 5206 et
2154 5163 2276 5217 quae
2303 5148 2376 5204 ibi
2411 5155 2737 5217 sequuntur,
2763 5144 2960 5203 refero.

2154 5163 2276 5273 igua;
2303 5163 2375 5204 tot
2411 5163 2737 5230 sequuntur,
2763 5163 2960 5203 rerero.
3390 5212 3403 5225 ο
3503 5211 3516 5224 .
3589 5212 3600 5224 υ

2140 5223 2158 5288 (
2201 5220 2254 5287 ὅ)
2278 5218 2391 5274 Hoc
2423 5218 2555 5273 illud
2590 5231 2713 5272 esse
2738 5232 2861 5285 cap.
2904 5220 3181 5286 existimo,
3210 5214 3356 5288 quod
3390 5228 3442 5267 In
3482 5211 3634 5269 libris

2068 5290 2231 5343 editis
2282 5304 2358 5354 ιν,
2407 5289 2583 5358 partis
2630 5288 2727 5358 ult.
2770 5292 2836 5341 de
2870 5289 3337 5358 meditationibus
3385 5298 3459 5358 xit
3507 5297 3635 5336 aua-

2073 5355 2445 5429 choretarun'i,
2485 5357 2838 5429 inscribitur,
2858 5357 3117 5429 idemque
3155 5359 3296 5429 quod
3326 5356 3379 5411 in
3402 5355 3631 5425 August.

473 5442 587 5510 (80)
623 5427 1288 5510 Prteteritum__hic,_quod
1315 5436 1383 5490 de
1405 5431 1825 5503 compunctione
1855 5439 1970 5486 ter-
2070 5430 2325 5510 biblni(_)‘tb_1
2356 5428 2632 5510 Catalogo,
2659 5429 2782 5510 cod.
2813 5427 3086 5510 6_8',_‘_nutit.
3105 5430 3163 5510 β.

402 5506 489 5570 tio
513 5506 630 5566 loco
659 5513 711 5565 in
736 5510 886 5563 libris
915 5508 1075 5563 editis
1118 5506 1334 5575 legitur.

2145 5498 2262 5569 (84)
2290 5496 2560 5569 Ducentte
2592 5500 2751 5554 hodie
2784 5499 2848 5551 ad
2880 5496 3210 5569 Theodolum
3242 5507 3635 5569 exstanttpost

479 5582 591 5653 (8|)
625 5579 762 5648 Περὶ
798 5575 1143 5653 διορατικῶν.
1170 5566 1537 5631 Ὲιηεηόοιιᾶο
1563 5572 1656 5629 hic
1694 5571 1966 5627 editorum
2072 5566 2869 5653 opuse'ulamMarsiwanachor.
2897 5568 3127 5628 Lutetia:
3159 5569 3372 5643 vulgata
3415 5585 3446 5624 a
3475 5566 3635 5625 Joan.

403 5649 662 5720 librorum
692 5649 995 5720 ἐπιγραφή.

479 5721 592 5795 (8‘2)
632 5719 748 5778 Huc
773 5712 979 5788 septeni
1019 5714 1255 5790 capitula
1280 5714 1481 5786 Moysis
1509 5714 1575 5771 ad
1596 5712 1960 5785 Pyrmeniutn,

2076 5640 2202 5699 Pico
2232 5642 2299 5697 A.
2333 5640 2433 5699 Cll.
2467 5638 2627 5696 1565.
