  <div class='ocr_page' id='page_1' title='image "/cluster/home/n/w/nwhite01/storage/ocr_20150623/103 pt.3/mdp.39015061933738/343.png"; bbox 0 0 4030 6248; ppageno 0'>
   <div class='ocr_carea' id='block_1_1' title="bbox 430 280 536 344">
    <p class='ocr_par' dir='ltr' id='par_1_1' title="bbox 430 280 536 344">
     <span class='ocr_line' id='line_1_1' title="bbox 430 280 536 344; baseline 0 -1"><span class='ocrx_word' id='word_1_1' title='bbox 430 280 536 344; x_wconf 87' lang='lat'><strong>667</strong></span> 
     </span>
    </p>
   </div>
   <div class='ocr_carea' id='block_1_2' title="bbox 1525 264 2486 331">
    <p class='ocr_par' dir='ltr' id='par_1_2' title="bbox 1525 264 2486 331">
     <span class='ocr_line' id='line_1_2' title="bbox 1525 264 2486 331; baseline -0.008 0"><span class='ocrx_word' id='word_1_2' title='bbox 1525 270 1790 331; x_wconf 85' lang='lat' dir='ltr'><strong>PHOTII</strong></span> <span class='ocrx_word' id='word_1_3' title='bbox 1829 264 2337 330; x_wconf 69' lang='lat' dir='ltr'><strong>PATRIABCHIE</strong></span> <span class='ocrx_word' id='word_1_4' title='bbox 2378 264 2486 324; x_wconf 89' lang='lat' dir='ltr'><strong>CP.</strong></span> 
     </span>
    </p>
   </div>
   <div class='ocr_carea' id='block_1_3' title="bbox 3584 256 3689 318">
    <p class='ocr_par' dir='ltr' id='par_1_3' title="bbox 3584 256 3689 318">
     <span class='ocr_line' id='line_1_3' title="bbox 3584 256 3689 318; baseline 0 -1"><span class='ocrx_word' id='word_1_5' title='bbox 3584 256 3689 318; x_wconf 78' lang='grc'><strong>668</strong></span> 
     </span>
    </p>
   </div>
   <div class='ocr_carea' id='block_1_4' title="bbox 436 363 2018 458">
    <p class='ocr_par' dir='ltr' id='par_1_4' title="bbox 436 381 2012 458">
     <span class='ocr_line' id='line_1_4' title="bbox 436 381 2012 458; baseline -0.01 -9"><span class='ocrx_word' id='word_1_6' title='bbox 436 400 655 458; x_wconf 80' lang='lat' dir='ltr'><strong>tractat,</strong></span> <span class='ocrx_word' id='word_1_7' title='bbox 704 388 810 443; x_wconf 86' lang='lat' dir='ltr'><strong>nisi</strong></span> <span class='ocrx_word' id='word_1_8' title='bbox 851 386 991 458; x_wconf 89' lang='lat' dir='ltr'><strong>quod</strong></span> <span class='ocrx_word' id='word_1_9' title='bbox 1031 399 1217 440; x_wconf 90' lang='lat' dir='ltr'><strong>eorum</strong></span> <span class='ocrx_word' id='word_1_10' title='bbox 1257 383 1497 438; x_wconf 89' lang='lat' dir='ltr'><strong>virorum</strong></span> <span class='ocrx_word' id='word_1_11' title='bbox 1557 382 1702 437; x_wconf 82' lang='lat' dir='ltr'><strong>dicta</strong></span> <span class='ocrx_word' id='word_1_12' title='bbox 1764 381 2012 450; x_wconf 82' lang='lat' dir='ltr'><strong>factaque</strong></span> 
     </span>
    </p>
   </div>
   <div class='ocr_carea' id='block_1_5' title="bbox 2125 363 3692 458">
    <p class='ocr_par' dir='ltr' id='par_1_5' title="bbox 2125 363 3692 446">
     <span class='ocr_line' id='line_1_5' title="bbox 2125 363 3692 446; baseline -0.008 -16"><span class='ocrx_word' id='word_1_13' title='bbox 2125 376 2531 446; x_wconf 84' lang='grc' dir='ltr'>γματευόμενον</span> <span class='ocrx_word' id='word_1_14' title='bbox 2562 373 2641 444; x_wconf 83' lang='grc' dir='ltr'>τῷ</span> <span class='ocrx_word' id='word_1_15' title='bbox 2665 369 3073 443; x_wconf 75' lang='grc' dir='ltr'><strong>προειρημένῳ,</strong></span> <span class='ocrx_word' id='word_1_16' title='bbox 3110 366 3247 438; x_wconf 84' lang='grc' dir='ltr'>πλὴν</span> <span class='ocrx_word' id='word_1_17' title='bbox 3304 366 3325 397; x_wconf 87' lang='grc'><strong><em>⁶</em></strong></span> <span class='ocrx_word' id='word_1_18' title='bbox 3357 363 3441 419; x_wconf 85' lang='grc' dir='ltr'>ὅτι</span> <span class='ocrx_word' id='word_1_19' title='bbox 3464 365 3574 419; x_wconf 85' lang='grc' dir='ltr'>τῶν</span> <span class='ocrx_word' id='word_1_20' title='bbox 3602 386 3692 437; x_wconf 86' lang='grc' dir='ltr'>με·</span> 
     </span>
    </p>
   </div>
   <div class='ocr_carea' id='block_1_6' title="bbox 433 473 2008 549">
    <p class='ocr_par' dir='ltr' id='par_1_6' title="bbox 433 473 2008 549">
     <span class='ocr_line' id='line_1_6' title="bbox 433 473 2008 549; baseline -0.008 -11"><span class='ocrx_word' id='word_1_21' title='bbox 433 483 743 540; x_wconf 87' lang='lat' dir='ltr'><strong>imitatione</strong></span> <span class='ocrx_word' id='word_1_22' title='bbox 788 481 947 549; x_wconf 88' lang='lat' dir='ltr'><strong>digna</strong></span> <span class='ocrx_word' id='word_1_23' title='bbox 996 477 1224 542; x_wconf 82' lang='lat' dir='ltr'><strong>colligit,</strong></span> <span class='ocrx_word' id='word_1_24' title='bbox 1272 474 1364 543; x_wconf 86' lang='lat' dir='ltr'><strong>qui</strong></span> <span class='ocrx_word' id='word_1_25' title='bbox 1418 483 1539 542; x_wconf 91' lang='lat' dir='ltr'><strong>post</strong></span> <span class='ocrx_word' id='word_1_26' title='bbox 1579 473 1808 528; x_wconf 85' lang='lat' dir='ltr'><strong>insecuti</strong></span> <span class='ocrx_word' id='word_1_27' title='bbox 1861 483 2008 527; x_wconf 91' lang='lat' dir='ltr'><strong>sunt.</strong></span> 
     </span>
    </p>
   </div>
   <div class='ocr_carea' id='block_1_7' title="bbox 434 564 2013 633">
    <p class='ocr_par' dir='ltr' id='par_1_7' title="bbox 434 564 2013 633">
     <span class='ocr_line' id='line_1_7' title="bbox 434 564 2013 633; baseline -0.006 -4"><span class='ocrx_word' id='word_1_28' title='bbox 434 574 587 630; x_wconf 84' lang='lat' dir='ltr'><strong>Vi‘tas</strong></span> <span class='ocrx_word' id='word_1_29' title='bbox 615 572 816 628; x_wconf 90' lang='lat' dir='ltr'><strong>etenim</strong></span> <span class='ocrx_word' id='word_1_30' title='bbox 848 577 1033 622; x_wconf 91' lang='lat' dir='ltr'><strong>narrat</strong></span> <span class='ocrx_word' id='word_1_31' title='bbox 1069 581 1257 621; x_wconf 93' lang='lat' dir='ltr'><strong>eorum</strong></span> <span class='ocrx_word' id='word_1_32' title='bbox 1289 567 1380 633; x_wconf 89' lang='lat' dir='ltr'><strong>qui</strong></span> <span class='ocrx_word' id='word_1_33' title='bbox 1417 567 1529 633; x_wconf 89' lang='lat' dir='ltr'><strong>jam</strong></span> <span class='ocrx_word' id='word_1_34' title='bbox 1575 566 1701 620; x_wconf 90' lang='lat' dir='ltr'><strong>inde</strong></span> <span class='ocrx_word' id='word_1_35' title='bbox 1734 579 1904 633; x_wconf 91' lang='lat' dir='ltr'><strong>usque</strong></span> <span class='ocrx_word' id='word_1_36' title='bbox 1942 564 2013 619; x_wconf 90' lang='lat' dir='ltr'><strong>ad</strong></span> 
     </span>
    </p>
   </div>
   <div class='ocr_carea' id='block_1_8' title="bbox 432 657 2009 731">
    <p class='ocr_par' dir='ltr' id='par_1_8' title="bbox 432 657 2009 731">
     <span class='ocr_line' id='line_1_8' title="bbox 432 657 2009 731; baseline -0.007 -9"><span class='ocrx_word' id='word_1_37' title='bbox 432 665 670 721; x_wconf 81' lang='lat' dir='ltr'><strong>lleraclii</strong></span> <span class='ocrx_word' id='word_1_38' title='bbox 718 661 1023 731; x_wconf 90' lang='lat' dir='ltr'><strong>imperium,</strong></span> <span class='ocrx_word' id='word_1_39' title='bbox 1056 667 1110 713; x_wconf 92' lang='lat' dir='ltr'><strong>et</strong></span> <span class='ocrx_word' id='word_1_40' title='bbox 1139 658 1399 726; x_wconf 81' lang='lat' dir='ltr'><strong>deinceps</strong></span> <span class='ocrx_word' id='word_1_41' title='bbox 1424 660 1626 712; x_wconf 89' lang='lat' dir='ltr'><strong>virtute</strong></span> <span class='ocrx_word' id='word_1_42' title='bbox 1679 657 1852 729; x_wconf 87' lang='lat' dir='ltr'><strong>magis</strong></span> <span class='ocrx_word' id='word_1_43' title='bbox 1895 659 2009 712; x_wconf 82' lang='lat' dir='ltr'><strong>cla-</strong></span> 
     </span>
    </p>
   </div>
   <div class='ocr_carea' id='block_1_9' title="bbox 434 764 682 812">
    <p class='ocr_par' dir='ltr' id='par_1_9' title="bbox 434 764 682 812">
     <span class='ocr_line' id='line_1_9' title="bbox 434 764 682 812; baseline -0.016 -1"><span class='ocrx_word' id='word_1_44' title='bbox 434 764 682 812; x_wconf 84' lang='lat' dir='ltr'><strong>ruerunt.</strong></span> 
     </span>
    </p>
   </div>
   <div class='ocr_carea' id='block_1_10' title="bbox 390 827 2011 921">
    <p class='ocr_par' dir='ltr' id='par_1_10' title="bbox 390 827 2011 921">
     <span class='ocr_line' id='line_1_10' title="bbox 390 827 2011 921; baseline -0.002 -23"><span class='ocrx_word' id='word_1_45' title='bbox 390 918 391 921; x_wconf 14' lang='grc' dir='ltr'><strong>η</strong></span> <span class='ocrx_word' id='word_1_46' title='bbox 506 845 732 898; x_wconf 84' lang='lat' dir='ltr'><strong>Pratum</strong></span> <span class='ocrx_word' id='word_1_47' title='bbox 778 853 957 896; x_wconf 89' lang='lat' dir='ltr'><strong>autem</strong></span> <span class='ocrx_word' id='word_1_48' title='bbox 988 842 1201 897; x_wconf 89' lang='lat' dir='ltr'><strong>titulum</strong></span> <span class='ocrx_word' id='word_1_49' title='bbox 1236 842 1378 897; x_wconf 89' lang='lat' dir='ltr'><strong>libro</strong></span> <span class='ocrx_word' id='word_1_50' title='bbox 1408 842 1599 895; x_wconf 82' lang='lat' dir='ltr'><strong>indidit</strong></span> <span class='ocrx_word' id='word_1_51' title='bbox 1622 827 2011 910; x_wconf 83' lang='lat' dir='ltr'><strong>auctor,qucm</strong></span> 
     </span>
    </p>
   </div>
   <div class='ocr_carea' id='block_1_11' title="bbox 396 928 2013 1004">
    <p class='ocr_par' dir='ltr' id='par_1_11' title="bbox 396 928 2013 1004">
     <span class='ocr_line' id='line_1_11' title="bbox 396 928 2013 1004; baseline -0.003 -12"><span class='ocrx_word' id='word_1_52' title='bbox 396 928 399 935; x_wconf 37' lang='grc'><em>⁴</em></span> <span class='ocrx_word' id='word_1_53' title='bbox 435 948 492 992; x_wconf 88' lang='lat' dir='ltr'><strong>et</strong></span> <span class='ocrx_word' id='word_1_54' title='bbox 521 936 811 991; x_wconf 83' lang='lat' dir='ltr'><strong>Hortalum</strong></span> <span class='ocrx_word' id='word_1_55' title='bbox 845 952 1031 989; x_wconf 84' lang='lat' dir='ltr'><strong>novum</strong></span> <span class='ocrx_word' id='word_1_56' title='bbox 1051 936 1270 1004; x_wconf 90' lang='lat' dir='ltr'><strong>quidam</strong></span> <span class='ocrx_word' id='word_1_57' title='bbox 1298 935 1589 1004; x_wconf 89' lang='lat' dir='ltr'><strong>appellant.</strong></span> <span class='ocrx_word' id='word_1_58' title='bbox 1620 934 1869 1003; x_wconf 83' lang='lat' dir='ltr'><strong>Scriptor</strong></span> <span class='ocrx_word' id='word_1_59' title='bbox 1894 934 2013 1004; x_wconf 87' lang='lat' dir='ltr'><strong>ejus</strong></span> 
     </span>
    </p>
   </div>
   <div class='ocr_carea' id='block_1_12' title="bbox 431 1025 2007 1099">
    <p class='ocr_par' dir='ltr' id='par_1_12' title="bbox 431 1025 2007 1099">
     <span class='ocr_line' id='line_1_12' title="bbox 431 1025 2007 1099; baseline -0.005 -12"><span class='ocrx_word' id='word_1_60' title='bbox 431 1030 671 1087; x_wconf 73' lang='lat' dir='ltr'><strong>Joannes</strong></span> <span class='ocrx_word' id='word_1_61' title='bbox 714 1028 957 1099; x_wconf 90' lang='lat' dir='ltr'><strong>quidam,</strong></span> <span class='ocrx_word' id='word_1_62' title='bbox 1001 1026 1209 1082; x_wconf 81' lang='lat' dir='ltr'><strong>Moschi</strong></span> <span class='ocrx_word' id='word_1_63' title='bbox 1262 1036 1657 1097; x_wconf 83' lang='lat' dir='ltr'><strong>cognomento,</strong></span> <span class='ocrx_word' id='word_1_64' title='bbox 1706 1027 1797 1095; x_wconf 87' lang='lat' dir='ltr'><strong>qui</strong></span> <span class='ocrx_word' id='word_1_65' title='bbox 1845 1028 1895 1080; x_wconf 94' lang='lat' dir='ltr'><strong>in</strong></span> <span class='ocrx_word' id='word_1_66' title='bbox 1946 1025 2007 1079; x_wconf 93' lang='lat' dir='ltr'><strong>B.</strong></span> 
     </span>
    </p>
   </div>
   <div class='ocr_carea' id='block_1_13' title="bbox 434 1118 2003 1190">
    <p class='ocr_par' dir='ltr' id='par_1_13' title="bbox 434 1118 2003 1190">
     <span class='ocr_line' id='line_1_13' title="bbox 434 1118 2003 1190; baseline -0.005 -12"><span class='ocrx_word' id='word_1_67' title='bbox 434 1122 725 1178; x_wconf 88' lang='lat' dir='ltr'><strong>Theodosii</strong></span> <span class='ocrx_word' id='word_1_68' title='bbox 760 1122 992 1190; x_wconf 88' lang='lat' dir='ltr'><strong>primum</strong></span> <span class='ocrx_word' id='word_1_69' title='bbox 1032 1119 1367 1174; x_wconf 89' lang='lat' dir='ltr'><strong>monasterio</strong></span> <span class='ocrx_word' id='word_1_70' title='bbox 1404 1118 1663 1173; x_wconf 84' lang='lat' dir='ltr'><strong>saeculum</strong></span> <span class='ocrx_word' id='word_1_71' title='bbox 1697 1119 1879 1174; x_wconf 90' lang='lat' dir='ltr'><strong>valere</strong></span> <span class='ocrx_word' id='word_1_72' title='bbox 1914 1118 2003 1187; x_wconf 88' lang='lat' dir='ltr'><strong>ju-</strong></span> 
     </span>
    </p>
   </div>
   <div class='ocr_carea' id='block_1_14' title="bbox 434 1208 2013 1278">
    <p class='ocr_par' dir='ltr' id='par_1_14' title="bbox 434 1208 2013 1278">
     <span class='ocr_line' id='line_1_14' title="bbox 434 1208 2013 1278; baseline -0.002 -13"><span class='ocrx_word' id='word_1_73' title='bbox 434 1212 589 1273; x_wconf 88' lang='lat' dir='ltr'><strong>bens,</strong></span> <span class='ocrx_word' id='word_1_74' title='bbox 618 1226 740 1265; x_wconf 89' lang='lat' dir='ltr'><strong>cum</strong></span> <span class='ocrx_word' id='word_1_75' title='bbox 775 1210 841 1265; x_wconf 90' lang='lat' dir='ltr'><strong>iis</strong></span> <span class='ocrx_word' id='word_1_76' title='bbox 866 1209 1062 1264; x_wconf 90' lang='lat' dir='ltr'><strong>deinde</strong></span> <span class='ocrx_word' id='word_1_77' title='bbox 1084 1209 1365 1263; x_wconf 85' lang='lat' dir='ltr'><strong>monachis</strong></span> <span class='ocrx_word' id='word_1_78' title='bbox 1394 1208 1656 1275; x_wconf 78' lang='lat' dir='ltr'><strong>convixit,</strong></span> <span class='ocrx_word' id='word_1_79' title='bbox 1688 1209 1778 1278; x_wconf 86' lang='lat' dir='ltr'><strong>qui</strong></span> <span class='ocrx_word' id='word_1_80' title='bbox 1814 1208 1865 1262; x_wconf 91' lang='lat' dir='ltr'><strong>in</strong></span> <span class='ocrx_word' id='word_1_81' title='bbox 1918 1208 2013 1262; x_wconf 87' lang='lat' dir='ltr'><strong>de-</strong></span> 
     </span>
    </p>
   </div>
   <div class='ocr_carea' id='block_1_15' title="bbox 436 1299 2008 1368">
    <p class='ocr_par' dir='ltr' id='par_1_15' title="bbox 436 1299 2008 1368">
     <span class='ocr_line' id='line_1_15' title="bbox 436 1299 2008 1368; baseline -0.003 -12"><span class='ocrx_word' id='word_1_82' title='bbox 436 1312 585 1357; x_wconf 85' lang='lat' dir='ltr'><strong>serto</strong></span> <span class='ocrx_word' id='word_1_83' title='bbox 618 1303 685 1355; x_wconf 91' lang='lat' dir='ltr'><strong>ad</strong></span> <span class='ocrx_word' id='word_1_84' title='bbox 731 1299 1025 1354; x_wconf 86' lang='lat' dir='ltr'><strong>Jordanem</strong></span> <span class='ocrx_word' id='word_1_85' title='bbox 1073 1301 1492 1365; x_wconf 82' lang='lat' dir='ltr'><strong>exercebantur,</strong></span> <span class='ocrx_word' id='word_1_86' title='bbox 1546 1300 1748 1368; x_wconf 87' lang='lat' dir='ltr'><strong>quique</strong></span> <span class='ocrx_word' id='word_1_87' title='bbox 1782 1314 1921 1353; x_wconf 88' lang='lat' dir='ltr'><strong>nova</strong></span> <span class='ocrx_word' id='word_1_88' title='bbox 1955 1299 2008 1352; x_wconf 92' lang='lat' dir='ltr'><strong>in</strong></span> 
     </span>
    </p>
   </div>
   <div class='ocr_carea' id='block_1_16' title="bbox 436 1389 2011 1461">
    <p class='ocr_par' dir='ltr' id='par_1_16' title="bbox 436 1389 2011 1461">
     <span class='ocr_line' id='line_1_16' title="bbox 436 1389 2011 1461; baseline 0 -16"><span class='ocrx_word' id='word_1_89' title='bbox 436 1393 589 1447; x_wconf 90' lang='lat' dir='ltr'><strong>laura</strong></span> <span class='ocrx_word' id='word_1_90' title='bbox 639 1392 819 1461; x_wconf 85' lang='lat' dir='ltr'><strong>magni</strong></span> <span class='ocrx_word' id='word_1_91' title='bbox 864 1391 1030 1446; x_wconf 74' lang='lat' dir='ltr'><strong>&#39;Saba:</strong></span> <span class='ocrx_word' id='word_1_92' title='bbox 1072 1393 1380 1445; x_wconf 80' lang='lat' dir='ltr'><strong>certabant.</strong></span> <span class='ocrx_word' id='word_1_93' title='bbox 1434 1389 1590 1444; x_wconf 85' lang='lat' dir='ltr'><strong>Unde</strong></span> <span class='ocrx_word' id='word_1_94' title='bbox 1661 1406 1876 1445; x_wconf 89' lang='lat' dir='ltr'><strong>rursum</strong></span> <span class='ocrx_word' id='word_1_95' title='bbox 1943 1391 2011 1445; x_wconf 90' lang='lat' dir='ltr'><strong>ad</strong></span> 
     </span>
    </p>
   </div>
   <div class='ocr_carea' id='block_1_17' title="bbox 436 1481 2013 1551">
    <p class='ocr_par' dir='ltr' id='par_1_17' title="bbox 436 1481 2013 1551">
     <span class='ocr_line' id='line_1_17' title="bbox 436 1481 2013 1551; baseline -0.001 -12"><span class='ocrx_word' id='word_1_96' title='bbox 436 1485 741 1539; x_wconf 75' lang='lat' dir='ltr'><strong>Antiochiae</strong></span> <span class='ocrx_word' id='word_1_97' title='bbox 767 1498 913 1547; x_wconf 86' lang='lat' dir='ltr'><strong>oras,</strong></span> <span class='ocrx_word' id='word_1_98' title='bbox 950 1492 1005 1537; x_wconf 90' lang='lat' dir='ltr'><strong>et</strong></span> <span class='ocrx_word' id='word_1_99' title='bbox 1028 1482 1323 1537; x_wconf 77' lang='lat' dir='ltr'><strong>Alexandri</strong></span> <span class='ocrx_word' id='word_1_100' title='bbox 1356 1481 1567 1546; x_wconf 81' lang='lat' dir='ltr'><strong>urbem,</strong></span> <span class='ocrx_word' id='word_1_101' title='bbox 1604 1484 2013 1551; x_wconf 80' lang='lat' dir='ltr'><strong>proximamque</strong></span> 
     </span>
    </p>
   </div>
   <div class='ocr_carea' id='block_1_18' title="bbox 439 1575 2011 1643">
    <p class='ocr_par' dir='ltr' id='par_1_18' title="bbox 439 1575 2011 1643">
     <span class='ocr_line' id='line_1_18' title="bbox 439 1575 2011 1643; baseline -0.002 -11"><span class='ocrx_word' id='word_1_102' title='bbox 439 1592 703 1641; x_wconf 87' lang='lat' dir='ltr'><strong>eremum,</strong></span> <span class='ocrx_word' id='word_1_103' title='bbox 729 1586 785 1631; x_wconf 86' lang='lat' dir='ltr'><strong>et</strong></span> <span class='ocrx_word' id='word_1_104' title='bbox 813 1577 878 1630; x_wconf 86' lang='lat' dir='ltr'><strong>ad</strong></span> <span class='ocrx_word' id='word_1_105' title='bbox 906 1575 1070 1631; x_wconf 78' lang='lat' dir='ltr'><strong>Oasin</strong></span> <span class='ocrx_word' id='word_1_106' title='bbox 1099 1590 1269 1643; x_wconf 83' lang='lat' dir='ltr'><strong>usque</strong></span> <span class='ocrx_word' id='word_1_107' title='bbox 1294 1575 1531 1641; x_wconf 90' lang='lat' dir='ltr'><strong>delatus,</strong></span> <span class='ocrx_word' id='word_1_108' title='bbox 1570 1576 1858 1629; x_wconf 89' lang='lat' dir='ltr'><strong>multorum</strong></span> <span class='ocrx_word' id='word_1_109' title='bbox 1896 1589 2011 1629; x_wconf 88' lang='lat' dir='ltr'><strong>ma-</strong></span> 
     </span>
    </p>
   </div>
   <div class='ocr_carea' id='block_1_19' title="bbox 439 1667 2007 1738">
    <p class='ocr_par' dir='ltr' id='par_1_19' title="bbox 439 1667 2007 1738">
     <span class='ocr_line' id='line_1_19' title="bbox 439 1667 2007 1738; baseline -0.001 -19"><span class='ocrx_word' id='word_1_110' title='bbox 439 1683 777 1738; x_wconf 76' lang='lat' dir='ltr'><strong>gnorumque</strong></span> <span class='ocrx_word' id='word_1_111' title='bbox 803 1670 1041 1722; x_wconf 89' lang='lat' dir='ltr'><strong>virormn</strong></span> <span class='ocrx_word' id='word_1_112' title='bbox 1078 1683 1162 1722; x_wconf 91' lang='lat' dir='ltr'><strong>res</strong></span> <span class='ocrx_word' id='word_1_113' title='bbox 1188 1667 1446 1736; x_wconf 85' lang='lat' dir='ltr'><strong>praeclare</strong></span> <span class='ocrx_word' id='word_1_114' title='bbox 1465 1678 1644 1735; x_wconf 84' lang='lat' dir='ltr'><strong>gestas</strong></span> <span class='ocrx_word' id='word_1_115' title='bbox 1670 1668 2007 1737; x_wconf 81' lang='lat' dir='ltr'><strong>aggregavit,</strong></span> 
     </span>
    </p>
   </div>
   <div class='ocr_carea' id='block_1_20' title="bbox 438 1757 2013 1831">
    <p class='ocr_par' dir='ltr' id='par_1_20' title="bbox 438 1757 2013 1831">
     <span class='ocr_line' id='line_1_20' title="bbox 438 1757 2013 1831; baseline -0.002 -17"><span class='ocrx_word' id='word_1_116' title='bbox 438 1760 778 1831; x_wconf 87' lang='lat' dir='ltr'><strong>quaspartim</strong></span> <span class='ocrx_word' id='word_1_117' title='bbox 797 1760 966 1815; x_wconf 90' lang='lat' dir='ltr'><strong>oculis</strong></span> <span class='ocrx_word' id='word_1_118' title='bbox 989 1760 1103 1828; x_wconf 86' lang='lat' dir='ltr'><strong>ipse</strong></span> <span class='ocrx_word' id='word_1_119' title='bbox 1125 1758 1620 1827; x_wconf 87' lang='lat' dir='ltr'><strong>spectavit,partim</strong></span> <span class='ocrx_word' id='word_1_120' title='bbox 1651 1757 1854 1811; x_wconf 85' lang='lat' dir='ltr'><strong>recenti</strong></span> <span class='ocrx_word' id='word_1_121' title='bbox 1886 1765 2013 1811; x_wconf 88' lang='lat' dir='ltr'><strong>tunc</strong></span> 
     </span>
    </p>
   </div>
   <div class='ocr_carea' id='block_1_21' title="bbox 440 1848 2021 1918">
    <p class='ocr_par' dir='ltr' id='par_1_21' title="bbox 440 1848 2021 1918">
     <span class='ocr_line' id='line_1_21' title="bbox 440 1848 2021 1918; baseline -0.003 -14"><span class='ocrx_word' id='word_1_122' title='bbox 440 1851 712 1905; x_wconf 76' lang='lat' dir='ltr'><strong>auditione</strong></span> <span class='ocrx_word' id='word_1_123' title='bbox 728 1851 934 1905; x_wconf 87' lang='lat' dir='ltr'><strong>didicit.</strong></span> <span class='ocrx_word' id='word_1_124' title='bbox 954 1850 1151 1903; x_wconf 85' lang='lat' dir='ltr'><strong>Eadem</strong></span> <span class='ocrx_word' id='word_1_125' title='bbox 1171 1864 1331 1918; x_wconf 88' lang='lat' dir='ltr'><strong>porro</strong></span> <span class='ocrx_word' id='word_1_126' title='bbox 1344 1850 1411 1902; x_wconf 92' lang='lat' dir='ltr'><strong>de</strong></span> <span class='ocrx_word' id='word_1_127' title='bbox 1436 1863 1735 1903; x_wconf 89' lang='lat' dir='ltr'><strong>eausacum</strong></span> <span class='ocrx_word' id='word_1_128' title='bbox 1754 1848 1918 1902; x_wconf 88' lang='lat' dir='ltr'><strong>etiam</strong></span> <span class='ocrx_word' id='word_1_129' title='bbox 1940 1848 2021 1900; x_wconf 88' lang='lat' dir='ltr'><strong>in-</strong></span> 
     </span>
    </p>
   </div>
   <div class='ocr_carea' id='block_1_22' title="bbox 440 1938 2018 2009">
    <p class='ocr_par' dir='ltr' id='par_1_22' title="bbox 440 1938 2018 2009">
     <span class='ocr_line' id='line_1_22' title="bbox 440 1938 2018 2009; baseline -0.003 -13"><span class='ocrx_word' id='word_1_130' title='bbox 440 1941 587 1996; x_wconf 87' lang='lat' dir='ltr'><strong>sulas</strong></span> <span class='ocrx_word' id='word_1_131' title='bbox 602 1940 829 1995; x_wconf 85' lang='lat' dir='ltr'><strong>Romam</strong></span> <span class='ocrx_word' id='word_1_132' title='bbox 852 1954 1042 1994; x_wconf 85' lang='lat' dir='ltr'><strong>versus</strong></span> <span class='ocrx_word' id='word_1_133' title='bbox 1066 1940 1325 2009; x_wconf 82' lang='lat' dir='ltr'><strong>navigans</strong></span> <span class='ocrx_word' id='word_1_134' title='bbox 1351 1939 1655 2001; x_wconf 87' lang='lat' dir='ltr'><strong>lustrasset,</strong></span> <span class='ocrx_word' id='word_1_135' title='bbox 1691 1938 1842 1991; x_wconf 89' lang='lat' dir='ltr'><strong>hisce</strong></span> <span class='ocrx_word' id='word_1_136' title='bbox 1864 1938 2018 1991; x_wconf 88' lang='lat' dir='ltr'><strong>simi-</strong></span> 
     </span>
    </p>
   </div>
   <div class='ocr_carea' id='block_1_23' title="bbox 441 2027 2022 2099">
    <p class='ocr_par' dir='ltr' id='par_1_23' title="bbox 441 2027 2022 2099">
     <span class='ocr_line' id='line_1_23' title="bbox 441 2027 2022 2099; baseline -0.003 -13"><span class='ocrx_word' id='word_1_137' title='bbox 441 2030 585 2086; x_wconf 79' lang='lat' dir='ltr'><strong>lit-us</strong></span> <span class='ocrx_word' id='word_1_138' title='bbox 614 2029 686 2084; x_wconf 93' lang='lat' dir='ltr'><strong>ibi</strong></span> <span class='ocrx_word' id='word_1_139' title='bbox 712 2028 905 2099; x_wconf 77' lang='lat'><strong>1626</strong></span> <span class='ocrx_word' id='word_1_140' title='bbox 950 2043 1168 2098; x_wconf 87' lang='lat' dir='ltr'><strong>quoque</strong></span> <span class='ocrx_word' id='word_1_141' title='bbox 1193 2027 1540 2095; x_wconf 85' lang='lat' dir='ltr'><strong>conquisitis,</strong></span> <span class='ocrx_word' id='word_1_142' title='bbox 1560 2037 1612 2080; x_wconf 89' lang='lat' dir='ltr'><strong>et</strong></span> <span class='ocrx_word' id='word_1_143' title='bbox 1633 2027 1888 2095; x_wconf 83' lang='lat' dir='ltr'><strong>cognitis,</strong></span> <span class='ocrx_word' id='word_1_144' title='bbox 1921 2028 2022 2081; x_wconf 86' lang='lat' dir='ltr'><strong>hoc</strong></span> 
     </span>
    </p>
   </div>
   <div class='ocr_carea' id='block_1_24' title="bbox 441 2117 2012 2191">
    <p class='ocr_par' dir='ltr' id='par_1_24' title="bbox 441 2117 2012 2191">
     <span class='ocr_line' id='line_1_24' title="bbox 441 2117 2012 2191; baseline -0.002 -15"><span class='ocrx_word' id='word_1_145' title='bbox 441 2137 578 2191; x_wconf 91' lang='lat' dir='ltr'><strong>opus</strong></span> <span class='ocrx_word' id='word_1_146' title='bbox 613 2121 963 2189; x_wconf 89' lang='lat' dir='ltr'><strong>conscripsit,</strong></span> <span class='ocrx_word' id='word_1_147' title='bbox 990 2121 1133 2190; x_wconf 89' lang='lat' dir='ltr'><strong>quod</strong></span> <span class='ocrx_word' id='word_1_148' title='bbox 1168 2121 1382 2174; x_wconf 87' lang='lat' dir='ltr'><strong>dedicat</strong></span> <span class='ocrx_word' id='word_1_149' title='bbox 1416 2119 1745 2188; x_wconf 87' lang='lat' dir='ltr'><strong>Sophronio,</strong></span> <span class='ocrx_word' id='word_1_150' title='bbox 1780 2133 1871 2173; x_wconf 93' lang='lat' dir='ltr'><strong>seu</strong></span> <span class='ocrx_word' id='word_1_151' title='bbox 1906 2117 2012 2173; x_wconf 88' lang='lat' dir='ltr'><strong>So-</strong></span> 
     </span>
    </p>
   </div>
   <div class='ocr_carea' id='block_1_25' title="bbox 444 2212 2016 2285">
    <p class='ocr_par' dir='ltr' id='par_1_25' title="bbox 444 2212 2016 2285">
     <span class='ocr_line' id='line_1_25' title="bbox 444 2212 2016 2285; baseline -0.003 -15"><span class='ocrx_word' id='word_1_152' title='bbox 444 2215 665 2285; x_wconf 70' lang='lat' dir='ltr'><strong>phrona:</strong></span> <span class='ocrx_word' id='word_1_153' title='bbox 695 2214 963 2284; x_wconf 89' lang='lat' dir='ltr'><strong>discipulo</strong></span> <span class='ocrx_word' id='word_1_154' title='bbox 998 2229 1120 2281; x_wconf 91' lang='lat' dir='ltr'><strong>suo,</strong></span> <span class='ocrx_word' id='word_1_155' title='bbox 1159 2214 1446 2281; x_wconf 85' lang='lat' dir='ltr'><strong>eidemque</strong></span> <span class='ocrx_word' id='word_1_156' title='bbox 1494 2215 1595 2268; x_wconf 91' lang='lat' dir='ltr'><strong>hoc</strong></span> <span class='ocrx_word' id='word_1_157' title='bbox 1624 2215 1802 2282; x_wconf 89' lang='lat' dir='ltr'><strong>ipsum</strong></span> <span class='ocrx_word' id='word_1_158' title='bbox 1834 2212 2016 2279; x_wconf 78' lang='lat' dir='ltr'><strong>olfert,</strong></span> 
     </span>
    </p>
   </div>
   <div class='ocr_carea' id='block_1_26' title="bbox 442 2305 2019 2375">
    <p class='ocr_par' dir='ltr' id='par_1_26' title="bbox 442 2305 2019 2375">
     <span class='ocr_line' id='line_1_26' title="bbox 442 2305 2019 2375; baseline -0.003 -13"><span class='ocrx_word' id='word_1_159' title='bbox 442 2306 697 2374; x_wconf 87' lang='lat' dir='ltr'><strong>cumjam</strong></span> <span class='ocrx_word' id='word_1_160' title='bbox 740 2308 922 2360; x_wconf 87' lang='lat' dir='ltr'><strong>animo</strong></span> <span class='ocrx_word' id='word_1_161' title='bbox 972 2307 1315 2375; x_wconf 59' lang='lat' dir='ltr'><strong>principeret,</strong></span> <span class='ocrx_word' id='word_1_162' title='bbox 1370 2307 1577 2361; x_wconf 90' lang='lat' dir='ltr'><strong>instare</strong></span> <span class='ocrx_word' id='word_1_163' title='bbox 1607 2306 1733 2360; x_wconf 61' lang='lat' dir='ltr'><strong>vitae</strong></span> <span class='ocrx_word' id='word_1_164' title='bbox 1762 2305 1925 2374; x_wconf 85' lang='lat' dir='ltr'><strong>hujus</strong></span> <span class='ocrx_word' id='word_1_165' title='bbox 1961 2306 2019 2361; x_wconf 91' lang='lat' dir='ltr'><strong>in</strong></span> 
     </span>
    </p>
   </div>
   <div class='ocr_carea' id='block_1_27' title="bbox 444 2398 1262 2456">
    <p class='ocr_par' dir='ltr' id='par_1_27' title="bbox 444 2398 1262 2456">
     <span class='ocr_line' id='line_1_27' title="bbox 444 2398 1262 2456; baseline 0 -3"><span class='ocrx_word' id='word_1_166' title='bbox 444 2398 726 2456; x_wconf 81' lang='lat' dir='ltr'><strong>meliorem</strong></span> <span class='ocrx_word' id='word_1_167' title='bbox 752 2398 1262 2455; x_wconf 86' lang='lat' dir='ltr'><strong>commutationem.</strong></span> 
     </span>
    </p>
   </div>
   <div class='ocr_carea' id='block_1_28' title="bbox 513 2556 2015 2629">
    <p class='ocr_par' dir='ltr' id='par_1_28' title="bbox 513 2556 2015 2629">
     <span class='ocr_line' id='line_1_28' title="bbox 513 2556 2015 2629; baseline 0.004 -19"><span class='ocrx_word' id='word_1_168' title='bbox 513 2559 709 2629; x_wconf 79' lang='lat' dir='ltr'><strong>Operis</strong></span> <span class='ocrx_word' id='word_1_169' title='bbox 752 2568 937 2613; x_wconf 89' lang='lat' dir='ltr'><strong>autem</strong></span> <span class='ocrx_word' id='word_1_170' title='bbox 973 2556 1132 2625; x_wconf 85' lang='lat' dir='ltr'><strong>hujus</strong></span> <span class='ocrx_word' id='word_1_171' title='bbox 1176 2557 1369 2616; x_wconf 88' lang='lat' dir='ltr'><strong>dictio.</strong></span> <span class='ocrx_word' id='word_1_172' title='bbox 1416 2558 1587 2628; x_wconf 87' lang='lat' dir='ltr'><strong>magis</strong></span> <span class='ocrx_word' id='word_1_173' title='bbox 1617 2573 1779 2628; x_wconf 90' lang='lat' dir='ltr'><strong>quam</strong></span> <span class='ocrx_word' id='word_1_174' title='bbox 1811 2574 2015 2627; x_wconf 65' lang='lat' dir='ltr'><strong>praece-</strong></span> 
     </span>
    </p>
   </div>
   <div class='ocr_carea' id='block_1_29' title="bbox 445 2651 2015 2723">
    <p class='ocr_par' dir='ltr' id='par_1_29' title="bbox 445 2651 2015 2723">
     <span class='ocr_line' id='line_1_29' title="bbox 445 2651 2015 2723; baseline 0.002 -19"><span class='ocrx_word' id='word_1_175' title='bbox 445 2653 647 2718; x_wconf 86' lang='lat' dir='ltr'><strong>dentis,</strong></span> <span class='ocrx_word' id='word_1_176' title='bbox 676 2652 744 2706; x_wconf 90' lang='lat' dir='ltr'><strong>ad</strong></span> <span class='ocrx_word' id='word_1_177' title='bbox 797 2651 1144 2706; x_wconf 86' lang='lat' dir='ltr'><strong>humiliorem</strong></span> <span class='ocrx_word' id='word_1_178' title='bbox 1184 2666 1249 2704; x_wconf 88' lang='lat' dir='ltr'><strong>ac</strong></span> <span class='ocrx_word' id='word_1_179' title='bbox 1279 2651 1553 2706; x_wconf 90' lang='lat' dir='ltr'><strong>rudiorem</strong></span> <span class='ocrx_word' id='word_1_180' title='bbox 1587 2653 1764 2722; x_wconf 82' lang='lat' dir='ltr'><strong>vergit</strong></span> <span class='ocrx_word' id='word_1_181' title='bbox 1793 2652 2015 2723; x_wconf 83' lang='lat' dir='ltr'><strong>stylum.</strong></span> 
     </span>
    </p>
   </div>
   <div class='ocr_carea' id='block_1_30' title="bbox 444 2738 2021 2798">
    <p class='ocr_par' dir='ltr' id='par_1_30' title="bbox 444 2738 2021 2798">
     <span class='ocr_line' id='line_1_30' title="bbox 444 2738 2021 2798; baseline 0.003 -5"><span class='ocrx_word' id='word_1_182' title='bbox 444 2738 833 2793; x_wconf 85' lang='lat' dir='ltr'><strong>Narrationum</strong></span> <span class='ocrx_word' id='word_1_183' title='bbox 862 2738 1051 2792; x_wconf 70' lang='lat' dir='ltr'><strong>adhaec</strong></span> <span class='ocrx_word' id='word_1_184' title='bbox 1102 2753 1208 2793; x_wconf 87' lang='lat' dir='ltr'><strong>non</strong></span> <span class='ocrx_word' id='word_1_185' title='bbox 1246 2741 1493 2794; x_wconf 90' lang='lat' dir='ltr'><strong>eumdem</strong></span> <span class='ocrx_word' id='word_1_186' title='bbox 1528 2751 1802 2796; x_wconf 85' lang='lat' dir='ltr'><strong>servatum</strong></span> <span class='ocrx_word' id='word_1_187' title='bbox 1833 2759 2021 2798; x_wconf 88' lang='lat' dir='ltr'><strong>nume-</strong></span> 
     </span>
    </p>
   </div>
   <div class='ocr_carea' id='block_1_31' title="bbox 447 2829 2020 2907">
    <p class='ocr_par' dir='ltr' id='par_1_31' title="bbox 447 2829 2020 2907">
     <span class='ocr_line' id='line_1_31' title="bbox 447 2829 2020 2907; baseline 0.004 -22"><span class='ocrx_word' id='word_1_188' title='bbox 447 2847 570 2885; x_wconf 85' lang='lat' dir='ltr'><strong>rum</strong></span> <span class='ocrx_word' id='word_1_189' title='bbox 623 2832 678 2885; x_wconf 92' lang='lat' dir='ltr'><strong>in</strong></span> <span class='ocrx_word' id='word_1_190' title='bbox 712 2830 965 2886; x_wconf 88' lang='lat' dir='ltr'><strong>omnibus</strong></span> <span class='ocrx_word' id='word_1_191' title='bbox 1000 2829 1158 2886; x_wconf 87' lang='lat' dir='ltr'><strong>libris</strong></span> <span class='ocrx_word' id='word_1_192' title='bbox 1205 2831 1602 2901; x_wconf 83' lang='lat' dir='ltr'><strong>deprehendas,</strong></span> <span class='ocrx_word' id='word_1_193' title='bbox 1635 2851 1760 2890; x_wconf 92' lang='lat' dir='ltr'><strong>cum</strong></span> <span class='ocrx_word' id='word_1_194' title='bbox 1810 2836 1866 2891; x_wconf 89' lang='lat' dir='ltr'><strong>in</strong></span> <span class='ocrx_word' id='word_1_195' title='bbox 1897 2839 2020 2907; x_wconf 89' lang='lat' dir='ltr'><strong>qui-</strong></span> 
     </span>
    </p>
   </div>
   <div class='ocr_carea' id='block_1_32' title="bbox 446 2920 2021 2996">
    <p class='ocr_par' dir='ltr' id='par_1_32' title="bbox 446 2920 2021 2996">
     <span class='ocr_line' id='line_1_32' title="bbox 446 2920 2021 2996; baseline 0.004 -17"><span class='ocrx_word' id='word_1_196' title='bbox 446 2924 675 2979; x_wconf 88' lang='lat' dir='ltr'><strong>busdam</strong></span> <span class='ocrx_word' id='word_1_197' title='bbox 714 2923 781 2976; x_wconf 92' lang='lat' dir='ltr'><strong>ad</strong></span> <span class='ocrx_word' id='word_1_198' title='bbox 805 2924 910 2977; x_wconf 89' lang='lat' dir='ltr'><strong>duo</strong></span> <span class='ocrx_word' id='word_1_199' title='bbox 942 2920 1056 2992; x_wconf 80' lang='lat'><strong>(85)</strong></span> <span class='ocrx_word' id='word_1_200' title='bbox 1082 2931 1139 2976; x_wconf 87' lang='lat' dir='ltr'><strong>et</strong></span> <span class='ocrx_word' id='word_1_201' title='bbox 1167 2927 1525 2994; x_wconf 87' lang='lat' dir='ltr'><strong>quadraginta</strong></span> <span class='ocrx_word' id='word_1_202' title='bbox 1557 2941 1720 2996; x_wconf 90' lang='lat' dir='ltr'><strong>supra</strong></span> <span class='ocrx_word' id='word_1_203' title='bbox 1749 2938 2021 2985; x_wconf 90' lang='lat' dir='ltr'><strong>trecentas</strong></span> 
     </span>
    </p>
   </div>
   <div class='ocr_carea' id='block_1_33' title="bbox 2113 456 3689 537">
    <p class='ocr_par' dir='ltr' id='par_1_33' title="bbox 2113 456 3689 537">
     <span class='ocr_line' id='line_1_33' title="bbox 2113 456 3689 537; baseline -0.008 -15"><span class='ocrx_word' id='word_1_204' title='bbox 2113 468 2523 537; x_wconf 85' lang='grc' dir='ltr'>ταγενεστέρων</span> <span class='ocrx_word' id='word_1_205' title='bbox 2542 464 2751 537; x_wconf 84' lang='grc' dir='ltr'>ἀνδρῶν</span> <span class='ocrx_word' id='word_1_206' title='bbox 2776 463 2913 533; x_wconf 75' lang='grc' dir='ltr'>ἔργα</span> <span class='ocrx_word' id='word_1_207' title='bbox 2942 478 3001 514; x_wconf 88' lang='grc' dir='ltr'><strong>τε</strong></span> <span class='ocrx_word' id='word_1_208' title='bbox 3023 460 3116 514; x_wconf 70' lang='grc' dir='ltr'><strong>καὶ</strong></span> <span class='ocrx_word' id='word_1_209' title='bbox 3137 457 3367 528; x_wconf 79' lang='grc' dir='ltr'>πράξεις</span> <span class='ocrx_word' id='word_1_210' title='bbox 3392 456 3689 528; x_wconf 76' lang='grc' dir='ltr'>ἀξιοξηλὼ-</span> 
     </span>
    </p>
   </div>
   <div class='ocr_carea' id='block_1_34' title="bbox 2112 550 3687 629">
    <p class='ocr_par' dir='ltr' id='par_1_34' title="bbox 2112 550 3687 629">
     <span class='ocr_line' id='line_1_34' title="bbox 2112 550 3687 629; baseline -0.008 -15"><span class='ocrx_word' id='word_1_211' title='bbox 2112 579 2237 624; x_wconf 88' lang='grc' dir='ltr'>τους</span> <span class='ocrx_word' id='word_1_212' title='bbox 2296 558 2643 629; x_wconf 85' lang='grc' dir='ltr'>ἀναγράφει·</span> <span class='ocrx_word' id='word_1_213' title='bbox 2695 555 2793 610; x_wconf 72' lang='grc' dir='ltr'><strong>καὶ</strong></span> <span class='ocrx_word' id='word_1_214' title='bbox 2848 554 2956 625; x_wconf 86' lang='grc' dir='ltr'>γὰρ</span> <span class='ocrx_word' id='word_1_215' title='bbox 3008 551 3217 606; x_wconf 77' lang='grc' dir='ltr'>ἐκεῖθεν</span> <span class='ocrx_word' id='word_1_216' title='bbox 3252 550 3361 604; x_wconf 85' lang='grc' dir='ltr'><strong>τῶν</strong></span> <span class='ocrx_word' id='word_1_217' title='bbox 3394 550 3558 621; x_wconf 85' lang='grc' dir='ltr'>μέχρι</span> <span class='ocrx_word' id='word_1_218' title='bbox 3589 554 3687 621; x_wconf 83' lang='grc' dir='ltr'><strong>τῆς</strong></span> 
     </span>
    </p>
   </div>
   <div class='ocr_carea' id='block_1_35' title="bbox 2125 642 3686 724">
    <p class='ocr_par' dir='ltr' id='par_1_35' title="bbox 2125 642 3686 724">
     <span class='ocr_line' id='line_1_35' title="bbox 2125 642 3686 724; baseline -0.007 -18"><span class='ocrx_word' id='word_1_219' title='bbox 2125 652 2447 724; x_wconf 73' lang='grc' dir='ltr'>’Ἡρακλείου</span> <span class='ocrx_word' id='word_1_220' title='bbox 2472 650 2643 721; x_wconf 83' lang='grc' dir='ltr'>ἀρχῆς</span> <span class='ocrx_word' id='word_1_221' title='bbox 2676 648 2771 701; x_wconf 75' lang='grc' dir='ltr'><strong>καὶ</strong></span> <span class='ocrx_word' id='word_1_222' title='bbox 2799 647 2892 700; x_wconf 76' lang='grc' dir='ltr'>ἐπὶ</span> <span class='ocrx_word' id='word_1_223' title='bbox 2925 646 3083 699; x_wconf 82' lang='grc' dir='ltr'>πλέον</span> <span class='ocrx_word' id='word_1_224' title='bbox 3105 642 3521 714; x_wconf 82' lang='grc' dir='ltr'>διαπρεψάντων</span> <span class='ocrx_word' id='word_1_225' title='bbox 3558 643 3686 712; x_wconf 80' lang='grc' dir='ltr'>ἀρε-</span> 
     </span>
    </p>
   </div>
   <div class='ocr_carea' id='block_1_36' title="bbox 2113 738 2889 813">
    <p class='ocr_par' dir='ltr' id='par_1_36' title="bbox 2113 738 2889 813">
     <span class='ocr_line' id='line_1_36' title="bbox 2113 738 2889 813; baseline -0.009 -15"><span class='ocrx_word' id='word_1_226' title='bbox 2113 747 2232 807; x_wconf 85' lang='grc' dir='ltr'><strong>ταῖς</strong></span> <span class='ocrx_word' id='word_1_227' title='bbox 2258 744 2551 813; x_wconf 81' lang='grc' dir='ltr'>ὲπέρχεται</span> <span class='ocrx_word' id='word_1_228' title='bbox 2569 742 2694 802; x_wconf 82' lang='grc' dir='ltr'>τοὺς</span> <span class='ocrx_word' id='word_1_229' title='bbox 2723 738 2889 809; x_wconf 80' lang='grc' dir='ltr'>βίους.</span> 
     </span>
    </p>
   </div>
   <div class='ocr_carea' id='block_1_37' title="bbox 2190 825 3688 904">
    <p class='ocr_par' dir='ltr' id='par_1_37' title="bbox 2190 825 3688 904">
     <span class='ocr_line' id='line_1_37' title="bbox 2190 825 3688 904; baseline -0.009 -15"><span class='ocrx_word' id='word_1_230' title='bbox 2190 833 2460 904; x_wconf 78' lang='grc' dir='ltr'><strong>Λειμῶνα</strong></span> <span class='ocrx_word' id='word_1_231' title='bbox 2514 832 2572 885; x_wconf 82' lang='grc' dir='ltr'>δὲ</span> <span class='ocrx_word' id='word_1_232' title='bbox 2619 830 2902 884; x_wconf 87' lang='grc' dir='ltr'>καλεῖσθαι</span> <span class='ocrx_word' id='word_1_233' title='bbox 2951 827 3167 881; x_wconf 86' lang='grc' dir='ltr'>δίδωσιν</span> <span class='ocrx_word' id='word_1_234' title='bbox 3209 827 3239 878; x_wconf 89' lang='lat'><strong>6</strong></span> <span class='ocrx_word' id='word_1_235' title='bbox 3288 825 3688 894; x_wconf 73' lang='grc' dir='ltr'>συνταξάμενος</span> 
     </span>
    </p>
   </div>
   <div class='ocr_carea' id='block_1_38' title="bbox 2113 917 3690 998">
    <p class='ocr_par' dir='ltr' id='par_1_38' title="bbox 2113 917 3690 998">
     <span class='ocr_line' id='line_1_38' title="bbox 2113 917 3690 998; baseline -0.01 -14"><span class='ocrx_word' id='word_1_236' title='bbox 2113 930 2284 998; x_wconf 74' lang='grc' dir='ltr'>ὄνομα</span> <span class='ocrx_word' id='word_1_237' title='bbox 2320 929 2380 980; x_wconf 75' lang='grc' dir='ltr'>τὸ</span> <span class='ocrx_word' id='word_1_238' title='bbox 2406 924 2610 997; x_wconf 91' lang='grc' dir='ltr'>βιϐλίον</span> <span class='ocrx_word' id='word_1_239' title='bbox 2635 940 2650 954; x_wconf 74' lang='grc' dir='ltr'><strong>ο</strong></span> <span class='ocrx_word' id='word_1_240' title='bbox 2682 922 2831 985; x_wconf 82' lang='grc' dir='ltr'>τινὲς</span> <span class='ocrx_word' id='word_1_241' title='bbox 2873 921 2931 974; x_wconf 83' lang='grc' dir='ltr'>δὲ</span> <span class='ocrx_word' id='word_1_242' title='bbox 2955 920 3088 974; x_wconf 79' lang='grc' dir='ltr'>αὐτὸ</span> <span class='ocrx_word' id='word_1_243' title='bbox 3111 919 3157 950; x_wconf 79' lang='grc'><strong>⁸⁷</strong></span> <span class='ocrx_word' id='word_1_244' title='bbox 3196 917 3293 972; x_wconf 76' lang='grc' dir='ltr'><strong>καὶ</strong></span> <span class='ocrx_word' id='word_1_245' title='bbox 3324 918 3479 971; x_wconf 76' lang='grc' dir='ltr'>Νέον</span> <span class='ocrx_word' id='word_1_246' title='bbox 3502 919 3690 970; x_wconf 73' lang='grc' dir='ltr'>ἐπονοι</span> 
     </span>
    </p>
   </div>
   <div class='ocr_carea' id='block_1_39' title="bbox 2117 1008 3688 1093">
    <p class='ocr_par' dir='ltr' id='par_1_39' title="bbox 2117 1008 3688 1093">
     <span class='ocr_line' id='line_1_39' title="bbox 2117 1008 3688 1093; baseline -0.008 -19"><span class='ocrx_word' id='word_1_247' title='bbox 2117 1021 2344 1093; x_wconf 81' lang='grc' dir='ltr'>μάζουσι</span> <span class='ocrx_word' id='word_1_248' title='bbox 2369 1018 2415 1051; x_wconf 84' lang='grc'>⁸⁸</span> <span class='ocrx_word' id='word_1_249' title='bbox 2440 1015 2848 1086; x_wconf 75' lang='grc' dir='ltr'>Παραδείσιον</span> <span class='ocrx_word' id='word_1_250' title='bbox 2864 1013 2931 1068; x_wconf 67' lang='grc' dir='ltr'><strong>θ’.</strong></span> <span class='ocrx_word' id='word_1_251' title='bbox 2953 1012 3011 1066; x_wconf 85' lang='grc' dir='ltr'>Ὀ</span> <span class='ocrx_word' id='word_1_252' title='bbox 3031 1012 3087 1064; x_wconf 77' lang='grc' dir='ltr'>δὲ</span> <span class='ocrx_word' id='word_1_253' title='bbox 3113 1008 3477 1080; x_wconf 82' lang='grc' dir='ltr'>συντεταχὼς,</span> <span class='ocrx_word' id='word_1_254' title='bbox 3502 1008 3688 1062; x_wconf 84' lang='grc' dir='ltr'>Ἰωάν-</span> 
     </span>
    </p>
   </div>
   <div class='ocr_carea' id='block_1_40' title="bbox 2112 1099 3690 1178">
    <p class='ocr_par' dir='ltr' id='par_1_40' title="bbox 2112 1099 3690 1178">
     <span class='ocr_line' id='line_1_40' title="bbox 2112 1099 3690 1178; baseline -0.008 -15"><span class='ocrx_word' id='word_1_255' title='bbox 2112 1126 2208 1178; x_wconf 84' lang='grc' dir='ltr'><strong>νης</strong></span> <span class='ocrx_word' id='word_1_256' title='bbox 2244 1109 2344 1175; x_wconf 82' lang='grc' dir='ltr'><strong>μὲν</strong></span> <span class='ocrx_word' id='word_1_257' title='bbox 2399 1106 2549 1175; x_wconf 83' lang='grc' dir='ltr'>αὐτῷ</span> <span class='ocrx_word' id='word_1_258' title='bbox 2582 1106 2753 1173; x_wconf 76' lang='grc' dir='ltr'>ὄνομα</span> <span class='ocrx_word' id='word_1_259' title='bbox 2777 1104 2845 1168; x_wconf 71' lang='grc'><strong>⁸⁸,</strong></span> <span class='ocrx_word' id='word_1_260' title='bbox 2875 1102 2936 1167; x_wconf 77' lang='grc' dir='ltr'>ἐξ</span> <span class='ocrx_word' id='word_1_261' title='bbox 2993 1102 3340 1173; x_wconf 74' lang='grc' dir='ltr'><strong>ἐπικλήσεως</strong></span> <span class='ocrx_word' id='word_1_262' title='bbox 3374 1100 3433 1153; x_wconf 83' lang='grc' dir='ltr'>δὲ</span> <span class='ocrx_word' id='word_1_263' title='bbox 3474 1099 3690 1166; x_wconf 76' lang='grc' dir='ltr'>ἐλέγετο</span> 
     </span>
    </p>
   </div>
   <div class='ocr_carea' id='block_1_41' title="bbox 2113 1190 3687 1267">
    <p class='ocr_par' dir='ltr' id='par_1_41' title="bbox 2113 1190 3687 1267">
     <span class='ocr_line' id='line_1_41' title="bbox 2113 1190 3687 1267; baseline -0.006 -15"><span class='ocrx_word' id='word_1_264' title='bbox 2113 1202 2142 1253; x_wconf 97' lang='lat'><strong>6</strong></span> <span class='ocrx_word' id='word_1_265' title='bbox 2205 1199 2298 1251; x_wconf 79' lang='grc' dir='ltr'>τοῦ</span> <span class='ocrx_word' id='word_1_266' title='bbox 2339 1199 2558 1267; x_wconf 80' lang='grc' dir='ltr'>Μόσχου</span> <span class='ocrx_word' id='word_1_267' title='bbox 2583 1212 2598 1226; x_wconf 71' lang='grc'>⁸</span> <span class='ocrx_word' id='word_1_268' title='bbox 2625 1195 2685 1259; x_wconf 81' lang='grc' dir='ltr'>ὃς</span> <span class='ocrx_word' id='word_1_269' title='bbox 2717 1194 3029 1259; x_wconf 83' lang='grc' dir='ltr'><strong>ἀπετάξατο</strong></span> <span class='ocrx_word' id='word_1_270' title='bbox 3058 1193 3158 1264; x_wconf 80' lang='grc' dir='ltr'><strong>μὲν</strong></span> <span class='ocrx_word' id='word_1_271' title='bbox 3191 1194 3248 1245; x_wconf 80' lang='grc' dir='ltr'><strong>ἐν</strong></span> <span class='ocrx_word' id='word_1_272' title='bbox 3274 1194 3341 1262; x_wconf 84' lang='grc' dir='ltr'>τῇ</span> <span class='ocrx_word' id='word_1_273' title='bbox 3384 1191 3478 1244; x_wconf 83' lang='grc' dir='ltr'>τοῦ</span> <span class='ocrx_word' id='word_1_274' title='bbox 3531 1190 3687 1258; x_wconf 80' lang='grc' dir='ltr'>ἁγίου</span> 
     </span>
    </p>
   </div>
   <div class='ocr_carea' id='block_1_42' title="bbox 2112 1280 3691 1357">
    <p class='ocr_par' dir='ltr' id='par_1_42' title="bbox 2112 1280 3691 1357">
     <span class='ocr_line' id='line_1_42' title="bbox 2112 1280 3691 1357; baseline -0.006 -15"><span class='ocrx_word' id='word_1_275' title='bbox 2112 1289 2394 1342; x_wconf 82' lang='grc' dir='ltr'>Θεοδοσίου</span> <span class='ocrx_word' id='word_1_276' title='bbox 2416 1289 2570 1357; x_wconf 84' lang='grc' dir='ltr'>μονῇ,</span> <span class='ocrx_word' id='word_1_277' title='bbox 2594 1281 2712 1339; x_wconf 75' lang='grc' dir='ltr'>εἶτα</span> <span class='ocrx_word' id='word_1_278' title='bbox 2728 1283 3066 1354; x_wconf 75' lang='grc' dir='ltr'>συνδιέτριψε</span> <span class='ocrx_word' id='word_1_279' title='bbox 3079 1285 3189 1346; x_wconf 89' lang='grc' dir='ltr'>τοῖς</span> <span class='ocrx_word' id='word_1_280' title='bbox 3203 1299 3262 1335; x_wconf 87' lang='grc' dir='ltr'><strong>τε</strong></span> <span class='ocrx_word' id='word_1_281' title='bbox 3282 1282 3422 1335; x_wconf 87' lang='grc' dir='ltr'><strong>κατά</strong></span> <span class='ocrx_word' id='word_1_282' title='bbox 3450 1280 3543 1333; x_wconf 85' lang='grc' dir='ltr'><strong>τὸν</strong></span> <span class='ocrx_word' id='word_1_283' title='bbox 3557 1282 3691 1350; x_wconf 89' lang='grc' dir='ltr'>Ἰορ-</span> 
     </span>
    </p>
   </div>
   <div class='ocr_carea' id='block_1_43' title="bbox 2110 1370 3691 1448">
    <p class='ocr_par' dir='ltr' id='par_1_43' title="bbox 2110 1370 3691 1448">
     <span class='ocr_line' id='line_1_43' title="bbox 2110 1370 3691 1448; baseline -0.007 -16"><span class='ocrx_word' id='word_1_284' title='bbox 2110 1378 2274 1448; x_wconf 85' lang='grc' dir='ltr'>δάνην</span> <span class='ocrx_word' id='word_1_285' title='bbox 2308 1376 2412 1430; x_wconf 86' lang='grc' dir='ltr'>ἀνὰ</span> <span class='ocrx_word' id='word_1_286' title='bbox 2430 1377 2529 1447; x_wconf 84' lang='grc' dir='ltr'>τὴν</span> <span class='ocrx_word' id='word_1_287' title='bbox 2556 1375 2760 1445; x_wconf 76' lang='grc' dir='ltr'>ἐρηιιον</span> <span class='ocrx_word' id='word_1_288' title='bbox 2778 1374 3140 1443; x_wconf 87' lang='grc' dir='ltr'>άσκουμένοις</span> <span class='ocrx_word' id='word_1_289' title='bbox 3168 1373 3264 1426; x_wconf 77' lang='grc' dir='ltr'><strong>καὶ</strong></span> <span class='ocrx_word' id='word_1_290' title='bbox 3288 1373 3401 1434; x_wconf 82' lang='grc' dir='ltr'>τοῖς</span> <span class='ocrx_word' id='word_1_291' title='bbox 3429 1373 3487 1422; x_wconf 81' lang='grc' dir='ltr'>ὲν</span> <span class='ocrx_word' id='word_1_292' title='bbox 3510 1372 3576 1440; x_wconf 83' lang='grc' dir='ltr'>τῇ</span> <span class='ocrx_word' id='word_1_293' title='bbox 3596 1370 3691 1440; x_wconf 76' lang='grc' dir='ltr'><strong>νέᾳ</strong></span> 
     </span>
    </p>
   </div>
   <div class='ocr_carea' id='block_1_44' title="bbox 2112 1460 3689 1539">
    <p class='ocr_par' dir='ltr' id='par_1_44' title="bbox 2112 1460 3689 1539">
     <span class='ocr_line' id='line_1_44' title="bbox 2112 1460 3689 1539; baseline -0.004 -18"><span class='ocrx_word' id='word_1_294' title='bbox 2112 1468 2213 1523; x_wconf 83' lang='grc' dir='ltr'><strong>λαύ</strong></span> <span class='ocrx_word' id='word_1_295' title='bbox 2228 1485 2296 1539; x_wconf 81' lang='grc' dir='ltr'>ρᾳ</span> <span class='ocrx_word' id='word_1_296' title='bbox 2328 1467 2424 1520; x_wconf 80' lang='grc' dir='ltr'><strong>τοῦ</strong></span> <span class='ocrx_word' id='word_1_297' title='bbox 2460 1466 2698 1537; x_wconf 83' lang='grc' dir='ltr'>μεγάλου</span> <span class='ocrx_word' id='word_1_298' title='bbox 2722 1465 2873 1519; x_wconf 84' lang='grc' dir='ltr'>Σάϐα</span> <span class='ocrx_word' id='word_1_299' title='bbox 2905 1467 2947 1497; x_wconf 78' lang='grc'>⁶¹</span> <span class='ocrx_word' id='word_1_300' title='bbox 2974 1461 3602 1518; x_wconf 80' lang='grc' dir='ltr'>διαθλοῦσιν.Ἐντεῦθεν</span> <span class='ocrx_word' id='word_1_301' title='bbox 3630 1460 3689 1514; x_wconf 84' lang='grc' dir='ltr'>δὲ</span> 
     </span>
    </p>
   </div>
   <div class='ocr_carea' id='block_1_45' title="bbox 2111 1552 3693 1630">
    <p class='ocr_par' dir='ltr' id='par_1_45' title="bbox 2111 1552 3693 1630">
     <span class='ocr_line' id='line_1_45' title="bbox 2111 1552 3693 1630; baseline -0.008 -15"><span class='ocrx_word' id='word_1_302' title='bbox 2111 1563 2181 1617; x_wconf 89' lang='grc' dir='ltr'><strong>τά</strong></span> <span class='ocrx_word' id='word_1_303' title='bbox 2197 1579 2255 1614; x_wconf 91' lang='grc' dir='ltr'><strong>τε</strong></span> <span class='ocrx_word' id='word_1_304' title='bbox 2276 1561 2372 1630; x_wconf 77' lang='grc' dir='ltr'>τῆς</span> <span class='ocrx_word' id='word_1_305' title='bbox 2386 1558 2717 1627; x_wconf 75' lang='grc' dir='ltr'>Ἀντιοχείας</span> <span class='ocrx_word' id='word_1_306' title='bbox 2740 1558 2979 1627; x_wconf 84' lang='grc' dir='ltr'>κλίματα</span> <span class='ocrx_word' id='word_1_307' title='bbox 2994 1556 3089 1609; x_wconf 78' lang='grc' dir='ltr'><strong>καὶ</strong></span> <span class='ocrx_word' id='word_1_308' title='bbox 3114 1556 3214 1624; x_wconf 82' lang='grc' dir='ltr'><strong>τὴν</strong></span> <span class='ocrx_word' id='word_1_309' title='bbox 3229 1553 3579 1623; x_wconf 83' lang='grc' dir='ltr'>Ἀλεξάνδρου</span> <span class='ocrx_word' id='word_1_310' title='bbox 3599 1552 3693 1606; x_wconf 82' lang='grc' dir='ltr'><strong>καὶ</strong></span> 
     </span>
    </p>
   </div>
   <div class='ocr_carea' id='block_1_46' title="bbox 2113 1644 3692 1725">
    <p class='ocr_par' dir='ltr' id='par_1_46' title="bbox 2113 1644 3692 1725">
     <span class='ocr_line' id='line_1_46' title="bbox 2113 1644 3692 1725; baseline -0.007 -18"><span class='ocrx_word' id='word_1_311' title='bbox 2113 1655 2210 1725; x_wconf 85' lang='grc' dir='ltr'><strong>τὴν</strong></span> <span class='ocrx_word' id='word_1_312' title='bbox 2231 1657 2359 1722; x_wconf 82' lang='grc' dir='ltr'><strong>περὶ</strong></span> <span class='ocrx_word' id='word_1_313' title='bbox 2387 1651 2555 1722; x_wconf 80' lang='grc' dir='ltr'>αὐτὴν</span> <span class='ocrx_word' id='word_1_314' title='bbox 2577 1650 2782 1721; x_wconf 76' lang='grc' dir='ltr'>ἔρημον</span> <span class='ocrx_word' id='word_1_315' title='bbox 2811 1650 2904 1700; x_wconf 78' lang='grc' dir='ltr'><strong>καὶ</strong></span> <span class='ocrx_word' id='word_1_316' title='bbox 2927 1648 3088 1717; x_wconf 82' lang='grc' dir='ltr'>μέχρι</span> <span class='ocrx_word' id='word_1_317' title='bbox 3103 1645 3336 1709; x_wconf 76' lang='grc' dir='ltr'>Ὀάσεως</span> <span class='ocrx_word' id='word_1_318' title='bbox 3354 1648 3398 1677; x_wconf 76' lang='grc'><strong><em>⁸⁸</em></strong></span> <span class='ocrx_word' id='word_1_319' title='bbox 3426 1644 3692 1709; x_wconf 78' lang='grc' dir='ltr'>ἐπελθὼν,</span> 
     </span>
    </p>
   </div>
   <div class='ocr_carea' id='block_1_47' title="bbox 2123 1739 3694 1812">
    <p class='ocr_par' dir='ltr' id='par_1_47' title="bbox 2123 1739 3694 1812">
     <span class='ocr_line' id='line_1_47' title="bbox 2123 1739 3694 1812; baseline -0.007 -11"><span class='ocrx_word' id='word_1_320' title='bbox 2123 1748 2218 1801; x_wconf 76' lang='grc' dir='ltr'><strong>καὶ</strong></span> <span class='ocrx_word' id='word_1_321' title='bbox 2248 1745 2459 1799; x_wconf 84' lang='grc' dir='ltr'>πολλῶν</span> <span class='ocrx_word' id='word_1_322' title='bbox 2496 1743 2591 1797; x_wconf 74' lang='grc' dir='ltr'><strong>καὶ</strong></span> <span class='ocrx_word' id='word_1_323' title='bbox 2631 1742 2883 1812; x_wconf 86' lang='grc' dir='ltr'>μεγάλων</span> <span class='ocrx_word' id='word_1_324' title='bbox 2909 1740 3117 1810; x_wconf 83' lang='grc' dir='ltr'>ἀνδρῶν</span> <span class='ocrx_word' id='word_1_325' title='bbox 3151 1739 3432 1811; x_wconf 82' lang='grc' dir='ltr'>ἀριστείας</span> <span class='ocrx_word' id='word_1_326' title='bbox 3459 1756 3694 1806; x_wconf 85' lang='grc' dir='ltr'>συναγη-</span> 
     </span>
    </p>
   </div>
   <div class='ocr_carea' id='block_1_48' title="bbox 2123 1831 3694 1908">
    <p class='ocr_par' dir='ltr' id='par_1_48' title="bbox 2123 1831 3694 1908">
     <span class='ocr_line' id='line_1_48' title="bbox 2123 1831 3694 1908; baseline -0.005 -18"><span class='ocrx_word' id='word_1_327' title='bbox 2123 1837 2263 1908; x_wconf 87' lang='grc' dir='ltr'>οχὼς</span> <span class='ocrx_word' id='word_1_328' title='bbox 2295 1836 2453 1889; x_wconf 82' lang='grc' dir='ltr'>τοῦτο</span> <span class='ocrx_word' id='word_1_329' title='bbox 2485 1835 2583 1906; x_wconf 83' lang='grc' dir='ltr'><strong>μὲν</strong></span> <span class='ocrx_word' id='word_1_330' title='bbox 2639 1833 2760 1903; x_wconf 68' lang='grc' dir='ltr'>ὄψει</span> <span class='ocrx_word' id='word_1_331' title='bbox 2796 1832 2953 1886; x_wconf 80' lang='grc' dir='ltr'>τοῦτο</span> <span class='ocrx_word' id='word_1_332' title='bbox 2982 1832 3040 1885; x_wconf 82' lang='grc' dir='ltr'>δὲ</span> <span class='ocrx_word' id='word_1_333' title='bbox 3082 1832 3178 1884; x_wconf 72' lang='grc' dir='ltr'>καὶ</span> <span class='ocrx_word' id='word_1_334' title='bbox 3224 1831 3493 1901; x_wconf 76' lang='grc' dir='ltr'>νεαζούσῃ</span> <span class='ocrx_word' id='word_1_335' title='bbox 3534 1832 3694 1899; x_wconf 77' lang='grc' dir='ltr'>ἀκοῇ.</span> 
     </span>
    </p>
   </div>
   <div class='ocr_carea' id='block_1_49' title="bbox 2122 1924 3697 1999">
    <p class='ocr_par' dir='ltr' id='par_1_49' title="bbox 2122 1924 3697 1999">
     <span class='ocr_line' id='line_1_49' title="bbox 2122 1924 3697 1999; baseline -0.006 -17"><span class='ocrx_word' id='word_1_336' title='bbox 2122 1930 2211 1983; x_wconf 78' lang='grc' dir='ltr'>διὰ</span> <span class='ocrx_word' id='word_1_337' title='bbox 2226 1929 2324 1999; x_wconf 84' lang='grc' dir='ltr'><strong>τὴν</strong></span> <span class='ocrx_word' id='word_1_338' title='bbox 2349 1929 2518 1998; x_wconf 80' lang='grc' dir='ltr'>αὐτὴν</span> <span class='ocrx_word' id='word_1_339' title='bbox 2534 1927 2580 1979; x_wconf 84' lang='grc' dir='ltr'>δ’</span> <span class='ocrx_word' id='word_1_340' title='bbox 2614 1926 2793 1980; x_wconf 81' lang='grc' dir='ltr'>αἰτίαν</span> <span class='ocrx_word' id='word_1_341' title='bbox 2822 1925 2913 1978; x_wconf 78' lang='grc' dir='ltr'><strong>καὶ</strong></span> <span class='ocrx_word' id='word_1_342' title='bbox 2934 1925 3131 1994; x_wconf 82' lang='grc' dir='ltr'>νήσους</span> <span class='ocrx_word' id='word_1_343' title='bbox 3180 1924 3605 1994; x_wconf 86' lang='grc' dir='ltr'>ίστορησάμενος</span> <span class='ocrx_word' id='word_1_344' title='bbox 3637 1924 3697 1973; x_wconf 80' lang='grc' dir='ltr'>ὲν</span> 
     </span>
    </p>
   </div>
   <div class='ocr_carea' id='block_1_50' title="bbox 2122 2015 3701 2094">
    <p class='ocr_par' dir='ltr' id='par_1_50' title="bbox 2122 2015 3701 2094">
     <span class='ocr_line' id='line_1_50' title="bbox 2122 2015 3701 2094; baseline -0.006 -19"><span class='ocrx_word' id='word_1_345' title='bbox 2122 2024 2200 2093; x_wconf 85' lang='grc' dir='ltr'>τῷ</span> <span class='ocrx_word' id='word_1_346' title='bbox 2232 2023 2368 2094; x_wconf 82' lang='grc' dir='ltr'>πρὸς</span> <span class='ocrx_word' id='word_1_347' title='bbox 2401 2021 2500 2093; x_wconf 80' lang='grc' dir='ltr'>τὴν</span> <span class='ocrx_word' id='word_1_348' title='bbox 2532 2021 2753 2091; x_wconf 80' lang='grc' dir='ltr'>Ῥώμην</span> <span class='ocrx_word' id='word_1_349' title='bbox 2775 2018 3003 2089; x_wconf 79' lang='grc' dir='ltr'>διάπλῳ,</span> <span class='ocrx_word' id='word_1_350' title='bbox 3041 2017 3219 2071; x_wconf 79' lang='grc' dir='ltr'>εκεῖσέ</span> <span class='ocrx_word' id='word_1_351' title='bbox 3258 2033 3317 2069; x_wconf 86' lang='grc' dir='ltr'><strong>τε</strong></span> <span class='ocrx_word' id='word_1_352' title='bbox 3338 2017 3384 2049; x_wconf 75' lang='grc'>⁸³</span> <span class='ocrx_word' id='word_1_353' title='bbox 3412 2015 3481 2067; x_wconf 83' lang='grc' dir='ltr'>τὰ</span> <span class='ocrx_word' id='word_1_354' title='bbox 3518 2031 3701 2084; x_wconf 77' lang='grc' dir='ltr'>παρασο</span> 
     </span>
    </p>
   </div>
   <div class='ocr_carea' id='block_1_51' title="bbox 2124 2105 3697 2183">
    <p class='ocr_par' dir='ltr' id='par_1_51' title="bbox 2124 2105 3697 2183">
     <span class='ocr_line' id='line_1_51' title="bbox 2124 2105 3697 2183; baseline -0.004 -17"><span class='ocrx_word' id='word_1_355' title='bbox 2124 2114 2329 2183; x_wconf 88' lang='grc' dir='ltr'>πλήσια</span> <span class='ocrx_word' id='word_1_356' title='bbox 2350 2111 2842 2183; x_wconf 84' lang='grc' dir='ltr'>διερευνησάμενος</span> <span class='ocrx_word' id='word_1_357' title='bbox 2874 2109 2970 2162; x_wconf 75' lang='grc' dir='ltr'>καὶ</span> <span class='ocrx_word' id='word_1_358' title='bbox 3035 2106 3244 2177; x_wconf 84' lang='grc' dir='ltr'>μαθὼν,</span> <span class='ocrx_word' id='word_1_359' title='bbox 3280 2107 3341 2160; x_wconf 81' lang='grc' dir='ltr'><strong>τὸ</strong></span> <span class='ocrx_word' id='word_1_360' title='bbox 3368 2107 3542 2177; x_wconf 82' lang='grc' dir='ltr'>παρὸν</span> <span class='ocrx_word' id='word_1_361' title='bbox 3568 2105 3697 2160; x_wconf 80' lang='grc' dir='ltr'>σύν-</span> 
     </span>
    </p>
   </div>
   <div class='ocr_carea' id='block_1_52' title="bbox 2122 2201 3700 2276">
    <p class='ocr_par' dir='ltr' id='par_1_52' title="bbox 2122 2201 3700 2276">
     <span class='ocr_line' id='line_1_52' title="bbox 2122 2201 3700 2276; baseline -0.004 -17"><span class='ocrx_word' id='word_1_362' title='bbox 2122 2223 2309 2274; x_wconf 89' lang='grc' dir='ltr'>ταγμα</span> <span class='ocrx_word' id='word_1_363' title='bbox 2333 2207 2554 2276; x_wconf 72' lang='grc' dir='ltr'>γράφει,</span> <span class='ocrx_word' id='word_1_364' title='bbox 2586 2205 2679 2256; x_wconf 76' lang='grc' dir='ltr'>καὶ</span> <span class='ocrx_word' id='word_1_365' title='bbox 2703 2204 3016 2273; x_wconf 79' lang='grc' dir='ltr'>προσφωνεῖ</span> <span class='ocrx_word' id='word_1_366' title='bbox 3045 2201 3339 2271; x_wconf 71' lang='grc' dir='ltr'>Σωφρονίῳ</span> <span class='ocrx_word' id='word_1_367' title='bbox 3369 2201 3401 2271; x_wconf 80' lang='grc' dir='ltr'>ἢ</span> <span class='ocrx_word' id='word_1_368' title='bbox 3439 2201 3700 2271; x_wconf 80' lang='grc' dir='ltr'>Σωφρονᾷ</span> 
     </span>
    </p>
   </div>
   <div class='ocr_carea' id='block_1_53' title="bbox 2122 2290 3701 2368">
    <p class='ocr_par' dir='ltr' id='par_1_53' title="bbox 2122 2290 3701 2368">
     <span class='ocr_line' id='line_1_53' title="bbox 2122 2290 3701 2368; baseline -0.005 -17"><span class='ocrx_word' id='word_1_369' title='bbox 2122 2298 2199 2368; x_wconf 80' lang='grc' dir='ltr'>τῷ</span> <span class='ocrx_word' id='word_1_370' title='bbox 2221 2300 2405 2365; x_wconf 77' lang='grc' dir='ltr'>οἰκείῳ</span> <span class='ocrx_word' id='word_1_371' title='bbox 2441 2295 2656 2367; x_wconf 80' lang='grc' dir='ltr'>μαθητῇ</span> <span class='ocrx_word' id='word_1_372' title='bbox 2684 2295 2778 2348; x_wconf 70' lang='grc' dir='ltr'><strong>καλ⁵</strong></span> <span class='ocrx_word' id='word_1_373' title='bbox 2810 2292 3129 2364; x_wconf 52' lang='grc' dir='ltr'>ἐγχειρίζειν,</span> <span class='ocrx_word' id='word_1_374' title='bbox 3161 2291 3310 2362; x_wconf 82' lang='grc' dir='ltr'>αὑτῷ</span> <span class='ocrx_word' id='word_1_375' title='bbox 3337 2292 3511 2362; x_wconf 81' lang='grc' dir='ltr'>τούτῳ</span> <span class='ocrx_word' id='word_1_376' title='bbox 3528 2292 3574 2323; x_wconf 65' lang='grc'>⁸⁸</span> <span class='ocrx_word' id='word_1_377' title='bbox 3600 2290 3701 2361; x_wconf 75' lang='grc' dir='ltr'>τὴν</span> 
     </span>
    </p>
   </div>
   <div class='ocr_carea' id='block_1_54' title="bbox 2122 2383 3699 2457">
    <p class='ocr_par' dir='ltr' id='par_1_54' title="bbox 2122 2383 3699 2457">
     <span class='ocr_line' id='line_1_54' title="bbox 2122 2383 3699 2457; baseline -0.003 -17"><span class='ocrx_word' id='word_1_378' title='bbox 2122 2386 2217 2440; x_wconf 75' lang='grc' dir='ltr'>τοῦ</span> <span class='ocrx_word' id='word_1_379' title='bbox 2249 2387 2363 2457; x_wconf 83' lang='grc' dir='ltr'>βίου</span> <span class='ocrx_word' id='word_1_380' title='bbox 2404 2386 2700 2455; x_wconf 81' lang='grc' dir='ltr'>μέλλουσαν</span> <span class='ocrx_word' id='word_1_381' title='bbox 2758 2384 3085 2455; x_wconf 73' lang='grc' dir='ltr'>ἐφίστασθαι</span> <span class='ocrx_word' id='word_1_382' title='bbox 3145 2383 3285 2455; x_wconf 82' lang='grc' dir='ltr'>πρὸς</span> <span class='ocrx_word' id='word_1_383' title='bbox 3337 2383 3405 2437; x_wconf 76' lang='grc' dir='ltr'>τὰ</span> <span class='ocrx_word' id='word_1_384' title='bbox 3440 2383 3699 2454; x_wconf 85' lang='grc' dir='ltr'>ἀμείνονα</span> 
     </span>
    </p>
   </div>
   <div class='ocr_carea' id='block_1_55' title="bbox 2127 2476 2908 2550">
    <p class='ocr_par' dir='ltr' id='par_1_55' title="bbox 2127 2476 2908 2550">
     <span class='ocr_line' id='line_1_55' title="bbox 2127 2476 2908 2550; baseline -0.001 -18"><span class='ocrx_word' id='word_1_385' title='bbox 2127 2478 2560 2550; x_wconf 88' lang='grc' dir='ltr'>προτεθεαμένος</span> <span class='ocrx_word' id='word_1_386' title='bbox 2582 2476 2908 2547; x_wconf 88' lang='grc' dir='ltr'>μεταϐολήν.</span> 
     </span>
    </p>
   </div>
   <div class='ocr_carea' id='block_1_56' title="bbox 2205 2565 3700 2639">
    <p class='ocr_par' dir='ltr' id='par_1_56' title="bbox 2205 2565 3700 2639">
     <span class='ocr_line' id='line_1_56' title="bbox 2205 2565 3700 2639; baseline -0.005 -14"><span class='ocrx_word' id='word_1_387' title='bbox 2205 2572 2270 2624; x_wconf 89' lang='grc' dir='ltr'>Ἡ</span> <span class='ocrx_word' id='word_1_388' title='bbox 2302 2572 2359 2625; x_wconf 84' lang='grc' dir='ltr'>δὲ</span> <span class='ocrx_word' id='word_1_389' title='bbox 2383 2569 2476 2623; x_wconf 81' lang='grc' dir='ltr'>τοῦ</span> <span class='ocrx_word' id='word_1_390' title='bbox 2505 2571 2665 2639; x_wconf 87' lang='grc' dir='ltr'>λόγου</span> <span class='ocrx_word' id='word_1_391' title='bbox 2701 2567 2969 2639; x_wconf 81' lang='grc' dir='ltr'>ἑρμηνεία</span> <span class='ocrx_word' id='word_1_392' title='bbox 2995 2568 3076 2630; x_wconf 85' lang='grc' dir='ltr'><strong>είς</strong></span> <span class='ocrx_word' id='word_1_393' title='bbox 3114 2568 3176 2619; x_wconf 78' lang='grc' dir='ltr'><strong>τὸ</strong></span> <span class='ocrx_word' id='word_1_394' title='bbox 3198 2566 3578 2637; x_wconf 85' lang='grc' dir='ltr'>ταπεινότερον</span> <span class='ocrx_word' id='word_1_395' title='bbox 3608 2565 3700 2618; x_wconf 75' lang='grc' dir='ltr'>τοῦ</span> 
     </span>
    </p>
   </div>
   <div class='ocr_carea' id='block_1_57' title="bbox 2124 2658 3707 2736">
    <p class='ocr_par' dir='ltr' id='par_1_57' title="bbox 2124 2658 3707 2736">
     <span class='ocr_line' id='line_1_57' title="bbox 2124 2658 3707 2736; baseline -0.004 -18"><span class='ocrx_word' id='word_1_396' title='bbox 2124 2664 2394 2736; x_wconf 81' lang='grc' dir='ltr'>προτέρου</span> <span class='ocrx_word' id='word_1_397' title='bbox 2452 2663 2544 2716; x_wconf 78' lang='grc' dir='ltr'><strong>καὶ</strong></span> <span class='ocrx_word' id='word_1_398' title='bbox 2592 2661 2965 2731; x_wconf 85' lang='grc' dir='ltr'>ἀμαθέστερον</span> <span class='ocrx_word' id='word_1_399' title='bbox 3023 2658 3324 2714; x_wconf 87' lang='grc' dir='ltr'>ἀποκλίνει.</span> <span class='ocrx_word' id='word_1_400' title='bbox 3353 2660 3463 2712; x_wconf 70' lang='grc' dir='ltr'>Καὶ</span> <span class='ocrx_word' id='word_1_401' title='bbox 3506 2660 3573 2712; x_wconf 76' lang='grc' dir='ltr'>τὰ</span> <span class='ocrx_word' id='word_1_402' title='bbox 3626 2659 3707 2711; x_wconf 79' lang='grc' dir='ltr'>δι-</span> 
     </span>
    </p>
   </div>
   <div class='ocr_carea' id='block_1_58' title="bbox 2132 2752 3703 2830">
    <p class='ocr_par' dir='ltr' id='par_1_58' title="bbox 2132 2752 3703 2830">
     <span class='ocr_line' id='line_1_58' title="bbox 2132 2752 3703 2830; baseline -0.005 -19"><span class='ocrx_word' id='word_1_403' title='bbox 2132 2759 2242 2830; x_wconf 85' lang='grc' dir='ltr'>ηγή</span> <span class='ocrx_word' id='word_1_404' title='bbox 2253 2775 2397 2828; x_wconf 81' lang='grc' dir='ltr'>ματα</span> <span class='ocrx_word' id='word_1_405' title='bbox 2422 2756 2477 2808; x_wconf 80' lang='grc' dir='ltr'><strong>δὲ</strong></span> <span class='ocrx_word' id='word_1_406' title='bbox 2496 2756 2616 2825; x_wconf 75' lang='grc' dir='ltr'>οὐχὶ</span> <span class='ocrx_word' id='word_1_407' title='bbox 2641 2755 2732 2807; x_wconf 85' lang='grc' dir='ltr'><strong>τὸν</strong></span> <span class='ocrx_word' id='word_1_408' title='bbox 2757 2753 2868 2807; x_wconf 79' lang='grc' dir='ltr'>ἴσον</span> <span class='ocrx_word' id='word_1_409' title='bbox 2901 2752 3131 2823; x_wconf 83' lang='grc' dir='ltr'>ἀριθμὸν</span> <span class='ocrx_word' id='word_1_410' title='bbox 3153 2753 3210 2805; x_wconf 78' lang='grc' dir='ltr'>ὲν</span> <span class='ocrx_word' id='word_1_411' title='bbox 3246 2753 3412 2820; x_wconf 70' lang='grc' dir='ltr'>πᾶσιν</span> <span class='ocrx_word' id='word_1_412' title='bbox 3450 2752 3703 2822; x_wconf 78' lang='grc' dir='ltr'>εὑρήσεις</span> 
     </span>
    </p>
   </div>
   <div class='ocr_carea' id='block_1_59' title="bbox 2122 2845 3704 2918">
    <p class='ocr_par' dir='ltr' id='par_1_59' title="bbox 2122 2845 3704 2918">
     <span class='ocr_line' id='line_1_59' title="bbox 2122 2845 3704 2918; baseline -0.004 -14"><span class='ocrx_word' id='word_1_413' title='bbox 2122 2854 2234 2913; x_wconf 86' lang='grc' dir='ltr'>τοῖς</span> <span class='ocrx_word' id='word_1_414' title='bbox 2265 2849 2489 2918; x_wconf 89' lang='grc' dir='ltr'>βιϐλίοις</span> <span class='ocrx_word' id='word_1_415' title='bbox 2539 2845 2972 2916; x_wconf 81' lang='grc' dir='ltr'>διασεσωσμένα,</span> <span class='ocrx_word' id='word_1_416' title='bbox 3010 2845 3126 2899; x_wconf 88' lang='grc' dir='ltr'>ἀλλ’</span> <span class='ocrx_word' id='word_1_417' title='bbox 3156 2846 3214 2898; x_wconf 78' lang='grc' dir='ltr'>ἐν</span> <span class='ocrx_word' id='word_1_418' title='bbox 3243 2863 3353 2898; x_wconf 88' lang='grc' dir='ltr'>τισι</span> <span class='ocrx_word' id='word_1_419' title='bbox 3412 2845 3507 2897; x_wconf 76' lang='grc' dir='ltr'>καὶ</span> <span class='ocrx_word' id='word_1_420' title='bbox 3551 2849 3630 2910; x_wconf 79' lang='grc' dir='ltr'>εἰς</span> <span class='ocrx_word' id='word_1_421' title='bbox 3660 2846 3704 2915; x_wconf 84' lang='grc' dir='ltr'>β’</span> 
     </span>
    </p>
   </div>
   <div class='ocr_carea' id='block_1_60' title="bbox 2123 2937 3705 3013">
    <p class='ocr_par' dir='ltr' id='par_1_60' title="bbox 2123 2937 3705 3013">
     <span class='ocr_line' id='line_1_60' title="bbox 2123 2937 3705 3013; baseline -0.004 -17"><span class='ocrx_word' id='word_1_422' title='bbox 2123 2947 2217 2997; x_wconf 77' lang='grc' dir='ltr'><strong>καὶ</strong></span> <span class='ocrx_word' id='word_1_423' title='bbox 2260 2941 2311 3013; x_wconf 86' lang='grc' dir='ltr'>μ’</span> <span class='ocrx_word' id='word_1_424' title='bbox 2342 2944 2434 2996; x_wconf 73' lang='grc' dir='ltr'>καὶ</span> <span class='ocrx_word' id='word_1_425' title='bbox 2460 2948 2506 2995; x_wconf 87' lang='grc' dir='ltr'>τ’</span> <span class='ocrx_word' id='word_1_426' title='bbox 2532 2941 2576 2973; x_wconf 79' lang='grc'><strong>⁸⁸</strong></span> <span class='ocrx_word' id='word_1_427' title='bbox 2595 2939 2970 3011; x_wconf 85' lang='grc' dir='ltr'>διηπλωμένα,</span> <span class='ocrx_word' id='word_1_428' title='bbox 3002 2937 3163 2990; x_wconf 79' lang='grc' dir='ltr'>τοῦτο</span> <span class='ocrx_word' id='word_1_429' title='bbox 3209 2939 3307 3006; x_wconf 83' lang='grc' dir='ltr'><strong>μὲν</strong></span> <span class='ocrx_word' id='word_1_430' title='bbox 3340 2937 3503 2989; x_wconf 83' lang='grc' dir='ltr'>ἐνίων</span> <span class='ocrx_word' id='word_1_431' title='bbox 3532 2955 3705 3006; x_wconf 79' lang='grc' dir='ltr'>κεφα-</span> 
     </span>
    </p>
   </div>
   <div class='ocr_carea' id='block_1_61' title="bbox 449 3019 2018 3119">
    <p class='ocr_par' dir='ltr' id='par_1_61' title="bbox 449 3019 2017 3089">
     <span class='ocr_line' id='line_1_61' title="bbox 449 3019 2017 3089; baseline 0.004 -16"><span class='ocrx_word' id='word_1_432' title='bbox 449 3032 574 3073; x_wconf 86' lang='lat' dir='ltr'><strong>sese</strong></span> <span class='ocrx_word' id='word_1_433' title='bbox 619 3019 934 3087; x_wconf 81' lang='lat' dir='ltr'><strong>extendant,</strong></span> <span class='ocrx_word' id='word_1_434' title='bbox 969 3021 1128 3089; x_wconf 88' lang='lat' dir='ltr'><strong>idque</strong></span> <span class='ocrx_word' id='word_1_435' title='bbox 1170 3019 1253 3074; x_wconf 90' lang='lat' dir='ltr'><strong>vel</strong></span> <span class='ocrx_word' id='word_1_436' title='bbox 1283 3034 1349 3074; x_wconf 79' lang='lat' dir='ltr'><strong>ex</strong></span> <span class='ocrx_word' id='word_1_437' title='bbox 1377 3020 1612 3087; x_wconf 86' lang='lat' dir='ltr'><strong>capitum</strong></span> <span class='ocrx_word' id='word_1_438' title='bbox 1660 3024 2017 3089; x_wconf 91' lang='lat' dir='ltr'><strong>quorumdam</strong></span> 
     </span>
    </p>
   </div>
   <div class='ocr_carea' id='block_1_62' title="bbox 2125 3019 3707 3119">
    <p class='ocr_par' dir='ltr' id='par_1_62' title="bbox 2125 3026 3707 3101">
     <span class='ocr_line' id='line_1_62' title="bbox 2125 3026 3707 3101; baseline -0.004 -14"><span class='ocrx_word' id='word_1_439' title='bbox 2125 3034 2292 3087; x_wconf 82' lang='grc' dir='ltr'>λαίων</span> <span class='ocrx_word' id='word_1_440' title='bbox 2322 3032 2684 3101; x_wconf 84' lang='grc' dir='ltr'>ὲπιδιαιρὲσει</span> <span class='ocrx_word' id='word_1_441' title='bbox 2702 3030 2797 3083; x_wconf 78' lang='grc' dir='ltr'>τοῦ</span> <span class='ocrx_word' id='word_1_442' title='bbox 2824 3026 3062 3100; x_wconf 84' lang='grc' dir='ltr'>ἀριθμοῦ</span> <span class='ocrx_word' id='word_1_443' title='bbox 3096 3027 3521 3098; x_wconf 79' lang='grc' dir='ltr'>συναυξομένου,</span> <span class='ocrx_word' id='word_1_444' title='bbox 3548 3026 3707 3080; x_wconf 81' lang='grc' dir='ltr'>τοῦτο</span> 
     </span>
    </p>
   </div>
   <div class='ocr_carea' id='block_1_63' title="bbox 450 3109 2018 3177">
    <p class='ocr_par' dir='ltr' id='par_1_63' title="bbox 450 3109 2018 3177">
     <span class='ocr_line' id='line_1_63' title="bbox 450 3109 2018 3177; baseline 0.002 -13"><span class='ocrx_word' id='word_1_445' title='bbox 450 3111 738 3173; x_wconf 83' lang='lat' dir='ltr'><strong>divisione,</strong></span> <span class='ocrx_word' id='word_1_446' title='bbox 772 3112 855 3165; x_wconf 87' lang='lat' dir='ltr'><strong>vel</strong></span> <span class='ocrx_word' id='word_1_447' title='bbox 891 3121 1038 3167; x_wconf 87' lang='lat' dir='ltr'><strong>certe</strong></span> <span class='ocrx_word' id='word_1_448' title='bbox 1064 3112 1292 3166; x_wconf 87' lang='lat' dir='ltr'><strong>aliorum</strong></span> <span class='ocrx_word' id='word_1_449' title='bbox 1344 3109 1745 3177; x_wconf 72' lang='lat' dir='ltr'><strong>interiectione,</strong></span> <span class='ocrx_word' id='word_1_450' title='bbox 1784 3115 2018 3172; x_wconf 76' lang='lat' dir='ltr'><strong>adaucta</strong></span> 
     </span>
    </p>
   </div>
   <div class='ocr_carea' id='block_1_64' title="bbox 452 3203 2024 3278">
    <p class='ocr_par' dir='ltr' id='par_1_64' title="bbox 452 3203 2024 3278">
     <span class='ocr_line' id='line_1_64' title="bbox 452 3203 2024 3278; baseline 0.005 -21"><span class='ocrx_word' id='word_1_451' title='bbox 452 3218 698 3259; x_wconf 87' lang='lat' dir='ltr'><strong>numero.</strong></span> <span class='ocrx_word' id='word_1_452' title='bbox 728 3204 995 3259; x_wconf 62' lang='lat' dir='ltr'><strong>Craterum</strong></span> <span class='ocrx_word' id='word_1_453' title='bbox 1030 3220 1097 3259; x_wconf 83' lang='lat' dir='ltr'><strong>ex</strong></span> <span class='ocrx_word' id='word_1_454' title='bbox 1131 3205 1216 3259; x_wconf 87' lang='lat' dir='ltr'><strong>his</strong></span> <span class='ocrx_word' id='word_1_455' title='bbox 1244 3205 1512 3259; x_wconf 72' lang='lat' dir='ltr'><strong>omnibus</strong></span> <span class='ocrx_word' id='word_1_456' title='bbox 1536 3203 1833 3263; x_wconf 88' lang='lat' dir='ltr'><strong>industrius</strong></span> <span class='ocrx_word' id='word_1_457' title='bbox 1873 3211 2024 3278; x_wconf 89' lang='lat' dir='ltr'><strong>quis-</strong></span> 
     </span>
    </p>
   </div>
   <div class='ocr_carea' id='block_1_65' title="bbox 451 3295 2021 3374">
    <p class='ocr_par' dir='ltr' id='par_1_65' title="bbox 451 3295 2021 3374">
     <span class='ocr_line' id='line_1_65' title="bbox 451 3295 2021 3374; baseline 0.006 -25"><span class='ocrx_word' id='word_1_458' title='bbox 451 3309 560 3365; x_wconf 90' lang='lat' dir='ltr'><strong>que</strong></span> <span class='ocrx_word' id='word_1_459' title='bbox 613 3304 669 3351; x_wconf 91' lang='lat' dir='ltr'><strong>et</strong></span> <span class='ocrx_word' id='word_1_460' title='bbox 728 3296 825 3351; x_wconf 90' lang='lat' dir='ltr'><strong>Dei</strong></span> <span class='ocrx_word' id='word_1_461' title='bbox 871 3312 1101 3362; x_wconf 85' lang='lat' dir='ltr'><strong>amans,</strong></span> <span class='ocrx_word' id='word_1_462' title='bbox 1136 3295 1381 3351; x_wconf 67' lang='lat' dir='ltr'><strong>fsuctum</strong></span> <span class='ocrx_word' id='word_1_463' title='bbox 1432 3300 1697 3366; x_wconf 87' lang='lat' dir='ltr'><strong>capiens,</strong></span> <span class='ocrx_word' id='word_1_464' title='bbox 1744 3317 2021 3374; x_wconf 90' lang='lat' dir='ltr'><strong>nunquam</strong></span> 
     </span>
    </p>
   </div>
   <div class='ocr_carea' id='block_1_66' title="bbox 452 3387 1812 3460">
    <p class='ocr_par' dir='ltr' id='par_1_66' title="bbox 452 3387 1812 3460">
     <span class='ocr_line' id='line_1_66' title="bbox 452 3387 1812 3460; baseline 0.005 -18"><span class='ocrx_word' id='word_1_465' title='bbox 452 3387 614 3458; x_wconf 89' lang='lat' dir='ltr'><strong>hujus</strong></span> <span class='ocrx_word' id='word_1_466' title='bbox 642 3388 831 3459; x_wconf 90' lang='lat' dir='ltr'><strong>scripti</strong></span> <span class='ocrx_word' id='word_1_467' title='bbox 860 3388 1085 3444; x_wconf 88' lang='lat' dir='ltr'><strong>nimiam</strong></span> <span class='ocrx_word' id='word_1_468' title='bbox 1116 3390 1487 3460; x_wconf 78' lang='lat' dir='ltr'><strong>proliititatem</strong></span> <span class='ocrx_word' id='word_1_469' title='bbox 1515 3394 1812 3449; x_wconf 85' lang='lat' dir='ltr'><strong>accusarit.</strong></span> 
     </span>
    </p>
   </div>
   <div class='ocr_carea' id='block_1_67' title="bbox 1187 3480 1294 3538">
    <p class='ocr_par' dir='ltr' id='par_1_67' title="bbox 1187 3480 1294 3538">
     <span class='ocr_line' id='line_1_67' title="bbox 1187 3480 1294 3538; baseline 0.019 -2"><span class='ocrx_word' id='word_1_470' title='bbox 1187 3480 1294 3538; x_wconf 84' lang='lat' dir='ltr'><strong>CC.</strong></span> 
     </span>
    </p>
   </div>
   <div class='ocr_carea' id='block_1_68' title="bbox 454 3569 2025 3643">
    <p class='ocr_par' dir='ltr' id='par_1_68' title="bbox 454 3569 2025 3643">
     <span class='ocr_line' id='line_1_68' title="bbox 454 3569 2025 3643; baseline 0.006 -17"><span class='ocrx_word' id='word_1_471' title='bbox 454 3569 628 3626; x_wconf 74' lang='lat' dir='ltr'><strong>Marci</strong></span> <span class='ocrx_word' id='word_1_472' title='bbox 663 3571 901 3627; x_wconf 84' lang='lat' dir='ltr'><strong>monachi</strong></span> <span class='ocrx_word' id='word_1_473' title='bbox 938 3576 1301 3628; x_wconf 77' lang='lat' dir='ltr'><strong>Asceticorum</strong></span> <span class='ocrx_word' id='word_1_474' title='bbox 1346 3575 1467 3629; x_wconf 83' lang='lat' dir='ltr'><strong>libri</strong></span> <span class='ocrx_word' id='word_1_475' title='bbox 1510 3593 1629 3643; x_wconf 89' lang='lat' dir='ltr'><strong>vm,</strong></span> <span class='ocrx_word' id='word_1_476' title='bbox 1666 3588 1717 3634; x_wconf 85' lang='lat' dir='ltr'><strong>et</strong></span> <span class='ocrx_word' id='word_1_477' title='bbox 1764 3580 2025 3636; x_wconf 75' lang='lat' dir='ltr'><strong>Adversus</strong></span> 
     </span>
    </p>
   </div>
   <div class='ocr_carea' id='block_1_69' title="bbox 897 3643 1592 3704">
    <p class='ocr_par' dir='ltr' id='par_1_69' title="bbox 897 3643 1592 3704">
     <span class='ocr_line' id='line_1_69' title="bbox 897 3643 1592 3704; baseline 0.01 -7"><span class='ocrx_word' id='word_1_478' title='bbox 897 3643 1346 3699; x_wconf 78' lang='lat' dir='ltr'><strong>Melcltisedect&#39;tas</strong></span> <span class='ocrx_word' id='word_1_479' title='bbox 1397 3646 1528 3701; x_wconf 83' lang='lat' dir='ltr'><strong>liber</strong></span> <span class='ocrx_word' id='word_1_480' title='bbox 1553 3665 1592 3704; x_wconf 86' lang='lat' dir='ltr'><strong>l.</strong></span> 
     </span>
    </p>
   </div>
   <div class='ocr_carea' id='block_1_70' title="bbox 523 3732 2026 3816">
    <p class='ocr_par' dir='ltr' id='par_1_70' title="bbox 523 3732 2026 3816">
     <span class='ocr_line' id='line_1_70' title="bbox 523 3732 2026 3816; baseline 0.009 -29"><span class='ocrx_word' id='word_1_481' title='bbox 523 3732 868 3803; x_wconf 84' lang='lat' dir='ltr'><strong>Legebantur</strong></span> <span class='ocrx_word' id='word_1_482' title='bbox 886 3734 1053 3790; x_wconf 81' lang='lat' dir='ltr'><strong>Marci</strong></span> <span class='ocrx_word' id='word_1_483' title='bbox 1089 3737 1337 3791; x_wconf 92' lang='lat' dir='ltr'><strong>monachi</strong></span> <span class='ocrx_word' id='word_1_484' title='bbox 1371 3739 1495 3793; x_wconf 90' lang='lat' dir='ltr'><strong>libri</strong></span> <span class='ocrx_word' id='word_1_485' title='bbox 1524 3750 1649 3796; x_wconf 91' lang='lat' dir='ltr'><strong>octo</strong></span> <span class='ocrx_word' id='word_1_486' title='bbox 1686 3742 1799 3810; x_wconf 80' lang='lat'><strong>(86)</strong></span> <span class='ocrx_word' id='word_1_487' title='bbox 1838 3761 1850 3797; x_wconf 89' lang='lat'><strong>:</strong></span> <span class='ocrx_word' id='word_1_488' title='bbox 1888 3759 2026 3816; x_wconf 91' lang='lat' dir='ltr'><strong>quo-</strong></span> 
     </span>
    </p>
   </div>
   <div class='ocr_carea' id='block_1_71' title="bbox 456 3828 2027 3904">
    <p class='ocr_par' dir='ltr' id='par_1_71' title="bbox 456 3828 2027 3904">
     <span class='ocr_line' id='line_1_71' title="bbox 456 3828 2027 3904; baseline 0.004 -21"><span class='ocrx_word' id='word_1_489' title='bbox 456 3845 578 3884; x_wconf 90' lang='lat' dir='ltr'><strong>rum</strong></span> <span class='ocrx_word' id='word_1_490' title='bbox 608 3830 814 3899; x_wconf 86' lang='lat' dir='ltr'><strong>primus</strong></span> <span class='ocrx_word' id='word_1_491' title='bbox 853 3829 1068 3883; x_wconf 88' lang='lat' dir='ltr'><strong>titulum</strong></span> <span class='ocrx_word' id='word_1_492' title='bbox 1106 3828 1324 3899; x_wconf 83' lang='lat' dir='ltr'><strong>praefert</strong></span> <span class='ocrx_word' id='word_1_493' title='bbox 1357 3830 1433 3885; x_wconf 88' lang='lat' dir='ltr'><strong>De</strong></span> <span class='ocrx_word' id='word_1_494' title='bbox 1463 3832 1579 3903; x_wconf 89' lang='lat' dir='ltr'><strong>lege</strong></span> <span class='ocrx_word' id='word_1_495' title='bbox 1629 3835 1884 3904; x_wconf 88' lang='lat' dir='ltr'><strong>spiritali,</strong></span> <span class='ocrx_word' id='word_1_496' title='bbox 1920 3838 2027 3891; x_wconf 91' lang='lat' dir='ltr'><strong>uti-</strong></span> 
     </span>
    </p>
   </div>
   <div class='ocr_carea' id='block_1_72' title="bbox 459 3922 2030 3999">
    <p class='ocr_par' dir='ltr' id='par_1_72' title="bbox 459 3922 2030 3999">
     <span class='ocr_line' id='line_1_72' title="bbox 459 3922 2030 3999; baseline 0.006 -24"><span class='ocrx_word' id='word_1_497' title='bbox 459 3923 634 3992; x_wconf 89' lang='lat' dir='ltr'><strong>lisque</strong></span> <span class='ocrx_word' id='word_1_498' title='bbox 668 3922 882 3977; x_wconf 82' lang='lat' dir='ltr'><strong>exsistit</strong></span> <span class='ocrx_word' id='word_1_499' title='bbox 930 3922 996 3977; x_wconf 92' lang='lat' dir='ltr'><strong>iis</strong></span> <span class='ocrx_word' id='word_1_500' title='bbox 1030 3922 1122 3992; x_wconf 89' lang='lat' dir='ltr'><strong>qui</strong></span> <span class='ocrx_word' id='word_1_501' title='bbox 1182 3923 1494 3993; x_wconf 81' lang='lat' dir='ltr'><strong>religiosam</strong></span> <span class='ocrx_word' id='word_1_502' title='bbox 1541 3941 1705 3996; x_wconf 82' lang='lat' dir='ltr'><strong>agere</strong></span> <span class='ocrx_word' id='word_1_503' title='bbox 1734 3928 1899 3983; x_wconf 91' lang='lat' dir='ltr'><strong>vitam</strong></span> <span class='ocrx_word' id='word_1_504' title='bbox 1932 3944 2030 3999; x_wconf 90' lang='lat' dir='ltr'><strong>ag-</strong></span> 
     </span>
    </p>
   </div>
   <div class='ocr_carea' id='block_1_73' title="bbox 456 4015 2029 4090">
    <p class='ocr_par' dir='ltr' id='par_1_73' title="bbox 456 4015 2029 4090">
     <span class='ocr_line' id='line_1_73' title="bbox 456 4015 2029 4090; baseline 0.006 -22"><span class='ocrx_word' id='word_1_505' title='bbox 456 4015 629 4085; x_wconf 79' lang='lat' dir='ltr'><strong>gressi</strong></span> <span class='ocrx_word' id='word_1_506' title='bbox 661 4023 809 4081; x_wconf 89' lang='lat' dir='ltr'><strong>sunt,</strong></span> <span class='ocrx_word' id='word_1_507' title='bbox 845 4016 1298 4084; x_wconf 80' lang='lat' dir='ltr'><strong>quemadmodum</strong></span> <span class='ocrx_word' id='word_1_508' title='bbox 1325 4023 1380 4071; x_wconf 85' lang='lat' dir='ltr'><strong>et</strong></span> <span class='ocrx_word' id='word_1_509' title='bbox 1411 4032 1653 4087; x_wconf 88' lang='lat' dir='ltr'><strong>sequens</strong></span> <span class='ocrx_word' id='word_1_510' title='bbox 1684 4034 1779 4075; x_wconf 91' lang='lat' dir='ltr'><strong>eos</strong></span> <span class='ocrx_word' id='word_1_511' title='bbox 1846 4022 1937 4090; x_wconf 88' lang='lat' dir='ltr'><strong>qui</strong></span> <span class='ocrx_word' id='word_1_512' title='bbox 1961 4036 2029 4077; x_wconf 82' lang='lat' dir='ltr'><strong>ex</strong></span> 
     </span>
    </p>
   </div>
   <div class='ocr_carea' id='block_1_74' title="bbox 456 4107 2032 4178">
    <p class='ocr_par' dir='ltr' id='par_1_74' title="bbox 456 4107 2032 4178">
     <span class='ocr_line' id='line_1_74' title="bbox 456 4107 2032 4178; baseline 0.006 -17"><span class='ocrx_word' id='word_1_513' title='bbox 456 4107 713 4176; x_wconf 82' lang='lat' dir='ltr'><strong>operibus</strong></span> <span class='ocrx_word' id='word_1_514' title='bbox 762 4108 1051 4178; x_wconf 83' lang='lat' dir='ltr'><strong>justiﬂcari</strong></span> <span class='ocrx_word' id='word_1_515' title='bbox 1089 4123 1147 4164; x_wconf 86' lang='lat' dir='ltr'><strong>se</strong></span> <span class='ocrx_word' id='word_1_516' title='bbox 1188 4118 1400 4178; x_wconf 87' lang='lat' dir='ltr'><strong>putant,</strong></span> <span class='ocrx_word' id='word_1_517' title='bbox 1436 4110 1490 4165; x_wconf 92' lang='lat' dir='ltr'><strong>in</strong></span> <span class='ocrx_word' id='word_1_518' title='bbox 1538 4126 1735 4166; x_wconf 88' lang='lat' dir='ltr'><strong>vanam</strong></span> <span class='ocrx_word' id='word_1_519' title='bbox 1791 4113 2032 4171; x_wconf 87' lang='lat' dir='ltr'><strong>incidere</strong></span> 
     </span>
    </p>
   </div>
   <div class='ocr_carea' id='block_1_75' title="bbox 457 4201 2030 4274">
    <p class='ocr_par' dir='ltr' id='par_1_75' title="bbox 457 4201 2030 4274">
     <span class='ocr_line' id='line_1_75' title="bbox 457 4201 2030 4274; baseline 0.005 -19"><span class='ocrx_word' id='word_1_520' title='bbox 457 4201 768 4271; x_wconf 87' lang='lat' dir='ltr'><strong>opinionem</strong></span> <span class='ocrx_word' id='word_1_521' title='bbox 802 4202 994 4270; x_wconf 89' lang='lat' dir='ltr'><strong>docet;</strong></span> <span class='ocrx_word' id='word_1_522' title='bbox 1028 4202 1134 4257; x_wconf 94' lang='lat' dir='ltr'><strong>imo</strong></span> <span class='ocrx_word' id='word_1_523' title='bbox 1159 4202 1212 4256; x_wconf 91' lang='lat' dir='ltr'><strong>id</strong></span> <span class='ocrx_word' id='word_1_524' title='bbox 1245 4205 1332 4257; x_wconf 88' lang='lat' dir='ltr'><strong>vel</strong></span> <span class='ocrx_word' id='word_1_525' title='bbox 1359 4203 1411 4257; x_wconf 91' lang='lat' dir='ltr'><strong>in</strong></span> <span class='ocrx_word' id='word_1_526' title='bbox 1443 4204 1631 4273; x_wconf 88' lang='lat' dir='ltr'><strong>primis</strong></span> <span class='ocrx_word' id='word_1_527' title='bbox 1661 4206 2030 4274; x_wconf 87' lang='lat' dir='ltr'><strong>perniciosum</strong></span> 
     </span>
    </p>
   </div>
   <div class='ocr_carea' id='block_1_76' title="bbox 456 4295 2029 4371">
    <p class='ocr_par' dir='ltr' id='par_1_76' title="bbox 456 4295 2029 4371">
     <span class='ocr_line' id='line_1_76' title="bbox 456 4295 2029 4371; baseline 0.004 -22"><span class='ocrx_word' id='word_1_528' title='bbox 456 4309 581 4350; x_wconf 87' lang='lat' dir='ltr'><strong>esse</strong></span> <span class='ocrx_word' id='word_1_529' title='bbox 598 4295 953 4352; x_wconf 88' lang='lat' dir='ltr'><strong>demonstrat.</strong></span> <span class='ocrx_word' id='word_1_530' title='bbox 981 4296 1269 4351; x_wconf 83' lang='lat' dir='ltr'><strong>Adduntur</strong></span> <span class='ocrx_word' id='word_1_531' title='bbox 1283 4306 1341 4352; x_wconf 90' lang='lat' dir='ltr'><strong>et</strong></span> <span class='ocrx_word' id='word_1_532' title='bbox 1369 4296 1475 4351; x_wconf 86' lang='lat' dir='ltr'><strong>alia</strong></span> <span class='ocrx_word' id='word_1_533' title='bbox 1502 4297 1575 4352; x_wconf 89' lang='lat' dir='ltr'><strong>ibi</strong></span> <span class='ocrx_word' id='word_1_534' title='bbox 1599 4299 1862 4354; x_wconf 83' lang='lat' dir='ltr'><strong>salutaria</strong></span> <span class='ocrx_word' id='word_1_535' title='bbox 1890 4315 2029 4371; x_wconf 75' lang='lat' dir='ltr'><strong>pra:-</strong></span> 
     </span>
    </p>
   </div>
   <div class='ocr_carea' id='block_1_77' title="bbox 2123 3112 3706 3191">
    <p class='ocr_par' dir='ltr' id='par_1_77' title="bbox 2123 3112 3706 3191">
     <span class='ocr_line' id='line_1_77' title="bbox 2123 3112 3706 3191; baseline -0.008 -14"><span class='ocrx_word' id='word_1_536' title='bbox 2123 3126 2179 3178; x_wconf 85' lang='grc' dir='ltr'><strong>δὲ</strong></span> <span class='ocrx_word' id='word_1_537' title='bbox 2206 3124 2300 3176; x_wconf 79' lang='grc' dir='ltr'><strong>καὶ</strong></span> <span class='ocrx_word' id='word_1_538' title='bbox 2336 3118 2863 3191; x_wconf 81' lang='grc' dir='ltr'>διηγημάτωνὲστιν</span> <span class='ocrx_word' id='word_1_539' title='bbox 2901 3112 2976 3170; x_wconf 84' lang='grc' dir='ltr'>ὧν</span> <span class='ocrx_word' id='word_1_540' title='bbox 3038 3115 3385 3187; x_wconf 74' lang='grc' dir='ltr'>παρενθήκη.</span> <span class='ocrx_word' id='word_1_541' title='bbox 3448 3115 3597 3182; x_wconf 74' lang='grc' dir='ltr'>Πλὴν</span> <span class='ocrx_word' id='word_1_542' title='bbox 3646 3114 3706 3180; x_wconf 76' lang='grc' dir='ltr'>ἐξ</span> 
     </span>
    </p>
   </div>
   <div class='ocr_carea' id='block_1_78' title="bbox 2125 3204 3708 3283">
    <p class='ocr_par' dir='ltr' id='par_1_78' title="bbox 2125 3204 3708 3283">
     <span class='ocr_line' id='line_1_78' title="bbox 2125 3204 3708 3283; baseline -0.009 -13"><span class='ocrx_word' id='word_1_543' title='bbox 2125 3216 2380 3269; x_wconf 83' lang='grc' dir='ltr'>ἁπάντων</span> <span class='ocrx_word' id='word_1_544' title='bbox 2407 3213 2469 3265; x_wconf 86' lang='grc' dir='ltr'><strong>τὸ</strong></span> <span class='ocrx_word' id='word_1_545' title='bbox 2502 3213 2776 3283; x_wconf 90' lang='grc' dir='ltr'>χρήσιμον</span> <span class='ocrx_word' id='word_1_546' title='bbox 2820 3210 2849 3261; x_wconf 88' lang='lat'><strong>6</strong></span> <span class='ocrx_word' id='word_1_547' title='bbox 2907 3207 3125 3270; x_wconf 83' lang='grc' dir='ltr'>συνετὸς</span> <span class='ocrx_word' id='word_1_548' title='bbox 3156 3207 3251 3260; x_wconf 78' lang='grc' dir='ltr'><strong>καὶ</strong></span> <span class='ocrx_word' id='word_1_549' title='bbox 3277 3206 3532 3277; x_wconf 77' lang='grc' dir='ltr'>θεοφιλὴς</span> <span class='ocrx_word' id='word_1_550' title='bbox 3566 3204 3708 3276; x_wconf 81' lang='grc' dir='ltr'>ἀνὴρ</span> 
     </span>
    </p>
   </div>
   <div class='ocr_carea' id='block_1_79' title="bbox 2124 3299 3791 3379">
    <p class='ocr_par' dir='ltr' id='par_1_79' title="bbox 2124 3299 3791 3379">
     <span class='ocr_line' id='line_1_79' title="bbox 2124 3299 3791 3379; baseline -0.007 -18"><span class='ocrx_word' id='word_1_551' title='bbox 2124 3307 2458 3379; x_wconf 85' lang='grc' dir='ltr'>δρεπόμενος</span> <span class='ocrx_word' id='word_1_552' title='bbox 2486 3304 2584 3357; x_wconf 82' lang='grc' dir='ltr'><strong>οὐκ</strong></span> <span class='ocrx_word' id='word_1_553' title='bbox 2618 3301 2686 3357; x_wconf 85' lang='grc' dir='ltr'><strong>ἂν</strong></span> <span class='ocrx_word' id='word_1_554' title='bbox 2709 3301 2819 3357; x_wconf 83' lang='grc' dir='ltr'>τῶν</span> <span class='ocrx_word' id='word_1_555' title='bbox 2848 3300 3298 3371; x_wconf 85' lang='grc' dir='ltr'>συντεταγμένων</span> <span class='ocrx_word' id='word_1_556' title='bbox 3321 3299 3483 3370; x_wconf 88' lang='grc' dir='ltr'>κόρον</span> <span class='ocrx_word' id='word_1_557' title='bbox 3542 3315 3714 3353; x_wconf 80' lang='grc' dir='ltr'>κατα·</span> <span class='ocrx_word' id='word_1_558' title='bbox 3786 3336 3791 3345; x_wconf 96' lang='grc'>.</span> 
     </span>
    </p>
   </div>
   <div class='ocr_carea' id='block_1_80' title="bbox 2126 3400 2302 3470">
    <p class='ocr_par' dir='ltr' id='par_1_80' title="bbox 2126 3400 2302 3470">
     <span class='ocr_line' id='line_1_80' title="bbox 2126 3400 2302 3470; baseline 0 -17"><span class='ocrx_word' id='word_1_559' title='bbox 2126 3400 2302 3470; x_wconf 88' lang='grc' dir='ltr'>γνοίη.</span> 
     </span>
    </p>
   </div>
   <div class='ocr_carea' id='block_1_81' title="bbox 2798 3491 2872 3545">
    <p class='ocr_par' dir='ltr' id='par_1_81' title="bbox 2798 3491 2872 3545">
     <span class='ocr_line' id='line_1_81' title="bbox 2798 3491 2872 3545; baseline 0.027 -2"><span class='ocrx_word' id='word_1_560' title='bbox 2798 3491 2872 3545; x_wconf 89' lang='grc' dir='ltr'><strong>Σ’.</strong></span> 
     </span>
    </p>
   </div>
   <div class='ocr_carea' id='block_1_82' title="bbox 2128 3577 3711 3656">
    <p class='ocr_par' dir='ltr' id='par_1_82' title="bbox 2128 3577 3711 3656">
     <span class='ocr_line' id='line_1_82' title="bbox 2128 3577 3711 3656; baseline -0.007 -15"><span class='ocrx_word' id='word_1_561' title='bbox 2128 3586 2372 3656; x_wconf 81' lang='grc' dir='ltr'>Μάρκου</span> <span class='ocrx_word' id='word_1_562' title='bbox 2401 3584 2678 3656; x_wconf 79' lang='grc' dir='ltr'>μοναχοῦ</span> <span class='ocrx_word' id='word_1_563' title='bbox 2716 3584 2898 3656; x_wconf 72' lang='grc' dir='ltr'>Λόγοι</span> <span class='ocrx_word' id='word_1_564' title='bbox 2937 3579 3258 3656; x_wconf 68' lang='grc' dir='ltr'>ἁσκητικοὲ</span> <span class='ocrx_word' id='word_1_565' title='bbox 3302 3587 3391 3648; x_wconf 80' lang='grc' dir='ltr'><strong>η’⁶</strong></span> <span class='ocrx_word' id='word_1_566' title='bbox 3424 3579 3521 3633; x_wconf 75' lang='grc' dir='ltr'><strong>καί</strong></span> <span class='ocrx_word' id='word_1_567' title='bbox 3556 3577 3711 3647; x_wconf 82' lang='grc' dir='ltr'>Πρὸς</span> 
     </span>
    </p>
   </div>
   <div class='ocr_carea' id='block_1_83' title="bbox 2477 3654 3330 3722">
    <p class='ocr_par' dir='ltr' id='par_1_83' title="bbox 2477 3654 3330 3722">
     <span class='ocr_line' id='line_1_83' title="bbox 2477 3654 3330 3722; baseline -0.006 -11"><span class='ocrx_word' id='word_1_568' title='bbox 2477 3654 2991 3722; x_wconf 73' lang='grc' dir='ltr'>Μελχισεδεκίτας</span> <span class='ocrx_word' id='word_1_569' title='bbox 3044 3654 3228 3720; x_wconf 76' lang='grc' dir='ltr'>λόγος</span> <span class='ocrx_word' id='word_1_570' title='bbox 3258 3659 3330 3706; x_wconf 82' lang='grc' dir='ltr'>α’.</span> 
     </span>
    </p>
   </div>
   <div class='ocr_carea' id='block_1_84' title="bbox 2212 3740 3708 3820">
    <p class='ocr_par' dir='ltr' id='par_1_84' title="bbox 2212 3740 3708 3820">
     <span class='ocr_line' id='line_1_84' title="bbox 2212 3740 3708 3820; baseline -0.006 -19"><span class='ocrx_word' id='word_1_571' title='bbox 2212 3747 2549 3820; x_wconf 80' lang='grc' dir='ltr'>Ἀνεγνώσθη</span> <span class='ocrx_word' id='word_1_572' title='bbox 2575 3748 2776 3818; x_wconf 84' lang='grc' dir='ltr'>βιϐλίον</span> <span class='ocrx_word' id='word_1_573' title='bbox 2802 3745 3033 3813; x_wconf 84' lang='grc' dir='ltr'>Μάρκου</span> <span class='ocrx_word' id='word_1_574' title='bbox 3069 3740 3313 3814; x_wconf 84' lang='grc' dir='ltr'>μοναχοῦ</span> <span class='ocrx_word' id='word_1_575' title='bbox 3336 3743 3394 3795; x_wconf 83' lang='grc' dir='ltr'>ὲν</span> <span class='ocrx_word' id='word_1_576' title='bbox 3427 3740 3611 3807; x_wconf 86' lang='grc' dir='ltr'>λόγοις</span> <span class='ocrx_word' id='word_1_577' title='bbox 3633 3744 3708 3808; x_wconf 87' lang='grc' dir='ltr'>η’.</span> 
     </span>
    </p>
   </div>
   <div class='ocr_carea' id='block_1_85' title="bbox 2128 3831 3711 3909">
    <p class='ocr_par' dir='ltr' id='par_1_85' title="bbox 2128 3831 3711 3909">
     <span class='ocr_line' id='line_1_85' title="bbox 2128 3831 3711 3909; baseline -0.006 -17"><span class='ocrx_word' id='word_1_578' title='bbox 2128 3831 2203 3893; x_wconf 79' lang='grc' dir='ltr'>ὧν</span> <span class='ocrx_word' id='word_1_579' title='bbox 2229 3839 2257 3891; x_wconf 89' lang='lat'><strong>6</strong></span> <span class='ocrx_word' id='word_1_580' title='bbox 2282 3838 2378 3908; x_wconf 86' lang='grc' dir='ltr'><strong>μὲν</strong></span> <span class='ocrx_word' id='word_1_581' title='bbox 2411 3837 2629 3909; x_wconf 77' lang='grc' dir='ltr'>πρῶτος</span> <span class='ocrx_word' id='word_1_582' title='bbox 2661 3836 2979 3908; x_wconf 80' lang='grc' dir='ltr'>ἐπιγραφὴν</span> <span class='ocrx_word' id='word_1_583' title='bbox 3007 3833 3168 3903; x_wconf 73' lang='grc' dir='ltr'>ἔλαχε</span> <span class='ocrx_word' id='word_1_584' title='bbox 3198 3834 3326 3904; x_wconf 76' lang='grc' dir='ltr'>περὶ</span> <span class='ocrx_word' id='word_1_585' title='bbox 3358 3831 3523 3904; x_wconf 87' lang='grc' dir='ltr'>νόμου</span> <span class='ocrx_word' id='word_1_586' title='bbox 3545 3847 3711 3884; x_wconf 84' lang='grc' dir='ltr'>πνευ-</span> 
     </span>
    </p>
   </div>
   <div class='ocr_carea' id='block_1_86' title="bbox 2135 3922 3716 3998">
    <p class='ocr_par' dir='ltr' id='par_1_86' title="bbox 2135 3922 3716 3998">
     <span class='ocr_line' id='line_1_86' title="bbox 2135 3922 3716 3998; baseline -0.003 -18"><span class='ocrx_word' id='word_1_587' title='bbox 2135 3926 2387 3998; x_wconf 81' lang='grc' dir='ltr'>ματικοῦ,</span> <span class='ocrx_word' id='word_1_588' title='bbox 2416 3929 2514 3980; x_wconf 71' lang='grc' dir='ltr'><strong>καὶ</strong></span> <span class='ocrx_word' id='word_1_589' title='bbox 2543 3928 2811 3997; x_wconf 86' lang='grc' dir='ltr'>χρήσιμος</span> <span class='ocrx_word' id='word_1_590' title='bbox 2843 3928 2956 3988; x_wconf 84' lang='grc' dir='ltr'>τοῖς</span> <span class='ocrx_word' id='word_1_591' title='bbox 2984 3924 3077 3978; x_wconf 85' lang='grc' dir='ltr'><strong>τὸν</strong></span> <span class='ocrx_word' id='word_1_592' title='bbox 3107 3922 3408 3992; x_wconf 85' lang='grc' dir='ltr'>ἀσκητικὸν</span> <span class='ocrx_word' id='word_1_593' title='bbox 3437 3923 3716 3991; x_wconf 78' lang='grc' dir='ltr'>ἐπανῃρη-</span> 
     </span>
    </p>
   </div>
   <div class='ocr_carea' id='block_1_87' title="bbox 2135 4013 3707 4090">
    <p class='ocr_par' dir='ltr' id='par_1_87' title="bbox 2135 4013 3707 4090">
     <span class='ocr_line' id='line_1_87' title="bbox 2135 4013 3707 4090; baseline -0.004 -19"><span class='ocrx_word' id='word_1_594' title='bbox 2135 4019 2315 4090; x_wconf 87' lang='grc' dir='ltr'>μένοις</span> <span class='ocrx_word' id='word_1_595' title='bbox 2352 4019 2495 4089; x_wconf 86' lang='grc' dir='ltr'>βίον·</span> <span class='ocrx_word' id='word_1_596' title='bbox 2544 4017 2735 4088; x_wconf 84' lang='grc' dir='ltr'>ὥσπερ</span> <span class='ocrx_word' id='word_1_597' title='bbox 2768 4018 2924 4072; x_wconf 83' lang='grc' dir='ltr'><strong>καὶὸ</strong></span> <span class='ocrx_word' id='word_1_598' title='bbox 2968 4016 3189 4087; x_wconf 77' lang='grc' dir='ltr'>ἐφεξῆς,</span> <span class='ocrx_word' id='word_1_599' title='bbox 3243 4015 3369 4078; x_wconf 81' lang='grc' dir='ltr'>τοὺς</span> <span class='ocrx_word' id='word_1_600' title='bbox 3420 4013 3479 4080; x_wconf 80' lang='grc' dir='ltr'>ἐξ</span> <span class='ocrx_word' id='word_1_601' title='bbox 3528 4013 3707 4084; x_wconf 77' lang='grc' dir='ltr'>ἔργων</span> 
     </span>
    </p>
   </div>
   <div class='ocr_carea' id='block_1_88' title="bbox 2131 4104 3714 4178">
    <p class='ocr_par' dir='ltr' id='par_1_88' title="bbox 2131 4104 3714 4178">
     <span class='ocr_line' id='line_1_88' title="bbox 2131 4104 3714 4178; baseline -0.003 -16"><span class='ocrx_word' id='word_1_602' title='bbox 2131 4109 2407 4178; x_wconf 80' lang='grc' dir='ltr'>οἰομένους</span> <span class='ocrx_word' id='word_1_603' title='bbox 2440 4107 2781 4162; x_wconf 85' lang='grc' dir='ltr'>δικαιοῦσθαι</span> <span class='ocrx_word' id='word_1_604' title='bbox 2812 4110 2890 4171; x_wconf 81' lang='grc' dir='ltr'>εἰς</span> <span class='ocrx_word' id='word_1_605' title='bbox 2925 4109 3158 4178; x_wconf 86' lang='grc' dir='ltr'>μάταιον</span> <span class='ocrx_word' id='word_1_606' title='bbox 3186 4106 3504 4160; x_wconf 85' lang='grc' dir='ltr'>διαπίπτειν</span> <span class='ocrx_word' id='word_1_607' title='bbox 3529 4105 3574 4136; x_wconf 81' lang='grc'><strong>⁸⁸</strong></span> <span class='ocrx_word' id='word_1_608' title='bbox 3625 4104 3714 4157; x_wconf 85' lang='grc' dir='ltr'>λο-</span> 
     </span>
    </p>
   </div>
   <div class='ocr_carea' id='block_1_89' title="bbox 2131 4182 3705 4272">
    <p class='ocr_par' dir='ltr' id='par_1_89' title="bbox 2131 4182 3705 4272">
     <span class='ocr_line' id='line_1_89' title="bbox 2131 4182 3705 4272; baseline -0.003 -17"><span class='ocrx_word' id='word_1_609' title='bbox 2131 4201 2348 4272; x_wconf 84' lang='grc' dir='ltr'>γισμὸν,</span> <span class='ocrx_word' id='word_1_610' title='bbox 2384 4202 2583 4272; x_wconf 83' lang='grc' dir='ltr'>μᾶλλον</span> <span class='ocrx_word' id='word_1_611' title='bbox 2604 4201 2663 4255; x_wconf 85' lang='grc' dir='ltr'>δὲ</span> <span class='ocrx_word' id='word_1_612' title='bbox 2692 4201 2786 4254; x_wconf 74' lang='grc' dir='ltr'><strong>καὶ</strong></span> <span class='ocrx_word' id='word_1_613' title='bbox 2835 4201 2927 4254; x_wconf 80' lang='grc' dir='ltr'><strong>τὸν</strong></span> <span class='ocrx_word' id='word_1_614' title='bbox 2953 4201 3035 4255; x_wconf 86' lang='grc' dir='ltr'><strong>ὅτι</strong></span> <span class='ocrx_word' id='word_1_615' title='bbox 3071 4182 3317 4272; x_wconf 65' lang='grc' dir='ltr'>μάλιστα</span> <span class='ocrx_word' id='word_1_616' title='bbox 3340 4197 3607 4269; x_wconf 82' lang='grc' dir='ltr'>σφαλερὸν</span> <span class='ocrx_word' id='word_1_617' title='bbox 3635 4197 3705 4261; x_wconf 84' lang='grc'><strong>⁸⁷,</strong></span> 
     </span>
    </p>
   </div>
   <div class='ocr_carea' id='block_1_90' title="bbox 2134 4290 3717 4366">
    <p class='ocr_par' dir='ltr' id='par_1_90' title="bbox 2134 4290 3717 4366">
     <span class='ocr_line' id='line_1_90' title="bbox 2134 4290 3717 4366; baseline -0.004 -18"><span class='ocrx_word' id='word_1_618' title='bbox 2134 4294 2613 4365; x_wconf 75' lang='grc' dir='ltr'>ἐπιδεικνύμενος·</span> <span class='ocrx_word' id='word_1_619' title='bbox 2668 4292 2791 4366; x_wconf 73' lang='grc'><strong>[521</strong></span> <span class='ocrx_word' id='word_1_620' title='bbox 2828 4292 2924 4366; x_wconf 60' lang='lat' dir='ltr'><strong>IL]</strong></span> <span class='ocrx_word' id='word_1_621' title='bbox 2958 4295 3016 4347; x_wconf 77' lang='grc' dir='ltr'>ἐν</span> <span class='ocrx_word' id='word_1_622' title='bbox 3076 4290 3158 4356; x_wconf 79' lang='grc' dir='ltr'><strong>οἷς</strong></span> <span class='ocrx_word' id='word_1_623' title='bbox 3192 4292 3298 4346; x_wconf 71' lang='grc' dir='ltr'>καὶ</span> <span class='ocrx_word' id='word_1_624' title='bbox 3356 4291 3544 4361; x_wconf 72' lang='grc' dir='ltr'>ἕτεραι</span> <span class='ocrx_word' id='word_1_625' title='bbox 3589 4306 3717 4342; x_wconf 89' lang='grc' dir='ltr'>συν·-</span> 
     </span>
    </p>
   </div>
   <div class='ocr_carea' id='block_1_91' title="bbox 457 4376 2018 4458">
    <p class='ocr_par' dir='ltr' id='par_1_91' title="bbox 457 4387 2018 4458">
     <span class='ocr_line' id='line_1_91' title="bbox 457 4387 2018 4458; baseline 0.004 -16"><span class='ocrx_word' id='word_1_626' title='bbox 457 4396 634 4458; x_wconf 87' lang='lat' dir='ltr'><strong>cepta,</strong></span> <span class='ocrx_word' id='word_1_627' title='bbox 664 4403 782 4458; x_wconf 74' lang='lat' dir='ltr'><strong>qua:</strong></span> <span class='ocrx_word' id='word_1_628' title='bbox 818 4387 885 4442; x_wconf 88' lang='lat' dir='ltr'><strong>ad</strong></span> <span class='ocrx_word' id='word_1_629' title='bbox 916 4389 1211 4457; x_wconf 85' lang='lat' dir='ltr'><strong>spiritalem</strong></span> <span class='ocrx_word' id='word_1_630' title='bbox 1237 4402 1391 4457; x_wconf 66' lang='lat' dir='ltr'><strong>teque</strong></span> <span class='ocrx_word' id='word_1_631' title='bbox 1424 4390 1587 4445; x_wconf 88' lang='lat' dir='ltr'><strong>vitam</strong></span> <span class='ocrx_word' id='word_1_632' title='bbox 1617 4399 1673 4446; x_wconf 89' lang='lat' dir='ltr'><strong>et</strong></span> <span class='ocrx_word' id='word_1_633' title='bbox 1718 4392 2018 4448; x_wconf 84' lang='lat' dir='ltr'><strong>institutum</strong></span> 
     </span>
    </p>
   </div>
   <div class='ocr_carea' id='block_1_92' title="bbox 2125 4376 3717 4458">
    <p class='ocr_par' dir='ltr' id='par_1_92' title="bbox 2137 4376 3717 4458">
     <span class='ocr_line' id='line_1_92' title="bbox 2137 4376 3717 4458; baseline -0.003 -19"><span class='ocrx_word' id='word_1_634' title='bbox 2137 4386 2464 4455; x_wconf 81' lang='grc' dir='ltr'>υφαίνονται</span> <span class='ocrx_word' id='word_1_635' title='bbox 2497 4376 2873 4458; x_wconf 86' lang='grc' dir='ltr'>παραινέσεις,</span> <span class='ocrx_word' id='word_1_636' title='bbox 2896 4387 2973 4449; x_wconf 87' lang='grc' dir='ltr'><strong>είς</strong></span> <span class='ocrx_word' id='word_1_637' title='bbox 2992 4384 3083 4439; x_wconf 81' lang='grc' dir='ltr'><strong>τὸν</strong></span> <span class='ocrx_word' id='word_1_638' title='bbox 3101 4383 3471 4455; x_wconf 78' lang='grc' dir='ltr'>πνευματικὸν</span> <span class='ocrx_word' id='word_1_639' title='bbox 3499 4382 3594 4437; x_wconf 80' lang='grc' dir='ltr'><strong>καὶ</strong></span> <span class='ocrx_word' id='word_1_640' title='bbox 3617 4382 3717 4436; x_wconf 82' lang='grc' dir='ltr'>αὐ-</span> 
     </span>
    </p>
   </div>
   <div class='ocr_carea' id='block_1_93' title="bbox 456 4475 2030 4553">
    <p class='ocr_par' dir='ltr' id='par_1_93' title="bbox 456 4475 2030 4553">
     <span class='ocr_line' id='line_1_93' title="bbox 456 4475 2030 4553; baseline 0.006 -23"><span class='ocrx_word' id='word_1_641' title='bbox 456 4476 781 4532; x_wconf 89' lang='lat' dir='ltr'><strong>condueaut.</strong></span> <span class='ocrx_word' id='word_1_642' title='bbox 830 4475 1046 4532; x_wconf 89' lang='lat' dir='ltr'><strong>Tertius</strong></span> <span class='ocrx_word' id='word_1_643' title='bbox 1064 4494 1192 4533; x_wconf 85' lang='lat' dir='ltr'><strong>vero</strong></span> <span class='ocrx_word' id='word_1_644' title='bbox 1241 4478 1381 4534; x_wconf 90' lang='lat' dir='ltr'><strong>liber</strong></span> <span class='ocrx_word' id='word_1_645' title='bbox 1408 4480 1475 4535; x_wconf 90' lang='lat' dir='ltr'><strong>de</strong></span> <span class='ocrx_word' id='word_1_646' title='bbox 1498 4481 1838 4550; x_wconf 88' lang='lat' dir='ltr'><strong>poenitentia,</strong></span> <span class='ocrx_word' id='word_1_647' title='bbox 1885 4486 2030 4553; x_wconf 91' lang='lat' dir='ltr'><strong>quod</strong></span> 
     </span>
    </p>
   </div>
   <div class='ocr_carea' id='block_1_94' title="bbox 461 4568 2020 4642">
    <p class='ocr_par' dir='ltr' id='par_1_94' title="bbox 461 4568 2020 4642">
     <span class='ocr_line' id='line_1_94' title="bbox 461 4568 2020 4642; baseline 0.004 -20"><span class='ocrx_word' id='word_1_648' title='bbox 461 4574 574 4623; x_wconf 61' lang='lat' dir='ltr'><strong>haec</strong></span> <span class='ocrx_word' id='word_1_649' title='bbox 594 4568 793 4638; x_wconf 90' lang='lat' dir='ltr'><strong>ubique</strong></span> <span class='ocrx_word' id='word_1_650' title='bbox 807 4569 1018 4633; x_wconf 88' lang='lat' dir='ltr'><strong>deceat,</strong></span> <span class='ocrx_word' id='word_1_651' title='bbox 1038 4569 1232 4623; x_wconf 88' lang='lat' dir='ltr'><strong>docere</strong></span> <span class='ocrx_word' id='word_1_652' title='bbox 1247 4584 1342 4638; x_wconf 87' lang='lat' dir='ltr'><strong>pro</strong></span> <span class='ocrx_word' id='word_1_653' title='bbox 1369 4584 1535 4637; x_wconf 89' lang='lat' dir='ltr'><strong>scopo</strong></span> <span class='ocrx_word' id='word_1_654' title='bbox 1558 4571 1664 4626; x_wconf 87' lang='lat' dir='ltr'><strong>sibi</strong></span> <span class='ocrx_word' id='word_1_655' title='bbox 1689 4587 2020 4642; x_wconf 84' lang='lat' dir='ltr'><strong>proponens,</strong></span> 
     </span>
    </p>
   </div>
   <div class='ocr_carea' id='block_1_95' title="bbox 459 4660 1812 4731">
    <p class='ocr_par' dir='ltr' id='par_1_95' title="bbox 459 4660 1812 4731">
     <span class='ocr_line' id='line_1_95' title="bbox 459 4660 1812 4731; baseline 0.004 -16"><span class='ocrx_word' id='word_1_656' title='bbox 459 4660 526 4715; x_wconf 85' lang='lat' dir='ltr'><strong>ad</strong></span> <span class='ocrx_word' id='word_1_657' title='bbox 559 4661 808 4716; x_wconf 89' lang='lat' dir='ltr'><strong>eumdem</strong></span> <span class='ocrx_word' id='word_1_658' title='bbox 832 4676 1056 4730; x_wconf 85' lang='lat' dir='ltr'><strong>prorsus</strong></span> <span class='ocrx_word' id='word_1_659' title='bbox 1078 4661 1332 4715; x_wconf 89' lang='lat' dir='ltr'><strong>utilitatis</strong></span> <span class='ocrx_word' id='word_1_660' title='bbox 1361 4663 1588 4731; x_wconf 88' lang='lat' dir='ltr'><strong>gradum</strong></span> <span class='ocrx_word' id='word_1_661' title='bbox 1621 4664 1812 4720; x_wconf 87' lang='lat' dir='ltr'><strong>tendit.</strong></span> 
     </span>
    </p>
   </div>
   <div class='ocr_carea' id='block_1_96' title="bbox 532 4836 2020 4911">
    <p class='ocr_par' dir='ltr' id='par_1_96' title="bbox 532 4836 2020 4911">
     <span class='ocr_line' id='line_1_96' title="bbox 532 4836 2020 4911; baseline 0.005 -19"><span class='ocrx_word' id='word_1_662' title='bbox 532 4836 825 4907; x_wconf 89' lang='lat' dir='ltr'><strong>Perspicua</strong></span> <span class='ocrx_word' id='word_1_663' title='bbox 863 4838 1030 4909; x_wconf 83' lang='lat' dir='ltr'><strong>igitur</strong></span> <span class='ocrx_word' id='word_1_664' title='bbox 1064 4838 1183 4907; x_wconf 90' lang='lat' dir='ltr'><strong>ejus</strong></span> <span class='ocrx_word' id='word_1_665' title='bbox 1213 4848 1297 4895; x_wconf 86' lang='lat' dir='ltr'><strong>eSt</strong></span> <span class='ocrx_word' id='word_1_666' title='bbox 1318 4839 1509 4905; x_wconf 89' lang='lat' dir='ltr'><strong>dictio,</strong></span> <span class='ocrx_word' id='word_1_667' title='bbox 1536 4851 1808 4911; x_wconf 84' lang='lat' dir='ltr'><strong>quatenus</strong></span> <span class='ocrx_word' id='word_1_668' title='bbox 1837 4844 2020 4901; x_wconf 80' lang='lat' dir='ltr'><strong>verbis</strong></span> 
     </span>
    </p>
   </div>
   <div class='ocr_carea' id='block_1_97' title="bbox 461 4928 2032 5003">
    <p class='ocr_par' dir='ltr' id='par_1_97' title="bbox 461 4928 2032 5003">
     <span class='ocr_line' id='line_1_97' title="bbox 461 4928 2032 5003; baseline 0.007 -22"><span class='ocrx_word' id='word_1_669' title='bbox 461 4928 633 4983; x_wconf 90' lang='lat' dir='ltr'><strong>utitur</strong></span> <span class='ocrx_word' id='word_1_670' title='bbox 659 4933 1061 4997; x_wconf 89' lang='lat' dir='ltr'><strong>communibus,</strong></span> <span class='ocrx_word' id='word_1_671' title='bbox 1095 4942 1148 4986; x_wconf 90' lang='lat' dir='ltr'><strong>et</strong></span> <span class='ocrx_word' id='word_1_672' title='bbox 1176 4946 1385 4986; x_wconf 90' lang='lat' dir='ltr'><strong>summa</strong></span> <span class='ocrx_word' id='word_1_673' title='bbox 1410 4933 1588 5001; x_wconf 86' lang='lat' dir='ltr'><strong>capita</strong></span> <span class='ocrx_word' id='word_1_674' title='bbox 1616 4936 1884 5003; x_wconf 88' lang='lat' dir='ltr'><strong>percurrit</strong></span> <span class='ocrx_word' id='word_1_675' title='bbox 1906 4951 2032 4992; x_wconf 85' lang='lat' dir='ltr'><strong>ora—</strong></span> 
     </span>
    </p>
   </div>
   <div class='ocr_carea' id='block_1_98' title="bbox 464 5020 2029 5091">
    <p class='ocr_par' dir='ltr' id='par_1_98' title="bbox 464 5020 2029 5091">
     <span class='ocr_line' id='line_1_98' title="bbox 464 5020 2029 5091; baseline 0.006 -15"><span class='ocrx_word' id='word_1_676' title='bbox 464 5021 541 5077; x_wconf 92' lang='lat' dir='ltr'><strong>tio</strong></span> <span class='ocrx_word' id='word_1_677' title='bbox 569 5038 585 5077; x_wconf 90' lang='lat'>:</span> <span class='ocrx_word' id='word_1_678' title='bbox 620 5020 725 5077; x_wconf 90' lang='lat' dir='ltr'><strong>etsi</strong></span> <span class='ocrx_word' id='word_1_679' title='bbox 759 5022 903 5090; x_wconf 89' lang='lat' dir='ltr'><strong>quod</strong></span> <span class='ocrx_word' id='word_1_680' title='bbox 932 5022 997 5077; x_wconf 89' lang='lat' dir='ltr'><strong>ad</strong></span> <span class='ocrx_word' id='word_1_681' title='bbox 1031 5023 1267 5077; x_wconf 83' lang='lat' dir='ltr'><strong>Atticum</strong></span> <span class='ocrx_word' id='word_1_682' title='bbox 1303 5038 1614 5080; x_wconf 91' lang='lat' dir='ltr'><strong>sermonem</strong></span> <span class='ocrx_word' id='word_1_683' title='bbox 1637 5042 1741 5082; x_wconf 94' lang='lat' dir='ltr'><strong>non</strong></span> <span class='ocrx_word' id='word_1_684' title='bbox 1772 5030 2029 5091; x_wconf 85' lang='lat' dir='ltr'><strong>satisac-</strong></span> 
     </span>
    </p>
   </div>
   <div class='ocr_carea' id='block_1_99' title="bbox 2137 4475 3716 4550">
    <p class='ocr_par' dir='ltr' id='par_1_99' title="bbox 2137 4475 3716 4550">
     <span class='ocr_line' id='line_1_99' title="bbox 2137 4475 3716 4550; baseline -0.004 -17"><span class='ocrx_word' id='word_1_685' title='bbox 2137 4480 2229 4533; x_wconf 78' lang='grc' dir='ltr'><strong>ταὶ</strong></span> <span class='ocrx_word' id='word_1_686' title='bbox 2253 4481 2650 4550; x_wconf 84' lang='grc' dir='ltr'>συνανήκουσαι</span> <span class='ocrx_word' id='word_1_687' title='bbox 2676 4478 2791 4550; x_wconf 88' lang='grc' dir='ltr'>βίον</span> <span class='ocrx_word' id='word_1_688' title='bbox 2818 4479 2864 4511; x_wconf 81' lang='grc'><strong>⁸⁸</strong></span> <span class='ocrx_word' id='word_1_689' title='bbox 2894 4479 2991 4531; x_wconf 69' lang='grc' dir='ltr'><strong>καὶ</strong></span> <span class='ocrx_word' id='word_1_690' title='bbox 3012 4478 3197 4549; x_wconf 85' lang='grc' dir='ltr'>νόμον.</span> <span class='ocrx_word' id='word_1_691' title='bbox 3229 4477 3340 4531; x_wconf 80' lang='grc' dir='ltr'>Καὶ</span> <span class='ocrx_word' id='word_1_692' title='bbox 3364 4478 3393 4529; x_wconf 91' lang='lat'><strong>6</strong></span> <span class='ocrx_word' id='word_1_693' title='bbox 3416 4481 3466 4545; x_wconf 88' lang='grc' dir='ltr'>γ’</span> <span class='ocrx_word' id='word_1_694' title='bbox 3488 4476 3568 4542; x_wconf 84' lang='grc' dir='ltr'><strong>δὲ,</strong></span> <span class='ocrx_word' id='word_1_695' title='bbox 3587 4475 3716 4545; x_wconf 68' lang='grc' dir='ltr'>περὶ</span> 
     </span>
    </p>
   </div>
   <div class='ocr_carea' id='block_1_100' title="bbox 2141 4569 3717 4642">
    <p class='ocr_par' dir='ltr' id='par_1_100' title="bbox 2141 4569 3717 4642">
     <span class='ocr_line' id='line_1_100' title="bbox 2141 4569 3717 4642; baseline -0.002 -18"><span class='ocrx_word' id='word_1_696' title='bbox 2141 4571 2427 4642; x_wconf 87' lang='grc' dir='ltr'>μετανοίας</span> <span class='ocrx_word' id='word_1_697' title='bbox 2454 4572 2554 4642; x_wconf 80' lang='grc' dir='ltr'>τῆς</span> <span class='ocrx_word' id='word_1_698' title='bbox 2586 4574 2819 4627; x_wconf 84' lang='grc' dir='ltr'>πάντοτε</span> <span class='ocrx_word' id='word_1_699' title='bbox 2854 4570 3248 4642; x_wconf 85' lang='grc' dir='ltr'>προσηκούσης</span> <span class='ocrx_word' id='word_1_700' title='bbox 3276 4569 3717 4639; x_wconf 82' lang='grc' dir='ltr'>ἀπευθυνόμενος</span> 
     </span>
    </p>
   </div>
   <div class='ocr_carea' id='block_1_101' title="bbox 2136 4661 3715 4735">
    <p class='ocr_par' dir='ltr' id='par_1_101' title="bbox 2136 4661 3715 4735">
     <span class='ocr_line' id='line_1_101' title="bbox 2136 4661 3715 4735; baseline -0.003 -18"><span class='ocrx_word' id='word_1_701' title='bbox 2136 4666 2228 4719; x_wconf 85' lang='grc' dir='ltr'>τὸν</span> <span class='ocrx_word' id='word_1_702' title='bbox 2258 4666 2479 4733; x_wconf 78' lang='grc' dir='ltr'>σκοπὸν,</span> <span class='ocrx_word' id='word_1_703' title='bbox 2510 4668 2590 4730; x_wconf 80' lang='grc' dir='ltr'>εἰς</span> <span class='ocrx_word' id='word_1_704' title='bbox 2604 4665 2695 4719; x_wconf 86' lang='grc' dir='ltr'><strong>τὸν</strong></span> <span class='ocrx_word' id='word_1_705' title='bbox 2729 4665 2893 4721; x_wconf 82' lang='grc' dir='ltr'>αὐτὸν</span> <span class='ocrx_word' id='word_1_706' title='bbox 2930 4664 3032 4735; x_wconf 82' lang='grc' dir='ltr'>τῆς</span> <span class='ocrx_word' id='word_1_707' title='bbox 3052 4663 3322 4734; x_wconf 82' lang='grc' dir='ltr'>ὠφελείας</span> <span class='ocrx_word' id='word_1_708' title='bbox 3345 4661 3557 4733; x_wconf 83' lang='grc' dir='ltr'>βαθμὸν</span> <span class='ocrx_word' id='word_1_709' title='bbox 3580 4662 3715 4714; x_wconf 85' lang='grc' dir='ltr'>ἀνα-</span> 
     </span>
    </p>
   </div>
   <div class='ocr_carea' id='block_1_102' title="bbox 2133 4758 2335 4828">
    <p class='ocr_par' dir='ltr' id='par_1_102' title="bbox 2133 4758 2335 4828">
     <span class='ocr_line' id='line_1_102' title="bbox 2133 4758 2335 4828; baseline -0.005 -17"><span class='ocrx_word' id='word_1_710' title='bbox 2133 4758 2335 4828; x_wconf 84' lang='grc' dir='ltr'>τρέχει.</span> 
     </span>
    </p>
   </div>
   <div class='ocr_carea' id='block_1_103' title="bbox 2205 4844 3718 4921">
    <p class='ocr_par' dir='ltr' id='par_1_103' title="bbox 2205 4844 3718 4921">
     <span class='ocr_line' id='line_1_103' title="bbox 2205 4844 3718 4921; baseline -0.004 -18"><span class='ocrx_word' id='word_1_711' title='bbox 2205 4850 2390 4921; x_wconf 78' lang='grc' dir='ltr'>Σαφὴς</span> <span class='ocrx_word' id='word_1_712' title='bbox 2418 4851 2514 4920; x_wconf 83' lang='grc' dir='ltr'>μὲν</span> <span class='ocrx_word' id='word_1_713' title='bbox 2545 4845 2638 4903; x_wconf 81' lang='grc' dir='ltr'>οὗν</span> <span class='ocrx_word' id='word_1_714' title='bbox 2686 4851 2858 4915; x_wconf 73' lang='grc' dir='ltr'>ἐστιν,</span> <span class='ocrx_word' id='word_1_715' title='bbox 2899 4850 3024 4903; x_wconf 82' lang='grc' dir='ltr'>ὅσον</span> <span class='ocrx_word' id='word_1_716' title='bbox 3054 4850 3147 4903; x_wconf 74' lang='grc' dir='ltr'>ἐπὶ</span> <span class='ocrx_word' id='word_1_717' title='bbox 3202 4852 3269 4919; x_wconf 81' lang='grc' dir='ltr'>τῇ</span> <span class='ocrx_word' id='word_1_718' title='bbox 3308 4847 3582 4917; x_wconf 84' lang='grc' dir='ltr'>κοινότητι</span> <span class='ocrx_word' id='word_1_719' title='bbox 3609 4844 3718 4898; x_wconf 85' lang='grc' dir='ltr'>τῶν</span> 
     </span>
    </p>
   </div>
   <div class='ocr_carea' id='block_1_104' title="bbox 2138 4936 3717 5010">
    <p class='ocr_par' dir='ltr' id='par_1_104' title="bbox 2138 4936 3717 5010">
     <span class='ocr_line' id='line_1_104' title="bbox 2138 4936 3717 5010; baseline -0.004 -16"><span class='ocrx_word' id='word_1_720' title='bbox 2138 4942 2337 5005; x_wconf 80' lang='grc' dir='ltr'>λέξεων</span> <span class='ocrx_word' id='word_1_721' title='bbox 2352 4941 2449 4994; x_wconf 74' lang='grc' dir='ltr'>καὶ</span> <span class='ocrx_word' id='word_1_722' title='bbox 2485 4941 2563 5009; x_wconf 83' lang='grc' dir='ltr'><strong>τῷ</strong></span> <span class='ocrx_word' id='word_1_723' title='bbox 2588 4938 2979 5009; x_wconf 82' lang='grc' dir='ltr'>κεφαλαιωδῶς</span> <span class='ocrx_word' id='word_1_724' title='bbox 3007 4939 3382 5010; x_wconf 72' lang='grc' dir='ltr'>ἐξενηνέχθαι,</span> <span class='ocrx_word' id='word_1_725' title='bbox 3428 4940 3460 5008; x_wconf 79' lang='grc' dir='ltr'>ὴ</span> <span class='ocrx_word' id='word_1_726' title='bbox 3492 4936 3717 5007; x_wconf 77' lang='grc' dir='ltr'>φράσις.</span> 
     </span>
    </p>
   </div>
   <div class='ocr_carea' id='block_1_105' title="bbox 2138 5027 3719 5105">
    <p class='ocr_par' dir='ltr' id='par_1_105' title="bbox 2138 5027 3719 5105">
     <span class='ocr_line' id='line_1_105' title="bbox 2138 5027 3719 5105; baseline -0.006 -18"><span class='ocrx_word' id='word_1_727' title='bbox 2138 5035 2307 5088; x_wconf 71' lang='grc' dir='ltr'>εἶκαὶ</span> <span class='ocrx_word' id='word_1_728' title='bbox 2339 5035 2413 5104; x_wconf 81' lang='grc' dir='ltr'>μὴ</span> <span class='ocrx_word' id='word_1_729' title='bbox 2469 5035 2606 5104; x_wconf 77' lang='grc' dir='ltr'>πρὸς</span> <span class='ocrx_word' id='word_1_730' title='bbox 2634 5033 2733 5105; x_wconf 82' lang='grc' dir='ltr'>τὴν</span> <span class='ocrx_word' id='word_1_731' title='bbox 2777 5032 3027 5103; x_wconf 81' lang='grc' dir='ltr'>Ἀττικὴν</span> <span class='ocrx_word' id='word_1_732' title='bbox 3082 5030 3473 5103; x_wconf 84' lang='grc' dir='ltr'>ἀπηκρίϐωται</span> <span class='ocrx_word' id='word_1_733' title='bbox 3527 5029 3594 5081; x_wconf 79' lang='grc' dir='ltr'>τὰ</span> <span class='ocrx_word' id='word_1_734' title='bbox 3623 5027 3719 5080; x_wconf 80' lang='grc' dir='ltr'>ὅλα</span> 
     </span>
    </p>
   </div>
   <div class='ocr_carea' id='block_1_106' title="bbox 1749 5144 2432 5205">
    <p class='ocr_par' dir='ltr' id='par_1_106' title="bbox 1749 5144 2432 5205">
     <span class='ocr_line' id='line_1_106' title="bbox 1749 5144 2432 5205; baseline 0.006 -8"><span class='ocrx_word' id='word_1_735' title='bbox 1749 5144 1985 5200; x_wconf 68' lang='lat' dir='ltr'><strong>VARIAB</strong></span> <span class='ocrx_word' id='word_1_736' title='bbox 2020 5146 2317 5205; x_wconf 80' lang='lat' dir='ltr'><strong>LECTION</strong></span> <span class='ocrx_word' id='word_1_737' title='bbox 2327 5147 2432 5202; x_wconf 87' lang='lat' dir='ltr'><strong>ES.</strong></span> 
     </span>
    </p>
   </div>
   <div class='ocr_carea' id='block_1_107' title="bbox 565 5229 1653 5303">
    <p class='ocr_par' dir='ltr' id='par_1_107' title="bbox 565 5229 1653 5303">
     <span class='ocr_line' id='line_1_107' title="bbox 565 5229 1653 5303; baseline -0.009 -13"><span class='ocrx_word' id='word_1_738' title='bbox 565 5229 839 5303; x_wconf 43' lang='grc' dir='ltr'><strong>Ι’έ-ρπλὴν]</strong></span> <span class='ocrx_word' id='word_1_739' title='bbox 910 5233 1071 5286; x_wconf 81' lang='grc' dir='ltr'>πλέον</span> <span class='ocrx_word' id='word_1_740' title='bbox 1132 5234 1196 5287; x_wconf 84' lang='grc' dir='ltr'>Α.</span> <span class='ocrx_word' id='word_1_741' title='bbox 1295 5236 1340 5268; x_wconf 81' lang='grc'><strong>⁸⁷</strong></span> <span class='ocrx_word' id='word_1_742' title='bbox 1400 5236 1562 5291; x_wconf 77' lang='grc' dir='ltr'>αὐτὸν</span> <span class='ocrx_word' id='word_1_743' title='bbox 1590 5238 1653 5291; x_wconf 78' lang='grc' dir='ltr'><strong>Α,</strong></span> 
     </span>
    </p>
   </div>
   <div class='ocr_carea' id='block_1_108' title="bbox 464 5299 1931 5375">
    <p class='ocr_par' dir='ltr' id='par_1_108' title="bbox 464 5299 1931 5375">
     <span class='ocr_line' id='line_1_108' title="bbox 464 5299 1931 5375; baseline 0.005 -22"><span class='ocrx_word' id='word_1_744' title='bbox 464 5302 507 5332; x_wconf 75' lang='grc'><strong>⁸⁸</strong></span> <span class='ocrx_word' id='word_1_745' title='bbox 531 5299 717 5375; x_wconf 73' lang='grc' dir='ltr'>Σάϐϐα</span> <span class='ocrx_word' id='word_1_746' title='bbox 742 5299 839 5367; x_wconf 65' lang='grc' dir='ltr'>ς.”</span> <span class='ocrx_word' id='word_1_747' title='bbox 881 5306 923 5336; x_wconf 87' lang='grc'><strong>⁶¹¹</strong></span> <span class='ocrx_word' id='word_1_748' title='bbox 955 5305 1147 5375; x_wconf 79' lang='grc' dir='ltr'>μέχρις</span> <span class='ocrx_word' id='word_1_749' title='bbox 1202 5305 1377 5370; x_wconf 85' lang='grc' dir='ltr'>ἄσεως</span> <span class='ocrx_word' id='word_1_750' title='bbox 1442 5309 1487 5339; x_wconf 74' lang='grc'><strong>⁸³</strong></span> <span class='ocrx_word' id='word_1_751' title='bbox 1516 5326 1573 5360; x_wconf 88' lang='grc' dir='ltr'><strong>τε</strong></span> <span class='ocrx_word' id='word_1_752' title='bbox 1603 5324 1710 5360; x_wconf 88' lang='lat' dir='ltr'><strong>mn.</strong></span> <span class='ocrx_word' id='word_1_753' title='bbox 1753 5324 1833 5375; x_wconf 92' lang='lat' dir='ltr'><strong>pr.</strong></span> <span class='ocrx_word' id='word_1_754' title='bbox 1867 5310 1931 5361; x_wconf 79' lang='grc' dir='ltr'>Α.</span> 
     </span>
    </p>
   </div>
   <div class='ocr_carea' id='block_1_109' title="bbox 1772 5238 2320 5311">
    <p class='ocr_par' dir='ltr' id='par_1_109' title="bbox 1772 5238 2320 5311">
     <span class='ocr_line' id='line_1_109' title="bbox 1772 5238 2320 5311; baseline 0.009 -20"><span class='ocrx_word' id='word_1_755' title='bbox 1772 5238 1817 5271; x_wconf 73' lang='grc'><strong>⁵⁸</strong></span> <span class='ocrx_word' id='word_1_756' title='bbox 1875 5238 2198 5311; x_wconf 78' lang='grc' dir='ltr'>ὀνομάζουσι</span> <span class='ocrx_word' id='word_1_757' title='bbox 2260 5259 2320 5306; x_wconf 82' lang='grc' dir='ltr'>ς’.</span> 
     </span>
    </p>
   </div>
   <div class='ocr_carea' id='block_1_110' title="bbox 2029 5313 2356 5375">
    <p class='ocr_par' dir='ltr' id='par_1_110' title="bbox 2029 5313 2356 5375">
     <span class='ocr_line' id='line_1_110' title="bbox 2029 5313 2356 5375; baseline 0.003 -11"><span class='ocrx_word' id='word_1_758' title='bbox 2029 5313 2074 5343; x_wconf 68' lang='grc'><strong>⁸⁵</strong></span> <span class='ocrx_word' id='word_1_759' title='bbox 2098 5316 2255 5366; x_wconf 76' lang='grc' dir='ltr'>τοῦτο</span> <span class='ocrx_word' id='word_1_760' title='bbox 2297 5330 2356 5375; x_wconf 80' lang='grc' dir='ltr'>ς.</span> 
     </span>
    </p>
   </div>
   <div class='ocr_carea' id='block_1_111' title="bbox 3116 5234 3713 5306">
    <p class='ocr_par' dir='ltr' id='par_1_111' title="bbox 3116 5234 3713 5306">
     <span class='ocr_line' id='line_1_111' title="bbox 3116 5234 3713 5306; baseline 0 -15"><span class='ocrx_word' id='word_1_761' title='bbox 3116 5240 3160 5271; x_wconf 84' lang='grc'><strong>⁶⁰</strong></span> <span class='ocrx_word' id='word_1_762' title='bbox 3211 5238 3379 5306; x_wconf 78' lang='grc' dir='ltr'>ὄνομα</span> <span class='ocrx_word' id='word_1_763' title='bbox 3446 5234 3597 5305; x_wconf 79' lang='grc' dir='ltr'>αὐτῷ</span> <span class='ocrx_word' id='word_1_764' title='bbox 3654 5252 3713 5298; x_wconf 78' lang='grc' dir='ltr'><strong>ς.</strong></span> 
     </span>
    </p>
   </div>
   <div class='ocr_carea' id='block_1_112' title="bbox 3221 5309 3711 5370">
    <p class='ocr_par' dir='ltr' id='par_1_112' title="bbox 3221 5309 3711 5370">
     <span class='ocr_line' id='line_1_112' title="bbox 3221 5309 3711 5370; baseline -0.008 -8"><span class='ocrx_word' id='word_1_765' title='bbox 3221 5310 3267 5341; x_wconf 74' lang='grc'><strong>⁸⁵</strong></span> <span class='ocrx_word' id='word_1_766' title='bbox 3305 5309 3616 5361; x_wconf 82' lang='grc' dir='ltr'>διαπίπτειν</span> <span class='ocrx_word' id='word_1_767' title='bbox 3649 5323 3711 5370; x_wconf 87' lang='grc' dir='ltr'>ς.</span> 
     </span>
    </p>
   </div>
   <div class='ocr_carea' id='block_1_113' title="bbox 2458 5240 3008 5310">
    <p class='ocr_par' dir='ltr' id='par_1_113' title="bbox 2458 5240 3008 5310">
     <span class='ocr_line' id='line_1_113' title="bbox 2458 5240 3008 5310; baseline 0 -17"><span class='ocrx_word' id='word_1_768' title='bbox 2458 5241 2503 5274; x_wconf 72' lang='grc' dir='ltr'><strong>δ’</strong></span> <span class='ocrx_word' id='word_1_769' title='bbox 2562 5241 2879 5310; x_wconf 82' lang='grc' dir='ltr'>παράδεισιν</span> <span class='ocrx_word' id='word_1_770' title='bbox 2942 5240 3008 5293; x_wconf 80' lang='grc' dir='ltr'>Α.</span> 
     </span>
    </p>
   </div>
   <div class='ocr_carea' id='block_1_114' title="bbox 2434 5310 3116 5382">
    <p class='ocr_par' dir='ltr' id='par_1_114' title="bbox 2434 5310 3116 5382">
     <span class='ocr_line' id='line_1_114' title="bbox 2434 5310 3116 5382; baseline -0.003 -17"><span class='ocrx_word' id='word_1_771' title='bbox 2434 5313 2478 5343; x_wconf 82' lang='grc'><strong>⁶⁸</strong></span> <span class='ocrx_word' id='word_1_772' title='bbox 2508 5310 2576 5382; x_wconf 86' lang='grc' dir='ltr'><strong>τ’]</strong></span> <span class='ocrx_word' id='word_1_773' title='bbox 2614 5312 2734 5365; x_wconf 84' lang='lat' dir='ltr'><strong>libri</strong></span> <span class='ocrx_word' id='word_1_774' title='bbox 2762 5311 3116 5381; x_wconf 86' lang='grc' dir='ltr'>τριακοσίοις.</span> 
     </span>
    </p>
   </div>
   <div class='ocr_carea' id='block_1_115' title="bbox 465 5370 2581 5447">
    <p class='ocr_par' dir='ltr' id='par_1_115' title="bbox 465 5370 2581 5447">
     <span class='ocr_line' id='line_1_115' title="bbox 465 5370 2581 5447; baseline 0.005 -24"><span class='ocrx_word' id='word_1_775' title='bbox 465 5373 599 5443; x_wconf 78' lang='grc' dir='ltr'>φησὶ</span> <span class='ocrx_word' id='word_1_776' title='bbox 618 5370 735 5442; x_wconf 87' lang='grc' dir='ltr'>λογ.</span> <span class='ocrx_word' id='word_1_777' title='bbox 774 5391 838 5437; x_wconf 83' lang='grc' dir='ltr'><strong>ς.</strong></span> <span class='ocrx_word' id='word_1_778' title='bbox 910 5370 1086 5429; x_wconf 41' lang='lat' dir='ltr'><strong>&quot;tibi;</strong></span> <span class='ocrx_word' id='word_1_779' title='bbox 1114 5406 1183 5415; x_wconf 90' lang='lat'><strong>—</strong></span> <span class='ocrx_word' id='word_1_780' title='bbox 1221 5377 1503 5446; x_wconf 69' lang='grc' dir='ltr'>σφαλερῶν</span> <span class='ocrx_word' id='word_1_781' title='bbox 1530 5378 1685 5431; x_wconf 76' lang='grc' dir='ltr'>τοῦτο</span> <span class='ocrx_word' id='word_1_782' title='bbox 1714 5370 1853 5432; x_wconf 73' lang='grc' dir='ltr'>ἐπιδ.</span> <span class='ocrx_word' id='word_1_783' title='bbox 1887 5396 1946 5442; x_wconf 81' lang='grc' dir='ltr'><strong>ς.</strong></span> <span class='ocrx_word' id='word_1_784' title='bbox 2024 5382 2068 5413; x_wconf 77' lang='grc'>⁸⁸</span> <span class='ocrx_word' id='word_1_785' title='bbox 2102 5382 2215 5447; x_wconf 77' lang='grc' dir='ltr'>βίον</span> <span class='ocrx_word' id='word_1_786' title='bbox 2244 5370 2335 5435; x_wconf 42' lang='grc' dir='ltr'>κατι</span> <span class='ocrx_word' id='word_1_787' title='bbox 2372 5397 2483 5436; x_wconf 88' lang='lat' dir='ltr'><strong>om.</strong></span> <span class='ocrx_word' id='word_1_788' title='bbox 2517 5370 2581 5434; x_wconf 36' lang='lat' dir='ltr'><strong>A1.</strong></span> 
     </span>
    </p>
   </div>
   <div class='ocr_carea' id='block_1_116' title="bbox 1978 5450 2206 5507">
    <p class='ocr_par' dir='ltr' id='par_1_116' title="bbox 1978 5450 2206 5507">
     <span class='ocr_line' id='line_1_116' title="bbox 1978 5450 2206 5507; baseline 0.009 -2"><span class='ocrx_word' id='word_1_789' title='bbox 1978 5450 2206 5507; x_wconf 70' lang='lat' dir='ltr'><strong>NOTAE.</strong></span> 
     </span>
    </p>
   </div>
   <div class='ocr_carea' id='block_1_117' title="bbox 542 5535 2036 5660">
    <p class='ocr_par' dir='ltr' id='par_1_117' title="bbox 542 5535 2036 5660">
     <span class='ocr_line' id='line_1_117' title="bbox 542 5535 2036 5660; baseline 0.005 -73"><span class='ocrx_word' id='word_1_790' title='bbox 542 5535 655 5660; x_wconf 44' lang='lat'><strong>(8‘5!)</strong></span> <span class='ocrx_word' id='word_1_791' title='bbox 694 5535 861 5594; x_wconf 84' lang='lat' dir='ltr'><strong>Hodie</strong></span> <span class='ocrx_word' id='word_1_792' title='bbox 896 5541 950 5594; x_wconf 88' lang='lat' dir='ltr'><strong>in</strong></span> <span class='ocrx_word' id='word_1_793' title='bbox 1000 5540 1104 5597; x_wconf 71' lang='lat'><strong>219</strong></span> <span class='ocrx_word' id='word_1_794' title='bbox 1138 5541 1315 5609; x_wconf 81' lang='lat' dir='ltr'><strong>capita</strong></span> <span class='ocrx_word' id='word_1_795' title='bbox 1358 5540 1621 5599; x_wconf 77' lang='lat' dir='ltr'><strong>duntaxat</strong></span> <span class='ocrx_word' id='word_1_796' title='bbox 1662 5540 1919 5594; x_wconf 84' lang='lat' dir='ltr'><strong>distincta</strong></span> <span class='ocrx_word' id='word_1_797' title='bbox 1960 5540 2036 5594; x_wconf 87' lang='lat' dir='ltr'><strong>lc-</strong></span> 
     </span>
     <span class='ocr_line' id='line_1_118' title="bbox 548 5625 692 5660; baseline 0.021 -3"><span class='ocrx_word' id='word_1_798' title='bbox 548 5626 575 5658; x_wconf 95' lang='grc' dir='ltr'><strong>ΙΙ</strong></span> <span class='ocrx_word' id='word_1_799' title='bbox 608 5625 620 5659; x_wconf 88' lang='lat' dir='ltr'><strong>l</strong></span> <span class='ocrx_word' id='word_1_800' title='bbox 647 5626 692 5660; x_wconf 87' lang='lat' dir='ltr'><strong>l&#39;.</strong></span> 
     </span>
    </p>
   </div>
   <div class='ocr_carea' id='block_1_118' title="bbox 472 5625 692 5676">
    <p class='ocr_par' dir='ltr' id='par_1_118' title="bbox 472 5625 692 5676">
     <span class='ocr_line' id='line_1_119' title="bbox 472 5625 692 5676; baseline 0.023 -20"><span class='ocrx_word' id='word_1_801' title='bbox 472 5625 692 5676; x_wconf 72' lang='lat' dir='ltr'><strong>guntur.</strong></span> 
     </span>
    </p>
   </div>
   <div class='ocr_carea' id='block_1_119' title="bbox 544 5668 2028 5747">
    <p class='ocr_par' dir='ltr' id='par_1_119' title="bbox 544 5668 2028 5747">
     <span class='ocr_line' id='line_1_120' title="bbox 544 5668 2028 5747; baseline 0.001 -16"><span class='ocrx_word' id='word_1_802' title='bbox 544 5678 655 5747; x_wconf 71' lang='lat'><strong>(86)</strong></span> <span class='ocrx_word' id='word_1_803' title='bbox 674 5680 1143 5735; x_wconf 75' lang='lat' dir='ltr'><strong>ExstantParisiis</strong></span> <span class='ocrx_word' id='word_1_804' title='bbox 1165 5680 1353 5734; x_wconf 87' lang='lat' dir='ltr'><strong>Latine</strong></span> <span class='ocrx_word' id='word_1_805' title='bbox 1374 5681 1608 5741; x_wconf 80' lang='lat' dir='ltr'><strong>excussi,</strong></span> <span class='ocrx_word' id='word_1_806' title='bbox 1636 5679 1752 5732; x_wconf 89' lang='lat' dir='ltr'><strong>etiu</strong></span> <span class='ocrx_word' id='word_1_807' title='bbox 1779 5668 2028 5733; x_wconf 76' lang='lat' dir='ltr'><strong>BllillOlll.</strong></span> 
     </span>
    </p>
   </div>
   <div class='ocr_carea' id='block_1_120' title="bbox 476 5749 2029 5821">
    <p class='ocr_par' dir='ltr' id='par_1_120' title="bbox 476 5749 2029 5821">
     <span class='ocr_line' id='line_1_121' title="bbox 476 5749 2029 5821; baseline -0.001 -17"><span class='ocrx_word' id='word_1_808' title='bbox 476 5749 577 5804; x_wconf 74' lang='lat' dir='ltr'><strong>SS.</strong></span> <span class='ocrx_word' id='word_1_809' title='bbox 602 5749 748 5806; x_wconf 89' lang='lat' dir='ltr'><strong>Patr.</strong></span> <span class='ocrx_word' id='word_1_810' title='bbox 780 5751 1094 5821; x_wconf 73' lang='lat' dir='ltr'><strong>Margariui,</strong></span> <span class='ocrx_word' id='word_1_811' title='bbox 1129 5761 1167 5805; x_wconf 91' lang='lat' dir='ltr'><strong>t.</strong></span> <span class='ocrx_word' id='word_1_812' title='bbox 1197 5750 1280 5805; x_wconf 74' lang='grc' dir='ltr'><strong>ιν.</strong></span> <span class='ocrx_word' id='word_1_813' title='bbox 1319 5752 1466 5807; x_wconf 80' lang='lat' dir='ltr'><strong>Alios</strong></span> <span class='ocrx_word' id='word_1_814' title='bbox 1502 5752 1740 5821; x_wconf 76' lang='lat' dir='ltr'><strong>ejusdem</strong></span> <span class='ocrx_word' id='word_1_815' title='bbox 1772 5761 2029 5819; x_wconf 66' lang='lat' dir='ltr'><strong>praeterea</strong></span> 
     </span>
    </p>
   </div>
   <div class='ocr_carea' id='block_1_121' title="bbox 2145 5536 3714 5610">
    <p class='ocr_par' dir='ltr' id='par_1_121' title="bbox 2145 5536 3714 5610">
     <span class='ocr_line' id='line_1_122' title="bbox 2145 5536 3714 5610; baseline -0.006 -15"><span class='ocrx_word' id='word_1_816' title='bbox 2145 5543 2213 5595; x_wconf 64' lang='lat'><strong>5&#39;2</strong></span> <span class='ocrx_word' id='word_1_817' title='bbox 2267 5544 2536 5598; x_wconf 88' lang='lat' dir='ltr'><strong>aseeticos</strong></span> <span class='ocrx_word' id='word_1_818' title='bbox 2566 5545 2631 5597; x_wconf 88' lang='lat' dir='ltr'><strong>ad</strong></span> <span class='ocrx_word' id='word_1_819' title='bbox 2662 5558 2757 5596; x_wconf 89' lang='lat' dir='ltr'><strong>sua</strong></span> <span class='ocrx_word' id='word_1_820' title='bbox 2788 5543 3103 5610; x_wconf 81' lang='lat' dir='ltr'><strong>pervenisse</strong></span> <span class='ocrx_word' id='word_1_821' title='bbox 3128 5551 3369 5606; x_wconf 87' lang='lat' dir='ltr'><strong>tempora</strong></span> <span class='ocrx_word' id='word_1_822' title='bbox 3392 5536 3714 5610; x_wconf 52' lang='lat' dir='ltr'><strong>indicativ-</strong></span> 
     </span>
    </p>
   </div>
   <div class='ocr_carea' id='block_1_122' title="bbox 2145 5607 3713 5680">
    <p class='ocr_par' dir='ltr' id='par_1_122' title="bbox 2145 5607 3713 5680">
     <span class='ocr_line' id='line_1_123' title="bbox 2145 5607 3713 5680; baseline -0.005 -13"><span class='ocrx_word' id='word_1_823' title='bbox 2145 5615 2300 5680; x_wconf 73' lang='lat' dir='ltr'><strong>cepit.</strong></span> <span class='ocrx_word' id='word_1_824' title='bbox 2359 5616 2448 5666; x_wconf 74' lang='lat' dir='ltr'><strong>liln.</strong></span> <span class='ocrx_word' id='word_1_825' title='bbox 2485 5629 2594 5672; x_wconf 79' lang='lat' dir='ltr'><strong>xw,</strong></span> <span class='ocrx_word' id='word_1_826' title='bbox 2634 5630 2752 5679; x_wconf 87' lang='lat' dir='ltr'><strong>cap.</strong></span> <span class='ocrx_word' id='word_1_827' title='bbox 2788 5607 2884 5672; x_wconf 58' lang='lat' dir='ltr'><strong>iii,</strong></span> <span class='ocrx_word' id='word_1_828' title='bbox 2916 5613 3007 5679; x_wconf 91' lang='lat' dir='ltr'><strong>qui</strong></span> <span class='ocrx_word' id='word_1_829' title='bbox 3044 5614 3185 5666; x_wconf 87' lang='lat' dir='ltr'><strong>hunc</strong></span> <span class='ocrx_word' id='word_1_830' title='bbox 3224 5611 3397 5663; x_wconf 83' lang='lat' dir='ltr'><strong>virum</strong></span> <span class='ocrx_word' id='word_1_831' title='bbox 3440 5625 3561 5663; x_wconf 75' lang='lat' dir='ltr'><strong>cum</strong></span> <span class='ocrx_word' id='word_1_832' title='bbox 3590 5607 3713 5661; x_wconf 68' lang='lat' dir='ltr'><strong>Nilo</strong></span> 
     </span>
    </p>
   </div>
   <div class='ocr_carea' id='block_1_123' title="bbox 2146 5682 3064 5754">
    <p class='ocr_par' dir='ltr' id='par_1_123' title="bbox 2146 5682 3064 5754">
     <span class='ocr_line' id='line_1_124' title="bbox 2146 5682 3064 5754; baseline -0.001 -16"><span class='ocrx_word' id='word_1_833' title='bbox 2146 5685 2206 5738; x_wconf 87' lang='grc' dir='ltr'>Β.</span> <span class='ocrx_word' id='word_1_834' title='bbox 2240 5684 2522 5754; x_wconf 71' lang='lat' dir='ltr'><strong>(lltrysosl.</strong></span> <span class='ocrx_word' id='word_1_835' title='bbox 2553 5682 2877 5750; x_wconf 76' lang='lat' dir='ltr'><strong>discipulum</strong></span> <span class='ocrx_word' id='word_1_836' title='bbox 2913 5683 3064 5737; x_wconf 78' lang='lat' dir='ltr'><strong>facit.</strong></span> 
     </span>
    </p>
   </div>
  </div>
