4030 6248
385 315 488 380 669

1394 318 1920 380 BIBLIOTHECA.
1948 342 2018 353 --
2037 317 2255 378 CODD.
2288 318 2394 394 CC,
2431 319 2566 381 CCI.

3532 315 3634 377 670

383 430 632 497 γλῶτταν
653 427 697 460 ⁸⁸
715 443 731 458 ο
764 428 811 480 εἰ
837 427 895 481 δέ
934 445 1036 481 που
1065 428 1192 500 [269
1219 427 1313 501 IL}
1344 429 1403 483 τὸ
1452 431 1662 497 ἀσαφὲς
1682 430 1959 498 ἐνορᾶται,

2089 441 2255 484 :urate
2305 430 2542 500 linguam
2592 439 2901 498 componat.
2957 428 3140 483 Sicubi
3188 444 3316 484 vero
3349 431 3399 485 in
3434 433 3637 489 hisob-

385 522 466 593 τῷ
497 521 584 576 διὰ
633 520 885 591 πράξεως
937 522 1077 574 αὐτὰ
1110 525 1411 591 πεφυκέναι
1445 521 1645 592 μᾶλλον
1670 522 1954 573 κατανοεῖ-

392 615 517 667 σθαι
556 614 831 683 ἀναχωρεῖ
865 614 965 682 τῆς
1013 613 1105 666 διὰ
1148 612 1323 681 λόγων
1372 612 1692 684 ἑρμηνείας,
1729 612 1851 681 οὐχὶ
1880 609 1958 681 τῷ

389 704 665 766 δυσκόλως
695 703 969 774 εἰρῆσθαι.
998 704 1070 755 Τὸ
1095 704 1151 756 δὲ
1184 705 1426 759 τοιοῦτον
1447 705 1547 758 οὐκ
1572 706 1631 756 ἐν
1659 705 1775 766 τοῖς
1806 704 1961 772 εἰρη-

394 794 577 863 μένοις
611 793 771 863 μύνον
825 793 1190 861 ἀναφαίνεται
1233 794 1436 862 λόγοις,
1483 792 1620 847 ἀλλά
1648 793 1742 845 καὶ
1761 794 1819 844 ἐν
1846 793 1961 853 τοῖς

393 884 549 954 ἑξῆς·
584 884 679 937 καὶ
700 885 822 953 οὐχὶ
851 884 996 955 μόνῳ
1014 884 1152 955 τῷδε
1173 885 1252 956 τῷ
1309 885 1484 954 ἀνδρὶ,
1521 883 1658 937 ἀλλὰ
1684 884 1730 914 ⁷ο
1760 880 1958 952 μικροῦ

393 984 583 1046 πᾶσιν,
607 976 689 1044 οἷς
715 982 1046 1051 ἁσκητικοὺς
1071 982 1265 1051 νόμους
1282 983 1376 1034 καὶ
1404 981 1548 1051 πάθη
1572 981 1665 1033 καὶ
1693 977 1962 1040 διαθέσεις

393 1074 462 1127 δι’
511 1072 687 1144 ἔργων
729 1072 1013 1143 χωρούσας
1042 1072 1411 1140 ἀπαγγέλλειν
1455 1071 1648 1139 γέγονε
1675 1068 1903 1139 σπουδὴ,
1935 1069 1965 1120 ὁ

395 1166 498 1234 τῆς
515 1166 771 1236 τοιαύτης
798 1165 1068 1232 ἀσαφείας
1100 1163 1317 1234 ἐνιαχοῦ
1356 1162 1685 1234 συμπρόεισι
1740 1161 1963 1230 τρόπος,

398 1258 498 1328 τῆς
521 1259 587 1311 ἐκ
605 1256 650 1289 ⁷⁸
680 1257 790 1310 τῶν
819 1257 997 1328 ἔργων
1021 1256 1202 1310 αὐτῶν
1257 1254 1606 1322 ἐπιγνώσεως
1650 1251 1712 1307 οῦ
1734 1270 1788 1305 τι
1825 1251 1969 1322 μάλα

404 1343 853 1414 στεργούσηςτάς
875 1346 963 1398 διὰ
985 1345 1096 1397 τῶν
1120 1345 1382 1415 ῥημάτων
1410 1342 1794 1412 ἐπιδηλώσεις.
1825 1340 1966 1393 Ἀλλ’

401 1435 545 1488 οὕτω
583 1437 680 1503 μὲν
705 1435 835 1504 περ)⁸
847 1434 1059 1488 τούτου.
1093 1435 1163 1488 Ὅ
1188 1452 1253 1503 γε
1289 1436 1396 1505 μὴν
1416 1434 1457 1487 δ’
1489 1435 1669 1500 λόγος,
1695 1434 1775 1496 εἰς
1800 1433 1970 1486 τύπον

403 1526 727 1597 ἐρωτήσεως
753 1527 844 1579 καὶ
875 1527 1222 1596 ἀποκρίσεως
1242 1526 1741 1597 ἐσχηματισμένος,
1766 1526 1974 1578 δείκνυ-

2067 522 2303 577 scuritas
2349 521 2524 590 aliqua
2551 521 2818 583 cernitur,
2859 521 2979 574 ideo
3011 521 3268 575 nimirum
3297 523 3370 576 ab
3401 539 3485 585 ea,
3517 539 3638 591 quae

2068 632 2166 685 per
2198 617 2363 670 verba
2392 614 2452 669 fit
2482 612 2679 686 [clara]
2710 613 3074 681 explicatione
3108 614 3335 675 recedit,
3364 616 3508 684 quod
3525 615 3639 669 haec

2067 708 2330 777 ejusmodi
2350 708 2477 771 sint,
2524 715 2581 759 ut
2623 722 2718 774 per
2753 706 3021 758 actionem
3087 705 3255 773 ipsam
3298 703 3638 770 potissimum

2069 799 2273 868 percipi
2315 799 2568 861 debeant,
2604 812 2710 849 non
2744 797 2889 862 quod
2918 793 3209 848 difﬁculter
3243 796 3429 847 eadem
3457 794 3643 862 expri-

2072 891 2143 944 mi
2175 891 2422 944 oratione
2459 890 2689 957 possint.
2719 889 2869 953 Quod
2898 902 3003 940 non
3039 888 3091 939 in
3122 886 3268 940 hisce
3290 887 3463 939 solum
3490 884 3640 939 libris

2072 999 2172 1037 usu
2214 983 2395 1049 venit,
2448 983 2540 1036 sed
2588 992 2642 1035 et
2691 982 2743 1034 in
2792 981 2915 1034 aliis
2957 980 3210 1046 deinceps
3263 978 3642 1048 sequentibus.

2072 1074 2211 1141 Quin
2244 1090 2416 1143 neque
2451 1075 2504 1127 in
2540 1074 2640 1127 hoc
2663 1073 2924 1126 duntaxat
2946 1073 3236 1141 scriptore,
3268 1085 3451 1125 verum
3478 1070 3641 1123 etiam

2075 1171 2128 1222 in
2161 1167 2413 1221 omnibus
2440 1165 2611 1220 ferme
2643 1166 2733 1229 iis,
2769 1165 2859 1235 qui
2900 1165 2966 1217 de
2990 1163 3243 1217 asceticis
3270 1163 3561 1225 institutis,
3592 1170 3647 1215 et

2074 1261 2141 1314 de
2186 1258 2684 1327 perturbationibus
2722 1267 2883 1324 atque
2926 1254 3331 1318 affectionibus,
3384 1270 3503 1323 qtae
3552 1266 3649 1320 per

2076 1351 2192 1420 ipsa
2219 1350 2589 1420 producuntur
2617 1364 2805 1417 opera,
2838 1349 3036 1401 docere
3062 1348 3265 1415 aliquid
3299 1347 3645 1409 studuerunt,

2076 1432 2339 1509 ejusmodi
2370 1440 2720 1495 obscuritatis
2742 1440 2931 1492 vitium
2952 1438 3150 1492 alicubi
3185 1439 3459 1491 invenitur
3486 1453 3501 1501 ;
3526 1452 3647 1505 quae

2079 1537 2222 1588 enim
2255 1548 2320 1587 ex
2360 1535 2493 1602 ipsis
2544 1542 2626 1585 est
2660 1532 2917 1600 operibus
2944 1542 3198 1598 percepta
3230 1530 3492 1597 cognitio,
3542 1544 3646 1580 non

406 1635 494 1671 σιν
525 1617 602 1681 ὡς
634 1617 697 1671 τὸ
724 1612 991 1687 σωτήριον
1041 1617 1326 1687 βάπτισμα
1375 1618 1474 1687 τὴν
1522 1616 1836 1687 ἐλευθερίαν
1878 1618 1973 1670 καὶ

2089 1640 2250 1693 usque
2280 1628 2413 1677 adeo
2458 1623 2637 1677 verbis
2665 1624 2933 1689 explicari
2973 1631 3227 1676 contenta
3264 1630 3366 1673 est.
3397 1620 3500 1672 Sed
3536 1620 3651 1672 haec

403 1706 498 1761 τὸν
537 1708 879 1777 καθαρισμὸν
917 1706 1025 1759 τῶν
1061 1709 1476 1785 ἁμαρτημάτων
1533 1707 1813 1777 μυστικῶς
1844 1708 1977 1778 ἡμῖν

407 1800 702 1872 ἐχαρίσατο
746 1802 792 1832 τ’
835 1801 929 1853 καὶ
961 1801 1060 1871 τὴν
1094 1801 1256 1870 χάριν
1294 1801 1388 1853 τοῦ
1439 1801 1706 1868 παναγίου
1751 1799 1977 1870 ἐνῴκισε

407 1891 745 1962 Πνεύματος,
787 1892 882 1945 καὶ
937 1892 1145 1945 τοιαῦθ’
1177 1893 1361 1962 ἔτερα.
1402 1892 1460 1945 '0
1488 1891 1545 1944 δὲ
1573 1897 1613 1944 ε’
1665 1892 1980 1945 διαπλάττει

405 1987 501 2042 τὸν
528 1987 652 2041 νοῦν
703 1987 841 2057 πρὸς
870 1988 972 2056 τὴν
1010 1988 1215 2040 οἰκείαν
1266 1987 1443 2058 ψυχὴν
1504 1987 1817 2057 συμϐουλὴν
1869 1982 1981 2040 οἷον

407 2079 883 2150 ἀνακοινούμενον,
909 2080 975 2132 δι’
997 2075 1066 2152 ἧς
1106 2081 1206 2133 οὐκ
1236 2079 1428 2142 ἄλλους
1477 2080 1703 2143 αἰτίους,
1739 2078 1852 2132 ἀλλ’
1885 2079 1985 2131 αὐ-

410 2173 539 2234 τοὺς
570 2173 715 2242 ἡμᾶς
737 2172 848 2224 τῶν
876 2172 1343 2242 ἁμαρτανομένων
1397 2172 1780 2239 ἀποφαίνεται.
1820 2172 1929 2224 Καὶ
1955 2172 1984 2223 ὁ

412 2261 473 2328 ς’
498 2261 554 2316 δὲ
578 2263 659 2325 εἰς
675 2262 922 2329 διάλογον
940 2279 1040 2332 σχη
1050 2259 1357 2331 ματίζεται,
1379 2262 1732 2332 σχολαστικὸν
1746 2265 1983 2332 εἰσάγων

411 2352 535 2406 τινὰ
559 2353 696 2422 πρὸς
719 2353 947 2422 Μάρκον
972 2352 1134 2405 αὐτὸν
1161 2353 1565 2423 διαλεγόμενον,
1590 2347 1665 2407 ὧν
1711 2356 1779 2407 τά
1811 2354 1983 2421 κειρά-

410 2443 542 2497 λαια
572 2445 655 2499 ὅτι
674 2443 755 2496 δεῖ
783 2430 1144 2514 ἀδικούμενον
1174 2445 1247 2515 μὴ
1295 2444 1601 2513 ἀμύνεσθαι
1643 2445 1775 2516 μηδὲ
1814 2462 1984 2498 κατα-

412 2538 622 2608 κρίνειν
667 2538 793 2601 τοὺς
834 2537 1176 2602 ἀδικοῦντας,
1209 2537 1326 2590 ἀλλ’
1375 2537 1519 2591 ἰδίων
1573 2538 1985 2609 ἁμαρτημάτων

412 2629 732 2700 εἰσπράξεις
760 2629 1012 2701 ἡγεῖσθαι
1042 2630 1144 2693 τὰς
1174 2631 1232 2696 ἐξ
1258 2630 1464 2699 ἐτέρων
1490 2632 1623 2700 ἡμῖν
1655 2630 1987 2700 ἐπιφερομέ-

412 2739 512 2784 νας
534 2722 578 2753 ⁷³
599 2723 890 2792 ἐπηρείαςο
930 2722 1022 2775 καὶ
1053 2722 1134 2775 ὅτι
1181 2721 1418 2790 χαλεπὸν
1439 2723 1473 2792 ἡ
1503 2721 1985 2792 ἀνθρωπαρεσκία,

413 2815 511 2868 καὶ
536 2814 610 2877 ὼς
640 2815 722 2868 δεῖ
753 2814 956 2877 παντὸς
987 2812 1302 2882 σωματικοῦ
1333 2814 1496 2883 ἔργου
1518 2813 1698 2886 πολλῷ
1735 2815 1812 2884 τῷ
1841 2814 1989 2883 μέσῳ

410 2905 513 2972 τὴν
533 2905 844 2978 προσευχὴν
882 2905 1229 2974 προτάττειν,
1294 2908 1390 2959 καὶ
1421 2906 1475 2959 τί
1501 2908 1617 2958 ἐστι
1669 2906 1732 2959 τὸ
1777 2905 1989 2974 θέλημα

411 2997 516 3067 τῆς
543 2999 764 3068 σαρκός.
801 2977 863 3052 ίυο
889 2999 946 3051 δὲ
970 2999 1036 3063 ς’,
1072 3000 1172 3052 οὐκ
1204 3000 1283 3061 εις
1303 2999 1371 3052 τὰ
1399 2999 1509 3052 τῶν
1538 2999 1800 3069 ῥημάτων
1832 3000 1991 3067 ἀμοιο
2014 2977 2061 3042 C

413 3088 548 3143 δαῖα
569 3089 618 3122 ⁷⁸
674 3088 1123 3159 διατυπούμενος,
1159 3090 1286 3160 περὶ
1314 3090 1569 3160 νηστείας
1615 3088 1990 3158 διαλαμϐάνει.

422 3179 488 3234 Ὅ
518 3180 576 3235 δέ
604 3187 679 3251 η’,
722 3181 977 3252 Νικολάῳ
1009 3180 1117 3233 τινὶ
1166 3179 1385 3257 μοναχῷ
1424 3183 1810 3251 γεγραμμένος
1832 3223 1847 3247 ,
1885 3182 1994 3236 τίσι

418 3272 655 3342 μάλιστα
700 3272 1011 3337 κοιμίζεται
1045 3271 1091 3303 ⁷⁸
1131 3270 1299 3342 θυμὸς
1327 3273 1423 3324 καὶ
1451 3272 1590 3342 ὀργὴ
1616 3272 1648 3342 ἣ
1688 3272 1784 3325 καὶ
1812 3273 1995 3324 τέλεον

414 3366 794 3431 καταργεῖται,
821 3363 1189 3427 ἀναδιδάσκει,
1223 3363 1318 3417 καὶ
1341 3364 1484 3415 τίσιν
1512 3365 1545 3432 ἡ
1581 3363 1812 3433 σαρκίνη
1869 3364 1993 3414 ἐπι-

418 3455 606 3525 θυμία.
630 3454 816 3509 Ταῦτα
850 3456 968 3525 μὲν,
999 3457 1048 3508 εί
1077 3455 1171 3508 καὶ
1196 3453 1339 3508 κατά
1371 3455 1432 3507 τὸ
1476 3455 1674 3525 μᾶλλον
1708 3454 1805 3507 καὶ
1836 3450 1997 3524 ἦττον

418 3545 664 3614 ἀλλήλων
692 3544 1036 3615 διαφέροντα,
1065 3545 1213 3613 ὅμως
1228 3545 1308 3605 είς
1333 3543 1429 3613 τὴν
1461 3543 1772 3615 πρακτικὴν
1841 3560 1996 3613 χειρ-

418 3639 630 3704 αγωγεί
660 3635 980 3705 φιλοσοφίαν
1024 3635 1094 3688 τὰ
1120 3635 1265 3688 ὀκτὼ
1288 3634 1333 3665 ’⁷⁸
1361 3636 1471 3688 τῶν
1499 3635 1717 3704 λογίων.
1752 3638 1811 3688 '0
1841 3635 1896 3687 δὲ
1929 3635 1993 3700 θ’,

420 3729 565 3782 κατά
590 3727 1061 3797 Μελχισεδεκιτῶν
1119 3726 1541 3796 ἀγωνιζόμενος,
1573 3727 1724 3780 οὐδὲν
1778 3726 1999 3780 ἔλαττον

420 3819 513 3873 τὸν
533 3819 940 3890 γεννησάμενον
959 3818 1121 3871 αὐτὸν
1158 3817 1425 3888 αἱρέσεως
1454 3817 1638 3887 ἔνοχον
1672 3819 1732 3870 οὐ
1766 3834 1999 3887 μετριω-

421 3909 587 3980 τέρας
623 3909 958 3981 στηλιτεύειο
1004 3908 1146 3981 πλὴν
1201 3908 1281 3978 τῷ
1330 3927 1396 3978 γε
1447 3909 1620 3980 θηρᾷν
1663 3909 2000 3979 πανταχόθεν

425 4001 698 4073 ἐφιεμένῳ
735 4004 796 4056 τὸ
844 4007 1134 4074 χρήσιμον,
1178 4003 1277 4055 οὐκ
1309 4002 1606 4073 άσυντελὴς
1644 4003 1795 4073 αὑτῷ
1821 4003 1930 4055 οὐδ’
1965 4004 1999 4074 ἡ

426 4099 492 4150 ἐκ
532 4094 722 4149 τούτου
744 4095 1053 4163 ἀνάγνωσις
1095 4094 1272 4148 ἔσται.
1300 4093 1410 4165 Τὴν
1443 4093 1501 4147 δὲ
1548 4092 1658 4147 τῶν
1692 4095 2001 4165 είρημένων

425 4188 599 4254 λόγων
636 4188 790 4254 τάξιν
814 4187 876 4240 ού
908 4188 1086 4241 πάντα
1112 4187 1181 4239 τὰ
1201 4187 1511 4256 ἀντίγραφα
1561 4186 1660 4257 τὴν
1692 4187 1862 4259 αὐτὴν
1885 4187 2002 4240 δια-

429 4280 616 4345 σώζει,
642 4280 778 4334 ἀλλά
810 4280 928 4333 ἔνια
960 4279 1059 4349 μὲν
1076 4278 1122 4311 ⁷⁷
1150 4279 1462 4348 προτάττει,
1509 4276 1646 4331 ἄλλα
1679 4276 1736 4329 δὲ
1766 4278 2000 4330 ὑποτάτ-

426 4390 512 4426 τει
542 4372 619 4436 ὥς
645 4389 767 4425 τινα
789 4372 883 4424 καὶ
915 4369 1012 4442 τὴν
1033 4371 1270 4441 ἐσχάτην
1290 4370 1406 4432 τοῖς
1431 4368 1671 4438 πρώτοις
1700 4368 1999 4439 ἀπονέμειν

426 4462 614 4535 χώραν
634 4464 703 4517 ⁷⁸.

2082 1717 2363 1771 hactenus.
2401 1714 2654 1781 Quartus.
2697 1729 2858 1780 porro
2898 1714 3033 1766 liber
3073 1712 3458 1779 interrogantis
3487 1720 3652 1777 atque

2083 1809 2452 1877 respondentis
2470 1806 2641 1861 forma
2660 1807 3012 1876 compositus.
3032 1808 3186 1859 docet
3203 1804 3538 1858 salutiferum
3558 1804 3655 1857 ba~

2083 1904 2301 1974 ptisma,
2325 1916 2445 1955 cum
2471 1901 2846 1955 liberationem
2870 1898 3341 1967 expiationemqne
3361 1896 3650 1951 criminum

2082 1994 2308 2062 mystice
2322 1991 2475 2045 nobis
2493 1988 2806 2053 contulisse,
2829 1998 2941 2042 tum
2965 1987 3138 2041 sancti
3164 1986 3401 2052 Spiritus
3422 1983 3653 2052 gratiam

2084 2083 2347 2139 infudisse
2377 2102 2391 2138 :
2427 2081 2620 2152 163a
2667 2091 2722 2135 et
2759 2082 2810 2135 id
2844 2095 3016 2149 genus
3067 2077 3441 2161 alia.Qnintus
3461 2077 3654 2131 deinde

2085 2176 2282 2228 mentis
2316 2175 2464 2228 velut
2493 2173 2972 2237 consultationem,
3006 2187 3126 2225 cmn
3156 2186 3251 2224 sua
3283 2170 3451 2238 ipsius
3474 2170 3654 2222 anima

2087 2267 2161 2320 ita
2193 2267 2420 2332 inducit,
2451 2276 2508 2319 ut
2533 2280 2630 2318 nos
2659 2265 2810 2333 ipsos
2846 2274 3096 2317 auctores
3134 2278 3256 2317 esse
3286 2272 3652 2337 peccatorum,

2088 2371 2191 2411 non
2223 2372 2352 2410 vero
2382 2355 2436 2409 in
2457 2355 2590 2408 alios
2615 2358 2828 2422 culpam
2859 2352 3269 2415 conferendam,
3295 2351 3654 2404 demonstret.

2091 2448 2289 2502 Sextus
2312 2458 2491 2501 autem
2520 2445 2717 2514 dialogi
2775 2444 2947 2499 forma
2990 2445 3354 2511 conscriptus,
3382 2457 3490 2511 quo
3531 2456 3660 2493 cau-

2089 2541 2292 2596 sidicus
2324 2539 2541 2607 quidam
2577 2553 2699 2591 cmn
2732 2535 2916 2590 Marco
2943 2536 3058 2603 ipso
3087 2534 3364 2589 disserens
3388 2533 3659 2587 inducitur

2091 2641 2433 2699 tractantque
2462 2631 2574 2683 haec
2603 2628 2716 2682 fere
2742 2631 2917 2696 capita
2952 2646 2965 2680 :
2998 2628 3101 2693 Qui
3135 2627 3386 2696 injuriam
3435 2641 3662 2694 accepe—

2089 2723 2186 2787 rit,
2226 2721 2415 2776 ulcisci
2466 2735 2574 2774 non
2608 2721 2827 2783 debere,
2878 2733 2978 2772 nec
3023 2719 3158 2771 adeo
3213 2718 3333 2770 illos
3382 2718 3660 2781 damnare,

2091 2812 2182 2882 qui
2232 2811 2486 2879 iniuriam
2524 2810 2775 2871 fecerint,
2804 2824 2926 2862 cum
2979 2822 3258 2875 ptenarum
3303 2806 3572 2874 sitpotius
3597 2805 3663 2858 de

2093 2907 2333 2977 peccatis
2389 2904 2596 2958 nostris
2644 2904 2938 2971 repulanda
2987 2900 3224 2962 exactio,
3270 2914 3391 2968 quae
3431 2899 3499 2952 ab
3545 2898 3666 2951 aliis

2095 3001 2253 3055 nobis
2284 2997 2589 3052 inferantur
2611 2995 2845 3064 injuriae.
2875 2992 3099 3048 Difficile
3116 3008 3329 3061 quoque
3351 3006 3474 3046 esse
3492 2991 3666 3044 homi-

2095 3094 2255 3147 nibus
2290 3091 2527 3161 placere.
2568 3088 2942 3143 Precationem
2978 3086 3177 3140 dehinc
3207 3086 3515 3152 cuicunque
3543 3097 3665 3136 cor-

2096 3182 2267 3249 porali
2301 3181 2454 3250 operi
2503 3179 2664 3249 longo
2694 3192 2815 3232 esse
2858 3176 3147 3231 intervallo
3198 3171 3616 3243 praeponendam
3644 3187 3662 3223 :

2095 3288 2151 3333 et
2179 3292 2298 3346 qua:
2330 3276 2401 3329 sit
2433 3274 2665 3340 denique
2697 3270 2878 3325 carnis
2918 3270 3192 3322 voluntas.
3227 3265 3503 3335 Septimus
3534 3263 3672 3316 liber

2100 3371 2227 3443 [non
2262 3383 2357 3438 per
2398 3365 2670 3434 dialogum
2699 3359 2959 3433 scriptus]
2999 3362 3066 3413 de
3088 3357 3296 3427 jejunio
3332 3357 3464 3427 agit.
3497 3353 3664 3409 Octa-

2097 3477 2197 3514 vus
2246 3458 2462 3512 tandem
2505 3455 2727 3508 Nicolao
2769 3453 2985 3507 cuidam
3020 3450 3301 3518 [monacho
3346 3448 3671 3513 inscriptus,

2102 3553 2299 3622 quibus
2324 3549 2667 3618 potissimum
2703 3546 2780 3598 ira
2812 3560 2873 3597 ac.
2906 3542 3060 3596 furor
3093 3540 3259 3594 animi
3290 3538 3556 3607 sopiatur,
3587 3540 3671 3590 vel

2100 3644 2262 3697 etiam
2292 3642 2509 3711 penitus
2558 3637 2793 3700 tollatur,
2834 3643 2889 3688 et
2917 3634 3113 3703 quibus
3159 3631 3322 3685 etiam
3367 3629 3547 3683 carnis
3576 3642 3674 3680 ex-

2099 3737 2416 3804 stinguatur
2449 3729 2913 3798 concupiscentia,
2937 3730 3148 3779 edocet.
3173 3722 3275 3789 Qui
3303 3721 3521 3791 quidem
3550 3728 3675 3773 octo

2102 3828 2253 3890 libri,
2288 3828 2391 3881 etsi
2417 3826 2539 3894 plus
2568 3824 2813 3877 minusve
2851 3823 2958 3873 sint
2988 3820 3131 3872 inter
3161 3832 3220 3870 se
3242 3814 3463 3879 diversi,
3484 3827 3675 3867 omnes

2103 3932 2283 3977 tamen
2335 3921 2400 3973 ad
2448 3923 2768 3987 operantem
2816 3911 3139 3983 sapientiam
3170 3908 3325 3978 quasi
3374 3920 3536 3959 manu
3572 3902 3677 3956 du-

2103 4023 2253 4069 cunt.
2282 4012 2529 4065 Accessit
2569 4018 2620 4062 et
2673 4020 2843 4059 nonus
2882 4004 3042 4067 liber,
3095 4015 3203 4070 quo
3246 3999 3372 4052 dum
3419 3996 3678 4050 adversus

2105 4103 2572 4160 Melchisedecitas
2627 4094 2737 4167 (87)
2780 4097 3071 4164 depugnat,
3126 4090 3294 4143 nihilo
3325 4087 3541 4141 interim
3570 4086 3676 4138 mi-

2108 4210 2206 4249 nus
2230 4195 2285 4248 in
2327 4193 2503 4261 ipsum
2546 4199 2825 4260 parentem
2861 4201 3042 4248 suum,
3091 4179 3317 4236 haeresis
3361 4178 3518 4247 hujus
3560 4175 3678 4228 labe

2107 4285 2559 4345 contaminatum,
2608 4281 2960 4334 vehementer
3002 4273 3275 4328 invehitur
3310 4268 3445 4337 :qui
3495 4278 3675 4320 tamen

2108 4379 2395 4433 utilitatem
2426 4373 2664 4443 undique
2702 4369 3032 4436 investigare
3068 4363 3363 4425 desideret,
3394 4360 3482 4412 ille
3517 4372 3584 4411 ne
3624 4357 3678 4408 in

2111 4470 2213 4522 hoc
2237 4466 2454 4534 quidem
2493 4463 2716 4532 legendo
2747 4471 2963 4527 operam
2991 4453 3158 4507 ludet.
3190 4450 3337 4506 Ordo
3380 4463 3508 4502 vero
3545 4447 3681 4500 isto-

429 4539 551 4610 rnni
576 4555 835 4609 librorum
869 4568 974 4608 non
1005 4554 1144 4608 idem
1180 4552 1233 4606 in
1267 4552 1519 4606 omnibus
1550 4560 1634 4606 est
1666 4554 1982 4615 codicibus:
2024 4562 2127 4616 alia
2174 4562 2319 4616 enim
2359 4557 2581 4627 quidam
2654 4558 3015 4622 prseponunt,
3066 4545 3170 4598 alia
3259 4539 3574 4609 subjiciunt,
3625 4548 3685 4591 ut

428 4646 624 4719 primis
653 4647 817 4702 etiam
852 4646 1017 4716 aliqui
1042 4655 1346 4699 extremum
1387 4644 1630 4698 tribuant
1657 4645 1862 4705 locum.

1128 4736 1249 4790 ΣΝ.

430 4832 724 4901 Διαδόχου
752 4829 1021 4898 Φωτικῆς
1053 4830 1122 4883 ἐν
1144 4828 1219 4895 τῇ
1234 4826 1461 4901 παλαιᾷ
1476 4828 1726 4901 Ἠπείρῳ
1756 4830 2004 4886 ἐπισκό-

503 4899 623 4957 non
654 4902 778 4970 ὅροι
812 4908 873 4954 ι’·
907 4902 1006 4953 καὶ
1033 4899 1333 4965 ἀσκητικὰ
1370 4899 1665 4970 κεφάλαια
1681 4906 1755 4967 ρ’.
1775 4929 1843 4938 -
1878 4903 2009 4954 Νεί-

498 4977 615 5027 λου
641 4968 913 5040 μόναχοῦ
936 4971 1126 5039 Λόγος
1162 4970 1231 5020 ἐν
1256 4968 1605 5035 κεφαλαίοις
1630 4976 1781 5037 ρνγα
1801 5000 1872 5009 —
1898 4972 2010 5026 Καὶ

514 5042 795 5097 Ἰωάννου
820 5042 926 5095 τοῦ
954 5040 1293 5107 Κιιρπαθίου
1318 5041 1797 5106 Παραδισίητικός.

504 5132 632 5206 ίῦἳιί
664 5131 758 5204 IL]
808 5130 1145 5201 Ἀνεγνώσθη
1175 5130 1377 5199 βιϐλίον
1409 5132 1520 5193 τοῖς
1552 5130 1840 5198 ἑπομένοις
1903 5132 2002 5205 μὲν

2835 4722 2964 4781 CCI.

2106 4829 2368 4888 Diadochi
2423 4824 2662 4879 Plzoticw
2692 4821 2879 4875 veteris
2910 4815 3062 4886 Epiri
3117 4814 3283 4888 epifc.
3333 4811 3677 4888 Definitiones

2178 4882 2241 4955 ἐξ
2256 4882 2302 4953 et
2336 4899 2529 4961 Capita
2570 4910 2620 4947 c.
2654 4922 2724 4932 —
2758 4891 2882 4961 Nili
2905 4882 3259 4961 monac/tiam
3306 4882 3544 4961 oratione
3598 4897 3688 4933 ca-

2175 4953 2285 5041 pita
2321 4953 2471 5024 cuit.
2497 4963 2808 5016 -—.Ioannis
2844 4956 3117 5025 Carpathii
3152 4953 3577 5009 Consolatorius.

2181 5128 2311 5197 Legi
2353 5123 2587 5178 libellum
2620 5117 2730 5190 (88)
2762 5118 2817 5172 in
2858 5130 2990 5187 quo,
3022 5123 3139 5183 post
3165 5111 3354 5166 decem
3399 5107 3687 5162 admodum

1706 5271 1938 5326 VARle
1972 5265 2380 5324 LECTIONES.

508 5369 553 5399 θ’
590 5365 843 5433 γλῶσσαν
865 5383 924 5429 ς’.

434 5437 872 5505 ’⁵ἀμεί6οπας.
968 5436 1012 5505 ⁷Ϋ
1041 5436 1345 5504 κοιμίζεται
1404 5434 1636 5505 μάλιστα
1692 5449 1751 5494 ς’.

434 5501 552 5561 om.
573 5510 638 5561 A.
718 5505 763 5538 ⁷⁸
793 5515 913 5575 post
944 5501 1141 5576 χώραν
1187 5509 1237 5558 in
1269 5506 1313 5557 Α
1345 5501 1527 5558 versus
1556 5504 1589 5554 5
1626 5501 1800 5556 vacui.

1025 5365 1070 5396 ⁷⁰
1102 5365 1239 5443 ἀλλά
1273 5365 1370 5417 καὶ
1421 5380 1566 5443 μιις.

1669 5362 1714 5392 ⁷³
1749 5362 1846 5432 τῆς
1871 5364 1915 5414 δ’
1952 5365 2017 5414 ἐκ
2046 5380 2140 5432 ς.»
2206 5362 2598 5432 ⁷²Λέχαρίσατο
2655 5362 2788 5432 ἡμίν
2838 5367 2899 5419 ς.

1866 5434 1907 5465 ⁷⁸
1928 5434 1995 5487 τὰ
2020 5418 2164 5485 ὀκτὼ
2221 5418 2553 5495 τῶν’λογίων
2588 5418 2709 5494 post
2738 5424 2888 5492 ὅμως
2912 5420 3060 5487 ponit
3079 5418 3144 5467 A.

3008 5345 3054 5377 ⁷³
3083 5336 3481 5411 ἐπιφερομένας
3518 5335 3688 5411 Ᾱὴμῖνὶ.

2206 5362 2251 5391 ⁷⁸
2304 5356 2598 5427 ἐχαρίσατο
2655 5354 2788 5423 ἡμῖν
2838 5367 2899 5419 ς.
3008 5354 3059 5417 ⁷³1
3083 5354 3481 5411 ἐπιφερομενας
3532 5354 3688 5418 ημιν.

2221 5429 2330 5477 τῶν
2359 5428 2553 5477 λογίων
2588 5436 2709 5477 post
2738 5424 2888 5477 ὅμως
2912 5420 3060 5477 ponit
3079 5418 3144 5467 A.
3240 5412 3281 5442 ⁷⁷
3313 5411 3409 5477 μὲν
3438 5417 3491 5459 et
3512 5405 3602 5457 2ο.
3634 5401 3691 5455 ιὲ

1965 5586 2198 5645 ΝΟΤᾸΕ.

511 5691 628 5760 (87)
658 5689 732 5744 De
758 5689 963 5760 quibus,
1003 5703 1085 5760 ex,
1105 5696 1344 5760 veterum
1376 5685 1772 5760 s_cr_ip_ti_s_‘plura
1801 5682 2007 5741 cardiu.

437 5756 730 5829 Baronius,
764 5756 897 5816 tom.
927 5758 992 5825 ll,
1024 5759 1090 5815 ad
1118 5773 1249 5813 ann.
1276 5756 1480 5813 Christi
1514 5756 1637 5811 196.

2199 5678 2311 5747 (88)
2345 5676 2678 5747 Elcxslnlmt‘l
2718 5677 2933 5747 nostro
2956 5663 3152 5747 Franc.
3185 5658 3452 5714 Turriano
3494 5656 3687 5712 Latine

2118 5735 2329 5818 versus,
2364 5756 2415 5803 ct
2443 5745 2583 5814 typis
2613 5737 2966 5797 Plantinianis
2991 5735 3117 5788 olim
3157 5746 3408 5786 cxcusus.
