4030 6248
379 244 480 311 671

1497 255 1766 316 PHOTII
1790 255 2302 318 PATRIARCHIE
2341 258 2450 318 CP.

3525 261 3641 322 67?

380 354 633 424 prooemii
693 355 903 426 capita,
944 363 1160 411 centum
1216 366 1519 426 sequuntur
1572 361 1718 426 alia,
1759 362 1956 432 quibus

2070 358 2373 434 ιεφαλαίοις
2390 370 2439 437 ρ’
2463 363 2920 436 ἁπαρτιζόμενον,
2945 364 3057 428 τοῖς
3088 364 3163 428 ὡς
3192 366 3239 399 ’τ’
3269 367 3328 418 ὲν
3362 367 3637 438 προοιμίῳ

386 453 538 497 ιοιυε
562 444 887 498 absolvitur.
913 443 1131 497 Illorum
1160 442 1392 510 primum
1418 445 1542 500 ﬁdei
1564 457 1650 502 est
1668 448 1948 504 deﬁnitio:

382 534 691 604 Gonceptus
722 533 1023 609 [nimirum]
1055 535 1255 590 mentis
1288 537 1353 591 de
1380 535 1491 592 Deo
1518 536 1824 596 aﬁ'ectionis
1851 556 1950 596 ex-

381 638 529 693 pers.
564 624 809 677 Alterum
844 623 966 678 dein
995 622 1239 679 deﬁnitio
1263 626 1380 694 spei
1418 645 1432 681 :
1463 627 1724 697 Egressio
1755 630 1952 687 mentis

382 716 452 770 ad
482 729 543 769 ea
607 731 729 784 qua:
772 725 1081 784 sperantur.
1135 716 1718 789 Tertiumgpatientiaa
1763 723 1953 778 deﬁni-

386 807 501 863 tio:
541 807 735 861 Illentis
777 809 951 863 oculis
983 807 1203 883 [Deum]
1250 812 1598 881 invisibilem,
1636 815 1863 885 perinde
1891 831 1956 872 ac

384 897 429 950 si
457 896 689 967 visibilis
731 906 876 951 esset
916 899 1200 964 intuendo,
1240 900 1313 954 ita
1345 902 1717 959 indesinenter
1734 906 1953 977 durare.

383 987 670 1055 Quartum,
706 988 949 1044 deﬁnitio
983 988 1291 1049 affectionis
1331 995 1553 1050 minime
1588 1011 1787 1052 avarae.
1820 997 1955 1053 Tam

384 1098 507 1138 esse
540 1083 840 1137 animatum
868 1084 935 1138 ad
966 1099 1075 1138 non
1108 1085 1417 1140 habendum
1441 1101 1603 1156 quam
1633 1088 1773 1143 alius
1802 1090 1958 1159 quis-

383 1175 526 1245 piam
556 1174 625 1229 ad
662 1175 991 1229 habendum.
1017 1174 1299 1242 Quintum,
1327 1177 1575 1233 deﬁnitio
1603 1181 1954 1250 cognitionis:

389 1264 636 1333 Seipsum
675 1265 907 1330 nescire,
932 1275 1088 1321 extra
1116 1282 1176 1321 se
1209 1268 1441 1336 positum
1474 1269 1524 1322 in
1551 1269 1687 1323 Deo;
1711 1268 1957 1337 Sextum,

386 1351 706 1407 humilitatis
725 1352 966 1407 deﬁnitio
991 1370 1004 1408 :
1032 1353 1298 1409 Continua
1334 1355 1536 1409 oblivio
1562 1371 1786 1411 suorum
1811 1367 1961 1413 recte

387 1441 676 1497 factorum.
703 1442 1029 1512 Septimum,
1062 1442 1308 1499 deﬁnitio
1328 1445 1618 1499 vacuitatis
1640 1447 1772 1501 irae:
1801 1448 1961 1501 vehe-

388 1549 541 1588 mens
563 1535 892 1589 desiderium
927 1552 1031 1590 non
1069 1536 1359 1591 irascendi.
1383 1537 1670 1603 Octavum,
1705 1539 1961 1593 castimo-

2052 457 2110 510 δὲ
2147 455 2238 510 τὸν
2276 456 2408 510 δέκα
2443 457 2543 528 οὐχ
2593 457 3037 528 ὑπερϐαίνουσιν,
3089 453 3164 510 ὧν
3218 457 3434 528 πρῶτόν
3486 459 3638 512 ἐστιν

2052 548 2130 611 ώς
2186 548 2402 619 πρῶτος
2473 549 2600 619 ὅρος
2652 549 2752 619 τῆς
2807 549 3045 612 πίστεως
3099 548 3278 603 ἔννοια
3332 551 3463 621 περὶ
3502 550 3640 604 Θεοῦ

2054 640 2302 709 ἀπαθὴς,
2337 640 2381 710 β’
2414 640 2491 704 ὡς
2520 640 2773 712 δεύτερος
2802 642 2926 713 ὅρος
2981 642 3085 711 τῆς
3144 641 3358 706 ἐλπίδος
3408 644 3643 714 ὲκδημία

2053 732 2149 786 τοῦ
2177 731 2270 786 νοῦ
2303 732 2441 803 πρὸς
2468 733 2539 787 τά
2570 732 2921 804 ἐλπιζόμενα,
2953 739 3004 802 γ’
3044 735 3171 805 ὅρος
3200 735 3302 805 τῆς
3326 735 3633 803 ὑπομονῆς.

2053 824 2146 877 τὸν
2173 824 2403 895 ἀόρατον
2450 824 2527 887 ὡς
2574 825 2770 895 ὁρατὸν
2821 826 3036 896 ὁρῶντα
3085 829 3201 891 τοῖς
3245 827 3346 894 τῆς
3399 827 3641 891 διανοίας

2055 914 2353 985 ὀφθαλμοῖς
2375 914 2733 980 ἀδιαλείπτως
2760 920 3067 988 καρτερεῖν,
3114 918 3157 970 δ’
3189 919 3315 989 ὅρος
3344 918 3444 989 τῆς
3474 919 3643 988 ἀφιλ-

2056 1005 2345 1076 αργυρίας,
2368 1004 2543 1070 οὓτως
2591 1005 2738 1073 ἔχειν
2782 1007 2845 1060 τὸ
2896 1007 2971 1079 μὴ
3004 1007 3148 1078 ἔχειν
3174 1008 3249 1072 ὡς
3280 1008 3419 1062 θέλει
3451 1025 3536 1072 τις
3580 1008 3646 1061 τὸ

2057 1096 2222 1167 ἔχειν,
2254 1095 2294 1149 ε’
2321 1098 2449 1168 ὄρος
2470 1098 2573 1166 τῆς
2602 1097 2974 1166 ἐπιγνώσεως,
3005 1099 3221 1166 ἀγνοεῖν
3249 1100 3444 1153 ἑαυτὸν
3470 1101 3531 1152 ὲν
3550 1099 3629 1165 τῷ

2059 1190 2318 1259 ἐκστῆναι
2349 1187 2478 1260 [270
2509 1187 2601 1260 Η.]
2623 1188 2765 1259 Θεῷ,
2799 1189 2856 1255 ς’
2883 1191 3010 1259 ὄρος
3054 1189 3156 1256 τῆς
3211 1188 3645 1259 ταπεινοφροσύ-

2061 1297 2178 1349 νης,
2209 1280 2344 1353 λήθη
2376 1280 2486 1334 τῶν
2509 1283 2963 1353 κατωρθωμένων
2989 1283 3284 1352 προσεχὴς,
3311 1281 3356 1346 ζ’
3393 1282 3518 1351 ὅρος
3542 1282 3645 1350 τῆς

2060 1372 2383 1442 ἀοργησίας,
2431 1372 2694 1443 ἐπιθυμία
2724 1374 2893 1442 πολλὴ
2924 1374 3018 1428 τοῦ
3068 1374 3144 1444 μὴ
3204 1372 3542 1445 ὀργίζεσθαι,
3594 1360 3645 1442 η’

2060 1462 2187 1532 ὅρος
2218 1462 2319 1531 τῆς
2343 1462 2586 1530 ἁγνείας,
2613 1463 2865 1532 αἴσθησις
2881 1463 2967 1516 ἀεὶ
3002 1463 3231 1532 κεκολλη
3242 1462 3375 1533 μένη
3403 1461 3482 1531 τῷ
3503 1459 3645 1530 Θεῷ,

2063 1547 2106 1600 θ’
2142 1549 2267 1618 ὄρος
2298 1550 2398 1619 τῆς
2430 1550 2669 1620 ἀγάπης,
2693 1550 2924 1621 αὔξησις
2952 1552 3135 1620 φιλίας
3155 1551 3291 1621 πρὸς
3322 1549 3461 1613 τοῦς
3492 1535 3650 1619 ὑϐρί-

389 1629 537 1681 ηἱωε
573 1624 779 1681 Sensus
818 1642 1036 1695 semper
1072 1628 1178 1681 Deo
1222 1626 1431 1683 aiIixus.
1494 1627 1728 1695 Nonum,
1770 1629 1958 1701 1636

2070 1636 2280 1701 ζοντας,
2315 1645 2345 1692 ι’
2383 1640 2510 1710 ὅρος
2540 1641 2642 1710 τῆς
2692 1642 2902 1706 τελείας
2949 1642 3309 1705 ἀλλοιώσεως,
3369 1644 3426 1695 ἐν
3463 1642 3647 1712 τρυφῇ

388 1720 671 1776 charitatis
706 1739 721 1775 :
759 1721 972 1775 Amoris
1001 1722 1393 1776 incrementum
1423 1736 1552 1791 erga
1586 1736 1680 1776 eos
1725 1723 1816 1792 qui
1872 1723 1953 1776 iu-

2070 1729 2195 1782 Θεοῦ
2225 1729 2402 1802 χαρὰν
2436 1732 2688 1801 ἡγεῖσθαι
2726 1733 2788 1786 τὸ
2817 1733 3046 1802 στυγνὸν
3074 1734 3168 1787 τοῦ
3205 1733 3461 1787 θανάτου.
3522 1731 3654 1785 Τού⁸

387 1809 587 1878 juriam
621 1810 880 1865 inferunt.
914 1811 1215 1876 Decimum,
1241 1810 1496 1881 perfectae
1523 1812 1958 1867 immutationis:

390 1903 583 1959 Mortis
621 1906 904 1960 horrorem
942 1921 1039 1974 pro
1069 1905 1266 1975 gaudio
1293 1913 1545 1975 reputare
1570 1906 1623 1960 in
1672 1904 1773 1961 Dei
1818 1908 1968 1962 oble-

393 1997 650 2052 ctatione.
679 1996 874 2050 Decem
926 2012 1054 2067 ergo
1102 1997 1252 2052 hisce
1304 1997 1707 2052 deﬁnitionibus
1750 2009 1967 2054 centum

394 2086 485 2141 illa
525 2087 703 2157 capita
747 2086 988 2154 subjecta
1033 2096 1180 2142 sunt.
1228 2087 1329 2141 llic
1373 2097 1552 2141 autem
1600 2089 1738 2143 liber
1779 2089 1845 2143 iis
1883 2089 1969 2144 vel

400 2179 638 2233 maxime
662 2180 999 2246 commodus,
1024 2179 1115 2249 qui
1149 2194 1209 2235 se
1236 2178 1345 2252 [ad
1362 2179 1749 2248 perfectionem
1770 2181 1783 2253 ι
1810 2196 1969 2238 exer-

399 2279 549 2329 cent.
579 2270 689 2324 imo
725 2277 782 2324 et
822 2271 913 2340 qui
949 2271 1001 2324 in
1045 2270 1176 2340 ipsis
1218 2271 1522 2326 actionibus
1564 2270 1969 2341 perﬁcientibus

390 2360 503 2427 jam
532 2363 812 2417 exercitati
850 2372 1003 2430 sunt;
1052 2363 1185 2417 nihil
1218 2363 1433 2418 interim
1468 2363 1625 2432 paulo
1669 2364 1960 2421 obscurius

398 2449 667 2519 aﬂ‘erens;
705 2453 932 2507 scientia
965 2453 1109 2507 enim
1140 2467 1236 2522 per
1257 2452 1649 2521 experientiam
1676 2462 1955 2523 percepta,

2059 1839 2175 1886 τοις
2201 1820 2294 1878 οὖν
2323 1825 2439 1887 τοῖς
2466 1824 2600 1879 δέκα
2626 1825 2696 1879 τὰ
2728 1826 2924 1879 ἑκατὸν
2944 1826 3333 1880 ὑποτέτακται.
3368 1825 3480 1879 Καὶ
3497 1823 3634 1877 {om

2076 1907 2232 1977 οὗτος
2264 1915 2293 1967 6
2323 1914 2480 1983 λόγος
2512 1917 2593 1978 είς
2625 1915 2687 1969 τὸ
2709 1915 2931 1990 ἄριστον
2967 1919 3081 1980 τοῖς
3113 1915 3467 1985 ἀσκουμένοις
3517 1931 3651 1983 συγ-

2062 2001 2335 2072 κείμενος,
2360 2006 2455 2058 καὶ
2480 2008 2591 2069 τοῖς
2619 2009 2677 2060 ὲν
2729 2007 2922 2069 αὐταῖς
2948 2006 3487 2083 ἐγγεγυμνασμένους
3532 2006 3653 2067 ταῖς

2064 2093 2422 2159 τελειοποιοῖς
2451 2097 2718 2168 πράξεσιν
2745 2098 2852 2151 οὐδ’
2875 2097 3082 2167 ἀσαφές
3101 2115 3154 2152 τι
3176 2097 3651 2167 ὲμπαρεχόμενος·

2070 2185 2104 2254 ἡ
2134 2184 2243 2254 γὰρ
2266 2185 2355 2240 διά
2388 2186 2586 2256 πείρας
2634 2187 2830 2256 γνῶσις
2866 2189 3109 2259 εὐχερῶς
3165 2189 3267 2258 τῆς
3292 2189 3339 2219 ⁸⁹
3363 2188 3449 2241 διὰ
3472 2186 3649 2253 λόγων

2070 2276 2380 2331 ὲπιϐατεύει
2404 2278 2774 2343 διδασκαλίας.
2805 2281 3027 2349 Πατέρα
3054 2280 3111 2333 δὲ
3137 2281 3230 2334 τοῦ
3274 2281 3432 2348 λόγου
3465 2278 3655 2332 Διάδο-

2076 2383 2170 2438 χον
2197 2370 2230 2438 ή
2266 2368 2547 2439 ἐπιγραφὴ
2593 2368 2767 2438 λέγει,
2793 2370 3046 2438 Φωτικῆς
3102 2371 3202 2439 τῆς
3245 2371 3303 2423 ὲν
3330 2372 3398 2441 τῇ
3449 2368 3656 2438 “αλαιᾷ

2087 2457 2332 2529 Ἠπείρῳ
2369 2458 2686 2515 ἐπίσκοπον.

399 2540 558 2596 facile
592 2557 651 2597 se
698 2542 881 2597 verbis
924 2541 1104 2597 doceri
1151 2541 1376 2611 patitur.
1433 2542 1727 2596 Auctorem
1785 2542 1905 2610 ejus
1930 2543 2219 2615 inscriptio
2274 2549 2392 2615 ipsa
2443 2549 2578 2605 facit
2636 2549 2992 2618 Diadochum,
3054 2551 3309 2606 Photices
3349 2550 3494 2606 illius
3537 2565 3659 2620 qua:

399 2644 485 2690 est
516 2635 571 2689 in
611 2644 796 2690 vetere
821 2633 1008 2703 Epiro,
1031 2634 1372 2704 episcOpum.

471 2728 532 2783 In
562 2729 752 2783 eodem
803 2727 1076 2783 volumine
1115 2729 1287 2783 lectus
1310 2729 1440 2784 item
1470 2738 1555 2784 est
1571 2728 1680 2784 Nili
1715 2731 1969 2786 monachi

402 2820 536 2877 liber
577 2821 632 2877 in
676 2830 891 2875 centum
934 2818 1044 2891 (89)
1081 2828 1136 2875 et
1188 2821 1581 2891 quinquaginta
1633 2822 1737 2876 tria
1793 2823 1973 2890 capita

404 2914 647 2969 divisus:
691 2912 889 2981 quibus
927 2912 1188 2981 precandi
1235 2912 1466 2968 formam
1502 2912 1587 2966 vir
1618 2912 1708 2968 ille
1758 2913 1976 2969 divinus

403 3005 674 3074 exposuit.
710 3002 984 3058 Feruntur
1013 3001 1251 3069 ejusdem
1289 3012 1345 3058 et
1401 3004 1508 3057 alia
1544 3005 1773 3074 plurima
1833 3003 1976 3059 lectu

2152 2731 2241 2784 Ἐν
2269 2728 2463 2800 ταυτῷ
2491 2729 2550 2784 δὲ
2577 2730 2761 2800 τεύχει
2788 2730 2882 2784 καὶ
2910 2730 3104 2785 Νείλου
3139 2730 3374 2801 μοναχοῦ
3428 2731 3588 2800 λόγον
3610 2734 3656 2765 εί

2086 2821 2350 2888 ἀνέγνων,
2389 2821 2536 2891 τρισὶ
2564 2822 2658 2874 καὶ
2682 2828 2724 2874 ν’
2772 2821 2866 2874 καὶ
2895 2828 2941 2892 ρ’
2999 2822 3312 2891 κεφαλαίοις
3342 2822 3657 2894 διαιρούμε-

2072 2930 2164 2966 νον
2193 2912 2262 2966 ⁸¹.
2300 2912 2406 2966 Τὸν
2458 2912 2560 2980 τῆς
2607 2913 2921 2984 προσευχῆς
2964 2914 3022 2966 δὲ
3073 2914 3132 2966 ὲν
3169 2913 3380 2976 τούτοις
3430 2916 3459 2968 6
3509 2914 3654 2977 θεῖος

2074 3005 2230 3075 ἀνὴρκ
2258 3003 2592 3058 ἀναπτύσσει
2619 3002 2812 3057 τύπον.
2847 3003 3024 3057 Πολλά
3067 3003 3124 3057 δὲ
3173 3004 3270 3056 καὶ
3326 3003 3461 3058 ἄλλα
3495 3003 3657 3056 αὐτοῦ

408 3098 571 3168 digna
601 3096 800 3151 diversi
830 3095 1409 3165 argumentiopnscula
1439 3093 1575 3166 (90),
1608 3095 1809 3164 partim
1857 3096 1968 3164 epi-

2080 3095 2352 3165 ἀξιόλογα,
2382 3095 2632 3157 ποικίλας
2671 3093 2959 3158 ὑποθέσεις
2992 3094 3430 3163 ύποϐαλλόμενα,
3487 3093 3571 3159 εἴς
3600 3111 3661 3146 τε

406 3191 582 3255 suolre,
620 3188 814 3259 partim
848 3189 1091 3244 historiae
1112 3186 1287 3244 forma
1330 3191 1661 3261 conscripta,
1699 3206 1820 3260 quae
1865 3206 1968 3246 non

2082 3188 2172 3241 τὸν
2199 3187 2605 3257 ὲπιστολιμαῖον
2633 3187 2834 3259 τρόπον
2865 3188 2961 3240 καὶ
3007 3188 3089 3250 είς
3139 3186 3231 3239 τὸν
3276 3186 3323 3217 ⁸³
3358 3202 3664 3256 συγγραφι-

405 3301 631 3353 operum
684 3292 893 3338 tantum
933 3283 1326 3352 perfectionem
1367 3284 1655 3354 insignem,
1682 3285 1776 3340 sed
1814 3285 1870 3339 in
1902 3284 1979 3340 di-

409 3379 580 3434 cendo
632 3392 844 3447 quoque
901 3376 1210 3431 facultatem
1256 3377 1373 3448 ejus
1418 3386 1710 3433 testantur.
1773 3378 1975 3433 Verum

409 3469 512 3524 etsi
550 3467 777 3524 diﬁ'usus
810 3482 964 3537 aeque
998 3466 1300 3521 Diadochus
1323 3482 1430 3520 non
1468 3475 1555 3522 est
1588 3506 1604 3531 ,
1640 3482 1760 3537 quae
1797 3476 1976 3522 tamen

414 3561 484 3615 ab
516 3560 632 3629 ipso
662 3558 973 3626 conscripta
996 3565 1123 3612 sunt
1146 3567 1365 3612 centum
1393 3556 1594 3627 capita,
1630 3556 1832 3611 nullam
1854 3571 1982 3626 par-

416 3662 523 3705 tem
569 3649 829 3705 inferiore
864 3650 1031 3719 gradu
1055 3648 1421 3711 collocantur,
1462 3661 1623 3716 quam
1662 3662 1786 3717 quas
1818 3646 1981 3702 modo

413 3739 594 3795 retuli.
618 3737 752 3791 Nam
780 3746 835 3793 et
862 3738 1028 3792 dictio
1056 3739 1127 3792 ita
1142 3738 1443 3807 composita
1474 3746 1579 3803 est,
1597 3746 1657 3791 ut
1680 3737 1980 3807 reprehen-

416 3832 468 3887 di
501 3838 756 3901 nequeat,
793 3837 849 3885 et
886 3843 1080 3883 sensus
1110 3843 1176 3883 ex
1207 3828 1516 3883 actionibus
1550 3836 1730 3882 natam
1772 3828 1981 3897 sapien-

417 3923 546 3974 tiam
577 3918 817 3989 praefert.
850 3917 1119 3973 Caeterum
1150 3915 1321 3972 Marci
1366 3916 1562 3971 librum
1595 3932 1718 3970 cum
1752 3927 1984 3987 utraque

418 4014 603 4085 [quam
646 4009 780 4085 dixi]
816 4010 986 4066 forma
1028 4011 1336 4080 praacedat,
1377 4010 1575 4065 alicubi
1606 4010 1827 4078 insuper
1865 4024 1986 4064 sen-

419 4103 603 4158 tentiis
638 4102 931 4157 antecellit.
976 4100 1194 4157 Dederit
1218 4116 1347 4156 vero
1384 4112 1440 4156 et
1466 4100 1557 4155 ille
1589 4102 1656 4154 ad
1699 4100 1859 4154 ﬁnem
1892 4114 1986 4154 cna

418 4195 611 4265 jusque
637 4194 828 4262 capitis
845 4209 1034 4249 ansam
1064 4195 1131 4249 iis
1147 4193 1237 4264 qui
1265 4195 1578 4263 incorrupte
1602 4192 1982 4264 pronuntiant,

420 4285 563 4352 quod
598 4284 713 4339 sive
735 4285 1048 4340 accessione
1075 4284 1304 4354 alicujus
1334 4284 1690 4351 adulteratus,
1722 4283 1986 4339 sivealias

424 4375 848 4431 hallucinatione
879 4377 1059 4442 aliqua
1090 4377 1348 4446 abreptus
1382 4376 1484 4430 ista
1514 4376 1733 4429 dixerit.
1775 4371 1983 4428 Vellem

2076 3278 2171 3331 κὸν
2199 3278 2479 3349 ἀνηγμένα
2505 3279 2861 3349 συντάγματα
2921 3278 3170 3349 φέρεται,
3200 3278 3300 3347 τήν
3329 3294 3387 3330 τε
3420 3279 3562 3330 κατά
3592 3277 3663 3329 τὰ

2078 3368 2216 3441 ἔργα
2242 3369 2554 3440 τελειότητα
2585 3369 2680 3424 καὶ
2708 3370 2809 3444 τὴν
2836 3371 2895 3422 έν
2918 3369 3101 3438 λόγοις
3128 3368 3517 3441 μαρτυρόμενα
3558 3368 3661 3423 δύο

2079 3480 2264 3533 ναμιν.
2305 3460 2451 3534 Πλὴν
2489 3462 2540 3515 εί
2565 3462 2661 3515 καὶ
2689 3461 2767 3532 μὴ
2790 3460 3059 3533 πολύχους
3085 3462 3286 3530 ὁμοίως
3317 3465 3345 3516 6
3374 3461 3658 3531 Διάδοχος,

2080 3553 2216 3608 ἀλλὰ
2241 3552 2311 3609 τά
2339 3571 2404 3623 γε
2435 3554 2911 3625 ἀναγεγραμμένα
2947 3552 3098 3625 αὐτῷ
3136 3554 3338 3608 ἑκατὸν
3391 3554 3663 3623 κεφάλαια

2081 3646 2181 3700 οὐκ
2212 3648 2293 3710 είς
2324 3646 2584 3701 ἐλάττονα
2612 3646 2821 3716 βαθμὸν
2849 3647 2908 3699 ὲν
2942 3645 3209 3717 οὐδετέρῳ
3236 3646 3389 3717 μέρει
3421 3645 3531 3699 τῶν
3573 3645 3659 3696 εί-

2086 3738 2337 3810 ρημένων
2361 3736 2578 3808 τίθησιν
2607 3751 2625 3770 ο
2666 3737 2696 3791 ὃ
2721 3753 2780 3790 τε
2808 3737 2916 3804 γὰρ
2938 3736 3095 3804 λόγος
3121 3736 3269 3807 αὐτῷ
3299 3738 3380 3799 είς
3410 3736 3473 3789 τὸ
3498 3735 3661 3804 ἀμώο

2086 3846 2257 3900 μητον
2296 3828 2604 3898 σύγκειται,
2639 3828 2734 3882 καὶ
2760 3831 2790 3882 6
2828 3827 2953 3891 νοῦς
2978 3828 3079 3898 τὴν
3106 3828 3213 3881 ἀπὸ
3261 3827 3371 3880 τῶν
3405 3826 3662 3896 πράξεων

2086 3920 2278 3988 σοφίαν
2308 3920 2692 3992 προϐάλλεται.
2718 3919 2826 3973 Τοῦ
2854 3920 3037 3989 μέντοι
3061 3920 3292 3991 Μάρκου
3309 3920 3377 3973 δι’
3393 3920 3665 3990 ἑκατέρας

2085 4009 2334 4082 προέχων
2370 4010 2532 4093 ἰδέας,
2559 4010 2654 4063 καὶ
2684 4008 2901 4078 ἐνιαχοῦ
2933 4011 3052 4072 ταῖς
3081 4009 3330 4079 γνώμαις
3373 4008 3663 4079 ἀντιφέρε-

2083 4119 2197 4156 ται.
2246 4102 2372 4171 Δοίη
2410 4101 2462 4167 ,δ’
2519 4100 2587 4155 ἂν
2632 4102 2727 4155 καὶ
2778 4101 2941 4164 αὐτὸς
2988 4100 3159 4171 λαϐὴν
3196 4103 3308 4161 τοῖς
3354 4100 3667 4160 ἀδεκάστως

2085 4191 2634 4264 ἀκριϐολογουμένοις
2664 4195 2803 4246 κατά
2825 4193 2886 4244 τὸ
2922 4192 3077 4255 τέλος
3135 4191 3231 4244 τοῦ
3287 4190 3580 4244 έκατοστοῦ
3615 4190 3664 4221 ⁸⁵

2086 4282 2405 4352 κεφαλαίου,
2435 4282 2547 4335 εἴτε
2597 4282 2917 4354 παρενθήκῃ
2951 4282 3096 4344 τινὸς
3144 4279 3517 4349 νοθευόμενος,
3556 4279 3666 4332 εἴτε

2086 4372 2259 4435 ἄλλως
2280 4373 2387 4425 τιν)⁵
2406 4373 2804 4440 συναρπασθεὶς
2830 4371 3181 4442 παροραματι
3207 4372 3275 4403 ’δ’
3307 4372 3368 4423 τὸ
3396 4371 3505 4442 γὰρ
3527 4371 3667 4423 κατὰ

421 4468 586 4533 enim,
632 4482 700 4523 ne
739 4482 865 4523 vere
894 4468 1217 4523 conﬁrmare
1262 4481 1499 4537 possem,
1532 4467 1839 4537 opinionem
1883 4464 1968 4520 sal.

2093 4464 2249 4531 δόξαν
2278 4463 2480 4517 ἁλῶναι
2505 4462 2770 4534 εὐξαίμην
2800 4463 2866 4517 ἂν
2911 4463 2988 4535 μὴ
3018 4464 3394 4535 ἐπαληθεύειν.

424 4566 530 4611 tem
560 4558 678 4626 ejus
708 4559 1018 4613 damnatam
1046 4557 1237 4613 fuisse.

496 4649 663 4706 Valde
709 4662 889 4707 autem
943 4651 998 4706 in
1045 4652 1131 4717 iis,
1171 4666 1293 4722 quae
1332 4650 1491 4720 paulo
1546 4660 1673 4703 ante
1715 4648 1982 4713 recensui,

2172 4642 2382 4712 Κρατεῖ
2409 4640 2454 4693 δ’
2482 4634 2577 4693 οὖν
2603 4640 2661 4692 ὲν
2680 4640 2792 4702 τοῖς
2819 4638 2925 4710 πρὸ
2947 4637 3129 4708 ὀλίγου
3150 4639 3457 4711 εἰρημένοις
3488 4636 3670 4706 πολλῷ

1643 4774 1879 4831 VARUE
1914 4773 2322 4832 LECTIONES.

496 4895 548 4953 ⁷⁸,
578 4894 654 4959 ὡς
708 4895 832 4950 add.
867 4894 932 4949 A.
1005 4894 1053 4926 ⁸ο
1082 4895 1149 4963 τῇ
1171 4889 1461 4963 ἐμϐατεύει
1493 4890 1831 4963 Δδιδασκαλία
1870 4908 1933 4955 ς.

2030 4891 2073 4923 ⁸¹
2099 4890 2256 4956 λόγος
2298 4886 2612 4958 ἀνεγνώσθη
2631 4905 2691 4952 ς.

2804 4887 2850 4919 ⁸³
2875 4884 3253 4959 διαιρούμενος
3275 4903 3337 4952 ς.
3446 4886 3492 4919 ⁸³
3520 4884 3581 4938 τὸ
3603 4900 3660 4949 ς.

429 4965 477 4998 ⁸⁵
506 4957 822 5036 ἑκατοστοῦ]
844 4971 892 5036 ρ’
944 4963 993 5018 Α
1022 4980 1038 5020 :
1074 4957 1303 5017 ὲκάστου
1352 4979 1413 5027 ς.
1487 4960 1534 4994 ⁸⁸
1561 4957 1913 5034 παροράματι
1934 4957 2084 5014 ταῦτ’
2150 4959 2359 5029 εἴρηκε.
2392 4959 2453 5013 τὸ
2480 4976 2540 5022 ς’.

1933 5115 2169 5175 ΝΟΤιΕ.

517 5243 630 5316 (89)
667 5241 781 5316 148
814 5239 1084 5316 duntaxat
1133 5236 1395 5294 exhibent
1429 5235 1555 5290 libri
1592 5232 1825 5302 evulgati
1872 5246 1902 5287 a
1934 5233 1997 5289 P.

438 5312 636 5371 Franc’.
667 5312 957 5366 Turriano.

513 5384 624 5454 (90)
664 5382 755 5450 Ut,
784 5381 861 5454 De
890 5379 1022 5454 nihil
1054 5376 1416 5454 possidendo;
1456 5373 1998 5454 ξῐερὶηπροστασξας.

444 5443 530 5525 De‘
558 5443 894 5525 philosophia
936 5443 1268 5525 Christiana,
1317 5447 1383 5525 de
1426 5443 1997 5525 virtutibnsctvitiis;

445 5524 521 5578 De
552 5511 958 5593 comparatione
1000 5520 1127 5593 vita:
1159 5515 1544 5593 monachorum
1596 5511 1686 5593 qui
1713 5513 1785 5593 in
1815 5513 2002 5566 solitus

447 5595 593 5658 dine,
625 5582 791 5660 et'qui
831 5595 884 5665 i_n
914 5590 1133 5665 civitate
1161 5587 1417 5665 degunt:
1441 5583 1516 5636 De
1543 5584 1686 5665 cazde
1849 5597 1998 5665 mar-

454 5650 632 5733 tyrum
657 5650 1039 5717 monachorum
1074 5661 1127 5714 in
1150 5650 1331 5713 monte
1363 5654 1513 5708 Sina.
1547 5650 1706 5706 Liber
1732 5652 1858 5708 item
1876 5652 2002 5722 Epi-

2105 5235 2390 5303 stolarum,
2426 5251 2547 5305 quze
2587 5236 2639 5289 in
2671 5234 2839 5290 Italiae
2872 5231 3230 5305 bibliothecis
3239 5238 3502 5305 __exstan_t_.
3539 5228 3666 5305 Haec

2103 5317 2292 5361 noster
2321 5299 2628 5360 Turriauus
2661 5313 2913 5360 recenset
2943 5305 3009 5357 ad
3030 5318 3186 5357 suum
3212 5300 3412 5356 Nilum.
3440 5299 3664 5368 Niceph.

2102 5375 2197 5430 lib.
2229 5391 2339 5441 xw,
2395 5391 2516 5442 cap.
2574 5377 2664 5432 54.
2720 5376 2869 5429 addit
2907 5373 2973 5427 ad
3020 5374 3225 5428 (ἑταῖραι
3267 5371 3667 5442 superstitionis

2103 5455 2425 5507 sectatores.
2451 5441 2756 5515 Scripsisse,
2782 5456 2839 5498 et
2853 5442 2928 5515 ad
2953 5442 3232 5515 Eulogium
3259 5441 3576 5515 quemdam.
3597 5442 3664 5492 At

2101 5529 2223 5568 cum
2258 5516 2437 5583 plures
2469 5509 2859 5572 enumerentur
2883 5511 3012 5580 Nili,
3036 5509 3265 5569 forsitan
3285 5525 3393 5568 non
3424 5509 3669 5579 ejusdem

2102 5595 2228 5640 sunt
2252 5587 2457 5640 omnia.
