4030 6248
307 279 410 386 673

1243 323 1777 387 BIBLIOTIIECA.
1814 351 1883 362 -
1914 325 2129 385 CODD.
2161 326 2332 402 CCII,
2365 328 2573 389 CCIII.

3484 341 3589 406 674

308 435 400 488 καὶ
442 431 692 486 Ἰωάννου
723 429 819 484 τοῦ
858 428 1204 499 Καρπαθίου,
1236 429 1296 492 ὃς
1348 432 1664 499 ἐπιγραφὴν
1727 429 1894 484 αὑτοῦ

2015 433 2165 485 Etiam
2204 435 2480 489 antecellit
2521 435 2792 492 Joannem
2832 439 2945 508 (9i)
2998 441 3147 495 illum
3199 442 3577 515 Carpathium.

307 527 380 594 τῷ
419 525 698 593 πονήματι
728 523 912 579 δίδωσι
941 539 956 552 ·
989 522 1145 588 Πρὸς
1173 521 1318 586 τοὺς
1351 523 1469 576 ἀπὸ
1536 522 1650 592 τῆς
1693 521 1902 588 Ἰνδίας

306 617 761 688 προτρέψαντας
789 631 1098 684 μοναχους
1125 616 1601 684 παρακλητικός.
1638 615 1693 671 P'
1718 614 1777 668 δὲ
1799 614 1898 669 καὶ

307 705 458 774 οὗτος
495 709 814 778 κεφαλαίοις
849 710 1069 778 περαιοί
1095 707 1229 761 αὐτό
1257 707 1330 760 ⁸⁸.

1028 801 1146 856 ΣΒ’.

323 897 683 950 Ἱππολύτου
715 892 1057 964 ἐπισκόπου
1093 893 1190 946 καὶ
1215 893 1522 964 μάρτυρος
1549 896 1636 961 εις
1655 893 1765 949 τὸν
1790 895 1901 948 Δα-

375 967 520 1032 νιὴλ
561 967 882 1033 ἑρμηνεία·
942 962 1043 1016 καὶ
1090 962 1466 1035 λόγοςήπερὶ
1497 967 1757 1034 Χριστοῦ
1801 965 1902 1020 καί

379 1038 790 1105 Ἀντιχρίστου
801 1075 815 1089 .

380 1129 510 1202 [525
542 1129 633 1201 IL]
696 1128 1039 1199 Ἀνεγνὼσθη
1091 1127 1409 1183 Ἱππολύτου
1456 1130 1756 1184 ἐπισκόπου
1804 1132 1900 1186 καὶ

313 1223 590 1293 μάρτυρος
619 1223 890 1292 ἑρμηνεία
923 1225 1002 1283 εἰς
1034 1220 1126 1273 τὸν
1160 1221 1382 1292 Δανιήλ.
1412 1223 1570 1276 Κατά
1599 1223 1746 1290 λέξιν
1803 1225 1902 1294 μὲν

305 1314 368 1365 οὐ
401 1315 634 1365 ποιεῖται
659 1312 759 1382 τὴν
786 1313 1106 1379 ἀνάπτυξιν,
1126 1313 1265 1384 πλὴν
1296 1313 1386 1365 τὸν
1404 1312 1527 1366 νοῦν
1557 1331 1642 1382 γε,
1669 1315 1744 1377 ὡς
1770 1313 1902 1378 ἔπος

306 1405 507 1469 είπεῖν,
540 1404 600 1456 οὑ
637 1405 976 1474 παρατρέχει
1007 1421 1021 1435 ·
1056 1403 1228 1458 πολλὰ
1262 1404 1449 1474 μέντοι
1492 1405 1904 1476 ἀρχαιοτρόπως

305 1499 402 1550 καὶ
441 1497 542 1549 οὐκ
577 1497 657 1558 είς
702 1495 765 1548 τὸ
815 1494 1042 1565 ὕστερον
1093 1491 1536 1566 διηκριϐωμένον
1587 1497 1902 1565 καταλέγει.

317 1590 460 1643 Ἀλλ’
487 1591 713 1644 ἐκείνων
757 1590 856 1642 οὐκ
901 1589 968 1642 ἂν
1020 1590 1107 1661 εἴη
1157 1591 1366 1654 δίκαιος
1419 1591 1576 1659 λόγον
1632 1591 1899 1662 ὑπέχεινο

301 1681 435 1744 τοὺς
464 1681 574 1750 γὰρ
603 1680 780 1751 ἀρχὴν
810 1680 1048 1750 Θεωρίας
1093 1682 1605 1752 καταδαλλομένους
1638 1683 1698 1736 οὑ
1736 1684 1781 1715 ⁸⁷
1821 1683 1902 1736 δί-

301 1791 407 1836 κας
437 1775 690 1827 ἀπαιτεῖν
720 1773 830 1826 τῶν
863 1775 1236 1844 παρειμένων,
1272 1775 1385 1828 ἀλλ’
1412 1777 1638 1847 ἀγαπᾷν
1665 1776 1901 1846 μάλιστα
1933 1791 1981 1852 Β

299 1866 477 1936 αὐτῆς
506 1883 565 1919 τε
587 1867 686 1937 τῆς
731 1867 989 1938 ἐπιϐολῆς
1016 1869 1111 1919 καὶ
1139 1869 1223 1936 ἐφ’
1252 1869 1378 1920 ὅσον
1437 1867 1502 1920 ἂν
1533 1867 1903 1939 καταλήψεως

298 1956 414 2010 τῶν
462 1957 944 2028 διασκοπουμένων
1023 1960 1362 2032 προχωροίη.
1412 1961 1484 2014 Τὸ
1536 1960 1593 2014 δὲ
1641 1962 1740 2033 τὴν
1808 1963 1904 2015 τοῦ

327 2051 693 2120 Αντιχρίστου
742 2052 1070 2120 παρουσίαν.
1123 2053 1244 2106 καθ’
1275 2055 1341 2124 ἢν
1373 2053 1468 2106 καὶ
1495 2055 1527 2123 ή
1552 2054 1647 2106 τοῦ
1707 2055 1908 2126 αἰσθη-

299 2141 398 2194 τοῦ
437 2142 644 2211 κόσμου
679 2142 832 2196 τοῦδε
861 2145 1144 2198 συντέλεια
1181 2145 1417 2211 ἵσταται,
1458 2147 1591 2216 μηδέ
1631 2149 1745 2211 τοῖς
1785 2165 1893 2217 μα-

300 2235 504 2305 θηταῖς
533 2234 810 2305 δεομένοις
841 2236 933 2290 τοῦ
964 2239 1213 2308 Σωτῆρος
1261 2238 1736 2308 ἀποκαλύψαντος,
1787 2235 1908 2294 εἶτα

299 2327 493 2378 αὐτῶν
548 2327 756 2398 ταύτην
805 2329 1186 2393 πεντακοσίοις
1238 2329 1358 2402 [(2⁸71
1401 2330 1493 2404 Ιτ1.]
1559 2333 1734 2385 ἔτεσιν
1800 2333 1908 2387 ἀπὸ

298 2419 550 2490 Χριστοῦ
581 2420 892 2490 ὑπαχθέντα
923 2421 1392 2492 περιγράψασθαι,
1429 2423 1633 2477 ὡσανεὶ
1665 2424 1774 2478 τῶν
1793 2426 1906 2479 ἀπὺ

298 2512 541 2584 πρώτης
573 2512 669 2566 τοῦ
719 2514 926 2584 κόσμου
990 2515 1296 2584 καταϐολῆς
1337 2515 1718 2584 ἑξακισχιλίων
1771 2517 1908 2570 ἐτῶν

301 2606 784 2674 συντελουμένων,
814 2607 908 2658 καὶ
939 2606 1038 2677 τὴν
1075 2606 1323 2660 διάλυσιν
1382 2609 1548 2662 αὐτοῦ
1583 2609 1906 2677 ἐφεστάναι,

296 2701 472 2754 τοῦτο
495 2699 590 2752 καὶ
630 2699 971 2769 θερμοτέρας
1003 2699 1069 2752 ἂν
1099 2701 1185 2771 εἰη
1221 2699 1316 2752 τοῦ
1349 2703 1726 2772 προσήκοντος
1769 2702 1909 2770 γνὼο

301 2809 447 2862 μης,
475 2791 572 2844 καὶ
597 2791 632 2861 ἡ
662 2791 936 2858 ἀπόφασις
970 2790 1322 2861 ἀνθρωπίνης
1347 2791 1593 2858 ἀγνοίας,
1636 2791 1751 2844 ἀλλ’
1809 2793 1910 2846 οὐκ

298 2883 603 2946 ἐπιπνοίας
632 2883 734 2954 τῆς
764 2884 970 2937 ἄνωθεν
1008 2883 1298 2952 διελέγχει.
1345 2883 1412 2936 'H
1444 2884 1501 2937 δὲ
1531 2885 1730 2955 φράσις
1760 2885 1909 2958 αὐτῷ

301 2978 364 3030 τὸ
400 2979 581 3045 σαφὲς
610 2977 692 3030 ὃτι
731 2975 964 3046 μάλιστα
995 2976 1344 3046 οἰκειουμένη
1374 2977 1575 3048 πρέποι
1629 2977 1697 3032 ἂν
1735 2980 1909 3050 ἑρμη-

305 3069 433 3141 νείᾳ
462 3069 541 3130 ⁸⁸,
570 3071 619 3122 εί
645 3069 740 3123 καὶ
771 3069 899 3131 τοὺς
932 3069 1213 3132 Ἀττικοὺς
1259 3067 1320 3122 οῦ
1345 3087 1398 3123 τι
1427 3071 1572 3140 μάλα
1601 3069 1839 3140 θεσμοὺς
1856 3071 1904 3104 ⁸³

303 3163 671 3216 δυσωπεῖται.

380 3255 812 3325 Συνανεγνώσθη
844 3253 1010 3309 αὐτοῦ
1059 3255 1156 3310 καὶ
1183 3255 1370 3326 ἕτερος
1399 3253 1559 3324 λόγος
1609 3254 1739 3325 περῖ¹
1776 3255 1912 3324 Χρι-

309 3346 445 3403 στοῦ
484 3349 580 3400 καὶ
638 3347 1027 3418 Ἀντιχρίστου,
1060 3350 1116 3400 ἐν
1149 3341 1194 3417 ᾧ
1223 3349 1258 3419 ἦ
1296 3365 1356 3400 τε
1408 3350 1546 3419 αὑτὴ
1583 3348 1692 3402 τῶν
1738 3348 1911 3415 λόγων

315 3439 431 3494 ἰδέα
460 3438 780 3507 διαπρέπει,
813 3441 908 3491 καὶ
951 3438 1012 3491 τὸ
1037 3439 1146 3493 τῶν
1192 3439 1488 3511 νοημάτων
1540 3439 1912 3509 ἁπλούστερόν

310 3547 371 3584 τε
395 3531 498 3584 καὶ
531 3530 928 3602 ἀρχαιότροπον
945 3531 1012 3584 ⁸⁸.

1051 3624 1168 3676 ΣΡ.

320 3714 436 3770 Τοῦ
505 3713 800 3783 μακαρίου
861 3712 1239 3782 Θεοδωρήτου
1303 3713 1644 3784 ἐπισκόπου
1717 3715 1915 3784 Κύρου

712 3785 998 3852 ἑρμηνεία
1027 3786 1114 3848 είς
1146 3783 1252 3836 τὸν
1279 3783 1525 3850 Δανιὴλ.

385 3875 736 3948 ’Λνεγνὼσθη
766 3875 864 3929 τοῦ
899 3875 1166 3946 μακαρίου
1203 3875 1578 3946 Θεοδωρήτου,
1609 3876 1914 3930 ἐπισκόπου

315 3971 537 4041 Κύρου,
589 3969 910 4038 Ἑρμηνεία
959 3971 1046 4034 είς
1098 3967 1206 4022 τὸν
1257 3969 1501 4035 Δανιὴλ.
1551 3971 1766 4042 Μακρῷ
1814 3973 1916 4042 μὲν

312 4055 477 4126 οὗτος
509 4062 538 4113 ὁ
569 4061 730 4128 σοφὸς
768 4061 908 4130 ἀνὴρ
937 4061 1034 4131 οὐχ
1089 4060 1408 4114 Ἱππολύτου
1445 4063 1626 4133 μόνον,
1657 4062 1794 4116 ἀλλὰ
1821 4063 1916 4117 καὶ

314 4153 540 4206 πολλῶν
577 4153 753 4205 ἄλλων
789 4154 855 4224 τῇ
883 4150 993 4204 τῶν
1029 4152 1404 4223 προφητικῶν
1466 4154 1729 4225 ῥημάτων
1778 4155 1912 4208 ἀνα-

315 4243 523 4307 πτύξει
555 4260 614 4295 τε
639 4243 734 4294 καὶ
770 4241 1126 4312 διακαθάρσει
1157 4245 1351 4314 κρατεῖ
1376 4260 1390 4273 ο
1421 4243 1536 4297 ἔστι
1563 4245 1620 4298 δὲ
1656 4244 1754 4316 τὴν
1775 4246 1916 4315 φρά-

317 4353 426 4400 σιν,
458 4335 618 4397 είτις
648 4334 827 4399 ἄλλος,
857 4336 1178 4404 ἑρμηνείαις
1203 4337 1453 4407 πρέπων,
1493 4337 1571 4406 τῷ
1595 4355 1657 4392 τε
1683 4337 1912 4408 καθαρῷ

317 4425 416 4475 καὶ
474 4423 704 4492 εὐσήμῳ
767 4423 876 4476 τῶν
936 4425 1198 4494 ῥημάτων
1233 4425 1635 4479 ἀνακαλύπτων
1671 4427 1738 4480 τὰ
1787 4445 1912 4480 συν-ο

2007 522 2101 592 qui
2129 524 2272 578 hunc
2300 527 2452 594 operi
2488 542 2588 582 suo
2628 529 2841 582 titulum
2876 531 3071 585 indidit
3109 553 3122 588 :
3164 534 3248 588 Ad
3276 534 3448 592 Indiw
3474 557 3589 591 mo-

2006 613 2228 678 nachos,
2248 632 2400 683 quem
2434 617 2798 686 postularant,
2819 618 3240 678 Consolatorius.
3263 625 3434 682 Porro
3461 645 3589 684 cen-

2008 716 2120 760 tum
2155 717 2208 762 et
2239 707 2330 764 hic
2356 711 2624 780 capitibus
2658 711 2856 767 librum
2888 730 3044 769 suum
3076 718 3332 774 absolvit.

2723 803 2874 858 CCII.

2007 891 2164 948 Beati
2195 893 2470 966 Hippolyti
2535 895 2694 966 episc.
2725 907 2772 947 et
2795 906 2953 952 mari.
2989 897 3367 966 Interpretatio
3394 902 3590 957 Danie-

2145 966 2232 1031 lis,
2266 977 2313 1019 et
2360 965 2600 1020 Humilia
2625 966 2690 1020 de
2719 966 2928 1024 Christo
2983 980 3031 1024 et
3053 965 3404 1027 Antio/triste.

2075 1122 2204 1194 Legi
2233 1121 2504 1194 Hippolyti
2531 1123 2642 1194 (9‘2)
2669 1124 2905 1194 episcopi
2933 1141 2995 1180 ac
3038 1129 3292 1198 martyris
3316 1129 3588 1199 Interpre-

2007 1219 2260 1270 tationem
2285 1216 2565 1279 Danielis;
2594 1233 2752 1286 quem
2789 1219 2894 1274 etsi
2927 1221 2992 1273 ad
3025 1221 3248 1275 verbum
3288 1239 3394 1277 non
3417 1227 3590 1294 expli-

2005 1315 2116 1371 cat,
2152 1306 2356 1360 nullum
2391 1317 2570 1362 tamen
2609 1324 2856 1373 sensum,
2891 1318 2950 1363 ut
2981 1325 3169 1364 verum
3215 1313 3410 1380 dicam,
3445 1331 3586 1383 pra!-

2007 1400 2283 1454 termittit.
2307 1400 2572 1468 Pleraque
2602 1415 2765 1470 porro
2794 1402 2964 1456 veteri
2996 1419 3171 1468 more,
3201 1421 3308 1459 non
3354 1416 3411 1460 ut
3436 1418 3590 1475 post-

2005 1505 2068 1545 ea
2116 1491 2268 1546 fuere
2329 1493 2638 1546 accuratius
2659 1508 2912 1558 excussa,
2968 1505 3236 1562 recenset,
3275 1515 3586 1569 quanquam

2005 1599 2194 1638 eorum
2228 1585 2400 1652 ipsum
2448 1585 2679 1640 reddere
2730 1587 2998 1641 rationem
3052 1605 3266 1659 :equum
3326 1607 3430 1645 non
3481 1603 3584 1648 est.

2008 1673 2176 1728 Decet
2207 1677 2350 1728 enim
2381 1675 2450 1730 ab
2479 1676 2565 1738 iis,
2599 1678 2689 1746 qui
2715 1679 2927 1748 princip
2950 1679 3058 1733 ium
3086 1682 3330 1736 scientia:
3361 1683 3590 1755 alicujus

2007 1775 2339 1830 statuerunt,
2369 1783 2475 1820 non
2508 1783 2795 1838 reposcere
2811 1770 3077 1826 rationem
3105 1787 3292 1826 eorum
3319 1789 3438 1843 qua:
3456 1791 3591 1844 prae-

2010 1860 2280 1912 terierunt
2313 1878 2326 1913 :
2372 1859 2567 1933 164a
2626 1861 2723 1916 sed
2763 1872 3080 1918 contentum
3117 1881 3240 1921 esse
3280 1869 3461 1934 potius
3500 1884 3591 1924 co-

2007 1957 2139 2004 natu
2173 1949 2312 2019 ipso,
2338 1961 2393 2004 et
2419 1953 2485 2006 iis
2520 1968 2642 2020 qua:
2670 1964 2939 2023 quatenus
2969 1955 3143 2019 licuit,
3173 1972 3203 2009 e
3242 1960 3593 2014 consideran-

2009 2042 2095 2096 dis
2123 2043 2363 2097 assccuti
2395 2053 2544 2100 sunt.
2578 2045 2870 2114 Caeterum,
2890 2049 3033 2117 quod
3056 2050 3376 2105 Antichristi
3399 2053 3593 2107 adven-

2011 2141 2122 2187 tum
2153 2134 2395 2205 (quando
2449 2136 2614 2191 etiam
2649 2139 2831 2193 mundi
2867 2140 3028 2208 hujus
3071 2143 3414 2210 aspectabilis
3453 2144 3592 2200 inte-

2009 2227 2149 2281 ritus
2189 2229 2468 2300 sequetur)
2504 2245 2664 2298 quem
2712 2247 2780 2287 ne
2815 2223 3102 2302 discipulis
3131 2235 3348 2304 quidem
3395 2253 3594 2307 rogan-

2012 2317 2155 2373 tibus
2186 2320 2556 2375 maiiifestavit
2607 2319 2884 2388 Christus,
2927 2321 3251 2395 Ilippolytus
3297 2327 3384 2381 hic
3435 2329 3593 2396 quin-

2011 2410 2314 2479 gentesimo
2361 2421 2484 2481 post
2525 2411 2806 2468 Christum
2831 2430 2976 2468 anno
2999 2418 3274 2472 ascribere
3303 2434 3468 2473 ausus
3492 2421 3586 2482 sit,

2009 2499 2167 2568 quasi
2207 2514 2237 2552 a
2272 2501 2447 2570 prima
2473 2505 2656 2557 mundi
2684 2506 3072 2563 constitutione
3100 2525 3194 2562 sex
3227 2511 3467 2567 millibus
3496 2527 3593 2566 an-

2010 2605 2203 2646 norum
2229 2601 2341 2646 tum
2369 2593 2612 2650 decursis
2633 2595 2752 2665 ejus
2775 2597 3034 2654 interitus
3057 2600 3309 2664 instaret,
3335 2603 3438 2658 hoc
3464 2619 3594 2659 sane

2011 2687 2291 2743 calidioris
2317 2703 2478 2758 quam
2515 2705 2619 2758 par
2643 2692 2713 2744 sit
2763 2691 2926 2746 animi
2961 2703 3063 2747 est.
3107 2693 3300 2748 Verum
3327 2696 3440 2752 haec
3476 2697 3594 2767 ejus

2010 2779 2242 2833 assertio
2282 2779 2570 2834 humanam
2593 2782 2953 2850 ignorantiam
2976 2785 3178 2854 potius,
3204 2803 3365 2854 quam
3422 2790 3590 2844 caele-

2009 2879 2150 2924 Stem
2182 2871 2420 2941 aliquam
2469 2873 2883 2942 inspirationem
2922 2878 3120 2947 arguit.
3153 2877 3336 2934 Genus
3372 2880 3491 2950 ejus
3512 2883 3595 2936 di-

2008 2963 2397 3018 cendiclarum
2443 2966 2496 3019 in
2557 2967 2750 3036 primis
2788 2984 2851 3021 ac
2901 2971 3271 3039 perspicuum,
3333 2975 3598 3044 interpre-

2013 3064 2116 3109 tem
2154 3058 2285 3111 satis
2337 3058 2511 3124 decet,
2540 3060 2641 3115 etsi
2682 3060 2892 3116 Atticas
2932 3078 3119 3119 revera
3141 3064 3285 3134 leges
3315 3067 3474 3122 valde
3503 3083 3590 3124 re-

1930 3141 1972 3198 C
2005 3149 2209 3217 pudiat.

2083 3242 2338 3312 Legimus
2366 3260 2470 3298 una
2495 3243 2740 3310 ejusdem
2780 3245 3073 3302 Ilomiliam
3116 3249 3228 3322 (95)
3277 3252 3340 3306 de
3384 3251 3594 3307 Christo

2011 3341 2063 3387 et
2094 3336 2417 3388 Amic/arista
2441 3352 2459 3388 :
2487 3337 2538 3388 in
2569 3352 2672 3404 qua
2699 3339 2886 3392 eadem
2916 3341 3127 3394 dicendi
3154 3342 3328 3396 forma
3355 3354 3591 3411 servata,

2013 3437 2070 3481 et
2098 3443 2358 3482 sensuum
2385 3428 2709 3497 simplicitas
2736 3430 2910 3499 major
2931 3440 3016 3487 est
3037 3448 3103 3488 ac
3135 3444 3396 3490 vetustas.

2721 3612 2900 3668 CCIII.

2054 3699 2365 3755 Theodoreti
2401 3701 2646 3772 Cyrensis
2677 3705 2836 3774 episc.
2881 3704 3256 3777 Interpretatio
3299 3708 3558 3766 Danielis.

2089 3860 2339 3930 Legimus
2356 3859 2683 3917 Theodoreti
2696 3863 2936 3934 episcopi
2958 3865 3082 3934 Cyri
3099 3864 3594 3935 Interpretationcm

2018 3951 2279 4006 Danielis.
2318 3951 2408 4007 Vir
2431 3969 2564 4009 sane
2581 3955 2792 4021 doctus,
2834 3943 2940 4012 non
2971 3957 3262 4028 Ilippolyto
3290 3964 3469 4028 modo,
3503 3978 3596 4017 ve-

2019 4060 2138 4099 rum
2182 4046 2344 4098 etiam
2396 4045 2518 4120 aliis
2570 4046 2754 4102 multis
2797 4049 3239 4120 proplieticorum
3284 4068 3593 4106 sermonum

2020 4138 2475 4206 interpretatione
2510 4150 2674 4211 atque
2703 4144 3086 4212 explanatione
3121 4144 3275 4214 longe
3297 4147 3590 4200 antecellit.

2021 4232 2196 4285 ltictio
2247 4231 2365 4301 ejus
2413 4236 2856 4289 commentationi
2932 4236 3000 4308 (si
3053 4235 3369 4306 cujusquam
3435 4239 3592 4308 alius)

2021 4324 2324 4393 aptissima.
2353 4323 2487 4379 Nam
2528 4335 2583 4379 et
2615 4328 2764 4396 puris
2799 4329 3248 4398 signantibusque
3287 4329 3466 4384 verbis
3497 4332 3594 4384 ab-

2023 4415 2134 4468 dita
2163 4430 2390 4485 quaeque
2415 4425 2470 4469 et
2500 4415 2732 4470 obscura
2769 4418 2995 4480 revelat,
3020 4419 3433 4484 etjucunditate
3462 4435 3595 4488 qua-

317 4514 695 4584 εσκιασμένα,
714 4515 808 4568 καὶ
833 4513 911 4584 τῷ
930 4515 1200 4585 ἡδύνοντι,
1227 4517 1322 4570 ἆτε
1337 4517 1402 4586 δὴ
1428 4517 1821 4585 διαγλυκαίνων
1847 4518 1908 4585 θί,

2022 4507 2148 4560 dam
2179 4507 2331 4576 quasi
2362 4507 2738 4574 delinimento,
2769 4510 3032 4577 suavique
3065 4509 3246 4578 lepore
3294 4511 3360 4564 ad
3407 4511 3490 4563 sui
3526 4514 3595 4566 le-

314 4605 770 4677 προθυμοτέρους
804 4608 938 4677 πρὸς
967 4606 1064 4679 τὴν
1102 4609 1410 4676 ἀνάγνωσιν
1453 4611 1913 4680 παρασκευάζων,

314 4699 418 4752 καὶ
444 4699 514 4769 δὴ
547 4699 593 4730 ⁸⁸
630 4700 724 4752 καὶ
755 4699 831 4769 τῷ
855 4701 996 4771 πρὸς
1029 4703 1308 4773 μηδεμίαν
1338 4703 1616 4772 ἐκτροπὴν
1647 4703 1742 4754 καὶ
1772 4721 1917 4774 παρ-

312 4789 553 4843 έκϐασιν
615 4791 988 4860 ἀποφέρεσθαι
1053 4793 1148 4845 τοῦ
1208 4793 1574 4862 προκειμένου
1635 4793 1796 4863 κόρον
1855 4810 1915 4846 τε

314 4881 735 4952 ἀφαιρούμενος
760 4883 967 4950 πάντα,
1013 4885 1108 4938 καὶ
1134 4887 1234 4954 τὴν
1271 4885 1511 4957 μάθησιν
1559 4883 1668 4937 τῶν
1719 4886 1916 4954 ζητου-

317 4977 510 5046 μένων
538 4975 847 5047 ἀσύγχυτόν
870 4994 932 5030 τε
970 4980 1077 5046 ξκαὶ
1125 4977 1549 5031 ἀδιασκέδαστον
1586 4977 1678 5030 καὶ
1719 4977 1918 5048 εὐχερῆ

311 5072 432 5130 τοῖς
465 5069 890 5141 ἀναλεγομὲνοις
919 5069 1086 5124 αὐτοῦ
1120 5071 1168 5104 ⁸³
1197 5071 1289 5125 τὸν
1320 5072 1481 5124 πόνον
1508 5069 1777 5141 ἐμποιῶν.
1798 5071 1909 5123 Καὶ

313 5163 350 5233 ἡ
380 5160 536 5228 λέξις
562 5161 619 5214 δὲ
660 5161 808 5234 αὐτῷ
831 5164 925 5215 καὶ
951 5165 983 5234 ἡ
1026 5163 1272 5234 συνθήκη
1303 5167 1402 5234 τῆς
1461 5165 1715 5235 Ἀττικῆς
1750 5164 1908 5234 εὐγε-

313 5251 474 5314 νείας
499 5251 562 5305 οὐ
588 5251 782 5320 φεύγει
814 5254 912 5316 τὰς
938 5254 1122 5322 γονὰς,
1151 5253 1293 5324 πλὴν
1323 5255 1375 5307 ετ
1403 5271 1458 5308 τι
1488 5253 1909 5324 περιεργότερον

2015 4598 2251 4652 ctionem
2286 4597 2495 4650 invitat.
2529 4595 2669 4662 Quin
2724 4608 2779 4652 et
2826 4615 2892 4654 ex
2931 4615 2995 4652 eo
3039 4602 3180 4669 quod
3233 4603 3297 4654 ad
3340 4603 3593 4672 ambages

2015 4689 2190 4744 nullas
2227 4689 2700 4758 digressionesque
2735 4706 2762 4743 a
2805 4692 3080 4760 proposito
3110 4702 3426 4761 argumento
3445 4708 3594 4748 rece-

2021 4782 2138 4847 dat,
2166 4781 2476 4834 satietatem
2513 4795 2618 4834 nou
2659 4782 2819 4834 modo
2851 4782 3054 4835 nullam
3089 4783 3266 4849 alien,
3292 4784 3389 4837 sed
3422 4800 3483 4838 ea
3507 4785 3592 4838 in-

2014 4889 2202 4942 super,
2239 4889 2358 4942 qua:
2385 4872 2439 4927 in
2475 4873 2695 4926 dubium
2735 4886 3024 4940 vocantur,
3056 4877 3174 4930 sine
3213 4876 3317 4929 ulla
3347 4879 3426 4930 vel
3463 4892 3593 4930 con-

2016 4966 2231 5020 fusione
2256 4965 2340 5019 vel
2379 4964 2738 5033 dissipatione
2774 4965 2952 5029 facile,
2981 4977 3035 5020 et
3071 4967 3353 5024 commoda
3383 4969 3592 5022 ratione

2016 5059 2247 5114 lectores
2299 5070 2428 5111 suos
2483 5056 2658 5109 docet.
2721 5054 2920 5110 Vocum
2975 5058 3102 5112 item
3154 5059 3274 5127 ejus
3324 5057 3588 5122 delectus,

2017 5163 2183 5223 atque
2215 5152 2330 5221 ipsa
2354 5148 2676 5217 compositio
2718 5150 2785 5202 ab
2830 5149 3024 5205 Attica:
3054 5151 3339 5221 elegantiae
3383 5151 3590 5221 origine

2019 5265 2127 5306 non
2179 5243 2404 5313 refugit,
2444 5239 2549 5295 nisi
2589 5241 2718 5310 quid
2754 5241 2896 5296 forte
2938 5243 3206 5298 curiosius
3237 5242 3344 5297 illic
3393 5256 3590 5296 occur-

1584 5345 1814 5400 VARIAB
1854 5343 2262 5402 LECTIONES.

421 5435 474 5519 ξ’
506 5445 626 5502 Post
679 5439 908 5519 a1336_in
967 5457 1162 5519 versus
1216 5441 1373 5519 vacui
1423 5441 1452 5493 7
1479 5442 1600 5519 χε,
1627 5442 1678 5496 in
1706 5443 1747 5498 C
1789 5443 1822 5497 Ξ
1851 5445 1973 5498 1/2.
1995 5515 2019 5519 _
2049 5438 2210 5519 πρό]
2253 5439 2404 5519 ileest
2433 5437 2534 5519 δεῖ.
2609 5437 2654 5468 ⁸⁸
2685 5434 3138 5519 ὲρμΕνΞίᾳῗ-οὕτι
3165 5436 3210 5486 Α
3249 5453 3261 5487 :
3297 5430 3592 5519 ἑρμηνείας

311 5533 385 5585 ’ξ-
413 5504 540 5585 δνῖι
578 5525 657 5585 ,ςῖ
737 5510 783 5543 ⁸⁸
817 5511 1051 5584 θερμοὺς
1077 5531 1140 5577 ς.
1216 5512 1262 5545 ’⁸
1295 5503 1695 5585 ἀρχαιότροπον
1721 5530 1831 5569 om.
1869 5531 1951 5585 pl.
1983 5515 2043 5571 C.
2095 5503 2596 5578 θζδῐαγλυκαίνοντι
2651 5503 2729 5571 ς(
2758 5503 2829 5537 ’π
2853 5503 2984 5574 δηΛ
3013 5525 3026 5561 :
3061 5507 3165 5575 μὴν
3207 5521 3266 5568 ς.
3343 5503 3387 5536 ⁹³
3419 5503 3590 5572 αὐτῆς

1844 5648 2078 5708 NOTAE.

314 5575 364 5628 A
387 5595 401 5629 ;
437 5574 607 5629 αὐτοῦ
640 5596 702 5642 ς.

393 5737 518 5812 (9|)
573 5736 756 5812 Hujus,
797 5742 930 5812 Περὶ
965 5741 1258 5812 ἀσκήσεως
1303 5751 1520 5796 exstare
1565 5741 1812 5800 feruntur
1847 5743 1903 5799 in

316 5807 511 5874 Italia,
558 5818 608 5864 et
633 5807 963 5868 bibliotheca
1002 5807 1170 5882 ltegia
1197 5821 1253 5869 et
1282 5813 1622 5882 Augustaua.
1717 5892 1732 5905 ⁸

2085 5741 2200 5813 (92)
2231 5696 2462 5796 Vide‘B.
2485 5742 2796 5813 llieronym.
2830 5744 2880 5796 in
2913 5741 3088 5796 Catal.
3121 5757 3240 5810 cap.
3267 5740 3357 5795 61.

2090 5812 2206 5883 ’93)
2236 5812 2310 5868 Ea
2341 5813 2525 5868 Graece
2565 5822 2618 5867 ct
2641 5812 2833 5868 Latine
2868 5815 3250 5887 typis_vu|gata
3274 5820 3478 5868 exstat.
