4030 6248
485 249 554 309 75
1578 242 1843 302 ΡΙΙΟΤΙΙ
1880 242 2004 301 ΡΛἸ

2107 242 2385 302 ΛΒΟΗΙΕ
2419 245 2531 305 CP.

3590 245 3696 313 676

447 364 556 417 rat,
585 353 728 422 quod
763 354 887 423 quis
925 351 1229 405 multorum
1250 349 1474 403 auribus
1521 350 1796 404 insolitum
1843 351 2004 406 di’cat.

2114 351 2284 421 αὐτῆς
2317 355 2434 406 ἐστι
2461 355 2553 407 καὶ
2582 353 2683 423 τῆς
2709 355 2784 419 ὼς
2816 356 2981 425 φάναι
3010 354 3218 410 πολλῶν
3275 356 3447 427 ἀκοῆς
3497 357 3697 412 ἀνακε-

448 444 563 497 Iloc
591 442 822 506 constat.
871 444 1005 497 nihil
1051 456 1199 507 cum,
1256 443 1400 510 quod
1440 442 1508 497 ad
1554 442 2023 512 interpretandum

451 534 632 602 iaciat,
653 537 944 601 declinare,
969 537 1215 605 adeoque
1241 534 1295 588 in
1323 547 1594 588 summum
1623 534 1865 589 evasisse
1893 534 2022 602 cpti-

446 643 662 681 morttm
728 626 1084 695 interpretum
1139 624 1374 689 culmen,
1405 632 1463 678 ut
1494 639 1599 678 non
1633 623 1791 678 facile
1816 624 1893 679 sis
1921 623 2023 678 ali-

448 736 612 787 quem
652 729 989 789 reperturus,
1023 720 1114 789 qui
1147 720 1244 774 illo
1267 720 1460 775 melius
1500 721 1733 775 obscura
1762 720 2021 790 explicet.

332 794 335 797 ί
446 809 586 864 Sunt
617 811 836 880 quidem
871 820 926 866 et
954 810 1045 866 alii
1082 827 1217 880 pure
1247 811 1551 881 loquentes,
1597 813 1687 883 qui
1725 814 2023 884 proposita-

441 917 562 956 rum
588 902 693 957 sibi
721 919 911 957 rerum
942 919 1160 959 sensum
1189 905 1337 959 haud
1372 906 1611 973 segniter
1640 906 1966 977 investigent
1999 925 2015 961 ε

442 1005 500 1047 at
538 994 701 1049 simul
745 1004 799 1050 et
834 997 1120 1064 perspicue
1161 998 1365 1061 dicere,
1407 1008 1461 1053 et
1499 998 1632 1052 nihil
1667 1000 1883 1054 interim
1928 1015 2018 1054 co-

442 1087 593 1156 gnitu
637 1089 1007 1143 necessarium
1035 1088 1140 1160 (vel
1175 1090 1457 1144 brevitatis
1481 1090 1664 1160 causa)
1687 1094 2017 1160 praetermit-

431 1186 596 1243 tere;
640 1192 744 1231 non
795 1178 925 1232 item
988 1181 1056 1232 ad
1131 1180 1471 1241 diverticula,
1521 1180 1605 1234 vel
1654 1182 1720 1234 ad
1756 1182 2017 1236 doctrinae

440 1269 861 1323 ostentationem
891 1270 1097 1340 digredi
1143 1270 1268 1335 (nisi
1298 1273 1416 1328 haec
1446 1271 1693 1338 forsitan,
1728 1270 1850 1329 'non
1898 1274 2017 1328 sine

440 1359 698 1426 utilitate,
740 1361 820 1415 sic
851 1362 1235 1428 adhibeantur,
1267 1373 1327 1418 ut
1353 1363 1555 1434 percipi
1588 1375 1842 1435 nequeat,
1870 1366 2013 1435 quod

438 1460 470 1498 a
510 1461 569 1500 re
616 1449 895 1518 proposita
920 1448 1273 1522 discedatur),
1307 1451 1500 1523 1641)
1564 1452 1668 1506 hoc
1709 1463 1857 1507 certe
1902 1467 2014 1522 prae

438 1538 652 1593 caeteris
674 1540 836 1594 rebus
856 1542 1107 1596 omnibus
1139 1557 1169 1597 a
1207 1543 1352 1597 bono
1384 1543 1738 1600 Theodoreto
1772 1546 2014 1599 studiose

438 1639 687 1683 curatum
729 1640 834 1697 est,
870 1647 975 1686 non
1022 1632 1079 1686 in
1125 1633 1229 1689 hoc
1289 1635 1466 1689 solum
1520 1649 1706 1706 opere,
1748 1637 1847 1691 sed
1894 1634 2010 1691 fere

437 1721 666 1775 diierim
697 1722 751 1776 in
783 1723 1032 1778 omnibus
1078 1722 1196 1791 ejus
1233 1726 1479 1795 scriptis,
1516 1741 1635 1796 qua:
1681 1728 1846 1781 multa
1881 1741 2010 1782 sane

436 1811 680 1880 reliquit,
718 1814 915 1883 quibus
938 1828 1171 1881 sacram
1211 1813 1552 1886 Scripturam
1608 1816 1870 1872 industria
1916 1832 2011 1873 sua

434 1900 668 1956 miriﬁce
697 1901 1008 1957 illustravit.
1037 1901 1206 1972 Igitur
1247 1904 1301 1958 in
1344 1904 1617 1972 aliquibus
1660 1905 1879 1973 quidem
1931 1906 2010 1961 illi

435 1997 490 2051 in
520 1999 620 2051 hac
660 1997 827 2053 divini
863 1996 1103 2055 Danielis
1152 2000 1494 2070 expositione
1532 2016 1655 2055 cum
1707 2000 2007 2073 Hippolyto

433 2097 675 2159 martyre
707 2089 986 2153 convenit,
1025 2089 1120 2144 sed
1157 2091 1309 2160 plnra
1376 2093 1431 2145 in
1485 2092 1683 2161 quibus
1710 2092 2004 2148 dissentit:

433 2193 662 2248 quorum
703 2181 817 2235 hazc
843 2180 1143 2236 illustriora
1170 2183 1510 2255 sunt‘“(9-i).

1132 2275 1308 2331 CCIV.

430 2359 686 2431 Ejusdem
721 2361 1033 2417 Octateuchi
1053 2365 1354 2438 expositio,
1375 2373 1426 2419 et
1475 2365 1543 2419 In
1576 2366 1740 2421 libros
1799 2365 2002 2438 Regum

954 2450 1017 2486 ac
1044 2432 1479 2504 Paralipomena.

498 2523 629 2594 Legi
656 2523 900 2594 ejusdem
929 2526 1097 2579 divini
1136 2527 1238 2581 viri
1264 2528 1703 2596 explanationem
1744 2529 2001 2586 Octateu-

2126 444 2411 514 χωρηκός’
2448 446 2605 497 τοῦτο
2633 446 2711 512 δὲ,
2753 448 2834 499 δτι
2885 447 3022 518 μηδὲ
3078 447 3359 518 προσῆκον
3404 448 3693 518 ἑρμηνείᾳ,

2122 534 2427 589 ἀποκλίνει.
2459 537 2572 589 Καὶ
2604 538 2740 601 ὅλως
2762 539 2808 571 ³⁸⁵
2849 539 2931 601 εἰς
2958 537 3017 591 τὸ
3042 539 3266 609 ἄριστόν
3294 539 3411 593 ἐστι
3465 540 3574 602 τῷν
3606 540 3698 606 ἐξα

2120 625 2344 696 ηγητῶν
2368 627 2460 679 καὶ
2504 628 2604 680 οὐκ
2637 627 2759 698 ἔχον
2781 630 2826 661 ⁸⁵
2858 628 3054 700 ῥᾳδίως
3105 629 3198 682 τὸν
3236 629 3460 700 ἄμεινον
3509 630 3698 683 διασα-

2122 718 2326 787 φοῦντα
2370 721 2696 791 ἁνηγμένος.
2972 723 3071 792 μὲν
3121 724 3232 793 γὰρ
3269 698 3363 777 καὶ
3406 698 3588 788 ἄλλοις
3633 725 3699 777 τὸ

2120 813 2380 885 καθαρῶς
2428 816 2601 868 εἰπεῖν
2654 815 2749 869 καὶ
2780 814 3094 885 ἀνιχνεῦσαι
3118 817 3212 870 τὸν
3245 815 3371 870 νοῦν
3398 816 3512 869 τῶν
3555 817 3698 870 θεωι

2122 903 2423 976 ρουμένων·
2476 904 2537 956 τὸ
2574 904 2621 958 δ’
2651 904 2765 975 ἅμα
2811 920 2870 957 τε
2906 904 3094 972 σαφῶς
3146 906 3320 957 εἰπεῖν
3382 904 3480 957 καὶ
3526 904 3699 974 μηδὲν

2118 996 2227 1048 τῶν
2255 995 2571 1065 ἀναγκαίων
2622 998 2679 1050 ὲν
2711 995 2789 1066 τῷ
2845 996 3095 1067 συντόμῳ
3150 994 3505 1065 παραλιπεῖν,
3558 979 3695 1067 μηδξὲ

2117 1086 2254 1156 πρὸς
2305 1088 2577 1158 ἐκδρομὰς
2621 1088 2654 1160 ἢ
2702 1065 3075 1150 ἐπιδεικτικὰς
3117 1088 3308 1154 σοφίας
3335 1086 3462 1156 ⁸⁸,ἢ
3520 1065 3697 1150 ἄλλως

2118 1178 2218 1247 μὲν
2248 1179 2347 1231 οὐκ
2378 1179 2709 1248 ἀχρήστους,
2743 1178 3168 1250 παρασυρούσας
3191 1179 3237 1211 ³⁷
3266 1178 3323 1231 δὲ
3343 1177 3437 1231 τοῦ
3467 1195 3695 1250 προκει-

2118 1268 2300 1336 μένου,
2337 1270 2412 1339 μὴ
2455 1270 2687 1333 ἀπιδεῖν,
2718 1270 2772 1323 εί
2799 1287 2904 1323 τινι
2952 1269 3095 1341 ἄλλῳ
3128 1270 3195 1331 ⁸⁸,
3226 1268 3422 1339 καὶτῷ
3474 1266 3695 1341 χρηστῷ

2113 1357 2446 1430 Θεοδωρήτῳ
2474 1357 2650 1413 ἔνεστι
2708 1359 3224 1433 διεσπουδασμένον,
3282 1359 3384 1412 οὐκ
3434 1359 3491 1411 ἐν
3520 1358 3694 1429 ταύτῃ

2117 1449 2276 1520 μόνον
2296 1452 2362 1521 τῇ
2405 1451 2777 1522 πραγματείᾳ,
2806 1451 2943 1505 ἀλλά
2972 1468 3036 1520 γε
3058 1452 3106 1484 ⁹⁹
3139 1451 3336 1522 μικροῦ
3371 1451 3476 1505 δέω
3524 1450 3692 1519 φάναι

2114 1543 2211 1596 καὶ
2240 1544 2299 1594 ἐν
2329 1543 2532 1606 πάσαις
2561 1572 2630 1583 -
2651 1543 2846 1598 πολλαὶ
2869 1543 2927 1597 δὲ
2956 1536 3117 1597 αὗται
3149 1574 3220 1585 --
3250 1545 3310 1597 ὲν
3341 1538 3430 1607 αἷς
3473 1542 3581 1596 τῶν
3610 1543 3690 1596 ie-

2119 1631 2226 1702 ρῶν
2266 1633 2613 1705 Γραμμάτων
2644 1634 2793 1704 αὐτῷ
2840 1636 2873 1706 ἡ
2921 1635 3249 1704 διασάφησις
3302 1634 3692 1704 φιλοπονεῖταις

2040 1704 2086 1761 Β
2119 1726 2273 1778 Ἐστι
2322 1727 2422 1795 μὲν
2463 1722 2559 1780 οῦν
2620 1728 2680 1780 ὲν
2723 1731 2787 1799 τῇ
2834 1704 2965 1799 περὶ
3013 1728 3106 1782 τὸν
3155 1728 3445 1781 θεσπέσιον
3491 1726 3691 1797 Δανιὴλ

2111 1817 2410 1883 ἀναπτύξει
2440 1821 2562 1873 κατ’
2595 1819 2714 1873 ἔνια
2741 1820 2820 1892 τῷ
2853 1823 3091 1893 μάρτυρι
3124 1821 3536 1892 συμφερόμενος
3577 1820 3692 1873 Ἱπ-

2110 1909 2355 1981 πολύτῳ·
2388 1910 2559 1965 πλείω
2589 1911 2646 1964 δὲ
2675 1913 2815 1984 πρὸς
2865 1912 2902 1967 δι
2934 1913 3161 1986 φέρεται
3185 1913 3287 1986 τὴν
3350 1912 3564 1985 ἑτέραν,
3609 1904 3689 1964 ὧν

2110 2000 2179 2054 τὰ
2205 2002 2612 2075 ἐπιφανέστερα
2639 2003 2813 2059 ταῦτα
2851 2006 2891 2061 ¹.

2932 2268 2953 2308 ’1
2986 2268 3082 2308 YA'

2723 2268 2827 2325 826
2860 2268 2953 2325 R."
2986 2268 3100 2324 ΣΔ’.

2108 2359 2222 2415 Τοῦ
2243 2359 2431 2415 αὐτοῦ
2469 2362 2557 2427 είς
2602 2268 3156 2429 τήἑὌκτάέευχον,
3206 2377 3306 2414 και
3350 2358 3460 2427 τὰς
3505 2362 3688 2414 Βασι-

2390 2431 2580 2497 λείας,
2610 2433 2710 2486 καὶ
2739 2431 2812 2486 τὰ
2842 2433 3349 2500 Παραλειπόμενα.

2184 2523 2523 2595 Ἀνεγνώσθη
2555 2525 2577 2553 ί
2614 2523 2710 2577 τοῦ
2764 2523 2929 2577 αὐτοῦ
2984 2522 3255 2594 μακαρίου
3306 2523 3329 2554 ³
3359 2521 3551 2591 ἀνδρὸς
3597 2521 3687 2587 ἐξ·

429 2617 542 2680 cbi,
581 2622 700 2685 quae
744 2617 1159 2687 inscriptionem
1198 2630 1345 2674 certe
1396 2622 1550 2689 operi
1590 2624 1806 2693 egregie
1863 2638 1998 2678 con-

2107 2616 2296 2686 ήγησις
2322 2616 2344 2647 ⁸
2376 2618 2457 2681 εἰς
2488 2617 2586 2686 τὴν
2611 2615 2989 2685 Ὀκτᾶτευχον.
3034 2613 3374 2685 Ἐπιγραφὴν
3406 2614 3448 2664 δ’
3472 2613 3630 2683 ἔλαχε
3664 2617 3686 2649 ³

426 2718 708 2777 gruentem
750 2720 905 2763 nacta
948 2718 1052 2774 est,
1089 2709 1158 2764 In
1212 2711 1460 2779 impedita
1497 2729 1662 2767 sacra:
1707 2714 1997 2783 Scriptura:

2107 2705 2502 2774 συμϐαίνουσαν
2532 2705 2611 2776 τῷ
2639 2704 2821 2778 ἔργῳ·
2857 2708 2962 2770 Εἰς
2989 2705 3061 2759 τὰ
3081 2705 3277 2772 ἄπορα
3327 2704 3436 2773 γὰρ
3475 2720 3689 2775 χρημοι1⁵

426 2802 546 2855 loca
578 2799 715 2872 (95);
757 2802 808 2854 in
836 2801 1031 2869 quibus
1052 2801 1375 2857 etad‘libros
1394 2803 1597 2874 Regum
1628 2819 1693 2859 ac
1720 2804 1996 2874 Paralipo-

2107 2799 2233 2863 τίζει
2251 2800 2361 2869 τῆς
2377 2800 2637 2869 ηΤραφῆς
2658 2800 2769 2870 (95)
2792 2817 2805 2830 ·
2826 2803 2887 2854 ὲν
2912 2794 2993 2864 οἷς
3014 2801 3240 2854 ἐστικαὶ
3262 2802 3341 2863 εἰς
3362 2798 3433 2853 τὰ
3450 2800 3557 2852 τῶν
3574 2799 3682 2852 Βα-

428 2907 608 2946 mena.
657 2890 1009 2947 Utilissimum
1057 2892 1110 2946 in
1153 2893 1345 2961 primis
1388 2893 1494 2949 hoc
1543 2910 1703 2965 opus,
1744 2898 1995 2966 quodque

2107 2892 2314 2944 τιλειῶν
2347 2893 2438 2946 καὶ
2468 2894 2548 2955 είς
2573 2892 2643 2945 τὰ
2668 2891 3143 2962 Παραλειπόμενα.
3202 2893 3486 2963 Χρήσιμον
3508 2891 3555 2944 δ’
3614 2892 3673 2954 ἐς

427 2999 552 3038 cum
593 2984 725 3052 ipsis
748 2984 901 3053 quasi
941 2984 1280 3039 naturalibus
1328 2986 1573 3055 parentis
1621 3002 1741 3042 mox
1777 2988 1991 3056 genium

2107 2984 2167 3036 τὰ
2195 2985 2427 3054 μάλιστα
2457 2985 2518 3038 τὸ
2557 2984 2778 3056 βιϐλίον,
2817 2984 2908 3037 καὶ
2929 2985 3120 3048 αὑταῖς
3148 2987 3332 3053 γοναῖς
3356 2988 3471 3048 τοῖς
3496 2986 3684 3052 ὲντυγο

426 3077 693 3131 lectorum
726 3078 899 3133 oculis
922 3078 1192 3144 subjiciat.
1224 3075 1600 3147 ‘Prazterquam
1638 3088 1817 3133 autem
1852 3081 1994 3149 quod

2107 3077 2328 3146 χάνουσι
2372 3074 2434 3127 τὸ
2463 3075 2684 3146 γνήσιον
2720 3074 3161 3155 ἐπιδεικνύμενον
3189 3075 3390 3129 αὐτίκα
3439 3075 3534 3128 τοῦ
3588 3093 3685 3144 γε-

426 3169 517 3223 hic
553 3182 815 3223 consueta
861 3170 963 3238 ipsi
1002 3168 1215 3224 dicendi
1251 3170 1422 3223 forma
1466 3171 1681 3241 egregie
1726 3171 1936 3226 eluceat
1980 3190 1995 3227 :

424 3261 588 3315 habet
604 3277 817 3331 quoque
839 3262 906 3333 (si
927 3261 993 3315 ad
1020 3260 1277 3331 majorem
1302 3260 1751 3331 perspicuitatem
1774 3272 1831 3317 et
1854 3278 1997 3318 com-

423 3354 791 3422 prehendendi
824 3354 1144 3408 facilitatem
1191 3354 1476 3424 respicias)
1503 3370 1627 3409 cum
1663 3356 1807 3409 aliud
1837 3356 1997 3424 quod-

420 3448 543 3501 dam
569 3447 934 3514 commodum,
979 3457 1091 3500 tum
1135 3447 1279 3517 quod
1333 3447 1385 3501 in
1435 3463 1645 3503 summa
1695 3449 1862 3503 veluti
1904 3464 1996 3503 ca-

418 3541 533 3609 pita
575 3555 672 3611 per
705 3539 1034 3610 quaestiones
1074 3539 1485 3609 solutionesque
1534 3540 1668 3594 liber
1706 3539 1994 3596 distinctus

418 3632 510 3686 sit.

1114 3720 1271 3777 CCV.

875 3813 1027 3869 Idem
1048 3815 1101 3867 in
1128 3831 1201 3869 x11
1228 3814 1533 3884 Prophetas.

490 3903 745 3976 Legimus
779 3904 1018 3973 ejusdem
1075 3906 1133 3959 in
1173 3908 1448 3960 duodecim
1489 3909 1768 3977 praphetas
1800 3907 1986 3962 eadem

417 3996 675 4052 dictionis
743 4012 810 4051 ac
857 3999 1140 4051 sententia:
1199 4007 1479 4054 venustate
1547 4000 1869 4053 adornatum
1921 3999 1987 4053 li-

418 4090 597 4142 brutn.

1116 4181 1291 4237 CCVI.

416 4271 670 4338 Procopii
719 4275 967 4341 sophistm
997 4275 1205 4332 Scholm
1235 4280 1729 4332 commentariorum
1775 4280 1830 4332 in
1877 4278 1982 4333 Oc-

468 4351 790 4412 tateuchum,
809 4357 859 4400 et
892 4348 948 4400 in
977 4347 1142 4402 libros
1172 4347 1369 4418 Regum
1394 4364 1456 4401 ac
1492 4348 1921 4419 Paralipomena.

483 4505 661 4559 Lecta:
689 4515 813 4559 sunt
850 4506 1100 4575 Procopii
1140 4506 1401 4573 sophista:
1424 4504 1634 4560 Schon
1658 4518 1980 4560 commenta-

2104 3166 2452 3237 γεννηκότος.
2482 3167 2594 3235 Τῆς
2623 3167 2681 3220 δὲ
2724 3167 2988 3237 συνήθους
3022 3166 3169 3236 αὐτῷ
3199 3166 3341 3232 ἰδέας
3362 3168 3687 3237 διαπρεπού-

2106 3276 2223 3330 σης,
2255 3258 2367 3328 ἔχει
2395 3275 2450 3311 τι
2496 3258 2633 3326 πρὸς
2665 3259 2727 3311 τὸ
2756 3258 3089 3328 σαφέστερον
3114 3261 3246 3331 ὁρᾷν
3287 3261 3382 3313 καὶ
3438 3260 3680 3313 εὐκατά-

2103 3349 2307 3419 ληπτον
2332 3350 2427 3403 καὶ
2464 3348 2654 3420 ἕτερον
2680 3350 3082 3420 πλεονέκτημα,
3111 3350 3205 3404 καὶ
3230 3350 3289 3403 τὸ
3319 3351 3394 3414 ὡς
3422 3351 3481 3404 ὲν
3508 3368 3681 3420 κεφα-

2101 3441 2238 3512 λαίῳ
2264 3442 2406 3495 κατὰ
2436 3441 2499 3495 τὸ
2530 3442 2909 3514 ἀπορούμενον
2937 3443 3035 3496 καὶ
3092 3441 3449 3513 ὲπιλυόμενον
3481 3442 3544 3496 τὸ
3591 3443 3677 3513 βι-

2100 3532 2249 3586 ϐλίον
2290 3531 2748 3592 διατετυπῶσθαι.

2803 3720 2929 3774 ΣΕ⁰.

2276 3809 2388 3863 Τοῦ
2408 3809 2596 3863 αὐτοῦ
2619 3810 2717 3876 Εῑς
2746 3811 2890 3877 τοὺς
2912 3810 3144 3866 δώδεκα
3165 3811 3495 3880 προφήτας.

2170 3900 2299 3972 [9.72
2356 3899 2450 3973 IL]
2504 3902 2839 3972 Ἀνεγνώσθη
2894 3902 2987 3955 τοῦ
3042 3902 3204 3957 αὑτοῦ
3238 3906 3343 3970 Εἰς
3400 3903 3543 3969 τοὺς
3595 3906 3679 3968 ιβ’

2093 3993 2405 4060 προφήτας
2452 3996 2509 4047 ἐν
2561 3998 2624 4065 τῇ
2653 3996 2790 4066 αὐτῇ
2833 3994 2941 4049 τῶν
2964 3996 3138 4064 λόγων
3162 3996 3392 4068 καλλονῇ
3428 3999 3524 4051 καὶ
3567 3997 3672 4068 τῆς

2090 4082 2325 4148 διανοίας
2357 4085 2809 4155 διεσκευασμένον
2833 4087 2873 4139 ⁶.

2798 4172 2931 4241 sq’.

2088 4265 2429 4332 Προκοπίου
2473 4267 2770 4333 σοφιστοῦ
2798 4265 3043 4333 εὶςτὴν
3103 4266 3521 4334 Ὀκτάτευχον,
3568 4267 3670 4320 καὶ

2156 4340 2230 4391 τὰ
2253 4338 2371 4392 τῶν
2396 4336 2731 4390 Βασιλειῶν
2790 4337 2888 4390 καὶ
2926 4337 2999 4391 τὰ
3033 4339 3527 4407 Παραλειπόμενα
3571 4337 3669 4402 ἐξ·

2012 4396 2060 4455 D
2154 4407 2430 4478 ηγητικαὶ
2463 4411 2663 4476 σχολα
2676 4407 2718 4462 ί.

2162 4497 2614 4568 ’Λνεγνώσθησαν
2670 4496 2987 4567 Προκοπίου
3034 4496 3290 4565 σοφιστοῦ
3360 4496 3668 4568 Ἐξηγητι-

412 4596 610 4647 riorum
648 4595 703 4647 in
752 4592 1133 4648 Octateuchum
1194 4595 1391 4649 Veteris
1439 4592 1757 4649 Testamenti
1783 4638 1797 4660 ,
1834 4604 1883 4648 et
1924 4596 1980 4649 in

2107 4592 2178 4646 παὶ
2214 4591 2436 4661 σχολαὶ
2477 4589 2567 4655 εἶς
2596 4606 2659 4643 τε
2673 4590 2789 4657 τὴν
2826 4588 3223 4660 Ὀκτάτευχον
3253 4589 3372 4643 τῶν
3389 4589 3669 4644 Halath

410 4685 589 4755 Regna
619 4704 679 4739 ac
722 4684 1161 4756 Paralipomena.
1198 4687 1431 4745 Diffusus
1460 4696 1640 4743 autem
1687 4698 1770 4742 est
1811 4689 1980 4742 inter-

404 4774 537 4844 pres
583 4778 669 4831 hic
717 4786 879 4848 atque
930 4780 1224 4848 prolixus:
1267 4794 1371 4832 non
1410 4779 1629 4847 quidem
1663 4788 1973 4847 propterea,

410 4870 555 4937 quod
585 4869 637 4922 in
670 4884 1119 4939 supervacaneas,
1149 4885 1376 4941 quaeque
1412 4870 1480 4925 ad
1516 4885 1627 4925 rem
1650 4870 1780 4924 nihil
1805 4871 1973 4940 perti-

2077 4681 2446 4753 Γραμμάτων
2475 4681 2574 4735 καὶ
2607 4682 2694 4743 εἰς
2714 4680 2820 4747 τὰς
2851 4681 3175 4747 Βασιλείας
3212 4680 3312 4735 καὶ
3358 4680 3435 4749 δὴ
3466 4682 3567 4736 καί
3594 4682 3668 4736 τὰ

2076 4776 2589 4845 Ιιαραλειπόμενα.
2623 4773 2893 4844 Πολύχους
2922 4774 3020 4846 μὲν
3047 4766 3201 4838 οὗτος
3230 4774 3324 4828 καὶ
3348 4774 3667 4846 πολύστιχος

2075 4872 2104 4923 ὁ
2141 4868 2431 4939 ἐξηγητὴς,
2479 4867 2632 4937 πλὴν
2679 4867 2782 4921 οὐκ
2824 4868 2904 4929 είς
2945 4868 3209 4940 περιττάς
3258 4885 3411 4932 τινας
3450 4867 3547 4922 καὶ
3580 4868 3669 4934 ἑξ-

1682 4964 1917 5020 ἾΑΒΙᾸΞ
1947 4963 2234 5022 LECTION
2244 4964 2345 5017 ES.

478 5056 522 5087 ⁸⁸
556 5056 674 5118 ὅλος
692 5074 753 5120 ς.
827 5057 873 5089 ⁹⁸
903 5056 1022 5111 libri
1056 5057 1210 5126 ἔχων.
1287 5058 1333 5091 ³⁸
1364 5057 1552 5125 σοφίας
1573 5062 1770 5128 χωρεῖν
1791 5061 1823 5126 ἢ
1856 5089 1924 5099 -
1965 5060 2273 5131 ἀχρήστους
2330 5057 2502 5108 ποιεῖν
2551 5064 2686 5125 παρ.
2736 5072 2797 5118 ς.

485 5127 715 5184 σύροντα
745 5144 806 5184 ς.
880 5127 927 5158 ⁸⁸
953 5144 1004 5179 τι
1034 5129 1179 5182 ἄλλο.
1212 5128 1644 5184 ἐσπουδασμένον
1676 5145 1735 5184 ς.
1809 5130 1854 5161 ⁹⁹
1880 5146 1942 5184 γε
1965 5132 2089 5184 add.
2121 5130 2187 5183 Α.
2264 5127 2282 5158 ⁸
2346 5136 2469 5184 post
2511 5125 2681 5177 ταῦτα
2737 5141 2797 5178 ve

1880 5146 1942 5195 γε
1965 5146 2089 5184 auu.
2121 5146 2187 5183 Α.

412 5127 715 5197 ρασύροντα
745 5144 806 5190 ς.
864 5127 927 5197 ξε
953 5144 1004 5179 τι
1034 5129 1179 5182 ἄλλο.
1212 5128 1644 5194 ἐσπουδασμένον
1663 5127 1735 5192 ς.

2923 5054 2969 5087 ’⁷
3000 5054 3415 5126 παρασύροντας
3444 5056 3513 5115 Α,
3553 5073 3661 5110 πα-

2264 5127 2282 5158 ¹
2346 5136 2469 5194 post
2511 5125 2681 5177 ταῦτα
2737 5139 2926 5194 versus
2965 5128 3117 5178 vacui
3181 5125 3231 5178 in
3266 5128 3310 5177 A
3340 5136 3395 5179 et
3427 5125 3661 5181 sinistra:

408 5193 668 5251 columnae
697 5198 766 5251 '54
799 5195 941 5266 1/“2:
977 5208 1030 5253 et
1051 5204 1253 5253 dextra:
1282 5214 1469 5249 omnes
1489 5193 1550 5265 (ἱ.
1583 5214 1634 5253 e.
1664 5198 1754 5265 58)
1789 5198 1837 5250 in
1870 5193 1910 5253 C
1947 5202 2001 5254 4.
2077 5202 2097 5231 ²
2118 5200 2328 5264 ἀνέγνω
2349 5193 2421 5251 Α.
2495 5196 2515 5226 ³
2543 5193 2877 5266 μακαρίουΑ
2911 5211 2925 5246 :
2954 5194 3241 5249 θεσπεσίου
3271 5212 3334 5260 ς.
3408 5196 3431 5228 ⁵
3457 5194 3661 5267 ἐξηγή-

410 5283 522 5331 σεις
549 5268 613 5322 Α.
689 5267 711 5299 ⁵
734 5267 922 5337 ἔλαχεν
944 5270 1004 5320 οὐ
1037 5270 1202 5337 συμό.
1259 5268 1562 5321 Fabricius.

1635 5269 1655 5300 ⁸
1685 5267 2136 5338 διεσκευασμένον
2182 5267 2391 5339 βιϐλίον
2428 5282 2487 5329 ς.

1922 5357 2157 5413 NOTAE.

479 5452 591 5524 (94)
623 5453 927 5524 Desiderari
952 5453 1041 5507 hic
1069 5468 1153 5515 ea,
1185 5462 1501 5521 argumento
1526 5461 1611 5507 est
1638 5466 1871 5506 vacuum
1899 5453 1952 5507 in
2065 5455 2164 5506 clis
2220 5453 2510 5521 Scriptum
2544 5470 2710 5507 ερον-(ε
2754 5453 3136 5524 quaestionibus
3184 5453 3466 5522 ambiguis.
3526 5452 3657 5521 Qua:

406 5523 727 5591 quibusdam
757 5524 1031 5577 codicibus
1057 5525 1302 5576 relictum
1334 5523 1588 5591 spatium.

2066 5535 2248 5578 antem
2281 5526 2381 5577 hoc
2403 5525 2540 5587 loco,
2579 5539 2609 5575 e
2648 5521 2993 5576 cod.Bavar.
3046 5521 3341 5589 descripta,
3391 5524 3654 5579 exhiben-

477 5592 585 5664 (93)
616 5593 709 5664 Εἰς
734 5594 801 5645 τὰ
826 5593 1008 5664 {inopen
1036 5594 1140 5660 τῆς
1167 5593 1404 5663 Γραφῆς.
1432 5593 1650 5645 Addunt
1678 5591 1807 5664 editi
1838 5593 1959 5647 libri
2069 5600 2159 5644 tur
2191 5595 2242 5646 in
2265 5592 2416 5647 Notis
2446 5593 2771 5660 exemplaris
2799 5592 2997 5664 Graeci.
3054 5593 3242 5647 eadem
3267 5604 3321 5650 et
3344 5595 3496 5664 plura
3521 5593 3655 5649 vidit

408 5663 527 5717 κατ’
555 5662 804 5732 ἐκλογήν.
843 5660 997 5719 Unde
1021 5660 1353 5732 interpretes
1378 5664 1619 5721 fecerunt
1649 5678 1662 5716 :
1694 5660 1775 5716 De
1831 5665 1963 5719 sele-

2074 5673 2236 5733 atque
2260 5665 2534 5721 convertit
2565 5664 2694 5719 olim
2728 5664 2893 5721 Geni.
2927 5661 3214 5719 llervcttts.
