4030 6248
317 297 425 358 0'77

1276 301 1803 361 BIBLIOTIYECA.
1836 324 1907 335 --
1944 298 2157 358 CODD.
2200 298 2578 360 CCIV-CCIX

3468 301 3573 363 678

329 414 601 483 αγωνίους
632 413 1035 485 ἀποδιατρίϐων
1062 416 1471 486 παρεκδρομὰς,
1521 416 1661 470 ἀλλά
1688 417 1763 486 τῷ
1793 417 1907 469 δια-

2013 425 2175 468 neant
2237 415 2579 483 egressiones
2633 414 2885 477 divertat,
2927 414 3022 469 sed
3062 415 3205 483 quod
3255 415 3573 484 opinionum

327 505 496 577 φορὰς
526 504 694 572 δοξῶν
741 506 1008 577 περὶτῆς
1058 506 1227 576 αὐτῆς
1283 505 1593 569 ὑποθέσεως
1656 504 1901 573 ἀναγρά-

327 615 444 671 φειν
481 598 503 629 ⁷
536 596 817 660 πολλάκις.
855 595 1028 650 Τοῦτο
1053 596 1109 649 δὲ
1133 596 1229 650 καὶ
1254 596 1671 667 προοιμιάζεται
1709 597 1789 658 είς
1809 596 1899 664 ὅγ-

328 709 422 747 κον
450 689 600 759 αὐτῷ
640 688 1125 757 διαπλαττόμενον,
1182 688 1279 741 καὶ
1334 688 1571 758 μάλιστα
1607 689 1750 760 πρὸς
1802 688 1899 759 τὴν

329 782 673 854 Θεοδωρήτου
706 779 927 849 σύνοψίν
954 796 1014 832 τε
1048 779 1143 833 καὶ
1174 779 1495 847 φιλοκαλίαν
1523 778 1584 833 τὸ
1612 780 1900 851 σύνταγμα

326 872 556 945 αἴρεται.
591 874 700 927 Καὶ
722 873 805 943 εἴη
825 872 891 925 ἂν
916 870 1240 925 οἰκειότατόν
1263 887 1323 923 τε
1341 871 1433 924 καὶ
1453 873 1900 941 χρειωδέστατον,

328 967 373 1017 εί
405 965 542 1035 μετὰ
569 964 671 1035 τὴν
715 965 773 1017 ὲν
815 962 1045 1026 ἐκείνοις
1081 960 1275 1033 τριϐὴν
1328 963 1361 1032 ἡ
1424 962 1551 1033 περὶ
1582 963 1756 1017 ταῦτα
1805 964 1900 1017 τοῦ

328 1057 516 1129 ἀνδρὸς
536 1056 607 1109 τὰ
663 1055 1054 1126 σπουδάσματα
1114 1053 1281 1125 σχολὴ
1339 1055 1654 1126 διαδέχοιτο.
1715 1057 1824 1109 Καὶ
1867 1058 1900 1126 ἡ

328 1149 528 1218 φράσις
559 1148 617 1200 δὲ
663 1146 814 1216 αὐτῷ
838 1148 896 1209 ἐς
919 1146 982 1199 τὸ
1011 1147 1232 1217 ἄριστον
1265 1146 1523 1217 ἤσκηται,
1570 1150 1618 1201 εί
1645 1149 1852 1218 καὶτῆς
1880 1149 1902 1180 ⁸

326 1240 655 1312 ὲξηγητικῆς
678 1237 1065 1301 διατυπώσεως
1091 1237 1204 1307 ἔχει
1241 1255 1295 1290 τι.
1324 1238 1419 1292 καὶ
1470 1239 1829 1310 κομψότερον.

1056 1353 1172 1406 ΣΖ’.

676 1443 790 1497 Τοῦ
818 1445 895 1497 αὐ
908 1444 1012 1497 τοῦ
1030 1444 1135 1510 Εἷς
1158 1443 1266 1497 τὸν
1305 1443 1576 1498 Ἡσαΐαν.

406 1533 743 1606 Ἀνεγνώσθη
775 1534 869 1589 τοῦ
901 1534 1066 1589 αὑτοῦ
1097 1535 1387 1605 φιλοπόνου
1418 1536 1615 1606 ἀνδρὸς
1657 1536 1764 1602 Eli;
1796 1535 1905 1589 τὸν

324 1628 647 1696 προφήτην
693 1626 964 1693 Ἡσαΐαν,
991 1627 1090 1698 τήν
1123 1646 1181 1680 τε
1205 1627 1395 1696 ὁμοίαν
1431 1629 1543 1689 τοῖς
1569 1625 1904 1699 προειρημέ-

2004 505 2191 558 eadem
2221 505 2287 559 de
2307 520 2363 560 re
2387 506 2732 560 diversitates
2765 521 3139 574 saepenumero
3162 518 3571 561 commemoret.

2002 595 2071 648 Et
2103 610 2233 650 vero
2265 594 2426 650 etiam
2466 595 2726 664 pra'fatur
2754 596 2856 649 hoc
2893 610 2925 648 a
2953 610 3013 650 se
3047 611 3181 665 opus
3230 612 3480 665 magnam
3517 596 3572 650 in

2003 687 2197 740 molem
2247 702 2368 741 esse
2441 697 2718 755 aggeslum
2771 706 2784 741 :
2833 690 2974 757 quod
3037 689 3163 742 item
3218 690 3450 745 maxime
3507 690 3576 745 ad

2005 777 2334 832 Theodoreti
2407 778 2730 833 brevitatem
2791 789 3248 850 venustatemque
3289 782 3574 848 assurgit:

2002 879 2064 924 ut
2104 870 2442 939 aptissimum
2476 869 2604 924 illud
2628 870 2785 938 plane
2821 870 2916 935 sit,
2946 880 3108 940 atque
3131 872 3505 937 utilissimum,
3529 874 3577 928 si

2002 969 2125 1029 post
2157 959 2310 1013 illum
2352 959 2571 1024 lectum,
2614 963 2680 1013 ad
2717 960 2878 1029 hujus
2907 963 3069 1015 etiam
3108 962 3206 1016 viri
3255 963 3469 1017 labores
3500 963 3578 1018 le-

2003 1050 2210 1121 gendos
2255 1051 2423 1105 otium
2474 1052 2775 1123 contingat.
2817 1052 2995 1108 Dictio
3033 1055 3101 1109 ab
3135 1069 3199 1108 eo
3241 1066 3326 1109 est
3374 1057 3579 1125 optime

2005 1145 2224 1211 quidem
2278 1145 2514 1207 exculta,
2572 1146 2665 1198 sed
2716 1147 2987 1214 comptior
3038 1147 3357 1214 aliquanto,
3415 1164 3576 1218 quam

2003 1235 2377 1297 commentarii
2413 1236 2685 1289 rudiorem
2720 1235 2948 1291 formam
2975 1238 3184 1293 deceat.

2689 1349 2890 1407 CCVII.

2391 1440 2541 1496 Idem
2573 1442 2627 1494 in
2667 1439 2868 1495 Isaiam
2893 1444 3219 1512 prop/telam.

2074 1534 2329 1602 Legimus
2372 1532 2615 1603 ejusdem
2677 1537 3008 1605 perstudiosi
3060 1537 3294 1593 hominis
3340 1537 3454 1610 (96)
3508 1537 3578 1593 In

2004 1623 2209 1680 Isaiam
2223 1627 2530 1703 prophetam
2556 1642 2724 1696 opus:
2744 1630 2885 1697 quod
2915 1627 3150 1682 similem
3186 1630 3577 1698 suprascriptis

323 1734 441 1781 νοις
472 1717 710 1771 διάθεσιν
747 1717 1179 1789 φυλαττόμενον,
1221 1721 1317 1772 καὶ
1348 1719 1448 1790 τὴν
1485 1719 1652 1790 αὐτὴν
1677 1719 1786 1772 τῶν
1819 1718 1905 1771 λό-

2009 1729 2189 1773 servat
2215 1721 2617 1775 commentandi
2644 1720 2935 1784 rationem,
2976 1724 3333 1791 eamdemque
3365 1722 3577 1778 dicendi

323 1825 443 1878 γων
479 1807 918 1878 ἐπιδεικνύμενον
955 1809 1182 1880 δύναμιν
1206 1849 1223 1875 ,
1272 1810 1367 1863 καὶ
1416 1809 1572 1881 δῆλον
1602 1810 1682 1864 ὅτι
1710 1809 1807 1863 καὶ
1839 1810 1900 1864 τὸ

2009 1810 2110 1864 vim
2131 1810 2368 1880 praefert,
2392 1812 2510 1880 pari
2535 1828 2657 1867 cum
2685 1812 2908 1870 lectoris
2938 1813 3023 1887 (ut
3050 1816 3287 1887 constat)
3319 1816 3576 1871 utilitate.

321 1897 642 1953 λυσιτελοῦν
670 1899 1050 1973 παραπλήσιον
1067 1905 1112 1956 ⁸.

1029 1990 1155 2045 ΣΗ’.

320 2107 629 2173 Εὐλοτίου
687 2106 1163 2176 ἁρχιεπισκόπου
1244 2105 1699 2175 Ἀλεξανδρείας
1756 2107 1905 2162 κατὰ

781 2176 1174 2230 Ναυατιανῶν
1199 2176 1371 2245 λόγοι
1394 2183 1458 2230 ε’.

398 2269 758 2339 Ἀνεγνὼσθη
788 2268 880 2321 τοῦ
908 2270 965 2321 ὲν
986 2268 1162 2336 ἁγίοις
1184 2267 1444 2336 Εὐλογίου
1474 2269 1903 2339 ἀρχιεπισκόπου

332 2360 751 2430 Ἀλεξανδρείας
807 2361 973 2415 Κατὰ
1037 2358 1463 2426 Ναυατιανῶν,
1514 2362 1572 2413 ὲν
1621 2360 1799 2429 λόγοις
1840 2359 1902 2414 ε’.

325 2454 523 2525 Τούτῳ
549 2453 627 2525 τῷ
656 2453 811 2524 ἀνδρὶ
853 2452 1023 2521 ὄνομα
1068 2453 1168 2522 μὲν
1198 2451 1327 2525 [529
1374 2451 1467 2524 R.'|
1502 2453 1678 2506 λιπεῖν
1709 2453 1801 2506 ἐπὶ
1823 2452 1907 2505 δε-

327 2546 537 2615 ξιότητι
569 2546 742 2613 λόγων
763 2544 868 2597 οὐδ’
896 2544 1074 2597 ὁτιοῦν
1103 2545 1505 2616 προσεμέλησε,
1542 2546 1609 2599 τὰ
1637 2545 1695 2597 δὲ
1723 2546 1908 2599 Ναυά-

326 2654 418 2689 του
446 2636 839 2706 σοφισματώδη
895 2634 1261 2706 προϐλήματα
1311 2654 1372 2689 τε
1426 2637 1520 2689 καὶ
1567 2636 1908 2707 δελεάσματα

324 2727 602 2796 διελέγξαι
645 2727 741 2780 καὶ
782 2728 1032 2797 αἰσχῦναι
1088 2727 1239 2782 οὐδὲν
1292 2726 1350 2780 τὸ
1396 2728 1779 2798 ἀπαράσκευον
1810 2730 1908 2794 τῆς

328 2818 477 2873 κατὰ
534 2819 661 2881 τοὺς
692 2818 884 2886 λόγους
917 2818 1146 2889 μελέτης
1175 2816 1427 2887 ἐμποδὼν
1456 2820 1618 2892 ἔστηο
1657 2822 1772 2883 τοῖς
1800 2821 1909 2888 γὰρ

335 2912 641 2981 Γραφικοῖς
697 2910 944 2963 πλουτῶν
992 2911 1224 2979 νοήμασί
1269 2928 1329 2962 τε
1364 2912 1458 2965 καὶ
1486 2911 1762 2982 θεωρίαις,
1808 2914 1909 2966 ὅσα

328 3003 543 3065 ἐκεῖνος
581 3003 1028 3071 ἀποσπαράσσων
1052 3002 1151 3070 τῆς
1172 3001 1308 3065 ἰδίας
1329 3002 1591 3073 αἱρέσεως
1618 3003 1908 3073 πρόϐλημα

2562 1991 2755 2063 165a
2804 1991 3024 2048 CCVIII.

2007 2102 2219 2173 Eulogii
2257 2102 2606 2157 Alexandrini
2660 2105 2971 2227 azq’hiepisc.
3004 2103 3202 2162 Contra
3250 2104 3582 2162 Naoatianos

2712 2192 2727 2227 ι
2766 2192 2809 2227 rt
2840 2191 2893 2227 ν.

2712 2191 2809 2228 wrt
2840 2191 2893 2229 ν.

2079 2265 2209 2337 Legi
2231 2266 2292 2320 Β.
2320 2265 2533 2337 Eulogii
2576 2266 2969 2336 archiepiscopi
3003 2267 3357 2324 Alexandrini
3383 2269 3585 2323 Adver-

2006 2374 2095 2412 sus
2118 2356 2449 2414 Navatianos
2472 2358 2765 2428 (97)|ibros
2787 2360 3047 2429 quinque.
3075 2360 3176 2424 Qui
3214 2360 3315 2415 etsi
3347 2362 3584 2430 scriptor

2007 2451 2224 2505 dicendi
2260 2451 2530 2518 elegantia
2568 2466 2762 2506 nomen
2802 2452 2907 2507 sibi
2947 2467 3190 2521 quaerere
3230 2452 3379 2507 nullo
3423 2454 3587 2509 modo

2008 2544 2237 2609 curarit,
2271 2543 2405 2598 nihil
2432 2552 2630 2608 tamen,
2657 2559 2764 2613 quo
2785 2545 2963 2598 minus
2984 2543 3173 2598 Navali
3191 2545 3583 2615 sophismatum

2008 2635 2180 2705 plenae
2242 2635 2572 2690 assertiones
2620 2636 3004 2706 captionesque
3042 2634 3376 2701 refellantur,
3422 2646 3587 2704 atque

2008 2729 2304 2798 ignominia
2339 2736 2612 2793 notentur,
2640 2731 2908 2784 sermonis
2940 2730 3174 2798 neglecti
3226 2731 3433 2785 incuria
3480 2732 3587 2784 im-

2007 2819 2316 2888 pedimento
2342 2819 2525 2874 fuerit.
2560 2818 2738 2874 Sacrae
2754 2821 2894 2874 enim
2919 2818 3217 2890 Scriptura:
3248 2833 3593 2875 commenta-

2011 2910 2251 2965 tionibus
2297 2925 2361 2965 ac
2405 2910 2947 2979 contemplationibus
2999 2913 3216 2966 abunde
3261 2911 3585 2972 instructus,

2010 3015 2130 3069 quae
2163 3001 2289 3055 hinc
2312 3002 2379 3055 ad
2410 3016 2564 3055 suam
2604 3003 2854 3057 haeresim
2887 3002 3242 3057 asserendam
3271 3013 3434 3073 atque
3460 3017 3589 3072 pro-

329 3096 425 3148 καὶ
454 3095 791 3165 συνηγορίαν
835 3096 1088 3157 ἐποιεῖτο,
1126 3094 1296 3148 ταῦτα.
1336 3096 1498 3158 αὐτὸς
1530 3097 1907 3163 ἀναπτύσσων,

2019 3094 2359 3162 pugnandam
2402 3094 2491 3147 ille
2535 3095 2927 3163 discerpserat,
2974 3097 3164 3148 eadem
3204 3095 3292 3150 hic
3318 3097 3589 3164 interpre-

329 3190 424 3241 καὶ
474 3188 543 3241 τὸ
591 3188 720 3257 περὶ
746 3188 884 3240 αὐτὰ
942 3187 1246 3258 κακοῦργον
1278 3188 1376 3257 τῆς
1409 3189 1676 3260 αἱρέσεως
1707 3191 1910 3243 ἐπιδει-

330 3282 486 3344 κνὺς,
552 3281 866 3350 ἀφαιρεῖται
913 3279 1121 3332 αὐτοῦ’
1177 3280 1237 3331 οὐ
1299 3280 1403 3350 μὴν
1460 3280 1593 3334 ἀλλὰ
1649 3281 1748 3336 καὶ
1795 3283 1914 3334 ὲτέ-

332 3388 447 3442 ροις
493 3370 602 3421 τῶν
630 3369 862 3440 Γραφῶν
923 3370 1132 3439 ῥήμασι
1167 3370 1229 3422 τὺ
1279 3370 1710 3440 ἀπονενοημένον
1747 3370 1911 3423 αὑτοῦ

330 3464 425 3516 καὶ
475 3463 870 3530 ἀσύγγνωστον
896 3462 990 3514 καὶ
1028 3460 1325 3530 ἀλλόφυλον
1355 3462 1456 3530 τῆς
1493 3463 1758 3531 αἱρέσεως
1788 3480 1914 3531 στη-

331 3555 561 3608 λιτεύει.
605 3555 692 3606 Ἐν
725 3553 782 3606 δὲ
805 3552 881 3623 τῷ
909 3552 1205 3622 τελευταίῳ
1234 3553 1342 3606 τῶν
1366 3553 1539 3620 λόγων
1566 3553 1738 3606 καὶτὸ
1759 3553 1912 3606 νόθον

331 3650 425 3702 καὶ
497 3644 900 3709 κακόπλαστον,
946 3646 975 3700 ὃ
1019 3648 1100 3709 είς
1146 3646 1397 3700 Ναυάτον
1450 3645 1811 3714 ἀναφέρουσιν
1862 3645 1912 3696 οἱ

333 3740 507 3794 αὐτοῦ
556 3740 912 3801 σπουδασταὶ,
960 3738 1261 3809 μαρτύριον
1295 3736 1581 3806 διελέγχει.
1622 3738 1778 3789 Ἔστι
1813 3736 1913 3804 μὲν

331 3827 426 3887 οὖν
457 3831 563 3885 καὶ
592 3830 724 3884 αὐτὸ
753 3832 912 3883 τοῦτο
945 3834 973 3883 ὁ
1000 3833 1140 3891 κατὰ
1172 3830 1424 3883 Ναυάτου
1447 3829 1663 3898 ἔλεγχος
1690 3827 1752 3880 τὸ
1776 3829 1911 3898 χρή-

337 3941 501 3993 σιμον
542 3923 723 3993 ἔχων,
784 3922 924 3991 πλὴν
980 3923 1074 3976 καὶ
1125 3921 1415 3991 Γραφικῶν
1460 3920 1559 3972 οὐκ
1595 3920 1791 3986 ὀλίγων
1828 3918 1916 3971 ὲν-

336 4016 628 4086 θεωρεῖται
656 4014 864 4076 τούτοις
893 4012 1163 4083 πολλαχοῦ
1190 4015 1302 4075 τοῖς
1320 4010 1771 4079 ἀξιολογωτάτοις
1803 4010 1913 4063 τῶν

336 4102 625 4175 ἐξηγητῶν
689 4106 1074 4173 συμφερομένη
1145 4102 1431 4172 ἑρμηνεία.
1490 4102 1650 4154 Ἀλλὰ
1700 4101 1794 4153 καὶ
1855 4101 1917 4152 τὸ

338 4196 568 4249 πιθανόν
595 4210 656 4246 τε
692 4195 786 4246 καὶ
812 4192 1006 4264 ήδῦνον
1056 4194 1131 4256 ὡς
1172 4195 1229 4245 ἐν
1259 4192 1483 4263 τοιούτῳ
1528 4193 1702 4261 λόγων
1748 4208 1917 4262 χαρα-

336 4288 503 4358 κτῆρι
538 4287 642 4340 οὐκ
675 4285 740 4340 ἄν
767 4301 854 4347 τις
886 4284 1147 4353 ἀγασθεὶς
1183 4285 1498 4355 μεταγνοίη.

1050 4487 1149 4539 Σθ¹

856 4580 1073 4645 Δίωνος
1111 4578 1287 4648 Λόγοι
1318 4583 1396 4631 π’.

423 4671 769 4741 Ἀνεγνώσθη
805 4671 1003 4736 Δίωνος
1056 4671 1259 4740 βιϐλίον
1288 4671 1346 4722 ἐν
1386 4672 1597 4740 Λόγοις
1642 4668 1714 4723 π’.
1751 4662 1922 4732 Οὗτος

2018 3186 2206 3249 tando,
2251 3196 2305 3240 et
2335 3201 2439 3238 una
2484 3186 2706 3240 haeresis
2757 3187 2811 3239 in
2875 3187 2941 3240 iis
2997 3187 3217 3241 fraudes
3265 3188 3583 3256 detegendo.

2012 3274 2219 3329 Navato
2301 3276 2462 3345 eripit
2536 3291 2600 3331 ac
2682 3277 2849 3330 tollit.
2940 3277 3260 3345 Quanquam
3335 3287 3391 3332 et
3465 3279 3589 3332 aliis

2016 3368 2423 3438 Scripturarum
2472 3369 2626 3434 locis,
2666 3370 2835 3439 ipsius
2878 3371 3032 3424 venia
3085 3372 3356 3440 indignam
3397 3388 3589 3425 anten-

2016 3462 2169 3519 tiam,
2206 3474 2270 3512 ac
2308 3461 2650 3530 peregrinam
2689 3462 2962 3527 haeresim,
2994 3462 3139 3514 velut
3167 3463 3324 3531 cippo
3357 3477 3475 3516 eam
3505 3465 3591 3516 in-

2015 3551 2325 3615 scribendo,
2377 3552 2636 3622 divulgat.
2683 3552 2940 3608 Extremo
2984 3554 3099 3625 (98)
3161 3554 3392 3623 denique
3447 3555 3587 3609 librc

2015 3641 2211 3694 falsum
2266 3642 2394 3696 illud
2441 3654 2495 3695 et
2542 3644 2787 3712 improbe
2839 3644 3155 3708 coniictum,
3192 3646 3336 3714 quod
3378 3643 3590 3698 Navato

2016 3731 2136 3799 eius
2177 3734 2405 3788 studiosi
2450 3736 2776 3798 attribuunt,
2826 3738 3148 3806 martyrium
3205 3737 3463 3805 exagitat.
3494 3737 3590 3791 Est

2016 3825 2180 3895 igitur
2204 3824 2318 3881 hmc
2338 3824 2524 3879 Navali
2537 3826 2665 3879 conf
2666 3827 2829 3880 utatio
2847 3826 3144 3896 legentibus
3162 3827 3304 3880 utilis
3327 3841 3341 3878 :
3367 3836 3591 3894 printer-

2015 3932 2178 3985 quam
2215 3918 2357 3985 quod
2392 3917 2481 3972 hic
2512 3934 2616 3972 non
2649 3932 2945 3986 paucorum
2980 3919 3275 3987 Scriptura:
3298 3917 3409 3987 (99)
3440 3919 3589 3973 loco-

2017 4025 2135 4062 rum
2172 4010 2379 4077 passim
2407 4024 2530 4063 sese
2562 4008 2750 4064 oderat
2778 4011 3091 4080 explicatio,
3136 4011 3267 4081 ipsis
3307 4011 3470 4064 etiam
3509 4012 3590 4064 in-

2017 4106 2319 4166 terpretum
2373 4099 2709 4167 principibus
2767 4098 3155 4167 profutura“).
3212 4098 3317 4153 Sed
3355 4108 3410 4152 et
3444 4099 3590 4154 illius

2015 4190 2381 4257 persuadendi
2402 4190 2506 4243 vim
2540 4206 2604 4245 ac
2627 4191 3042 4257 jncuuditatem,
3072 4204 3130 4246 υι
3169 4192 3222 4246 in
3271 4194 3371 4247 hoc
3387 4192 3588 4246 chara-

2017 4291 2190 4344 ctere,
2225 4296 2382 4336 nemo
2440 4282 2532 4351 qui
2589 4296 2714 4337 eum
2768 4295 3076 4350 veneretur,
3137 4285 3589 4339 contemnendam

2018 4372 2198 4428 ducat.

2722 4483 2899 4539 CClX.

2279 4573 2465 4628 Dionis
2487 4572 2841 4644 Chrysostomi
2867 4576 3148 4630 Orationes
3180 4594 3343 4633 Lxxx.

2101 4665 2299 4719 Lectus
2319 4678 2402 4720 est
2426 4666 2609 4721 Dionis
2636 4665 2711 4737 (2)
2730 4668 3027 4719 orationum
3054 4672 3323 4739 octoginta
3340 4672 3474 4725 liber
3490 4672 3588 4744 (5).

338 4762 459 4816 ἔστι
508 4765 607 4835 μὲν
634 4765 737 4834 τὴν
767 4763 1005 4841 πατρίδα
1030 4762 1365 4833 Προυσαεὺς,
1402 4761 1579 4830 φυγὰς
1607 4759 1657 4813 δ’
1678 4759 1907 4827 ἐγεγόνει

2030 4754 2211 4809 Patria
2263 4755 2349 4810 hic
2395 4756 2493 4809 fuit
2545 4755 2853 4823 Prusensis,
2885 4757 2975 4844 sed
3007 4761 3314 4827 tyrannidis
3343 4758 3418 4832 (4)
3456 4762 3586 4816 duttt

1653 4888 1886 4945 VARIIE
1922 4886 2327 4943 LECTIONES.

408 5024 431 5053 ⁷
468 5013 814 5084 ὑπογράφειν
844 5029 905 5076 ς.
977 5011 999 5043 ⁸
1024 5010 1123 5081 τῆς
1160 5025 1267 5065 om.
1308 5008 1373 5063 A.
1450 5008 1471 5040 ’
1534 5015 1656 5077 post
1700 5009 2080 5081 παραπλήσιον
2153 5022 2291 5060 unus
2317 5007 2368 5058 iu
2401 5004 2445 5057 Α
2511 5019 2700 5058 versus
2736 5019 2953 5059 vacuus.

1861 5139 2090 5200 NOT/E.

417 5262 539 5335 (96)
557 5262 708 5330 Quod
734 5277 853 5316 eum
876 5260 1069 5314 Latina
1090 5257 1408 5335 st_ta__insigni
1428 5258 1918 5335 interpretatione,

340 5344 398 5391 et
418 5328 566 5389 sacri
582 5328 1046 5404 'propbetretextu
1077 5330 1244 5383 edidit
1271 5328 1495 5381 Parisiis
1518 5329 1738 5383 tloctiss.
1757 5328 1917 5384 Joan.

340 5401 654 5462 Cttrtet'ius.
686 5401 774 5455 an.
808 5401 969 5454 1580.

422 5476 539 5544 (97)
568 5474 641 5525 De
658 5472 860 5544 iisdem
893 5469 1134 5539 pluribus
1174 5482 1321 5535 supr.
1349 5466 1636 5544 comula?“

419 5537 572 5667 (.992)8
572 5542 671 5666 (01m
699 5537 1236 5596 sextus‘nutneratur
1276 5540 1396 5593 cod.
1430 5537 1533 5591 182
1580 5540 1918 5608 iterumque,

419 5634 427 5667 l
457 5653 469 5667 ι
612 5650 626 5665 ο
828 5658 831 5661 .

343 5615 469 5669 cmi.
500 5615 626 5667 980.
828 5658 831 5661 .

421 5682 551 5752 ωε)
581 5684 715 5749 Quae
744 5689 996 5749 excerpta
1026 5677 1175 5748 leges
1207 5681 1326 5734 cod.
1366 5680 1490 5735 250.

2101 5260 2180 5329 (1)
2217 5261 2412 5315 Eadem
2451 5260 2607 5329 plane
2637 5261 2785 5332 κρίσι
2822 5261 2983 5315 etiam
3008 5276 3175 5332 supra
3204 5262 3393 5332 codice
3430 5261 3553 5317 182.

2099 5332 2299 5452 (ἔχθει
2349 5348 2457 5401 quo
2496 5333 2611 5400 lege
2651 5330 2963 5401 interpretis
3001 5330 3175 5386 Latini
3220 5331 3589 5401 prati-stionem

2110 5435 2123 5450 ι
2152 5419 2221 5452 nu
2245 5416 2353 5452 am.

2025 5409 2079 5455 et
2110 5409 2353 5453 Suidam.

2100 5470 2508 5542 (5)_Qu:ehodie
2542 5487 2730 5526 omnes
2764 5479 2979 5525 exstant
3018 5471 3242 5527 Parisiis
3278 5473 3589 5542 nuperrime

2028 5540 2333 5595 cmnNotis
2363 5540 2549 5595 Graece
2569 5551 2622 5594 et
2650 5542 2839 5595 Latine
2867 5542 3042 5594 editir.

2010 5644 2013 5653 γ
2099 5611 2175 5684 μ)
2207 5613 2249 5684 Α
2289 5612 2443 5684 cujus
2476 5613 2742 5665 mentione
2783 5621 2943 5673 orat.,
2982 5614 3050 5667 15
3089 5630 3248 5684 quam
3298 5615 3364 5671 dc
3405 5616 3594 5670 exsilio

1954 5681 1995 5734 Α
2071 5681 2249 5736 thcuis
2292 5682 2495 5747 habuit,
2530 5685 2831 5738 inchoatam
2864 5685 3063 5755 rideas.
