4030 6248
464 291 570 354 6Ἱ9

1618 284 1882 346 ΡΗΟΤΙῙ
1913 285 2434 348 PATRIARCIUE
2476 287 2587 346 CP.

3608 291 3713 354 680

471 403 610 475 fugit
636 402 975 464 servitutem,
999 400 1153 456 exsul
1175 399 1372 465 factus,
1397 399 1577 455 varias
1591 402 1896 457 oberrando
1914 418 2026 471 per-

2140 403 2345 475 ταύτης
2375 404 2418 435 ιθ
2446 402 2759 474 τυραννίδος
2792 402 3060 456 ἐκκλίνων
3081 403 3348 486 δουλείαν,
3386 405 3481 458 καὶ
3511 405 3712 478 πολλὴν

467 497 682 566 agravit
727 497 993 564 regiones.
1055 494 1204 548 Idem
1251 494 1302 547 in
1345 494 1555 548 dicendi
1603 502 1721 549 arte
1759 505 1947 550 acutus
1976 511 2040 550 ac

464 589 636 642 Solers
686 597 768 641 est
802 586 1043 648 habitus,
1093 586 1394 654 przesertim
1445 587 1492 641 si
1545 586 1613 640 de
1655 587 2037 656 componendis

464 681 706 734 moribus
747 679 985 735 dandum
1032 689 1177 732 esset
1227 678 1538 732 consilium.
1570 677 1753 749 Viguit
1799 679 2037 747 Trajano

463 769 650 822 Romae
727 768 1078 838 imperante,
1151 783 1272 822 cum
1343 783 1450 837 quo
1524 769 1616 822 diu
1699 769 2037 839 multumque

467 861 604 916 vixit
644 901 660 924 ,
701 870 754 916 et
813 862 863 914 in
912 876 974 915 ea
1023 861 1433 915 existimatione
1489 870 1652 931 atque
1695 861 1920 926 honore,
1978 871 2038 917 ut

461 966 516 1007 et
540 971 660 1010 cum
689 954 932 1023 Augusto
968 970 1182 1008 commu
1201 954 1254 1008 ni
1287 955 1556 1009 interdum
1587 964 1844 1022 carpento
1873 955 2038 1009 vehe-

463 1058 632 1101 retur.
668 1047 882 1101 Patrem
915 1047 1107 1102 habuit
1157 1047 1523 1114 Pasicratem,
1566 1049 1749 1102 rhetor
1792 1049 1904 1119 ipse
1951 1048 2036 1103 in-

469 1139 659 1192 Stituto
714 1147 876 1206 atque
915 1138 1292 1205 philosophus.
1324 1137 1552 1190 Tantam
1597 1146 1779 1191 autem
1824 1152 2033 1191 morum

462 1232 807 1284 severitatem
869 1225 1153 1283 affectasse
1208 1226 1412 1292 ferunt,
1453 1238 1510 1282 ut
1561 1228 1750 1300 165!)
1819 1229 2032 1282 leonina

427 1321 605 1390 saepe
638 1322 856 1374 indutus
902 1321 1042 1388 pelle
1093 1321 1148 1374 in
1204 1319 1478 1388 publicum
1531 1323 1790 1389 prodiret.
1832 1320 2032 1375 Vocem

461 1412 704 1468 mittebat
731 1412 994 1482 placidam
1032 1421 1087 1466 et
1117 1413 1349 1477 firmam,
1382 1413 1631 1467 incessus
1663 1412 1882 1466 minime
1908 1411 2032 1480 qui-

459 1506 579 1558 dem
620 1504 898 1565 incitatus,
951 1504 1048 1558 sed
1097 1518 1203 1558 non
1252 1503 1376 1557 ideo
1421 1504 1602 1571 segnis
1627 1511 1720 1555 aut
1746 1501 1973 1565 fractus,
2002 1517 2030 1555 a

460 1611 567 1663 quo
606 1610 705 1650 nec
734 1595 927 1663 reliqui
967 1597 1213 1661 corporis
1245 1604 1431 1648 motus
1459 1592 1861 1662 discrepabant.
1897 1592 2031 1646 Gra-

457 1687 577 1742 cilis
609 1688 793 1742 adhtec
821 1696 960 1750 erat,
991 1697 1044 1740 et
1067 1702 1297 1756 corpore
1329 1686 1752 1754 haudquaquam
1783 1694 1960 1741 vasto.

529 1776 816 1833 Orationes
863 1779 1257 1846 conscripsisse
1300 1777 1556 1845 plurimas
1592 1777 1853 1840 referunt,
1887 1791 2023 1846 qua-

458 1884 578 1922 rum
615 1869 889 1937 octoginta
953 1869 1005 1922 iu
1066 1884 1214 1922 meas
1274 1868 1585 1922 inciderunt
1639 1883 1872 1922 manus:
1905 1883 2025 1937 quae

455 1960 672 2030 quidem
705 1961 977 2015 orationes
1013 1959 1394 2030 Chrysostomi
1427 1959 1563 2031 [hoc
1586 1969 1672 2014 est
1713 1959 1860 2012 aurei
1891 1958 2020 2030 oris]

456 2056 872 2123 cognomentum
917 2052 994 2106 illi
1045 2053 1189 2120 apud
1233 2051 1348 2116 ejus
1375 2053 1552 2107 aetatis
1587 2051 1830 2107 homines
1858 2066 2024 2122 pepe-

454 2151 662 2195 rerunt.
689 2141 957 2196 Caeterum
983 2140 1281 2210 pleraeque,
1311 2150 1370 2195 ut
1411 2141 1677 2204 dicebam,
1717 2142 2024 2196 orationum

453 2224 571 2292 ejus
609 2241 746 2295 quas
783 2226 1000 2294 quidem
1035 2229 1302 2294 noverim,
1355 2230 1636 2283 suasoriae.
1669 2229 1774 2284 Sed
1809 2230 2025 2299 quando

455 2330 664 2384 aequum
699 2326 785 2372 est
818 2317 1175 2373 deliberativo
1203 2319 1386 2388 generi
1410 2320 1668 2388 quiddam
1697 2320 1859 2374 etiam
1882 2320 2026 2389 judi-

453 2405 592 2461 ciale
613 2407 950 2476 permisceri,
967 2423 1153 2477 parem
1179 2410 1294 2478 ipse
1318 2409 1578 2464 virtutem
1604 2410 1656 2464 in
1681 2411 1784 2465 hoc
1810 2426 2026 2481 quoque

453 2497 719 2552 orationis
761 2513 960 2566 genere
1004 2500 1286 2555 ostendit:
1318 2509 1372 2554 et
1413 2501 1556 2554 inter
1593 2516 1782 2556 omnes
1808 2502 2022 2570 quidem

458 2589 691 2643 maxime
750 2586 1048 2643 Rhodiaca.
1091 2588 1230 2643 Nam
1282 2600 1337 2644 et
1379 2590 1558 2643 acrius
1605 2592 2026 2661 enthymematis

454 2679 642 2741 instat,
670 2689 725 2734 et
752 2682 973 2734 brevem
1007 2690 1171 2750 atque
1197 2690 1500 2735 contortam
1524 2683 1823 2737 orationem
1857 2683 2026 2754 (quod

453 2772 646 2826 saltem
675 2773 741 2826 ad
767 2773 1163 2844 characterem)
1198 2775 1512 2837 adhibet,et
1541 2777 1877 2832 vehementia
1902 2792 2025 2831 eum

455 2862 699 2918 ubertate
729 2863 988 2918 abundat.
1035 2865 1312 2932 Exemplis
1345 2866 1578 2933 insuper
1610 2868 1844 2921 maxime
1886 2884 2024 2936 pra:-

451 2963 586 3017 stat,
621 2970 742 3024 quae
780 2956 976 3024 ubique
1011 2957 1176 3009 multa
1213 2971 1244 3010 e
1273 2957 1440 3011 variis
1463 2958 1628 3026 petita
1659 2959 1838 3024 rebus,
1861 2959 2026 3028 aptis-

2142 495 2344 564 ἐπῆλθε
2374 493 2727 564 πλανώμενος
2757 495 2882 564 γῆν.
2912 492 3092 559 Δεξιδς
3137 495 3193 548 δὲ
3226 497 3354 566 περὶ
3375 497 3502 558 τοὺς
3523 497 3713 564 λόγους

2140 587 2317 651 ἔδοξεν
2352 582 2513 653 εἶναι,
2545 586 2642 639 καὶ
2666 586 2904 657 μάλιστα
2933 587 3059 650 τοὺς
3092 587 3205 640 ὅσοι
3246 587 3532 658 ῥυθμίζειν
3571 606 3710 659 συμ-

2140 677 2452 731 ϐουλεύουσι
2482 678 2548 731 τά
2585 677 2711 748 ἤθη.
2752 679 3010 746 Ἠκμασε
3052 678 3108 730 δὲ
3141 679 3283 732 κατά
3320 681 3446 744 τοῦς
3487 679 3712 751 χρόνους

2137 769 2231 822 τοῦ
2258 768 2523 839 βασιλέως
2542 769 2832 840 Τραϊανοῦ,
2859 769 2955 822 καὶ
2984 769 3235 822 πλεῖστον
3259 769 3500 840 διέτριψε
3523 771 3713 842 χρόνον

2138 863 2270 932 παρ’
2301 861 2471 932 αύτῷ,
2502 862 2596 916 καὶ
2623 862 2720 931 τῆς
2746 863 2827 915 ὅτι
2853 862 3087 931 μάλιστα
3103 861 3269 932 τιμῆς
3294 863 3391 916 καὶ
3413 861 3713 927 δεξιώσεως

2137 955 2347 1024 ἔτυχεν,
2395 955 2472 1018 ὡς
2523 955 2615 1008 καὶ
2662 953 3093 1023 συγκαθέζεσθαι
3138 955 3300 1008 αὐτὸν
3333 953 3411 1026 τῷ
3441 954 3574 1027 [275
3614 954 3708 1025 IL]

2138 1048 2392 1118 βασιλείῳ
2413 1048 2513 1117 ὀχή
2525 1065 2672 1118 ματι.
2694 1048 2831 1110 Παῖς
2851 1047 2950 1117 μὲν
2973 1042 3038 1118 ἦν
3064 1047 3105 1079 ¹¹
3130 1041 3285 1110 οὗτος
3310 1047 3710 1116 Πασικράτους,

2137 1139 2395 1208 σοφιστὴς
2427 1139 2484 1192 δὲ
2508 1139 2601 1192 καὶ
2629 1139 2920 1208 φιλόσοφος
2946 1139 3007 1191 τὸ
3032 1139 3394 1208 ἐπιτήδευμα.
3429 1137 3554 1192 Ἐπὶ
3582 1153 3711 1191 τοσ-

2133 1229 2288 1283 οῦτον
2312 1228 2355 1280 δ’
2380 1227 2541 1281 αὑτὸν
2568 1229 2668 1298 τῆς
2700 1227 2844 1280 κατὰ
2880 1228 2941 1280 τὸ
2973 1228 3160 1298 σχῆμά
3185 1244 3316 1295 φασι
3381 1227 3710 1297 σεμνότητος

2132 1323 2547 1386 ἀντιποιεῖσθαι,
2586 1321 2664 1384 ὡς
2702 1320 2800 1373 καὶ
2843 1319 3064 1390 λεοντῆν
3103 1319 3362 1382 πολλάκις
3405 1317 3710 1388 ἐνημμένον

2135 1413 2408 1468 ποιεῖσθαι
2437 1414 2538 1484 τὴν
2565 1412 2812 1484 πρόοδον.
2833 1412 3023 1481 Φωνὴν
3044 1410 3088 1461 δ’
3115 1409 3390 1480 ἠρεμαίαν
3429 1409 3582 1478 ἠφίει
3614 1408 3709 1461 καὶ

2134 1500 2426 1571 σταθεράν.
2459 1500 2571 1554 Καὶ
2609 1499 2855 1568 σχολαῖον
2877 1500 2976 1569 μὲν
3007 1498 3129 1551 ἀλλ’
3148 1499 3247 1550 οὐκ
3267 1497 3538 1567 άναϐεϐλη
3549 1497 3707 1567 μένον

2134 1592 2393 1662 βάδισμα,
2439 1590 2534 1643 καὶ
2578 1587 2750 1644 τᾶλλα
2783 1591 2826 1623 ⁸³
2871 1590 2978 1643 τῶν
3031 1592 3350 1660 κινημάτων
3394 1590 3496 1642 οὐκ
3525 1588 3705 1658 ἀσύμ-

2133 1701 2284 1753 φωνα
2303 1701 2318 1716 ·
2357 1683 2534 1754 ίσχνδς
2563 1683 2609 1736 δ’
2640 1682 2684 1714 ⁸³
2717 1677 2785 1753 ἦν
2813 1683 2908 1735 καὶ
2940 1681 3063 1736 ούδέ
3100 1684 3272 1752 μέγας
3305 1681 3368 1734 τὸ
3393 1681 3576 1750 σῶμα.

2201 1775 2400 1828 Τοῦτον
2445 1772 2674 1836 πολλούς
2720 1790 2854 1842 φασι
2903 1775 2999 1825 καὶ
3045 1772 3324 1834 ποικίλους
3367 1770 3576 1840 γράψαι
3614 1768 3706 1823 λό-

2133 1881 2295 1935 γους·
2333 1865 2386 1916 οί
2433 1863 2478 1916 δ’
2503 1865 2583 1926 εἰς
2627 1864 2904 1933 ἡμετέραν
2957 1863 3262 1932 φθάσαντες
3299 1862 3500 1931 γνῶσιν
3528 1861 3619 1914 τὸν
3648 1857 3704 1913 π’

2126 1956 2396 2026 ἐπλήρουν
2439 1954 2696 2024 ἀριθμόν.
2748 1955 3134 2026 Χρυσόστομον
3183 1954 3229 2006 δ’
3264 1953 3424 2006 αὐτὸν
3452 1953 3504 2006 οἱ
3552 1952 3704 2020 λόγοι

2125 2051 2190 2119 τῇ
2240 2047 2360 2102 κατ’
2391 2047 2557 2100 αὐτὸν
2583 2048 2751 2118 γενεᾷ
2791 2047 3092 2101 δεδώκασιν
3131 2046 3508 2116 ἐπονομάζειν.
3545 2043 3703 2097 Ἐστι

2129 2138 2230 2208 μὲν
2268 2133 2382 2202 οὖν,
2424 2139 2562 2204 ὅπερ
2592 2137 2752 2207 ἔφην,
2781 2135 2842 2189 τὸ
2883 2134 3138 2189 πλεῖστον
3176 2135 3337 2189 αὐτοῦ
3363 2135 3473 2187 τῶν
3502 2133 3698 2201 λόγων,

2125 2227 2219 2292 οὒς
2247 2230 2407 2300 ἡμεῖς
2438 2230 2620 2300 ἴσμεν,
2663 2226 3127 2294 συμϐουλευτικόν
3149 2242 3165 2257 ο
3193 2220 3281 2279 οἷα
3311 2225 3358 2280 δ’
3399 2225 3569 2288 εἰκὸς,
3605 2225 3701 2276 καὶ

2125 2321 2203 2392 τῷ
2241 2321 2690 2391 συμϐουλευτικῷ
2731 2319 3221 2390 παραπλεκόμενον
3263 2318 3323 2371 τὸ
3349 2311 3458 2370 οἷον
3488 2316 3700 2370 δικανι-

2126 2413 2221 2466 κὸν
2250 2415 2628 2484 παραπλήσιον
2660 2413 2758 2483 τὴν
2783 2411 2985 2483 ἀρετὴν
3011 2412 3112 2464 κάν
3137 2409 3216 2480 τῷ
3241 2410 3400 2480 μέρει
3433 2408 3568 2479 τῷδε
3601 2406 3696 2460 τοῦ

2125 2504 2283 2574 λόγου
2312 2504 2568 2571 δεικνύει,
2591 2507 2688 2559 καὶ
2713 2506 2949 2575 μάλιστα
2979 2503 3086 2556 τῶν
3108 2502 3284 2556 ἄλλων
3305 2505 3334 2556 ὁ
3369 2499 3695 2566 Ῥοδιακός.

2125 2598 2335 2667 Δριμύς
2369 2616 2428 2651 τε
2460 2598 2570 2669 γάρ
2614 2599 2730 2651 ἐστι
2775 2599 2889 2661 τοῖς
2935 2595 3298 2666 ἐνθυμήμασι,
3350 2594 3446 2647 καὶ
3481 2594 3544 2646 τὸ
3573 2610 3697 2646 συν-

2127 2691 2503 2761 εστραμμένον
2533 2690 2671 2761 πρός
2699 2707 2760 2759 γε
2790 2689 2881 2743 τὸν
2916 2686 3082 2742 αὐτοῦ
3120 2685 3444 2758 χαρακτῆρα
3479 2685 3585 2738 τῶν
3612 2684 3698 2736 λό-

2127 2795 2238 2847 γων
2263 2779 2424 2850 ἔχων,
2456 2781 2550 2833 καὶ
2573 2779 2636 2833 τὸ
2663 2779 2874 2833 ἔντονον
2898 2776 3037 2847 μετὰ
3056 2775 3152 2830 τοῦ
3172 2777 3397 2845 γονίμου
3427 2773 3691 2828 πλουτῶν.

2131 2870 2388 2940 ’Ἄριστος
2455 2870 2513 2924 δὲ
2564 2873 2675 2935 τοῖς
2727 2869 3133 2940 παραδείγμασι
3186 2868 3280 2921 καὶ
3352 2865 3519 2930 πολύς
3577 2868 3694 2919 ἐστι

2127 2960 2428 3030 πανταχοῦ,
2477 2961 2570 3013 καὶ
2618 2960 2872 3029 ποικίλης
2924 2958 3056 3029 ὕλης
3088 2957 3380 3028 λαμϐάνων
3417 2956 3560 3010 αὐτὰ
3598 2957 3696 3010 καὶ

453 3045 590 3100 sime
616 3047 683 3100 ad
707 3047 1037 3116 propositum
1072 3059 1454 3115 argumentum
1493 3051 1890 3104 accommodat.
1935 3051 2025 3103 Li-

2129 3052 2422 3122 προσφυῶς
2473 3052 2868 3124 ἁρμοζόμενος.
2951 3049 3145 3120 Χαίρει
3203 3049 3260 3102 δέ
3318 3049 3553 3120 μάλιστα
3601 3047 3695 3102 καὶ

453 3137 770 3192 beatissime
821 3150 1036 3206 quoque
1087 3137 1368 3193 fabulosus
1416 3139 1756 3193 narrationes
1814 3141 2024 3210 aliquas

457 3227 854 3283 monitionibus
908 3229 1125 3295 intexit,
1174 3239 1234 3282 ut
1264 3245 1385 3282 eam
1417 3231 1578 3284 etiam
1625 3234 1694 3287 ob
1727 3247 1840 3286 rem
1891 3232 2024 3286 sim-

457 3319 575 3388 plex
605 3320 817 3374 dicendi
853 3334 1025 3388 genus
1048 3333 1392 3376 conseCtatus
1417 3323 1584 3377 videri
1616 3326 1803 3392 possit.
1827 3322 2026 3380 Rarius

451 3409 596 3464 enim
636 3410 875 3466 Platonis
916 3415 1162 3482 exemplo
1209 3413 1472 3480 ejusmodi
1518 3430 1637 3469 eum
1678 3416 1903 3472 fabulas
1942 3417 2025 3472 af-

341 3531 354 3546 κ
452 3501 715 3556 ferentem
742 3505 947 3568 videas,
969 3519 1091 3574 quae
1115 3505 1198 3575 (ut
1223 3505 1273 3559 in
1299 3506 1712 3576 Borystheuica)
1735 3508 2021 3563 elationem

452 3594 689 3662 aliquam
737 3597 1208 3665 granditatemque
1251 3601 1481 3653 orationi
1512 3601 1732 3654 addant.
1780 3601 2023 3670 Simplici

457 3685 621 3750 igitur
646 3686 764 3740 idea
807 3686 1099 3754 plurimum
1143 3694 1230 3742 est
1263 3705 1393 3743 usus
1426 3691 1505 3762 (ut
1543 3693 1701 3760 paulo
1745 3703 1870 3746 ante
1892 3693 2024 3746 dixi-

455 3777 598 3849 mus)
630 3778 684 3830 in
725 3777 993 3844 sensibus,
1038 3781 1314 3835 vocabulis
1365 3783 1492 3836 item
1542 3783 1920 3845 familiaribus,
1969 3796 2024 3839 et

457 3871 657 3936 passim
687 3871 887 3934 obviis,
933 3870 1175 3940 nihilque
1202 3875 1522 3943 compositio
1554 3876 1716 3929 habet
1745 3885 1835 3929 aut
1863 3877 2023 3931 subli-

457 3958 663 4012 mitatis
727 3961 1063 4014 ostentanda:
1099 4001 1114 4025 ,
1195 3972 1287 4016 aut
1345 3967 1626 4033 captanda:
1669 3967 2024 4032 iucunditatis

454 4049 625 4116 gratia
676 4049 1012 4107 innovatum.
1045 4053 1110 4106 Et
1147 4068 1298 4120 vero,
1341 4055 1392 4106 in
1437 4055 1615 4109 verbis
1669 4055 1881 4121 saltem,
1927 4072 2024 4109 no-

464 4141 778 4209 minumque
807 4144 1209 4213 conjunctione,
1238 4149 1582 4214 perspicuum
1608 4149 1821 4203 dicendi
1853 4164 2022 4218 genus

452 4234 770 4302 scriptorem
793 4236 934 4290 hunc
957 4239 1288 4306 propositum
1313 4239 1564 4292 habuisse
1588 4240 1866 4293 existimes
1890 4257 1903 4293 :
1929 4241 2020 4295 sed

453 4329 576 4379 dum
623 4327 832 4396 longius
888 4331 1174 4384 sententiae
1224 4330 1582 4385 redditiouem
1637 4333 1905 4401 producit,
1941 4333 2023 4386 di-

2130 3141 2538 3211 μυθολογήμασι
2592 3139 2690 3203 τὰς
2737 3139 3086 3210 παραινέσεις
3128 3138 3562 3203 συνδιαπλέκειν,
3605 3137 3687 3190 διὸ

2126 3232 2312 3287 καὶτὸ
2363 3232 2558 3300 ἀφελὲς
2599 3231 2814 3286 διώκειν
2856 3231 3003 3284 δοκεῖ
3029 3247 3044 3261 ⁸
3081 3231 3308 3284 σπάνιον
3360 3229 3469 3299 γάρ
3517 3227 3571 3280 εί
3606 3245 3691 3290 τις

2126 3324 2276 3395 εὖροι
2317 3325 2458 3378 κατὰ
2493 3325 2583 3378 τὸν
2616 3326 2962 3378 Πλατωνικὸν
2992 3324 3151 3395 ζῆλον
3195 3327 3307 3386 τοῖς
3351 3323 3554 3392 δίαρμα
3599 3320 3697 3372 καὶ

2124 3415 2288 3482 ὄγκον
2316 3414 2759 3486 ἐνεργαζομένοις
2797 3413 2876 3485 τῷ
2913 3414 3078 3485 λόγῳ,
3107 3415 3298 3484 ὥσπερ
3339 3414 3396 3465 ἐν
3419 3411 3497 3481 τῷ
3527 3413 3697 3481 Βορυ-

2127 3506 2394 3578 σθενικῷ,
2454 3507 2645 3576 μύθοις
2715 3507 2874 3560 αὑτὸν
2937 3505 3348 3576 ἀποχρώμενον.
3419 3503 3549 3576 [552
3599 3501 3695 3575 R.]

2139 3596 2367 3666 Ἀφελὴς
2400 3596 2498 3666 μὲν
2529 3593 2623 3648 οῦν
2653 3598 2768 3648 ἐστι
2797 3595 2866 3647 τὰ
2894 3594 3083 3659 πολλὰ,
3115 3594 3190 3655 ὡς
3221 3592 3392 3661 ἔφθην
3424 3591 3468 3622 ⁸⁸
3502 3589 3692 3652 εἰπὼν,

2123 3689 2244 3751 ταῖς
2275 3689 2526 3753 ἐννοίαις,
2558 3687 2652 3740 καὶ⁴
2679 3686 2789 3740 τῶν
2816 3702 2876 3739 τε
2912 3685 3383 3756 καθωμιλημένων
3414 3682 3564 3754 αὑτῷ
3598 3681 3696 3734 καὶ

2124 3779 2567 3844 ἐπιπολαζουσῶν
2593 3780 2650 3833 αἱ
2679 3779 2874 3845 λέξεις,
2906 3779 3002 3832 καὶ
3042 3777 3197 3832 οὐδὲν
3225 3777 3334 3830 οὐδ’
3367 3779 3400 3848 ἡ
3444 3775 3696 3840 σύνταξις

2122 3873 2228 3926 οὐδ’
2259 3874 2352 3925 ἐπὶ
2371 3872 2429 3925 τὸ
2459 3871 2751 3942 βαθύτερον
2783 3871 2906 3924 οὐδὲ
2953 3870 3014 3924 τὸ
3045 3869 3474 3940 καθηδυνόμενον
3496 3869 3696 3922 ἐκνεω-

2121 3964 2345 4035 τερίζει.
2399 3965 2508 4018 Καὶ
2531 3965 2592 4017 τό
2623 3981 2686 4032 γε
2713 3964 2805 4018 ἐπὶ
2821 3966 2934 4027 τοῖς
2959 3964 3168 4034 ῥήμασι
3196 3962 3292 4014 καὶ
3312 3965 3377 4031 τῇ
3406 3960 3694 4030 συμπλοκῇ

2121 4056 2229 4108 τῶν
2244 4055 2521 4124 ὀνομάτων
2537 4055 2629 4108 τοῦ
2661 4056 2864 4123 σαφοῦς
2885 4055 2950 4108 ἄν
2978 4071 3059 4117 τις
3080 4054 3318 4106 ἐλπίσειε
3336 4053 3428 4105 τὸν
3447 4066 3694 4120 συγγρα-

2123 4146 2228 4214 φέα
2263 4145 2690 4214 κατεστοχάσθαι
2711 4161 2726 4177 ’
2767 4145 2902 4199 ἀλλὰ
2927 4146 2988 4199 τό
3019 4162 3082 4213 γε
3107 4145 3194 4199 διὰ
3223 4142 3434 4214 μακροῦ
3466 4141 3565 4212 τὴν
3596 4141 3694 4209 τῆς

2122 4236 2359 4298 διανοίας
2379 4237 2631 4290 ἀπόδοσιν
2653 4237 2923 4308 προϊέναι,
2948 4237 3042 4290 καὶ
3065 4239 3184 4298 ταῖς
3205 4236 3481 4298 ἐπιϐολαῖς
3505 4237 3570 4286 ἐκ
3597 4233 3690 4286 τοῦ

2127 4329 2220 4380 ἐπὶ
2251 4327 2502 4381 πλεῖστον
2521 4331 2610 4381 τὸν
2628 4328 2784 4397 λόγον
2809 4328 3222 4398 διαπεπλέχθαι,
3248 4327 3348 4380 οὐκ
3376 4327 3468 4379 ἐπὶ
3502 4325 3685 4396 μικρῷ

453 4417 936 4485 gressionibusque
963 4429 1019 4470 ut
1050 4418 1341 4486 plurimum
1377 4421 1682 4473 orationem
1718 4419 2019 4487 intertexit,

2129 4421 2224 4489 τῆς
2258 4419 2517 4491 τοιαύτης
2542 4421 2704 4474 αὑτὸν
2732 4420 2967 4473 ἐκκλείει
2999 4421 3164 4483 ίδέας.
3208 4419 3370 4471 Ἀλλὰ
3389 4417 3563 4472 ταῦτα
3594 4417 3690 4486 μὲν

451 4523 556 4561 non
610 4524 798 4577 parum
847 4508 914 4562 ab
969 4508 1071 4562 hoc
1125 4510 1370 4562 instituto
1416 4509 1667 4564 deflectit.
1698 4508 2017 4579 Quanquam

452 4599 567 4653 haec
594 4600 808 4664 quidem
841 4599 1075 4655 varietas
1093 4600 1339 4670 quatdam
1375 4601 1525 4667 ideae,
1549 4599 1879 4655 characteris
1903 4616 2019 4668 pro-

452 4689 672 4757 prietas,
708 4705 810 4743 non
847 4705 943 4759 pro
973 4691 1086 4744 vitii
1131 4691 1329 4744 indicio
1387 4690 1574 4744 haberi
1623 4691 1846 4744 forsitan
1894 4704 2017 4758 pos-

451 4780 582 4834 sint.
607 4782 676 4834 At
704 4781 848 4851 quod
873 4781 1120 4847 exordia,
1157 4791 1248 4835 aut
1292 4797 1411 4851 qua:
1457 4783 1801 4836 exordiorum
1850 4781 2020 4834 instar

454 4879 602 4935 sunt,
649 4872 958 4941 longissime
999 4874 1278 4942 producat,
1322 4873 1376 4926 id
1418 4871 1531 4941 jam
1567 4871 1742 4938 palam
1784 4870 1934 4933 facit,
1966 4878 2021 4924 et

452 4978 578 5016 eum
617 4977 954 5032 nequaquam
999 4963 1346 5018 familiarium
1394 4962 1773 5032 congressibus
1804 4975 2020 5014 accom-

452 5052 725 5106 modatam
777 5052 989 5107 dicendi
1048 5052 1278 5107 formam
1324 5068 1421 5122 pro
1467 5052 1611 5107 civili
1667 5061 1723 5105 et
1758 5049 2018 5105 historica

451 5156 735 5211 usurpare,
763 5151 818 5195 et
847 5141 1019 5211 majus
1049 5144 1200 5211 quasi
1225 5151 1409 5210 caput,
1442 5158 1602 5212 quam
1645 5142 1909 5210 reliquum
1946 5142 2016 5194 sit

448 5234 710 5287 orationis
737 5247 951 5303 corpus,
978 5233 1252 5304 efﬁngere.

521 5327 838 5382 Orationum
870 5327 1032 5399 igitur
1061 5329 1178 5397 ejus
1212 5335 1445 5397 quatuor
1488 5329 1715 5396 priores,
1751 5325 1817 5381 de
1848 5339 2016 5394 regno

2128 4510 2454 4582 παραλλαγὴ
2487 4511 2529 4543 ³⁵
2573 4512 2714 4574 ἰδέας
2741 4513 2834 4564 καὶ
2856 4511 3206 4582 χαρακτῆρος
3226 4509 3441 4580 ίδίωμα,
3463 4507 3692 4561 ἀλλὀὐκ

2125 4603 2305 4664 αἰτίας
2337 4601 2466 4665 ἴσως
2504 4601 2728 4667 ἔνδειξιν
2753 4603 2866 4673 εχει
2910 4604 2953 4634 ¹⁶
2982 4620 2995 4632 °
3027 4603 3088 4655 τὸ
3117 4602 3161 4654 δ’
3207 4601 3301 4653 ἐπὶ
3352 4600 3691 4670 μακρότατον

2125 4694 2426 4747 ἀποτείνειν
2459 4695 2527 4747 τὰ
2555 4695 2817 4764 προοίμια
2854 4693 2886 4764 ἢ
2916 4694 2986 4746 τὰ
3039 4691 3149 4746 οἷον
3198 4692 3462 4762 προοίμια
3506 4691 3690 4743 οὐκέτι

2126 4785 2352 4854 ἀφίησιν
2407 4786 2568 4839 αὑτὸν
2601 4786 2663 4838 τὸ
2706 4787 2782 4856 μὴ
2833 4787 2953 4854 οὐχὶ
2998 4786 3118 4838 ἀντὶ
3165 4784 3208 4816 ¹⁷
3261 4780 3544 4836 πολιτικοῦ
3596 4782 3690 4834 καὶ

2124 4877 2502 4948 συγγραφικοῦ
2523 4877 2693 4931 τύπου
2717 4879 2808 4932 τὸν
2849 4880 2942 4932 ἐπὶ
2975 4882 3095 4942 ταῖς
3127 4877 3432 4939 συνουσίαις
3460 4873 3688 4938 ἀλλάξα-

2125 4969 2248 5022 σθαι
2275 4969 2707 5040 παραδεδυκότα,
2746 4971 2841 5025 καὶ
2873 4973 3042 5041 μείζω
3089 4971 3188 5042 τὴν
3217 4971 3463 5040 κεφαλὴν
3490 4969 3586 5040 τὴν
3614 4969 3686 5031 ὡς

2121 5061 2180 5114 ἐν
2217 5061 2360 5131 λόγῳ
2395 5062 2437 5094 ¹⁸
2464 5062 2558 5114 τοῦ
2588 5062 2779 5117 λοιποῦ
2811 5064 3062 5135 σώματος
3100 5063 3467 5116 διαπλάττειν.

2194 5321 2316 5374 Τῶν
2352 5320 2530 5374 τοίνυν
2581 5321 2752 5390 λόγων
2795 5320 2959 5374 αὐτοῦ
2989 5317 3030 5374 δ’
3067 5320 3192 5390 περὶ
3251 5317 3526 5390 βασιλείας
3585 5315 3684 5384 μέν

1731 5437 1958 5492 VARle
1997 5435 2398 5492 LECTIONES.

527 5603 568 5633 ¹⁰
608 5600 809 5667 ταύτης
843 5600 883 5651 Α
913 5617 930 5674 _:
967 5597 1065 5674 τὴν
1091 5597 1194 5674 τῇς
1229 5613 1290 5661 ς.
1430 5592 1519 5669 ἦν]
1540 5592 1744 5674 ’ἦνλοῦν
1774 5600 1839 5653 Λ.
1882 5592 2233 5674 μίξκτᾶλλαᾼ,
2262 5614 2275 5650 :
2302 5597 2369 5650 τὰ
2391 5598 2552 5654 λοιπὰ
2600 5597 2658 5654 δὲ
2689 5614 2749 5664 ς’.

1343 5669 1408 5720 .¹⁷
1439 5666 1707 5740 άντὶούχὶ
1745 5685 1802 5731 ς’.
1881 5668 1923 5700 ³⁸
1949 5666 2007 5720 ἕν
2057 5667 2134 5735 τῷ
2180 5666 2320 5738 λόγῳ
2351 5685 2411 5730 ς,

454 5672 873 5744 ¹⁶παραλλαγῆς
898 5670 964 5733 Α,
1018 5667 1058 5700 ¹⁶
1091 5667 1267 5731 ἕξεως,-

2831 5597 2872 5629 ¹³
2895 5596 2937 5650 δ’
2987 5597 3050 5649 Δ.
3087 5611 3101 5650 :
3134 5611 3193 5649 τε
3229 5611 3290 5660 ς’.
3371 5593 3415 5627 ¹⁵
3443 5594 3584 5666 ἔφην
3609 5590 3676 5644 Α.
