4030 6248
424 298 523 366 681

1518 297 2043 359 BIBLIOTHECA.
2086 324 2151 333 --
2178 297 2340 361 COD.
2379 297 2571 358 CCIX.

3563 298 3669 363 682

424 416 564 470 είσιν
616 411 898 486 είρημένοι
928 428 942 445 ο
983 412 1079 467 καὶ
1134 413 1162 465 ὁ
1209 410 1265 464 E’
1294 412 1371 472 δὲ,
1414 413 1671 479 Λιϐυκὸς
1702 414 2007 485 ἐπιγραφό-

2116 416 2271 470 dieue
2297 426 2443 469 sunt.
2466 415 2661 481 Quinta
2694 411 2837 476 dein,
2870 425 2990 480 quae
3024 407 3222 480 Libyca
3255 418 3496 476 vocatur,
3518 424 3575 467 et
3602 416 3672 468 ab

422 523 613 577 μενος,
679 506 848 575 μῦθον
900 505 1000 575 μὲν
1054 503 1225 557 Λίϐυν
1272 504 1631 571 ἀπαγγέλλει,
1683 505 1906 560 ἐκείνων
1958 503 2002 557 δ’

424 600 573 653 ἐστὶν
619 596 944 668 ἐξημμένος.
1008 596 1067 649 Ὀ
1134 596 1181 649 δ’
1232 596 1391 659 ἐκτός
1423 597 1465 627 ι’
1517 599 1643 666 περὶ
1691 596 2005 667 τυραννίδος

424 689 605 744 δίεισι.
628 690 721 741 καὶ
751 688 877 756 περὶ
910 687 1109 757 ἀρετῆς
1137 689 1165 741 ό
1197 688 1290 740 ἐπὶ
1319 686 1515 758 τούτῳ.
1547 687 1605 742 Ὀ
1633 688 1690 742 δὲ
1716 690 1778 741 Η¹
1803 688 2001 757 Διογέ-

425 795 539 843 νης
578 776 680 846 μὲν
718 775 751 845 ἢ
800 775 1101 843 Ἰσθμικὸς
1156 776 1469 846 ἐπιγραφὴν
1527 777 1658 847 ἔχει,
1698 778 1911 847 πρᾶξιν
1945 776 2003 831 δέ

426 887 547 924 τινα
562 871 653 924 κα)⁵
672 868 862 930 λόγους
880 869 1159 935 Διογένους
1176 869 1317 922 κατὰ
1338 870 1406 920 τὰ
1428 868 1651 935 Ἰσθμια
1676 868 2001 937 διαγγέλλει.

432 962 541 1015 Καὶ
572 964 599 1014 ό
638 961 717 1024 Θ’,
758 958 1039 1028 Διογένης
1074 960 1122 991 ²⁹
1149 960 1180 1029 ἢ
1211 960 1350 1027 Περὶ
1382 959 1716 1024 οίκετῶν³¹,
1756 965 2007 1030 παραινεῖ

432 1051 533 1121 μὲν
560 1050 804 1111 ἅπαντας
822 1050 888 1102 δι’
913 1052 1032 1113 ἐνὸς
1064 1049 1363 1121 προσώπου
1392 1051 1558 1103 αὑτοῦ
1590 1052 1687 1119 μὲν
1707 1051 1937 1104 ἕκαστον
1960 1052 2006 1081 ’⁸

432 1142 633 1213 πολλὴν
688 1142 1025 1211 ἐπιστροφὴν
1088 1144 1181 1196 καὶ
1232 1142 1556 1212 ἐπιμέλειαν
1610 1143 1882 1195 ποιεῖσθαι
1935 1143 2005 1206 ’³,

428 1234 618 1302 ὀλίγην
639 1235 691 1287 δὲ
723 1234 833 1286 τῶν
863 1232 1061 1298 ἔξωθεν
1092 1235 1512 1305 συμπιπτόντων
1541 1250 1554 1265 ⁸
1582 1236 1676 1286 καὶ
1711 1235 1783 1303 μὴ
1808 1235 2005 1304 χρῆναι

431 1326 701 1395 φεύγοντα
766 1325 986 1379 διώκειν
1024 1327 1239 1396 οἰκέτην
1269 1343 1283 1358 ο
1336 1324 1463 1397 [an
1512 1324 1604 1397 IL]
1653 1326 1852 1382 ἄτοπον
1898 1327 2007 1396 γὰρ

431 1419 675 1481 ἐκείνους
692 1418 796 1489 μὲν
825 1421 1029 1481 κακοὺς
1055 1418 1216 1481 ὄντας
1236 1418 1479 1481 ἐλπίζειν
1514 1417 1642 1471 ἀνευ
1670 1418 1778 1470 τῶν
1812 1417 2009 1470 δεσπο-

430 1509 542 1563 τῶν
572 1510 796 1578 ἄμεινον
821 1508 1138 1578 βιώσεσθαι,
1162 1509 1288 1571 τοὺς
1313 1509 1576 1571 δεσπότας
1598 1509 1654 1562 δὲ
1685 1510 1760 1578 μὴ
1792 1507 2007 1573 ἀξιοῦν-

431 1617 533 1664 τας
562 1600 608 1630 “
636 1599 873 1668 φαύλους
908 1595 1046 1652 εἶναι
1080 1599 1157 1671 μὴ
1175 1599 1415 1670 νομίζειν
1440 1598 1664 1669 ἄμεινον
1692 1598 1893 1662 διάξειν
1915 1639 1929 1660 ,
1958 1600 2008 1651 εί

432 1695 515 1765 μὴ
571 1694 1010 1765 παραπολαύοιεν
1050 1694 1149 1764 τῆς
1198 1694 1307 1747 τῶν
1338 1691 1623 1765 δραπετῶν
1667 1693 2006 1762 σκαιότητος.

2108 509 2215 564 illis
2272 508 2568 561 etiamnum
2613 504 2913 573 dependet,
2970 502 3203 557 fabulam
3261 501 3430 574 Libyn
3485 504 3671 561 refert.

2111 598 2307 668 166s
2366 597 2494 651 Eam
2529 595 2729 663 excipit
2762 604 2936 656 sexta,
2965 607 3085 660 qua:
3108 594 3173 645 de
3211 593 3493 662 tyrannide
3525 608 3675 648 com-

2108 696 2371 741 memorat
2400 704 2413 740 :
2449 695 2503 739 ιιι
2536 689 2602 739 de
2634 686 2831 738 virtute
2856 685 3109 752 septima.
3145 680 3367 745 Octava,
3402 681 3672 751 Diogenis,

2106 780 2221 834 sive
2272 779 2541 833 Isthmiae
2599 777 2811 830 titulum
2864 774 3197 845 praeferens,
3241 774 3382 829 facta
3426 778 3671 843 quaedam

2105 873 2361 939 dictaque
2390 869 2645 937 Diogenis
2680 869 2729 921 in
2770 866 3041 921 lstlunicis
3081 876 3286 921 narrat.
3325 864 3500 933 Nona,
3543 866 3673 921 Dio-

2078 972 2257 1032 ‘genes
2294 976 2507 1031 quoque
2546 961 2764 1025 dicitur,
2808 975 2899 1012 seu
2934 959 3006 1010 De
3035 960 3216 1013 seri-is.
3264 958 3518 1011 Ilortatur
3562 960 3676 1013 siu-

2106 1054 2331 1123 gulatim
2380 1055 2684 1116 universos,
2726 1063 2975 1120 satagere
3004 1066 3266 1119 quosque.
3302 1066 3367 1103 ac
3414 1050 3674 1105 sollicitos

2106 1160 2229 1199 esse
2252 1147 2361 1208 sui,
2389 1144 2647 1214 neglectis
2689 1158 2807 1212 qua:
2849 1143 3188 1197 estrinsecus
3224 1142 3530 1197 adveniant.
3557 1140 3670 1195 Non

2105 1237 2361 1306 expedire
2386 1238 2606 1305 insuper
2634 1234 2920 1304 fugitivum
2948 1249 3162 1288 servum
3195 1234 3427 1302 insequi.
3470 1235 3672 1289 Absur-

2106 1329 2233 1381 dum
2255 1327 2400 1381 enim
2424 1328 2631 1391 esse,si
2667 1326 2748 1380 vel
2777 1326 2873 1389 illi,
2901 1341 3022 1379 cum
3054 1325 3281 1395 improbi
3308 1325 3434 1391 sint,
3456 1335 3675 1393 sperent

2108 1419 2311 1486 absque
2350 1419 2584 1473 dominis
2626 1418 2817 1472 melius
2846 1418 2948 1472 sibi
2993 1416 3129 1479 fore,
3161 1416 3244 1470 vel
3286 1416 3404 1469 beri
3462 1416 3674 1471 illorum

2110 1510 2361 1579 nequitia:
2410 1509 2555 1562 velut
2608 1509 2802 1577 ignari,
2846 1524 2951 1564 non
2992 1508 3240 1575 judicent
3271 1506 3465 1560 melius
3493 1520 3675 1561 secum

2109 1604 2401 1668 agendum,
2433 1601 2476 1655 si
2525 1616 2624 1654 nec
2651 1600 2828 1653 obiter
2850 1599 3014 1653 ullum
3042 1615 3075 1654 e
3113 1598 3459 1668 fugitivorum
3496 1613 3680 1652 servo.

2114 1710 2229 1748 rum
2298 1693 2597 1748 stoliditate
2660 1695 2915 1746 damnum
2977 1691 3175 1745 ferant.
3234 1691 3449 1745 Decima
3498 1693 3679 1745 oratio

445 1784 508 1838 '0
536 1785 592 1839 δὲ
616 1788 650 1839 ι’
685 1785 939 1853 Τρωϊκός
966 1783 1063 1855 μὲν
1085 1785 1234 1838 ἕλκει
1265 1784 1365 1853 τὴν
1390 1782 1722 1853 ἐπιγραφὴν,
1750 1783 1890 1853 ὑπὲρ
1927 1782 2009 1836 τοῦ

2116 1783 2305 1837 Troica
2342 1784 2678 1845 inscribitur,
2710 1783 2779 1837 de
2812 1798 2876 1837 eo
2912 1785 3157 1837 studiose
3199 1783 3497 1846 elaborata,
3535 1783 3679 1851 quod

438 1877 517 1947 μὴ
559 1875 763 1929 ἁλῶναι
813 1876 869 1929 δέ
905 1875 966 1929 τὸ
1010 1876 1170 1931 Ἴλιον
1201 1875 1638 1939 διεσπούδασται,
1687 1874 1910 1945 Ὁμήρῳ
1945 1890 2006 1928 τε

434 1962 578 2016 κατὰ
600 1962 662 2016 τὸ
684 1963 1019 2035 τραχύτερον
1047 1963 1438 2035 προσφέρεται,
1462 1962 1556 2016 καὶ
1584 1963 1683 2017 ὃσα
1715 1962 1849 2018 ἄλλα
1869 1961 2011 2016 κατά

432 2053 538 2125 τὴν
587 2055 784 2109 Ἰλιάδα
809 2055 957 2125 αὐτῷ
992 2054 1304 2124 πεποίηται,
1339 2054 1598 2108 τάναντία
1626 2053 1837 2117 τούτοις
1866 2070 2011 2124 πρα-

434 2148 794 2216 γματεύεται.
813 2148 869 2201 '0
889 2149 944 2201 δὲ
960 2147 1321 2218 Ὀλυμπικὸς
1337 2146 1369 2217 ἢ
1386 2149 1522 2216 Περὶ
1542 2145 1649 2215 τῆς
1660 2146 1893 2215 πρώτης
1904 2146 2010 2201 τοῦ

437 2235 592 2291 Θεοῦ
628 2236 893 2303 ἐννοίας,
924 2238 1054 2291 αὐτὸ
1082 2236 1238 2290 τοῦτο
1270 2234 1617 2308 πειρώμενος
1630 2236 2008 2300 ἐπιδεικνύειν,

437 2327 727 2391 ἐνδέκατός
747 2329 915 2383 ἐστιν.
936 2329 992 2382 '0
1018 2329 1074 2381 δὲ
1100 2326 1206 2394 IB',
1232 2328 1336 2384 Ἐν
1351 2328 1627 2395 Ἀθήναις
1654 2329 1785 2397 περὶ
1816 2325 2012 2397 φυγῆς

434 2419 749 2489 ἐπιγραφὴν
797 2418 961 2489 ἔχων,
1008 2420 1225 2492 εἴρηται
1278 2420 1378 2490 μὲν
1421 2422 1478 2473 ἐν
1509 2421 1717 2484 αὑταῖς,
1758 2419 1918 2474 δίεισι
1954 2418 2012 2475 δὲ

432 2510 513 2573 ὡς
536 2510 689 2564 οὐδὲν
713 2512 746 2581 ἡ
773 2513 917 2582 φυγὴ
942 2513 1200 2583 χαλεπὸν,
1232 2512 1326 2566 καὶ
1352 2513 1427 2576 ὡς
1463 2513 1508 2543 ⁸⁸
1537 2512 1766 2575 πλοῦτος
1793 2512 1890 2582 μὲν
1919 2508 2014 2565 καὶ

432 2602 566 2667 δόξα
590 2603 686 2656 καὶ
712 2603 1001 2657 δυναστεία
1027 2605 1218 2659 θᾶττον
1251 2605 1358 2658 ἀπὸ
1389 2604 1497 2659 τῶν
1514 2606 1744 2675 ἐχόντων
1768 2606 1859 2657 ἐπὶ
1888 2606 2014 2667 τοὺς

440 2696 567 2767 μηδ’
591 2696 919 2761 ἐλπίσαντας
966 2700 1254 2770 μεταρῤεῖ,
1282 2699 1343 2751 τὸ
1368 2698 1426 2752 δὲ
1455 2699 1767 2767 φιλοσοφεῖν
1790 2700 1883 2752 καὶ
1914 2697 2012 2767 τὴν

437 2788 643 2859 ἀρετὴν
681 2790 869 2842 ἀσκεῖν
906 2788 993 2842 διὰ
1032 2788 1148 2860 βίου
1178 2807 1238 2843 τε
1277 2789 1465 2859 κτῆμα
1511 2790 1756 2859 διαμένει
1811 2789 2014 2859 ἀγαθὸν

440 2878 538 2932 καὶ
573 2880 954 2950 ἀποιχομένοις
993 2881 1303 2933 συνέπεται.
1350 2880 1410 2933 '0
1441 2879 1501 2933 δὲ
1528 2879 1610 2933 Il"
1648 2880 1937 2946 Εὑϐοἵκὸς
1964 2879 2012 2911 ³⁸

437 2972 474 3043 ἦ
507 2972 911 3041 Κυνηγετικὸς
940 2972 1132 3042 ἔλαχεν
1162 2971 1499 3043 ἐπιγραφὴν,
1528 2972 1740 3041 είσάγει
1779 2972 1836 3025 δέ
1868 2988 2013 3034 τινας

439 3067 499 3119 ἐν
524 3065 727 3136 Εὐϐοίᾳ
758 3063 999 3118 τοιοῦτον
1034 3064 1147 3135 βίον
1191 3063 1465 3134 βιοῦντας,
1512 3064 1581 3116 δι’
1607 3057 1682 3118 ὧν
1710 3078 2014 3117 κατασκευ-

2114 1876 2266 1929 Ilium
2317 1890 2424 1928 non
2474 1873 2640 1928 fuerit
2672 1884 2911 1942 captant.
2949 1873 3182 1928 Honiere
3229 1874 3392 1943 igitur
3435 1875 3681 1942 asperius

2114 1971 2453 2031 adversatur,
2515 1968 2684 2035 iisque
2743 1968 2995 2021 omnibus
3055 1966 3329 2021 contraria
3387 1965 3679 2025 describit.

2115 2072 2237 2125 quae
2263 2067 2387 2112 sunt
2412 2059 2479 2110 ab
2510 2057 2601 2111 illo
2639 2058 2688 2110 in
2718 2056 2890 2110 Iliade
2917 2058 3233 2125 composita.
3264 2055 3558 2125 Olympico,
3585 2070 3678 2110 seu

2115 2148 2194 2203 De
2215 2152 2385 2218 prima
2404 2151 2503 2205 Dei
2520 2151 2813 2221 cognitione
2832 2149 2973 2219 (quae
2997 2149 3135 2203 idem
3161 2148 3287 2202 illud
3311 2148 3682 2203 demonstrare
3778 2136 3789 2148 “

2116 2244 2367 2312 conatur)
2401 2243 2687 2296 undecima
2718 2248 2828 2294 est.
2864 2239 3185 2293 Duodecimn
3210 2239 3429 2293 Athenis
3461 2237 3681 2291 dressi-

2117 2332 2192 2386 lio
2218 2334 2403 2387 habito
2434 2334 2644 2388 titulum
2691 2334 2930 2403 prafert.
2969 2330 3037 2386 Et
3082 2332 3262 2385 habita
3310 2345 3437 2386 vere
3485 2329 3679 2383 ibidem

2117 2434 2223 2492 est,
2270 2428 2538 2495 docetque
2585 2425 2834 2480 exsilium
2867 2425 3001 2481 nihil
3032 2425 3231 2478 habere
3265 2422 3629 2477 molestiarum
3663 2435 3679 2473 :

2119 2517 2338 2572 divitias
2379 2518 2507 2571 item
2556 2526 2611 2571 et
2661 2516 2887 2582 gloriam
2924 2527 3086 2585 atque
3126 2514 3406 2581 imperium
3448 2512 3606 2567 citius
3652 2527 3680 2561 ιι

2118 2608 2519 2675 possidentibus
2543 2608 2608 2660 ad
2639 2622 2732 2663 eos
2767 2607 2856 2676 qui
2893 2604 3116 2658 minime
3156 2604 3469 2672 sperabant,
3503 2609 3683 2654 trans-

2119 2697 2250 2751 ferri
2281 2716 2296 2751 :
2327 2698 2603 2767 sapientiai
2630 2712 2762 2751 vero
2791 2696 3027 2751 studium
3056 2736 3071 2758 ,
3114 2710 3180 2751 ac
3222 2695 3435 2749 virtutis
3481 2692 3687 2747 exerci-

2119 2793 2409 2857 tationem,
2436 2803 2492 2847 et
2541 2803 2825 2861 perpetuas
2873 2792 2925 2844 in
2966 2791 3067 2844 hac
3114 2790 3219 2842 vita
3260 2795 3687 2855 constantesque

2120 2884 2341 2939 divitias
2379 2898 2521 2947 esse,
2565 2894 2619 2937 et
2662 2884 2789 2937 hinc
2824 2885 2986 2938 etiam
3037 2882 3369 2950 emigrantes
3414 2876 3684 2934 comitari.

2120 2976 2259 3032 XIII.
2304 2977 2539 3031 Euboica
2581 2992 2675 3031 seu
2731 2975 3018 3030 Venatoris
3078 2974 3412 3029 inscribitur.
3479 2971 3688 3026 Inducit

2124 3078 2306 3122 autem
2351 3069 2615 3137 quosdam
2668 3067 2805 3121 hanc
2836 3067 2891 3120 in
2938 3066 3141 3120 Euboea
3171 3065 3336 3119 vitam
3384 3066 3686 3119 ducentes:

439 3157 564 3222 άξει
622 3157 699 3219 ὡς
730 3160 759 3210 ό
791 3157 1104 3228 ἀπράγμων
1154 3156 1290 3226 βίος,
1340 3159 1387 3208 εί
1430 3156 1525 3211 καὶ
1568 3156 1860 3227 πενόμενος
1913 3157 2015 3225 εἴη,

2126 3176 2225 3230 per
2253 3176 2395 3230 quos
2434 3162 2594 3214 decet
2630 3161 2792 3213 vitam
2827 3159 3115 3227 privatam,
3150 3158 3251 3212 etsi
3285 3155 3572 3226 pauperior
3597 3155 3688 3219 sit,

446 3249 624 3320 πολλῷ
643 3248 751 3303 τῶν
767 3252 825 3303 ἐν
854 3248 1007 3302 ἄστει
1038 3247 1449 3319 Θορυϐουμένων
1477 3264 1537 3300 τε
1564 3248 1656 3300 καὶ
1686 3245 2018 3316 τρυφώντων

441 3343 609 3413 ἡδίων
658 3359 719 3396 τε
765 3342 860 3394 καὶ
902 3340 1363 3409 λυσιτελέστερος.
1419 3338 1724 3404 Ῥοδιαλιὸς
1768 3338 1826 3391 δὲ
1866 3341 1891 3392 ὁ
1944 3337 2019 3391 1Δ⁹

443 3434 810 3506 ἐπιγράφεται
834 3450 849 3465 ·
891 3436 949 3486 ἐν
986 3432 1161 3502 τούτῳ
1201 3432 1319 3494 ἔθος
1346 3432 1541 3499 ἄλογον
1586 3428 1740 3500 παρά
1796 3430 2019 3494 Ῥοδίοις

447 3529 679 3599 ἐπιτιμᾷ
729 3525 1068 3582 ἐπιπολάσαν
1099 3527 1166 3577 ³⁷.
1221 3524 1294 3577 Τὸ
1349 3524 1393 3577 δ’
1442 3519 1530 3595 ἦν,
1590 3521 1684 3586 οὓς
1740 3521 2021 3575 ἐϐούλοντο

443 3622 614 3691 τιμᾷν
651 3618 922 3690 ἀνδριᾶσι,
966 3617 1177 3679 τούτοις
1233 3615 1334 3686 μὲν
1374 3613 1665 3683 ἀνδριάντα
1722 3612 2021 3667 ἀνίστασαν

446 3712 664 3775 οὐδένα,
711 3712 838 3774 τοὺς
884 3711 941 3763 δὲ
1006 3710 1117 3771 τοῖς
1163 3708 1331 3761 πάλαι
1380 3704 1771 3776 ἀνεστηκότας,
1815 3705 2021 3758 τούτων

448 3804 559 3874 ἄρα
587 3803 697 3875 “ﬂ
741 3803 840 3864 τὰς
899 3803 1211 3873 ἐπιγραφὰς
1260 3798 1611 3870 μεταξέοντες
1662 3797 1742 3859 είς
1783 3797 1853 3849 τά
1910 3795 2020 3848 τῶν

451 3895 757 3965 μελλόντων
807 3891 1107 3963 τιμηθῆναι
1158 3891 1419 3962 ὀνόματα,
1472 3889 1505 3959 ἢ
1547 3887 1626 3959 τῷ
1675 3888 1852 3957 χρόνῳ
1886 3887 2020 3957 μηδέ

450 3986 789 4055 φαινομένων
820 3984 1245 4053 ἐπιγράφοντες,
1292 3980 1401 4034 τῶν
1435 3997 1495 4032 τε
1535 3978 1830 4049 οἰχομένων
1858 3977 1920 4030 τό
1956 3993 2021 4046 γε

449 4080 523 4130 ἐπ
562 4078 748 4140 αὐτοῖς
780 4077 879 4146 τὴν
912 4078 955 4108 ⁸⁸
993 4075 1157 4147 τιμὴν
1184 4074 1557 4139 ἐλυμαίνοντο,
1599 4072 1691 4125 καὶ
1728 4070 1821 4135 οὒς
1856 4072 2021 4141 τιμᾷν

448 4167 874 4232 ὑπεπλάττοντο,
930 4167 1236 4236 ἀλλοτρίαις
1278 4168 1372 4219 καὶ
1408 4164 1531 4217 κατ’
1565 4162 1717 4230 οὐδὲν
1758 4163 2021 4226 ἐοικυίαις

451 4260 657 4313 εἰκόσιν
704 4260 1007 4327 ἐνύϐριζον.
1044 4258 1173 4332 [555
1220 4257 1310 4331 R.]
1355 4258 1443 4311 'Ev
1467 4258 1602 4327 τῷδε
1634 4254 1712 4326 τῷ
1737 4255 1881 4324 λόγῳ
1920 4274 2022 4327 με·

450 4353 590 4424 γάλη
639 4352 735 4405 τοῦ
791 4353 981 4422 ἀνδρὸς
1031 4353 1131 4423 τῆς
1179 4349 1649 4418 ἀνασκευαστικῆς
1684 4348 1727 4379 ³⁰
1780 4348 1960 4417 ίσχύος
1988 4351 2021 4419 ἡ

450 4446 682 4517 ἀρετὴ⁸¹
707 4446 1066 4515 διαφαίνεται.
1118 4446 1175 4499 '0
1213 4447 1273 4499 δὲ
1303 4448 1381 4499 IE'
1411 4446 1567 4513 Πρὸς
1606 4444 2023 4513 Ἀλεξανδρεῖς

456 4537 555 4608 μὲν
584 4538 1009 4609 ἐπιγέγραπται.
1040 4538 1103 4608 δή
1116 4555 1215 4607 μου
1234 4540 1295 4592 δὲ
1325 4539 1489 4607 φύσιν
1504 4539 1872 4593 ἀναπτύσσων
1898 4538 2026 4594 ταύ·

451 4650 553 4702 της
580 4633 943 4704 κατατρέχει·
980 4633 1078 4687 καὶ
1108 4634 1190 4687 ὅτι
1224 4634 1299 4704 μὴ
1346 4634 1453 4705 χρὴ
1500 4635 1591 4687 τὸν
1633 4632 2027 4702 Ἀλεξανδρέων

451 4724 650 4792 δῆμον,
683 4724 788 4777 ἴδια
823 4724 995 4777 πολλά
1048 4724 1117 4777 τὰ
1172 4724 1309 4795 πρὸς
1360 4726 1563 4796 ἀρετὴν
1607 4723 2028 4795 παρακαλοῦντα

453 4812 670 4884 ἔχοντα,
707 4814 806 4884 τῆς
862 4817 920 4866 ἐν
965 4812 1044 4884 τῷ
1078 4813 1243 4883 κοινῷ
1293 4814 1736 4885 ἐπιπολαζούσης
1785 4813 2029 4883 ταραχῆς

455 4904 550 4958 καὶ
577 4903 802 4968 ἀταξίας
834 4906 929 4957 καὶ
963 4904 1126 4958 αὐτὸν
1156 4900 1296 4957 εἶναι
1327 4905 1372 4935 ⁸⁸
1400 4904 1756 4976 ἀνδράποδον,
1787 4902 2027 4974 μάλιστα

453 4997 511 5050 δὲ
530 4996 1052 5066 παραφυλάττεσθαι
1087 4996 1148 5050 τὸ
1176 4997 1481 5067 ἁμάρτημα
1513 4996 1655 5051 κατά
1683 4996 1781 5058 τὰς
1800 4996 2031 5065 δημοτε-

453 5089 567 5151 λεῖς
601 5089 938 5161 πανηγύρεις
985 5090 1080 5141 καὶ
1109 5089 1179 5142 τὰ
1225 5088 1449 5159 θέατρα.
1512 5088 1790 5156 Ταρσικοί
1835 5086 1895 5139 δέ
1936 5085 2031 5140 δύο

454 5178 656 5249 ἐφεξῆς
684 5179 996 5251 ἐπιγραφῆς
1023 5180 1235 5249 ἔτυχον,
1254 5171 1329 5232 ὧν
1356 5181 1385 5233 ό
1415 5178 1516 5247 μὲν
1549 5184 1597 5231 α’
1644 5177 1864 5231 ἔπαινόν
1908 5192 2030 5227 τινα

455 5268 557 5340 τῆς
592 5270 800 5335 πόλεως
832 5271 1138 5342 ἐπιτρέχων
1158 5271 1260 5324 ούκ
1292 5270 1617 5341 εὐδαίμονας
1642 5270 1861 5333 ἐκείνας
1897 5269 2032 5322 ἀπο-

2122 3254 2282 3322 longe
2306 3251 2689 3319 jucundiorem
2718 3265 2858 3313 esse,
2897 3259 2953 3304 et
2984 3249 3279 3312 utiliorem,
3310 3263 3470 3316 quam
3502 3260 3690 3301 eorum

2114 3346 2214 3413 qui
2238 3344 2293 3397 in
2332 3344 2561 3398 urbibus
2598 3342 2784 3397 turbas
2827 3343 2980 3411 juxta
3022 3355 3084 3395 ac
3132 3340 3359 3394 delicias
3401 3337 3692 3408 experiun-

2122 3445 2232 3489 t-ur.
2264 3434 2408 3489 XIV.
2445 3434 2713 3488 Rhodiaca
2746 3434 3073 3487 nominatur.
3104 3434 3409 3487 Absurdum
3440 3431 3542 3484 hac
3565 3445 3690 3484 orso

2122 3530 2271 3582 tione
2300 3544 2530 3591 morem,
2567 3529 2656 3596 qui
2710 3537 2822 3581 tum
2858 3526 3033 3580 Rhodi
3078 3526 3460 3588 invalescebat,
3507 3537 3695 3589 repre-

2129 3621 2337 3675 hendit.
2374 3620 2528 3687 Quos
2553 3621 2697 3674 enim
2733 3620 2930 3674 statuis
2967 3617 3309 3670 honorandos
3344 3623 3690 3676 censuerant,

2124 3711 2209 3766 bis
2247 3710 2424 3767 nullas
2464 3711 2792 3773 statuebant,
2826 3712 2920 3763 sed
2956 3723 3167 3769 earum,
3198 3720 3321 3776 mia:
3350 3706 3541 3776 priscis
3571 3705 3689 3759 fne-

2122 3816 2247 3859 rant
2290 3804 2593 3867 collocata,
2628 3802 2712 3856 vel
2769 3802 3152 3869 inscriptiones
3209 3798 3263 3852 in
3310 3812 3501 3852 eorum
3530 3837 3547 3861 ,
3599 3797 3687 3865 qui

2124 3897 2341 3952 venturi
2388 3906 2576 3950 essent
2630 3894 2851 3949 nomina
2888 3900 3163 3947 mutantes
3199 3906 3213 3942 :
3252 3888 3339 3943 vel
3384 3887 3430 3943 si
3485 3895 3694 3959 tempo-

2124 3991 2200 4043 ris
2243 3989 2437 4057 ininria
2494 4002 2597 4041 non
2625 3996 2951 4055 apparerent
2981 3984 3143 4044 tituli,
3185 3997 3352 4037 novos
3388 3981 3695 4051 insculpsit.

2122 4091 2239 4144 tes,
2281 4078 2453 4133 simul
2505 4078 2613 4130 vita
2669 4077 2974 4129 functorum
3031 4073 3256 4140 gderiam
3298 4072 3581 4141 (intentum
3635 4070 3693 4126 in

2124 4174 2257 4243 ipsis
2314 4170 2458 4240 erat)
2493 4169 2792 4232 foedabant,
2834 4166 2997 4222 simui
3046 4181 3184 4235 quos
3206 4165 3479 4219 honorare
3516 4163 3697 4217 decre-

2122 4272 2336 4326 verant,
2395 4262 2622 4325 alienls,
2691 4268 2748 4314 et
2798 4272 2918 4324 qua
2978 4257 3112 4311 nihil
3168 4255 3539 4309 similitudinis
3600 4255 3695 4308 lia-

2124 4357 2360 4417 berent,
2426 4350 2753 4420 imaginibus
2812 4349 3078 4402 dedecore
3146 4347 3324 4413 potius
3369 4342 3693 4397 aﬁcicbant.

2049 4442 2241 4543 I)Qua
2293 4442 2509 4510 quidem
2552 4441 2600 4493 in
2658 4439 2903 4491 oratione
2946 4438 3138 4505 ingens
3194 4433 3377 4487 Dionis
3426 4432 3692 4485 refutandi

2166 4536 2195 4543 ..
2329 4535 2340 4543 .
2595 4532 2616 4543 η
2722 4531 2751 4543 ,ν
2848 4530 2860 4541 .
2939 4530 2948 4539 .
3172 4526 3209 4543 μ,
3266 4525 3414 4543 ί,
3470 4521 3561 4543 νυ
3632 4523 3692 4543 ,Α

2127 4536 2265 4590 alios
2294 4535 2374 4587 vis
2401 4542 2562 4601 atque
2590 4531 2821 4585 facultas
2848 4529 3136 4597 insigniter
3163 4525 3440 4578 elucescit.
3470 4521 3585 4576 XV.
3615 4523 3695 4577 Ad

2124 4625 2512 4678 Alexandrinos
2537 4623 2739 4683 tradita,
2789 4606 3124 4673 inscribitur.
3152 4617 3306 4684 Vulgi
3350 4616 3402 4669 in
3447 4630 3508 4669 ea
3548 4615 3697 4683 inge-

2127 4717 2275 4769 nium
2330 4729 2615 4782 moresque
2670 4712 2911 4781 exponit,
2959 4726 3023 4762 ac
3086 4708 3416 4778 perstringit.
3486 4705 3700 4774 Nequa-

2127 4822 2285 4875 quam
2342 4806 2563 4871 insuper
2620 4804 2831 4867 decere,
2894 4811 2951 4854 ut
3003 4801 3164 4854 etiam
3197 4800 3423 4866 populus
3465 4799 3700 4853 Alexan-

2126 4900 2338 4963 drinus,
2394 4895 2598 4966 1661)
2660 4894 2749 4962 qui
2805 4893 3022 4962 propria
3079 4900 3157 4944 tot
3210 4891 3437 4945 haberet
3484 4889 3700 4942 virtutis

2130 4989 2506 5051 incitamenta,
2537 4996 2850 5039 emtorem
2892 4983 2944 5034 in
2974 4982 3244 5050 republica
3278 4978 3601 5032 tumultuum
3640 4991 3704 5028 ac

2132 5081 2461 5137 seditionum
2497 5078 2644 5132 velut
2687 5074 3016 5144 mancipium
3067 5072 3183 5126 Iiat.
3232 5069 3544 5125 Prcsertim
3575 5080 3703 5120 vero

2135 5173 2284 5228 illum
2324 5185 2568 5227 errorem
2604 5167 2905 5222 cavendum
2937 5180 3059 5218 esse
3093 5171 3304 5226 intonet,
3336 5160 3425 5228 qui
3453 5160 3504 5212 in
3532 5157 3705 5226 pnbii-

2136 5266 2219 5321 cis
2251 5263 2607 5319 conventibus
2647 5275 2713 5315 ac
2742 5257 2969 5313 theatris
3014 5254 3476 5311 committebatur.
3516 5247 3703 5302 Tarsi-

1728 5406 1959 5461 VARIJE
1998 5401 2405 5461 LECTIONES.

1246 5567 1292 5596 '°
1320 5565 1599 5631 Διογένους
1618 5568 1682 5617 A.

533 5570 576 5600 ¹⁹
605 5568 761 5629 ἕκτος
793 5567 889 5620 καὶ
914 5566 1040 5646 περί
1070 5567 1133 5619 Α.
1246 5567 1292 5596 ⁸ο
1320 5566 1599 5631 Διογένους
1618 5568 1682 5617 A.
1781 5566 1822 5594 ²¹
1852 5566 1939 5614 οἰκ

539 5637 805 5690 ποιεῖσθαι
834 5638 998 5690 αὐτου
1028 5638 1107 5689 ὁλ.
1145 5654 1205 5699 ς.
1284 5635 1329 5666 ³⁸
1355 5635 1631 5702 ἀξιοῦντες
1656 5651 1715 5697 ς.
1792 5634 1837 5664 ’⁵
1868 5633 1942 5695 ὡς

1552 5666 1630 5696 νει,
1656 5666 1683 5697 ξ,
1704 5675 1715 5687 .
1868 5666 1941 5695 ω,

460 5641 506 5674 ’³
539 5637 805 5690 ποιεῖσθαι
834 5637 998 5690 αὑτοῦ
1028 5638 1107 5689 ὁλ.
1145 5654 1205 5699 ς.

1781 5565 1822 5594 ²¹
1852 5565 1961 5617 οἰκ.
2010 5561 2104 5613 καὶ
2158 5560 2507 5627 παραινεῖς.

1884 5633 1942 5691 ὗς
1994 5634 2037 5684 A
2066 5650 2080 5684 :
2107 5632 2187 5682 ὅτι
2237 5646 2297 5691 ς.

2612 5555 2657 5585 ²¹
2692 5554 2789 5622 μὲν
2832 5553 3062 5622 ἕκαστον
3100 5550 3143 5601 Λ
3181 5568 3201 5622 :_
3226 5549 3455 5622 ἕκαστον
3493 5546 3608 5622 μέν
3646 5563 3707 5622 ς2

2374 5627 2422 5659 ³⁸
2452 5611 2739 5687 Εὐϐοεικός
2794 5640 2854 5686 ς.
2892 5612 2911 5625 ’
2932 5622 2974 5653 ²⁷
3023 5617 3350 5687 ἐπιπολάζον
3381 5634 3441 5681 ς.
3496 5611 3561 5648 ’⁸⁸
3582 5611 3711 5687 ἀρα]

454 5711 515 5763 δὲ.
836 5684 1173 5776 limini;
1192 5684 1315 5759 add.
1558 5684 1965 5771 ἀναθσκευτικῆς
2010 5684 2385 5769 ἀττικῆςῖσχ.
2409 5697 2475 5752 Α.
2550 5698 2593 5729 ³⁸
2620 5698 2653 5766 ἡ
2682 5684 2849 5764 ἀρετὴ
2878 5692 2995 5747 add.
3026 5692 3091 5744 Α.
3169 5689 3212 5719 ³³
3233 5684 3373 5741 εἶναι
3405 5703 3517 5743 οιιι.
3553 5692 3613 5740 Α.

704 5799 976 5861 Panos.
1008 5800 1125 5860 Gn.
1158 5798 1321 5859 CIII.

3214 5780 3291 5840 22
