4030 6248
368 269 474 332 683

1499 259 1765 322 ΡΗΟΤΙΙ
1806 256 2320 320 PATRIARCIL’E
2358 258 2468 318 CP.

3518 253 3624 318 684

3055 311 3067 342 Ι

374 399 574 445 carum,
607 394 728 450 quae
772 379 888 434 dua:
936 387 1260 449 sequuntur,
1308 374 1724 447 appellationem
1775 386 1948 430 nactae

2064 375 2234 442 prii-ast
2280 373 2389 428 τῶν
2436 373 2670 436 πόλεων,
2709 375 2836 427 ὅσαι
2867 375 3072 447 κρήνας
3106 373 3200 427 καὶ
3226 372 3504 442 ποταμοὺς
3530 375 3624 426 καὶ

376 485 524 530 sunt.
559 473 757 529 Harum
795 474 942 541 prior
970 481 1092 541 post
1126 471 1318 525 urbem
1353 469 1498 524 illam
1530 469 1731 524 cursim
1757 468 1947 522 lauda-

378 582 511 629 tam,
569 580 839 633 nunquam
913 562 1195 617 civitatum
1250 560 1564 616 felicitatem
1620 563 1946 616 metiendam

377 659 534 710 docet
564 669 592 707 a
625 653 901 717 fontibus,
950 650 1282 716 ﬂuminibus,
1353 652 1596 705 venustis
1649 651 1950 721 porticibus

377 756 470 799 aut
498 743 758 804 aediliciis,
794 741 1172 808 fructuumque
1195 740 1549 803 abundantia,
1606 753 1834 808 quaeque
1865 739 1950 792 bis

376 835 572 890 similia
604 834 910 896 laudantur,
973 832 1064 885 sed
1113 846 1207 884 eas
1261 834 1424 886 urbes
1464 831 1858 894 commendari,
1894 831 1947 883 in

375 927 572 997 quibus
601 925 885 994 disciplina
917 939 978 978 ac
1011 924 1183 976 virtus
1210 924 1406 976 civium
1453 923 1801 977 claresceret.
1827 921 1951 975 Haec

374 1033 590 1088 quoque
635 1017 811 1070 oratio
861 1018 1152 1070 absurdum
1196 1018 1481 1084 quemdam
1525 1031 1586 1068 ac
1628 1015 1948 1082 probrosum

376 1110 609 1178 castigat
638 1124 842 1162 morem
871 1109 920 1160 in
952 1109 1101 1162 vocis
1127 1108 1424 1161 emissione
1442 1109 1673 1174 quadam
1702 1103 1950 1177 [lasciva]

375 1219 440 1258 ex
479 1203 968 1258 Alexandrinorum
997 1202 1389 1270 consuetudine
1415 1202 1602 1269 petita,
1653 1214 1878 1252 monens
1903 1199 1950 1251 ei

379 1305 630 1352 assuetos
659 1305 717 1349 ut
755 1295 1089 1360 absuneant,
1149 1294 1232 1348 vel
1265 1294 1445 1362 potius
1478 1291 1729 1346 acerbius
1763 1291 1877 1360 ipse
1900 1291 1950 1342 in

378 1405 472 1444 eos
498 1390 806 1443 incurrens.
838 1388 1024 1441 Altera
1077 1403 1205 1442 vero
1257 1387 1526 1449 hortatur,
1560 1401 1627 1439 ne
1669 1385 1954 1438 calumniis

382 1481 734 1549 magistratus
783 1488 1212 1548 persequantur;
1247 1493 1378 1531 neve
1424 1477 1605 1544 parvis
1635 1474 1948 1528 offensioni-

384 1576 480 1627 bus
503 1573 686 1626 statim
715 1570 1023 1632 irritentur,
1056 1580 1216 1639 atque
1258 1570 1380 1622 illos
1429 1577 1629 1620 temere
1676 1575 1951 1618 accusent.

382 1662 568 1718 XVIII.
595 1663 690 1717 Cui
725 1662 904 1716 nullus
928 1663 1180 1730 praelixus
1211 1661 1418 1722 titulus,
1451 1659 1680 1713 Celaenis
1713 1656 1955 1726 Phrygim

2051 465 2224 536 κάλλη
2264 465 2436 518 στοῶν
2466 467 2563 518 καὶ
2591 464 3042 534 οἰκοδομημάτων
3081 464 3174 517 καὶ
3198 460 3428 533 καρπῶν
3452 460 3627 531 ἀφθοο

2048 564 2168 612 νίαν
2200 559 2293 611 καὶ
2325 559 2394 609 τὰ
2417 557 2777 626 παραπλήσια
2803 555 3220 626 προϐάλλονται,
3246 554 3364 607 ἀλλ’
3388 555 3446 607 ὲν
3475 555 3628 618 ὅσαις

2050 651 2199 717 τάξις
2257 649 2352 703 καὶ
2402 649 2570 720 ἀρετὴ
2612 648 2720 702 τῶν
2766 649 3200 718 πολιτευομένων
3235 645 3624 699 διαδείκνυται.

2051 739 2220 805 Οὗτος
2239 746 2268 796 6
2300 743 2458 811 λόγος
2480 743 2575 795 καὶ
2603 741 2911 810 παράλογόν
2939 757 2997 792 τε
3033 741 3126 792 καὶ
3158 739 3483 809 ὲφύϐριστον
3509 736 3630 801 ἐθος

2051 838 2190 891 κατὰ
2233 837 2419 906 φωνῆς
2457 836 2734 904 ἀπήχησιν
2766 833 2814 865 ⁸³
2865 835 2978 895 τοῖς
3016 830 3409 902 Ἀλεξανδρεῖσι
3453 845 3630 898 πρατ-

2052 930 2279 999 τόμενον
2342 926 2593 988 εὐθύναις
2657 925 2878 992 ὑπάγει,
2952 923 3235 994 παραινῶν
3290 918 3627 991 ἀποσχέσθαι

2052 1022 2176 1084 τοὺς
2202 1020 2533 1091 χρωμένους,
2567 1018 2600 1084 ἢ
2637 1016 2836 1087 μᾶλλον
2873 1016 3052 1069 αὐτῶν
3083 1016 3129 1047 ⁸³
3177 1012 3625 1086 πληκτικώτερον

2054 1111 2491 1180 καθαπτόμενος.
2538 1109 2598 1162 Ὀ
2644 1109 2700 1162 δὲ
2745 1109 2997 1179 δεύτερος
3044 1111 3301 1175 παραινεί
3348 1109 3422 1177 μὴ
3464 1122 3626 1159 συκο-

2053 1204 2330 1272 φαντικῶς
2379 1203 2515 1272 πρὸς
2553 1202 2679 1263 τοὺς
2723 1201 2987 1272 ἄρχοντας
3018 1200 3341 1262 διακεῖσθαι,
3380 1199 3502 1268 μηδ’
3536 1199 3630 1251 ἐπὶ

2053 1298 2164 1358 τοῖς
2225 1294 2449 1365 βραχέσι
2482 1295 2588 1346 τῶν
2617 1292 3080 1365 παραλυπούντων
3113 1291 3276 1354 εὐθὺς
3320 1289 3631 1360 ἀνερεθίζε-

2055 1389 2177 1442 σθαι
2220 1388 2316 1441 καὶ
2350 1387 2698 1440 ὲπαιτιᾶσθαι
2755 1385 2996 1448 τούτους.
3068 1384 3126 1437 '0
3184 1385 3242 1437 δὲ
3285 1384 3393 1448 IH',
3429 1383 3488 1445 ὃς
3528 1385 3632 1436 οὐκ

2055 1479 2476 1548 ἐπιγέγραπται,
2529 1479 2586 1530 ὲν
2629 1477 2917 1539 Κελαιναῖς
2943 1477 2988 1510 ³⁵
3021 1476 3228 1546 ἐρρήθη
3250 1475 3348 1545 τῆς
3367 1473 3629 1544 Φρυγίας,

2053 1571 2410 1640 διαλαμϐάνει
2443 1570 2497 1623 δὲ
2520 1571 2594 1632 ὡς
2621 1570 2719 1622 οὐκ
2749 1569 2950 1639 ἀρετῆς
2979 1568 3063 1637 εἴη
3090 1570 3318 1636 σημεῖον
3343 1567 3402 1619 τὸ
3429 1566 3629 1636 κομᾷν,

2055 1663 2245 1734 ὥσπερ
2264 1663 2371 1715 οὐδ’
2388 1662 2517 1717 ἄλλο
2541 1681 2594 1714 τι
2615 1641 2841 1731 τῶνὶσχη
2851 1661 3038 1729 μάτων
3066 1659 3176 1712 τῶν
3202 1657 3330 1730 περὶ
3358 1658 3420 1710 τὸ
3449 1658 3630 1726 σῶμα,

383 1755 518 1809 urbe
553 1754 730 1808 habita
765 1761 866 1806 est.
904 1752 1132 1805 Disserit
1185 1761 1368 1804 autem
1419 1766 1522 1803 non
1573 1763 1692 1802 esse
1739 1745 1954 1799 virtutis

2064 1755 2244 1826 ὥσπερ
2268 1755 2391 1808 οὐδὲ
2413 1754 2619 1807 τούτων
2643 1753 2708 1806 τὰ
2735 1753 2952 1805 ἐναντία
2973 1768 2986 1780 ·
3011 1751 3361 1804 διαπλέκεται
3391 1747 3519 1821 [9.75
3537 1747 3631 1821 HV]

385 1846 642 1899 indicium
674 1859 884 1899 comam
926 1844 1070 1896 illam
1130 1843 1558 1912 promissioretn,
1597 1850 1654 1892 ut
1707 1855 1806 1891 nec
1846 1837 1948 1888 alia

2064 1846 2099 1900 5‘
2131 1846 2280 1916 αὐτῷ
2318 1849 2410 1899 καὶ
2445 1847 2534 1915 τῆς
2571 1845 2779 1908 πόλεως
2809 1843 3054 1906 ἔπαινος.
3091 1843 3195 1896 Τὸν
3234 1843 3288 1896 δὲ
3319 1841 3396 1895 ιθι
3438 1841 3633 1912 μηνύει

383 1953 504 2009 qua:
549 1937 615 1991 ad
658 1936 905 2005 corporis
944 1935 1147 1988 cnltum
1215 1934 1507 2002 pertinent,
1551 1946 1615 1984 ac
1657 1945 1724 1983 ne
1763 1935 1950 1983 borum

2064 1939 2392 2008 ήὲπιγραφὴ
2425 1937 2655 2009 ῥηθῆναι
2689 1937 2785 2006 μὲν
2820 1938 2877 1989 ἐν
2914 1935 2992 2006 τῷ
3019 1934 3362 2005 Βορυσθένει,
3393 1934 3637 2002 ἀναγνω-

382 2027 600 2097 quidem
633 2025 932 2081 contraria.
959 2023 1094 2078 Huic
1116 2035 1170 2079 et
1202 2024 1369 2092 ipsius
1407 2023 1555 2076 urbis
1578 2019 1817 2076 laudatio
1857 2021 1954 2073 ad-

384 2115 645 2184 iungitur.
672 2112 810 2168 XIX.
834 2112 953 2182 lpso
985 2129 1107 2166 mox
1129 2112 1282 2165 titulo
1314 2109 1694 2181 indicat(5-5),
1717 2110 1953 2163 habitam

385 2207 602 2276 quidem
640 2206 869 2275 primum
888 2203 1241 2274 Borysthene,
1264 2205 1356 2256 sed
1384 2205 1662 2256 recitatam
1685 2212 1866 2269 postea
1900 2200 1954 2254 in

389 2298 582 2365 patria.
616 2296 671 2349 ltt
701 2312 764 2350 ea
795 2311 917 2349 cum
949 2295 1057 2347 alia
1091 2293 1258 2348 refert
1300 2304 1510 2357 auctor,
1564 2303 1674 2345 tum
1717 2290 1958 2346 Platonis

389 2388 691 2443 imitatione
739 2387 994 2456 praedicat
1038 2387 1106 2441 de
1157 2387 1526 2440 universitatis
1571 2384 1763 2453 opifice
1815 2384 1956 2450 apud

386 2479 803 2549 Borysthenitas
847 2493 907 2533 se
954 2477 1304 2543 disseruisse,
1349 2490 1414 2529 ac
1463 2474 1532 2528 de
1566 2475 1746 2527 mundi
1795 2475 1959 2526 totius

387 2581 587 2626 ornatu
614 2579 898 2637 motuque,
931 2579 986 2621 et
1029 2567 1312 2621 elementis
1345 2565 1610 2635 ejusdem.
1647 2563 1741 2617 Est
1774 2575 1956 2616 autem

390 2657 652 2712 illustrior
681 2657 797 2710 haec
835 2657 1160 2725 graviorque
1195 2670 1302 2724 pra:
1349 2655 1560 2708 caeteris
1599 2655 1955 2707 orationibus.

385 2746 692 2804 Cerinthica
731 2757 912 2802 autem
970 2761 1196 2800 numero
1235 2746 1513 2810 vicesima,
1567 2746 1806 2801 Corinthi
1861 2745 1960 2798 ha-

388 2840 524 2905 bita,
557 2840 706 2895 cives
745 2839 814 2892 ibi
841 2837 1118 2908 obiurgat,
1148 2837 1291 2907 quod
1333 2847 1508 2892 statua
1537 2853 1597 2893 se
1619 2839 1768 2906 prius
1795 2838 1960 2892 hono-

391 2940 623 2994 rassent,
672 2943 834 2998 quam
885 2938 1064 2983 tamen
1122 2939 1246 2997 post
1310 2931 1478 2998 ipsius
1534 2926 1960 2998 profectionem,

390 3019 527 3076 falsa
557 3021 788 3090 quadam
807 3019 1079 3075 calumnia
1097 3021 1340 3085 adducti,
1361 3021 1558 3075 iterum
1588 3021 1959 3076 sustulissent.

389 3106 646 3164 Proxima
677 3120 762 3163 est
820 3110 936 3162 haec
971 3109 1186 3164 dicendi
1219 3110 1269 3163 vi
1323 3124 1386 3163 ac
1416 3111 1621 3165 virtute
1674 3108 1962 3166 Rhodiaca:
1988 3091 2034 3149 C-

391 3201 648 3256 oratiooi.
676 3199 994 3270 Quanquam
1025 3203 1144 3271 ejus
1184 3202 1327 3271 quod
1371 3201 1582 3256 exordii
1625 3200 1744 3257 loco
1774 3205 1967 3257 statuit

393 3293 701 3365 longitudo,
734 3292 844 3356 hic,
872 3292 1096 3360 perinde
1125 3305 1288 3361 atque
1317 3292 1441 3346 alibi
1475 3292 1588 3346 fere
1614 3291 1832 3362 ubique,
1865 3295 1967 3347 vir-

394 3399 509 3440 tute
559 3395 737 3440 vacat.
794 3383 938 3438 XXI.
979 3383 1299 3439 lnscribitur
1347 3384 1421 3438 De
1477 3383 1965 3440 Nicomediensium

391 3478 673 3533 concordia
706 3493 826 3530 cum
854 3475 1237 3531 Nicwensibus.
1276 3475 1450 3543 Quam
1493 3480 1710 3548 quidem
1755 3479 1968 3549 potissi-

394 3585 540 3624 mum
569 3568 850 3623 contendit
911 3567 1122 3623 edicere
1161 3569 1276 3623 haec
1304 3569 1480 3625 oratio
1500 3608 1516 3632 ,
1564 3584 1683 3638 quae
1715 3585 1818 3625 non
1849 3571 1969 3625 sine

391 3661 748 3730 iucunditatis
791 3675 858 3715 ex
895 3675 959 3714 ea
993 3674 1051 3713 re
1094 3662 1640 3729 commemoratione,
1667 3672 1968 3731 opportune

396 3753 686 3818 profertur.
720 3749 814 3806 Sic
849 3752 994 3806 enim
1041 3752 1233 3807 melius
1273 3755 1633 3822 persuadendi
1683 3755 1766 3810 vis
1793 3756 1968 3810 homi-

398 3860 527 3896 num
586 3857 708 3898 sese
762 3843 962 3898 animis
1010 3844 1289 3899 insinuare
1339 3845 1499 3900 solet.
1548 3844 1716 3901 XXII.
1773 3847 1968 3903 Nicaeae

400 3933 592 4006 167a
621 3935 1024 4003 pronuntiatam
1082 3937 1268 3992 titulus
1296 3938 1567 4009 signiﬁcat
1593 3957 1608 3994 :
1640 3940 1716 3993 De
1745 3957 1965 3994 concor-

398 4026 512 4090 dia,
535 4027 786 4082 seditione
804 4026 924 4096 jam
945 4028 1224 4086 exstincta.
1257 4025 1373 4083 Hoc
1407 4040 1586 4083 autem
1625 4037 1708 4084 est
1744 4030 1834 4084 hic
1865 4031 1965 4084 viri

400 4118 730 4183 institutum,
765 4131 876 4173 rem
903 4118 975 4172 ibi
1012 4129 1120 4174 tum
1148 4128 1354 4190 gestam
1383 4119 1630 4175 laudibus
1667 4120 1964 4176 celebrare.

400 4205 586 4260 XXIII.
619 4204 676 4261 ln
726 4205 902 4277 patria
953 4208 1178 4262 recitata
1229 4215 1349 4272 est,
1395 4205 1476 4260 De
1527 4208 1811 4260 concordia
1847 4223 1966 4260 cum

398 4295 826 4365 Apamensibus:
869 4297 1012 4364 quod
1067 4295 1240 4364 ipsum
1292 4297 1364 4350 ibi
1419 4307 1749 4365 pertractat;
1808 4306 1865 4350 ut
1912 4307 1968 4352 et

2059 2030 2251 2100 σθῆναι
2275 2032 2408 2086 δὲέν
2431 2033 2496 2101 τῇ
2529 2030 2752 2101 πατρίδι
2773 2047 2786 2060 ο
2816 2031 2872 2081 ἐν
2895 2023 2937 2096 ᾧ
2968 2028 3107 2082 ἆθλα
3131 2045 3190 2080 τε
3215 2026 3407 2080 δίεισιν
3439 2028 3468 2080 ό
3500 2042 3636 2094 συγ-

2058 2123 2321 2194 γραφεὺς,
2359 2123 2453 2176 καὶ
2486 2122 2626 2176 κατὰ
2652 2122 2744 2175 τὸν
2781 2120 3128 2176 Πλατωνικὸν
3157 2119 3512 2190 συνομολογεῖ
3533 2116 3636 2186 ζῆ-

2057 2215 2146 2269 λον
2187 2215 2314 2286 περί
2344 2232 2402 2267 τε
2437 2214 2482 2247 ³⁸
2509 2214 2603 2268 τοῦ
2635 2213 2969 2285 δημιουργοῦ
3009 2212 3119 2265 τῶν
3147 2211 3284 2264 ὅλων
3315 2213 3428 2274 τοῖς
3463 2209 3638 2282 Βορυο

2061 2307 2330 2370 σθενίταις
2351 2306 2644 2377 διειλέχθαι
2666 2306 2764 2376 τῆς
2792 2322 2853 2358 τε
2888 2305 2980 2358 τοῦ
3005 2305 3206 2367 παντὸς
3224 2304 3638 2373 διακοσμήσεως

2059 2401 2154 2454 καὶ
2194 2400 2464 2472 κινήσεως
2498 2399 2592 2452 καὶ
2632 2399 2740 2451 τῶν
2789 2399 2847 2452 ὲν
2895 2397 3044 2467 αὐτῷ
3077 2397 3376 2467 στοιχείων.
3413 2397 3639 2465 Ἐχεται

2059 2489 2116 2544 δέ
2153 2507 2297 2552 τινος
2341 2487 2726 2559 λαμπρότητος
2778 2488 2874 2541 καὶ
2932 2487 3261 2556 σεμνότητος
3311 2479 3464 2548 οὗτος
3499 2485 3641 2554 ὑπὲρ

2059 2583 2184 2644 τοὺς
2214 2579 2404 2642 ἄλλους
2446 2581 2473 2632 6
2505 2579 2677 2648 λόγος.
2717 2579 2824 2631 Καὶ
2862 2580 2890 2631 6
2942 2577 3326 2646 Κορινθιακὸς
3355 2575 3413 2628 δὲ
3440 2577 3500 2628 Κ⁹
3540 2576 3637 2637 ὢν,

2062 2674 2120 2724 ὲν
2147 2671 2395 2743 Κορίνθῳ
2431 2672 2528 2740 μὲν
2549 2670 2781 2742 ἐρρήθη,
2827 2669 3144 2738 ἐπιτίμησιν
3170 2670 3214 2720 δ’
3245 2666 3423 2720 αὐτῶν
3449 2667 3642 2719 διαπεο

2067 2763 2240 2834 ραίνει
2290 2764 2406 2816 ἀνθ’
2438 2755 2513 2816 ὧν
2547 2763 2720 2814 εἰκόνι
2765 2763 2833 2816 τὰ
2888 2761 3080 2830 πρῶτα
3126 2759 3455 2829 τιμήσαντες
3481 2756 3643 2811 αὑτὸν

2065 2853 2288 2926 ὕστερον
2343 2853 2792 2923 ἀποδημήσαντος
2850 2853 2916 2904 ὲκ
2975 2851 3227 2919 διαϐολῆς
3306 2850 3368 2902 οὐ
3427 2848 3645 2912 δικαίας

2065 2947 2402 3016 περιείλοντο
2433 2947 2493 2999 τὸ
2523 2947 2711 3016 γέρας,
2757 2944 2957 3012 Ἐγγὺς
3001 2942 3046 2996 δ’
3079 2945 3196 2996 ἐστὶ
3223 2947 3319 2995 τοῦ
3368 2941 3644 2995 Ῥοδιακοῦ

2067 3037 2211 3091 κατὰ
2237 3039 2337 3108 τὴν
2391 3037 2448 3090 ἐν
2487 3037 2665 3102 λόγοις
2699 3035 2888 3106 ῥώμην
2916 3037 3010 3088 καὶ
3066 3035 3268 3106 ἀρετὴν
3305 3027 3458 3096 οὗτος
3486 3033 3528 3064 ³⁷
3561 3049 3577 3064 ·
3610 3036 3645 3104 ἡ

2067 3129 2123 3182 δὲ
2147 3128 2243 3182 τοῦ
2271 3125 2382 3182 οἷον
2418 3128 2703 3200 προοιμίου
2737 3129 3048 3197 παράτασις
3080 3127 3379 3190 κάνταῦθα,
3435 3126 3511 3190 ὡς
3549 3125 3647 3180 καὶ

2072 3221 2224 3293 παρὰ
2259 3221 2454 3293 μικρὸν
2484 3219 2785 3292 πανταχοῦ,
2815 3221 2913 3290 τῆς
2943 3220 3144 3296 ἀρετῆς
3179 3221 3239 3273 οὐ
3267 3219 3503 3290 μετέχει.
3535 3218 3644 3271 Τοῦ

2068 3314 2124 3367 δὲ
2151 3312 2264 3365 KA’
2294 3315 2328 3384 ἡ
2381 3315 2664 3385 ἐπιγραφὴ
2703 3315 2843 3380 Περὶ
2881 3311 2992 3380 τῆς
3041 3311 3192 3381 πρὸς
3231 3311 3470 3377 Νικαεῖς
3504 3313 3648 3385 ομο-

2066 3404 2235 3470 νοίας
2264 3401 2383 3457 τῶν
2407 3384 2788 3472 Νικομηδέων
2821 3404 2965 3456 ἐστί’
3019 3405 3113 3457 καὶ
3144 3402 3332 3456 τοῦτον
3354 3384 3648 3473 ὑπέρχεται

2071 3495 2161 3547 τὸν
2196 3493 2385 3562 ἀγῶνα
2413 3494 2458 3527 ³⁸
2491 3495 2518 3546 6
2543 3494 2700 3562 λόγος
2736 3494 3007 3564 εὐκαίρως
3039 3494 3126 3547 διὰ
3157 3495 3253 3564 τῆς
3286 3493 3479 3563 ἡδονῆς
3501 3510 3642 3564 προ-

2069 3587 2444 3657 ενηνεγμένος·
2480 3587 2679 3656 μᾶλλον
2713 3587 2821 3658 γὰρ
2845 3585 2992 3639 οὓτω
3029 3589 3150 3652 ταῖς
3175 3587 3374 3656 ψυχαῖς
3392 3586 3453 3640 τὸ
3483 3587 3648 3639 πιθα-

2068 3679 2156 3732 νδν
2195 3680 2368 3732 ἐθέλει
2423 3678 2676 3733 διαδύειν.
2714 3679 2818 3732 Τὸν
2873 3679 2929 3732 δὲ
2978 3680 3032 3731 B'
3091 3681 3186 3732 καὶ
3231 3681 3294 3732 Κ’
3340 3680 3398 3732 ὲν
3443 3679 3650 3750 Νικαίᾳ

2069 3771 2320 3841 εἰρῆσθαι
2345 3774 2379 3841 ἡ
2407 3772 2686 3842 ἐπιγραφὴ
2713 3771 2862 3842 δηλοῖ
2886 3772 3022 3838 Περὶ
3048 3773 3330 3841 ὁμονοίας
3356 3811 3370 3837 ,
3411 3787 3647 3826 πεπαυ-

2063 3859 2250 3929 μένης
2288 3859 2396 3927 τῆς
2433 3861 2704 3928 στάσεως
2730 3879 2744 3893 ·
2782 3862 2913 3928 αὐτὸ
2954 3863 3011 3915 δὲ
3062 3861 3222 3915 τοῦτο
3276 3862 3580 3932 διατίθησιν
3613 3863 3644 3914 ό

2068 3954 2232 4022 ἀνὴρ,
2261 3952 2479 4006 ἔπαινον
2510 3953 2604 4006 τοῦ
2642 3955 2946 4022 γεγονότος.
2983 3953 3042 4007 '0
3101 3954 3158 4007 δὲ
3211 3953 3318 4006 Kl"
3347 3953 3486 4022 Περὶ
3531 3952 3647 4024 τῆς

2068 4042 2218 4110 πρὸς
2255 4041 2534 4112 Ἀπαμεῖς
2585 4043 2866 4111 ὁμονοίας
2903 4042 3117 4112 εἴρηται
3176 4045 3232 4096 ἐν
3287 4047 3352 4114 τῇ
3402 4044 3644 4116 πατρίδι,

2065 4131 2200 4184 αὐτὸ
2245 4131 2303 4183 δὲ
2349 4129 2736 4200 διαπράττεται
2782 4133 2959 4184 τοῦτο,
3013 4133 3121 4184 Καὶ
3153 4132 3182 4184 6
3214 4133 3411 4204 ἐφεξῆς
3434 4133 3489 4186 δὲ
3512 4136 3644 4206 περὶ

2067 4220 2318 4289 ὁμονοίας
2347 4221 2446 4290 τῆς
2481 4220 2528 4253 ⁸⁹
2551 4222 2687 4291 πρὸς
2710 4221 2833 4284 τοὺς
2859 4222 3157 4292 Προυσαεῖς
3187 4223 3496 4294 παρακαλεῖ
3520 4225 3647 4288 τοὺς

2081 4313 2386 4383 Ἀπαμέας.
2427 4313 2486 4366 '0
2508 4313 2563 4366 δὲ
2589 4314 2696 4366 KE'
2717 4313 2988 4379 Διάλεξίς
3011 4316 3158 4366 ἐστιν
3175 4315 3245 4367 ἐν
3269 4315 3346 4384 τῇ
3373 4317 3609 4383 πατρίδι
3631 4333 3642 4344 ’

398 4390 643 4459 proxime
675 4388 924 4456 sequenti
964 4386 1298 4455 Apamenses
1336 4389 1585 4441 hortatur
1625 4388 1692 4442 ad
1738 4403 1961 4444 concor-

2067 4403 2292 4473 ἄγνοιαν
2311 4405 2369 4458 δὲ
2397 4405 2790 4458 ὑποπλάττεται
2813 4406 2910 4475 τῆς
2949 4406 3130 4469 αἰτίας
3163 4409 3190 4460 6
3227 4407 3604 4482 διαλεγόμενος
3626 4451 3642 4473 ,

397 4480 541 4534 diam
569 4494 691 4534 cum
732 4475 1093 4534 Prusensibus
1118 4477 1428 4533 ineundam.
1464 4477 1632 4534 XXV.
1666 4479 1961 4550 Disputaiio

2072 4495 2140 4548 δι’
2171 4496 2238 4566 ἢν
2270 4496 2433 4568 μηδὲν
2469 4498 2740 4568 χρήσιμον
2776 4497 2942 4550 αὑτοῦ
2984 4498 3095 4551 τῶν
3133 4498 3308 4566 λόγων
3337 4475 3644 4570 προέεόλη-

395 4581 470 4626 eu
499 4572 556 4624 in
587 4571 840 4634 patriam.
874 4568 1130 4640 lgnorare
1163 4583 1289 4624 vero
1325 4585 1384 4625 se
1429 4570 1582 4641 fingit
1605 4586 1826 4627 causam
1855 4573 1969 4642 ipse

396 4663 490 4732 qui
525 4665 784 4731 disputat,
817 4677 916 4715 cur
965 4661 1195 4714 libenter
1226 4677 1348 4714 eum
1383 4670 1438 4715 et
1481 4663 1674 4731 cupide
1726 4665 1967 4726 audiant,

397 4769 521 4808 cum
555 4754 688 4808 nihil
737 4752 864 4807 utile
890 4753 1058 4821 ipsius
1091 4752 1368 4808 orationes
1392 4765 1713 4822 pr0ponant.
1743 4753 1971 4810 Poliiica

395 4846 593 4903 dehinc
622 4846 880 4915 inscripta
911 4856 994 4901 est
1017 4845 1271 4900 vicesima
1312 4855 1467 4901 sexta
1500 4848 1702 4915 oratio,
1734 4852 1962 4904 recitata

399 4939 453 4992 in
485 4940 694 5008 patria:
719 4939 1170 5008 quemadmodum
1201 4947 1256 4992 et
1276 4953 1396 5007 quae
1420 4942 1666 5009 proxime
1690 4945 1934 5012 sequitur
1954 4986 1969 5009 ,

397 5028 778 5084 Benevolentiw
827 5030 1124 5098 testiﬁcatio
1167 5029 1223 5083 in
1263 5032 1512 5098 patriam,
1539 5035 1682 5102 quod
1723 5049 1784 5089 se
1818 5037 1974 5090 bene-

400 5120 521 5176 volo
570 5136 692 5176 eam
751 5120 934 5175 animo
995 5131 1408 5190 prosequentem
1455 5124 1752 5183 honoriﬁce
1821 5144 1972 5184 exce-

399 5215 588 5283 pisset.
635 5213 886 5268 Succedit
921 5212 1004 5266 his
1035 5211 1310 5281 Apologia.
1344 5231 1438 5269 seu
1483 5217 1746 5284 Defensio,
1778 5223 1843 5276 de
1869 5239 1970 5276 suo

2078 4589 2256 4660 μένων
2285 4590 2456 4659 ἡδέως
2492 4591 2586 4644 καὶ
2627 4589 2916 4653 ποθοῦντες
2955 4590 3235 4644 ἀκούουσι.
3258 4591 3570 4658 Πολιτικὸς
3589 4593 3648 4644 δέ

2076 4669 2192 4733 ἔστι
2215 4680 2294 4751 τῷ
2329 4682 2453 4749 Κῷ
2471 4684 2503 4753 ή
2522 4682 2819 4753 ἐπιγραφὴ,
2838 4682 2942 4735 Καὶ
2959 4683 3185 4751 εἴρηται
3212 4683 3277 4737 ἐν
3304 4682 3380 4752 τῇ
3407 4685 3641 4751 πατρίδι

2077 4771 2268 4843 ὥσπερ
2297 4774 2390 4826 καὶ
2417 4777 2445 4826 ὁ
2477 4775 2696 4843 ἐφεξῆς,
2736 4773 3180 4844 φιλοφρονητικὸς
3223 4775 3480 4845 ὑπάρχων
3509 4777 3644 4845 αὐτῇ

2076 4863 2195 4916 ἀνθ’
2251 4858 2326 4917 ὧν
2399 4868 2585 4935 τιμαῖς
2643 4865 2734 4917 τὸν
2805 4865 3294 4936 φιλοφρονούμενον
3354 4864 3643 4931 ἐδεξιοῦτο.

2091 4955 2532 5027 Ἀπολοτισμὸς
2562 4957 2688 5029 [556
2707 4957 2800 5029 R.J
2823 4957 2878 5010 δέ
2898 4959 3043 5011 ἐστιν
3073 4959 3100 5010 6
3119 4957 3235 5028 μετ’
3264 4959 3480 5026 αὐτοὺς,
3501 4960 3649 5022 ὅπως

2081 5047 2313 5100 διέκειτο
2339 5051 2473 5117 πρὸς
2503 5048 2602 5118 τὴν
2627 5049 2882 5117 πατρίδα.
2929 5049 2990 5101 '0
3023 5047 3080 5101 δὲ
3107 5048 3163 5102 Θ¹
3185 5051 3280 5102 καὶ
3313 5051 3376 5102 K'
3397 5051 3518 5120 Πρὸ
3542 5050 3650 5104 τοῦ

2080 5136 2440 5206 φιλοσοφεῖν
2467 5139 2582 5206 μὲν
2605 5138 2674 5190 ἐν
2693 5136 2767 5205 τῇ
2791 5135 3023 5204 πατρίδι
3050 5139 3435 5209 ἐπιγράφεται,
3460 5143 3582 5203 τοὺς
3605 5143 3651 5194 δ’

2080 5227 2538 5296 ἐπιχειρήσαντας
2577 5227 2898 5282 καταλεύειν
2922 5229 3084 5284 αὐτόν
3121 5248 3179 5284 τε
3214 5232 3308 5284 καὶ
3356 5233 3454 5285 σὺν
3500 5234 3650 5304 αὐτῷ

1689 5330 1921 5388 VARI/l3
1961 5334 2362 5394 LECTIONES.

474 5419 518 5502 ’,³
541 5420 837 5506 ἀπέχεσῢςι
870 5433 954 5506 ἐξα
984 5417 1073 5506 ἐξ
1100 5419 1282 5506 fl?wa
1310 5422 1348 5470 Α
1385 5438 1395 5472 ε
1432 5420 1588 5481 αὑτάς
1619 5440 1676 5484 σῖ.
1755 5427 1796 5456 ³⁸
1826 5428 2081 5494 Κελεναῖς
2137 5449 2199 5495 ς.
2275 5433 2320 5464 ³⁸
2349 5450 2408 5485 τε
2430 5433 2556 5488 add.
2592 5435 2656 5489 A.
2735 5437 2777 5466 ³⁷
2814 5429 2991 5506 οὗτος]
3022 5436 3116 5488 καὶ
3152 5432 3306 5500 οὗτος
3337 5439 3402 5493 Α,
3482 5440 3525 5470 ³³
3544 5440 3654 5494 τῶν

404 5487 622 5555 ἀγώνων
652 5487 735 5557 pr.
774 5489 836 5539 Α.
915 5487 954 5518 ³³
980 5487 1075 5554 τῆς
1096 5489 1218 5539 add.
1246 5490 1309 5539 A.

1910 5578 2138 5634 ΝΟΤᾸΞ.

475 5674 618 5743 (5-5)
647 5674 1013 5730 Boristhenica
1043 5684 1203 5738 quam
1240 5673 1293 5766 i\n
1331 5670 1499 5736 patria
1541 5671 1799 5724 recitavit.
