4030 6248
349 303 460 366 685
1461 302 1536 360 BI
1549 301 1819 360 BLIO’I‘H
1831 301 1933 359 EC;

2038 324 2090 336 -
2116 301 2277 360 COD.
2319 303 2510 362 CCIX.
3501 307 3610 372 686

346 413 554 481 ἕτερον,
574 404 694 462 εἶτα
717 407 774 462 δὲ
793 408 886 462 καὶ
910 410 1042 480 πυρὶ
1077 408 1122 438 ⁸ο
1151 400 1248 476 τὴν
1280 408 1456 462 οὶκίαν
1470 409 1676 474 δοῦναι,
1708 409 1932 472 τούτους

2039 409 2088 460 iu
2113 411 2342 477 patriam
2379 426 2583 464 amore.
2620 410 2808 484 XXIX.
2843 413 2974 466 Ante
3004 413 3346 482 philosophia
3375 417 3610 472 studium

345 505 531 574 ἠρέμα
548 521 661 566 πως
687 502 976 571 ἐπιτιμῶν,
999 502 1059 554 τὸ
1090 501 1396 556 πλανᾶσθαι
1420 503 1514 554 ἐπὶ
1533 505 1634 573 τῆς
1659 502 1816 571 ξένης
1832 502 1928 570 τῆς

2038 503 2089 553 in
2135 503 2308 568 patria
2336 501 2514 556 habita
2577 503 2910 557 inscribitur.
2950 503 3053 558 Eos
3079 515 3257 558 autem
3292 507 3379 574 qui
3419 507 3612 574 lapidi-

343 596 486 648 οἴκοι
521 593 806 663 διατριϐῆς
834 593 922 646 διὰ
972 594 1070 655 τὰς
1107 595 1166 645 ἐν
1218 594 1374 646 πόλει
1418 593 1647 659 ἀταξίας
1705 594 1928 663 ἄμεινον

2041 595 2140 646 bus
2175 594 2344 660 ipsum
2378 609 2498 645 cum
2539 593 2648 646 alio
2690 596 2920 660 quodam
2965 597 3202 649 obruere
3257 598 3497 665 aggressi
3521 612 3614 653 es-

346 685 773 749 κατασκευάζει.
817 685 879 737 Ἡ
913 685 970 737 δὲ
1001 686 1110 738 τῶν
1143 686 1376 740 πολιτῶν
1419 687 1556 756 ὀργὴ
1585 687 1708 739 κατ’
1739 685 1926 747 αὐτοῦ,

343 779 500 840 διότι,
536 778 690 849 φησὶ,
737 779 1150 850 καταρρέουσαν
1208 781 1302 833 ἐπὶ
1346 780 1405 833 τὸ
1442 779 1646 850 βέλτιον
1703 778 1928 832 ἀνέλαϐε

343 872 445 939 τὴν
469 870 667 923 οὶκίαν.
705 871 857 922 Καὶό
890 871 948 922 Λ¹
986 871 1062 936 δέ,
1099 873 1437 940 Δημηγορία
1470 872 1540 924 ἐν
1564 869 1641 939 τῇ
1664 869 1928 936 πατρίδι,

346 961 446 1032 τὴν
515 960 830 1031 ἐπιγραφὴν
899 961 1118 1031 φέρων,
1175 965 1255 1025 εἰς
1302 962 1400 1032 τὴν
1455 963 1627 1034 αὐτὴν
1677 961 1932 1016 ὑπόθεσιν

346 1054 664 1108 ἀποϐλέπει.
688 1056 796 1106 Καὶ
827 1055 854 1107 ό
878 1057 935 1106 Α⁹
959 1057 1053 1108 καὶ
1077 1057 1134 1108 Λ¹
1166 1057 1222 1108 ἐν
1255 1059 1320 1127 τῇ
1343 1057 1557 1129 πατρίδι
1584 1057 1681 1126 μὲν
1716 1056 1930 1126 ἐλέχθη,

346 1144 665 1209 Πολιτικὸς
700 1144 745 1196 δ’
801 1145 1209 1215 ἐπιγέγραπται
1243 1147 1311 1198 ἐν
1357 1146 1687 1212 ἐκκλησίᾳ,
1738 1145 1832 1197 καὶ
1888 1147 1931 1175 δι

349 1235 708 1306 συμϐουλεύει
739 1235 846 1287 τῶν
876 1239 956 1300 εἰς
986 1237 1248 1305 ἀλλήλους
1278 1237 1489 1307 ὕϐρεων
1527 1237 1933 1306 ἀποσχομένους

347 1329 446 1380 καὶ
460 1327 934 1396 προπηλακισμῶν
955 1328 1054 1397 τὴν
1082 1327 1271 1379 στάσιν
1294 1329 1372 1388 είς
1395 1327 1647 1397 ὁμόνοιαν
1673 1326 1930 1379 διαλύειν.

360 1417 637 1481 Ὡσαύτως
668 1420 724 1470 ἐν
749 1422 815 1488 τῇ
847 1419 1064 1489 πατρίδι
1096 1420 1196 1489 μὲν
1224 1419 1415 1490 ἐλέχθη
1454 1419 1548 1471 καὶ
1581 1422 1609 1473 ὁ
1649 1419 1872 1487 ἐφεξῆς,
1902 1419 1930 1470 ὃ

351 1510 411 1563 δέ
471 1512 856 1582 ἐπιγράφεται,
890 1511 1254 1578 Παραίτησις
1288 1512 1480 1580 ἀρχῆς
1507 1513 1577 1565 ἐν
1605 1510 1675 1579 τῇ
1707 1511 1933 1580 βουλῇ,

345 1602 506 1656 τοῦτο
543 1604 635 1656 καὶ
661 1603 996 1656 ἐνδείκνυται
1023 1621 1033 1630 ·
1061 1605 1125 1656 ἐκ
1147 1603 1492 1674 ψηφίσματος
1529 1605 1638 1676 γὰρ
1669 1604 1856 1675 ἄρχειν
1892 1606 1934 1637 ⁸¹

346 1695 376 1747 ὁ
401 1696 750 1763 συγγραφεὺς
785 1696 1058 1765 ᾑρημένος
1079 1697 1439 1765 παραιτεῖται.
1481 1695 1538 1746 Ὀ
1565 1695 1621 1748 δέ
1641 1696 1762 1756 AI",
1797 1696 1933 1764 Περὶ

2037 695 2175 748 sent,
2208 700 2271 737 ac
2333 693 2452 753 post
2480 685 2643 737 etiam
2690 685 2806 753 ejus
2851 685 3068 737 domum
3105 685 3210 749 igni
3259 687 3609 741 crentandam

2041 779 2275 840 tradere,
2330 778 2624 830 clementer
2681 776 3016 842 objurgans,
3067 777 3260 830 melius
3310 777 3380 832 ob
3427 777 3612 833 civiles

2041 871 2224 924 turbas
2271 885 2391 924 esse
2427 871 2712 922 conlirmat
2749 884 2977 938 peregre
3024 871 3229 940 vagari,
3264 885 3424 938 quant
3467 872 3612 926 domi

2039 963 2251 1030 degere.
2285 962 2500 1014 Civium
2531 976 2660 1014 vero
2690 976 2909 1015 suorum
2938 977 3063 1031 erga
3100 976 3159 1014 se
3189 960 3611 1030 indignationem

2038 1054 2165 1107 hinc
2190 1063 2366 1107 ortam
2395 1054 2492 1114 ait,
2525 1053 2668 1122 quod
2705 1069 2872 1108 ruens
2894 1053 3004 1122 jam
3035 1054 3321 1108 aedilicium
3344 1055 3611 1123 quoddam

2042 1149 2422 1200 instaurasset.
2467 1145 2765 1200 Tricesima
2823 1145 3016 1200 deinde
3071 1145 3262 1200 Concio
3316 1147 3371 1200 in
3437 1147 3613 1214 patria

2043 1239 2385 1300 inscribitur,
2419 1239 2670 1307 idemque
2720 1227 2943 1306 respicit
2976 1247 3377 1304 argumentum.
3412 1236 3607 1292 XXXI.

2041 1334 2098 1387 In
2132 1333 2304 1401 patria
2344 1332 2548 1396 habita,
2580 1329 2821 1383 Politicm
2854 1331 2908 1382 in
2938 1329 3186 1382 concione
3229 1327 3442 1382 titulum
3475 1342 3613 1399 pm

2043 1422 2520 1490 fertzsuadetque
2568 1431 2624 1474 ut
2679 1422 2922 1489 posthac,
2977 1419 3196 1486 injuriis
3252 1418 3484 1472 invicem
3546 1433 3614 1472 ac

2043 1512 2320 1581 probrosis
2352 1510 2698 1565 contumeliis
2726 1509 2905 1564 valere
2951 1508 3140 1578 jussis,
3189 1509 3508 1563 seditionem
3552 1509 3610 1562 in

2042 1605 2386 1657 concordiam
2412 1610 2648 1658 vertant.
2696 1601 2961 1656 Similiter
3004 1612 3060 1654 et
3099 1615 3161 1654 ea
3205 1615 3324 1668 qua:
3365 1600 3611 1668 sequitur

2045 1697 2226 1750 habita
2262 1705 2345 1750 est
2374 1696 2425 1749 in
2459 1697 2655 1764 patria,
2688 1695 3112 1762 inscribiturquc
3147 1709 3211 1746 ex
3253 1708 3316 1746 eo
3343 1694 3486 1761 quod
3516 1707 3613 1760 pa-

345 1785 468 1839 τῶν·
513 1787 702 1855 ἔργων
765 1788 838 1840 ἐν
883 1786 1110 1855 βουλῇ,
1158 1786 1257 1857 τὴν
1282 1787 1595 1858 ἐπιγραφὴν
1657 1787 1930 1858 παρέχων,

2045 1791 2148 1844 lam
2177 1792 2378 1845 indicat
2406 1808 2420 1844 :
2452 1789 2725 1844 Recusatio
2751 1791 3091 1858 magistratus
3126 1789 3180 1840 in
3219 1799 3422 1843 senatu.
3452 1785 3614 1857 Magi.

347 1878 574 1929 ἔπαινον
597 1878 697 1944 μέν
725 1894 848 1929 τινα
877 1877 971 1945 τῆς
1015 1876 1208 1946 βουλῆς
1238 1876 1536 1947 ἐπιτρέχει,
1581 1877 1934 1943 ἀπολογεῖται

343 1969 405 2023 δὲ
431 1968 529 2021 καὶ
555 1967 600 1999 ⁸³
624 1969 762 2038 ύπέρ
793 1963 867 2020 ὧν
897 1971 924 2020 ὁ
951 1967 1080 2040 [276
1130 1966 1226 2040 [1.]
1253 1968 1388 2020 Δίων
1422 1969 1722 2032 ὑπενοεῖτο.
1749 1969 1822 2032 ὡς
1859 1969 1934 2038 μὴ

347 2061 420 2113 τὰ
465 2060 562 2114 τοῦ
606 2061 796 2124 παιδὸς
838 2059 974 2132 ἔργα
1031 2061 1127 2112 καὶ
1157 2061 1213 2112 αἱ
1261 2059 1487 2128 πράξεις
1543 2061 1601 2114 αξ
1647 2061 1787 2115 κατά
1838 2061 1936 2130 τὴν

347 2156 508 2210 πόλιν
541 2157 642 2226 τῆς
690 2157 963 2226 πατρικῆς
1017 2156 1063 2188 ⁸⁵
1109 2159 1216 2208 εἱσι
1257 2155 1450 2226 βουλῆς
1496 2155 1825 2227 ἐξημμέναι.
1879 2156 1935 2208 Ὀ

349 2249 550 2319 ἑφεξῆς
570 2247 626 2300 δὲ
650 2248 802 2315 Πρὸς
823 2247 1115 2315 Διόδωρον
1132 2247 1591 2318 ἐπιγραφόμενος,
1612 2248 1929 2319 προτροπὴν

350 2341 456 2410 μέν
484 2357 608 2393 τινα
639 2341 726 2393 ἐπ’
759 2339 958 2411 ἀρετὴν
992 2340 1220 2406 εἰσάγει,
1275 2341 1516 2393 ἐπαινεῖν
1563 2340 1619 2393 δέ
1657 2340 1753 2406 τὴν
1783 2341 1937 2393 πόλιν

348 2434 488 2504 φησι
533 2432 600 2484 δι’
647 2425 722 2484 ὧν
777 2431 871 2483 τὸν
911 2432 1337 2502 ἐγκωμιάσαντα
1383 2432 1645 2503 Διόδωρον
1694 2432 1939 2494 ἐπαίνοις

349 2523 688 2595 περιϐάλλει.
705 2523 762 2577 Ὀ
777 2523 831 2576 δὲ
846 2525 885 2576 Λ
895 2523 947 2575 E'
957 2525 1113 2590 ,Περὶ
1128 2526 1435 2593 Αἰσχύλου
1448 2525 1544 2580 καὶ
1560 2524 1940 2593 Σοφοκλέους

347 2617 450 2670 καὶ
488 2615 836 2684 Εὐριπίδου,
886 2615 919 2685 ἢ
957 2615 1092 2682 Περὶ
1131 2615 1251 2668 τῶν
1286 2614 1653 2682 Φιλοκτήτου
1684 2616 1728 2649 ⁸⁵
1750 2617 1940 2680 τόξων

351 2706 865 2776 ἐπιγεγραμμένος,
913 2704 1012 2776 τὴν
1054 2706 1148 2758 τοῦ
1193 2707 1520 2776 Φιλοκτήτου
1579 2705 1804 2759 πλάττει
1857 2707 1943 2771 ἐξ·-

347 2799 593 2868 απὰτην,
637 2799 704 2869 ἢν
733 2796 1175 2868 προϐεϐλημένος
1219 2798 1505 2860 Ὀδυσσεὺς
1557 2796 1735 2850 λαϐὼν
1773 2797 1942 2867 ᾤχετο

353 2891 421 2944 τά
445 2891 600 2954 τόξα.
652 2888 744 2959 Τῷ
789 2889 848 2941 δὲ
897 2890 969 2955 C,"
999 2889 1095 2942 καὶ
1125 2890 1183 2941 Λ⁹
1227 2888 1368 2958 λόγῳ
1416 2891 1450 2959 ή
1512 2889 1610 2958 μὲν
1658 2888 1939 2960 ἐπιγραφή

2035 1891 2260 1938 stratum
2288 1883 2432 1937 cnim
2485 1884 2738 1951 scriptor,
2775 1883 2841 1934 ad
2872 1895 3029 1949 quem
3084 1878 3336 1948 sull‘ragio
3374 1879 3611 1933 delectus

2036 1986 2174 2040 erat,
2227 1974 2492 2042 repudiat.
2537 1972 2776 2026 XXXIII.
2838 1972 2911 2026 De
2951 1971 3503 2024 administrationibus
3555 1970 3610 2023 in

2035 2075 2245 2132 senatu,
2279 2065 2689 2133 inscriptionem
2733 2062 2971 2132 praefert.
3018 2065 3073 2116 In
3121 2078 3181 2116 ea
3229 2073 3350 2131 post
3394 2063 3609 2116 brevem

2036 2169 2258 2210 senatus
2291 2157 2525 2218 laudent,
2573 2155 2639 2208 de
2669 2157 2733 2209 iis
2785 2170 2842 2208 se
2883 2165 3073 2224 purgat
3121 2153 3276 2219 Dion,
3309 2154 3378 2207 ob
3407 2166 3528 2222 quat
3558 2153 3610 2205 in

2038 2250 2400 2317 suspicionem
2427 2254 2652 2299 venerat
2683 2265 2696 2298 :
2735 2245 2989 2298 nimirum
3020 2260 3048 2297 a
3095 2253 3334 2317 paterno
3360 2258 3466 2296 non
3493 2255 3614 2296 eset:

2038 2316 2274 2407 proiecta
2334 2337 2581 2403 consilio,
2623 2350 2742 2404 quae
2806 2336 2857 2388 in
2911 2316 3343 2389 administranda
3393 2333 3613 2388 civitate

2040 2430 2181 2484 lilius
2207 2431 2429 2500 egisset.
2461 2427 2712 2483 Proxima
2756 2426 2834 2480 Ad
2865 2425 3155 2478 Diodorum
3198 2424 3454 2490 inscripta
3482 2437 3608 2477 ora-

2041 2523 2134 2583 tio,
2153 2532 2207 2575 et
2240 2521 2304 2574 ad
2339 2522 2587 2574 virtutem
2608 2519 2875 2583 hortatur,
2899 2527 2955 2570 et
2980 2533 3039 2571 se
3067 2516 3289 2570 laudare
3317 2515 3392 2586 (4)
3423 2507 3614 2570 civita-

2040 2625 2144 2669 tem
2168 2615 2264 2679 ait,
2297 2615 2513 2682 quando
2542 2613 2632 2682 qui
2659 2627 2778 2665 eam
2825 2611 3071 2664 laudarat
3110 2609 3399 2663 Diodorum
3437 2608 3617 2662 laudi-

2041 2709 2138 2760 bus
2165 2716 2344 2760 ornat.
2367 2703 2586 2758 XXXV.
2621 2703 2692 2756 De
2733 2701 3012 2770 Eschylo,
3047 2699 3333 2769 Sophocle,
3369 2709 3420 2752 et
3453 2698 3615 2752 Ettri-

2038 2799 2156 2865 pide
2185 2813 2204 2850 :
2232 2813 2351 2859 seu,
2383 2796 2456 2848 De
2489 2794 2792 2848 Philocteta:
2826 2809 2953 2845 arcu
2997 2801 3043 2844 et
3075 2787 3306 2860 sagittis,
3354 2790 3611 2859 inscripta

2040 2901 2142 2942 est.
2177 2888 2510 2943 Philoctete"
2538 2887 2614 2956 (5)
2659 2887 2771 2938 hunc
2819 2884 2943 2938 dolo
2991 2883 3275 2951 deceptum
3321 2881 3469 2947 facit,
3505 2896 3615 2951 quo

354 2981 494 3050 Περὶ
533 2980 785 3050 Ὀμήρου
813 2981 984 3050 λέγει,
1019 2981 1241 3044 ἔπαινος
1282 2982 1338 3034 δέ
1384 2998 1468 3043 τις
1516 2982 1561 3014 δε
1589 2980 1682 3034 τοῦ
1716 2981 1933 3050 ποιητοῦ

2047 2981 2246 3051 167i:
2281 2981 2503 3049 Ulysses
2551 2994 2720 3043 usus,
2752 2994 2874 3031 cum
2925 2978 3067 3031 illius
3129 2993 3258 3030 arcu
3302 2987 3356 3030 et
3401 2976 3614 3044 sagittis

349 3073 714 3141 διυφαίνεται,
753 3071 944 3144 ὥσπερ
978 3073 1074 3125 καὶ
1131 3072 1210 3142 τῷ
1253 3073 1380 3143 περὶ
1433 3072 1754 3142 Σωκράτους
1814 3074 1933 3126 ἐπι-

2044 3073 2252 3125 abierit.
2298 3069 2474 3125 Sexta:
2523 3086 2681 3140 porro
2727 3080 2782 3123 et
2829 3068 3111 3122 tricesima:
3170 3068 3354 3122 titulus
3403 3077 3486 3124 est
3535 3067 3614 3122 De

350 3165 686 3235 γραφομένῳ
715 3165 809 3216 τοῦ
839 3164 1151 3234 φιλοσόφου.
1195 3161 1256 3214 Ὀ
1286 3161 1341 3213 δέ
1380 3161 1519 3230 Περὶ
1555 3161 1802 3230 Ὀμήρου
1833 3161 1931 3214 καὶ

2041 3162 2271 3217 Homero
2306 3178 2325 3215 :
2356 3162 2513 3231 cujus
2543 3172 2712 3229 poetae
2746 3161 2926 3213 laudes
2952 3159 3208 3246 praedicat
3233 3176 3246 3211 :
3270 3159 3616 3228 quemadmo-

357 3258 707 3326 Σωκράτους
747 3255 855 3310 AH’
896 3255 1051 3324 λόγος
1091 3253 1188 3321 ὦν,
1219 3255 1465 3326 ζηλωτὴν
1524 3255 1764 3326 Ὀμήρου
1815 3255 1930 3308 Σω-

355 3351 568 3420 κράτην
591 3349 686 3402 καὶ
706 3348 954 3420 μαθητὴν
978 3347 1312 3401 ἐπιδείκνυσι
1337 3347 1405 3412 ⁸⁷,
1422 3347 1517 3401 καὶ
1555 3348 1616 3400 τό
1641 3365 1700 3399 τε
1731 3349 1932 3400 οἰκεῖον

352 3442 455 3511 τῆς
525 3442 633 3494 τῶν
696 3441 1160 3512 παραδειγμάτων
1231 3442 1654 3512 μεταχειρίσεως
1725 3441 1932 3494 ἐκεῖθεν

356 3533 660 3604 ἀναμαθείν
687 3534 778 3585 τὸν
814 3534 1108 3604 φιλόσοφον
1133 3532 1480 3597 ἐπιδεικνύει,
1510 3535 1605 3587 καὶ
1631 3533 1731 3603 τὴν
1767 3534 1934 3602 ἄλλην

352 3624 450 3677 τοῦ
461 3624 623 3693 λόγου
644 3624 802 3694 χάριν
817 3626 912 3677 καὶ
933 3623 1161 3694 δύναμιν
1179 3623 1646 3694 ἐναπομάξασθαι.
1665 3624 1721 3676 'O
1734 3624 1789 3676 δέ
1809 3622 1932 3688 ΛΘ’,

368 3713 810 3787 Ἀγαμέμνωνῆ
875 3715 1016 3783 Περὶ
1079 3715 1389 3783 βασιλέως
1458 3717 1932 3786 ἐπιγραφόμενος.

355 3807 610 3872 διέξεισιν
642 3805 716 3869 ὡς
741 3806 822 3858 δεῖ
846 3806 1171 3878 συμϐούλων
1195 3810 1308 3872 τοῖς
1335 3809 1578 3880 ἀρίστοις
1599 3809 1688 3862 τὸν
1713 3808 1934 3879 βασιλέα

357 3899 700 3971 κεχρημένον
742 3900 973 3963 ἐκείνοις
1003 3917 1063 3954 τε
1103 3899 1388 3954 πείθεσθαι
1415 3901 1511 3955 καὶ
1550 3901 1624 3971 μὴ
1671 3901 1814 3954 κατὰ
1871 3900 1933 3952 τὸ

357 3991 548 4045 δοκοῦν
564 3991 1007 4056 ἀπαυθαδιάζειν.
1034 3993 1147 4046 Καὶ
1171 3986 1288 4046 ὧδὲ
1315 3991 1556 4060 Νέστωρ
1577 3993 1610 4062 ή
1633 3991 1933 4061 ἐπιγραφὴν

360 4083 510 4144 ὅπως
540 4083 846 4154 κεχρῆσθαι
890 4085 1136 4156 προσῆκε
1189 4086 1256 4156 τῇ
1316 4084 1452 4155 πρδς
1504 4085 1632 4147 τοὺς
1696 4083 1936 4154 βασιλεῖς

358 4177 681 4246 παραινέσει
700 4175 1180 4247 περιλαμϐάνεται.
1211 4177 1270 4229 Ὀ
1292 4176 1349 4229 δὲ
1367 4175 1586 4244 ἐφεξῆς,
1623 4174 1936 4243 Ἀχιλιενὺς

359 4268 421 4322 οὐ
461 4268 778 4338 πειθόμενος
811 4268 890 4341 τῷ
909 4269 1165 4338 Χείρωνι,
1198 4267 1424 4338 προνοίᾳ
1448 4269 1540 4320 καὶ
1571 4269 1757 4339 τέχνῃ,
1797 4266 1935 4319 ἀλλὰ

365 4358 441 4430 μὴ
473 4358 665 4430 θράσει
722 4361 816 4412 καὶ
879 4360 1078 4430 χειρῶν
1109 4359 1267 4429 ἰσχύϊ
1297 4357 1718 4429 συμϐουλεύοντι
1772 4373 1936 4427 μετα-

2035 3256 2159 3310 dum
2191 3265 2243 3306 et
2277 3252 2516 3307 Socratis
2552 3253 2662 3314 illa,
2715 3267 2837 3320 quae
2875 3251 3033 3318 hujus
3066 3249 3368 3318 philosophi
3416 3264 3610 3304 nomen

2034 3343 2273 3414 praefert.
2310 3342 2444 3395 Ilinc
2475 3341 2563 3393 illa
2599 3340 2676 3393 De
2703 3340 2928 3393 Homero
2957 3348 3005 3391 et
3052 3338 3289 3393 Socrate.
3317 3337 3606 3395 XXXVIII.

2035 3435 2258 3498 Oratio,
2294 3434 2508 3488 Homeri
2535 3433 2784 3486 aemulum
2829 3432 2999 3486 fuisse
3038 3431 3316 3486 Socratem
3347 3432 3608 3490 ostendit.

2036 3544 2101 3584 ac
2125 3528 2473 3596 discipulum.
2495 3526 2578 3578 Ab
2618 3526 2719 3579 hoc
2753 3526 2877 3578 item
2909 3524 3288 3593 philosophum
3324 3540 3427 3578 non
3463 3524 3608 3578 illam

2043 3630 2252 3674 tantum
2278 3616 2599 3670 familiarem
2631 3618 2767 3669 adeo
2802 3616 2904 3669 sibi
2933 3615 3298 3683 exemplorum
3334 3616 3612 3670 tractatio-

2037 3729 2157 3768 nem
2191 3713 2456 3774 hausisse,
2503 3716 2597 3765 sed
2661 3710 2922 3778 reliquam
2985 3710 3208 3777 insuper
3240 3710 3450 3762 dicendi
3500 3709 3608 3762 vim

2035 3820 2248 3860 omnem
2290 3820 2353 3858 ac
2378 3811 2713 3858 venustatem
2741 3800 3037 3855 imbihisse.
3074 3797 3610 3870 XXXIX.Agamem-

2035 3915 2160 3964 non,
2206 3911 2300 3951 seu
2347 3893 2434 3948 De
2475 3909 2592 3963 rege
2645 3892 3005 3946 inscribitur:
3049 3893 3310 3959 docetque
3360 3901 3613 3961 oportere

2037 4003 2217 4059 regem
2266 3987 2487 4057 optimis
2541 4000 2699 4039 usum
2757 3983 3104 4047 consiliariis,
3144 3983 3336 4038 iisdem
3391 3996 3604 4052 parere.

2036 4094 2213 4150 neque
2247 4094 2409 4135 suum
2445 4076 2729 4133 arbitrium
2759 4075 3118 4145 pervicaciter
3145 4075 3324 4144 sequi.
3355 4073 3608 4130 Proxima

2036 4186 2164 4227 vero
2215 4184 2336 4240 quae
2395 4167 2731 4230 inscribitur,
2788 4166 3026 4232 Nestor,
3110 4180 3343 4235 quanam
3398 4164 3612 4220 ratione

2038 4277 2191 4332 reges
2221 4259 2544 4315 admonendi
2575 4260 2682 4313 sint
2705 4258 2943 4314 instruit.
2981 4255 3102 4311 Mox
3149 4255 3378 4310 Achilles
3416 4256 3603 4326 sequi-

2040 4364 2127 4407 tur
2161 4370 2175 4406 :
2217 4350 2310 4420 qui
2366 4348 2588 4404 Chironi
2645 4363 2750 4403 non
2803 4348 3194 4418 acquiescens,
3223 4347 3464 4401 monenti
3505 4346 3609 4417 (5‘)

359 4453 697 4523 χειρίζεσθαι
776 4452 1032 4522 πόλεμον,
1098 4450 1324 4520 ὕστερον
1378 4452 1480 4504 οὐκ
1527 4448 1781 4504 ἀπώνατο
1833 4451 1932 4518 τῆς

2041 4443 2324 4515 prudentia
2386 4443 2566 4513 potius
2614 4451 2777 4510 atque
2839 4451 2959 4495 arte
3018 4455 3178 4508 quam
3248 4439 3471 4513 audacia
3516 4449 3612 4491 aut

356 4544 664 4604 ἀπειθείας.
700 4544 857 4598 Καὶὸ
900 4544 1268 4611 Φιλοκτήτης
1316 4543 1373 4595 δὲ
1422 4539 1774 4613 παράφρασις
1817 4540 1933 4592 ἐστι

359 4636 450 4690 τοῦ
483 4635 604 4689 κατ’
637 4635 798 4688 αὐτὸν
823 4636 1189 4705 ἀτυχήματος.
1227 4635 1343 4704 Ἐφ’
1375 4627 1455 4696 οἷς
1500 4635 1528 4686 ὁ
1573 4632 1813 4696 Νέσσος
1841 4633 1934 4685 καὶ

359 4730 394 4799 ή
427 4725 743 4795 Δηϊάνειρα
772 4726 817 4758 ⁸⁸
857 4725 966 4778 τῶν
1005 4725 1279 4789 ἀπιθάνως
1321 4723 1450 4794 περὶ
1479 4724 1676 4786 αὐτοὺς
1722 4721 1934 4775 πεπλα-

361 4823 580 4892 σμένων
627 4819 717 4872 διά
764 4836 909 4882 τινος
959 4817 1258 4889 θεραπείας
1307 4817 1386 4880 είς
1425 4816 1616 4887 εἱρμόν
1671 4832 1794 4868 τινα
1839 4815 1935 4867 καὶ

354 4913 515 4980 τάξιν
563 4911 806 4966 δοκεῖτὸ
834 4910 1095 4964 ἀπίθανον
1139 4908 1624 4984 μεταρρυθμίξειν.
1674 4908 1834 4962 Καὶὸ
1889 4905 1935 4936 ⁸⁰

2041 4534 2284 4604 corporis
2314 4533 2520 4586 viribus
2557 4545 2644 4584 res
2693 4522 2916 4585 bellicas
2963 4530 3100 4599 geri,
3128 4527 3344 4581 tandem
3377 4525 3607 4596 neglecti

2039 4625 2248 4680 consilii
2273 4639 2462 4694 pcenas
2479 4623 2644 4677 dedit.
2675 4620 2804 4686 Quae
2827 4635 2955 4674 vero
2987 4617 3300 4672 Philoctetes
3328 4627 3450 4686 post
3471 4617 3611 4670 hanc

2041 4717 2324 4786 inscripta,
2353 4712 2530 4770 fusius
2561 4712 2677 4780 ejus
2715 4709 3009 4765 infortunia
3043 4716 3449 4762 commemorat.
3479 4703 3610 4762 Post

2040 4825 2174 4879 quas
2232 4807 2430 4862 Nessus
2487 4815 2537 4860 et
2587 4803 2874 4876 Dejaneira
2927 4800 3068 4874 [quas
3119 4808 3347 4854 vocatur
3407 4794 3606 4871 oratio]

2044 4904 2329 4958 absm'dius
2363 4903 2428 4956 de
2457 4901 2524 4954 iis
2556 4895 2799 4966 obsequii
2842 4891 3123 4963 cujusdam
3154 4905 3318 4946 causa
3350 4892 3604 4954 condicta,

1699 5042 1936 5099 VARUE
1992 5035 2400 5096 LECTIONES.

1072 5139 1118 5172 “
1151 5141 1245 5193 καὶ
1265 5156 1376 5195 om.
1404 5141 1468 5194 A.
1543 5139 1590 5172 δ’
1615 5139 1793 5210 ἀρχήν
1813 5155 1871 5210 ς.

429 5144 476 5175 ιο
500 5144 632 5175 nam!
663 5144 690 5175 Δ
730 5159 744 5172 .

429 5144 476 5175 ⁸⁸
500 5141 632 5211 πυρί
655 5143 700 5195 Α
730 5159 744 5196 :
774 5141 904 5210 περί
939 5159 998 5207 ς.
1072 5141 1118 5172 ⁴¹
1151 5141 1245 5193 καὶ
1265 5156 1376 5195 om.
1404 5141 1468 5194 A.
1543 5141 1635 5192 δ’ὁ

358 5214 404 5300 1'
429 5215 537 5298 των
573 5210 924 5336 Φιλοκτήτουὲ
982 5212 1101 5266 libri
1154 5211 1262 5264 τῶν
1290 5211 1635 5283 Ἐπικτήτου.

358 5299 389 5353 η
411 5285 666 5354 Διανειρα
686 5283 751 5337 Α.
828 5282 870 5315 ⁸⁸
928 5280 948 5355 ]
976 5286 1008 5352 ή
1037 5297 1178 5336 corr.
1221 5283 1286 5335 A.

352 5284 389 5353 ἦ
411 5284 666 5354 Διάνειρα
686 5283 751 5337 Α.
828 5282 870 5315 ⁸⁸
897 5282 948 5354 ὁ]
976 5286 1008 5352 ἡ
1037 5297 1178 5336 corr.
1221 5283 1286 5335 A.

1946 5135 1990 5170 “
2014 5136 2106 5189 καὶ
2132 5134 2255 5187 add.
2290 5133 2351 5184 A.

1710 5204 1755 5242 δέ
1777 5208 1836 5262 δέ
1882 5224 1962 5272 τις
1991 5208 2035 5259 Α
2069 5225 2081 5258 :
2114 5221 2197 5266 τις
2227 5204 2284 5256 δέ
2317 5219 2376 5267 ς.

2457 5132 2501 5161 ⁸⁸
2535 5131 2630 5200 τῆς
2689 5129 2959 5200 πατρικῆς
2985 5129 3098 5200 A__:
3146 5125 3524 5200 πνευματικῆς
3543 5138 3604 5200 ς·Σ

2454 5202 2498 5234 ⁵⁷
2521 5193 2846 5252 ἐπιδεικνύει
2876 5193 2937 5262 ς’.
3039 5197 3084 5230 ⁸⁸
3123 5199 3215 5250 καὶ
3240 5193 3605 5268 ήΔηῖάνειρα]

1838 5364 2074 5421 ΝΟΤᾹΣ.

425 5467 506 5536 (4)
527 5466 636 5521 lmo
661 5476 853 5521 contra
865 5463 1118 5520 Photium
1137 5464 1274 5518 dixit
1295 5463 1411 5526 Dio,
1436 5462 1710 5536 Laiidasse
1735 5476 1794 5536 se
1813 5459 1936 5536 Dio-

358 5533 579 5605 dorum,
613 5551 736 5592 cum
765 5551 886 5608 qua:
935 5537 1079 5590 hunc
1115 5536 1440 5604 praedicarant
1469 5533 1708 5586 laudavit
1733 5533 1927 5584 civita-

354 5616 508 5746 ιεΙῗέ)
551 5675 700 5750 [tege
748 5674 1046 5750 Sophoclis
1082 5670 1635 5750 Δξ’]ιὶίοειιειε-η..Νιιηι
1689 5669 1930 5749 Eschyli

355 5745 526 5816 atque
576 5745 850 5817 Euripidis
900 5747 1248 5807 intercidere,
1288 5755 1342 5800 et
1389 5745 1549 5810 hujus
1579 5757 1699 5824 nios
1759 5745 1927 5792 nustri

2042 5457 2362 5537 lfhilocteua
2386 5455 2630 5510 meminit
2663 5467 2881 5525 quoque
2910 5451 2981 5507 Μ.
3027 5451 3236 5506 Tullius
3270 5448 3424 5503 Tusc.
3460 5463 3522 5518 II,
3551 5461 3607 5506 et

2041 5527 2112 5580 ibi
2140 5526 2386 5582 Beroald.

2113 5596 2215 5666 (5‘)
2245 5596 2539 5650 Hesiodum
2563 5591 2815 5666 Chironis
2837 5593 2902 5646 ad
2925 5591 3187 5666 Achillem
3215 5591 3604 5666 instituendum

2041 5663 2463 5735 Prmceptiqnem
2509 5665 2795 5734 scripsisse
2851 5678 2913 5715 ex
2973 5663 3273 5730 aliquormu
3333 5664 3602 5716 sentcntia

2040 5733 2274 5793 Pausan.
2312 5733 2534 5790 Baulic.
