  <div class='ocr_page' id='page_1' title='image "/cluster/home/n/w/nwhite01/storage/ocr_20150623/103 pt.3/mdp.39015061933738/353.png"; bbox 0 0 4030 6248; ppageno 0'>
   <div class='ocr_carea' id='block_1_1' title="bbox 406 288 519 355">
    <p class='ocr_par' dir='ltr' id='par_1_1' title="bbox 406 288 519 355">
     <span class='ocr_line' id='line_1_1' title="bbox 406 288 519 355; baseline 0 0"><span class='ocrx_word' id='word_1_1' title='bbox 406 288 519 355; x_wconf 62' lang='lat'><strong>&#39;68?</strong></span> 
     </span>
    </p>
   </div>
   <div class='ocr_carea' id='block_1_2' title="bbox 1523 277 2482 348">
    <p class='ocr_par' dir='ltr' id='par_1_2' title="bbox 1523 277 2482 348">
     <span class='ocr_line' id='line_1_2' title="bbox 1523 277 2482 348; baseline -0.008 -2"><span class='ocrx_word' id='word_1_2' title='bbox 1523 286 1785 348; x_wconf 86' lang='lat' dir='ltr'><strong>PHOTII</strong></span> <span class='ocrx_word' id='word_1_3' title='bbox 1823 277 2332 345; x_wconf 81' lang='lat' dir='ltr'><strong>PATRIARCH/E</strong></span> <span class='ocrx_word' id='word_1_4' title='bbox 2370 277 2482 338; x_wconf 71' lang='grc' dir='ltr'><strong>(ΣΡ.</strong></span> 
     </span>
    </p>
   </div>
   <div class='ocr_carea' id='block_1_3' title="bbox 3587 278 3691 341">
    <p class='ocr_par' dir='ltr' id='par_1_3' title="bbox 3587 278 3691 341">
     <span class='ocr_line' id='line_1_3' title="bbox 3587 278 3691 341; baseline 0.019 -2"><span class='ocrx_word' id='word_1_5' title='bbox 3587 278 3691 341; x_wconf 71' lang='grc'><strong>688</strong></span> 
     </span>
    </p>
   </div>
   <div class='ocr_carea' id='block_1_4' title="bbox 425 387 2017 472">
    <p class='ocr_par' dir='ltr' id='par_1_4' title="bbox 425 396 1997 472">
     <span class='ocr_line' id='line_1_4' title="bbox 425 396 1997 472; baseline -0.007 -12"><span class='ocrx_word' id='word_1_6' title='bbox 425 407 479 459; x_wconf 89' lang='lat' dir='ltr'><strong>in</strong></span> <span class='ocrx_word' id='word_1_7' title='bbox 515 403 712 460; x_wconf 85' lang='lat' dir='ltr'><strong>seriem</strong></span> <span class='ocrx_word' id='word_1_8' title='bbox 746 402 1031 472; x_wconf 78' lang='lat' dir='ltr'><strong>quamdam</strong></span> <span class='ocrx_word' id='word_1_9' title='bbox 1070 406 1230 467; x_wconf 83' lang='lat' dir='ltr'><strong>atque</strong></span> <span class='ocrx_word' id='word_1_10' title='bbox 1257 397 1502 453; x_wconf 83' lang='lat' dir='ltr'><strong>ordinem</strong></span> <span class='ocrx_word' id='word_1_11' title='bbox 1529 399 1808 454; x_wconf 83' lang='lat' dir='ltr'><strong>meliorem</strong></span> <span class='ocrx_word' id='word_1_12' title='bbox 1844 396 1997 450; x_wconf 91' lang='lat' dir='ltr'><strong>vide-</strong></span> 
     </span>
    </p>
   </div>
   <div class='ocr_carea' id='block_1_5' title="bbox 2122 387 3690 472">
    <p class='ocr_par' dir='ltr' id='par_1_5' title="bbox 2122 387 3690 460">
     <span class='ocr_line' id='line_1_5' title="bbox 2122 387 3690 460; baseline -0.003 -14"><span class='ocrx_word' id='word_1_13' title='bbox 2122 391 2368 460; x_wconf 66' lang='grc' dir='ltr'>Κρυσητς</span> <span class='ocrx_word' id='word_1_14' title='bbox 2397 389 2617 452; x_wconf 69' lang='grc' dir='ltr'>ἔπαινός</span> <span class='ocrx_word' id='word_1_15' title='bbox 2644 388 2764 442; x_wconf 86' lang='grc' dir='ltr'>ἐστι</span> <span class='ocrx_word' id='word_1_16' title='bbox 2791 389 3114 460; x_wconf 81' lang='grc' dir='ltr'>Χρυσηΐδος.</span> <span class='ocrx_word' id='word_1_17' title='bbox 3161 387 3220 442; x_wconf 79' lang='grc'><strong>⁸0</strong></span> <span class='ocrx_word' id='word_1_18' title='bbox 3241 389 3299 442; x_wconf 79' lang='grc' dir='ltr'>δὲ</span> <span class='ocrx_word' id='word_1_19' title='bbox 3327 389 3486 459; x_wconf 86' lang='lat' dir='ltr'><strong>‘Napi</strong></span> <span class='ocrx_word' id='word_1_20' title='bbox 3510 392 3690 456; x_wconf 71' lang='grc' dir='ltr'>βασι.</span> 
     </span>
    </p>
   </div>
   <div class='ocr_carea' id='block_1_6' title="bbox 425 487 2001 563">
    <p class='ocr_par' dir='ltr' id='par_1_6' title="bbox 425 487 2001 563">
     <span class='ocr_line' id='line_1_6' title="bbox 425 487 2001 563; baseline -0.005 -14"><span class='ocrx_word' id='word_1_21' title='bbox 425 505 516 550; x_wconf 88' lang='lat' dir='ltr'><strong>tur</strong></span> <span class='ocrx_word' id='word_1_22' title='bbox 551 495 868 551; x_wconf 79' lang='lat' dir='ltr'><strong>reformare.</strong></span> <span class='ocrx_word' id='word_1_23' title='bbox 904 491 1148 563; x_wconf 76' lang='lat' dir='ltr'><strong>Chryseis</strong></span> <span class='ocrx_word' id='word_1_24' title='bbox 1177 489 1329 559; x_wconf 84' lang='lat' dir='ltr'><strong>[item</strong></span> <span class='ocrx_word' id='word_1_25' title='bbox 1356 491 1499 546; x_wconf 91' lang='lat' dir='ltr'><strong>dicta</strong></span> <span class='ocrx_word' id='word_1_26' title='bbox 1528 488 1728 561; x_wconf 81' lang='lat' dir='ltr'><strong>oratio]</strong></span> <span class='ocrx_word' id='word_1_27' title='bbox 1765 487 2001 542; x_wconf 74' lang='lat' dir='ltr'><strong>laudatio</strong></span> 
     </span>
    </p>
   </div>
   <div class='ocr_carea' id='block_1_7' title="bbox 430 579 2004 660">
    <p class='ocr_par' dir='ltr' id='par_1_7' title="bbox 430 579 2004 660">
     <span class='ocr_line' id='line_1_7' title="bbox 430 579 2004 660; baseline -0.004 -20"><span class='ocrx_word' id='word_1_28' title='bbox 430 587 747 660; x_wconf 78' lang='lat' dir='ltr'><strong>Chryseidis</strong></span> <span class='ocrx_word' id='word_1_29' title='bbox 767 595 866 642; x_wconf 89' lang='lat' dir='ltr'><strong>est.</strong></span> <span class='ocrx_word' id='word_1_30' title='bbox 903 586 976 640; x_wconf 88' lang='lat' dir='ltr'><strong>De</strong></span> <span class='ocrx_word' id='word_1_31' title='bbox 991 600 1146 655; x_wconf 82' lang='lat' dir='ltr'><strong>regno</strong></span> <span class='ocrx_word' id='word_1_32' title='bbox 1165 597 1294 638; x_wconf 83' lang='lat' dir='ltr'><strong>vero</strong></span> <span class='ocrx_word' id='word_1_33' title='bbox 1321 591 1371 638; x_wconf 82' lang='lat' dir='ltr'><strong>et</strong></span> <span class='ocrx_word' id='word_1_34' title='bbox 1401 583 1683 653; x_wconf 75' lang='lat' dir='ltr'><strong>tyrannide</strong></span> <span class='ocrx_word' id='word_1_35' title='bbox 1710 579 1906 642; x_wconf 84' lang='lat' dir='ltr'><strong>oratio,</strong></span> <span class='ocrx_word' id='word_1_36' title='bbox 1935 581 2004 633; x_wconf 91' lang='lat' dir='ltr'><strong>de</strong></span> 
     </span>
    </p>
   </div>
   <div class='ocr_carea' id='block_1_8' title="bbox 433 667 2004 748">
    <p class='ocr_par' dir='ltr' id='par_1_8' title="bbox 433 667 2004 748">
     <span class='ocr_line' id='line_1_8' title="bbox 433 667 2004 748; baseline -0.008 -15"><span class='ocrx_word' id='word_1_37' title='bbox 433 680 518 736; x_wconf 87' lang='lat' dir='ltr'><strong>his</strong></span> <span class='ocrx_word' id='word_1_38' title='bbox 535 679 664 748; x_wconf 81' lang='lat' dir='ltr'><strong>ipsis</strong></span> <span class='ocrx_word' id='word_1_39' title='bbox 681 678 919 743; x_wconf 89' lang='lat' dir='ltr'><strong>disserit,</strong></span> <span class='ocrx_word' id='word_1_40' title='bbox 953 686 1011 730; x_wconf 92' lang='lat' dir='ltr'><strong>ttt</strong></span> <span class='ocrx_word' id='word_1_41' title='bbox 1040 687 1151 732; x_wconf 89' lang='lat' dir='ltr'><strong>tres</strong></span> <span class='ocrx_word' id='word_1_42' title='bbox 1178 675 1433 745; x_wconf 87' lang='lat' dir='ltr'><strong>deinceps</strong></span> <span class='ocrx_word' id='word_1_43' title='bbox 1453 682 1748 742; x_wconf 76' lang='lat' dir='ltr'><strong>sequentes</strong></span> <span class='ocrx_word' id='word_1_44' title='bbox 1775 669 1848 725; x_wconf 87' lang='lat' dir='ltr'><strong>De</strong></span> <span class='ocrx_word' id='word_1_45' title='bbox 1864 667 2004 722; x_wconf 83' lang='lat' dir='ltr'><strong>For-</strong></span> 
     </span>
    </p>
   </div>
   <div class='ocr_carea' id='block_1_9' title="bbox 430 759 2004 835">
    <p class='ocr_par' dir='ltr' id='par_1_9' title="bbox 430 759 2004 835">
     <span class='ocr_line' id='line_1_9' title="bbox 430 759 2004 835; baseline -0.003 -18"><span class='ocrx_word' id='word_1_46' title='bbox 430 778 561 820; x_wconf 76' lang='lat' dir='ltr'><strong>tuna</strong></span> <span class='ocrx_word' id='word_1_47' title='bbox 601 775 787 835; x_wconf 80' lang='lat' dir='ltr'><strong>gratas</strong></span> <span class='ocrx_word' id='word_1_48' title='bbox 838 764 998 819; x_wconf 87' lang='lat' dir='ltr'><strong>simul</strong></span> <span class='ocrx_word' id='word_1_49' title='bbox 1049 780 1113 818; x_wconf 88' lang='lat' dir='ltr'><strong>ac</strong></span> <span class='ocrx_word' id='word_1_50' title='bbox 1161 762 1566 833; x_wconf 88' lang='lat' dir='ltr'><strong>philosophicas</strong></span> <span class='ocrx_word' id='word_1_51' title='bbox 1625 759 2004 814; x_wconf 81' lang='lat' dir='ltr'><strong>meditationes</strong></span> 
     </span>
    </p>
   </div>
   <div class='ocr_carea' id='block_1_10' title="bbox 427 849 2002 922">
    <p class='ocr_par' dir='ltr' id='par_1_10' title="bbox 427 849 2002 922">
     <span class='ocr_line' id='line_1_10' title="bbox 427 849 2002 922; baseline -0.006 -14"><span class='ocrx_word' id='word_1_52' title='bbox 427 856 706 909; x_wconf 75' lang='lat' dir='ltr'><strong>exhibent.</strong></span> <span class='ocrx_word' id='word_1_53' title='bbox 736 853 816 907; x_wconf 90' lang='lat' dir='ltr'><strong>Ad</strong></span> <span class='ocrx_word' id='word_1_54' title='bbox 840 856 1088 907; x_wconf 88' lang='lat' dir='ltr'><strong>eumdem</strong></span> <span class='ocrx_word' id='word_1_55' title='bbox 1149 853 1390 917; x_wconf 87' lang='lat' dir='ltr'><strong>modum,</strong></span> <span class='ocrx_word' id='word_1_56' title='bbox 1419 867 1541 922; x_wconf 71' lang='lat' dir='ltr'><strong>qua:</strong></span> <span class='ocrx_word' id='word_1_57' title='bbox 1568 853 1666 906; x_wconf 87' lang='lat' dir='ltr'><strong>has</strong></span> <span class='ocrx_word' id='word_1_58' title='bbox 1704 849 2002 919; x_wconf 83' lang='lat' dir='ltr'><strong>excipiunt,</strong></span> 
     </span>
    </p>
   </div>
   <div class='ocr_carea' id='block_1_11' title="bbox 429 943 2004 1015">
    <p class='ocr_par' dir='ltr' id='par_1_11' title="bbox 429 943 2004 1015">
     <span class='ocr_line' id='line_1_11' title="bbox 429 943 2004 1015; baseline -0.004 -15"><span class='ocrx_word' id='word_1_59' title='bbox 429 946 650 1000; x_wconf 83' lang='lat' dir='ltr'><strong>totidem</strong></span> <span class='ocrx_word' id='word_1_60' title='bbox 700 943 776 999; x_wconf 87' lang='lat' dir='ltr'><strong>De</strong></span> <span class='ocrx_word' id='word_1_61' title='bbox 803 944 974 1015; x_wconf 83' lang='lat' dir='ltr'><strong>gloria</strong></span> <span class='ocrx_word' id='word_1_62' title='bbox 1019 945 1329 1008; x_wconf 87' lang='lat' dir='ltr'><strong>orationes,</strong></span> <span class='ocrx_word' id='word_1_63' title='bbox 1397 944 1628 999; x_wconf 84' lang='lat' dir='ltr'><strong>suadent</strong></span> <span class='ocrx_word' id='word_1_64' title='bbox 1677 951 1731 996; x_wconf 92' lang='lat' dir='ltr'><strong>et</strong></span> <span class='ocrx_word' id='word_1_65' title='bbox 1781 949 2004 995; x_wconf 91' lang='lat' dir='ltr'><strong>monent</strong></span> 
     </span>
    </p>
   </div>
   <div class='ocr_carea' id='block_1_12' title="bbox 427 1032 2006 1108">
    <p class='ocr_par' dir='ltr' id='par_1_12' title="bbox 427 1032 2006 1108">
     <span class='ocr_line' id='line_1_12' title="bbox 427 1032 2006 1108; baseline -0.003 -18"><span class='ocrx_word' id='word_1_66' title='bbox 427 1040 884 1092; x_wconf 73' lang='lat' dir='ltr'><strong>contcumendam</strong></span> <span class='ocrx_word' id='word_1_67' title='bbox 939 1052 1060 1094; x_wconf 86' lang='lat' dir='ltr'><strong>esse</strong></span> <span class='ocrx_word' id='word_1_68' title='bbox 1108 1038 1254 1107; x_wconf 82' lang='lat' dir='ltr'><strong>vulgi</strong></span> <span class='ocrx_word' id='word_1_69' title='bbox 1303 1036 1530 1108; x_wconf 78' lang='lat' dir='ltr'><strong>gloriam</strong></span> <span class='ocrx_word' id='word_1_70' title='bbox 1568 1054 1583 1091; x_wconf 88' lang='lat'><strong>:</strong></span> <span class='ocrx_word' id='word_1_71' title='bbox 1623 1035 1713 1089; x_wconf 90' lang='lat' dir='ltr'><strong>ubi</strong></span> <span class='ocrx_word' id='word_1_72' title='bbox 1767 1032 2006 1102; x_wconf 73' lang='lat' dir='ltr'><strong>pulchrae</strong></span> 
     </span>
    </p>
   </div>
   <div class='ocr_carea' id='block_1_13' title="bbox 427 1124 2003 1185">
    <p class='ocr_par' dir='ltr' id='par_1_13' title="bbox 427 1124 2003 1185">
     <span class='ocr_line' id='line_1_13' title="bbox 427 1124 2003 1185; baseline -0.004 -1"><span class='ocrx_word' id='word_1_73' title='bbox 427 1129 592 1184; x_wconf 81' lang='lat' dir='ltr'><strong>simul</strong></span> <span class='ocrx_word' id='word_1_74' title='bbox 641 1141 696 1184; x_wconf 86' lang='lat' dir='ltr'><strong>et</strong></span> <span class='ocrx_word' id='word_1_75' title='bbox 741 1130 897 1185; x_wconf 84' lang='lat' dir='ltr'><strong>utiles</strong></span> <span class='ocrx_word' id='word_1_76' title='bbox 951 1129 1417 1185; x_wconf 87' lang='lat' dir='ltr'><strong>consideratioues</strong></span> <span class='ocrx_word' id='word_1_77' title='bbox 1479 1127 1624 1183; x_wconf 84' lang='lat' dir='ltr'><strong>inter</strong></span> <span class='ocrx_word' id='word_1_78' title='bbox 1677 1124 2003 1180; x_wconf 88' lang='lat' dir='ltr'><strong>hortandum</strong></span> 
     </span>
    </p>
   </div>
   <div class='ocr_carea' id='block_1_14' title="bbox 432 1217 2005 1282">
    <p class='ocr_par' dir='ltr' id='par_1_14' title="bbox 432 1217 2005 1282">
     <span class='ocr_line' id='line_1_14' title="bbox 432 1217 2005 1282; baseline -0.002 -9"><span class='ocrx_word' id='word_1_79' title='bbox 432 1221 750 1275; x_wconf 75' lang='lat' dir='ltr'><strong>miscentur.</strong></span> <span class='ocrx_word' id='word_1_80' title='bbox 786 1219 892 1274; x_wconf 70' lang='lat' dir='ltr'><strong>LII‘.</strong></span> <span class='ocrx_word' id='word_1_81' title='bbox 923 1221 999 1274; x_wconf 85' lang='lat' dir='ltr'><strong>De</strong></span> <span class='ocrx_word' id='word_1_82' title='bbox 1017 1223 1207 1276; x_wconf 70' lang='lat' dir='ltr'><strong>virtute</strong></span> <span class='ocrx_word' id='word_1_83' title='bbox 1229 1229 1286 1275; x_wconf 83' lang='lat' dir='ltr'><strong>et</strong></span> <span class='ocrx_word' id='word_1_84' title='bbox 1313 1220 1652 1282; x_wconf 82' lang='lat' dir='ltr'><strong>inseri-bitur,</strong></span> <span class='ocrx_word' id='word_1_85' title='bbox 1676 1227 1730 1272; x_wconf 89' lang='lat' dir='ltr'><strong>et</strong></span> <span class='ocrx_word' id='word_1_86' title='bbox 1763 1217 2005 1271; x_wconf 82' lang='lat' dir='ltr'><strong>disserit.</strong></span> 
     </span>
    </p>
   </div>
   <div class='ocr_carea' id='block_1_15' title="bbox 431 1303 2010 1384">
    <p class='ocr_par' dir='ltr' id='par_1_15' title="bbox 431 1303 2010 1384">
     <span class='ocr_line' id='line_1_15' title="bbox 431 1303 2010 1384; baseline -0.004 -17"><span class='ocrx_word' id='word_1_87' title='bbox 431 1312 565 1369; x_wconf 84' lang='lat' dir='ltr'><strong>LIII.</strong></span> <span class='ocrx_word' id='word_1_88' title='bbox 596 1312 721 1384; x_wconf 74' lang='lat' dir='ltr'><strong>Agit</strong></span> <span class='ocrx_word' id='word_1_89' title='bbox 753 1313 828 1368; x_wconf 78' lang='lat' dir='ltr'><strong>De</strong></span> <span class='ocrx_word' id='word_1_90' title='bbox 853 1314 1208 1383; x_wconf 78' lang='lat' dir='ltr'><strong>philosophia,</strong></span> <span class='ocrx_word' id='word_1_91' title='bbox 1243 1323 1299 1367; x_wconf 90' lang='lat' dir='ltr'><strong>ut</strong></span> <span class='ocrx_word' id='word_1_92' title='bbox 1331 1303 1466 1367; x_wconf 84' lang='lat' dir='ltr'><strong>LIV.</strong></span> <span class='ocrx_word' id='word_1_93' title='bbox 1492 1311 1569 1364; x_wconf 84' lang='lat' dir='ltr'><strong>De</strong></span> <span class='ocrx_word' id='word_1_94' title='bbox 1583 1310 1908 1378; x_wconf 78' lang='lat' dir='ltr'><strong>philosopho.</strong></span> <span class='ocrx_word' id='word_1_95' title='bbox 1939 1307 2010 1361; x_wconf 85' lang='lat' dir='ltr'><strong>At</strong></span> 
     </span>
    </p>
   </div>
   <div class='ocr_carea' id='block_1_16' title="bbox 433 1403 2011 1476">
    <p class='ocr_par' dir='ltr' id='par_1_16' title="bbox 433 1403 2011 1476">
     <span class='ocr_line' id='line_1_16' title="bbox 433 1403 2011 1476; baseline -0.003 -16"><span class='ocrx_word' id='word_1_96' title='bbox 433 1405 543 1464; x_wconf 83' lang='lat' dir='ltr'><strong>LV.</strong></span> <span class='ocrx_word' id='word_1_97' title='bbox 578 1406 652 1461; x_wconf 92' lang='lat' dir='ltr'><strong>De</strong></span> <span class='ocrx_word' id='word_1_98' title='bbox 700 1407 882 1460; x_wconf 79' lang='lat' dir='ltr'><strong>habitu</strong></span> <span class='ocrx_word' id='word_1_99' title='bbox 941 1407 1191 1476; x_wconf 77' lang='lat' dir='ltr'><strong>cultuque</strong></span> <span class='ocrx_word' id='word_1_100' title='bbox 1246 1405 1484 1474; x_wconf 77' lang='lat' dir='ltr'><strong>corporis</strong></span> <span class='ocrx_word' id='word_1_101' title='bbox 1520 1403 1800 1472; x_wconf 78' lang='lat' dir='ltr'><strong>inscripta,</strong></span> <span class='ocrx_word' id='word_1_102' title='bbox 1852 1403 2011 1455; x_wconf 85' lang='lat' dir='ltr'><strong>docet</strong></span> 
     </span>
    </p>
   </div>
   <div class='ocr_carea' id='block_1_17' title="bbox 433 1495 2003 1564">
    <p class='ocr_par' dir='ltr' id='par_1_17' title="bbox 433 1495 2003 1564">
     <span class='ocr_line' id='line_1_17' title="bbox 433 1495 2003 1564; baseline -0.004 -13"><span class='ocrx_word' id='word_1_103' title='bbox 433 1508 539 1552; x_wconf 87' lang='lat' dir='ltr'><strong>uott</strong></span> <span class='ocrx_word' id='word_1_104' title='bbox 573 1497 644 1552; x_wconf 86' lang='lat' dir='ltr'><strong>ob</strong></span> <span class='ocrx_word' id='word_1_105' title='bbox 689 1498 924 1552; x_wconf 88' lang='lat' dir='ltr'><strong>tunicam</strong></span> <span class='ocrx_word' id='word_1_106' title='bbox 969 1514 1090 1553; x_wconf 76' lang='lat' dir='ltr'><strong>mox</strong></span> <span class='ocrx_word' id='word_1_107' title='bbox 1138 1505 1194 1551; x_wconf 91' lang='lat' dir='ltr'><strong>et</strong></span> <span class='ocrx_word' id='word_1_108' title='bbox 1265 1495 1480 1551; x_wconf 86' lang='lat' dir='ltr'><strong>calceos</strong></span> <span class='ocrx_word' id='word_1_109' title='bbox 1532 1495 2003 1564; x_wconf 89' lang='lat' dir='ltr'><strong>philosophorum,</strong></span> 
     </span>
    </p>
   </div>
   <div class='ocr_carea' id='block_1_18' title="bbox 434 1587 2009 1659">
    <p class='ocr_par' dir='ltr' id='par_1_18' title="bbox 434 1587 2009 1659">
     <span class='ocr_line' id='line_1_18' title="bbox 434 1587 2009 1659; baseline -0.004 -16"><span class='ocrx_word' id='word_1_110' title='bbox 434 1601 609 1659; x_wconf 85' lang='lat' dir='ltr'><strong>neque</strong></span> <span class='ocrx_word' id='word_1_111' title='bbox 643 1591 714 1644; x_wconf 92' lang='lat' dir='ltr'><strong>ob</strong></span> <span class='ocrx_word' id='word_1_112' title='bbox 772 1599 1052 1644; x_wconf 74' lang='lat' dir='ltr'><strong>externam</strong></span> <span class='ocrx_word' id='word_1_113' title='bbox 1093 1589 1268 1644; x_wconf 89' lang='lat' dir='ltr'><strong>cultus</strong></span> <span class='ocrx_word' id='word_1_114' title='bbox 1324 1589 1558 1656; x_wconf 86' lang='lat' dir='ltr'><strong>speciem</strong></span> <span class='ocrx_word' id='word_1_115' title='bbox 1631 1587 2009 1655; x_wconf 81' lang='lat' dir='ltr'><strong>philosophum</strong></span> 
     </span>
    </p>
   </div>
   <div class='ocr_carea' id='block_1_19' title="bbox 431 1679 2008 1750">
    <p class='ocr_par' dir='ltr' id='par_1_19' title="bbox 431 1679 2008 1750">
     <span class='ocr_line' id='line_1_19' title="bbox 431 1679 2008 1750; baseline -0.003 -18"><span class='ocrx_word' id='word_1_116' title='bbox 431 1691 756 1750; x_wconf 80' lang='lat' dir='ltr'><strong>quemquam</strong></span> <span class='ocrx_word' id='word_1_117' title='bbox 797 1680 1316 1749; x_wconf 83' lang='lat' dir='ltr'><strong>essejudicandutn.</strong></span> <span class='ocrx_word' id='word_1_118' title='bbox 1375 1679 1513 1735; x_wconf 84' lang='lat' dir='ltr'><strong>LVI.</strong></span> <span class='ocrx_word' id='word_1_119' title='bbox 1540 1679 1617 1733; x_wconf 87' lang='lat' dir='ltr'><strong>De</strong></span> <span class='ocrx_word' id='word_1_120' title='bbox 1651 1679 1848 1748; x_wconf 79' lang='lat' dir='ltr'><strong>ﬁducia</strong></span> <span class='ocrx_word' id='word_1_121' title='bbox 1880 1679 2008 1729; x_wconf 87' lang='lat' dir='ltr'><strong>titu-</strong></span> 
     </span>
    </p>
   </div>
   <div class='ocr_carea' id='block_1_20' title="bbox 435 1771 2003 1843">
    <p class='ocr_par' dir='ltr' id='par_1_20' title="bbox 435 1771 2003 1843">
     <span class='ocr_line' id='line_1_20' title="bbox 435 1771 2003 1843; baseline -0.003 -17"><span class='ocrx_word' id='word_1_122' title='bbox 435 1774 542 1828; x_wconf 84' lang='lat' dir='ltr'><strong>luut</strong></span> <span class='ocrx_word' id='word_1_123' title='bbox 572 1774 828 1840; x_wconf 84' lang='lat' dir='ltr'><strong>sortitur;</strong></span> <span class='ocrx_word' id='word_1_124' title='bbox 859 1782 917 1828; x_wconf 89' lang='lat' dir='ltr'><strong>ut</strong></span> <span class='ocrx_word' id='word_1_125' title='bbox 943 1784 1125 1828; x_wconf 89' lang='lat' dir='ltr'><strong>contra</strong></span> <span class='ocrx_word' id='word_1_126' title='bbox 1162 1774 1285 1828; x_wconf 90' lang='lat' dir='ltr'><strong>huic</strong></span> <span class='ocrx_word' id='word_1_127' title='bbox 1315 1774 1560 1843; x_wconf 78' lang='lat' dir='ltr'><strong>proxima</strong></span> <span class='ocrx_word' id='word_1_128' title='bbox 1590 1771 1662 1826; x_wconf 86' lang='lat' dir='ltr'><strong>De</strong></span> <span class='ocrx_word' id='word_1_129' title='bbox 1684 1771 2003 1841; x_wconf 74' lang='lat' dir='ltr'><strong>difﬁdentia.</strong></span> 
     </span>
    </p>
   </div>
   <div class='ocr_carea' id='block_1_21' title="bbox 435 1867 2003 1932">
    <p class='ocr_par' dir='ltr' id='par_1_21' title="bbox 435 1867 2003 1932">
     <span class='ocr_line' id='line_1_21' title="bbox 435 1867 2003 1932; baseline -0.005 -8"><span class='ocrx_word' id='word_1_130' title='bbox 435 1869 676 1924; x_wconf 81' lang='lat' dir='ltr'><strong>Suadent</strong></span> <span class='ocrx_word' id='word_1_131' title='bbox 729 1871 810 1923; x_wconf 66' lang='lat' dir='ltr'><strong>ha:</strong></span> <span class='ocrx_word' id='word_1_132' title='bbox 860 1868 1161 1923; x_wconf 87' lang='lat' dir='ltr'><strong>cavendum</strong></span> <span class='ocrx_word' id='word_1_133' title='bbox 1221 1868 1306 1921; x_wconf 85' lang='lat' dir='ltr'><strong>cui</strong></span> <span class='ocrx_word' id='word_1_134' title='bbox 1350 1867 1502 1932; x_wconf 86' lang='lat' dir='ltr'><strong>Iidas,</strong></span> <span class='ocrx_word' id='word_1_135' title='bbox 1549 1874 1643 1919; x_wconf 88' lang='lat' dir='ltr'><strong>aut</strong></span> <span class='ocrx_word' id='word_1_136' title='bbox 1695 1873 1746 1918; x_wconf 89' lang='lat' dir='ltr'><strong>te</strong></span> <span class='ocrx_word' id='word_1_137' title='bbox 1792 1870 2003 1927; x_wconf 86' lang='lat' dir='ltr'><strong>credas;</strong></span> 
     </span>
    </p>
   </div>
   <div class='ocr_carea' id='block_1_22' title="bbox 436 1951 2003 2027">
    <p class='ocr_par' dir='ltr' id='par_1_22' title="bbox 436 1951 2003 2027">
     <span class='ocr_line' id='line_1_22' title="bbox 436 1951 2003 2027; baseline -0.006 -14"><span class='ocrx_word' id='word_1_138' title='bbox 436 1959 602 2015; x_wconf 87' lang='lat' dir='ltr'><strong>neiis</strong></span> <span class='ocrx_word' id='word_1_139' title='bbox 635 1958 876 2027; x_wconf 85' lang='lat' dir='ltr'><strong>quidem,</strong></span> <span class='ocrx_word' id='word_1_140' title='bbox 940 1957 1032 2026; x_wconf 89' lang='lat' dir='ltr'><strong>qui</strong></span> <span class='ocrx_word' id='word_1_141' title='bbox 1081 1955 1166 2010; x_wconf 90' lang='lat' dir='ltr'><strong>vel</strong></span> <span class='ocrx_word' id='word_1_142' title='bbox 1218 1957 1456 2010; x_wconf 75' lang='lat' dir='ltr'><strong>maxime</strong></span> <span class='ocrx_word' id='word_1_143' title='bbox 1516 1967 1700 2007; x_wconf 88' lang='lat' dir='ltr'><strong>amare</strong></span> <span class='ocrx_word' id='word_1_144' title='bbox 1734 1951 2003 2005; x_wconf 83' lang='lat' dir='ltr'><strong>videntur.</strong></span> 
     </span>
    </p>
   </div>
   <div class='ocr_carea' id='block_1_23' title="bbox 435 2045 2006 2116">
    <p class='ocr_par' dir='ltr' id='par_1_23' title="bbox 435 2045 2006 2116">
     <span class='ocr_line' id='line_1_23' title="bbox 435 2045 2006 2116; baseline -0.008 -8"><span class='ocrx_word' id='word_1_145' title='bbox 435 2052 631 2108; x_wconf 72' lang='lat' dir='ltr'><strong>Multos</strong></span> <span class='ocrx_word' id='word_1_146' title='bbox 662 2051 806 2105; x_wconf 85' lang='lat' dir='ltr'><strong>enim</strong></span> <span class='ocrx_word' id='word_1_147' title='bbox 833 2049 955 2103; x_wconf 89' lang='lat' dir='ltr'><strong>aliis</strong></span> <span class='ocrx_word' id='word_1_148' title='bbox 982 2049 1214 2103; x_wconf 77' lang='lat' dir='ltr'><strong>confisos</strong></span> <span class='ocrx_word' id='word_1_149' title='bbox 1249 2050 1303 2102; x_wconf 92' lang='lat' dir='ltr'><strong>in</strong></span> <span class='ocrx_word' id='word_1_150' title='bbox 1352 2062 1603 2116; x_wconf 77' lang='lat' dir='ltr'><strong>magnam</strong></span> <span class='ocrx_word' id='word_1_151' title='bbox 1633 2045 1886 2100; x_wconf 85' lang='lat' dir='ltr'><strong>incidisse</strong></span> <span class='ocrx_word' id='word_1_152' title='bbox 1913 2057 2006 2096; x_wconf 81' lang='lat' dir='ltr'><strong>ea-</strong></span> 
     </span>
    </p>
   </div>
   <div class='ocr_carea' id='block_1_24' title="bbox 437 2136 2009 2200">
    <p class='ocr_par' dir='ltr' id='par_1_24' title="bbox 437 2136 2009 2200">
     <span class='ocr_line' id='line_1_24' title="bbox 437 2136 2009 2200; baseline -0.007 -1"><span class='ocrx_word' id='word_1_153' title='bbox 437 2146 734 2200; x_wconf 88' lang='lat' dir='ltr'><strong>Iamilatem</strong></span> <span class='ocrx_word' id='word_1_154' title='bbox 773 2159 787 2196; x_wconf 89' lang='lat'><strong>:</strong></span> <span class='ocrx_word' id='word_1_155' title='bbox 827 2157 949 2198; x_wconf 87' lang='lat' dir='ltr'><strong>cum</strong></span> <span class='ocrx_word' id='word_1_156' title='bbox 995 2140 1284 2196; x_wconf 83' lang='lat' dir='ltr'><strong>dillidentia</strong></span> <span class='ocrx_word' id='word_1_157' title='bbox 1313 2139 1536 2193; x_wconf 85' lang='lat' dir='ltr'><strong>munitis</strong></span> <span class='ocrx_word' id='word_1_158' title='bbox 1565 2136 1850 2191; x_wconf 80' lang='lat' dir='ltr'><strong>manifesta</strong></span> <span class='ocrx_word' id='word_1_159' title='bbox 1875 2148 2009 2189; x_wconf 88' lang='lat' dir='ltr'><strong>con-</strong></span> 
     </span>
    </p>
   </div>
   <div class='ocr_carea' id='block_1_25' title="bbox 439 2226 2011 2307">
    <p class='ocr_par' dir='ltr' id='par_1_25' title="bbox 439 2226 2011 2307">
     <span class='ocr_line' id='line_1_25' title="bbox 439 2226 2011 2307; baseline -0.007 -15"><span class='ocrx_word' id='word_1_160' title='bbox 439 2236 621 2307; x_wconf 71' lang='lat' dir='ltr'><strong>tigerit</strong></span> <span class='ocrx_word' id='word_1_161' title='bbox 667 2234 836 2290; x_wconf 86' lang='lat' dir='ltr'><strong>sal-us.</strong></span> <span class='ocrx_word' id='word_1_162' title='bbox 880 2233 986 2287; x_wconf 87' lang='lat' dir='ltr'><strong>Sed</strong></span> <span class='ocrx_word' id='word_1_163' title='bbox 1023 2233 1137 2287; x_wconf 85' lang='lat' dir='ltr'><strong>hare</strong></span> <span class='ocrx_word' id='word_1_164' title='bbox 1184 2231 1401 2302; x_wconf 86' lang='lat' dir='ltr'><strong>quidem</strong></span> <span class='ocrx_word' id='word_1_165' title='bbox 1461 2231 1548 2284; x_wconf 88' lang='lat' dir='ltr'><strong>illa</strong></span> <span class='ocrx_word' id='word_1_166' title='bbox 1593 2229 1672 2283; x_wconf 87' lang='lat' dir='ltr'><strong>De</strong></span> <span class='ocrx_word' id='word_1_167' title='bbox 1724 2226 2011 2298; x_wconf 70' lang='lat' dir='ltr'><strong>diﬁidentia</strong></span> 
     </span>
    </p>
   </div>
   <div class='ocr_carea' id='block_1_26' title="bbox 435 2321 2011 2388">
    <p class='ocr_par' dir='ltr' id='par_1_26' title="bbox 435 2321 2011 2388">
     <span class='ocr_line' id='line_1_26' title="bbox 435 2321 2011 2388; baseline -0.008 -3"><span class='ocrx_word' id='word_1_168' title='bbox 435 2329 635 2385; x_wconf 87' lang='lat' dir='ltr'><strong>oratio.</strong></span> <span class='ocrx_word' id='word_1_169' title='bbox 664 2327 986 2383; x_wconf 73' lang='lat' dir='ltr'><strong>Praecedens</strong></span> <span class='ocrx_word' id='word_1_170' title='bbox 1016 2326 1162 2380; x_wconf 90' lang='lat' dir='ltr'><strong>enim</strong></span> <span class='ocrx_word' id='word_1_171' title='bbox 1211 2323 1492 2388; x_wconf 83' lang='lat' dir='ltr'><strong>edisserit,</strong></span> <span class='ocrx_word' id='word_1_172' title='bbox 1536 2321 1788 2376; x_wconf 85' lang='lat' dir='ltr'><strong>ﬁduciam</strong></span> <span class='ocrx_word' id='word_1_173' title='bbox 1818 2333 2011 2387; x_wconf 84' lang='lat' dir='ltr'><strong>magna</strong></span> 
     </span>
    </p>
   </div>
   <div class='ocr_carea' id='block_1_27' title="bbox 439 2413 2008 2494">
    <p class='ocr_par' dir='ltr' id='par_1_27' title="bbox 439 2413 2008 2494">
     <span class='ocr_line' id='line_1_27' title="bbox 439 2413 2008 2494; baseline -0.01 -16"><span class='ocrx_word' id='word_1_174' title='bbox 439 2433 496 2478; x_wconf 88' lang='lat' dir='ltr'><strong>ut</strong></span> <span class='ocrx_word' id='word_1_175' title='bbox 524 2421 814 2494; x_wconf 85' lang='lat' dir='ltr'><strong>plurimum</strong></span> <span class='ocrx_word' id='word_1_176' title='bbox 847 2417 1040 2490; x_wconf 75' lang='lat' dir='ltr'><strong>168a</strong></span> <span class='ocrx_word' id='word_1_177' title='bbox 1071 2418 1264 2472; x_wconf 83' lang='lat' dir='ltr'><strong>damna</strong></span> <span class='ocrx_word' id='word_1_178' title='bbox 1313 2415 1712 2470; x_wconf 82' lang='lat' dir='ltr'><strong>conlidentibus</strong></span> <span class='ocrx_word' id='word_1_179' title='bbox 1740 2413 2008 2466; x_wconf 83' lang='lat' dir='ltr'><strong>attulisse.</strong></span> 
     </span>
    </p>
   </div>
   <div class='ocr_carea' id='block_1_28' title="bbox 437 2503 2014 2587">
    <p class='ocr_par' dir='ltr' id='par_1_28' title="bbox 437 2503 2014 2587">
     <span class='ocr_line' id='line_1_28' title="bbox 437 2503 2014 2587; baseline -0.008 -17"><span class='ocrx_word' id='word_1_180' title='bbox 437 2518 826 2587; x_wconf 79' lang='lat' dir='ltr'><strong>Argumentum</strong></span> <span class='ocrx_word' id='word_1_181' title='bbox 877 2511 1071 2566; x_wconf 88' lang='lat' dir='ltr'><strong>deimie</strong></span> <span class='ocrx_word' id='word_1_182' title='bbox 1123 2507 1382 2562; x_wconf 83' lang='lat' dir='ltr'><strong>orationis</strong></span> <span class='ocrx_word' id='word_1_183' title='bbox 1432 2503 1610 2561; x_wconf 79' lang='lat' dir='ltr'><strong>LVIII.</strong></span> <span class='ocrx_word' id='word_1_184' title='bbox 1649 2504 1793 2575; x_wconf 91' lang='lat' dir='ltr'><strong>quod</strong></span> <span class='ocrx_word' id='word_1_185' title='bbox 1856 2505 2014 2557; x_wconf 88' lang='lat' dir='ltr'><strong>docet</strong></span> 
     </span>
    </p>
   </div>
   <div class='ocr_carea' id='block_1_29' title="bbox 442 2594 2014 2675">
    <p class='ocr_par' dir='ltr' id='par_1_29' title="bbox 442 2594 2014 2675">
     <span class='ocr_line' id='line_1_29' title="bbox 442 2594 2014 2675; baseline -0.006 -15"><span class='ocrx_word' id='word_1_186' title='bbox 442 2605 744 2675; x_wconf 83' lang='lat' dir='ltr'><strong>inscriptio,</strong></span> <span class='ocrx_word' id='word_1_187' title='bbox 777 2603 853 2656; x_wconf 85' lang='lat' dir='ltr'><strong>De</strong></span> <span class='ocrx_word' id='word_1_188' title='bbox 889 2604 996 2673; x_wconf 82' lang='lat' dir='ltr'><strong>lege</strong></span> <span class='ocrx_word' id='word_1_189' title='bbox 1031 2613 1135 2666; x_wconf 88' lang='lat' dir='ltr'><strong>est,</strong></span> <span class='ocrx_word' id='word_1_190' title='bbox 1185 2609 1242 2652; x_wconf 83' lang='grc' dir='ltr'><strong>ιιι</strong></span> <span class='ocrx_word' id='word_1_191' title='bbox 1267 2608 1321 2652; x_wconf 91' lang='lat' dir='ltr'><strong>et</strong></span> <span class='ocrx_word' id='word_1_192' title='bbox 1366 2599 1708 2666; x_wconf 81' lang='lat' dir='ltr'><strong>insequentis</strong></span> <span class='ocrx_word' id='word_1_193' title='bbox 1755 2595 1889 2650; x_wconf 85' lang='lat' dir='ltr'><strong>LIX.</strong></span> <span class='ocrx_word' id='word_1_194' title='bbox 1943 2594 2014 2650; x_wconf 85' lang='lat' dir='ltr'><strong>De</strong></span> 
     </span>
    </p>
   </div>
   <div class='ocr_carea' id='block_1_30' title="bbox 441 2689 2012 2764">
    <p class='ocr_par' dir='ltr' id='par_1_30' title="bbox 441 2689 2012 2764">
     <span class='ocr_line' id='line_1_30' title="bbox 441 2689 2012 2764; baseline -0.012 -10"><span class='ocrx_word' id='word_1_195' title='bbox 441 2698 812 2754; x_wconf 72' lang='lat' dir='ltr'><strong>consuetudine</strong></span> <span class='ocrx_word' id='word_1_196' title='bbox 851 2712 864 2749; x_wconf 94' lang='lat'>:</span> <span class='ocrx_word' id='word_1_197' title='bbox 897 2707 1055 2764; x_wconf 85' lang='lat' dir='ltr'><strong>quam</strong></span> <span class='ocrx_word' id='word_1_198' title='bbox 1102 2691 1320 2762; x_wconf 83' lang='lat' dir='ltr'><strong>quidem</strong></span> <span class='ocrx_word' id='word_1_199' title='bbox 1360 2689 1694 2743; x_wconf 79' lang='lat' dir='ltr'><strong>tantumdem</strong></span> <span class='ocrx_word' id='word_1_200' title='bbox 1733 2695 2012 2755; x_wconf 67' lang='lat' dir='ltr'><strong>praestare,</strong></span> 
     </span>
    </p>
   </div>
   <div class='ocr_carea' id='block_1_31' title="bbox 439 2776 2016 2861">
    <p class='ocr_par' dir='ltr' id='par_1_31' title="bbox 439 2776 2016 2861">
     <span class='ocr_line' id='line_1_31' title="bbox 439 2776 2016 2861; baseline -0.01 -16"><span class='ocrx_word' id='word_1_201' title='bbox 439 2801 702 2861; x_wconf 87' lang='lat' dir='ltr'><strong>quantum</strong></span> <span class='ocrx_word' id='word_1_202' title='bbox 735 2789 821 2841; x_wconf 79' lang='lat' dir='ltr'><strong>lex</strong></span> <span class='ocrx_word' id='word_1_203' title='bbox 868 2786 1025 2848; x_wconf 83' lang='lat' dir='ltr'><strong>solet,</strong></span> <span class='ocrx_word' id='word_1_204' title='bbox 1058 2783 1316 2846; x_wconf 86' lang='lat' dir='ltr'><strong>ostendit,</strong></span> <span class='ocrx_word' id='word_1_205' title='bbox 1361 2783 1456 2835; x_wconf 89' lang='lat' dir='ltr'><strong>sed</strong></span> <span class='ocrx_word' id='word_1_206' title='bbox 1490 2797 1611 2834; x_wconf 89' lang='lat' dir='ltr'><strong>cum</strong></span> <span class='ocrx_word' id='word_1_207' title='bbox 1657 2779 1936 2847; x_wconf 81' lang='lat' dir='ltr'><strong>voluptate</strong></span> <span class='ocrx_word' id='word_1_208' title='bbox 1965 2776 2016 2830; x_wconf 88' lang='lat' dir='ltr'><strong>id</strong></span> 
     </span>
    </p>
   </div>
   <div class='ocr_carea' id='block_1_32' title="bbox 441 2872 2018 2950">
    <p class='ocr_par' dir='ltr' id='par_1_32' title="bbox 441 2872 2018 2950">
     <span class='ocr_line' id='line_1_32' title="bbox 441 2872 2018 2950; baseline -0.01 -15"><span class='ocrx_word' id='word_1_209' title='bbox 441 2882 624 2950; x_wconf 83' lang='lat' dir='ltr'><strong>potius</strong></span> <span class='ocrx_word' id='word_1_210' title='bbox 655 2889 817 2946; x_wconf 85' lang='lat' dir='ltr'><strong>atque</strong></span> <span class='ocrx_word' id='word_1_211' title='bbox 847 2876 1186 2938; x_wconf 87' lang='lat' dir='ltr'><strong>imluctione,</strong></span> <span class='ocrx_word' id='word_1_212' title='bbox 1220 2889 1381 2944; x_wconf 88' lang='lat' dir='ltr'><strong>quam</strong></span> <span class='ocrx_word' id='word_1_213' title='bbox 1413 2874 1499 2936; x_wconf 88' lang='lat' dir='ltr'><strong>vi,</strong></span> <span class='ocrx_word' id='word_1_214' title='bbox 1545 2872 1823 2941; x_wconf 87' lang='lat' dir='ltr'><strong>multoque</strong></span> <span class='ocrx_word' id='word_1_215' title='bbox 1862 2885 2018 2924; x_wconf 85' lang='lat' dir='ltr'><strong>secu-</strong></span> 
     </span>
    </p>
   </div>
   <div class='ocr_carea' id='block_1_33' title="bbox 443 2963 2016 3036">
    <p class='ocr_par' dir='ltr' id='par_1_33' title="bbox 443 2963 2016 3036">
     <span class='ocr_line' id='line_1_33' title="bbox 443 2963 2016 3036; baseline -0.008 -10"><span class='ocrx_word' id='word_1_216' title='bbox 443 2973 578 3026; x_wconf 82' lang='lat' dir='ltr'><strong>rius.</strong></span> <span class='ocrx_word' id='word_1_217' title='bbox 603 2970 730 3024; x_wconf 70' lang='lat' dir='ltr'><strong>nuta</strong></span> <span class='ocrx_word' id='word_1_218' title='bbox 759 2983 888 3023; x_wconf 88' lang='lat' dir='ltr'><strong>vero</strong></span> <span class='ocrx_word' id='word_1_219' title='bbox 921 2967 1220 3031; x_wconf 83' lang='lat' dir='ltr'><strong>orationes,</strong></span> <span class='ocrx_word' id='word_1_220' title='bbox 1253 2981 1372 3036; x_wconf 81' lang='lat' dir='ltr'><strong>quae</strong></span> <span class='ocrx_word' id='word_1_221' title='bbox 1399 2975 1724 3034; x_wconf 74' lang='lat' dir='ltr'><strong>Sequuntur,</strong></span> <span class='ocrx_word' id='word_1_222' title='bbox 1761 2963 1834 3016; x_wconf 81' lang='lat' dir='ltr'><strong>De</strong></span> <span class='ocrx_word' id='word_1_223' title='bbox 1879 2963 2016 3016; x_wconf 81' lang='lat' dir='ltr'><strong>invi-</strong></span> 
     </span>
    </p>
   </div>
   <div class='ocr_carea' id='block_1_34' title="bbox 2102 479 3690 551">
    <p class='ocr_par' dir='ltr' id='par_1_34' title="bbox 2102 479 3690 551">
     <span class='ocr_line' id='line_1_34' title="bbox 2102 479 3690 551; baseline 0.001 -15"><span class='ocrx_word' id='word_1_224' title='bbox 2102 483 2272 548; x_wconf 84' lang='grc' dir='ltr'>λείας</span> <span class='ocrx_word' id='word_1_225' title='bbox 2315 482 2411 536; x_wconf 75' lang='grc' dir='ltr'>καὶ</span> <span class='ocrx_word' id='word_1_226' title='bbox 2470 479 2824 549; x_wconf 68' lang='grc' dir='ltr'><strong>τυραννίδος</strong></span> <span class='ocrx_word' id='word_1_227' title='bbox 2883 481 3015 551; x_wconf 78' lang='grc' dir='ltr'>περὶ</span> <span class='ocrx_word' id='word_1_228' title='bbox 3071 480 3252 534; x_wconf 82' lang='grc' dir='ltr'>αὐτῶν</span> <span class='ocrx_word' id='word_1_229' title='bbox 3301 481 3511 536; x_wconf 85' lang='grc' dir='ltr'>τούτων</span> <span class='ocrx_word' id='word_1_230' title='bbox 3569 483 3690 538; x_wconf 82' lang='grc' dir='ltr'>δια-</span> 
     </span>
    </p>
   </div>
   <div class='ocr_carea' id='block_1_35' title="bbox 2104 571 3693 645">
    <p class='ocr_par' dir='ltr' id='par_1_35' title="bbox 2104 571 3693 645">
     <span class='ocr_line' id='line_1_35' title="bbox 2104 571 3693 645; baseline 0.003 -19"><span class='ocrx_word' id='word_1_231' title='bbox 2104 574 2391 645; x_wconf 77' lang='grc' dir='ltr'>λαμϐάνει.</span> <span class='ocrx_word' id='word_1_232' title='bbox 2435 575 2544 626; x_wconf 75' lang='grc' dir='ltr'><strong>Καὶ</strong></span> <span class='ocrx_word' id='word_1_233' title='bbox 2591 575 2639 626; x_wconf 85' lang='grc' dir='ltr'>οἱ</span> <span class='ocrx_word' id='word_1_234' title='bbox 2694 572 2895 644; x_wconf 75' lang='grc' dir='ltr'>ἐφεξῆς</span> <span class='ocrx_word' id='word_1_235' title='bbox 2934 573 2992 626; x_wconf 85' lang='grc' dir='ltr'><strong>δέ</strong></span> <span class='ocrx_word' id='word_1_236' title='bbox 3044 571 3095 642; x_wconf 81' lang='grc' dir='ltr'>γ’</span> <span class='ocrx_word' id='word_1_237' title='bbox 3137 573 3277 643; x_wconf 85' lang='lat' dir='ltr'><strong>Napi</strong></span> <span class='ocrx_word' id='word_1_238' title='bbox 3304 575 3495 643; x_wconf 82' lang='grc' dir='ltr'><strong>τύχης</strong></span> <span class='ocrx_word' id='word_1_239' title='bbox 3544 574 3693 644; x_wconf 84' lang='grc' dir='ltr'>λόγοι</span> 
     </span>
    </p>
   </div>
   <div class='ocr_carea' id='block_1_36' title="bbox 2104 665 3695 738">
    <p class='ocr_par' dir='ltr' id='par_1_36' title="bbox 2104 665 3695 738">
     <span class='ocr_line' id='line_1_36' title="bbox 2104 665 3695 738; baseline 0 -18"><span class='ocrx_word' id='word_1_240' title='bbox 2104 667 2364 738; x_wconf 83' lang='grc' dir='ltr'>χαρίεντά</span> <span class='ocrx_word' id='word_1_241' title='bbox 2390 683 2512 720; x_wconf 90' lang='grc' dir='ltr'>τινα</span> <span class='ocrx_word' id='word_1_242' title='bbox 2525 667 2618 718; x_wconf 79' lang='grc' dir='ltr'>καὶ</span> <span class='ocrx_word' id='word_1_243' title='bbox 2635 665 2954 736; x_wconf 76' lang='grc' dir='ltr'><strong>φιλοσοφίας</strong></span> <span class='ocrx_word' id='word_1_244' title='bbox 2975 666 3092 736; x_wconf 74' lang='grc' dir='ltr'>ἅμα</span> <span class='ocrx_word' id='word_1_245' title='bbox 3115 666 3350 736; x_wconf 90' lang='grc' dir='ltr'>ἐχόμενα</span> <span class='ocrx_word' id='word_1_246' title='bbox 3367 665 3695 738; x_wconf 80' lang='grc' dir='ltr'>θεωρήματα</span> 
     </span>
    </p>
   </div>
   <div class='ocr_carea' id='block_1_37' title="bbox 2104 759 3692 830">
    <p class='ocr_par' dir='ltr' id='par_1_37' title="bbox 2104 759 3692 830">
     <span class='ocr_line' id='line_1_37' title="bbox 2104 759 3692 830; baseline -0.001 -14"><span class='ocrx_word' id='word_1_247' title='bbox 2104 761 2480 817; x_wconf 86' lang='grc' dir='ltr'>διατυποῦσιν.</span> <span class='ocrx_word' id='word_1_248' title='bbox 2551 759 2830 822; x_wconf 81' lang='grc' dir='ltr'><strong>Ὡσαύτως</strong></span> <span class='ocrx_word' id='word_1_249' title='bbox 2874 759 2971 813; x_wconf 74' lang='grc' dir='ltr'>καὶ</span> <span class='ocrx_word' id='word_1_250' title='bbox 3012 760 3061 812; x_wconf 81' lang='grc' dir='ltr'>οἱ</span> <span class='ocrx_word' id='word_1_251' title='bbox 3108 759 3247 830; x_wconf 82' lang='grc' dir='ltr'>μετὰ</span> <span class='ocrx_word' id='word_1_252' title='bbox 3275 759 3501 822; x_wconf 83' lang='grc' dir='ltr'><strong>τούτους</strong></span> <span class='ocrx_word' id='word_1_253' title='bbox 3551 760 3692 829; x_wconf 79' lang='grc' dir='ltr'>Περὶ</span> 
     </span>
    </p>
   </div>
   <div class='ocr_carea' id='block_1_38' title="bbox 2105 849 3697 922">
    <p class='ocr_par' dir='ltr' id='par_1_38' title="bbox 2105 849 3697 922">
     <span class='ocr_line' id='line_1_38' title="bbox 2105 849 3697 922; baseline -0.002 -15"><span class='ocrx_word' id='word_1_254' title='bbox 2105 853 2294 920; x_wconf 78' lang='grc' dir='ltr'>δόξης</span> <span class='ocrx_word' id='word_1_255' title='bbox 2323 859 2370 921; x_wconf 82' lang='grc' dir='ltr'>γ’</span> <span class='ocrx_word' id='word_1_256' title='bbox 2391 853 2540 920; x_wconf 90' lang='grc' dir='ltr'>λόγοι</span> <span class='ocrx_word' id='word_1_257' title='bbox 2563 849 3101 921; x_wconf 78' lang='grc' dir='ltr'>συμϐουλεύουσικαὶ</span> <span class='ocrx_word' id='word_1_258' title='bbox 3127 849 3458 921; x_wconf 79' lang='grc' dir='ltr'><strong>παραινοῦσι</strong></span> <span class='ocrx_word' id='word_1_259' title='bbox 3492 851 3697 922; x_wconf 84' lang='grc' dir='ltr'>μηδένα</span> 
     </span>
    </p>
   </div>
   <div class='ocr_carea' id='block_1_39' title="bbox 2104 943 3697 1017">
    <p class='ocr_par' dir='ltr' id='par_1_39' title="bbox 2104 943 3697 1017">
     <span class='ocr_line' id='line_1_39' title="bbox 2104 943 3697 1017; baseline -0.002 -18"><span class='ocrx_word' id='word_1_260' title='bbox 2104 944 2262 1015; x_wconf 88' lang='grc' dir='ltr'>λόγον</span> <span class='ocrx_word' id='word_1_261' title='bbox 2295 948 2396 1017; x_wconf 85' lang='grc' dir='ltr'>τῆς</span> <span class='ocrx_word' id='word_1_262' title='bbox 2416 946 2526 998; x_wconf 85' lang='grc' dir='ltr'><strong>τῶν</strong></span> <span class='ocrx_word' id='word_1_263' title='bbox 2555 943 2767 998; x_wconf 84' lang='grc' dir='ltr'>πολλῶν</span> <span class='ocrx_word' id='word_1_264' title='bbox 2785 943 2943 1014; x_wconf 78' lang='grc' dir='ltr'>δόξης</span> <span class='ocrx_word' id='word_1_265' title='bbox 2972 943 3247 997; x_wconf 84' lang='grc' dir='ltr'>ποιεῖσθαι</span> <span class='ocrx_word' id='word_1_266' title='bbox 3271 959 3287 976; x_wconf 74' lang='grc' dir='ltr'><strong>ο</strong></span> <span class='ocrx_word' id='word_1_267' title='bbox 3320 943 3462 997; x_wconf 80' lang='grc' dir='ltr'>καλὰ</span> <span class='ocrx_word' id='word_1_268' title='bbox 3489 943 3546 996; x_wconf 84' lang='grc' dir='ltr'>δὲ</span> <span class='ocrx_word' id='word_1_269' title='bbox 3599 945 3697 998; x_wconf 67' lang='grc' dir='ltr'><strong>καὶ⁹</strong></span> 
     </span>
    </p>
   </div>
   <div class='ocr_carea' id='block_1_40' title="bbox 2105 1035 3693 1109">
    <p class='ocr_par' dir='ltr' id='par_1_40' title="bbox 2105 1035 3693 1109">
     <span class='ocr_line' id='line_1_40' title="bbox 2105 1035 3693 1109; baseline -0.002 -17"><span class='ocrx_word' id='word_1_270' title='bbox 2105 1038 2358 1109; x_wconf 82' lang='grc' dir='ltr'><strong>ὠφέλιμα</strong></span> <span class='ocrx_word' id='word_1_271' title='bbox 2387 1041 2454 1109; x_wconf 79' lang='grc' dir='ltr'><strong>τῇ</strong></span> <span class='ocrx_word' id='word_1_272' title='bbox 2489 1037 2812 1109; x_wconf 84' lang='grc' dir='ltr'><strong>παραινέσει</strong></span> <span class='ocrx_word' id='word_1_273' title='bbox 2847 1035 3297 1089; x_wconf 86' lang='grc' dir='ltr'>συνδιαπλέκεται</span> <span class='ocrx_word' id='word_1_274' title='bbox 3336 1036 3693 1107; x_wconf 79' lang='grc' dir='ltr'>θεωρήματα.</span> 
     </span>
    </p>
   </div>
   <div class='ocr_carea' id='block_1_41' title="bbox 2110 1127 3701 1203">
    <p class='ocr_par' dir='ltr' id='par_1_41' title="bbox 2110 1127 3701 1203">
     <span class='ocr_line' id='line_1_41' title="bbox 2110 1127 3701 1203; baseline -0.004 -16"><span class='ocrx_word' id='word_1_275' title='bbox 2110 1131 2237 1202; x_wconf 72' lang='grc'><strong>[557</strong></span> <span class='ocrx_word' id='word_1_276' title='bbox 2263 1129 2356 1203; x_wconf 66' lang='lat' dir='ltr'><strong>IL]</strong></span> <span class='ocrx_word' id='word_1_277' title='bbox 2400 1129 2460 1185; x_wconf 86' lang='grc'><strong>⁸0</strong></span> <span class='ocrx_word' id='word_1_278' title='bbox 2482 1129 2539 1184; x_wconf 85' lang='grc' dir='ltr'><strong>δέ</strong></span> <span class='ocrx_word' id='word_1_279' title='bbox 2571 1127 2676 1183; x_wconf 86' lang='lat' dir='ltr'><strong>NB’</strong></span> <span class='ocrx_word' id='word_1_280' title='bbox 2696 1130 2833 1199; x_wconf 87' lang='lat' dir='ltr'><strong>Napi</strong></span> <span class='ocrx_word' id='word_1_281' title='bbox 2856 1127 3076 1197; x_wconf 81' lang='grc' dir='ltr'>ἀρετῆς</span> <span class='ocrx_word' id='word_1_282' title='bbox 3097 1129 3193 1182; x_wconf 76' lang='grc' dir='ltr'>καὶ</span> <span class='ocrx_word' id='word_1_283' title='bbox 3214 1128 3584 1199; x_wconf 78' lang='grc' dir='ltr'>ἐπιγράφεται</span> <span class='ocrx_word' id='word_1_284' title='bbox 3601 1131 3701 1182; x_wconf 57' lang='grc' dir='ltr'><strong>καὶ⁵</strong></span> 
     </span>
    </p>
   </div>
   <div class='ocr_carea' id='block_1_42' title="bbox 2107 1221 3698 1294">
    <p class='ocr_par' dir='ltr' id='par_1_42' title="bbox 2107 1221 3698 1294">
     <span class='ocr_line' id='line_1_42' title="bbox 2107 1221 3698 1294; baseline -0.003 -15"><span class='ocrx_word' id='word_1_285' title='bbox 2107 1226 2265 1279; x_wconf 82' lang='grc' dir='ltr'>δίεισι</span> <span class='ocrx_word' id='word_1_286' title='bbox 2299 1226 2366 1280; x_wconf 76' lang='grc'><strong>⁸⁸.</strong></span> <span class='ocrx_word' id='word_1_287' title='bbox 2397 1223 2536 1294; x_wconf 90' lang='lat' dir='ltr'><strong>Napi</strong></span> <span class='ocrx_word' id='word_1_288' title='bbox 2561 1225 2926 1294; x_wconf 71' lang='grc' dir='ltr'>φιλοσοφίας</span> <span class='ocrx_word' id='word_1_289' title='bbox 2949 1223 3004 1276; x_wconf 87' lang='grc' dir='ltr'><strong>δέ</strong></span> <span class='ocrx_word' id='word_1_290' title='bbox 3045 1226 3190 1277; x_wconf 92' lang='grc' dir='ltr'>ἐστιν</span> <span class='ocrx_word' id='word_1_291' title='bbox 3219 1225 3247 1276; x_wconf 99' lang='lat'><strong>6</strong></span> <span class='ocrx_word' id='word_1_292' title='bbox 3280 1221 3334 1277; x_wconf 79' lang='grc' dir='ltr'><strong>Γ</strong></span> <span class='ocrx_word' id='word_1_293' title='bbox 3361 1223 3457 1275; x_wconf 74' lang='grc' dir='ltr'>καὶ</span> <span class='ocrx_word' id='word_1_294' title='bbox 3488 1222 3574 1278; x_wconf 88' lang='grc' dir='ltr'><strong>Ν’.</strong></span> <span class='ocrx_word' id='word_1_295' title='bbox 3637 1223 3698 1275; x_wconf 87' lang='grc' dir='ltr'>Ὁ</span> 
     </span>
    </p>
   </div>
   <div class='ocr_carea' id='block_1_43' title="bbox 2108 1313 3698 1386">
    <p class='ocr_par' dir='ltr' id='par_1_43' title="bbox 2108 1313 3698 1386">
     <span class='ocr_line' id='line_1_43' title="bbox 2108 1313 3698 1386; baseline 0 -17"><span class='ocrx_word' id='word_1_296' title='bbox 2108 1317 2169 1371; x_wconf 80' lang='grc' dir='ltr'>δὲ</span> <span class='ocrx_word' id='word_1_297' title='bbox 2224 1318 2268 1349; x_wconf 81' lang='grc'><strong>⁸¹</strong></span> <span class='ocrx_word' id='word_1_298' title='bbox 2321 1315 2426 1370; x_wconf 86' lang='lat' dir='ltr'><strong>NA&#39;</strong></span> <span class='ocrx_word' id='word_1_299' title='bbox 2461 1315 2600 1386; x_wconf 84' lang='lat' dir='ltr'><strong>Napi</strong></span> <span class='ocrx_word' id='word_1_300' title='bbox 2647 1315 2756 1369; x_wconf 82' lang='grc' dir='ltr'>τοῦ</span> <span class='ocrx_word' id='word_1_301' title='bbox 2793 1317 3156 1384; x_wconf 65' lang='grc' dir='ltr'>φιλοσόφου.</span> <span class='ocrx_word' id='word_1_302' title='bbox 3202 1315 3261 1370; x_wconf 90' lang='lat'><strong>&#39;0</strong></span> <span class='ocrx_word' id='word_1_303' title='bbox 3305 1314 3362 1369; x_wconf 79' lang='grc' dir='ltr'>δὲ</span> <span class='ocrx_word' id='word_1_304' title='bbox 3389 1313 3442 1368; x_wconf 83' lang='grc' dir='ltr'><strong>Ε⁹</strong></span> <span class='ocrx_word' id='word_1_305' title='bbox 3469 1315 3563 1369; x_wconf 68' lang='grc' dir='ltr'>καὶ</span> <span class='ocrx_word' id='word_1_306' title='bbox 3610 1313 3698 1381; x_wconf 87' lang='lat' dir='ltr'><strong>N&#39;,</strong></span> 
     </span>
    </p>
   </div>
   <div class='ocr_carea' id='block_1_44' title="bbox 2110 1405 3700 1478">
    <p class='ocr_par' dir='ltr' id='par_1_44' title="bbox 2110 1405 3700 1478">
     <span class='ocr_line' id='line_1_44' title="bbox 2110 1405 3700 1478; baseline -0.003 -16"><span class='ocrx_word' id='word_1_307' title='bbox 2110 1407 2248 1476; x_wconf 83' lang='lat' dir='ltr'><strong>Napi</strong></span> <span class='ocrx_word' id='word_1_308' title='bbox 2281 1407 2388 1462; x_wconf 84' lang='grc' dir='ltr'>τοῦ</span> <span class='ocrx_word' id='word_1_309' title='bbox 2417 1407 2731 1478; x_wconf 78' lang='grc' dir='ltr'>σχήματος</span> <span class='ocrx_word' id='word_1_310' title='bbox 2764 1407 3273 1478; x_wconf 77' lang='grc' dir='ltr'><strong>ἐπιγεγραμμένος,</strong></span> <span class='ocrx_word' id='word_1_311' title='bbox 3309 1405 3583 1460; x_wconf 87' lang='grc' dir='ltr'>δείκνυσιν</span> <span class='ocrx_word' id='word_1_312' title='bbox 3622 1406 3700 1468; x_wconf 76' lang='grc' dir='ltr'><strong>ὡς</strong></span> 
     </span>
    </p>
   </div>
   <div class='ocr_carea' id='block_1_45' title="bbox 2111 1499 3699 1570">
    <p class='ocr_par' dir='ltr' id='par_1_45' title="bbox 2111 1499 3699 1570">
     <span class='ocr_line' id='line_1_45' title="bbox 2111 1499 3699 1570; baseline -0.001 -18"><span class='ocrx_word' id='word_1_313' title='bbox 2111 1501 2172 1554; x_wconf 85' lang='grc' dir='ltr'>οὐ</span> <span class='ocrx_word' id='word_1_314' title='bbox 2199 1499 2388 1570; x_wconf 85' lang='grc' dir='ltr'>χιτῶνι</span> <span class='ocrx_word' id='word_1_315' title='bbox 2430 1502 2522 1553; x_wconf 74' lang='grc' dir='ltr'>καὶ</span> <span class='ocrx_word' id='word_1_316' title='bbox 2549 1499 2860 1570; x_wconf 78' lang='grc' dir='ltr'>ὑποδήματι</span> <span class='ocrx_word' id='word_1_317' title='bbox 2893 1499 3197 1568; x_wconf 84' lang='grc' dir='ltr'>φιλοσόφων</span> <span class='ocrx_word' id='word_1_318' title='bbox 3226 1499 3255 1553; x_wconf 90' lang='lat'><strong>6</strong></span> <span class='ocrx_word' id='word_1_319' title='bbox 3287 1515 3699 1569; x_wconf 88' lang='grc' dir='ltr'>κατεσχηματι-</span> 
     </span>
    </p>
   </div>
   <div class='ocr_carea' id='block_1_46' title="bbox 2114 1587 3698 1664">
    <p class='ocr_par' dir='ltr' id='par_1_46' title="bbox 2114 1587 3698 1664">
     <span class='ocr_line' id='line_1_46' title="bbox 2114 1587 3698 1664; baseline -0.002 -19"><span class='ocrx_word' id='word_1_320' title='bbox 2114 1593 2310 1663; x_wconf 81' lang='grc' dir='ltr'>σμένος</span> <span class='ocrx_word' id='word_1_321' title='bbox 2322 1593 2368 1624; x_wconf 78' lang='grc'><strong>⁵³</strong></span> <span class='ocrx_word' id='word_1_322' title='bbox 2398 1591 2522 1664; x_wconf 72' lang='grc' dir='ltr'>ἤδη,</span> <span class='ocrx_word' id='word_1_323' title='bbox 2554 1591 2760 1645; x_wconf 72' lang='grc' dir='ltr'>καὶτὸν</span> <span class='ocrx_word' id='word_1_324' title='bbox 2786 1591 2900 1661; x_wconf 86' lang='grc' dir='ltr'>βίον</span> <span class='ocrx_word' id='word_1_325' title='bbox 2926 1591 3216 1661; x_wconf 86' lang='grc' dir='ltr'>φιλόσοφός</span> <span class='ocrx_word' id='word_1_326' title='bbox 3249 1593 3416 1644; x_wconf 89' lang='grc' dir='ltr'>ἐστιν.</span> <span class='ocrx_word' id='word_1_327' title='bbox 3461 1589 3522 1642; x_wconf 84' lang='grc'><strong>’0</strong></span> <span class='ocrx_word' id='word_1_328' title='bbox 3549 1589 3604 1644; x_wconf 82' lang='grc' dir='ltr'>δὲ</span> <span class='ocrx_word' id='word_1_329' title='bbox 3628 1587 3698 1657; x_wconf 72' lang='grc' dir='ltr'><em>ς’</em></span> 
     </span>
    </p>
   </div>
   <div class='ocr_carea' id='block_1_47' title="bbox 2113 1679 3693 1756">
    <p class='ocr_par' dir='ltr' id='par_1_47' title="bbox 2113 1679 3693 1756">
     <span class='ocr_line' id='line_1_47' title="bbox 2113 1679 3693 1756; baseline -0.001 -20"><span class='ocrx_word' id='word_1_330' title='bbox 2113 1685 2208 1737; x_wconf 70' lang='grc' dir='ltr'>καὶ</span> <span class='ocrx_word' id='word_1_331' title='bbox 2231 1684 2313 1752; x_wconf 87' lang='lat' dir='ltr'><strong>N&#39;,</strong></span> <span class='ocrx_word' id='word_1_332' title='bbox 2332 1684 2468 1752; x_wconf 83' lang='lat' dir='ltr'><strong>Napi</strong></span> <span class='ocrx_word' id='word_1_333' title='bbox 2483 1684 2743 1750; x_wconf 83' lang='grc' dir='ltr'>πίστεως</span> <span class='ocrx_word' id='word_1_334' title='bbox 2758 1685 3073 1756; x_wconf 76' lang='grc' dir='ltr'>ἐπιγραφῆς</span> <span class='ocrx_word' id='word_1_335' title='bbox 3091 1681 3290 1754; x_wconf 81' lang='grc' dir='ltr'>τυχὼν,</span> <span class='ocrx_word' id='word_1_336' title='bbox 3309 1684 3400 1736; x_wconf 70' lang='grc' dir='ltr'>καὶ</span> <span class='ocrx_word' id='word_1_337' title='bbox 3425 1683 3454 1735; x_wconf 91' lang='lat'><strong>6</strong></span> <span class='ocrx_word' id='word_1_338' title='bbox 3471 1679 3693 1752; x_wconf 78' lang='grc' dir='ltr'>ἐφεξῆς,</span> 
     </span>
    </p>
   </div>
   <div class='ocr_carea' id='block_1_48' title="bbox 2116 1772 3702 1846">
    <p class='ocr_par' dir='ltr' id='par_1_48' title="bbox 2116 1772 3702 1846">
     <span class='ocr_line' id='line_1_48' title="bbox 2116 1772 3702 1846; baseline -0.002 -17"><span class='ocrx_word' id='word_1_339' title='bbox 2116 1775 2256 1844; x_wconf 77' lang='grc' dir='ltr'>Περὶ</span> <span class='ocrx_word' id='word_1_340' title='bbox 2326 1775 2652 1841; x_wconf 83' lang='grc' dir='ltr'>ἀπιστίας,</span> <span class='ocrx_word' id='word_1_341' title='bbox 2708 1775 3112 1846; x_wconf 88' lang='grc' dir='ltr'>προτρέπονται</span> <span class='ocrx_word' id='word_1_342' title='bbox 3187 1772 3558 1844; x_wconf 83' lang='grc' dir='ltr'>φυλάσσεσθαι</span> <span class='ocrx_word' id='word_1_343' title='bbox 3637 1773 3702 1826; x_wconf 75' lang='grc' dir='ltr'>τὸ</span> 
     </span>
    </p>
   </div>
   <div class='ocr_carea' id='block_1_49' title="bbox 2116 1865 3701 1940">
    <p class='ocr_par' dir='ltr' id='par_1_49' title="bbox 2116 1865 3701 1940">
     <span class='ocr_line' id='line_1_49' title="bbox 2116 1865 3701 1940; baseline -0.002 -20"><span class='ocrx_word' id='word_1_344' title='bbox 2116 1867 2338 1940; x_wconf 75' lang='grc' dir='ltr'>θαρρεῖν</span> <span class='ocrx_word' id='word_1_345' title='bbox 2377 1868 2470 1922; x_wconf 79' lang='grc' dir='ltr'>καὶ</span> <span class='ocrx_word' id='word_1_346' title='bbox 2517 1867 2943 1922; x_wconf 86' lang='grc' dir='ltr'>καταπιστεύειν</span> <span class='ocrx_word' id='word_1_347' title='bbox 2985 1867 3078 1920; x_wconf 76' lang='grc' dir='ltr'>καὶ</span> <span class='ocrx_word' id='word_1_348' title='bbox 3109 1869 3222 1931; x_wconf 91' lang='grc' dir='ltr'>τοῖς</span> <span class='ocrx_word' id='word_1_349' title='bbox 3252 1865 3489 1938; x_wconf 87' lang='grc' dir='ltr'>μάλιστα</span> <span class='ocrx_word' id='word_1_350' title='bbox 3527 1865 3701 1935; x_wconf 87' lang='grc' dir='ltr'>φιλεῖν</span> 
     </span>
    </p>
   </div>
   <div class='ocr_carea' id='block_1_50' title="bbox 2119 1956 3700 2029">
    <p class='ocr_par' dir='ltr' id='par_1_50' title="bbox 2119 1956 3700 2029">
     <span class='ocr_line' id='line_1_50' title="bbox 2119 1956 3700 2029; baseline -0.001 -19"><span class='ocrx_word' id='word_1_351' title='bbox 2119 1956 2338 2011; x_wconf 77' lang='grc' dir='ltr'>δοκοῦσι</span> <span class='ocrx_word' id='word_1_352' title='bbox 2363 1971 2378 1988; x_wconf 76' lang='grc' dir='ltr'><strong>ο</strong></span> <span class='ocrx_word' id='word_1_353' title='bbox 2409 1957 2625 2022; x_wconf 79' lang='grc' dir='ltr'>πολλοῖς</span> <span class='ocrx_word' id='word_1_354' title='bbox 2655 1957 2764 2029; x_wconf 70' lang='grc' dir='ltr'>γὰρ</span> <span class='ocrx_word' id='word_1_355' title='bbox 2788 1958 3112 2012; x_wconf 79' lang='grc' dir='ltr'>πιστεύσασι</span> <span class='ocrx_word' id='word_1_356' title='bbox 3145 1958 3242 2028; x_wconf 84' lang='grc' dir='ltr'>μὲν</span> <span class='ocrx_word' id='word_1_357' title='bbox 3281 1956 3496 2028; x_wconf 82' lang='grc' dir='ltr'>μεγάλη</span> <span class='ocrx_word' id='word_1_358' title='bbox 3521 1957 3700 2027; x_wconf 77' lang='grc' dir='ltr'>ἀπήν-</span> 
     </span>
    </p>
   </div>
   <div class='ocr_carea' id='block_1_51' title="bbox 2115 2048 3706 2122">
    <p class='ocr_par' dir='ltr' id='par_1_51' title="bbox 2115 2048 3706 2122">
     <span class='ocr_line' id='line_1_51' title="bbox 2115 2048 3706 2122; baseline 0 -21"><span class='ocrx_word' id='word_1_359' title='bbox 2115 2064 2249 2122; x_wconf 87' lang='grc' dir='ltr'>τησε</span> <span class='ocrx_word' id='word_1_360' title='bbox 2318 2050 2596 2122; x_wconf 77' lang='grc' dir='ltr'>συμφορὰ,</span> <span class='ocrx_word' id='word_1_361' title='bbox 2655 2051 2883 2122; x_wconf 77' lang='grc' dir='ltr'>ἀπιστίᾳ</span> <span class='ocrx_word' id='word_1_362' title='bbox 2931 2051 2988 2104; x_wconf 82' lang='grc' dir='ltr'>δὲ</span> <span class='ocrx_word' id='word_1_363' title='bbox 3047 2052 3416 2122; x_wconf 81' lang='grc' dir='ltr'>φραξαμένοις</span> <span class='ocrx_word' id='word_1_364' title='bbox 3470 2048 3706 2120; x_wconf 66' lang='grc' dir='ltr'>λαμπρὰ</span> 
     </span>
    </p>
   </div>
   <div class='ocr_carea' id='block_1_52' title="bbox 2117 2139 3706 2215">
    <p class='ocr_par' dir='ltr' id='par_1_52' title="bbox 2117 2139 3706 2215">
     <span class='ocr_line' id='line_1_52' title="bbox 2117 2139 3706 2215; baseline 0.001 -23"><span class='ocrx_word' id='word_1_365' title='bbox 2117 2139 2440 2212; x_wconf 81' lang='grc' dir='ltr'>περιγέγονε</span> <span class='ocrx_word' id='word_1_366' title='bbox 2460 2142 2726 2214; x_wconf 80' lang='grc' dir='ltr'>σωτηρία.</span> <span class='ocrx_word' id='word_1_367' title='bbox 2751 2142 2911 2196; x_wconf 83' lang='grc' dir='ltr'><strong>Ἀλλά</strong></span> <span class='ocrx_word' id='word_1_368' title='bbox 2925 2142 3099 2197; x_wconf 82' lang='grc' dir='ltr'>ταῦτα</span> <span class='ocrx_word' id='word_1_369' title='bbox 3112 2145 3210 2215; x_wconf 81' lang='grc' dir='ltr'>μὲν</span> <span class='ocrx_word' id='word_1_370' title='bbox 3226 2146 3252 2197; x_wconf 89' lang='lat'><strong>6</strong></span> <span class='ocrx_word' id='word_1_371' title='bbox 3269 2143 3404 2212; x_wconf 80' lang='lat' dir='ltr'><strong>Napi</strong></span> <span class='ocrx_word' id='word_1_372' title='bbox 3419 2141 3706 2206; x_wconf 80' lang='grc' dir='ltr'>ἀπιστίας</span> 
     </span>
    </p>
   </div>
   <div class='ocr_carea' id='block_1_53' title="bbox 2117 2232 3706 2305">
    <p class='ocr_par' dir='ltr' id='par_1_53' title="bbox 2117 2232 3706 2305">
     <span class='ocr_line' id='line_1_53' title="bbox 2117 2232 3706 2305; baseline 0.004 -19"><span class='ocrx_word' id='word_1_373' title='bbox 2117 2232 2276 2302; x_wconf 80' lang='grc' dir='ltr'>λόγος</span> <span class='ocrx_word' id='word_1_374' title='bbox 2299 2249 2312 2263; x_wconf 88' lang='grc'><strong>·</strong></span> <span class='ocrx_word' id='word_1_375' title='bbox 2331 2234 2426 2287; x_wconf 84' lang='grc' dir='ltr'>όδὲ</span> <span class='ocrx_word' id='word_1_376' title='bbox 2457 2234 2562 2305; x_wconf 82' lang='grc' dir='ltr'>πρὸ</span> <span class='ocrx_word' id='word_1_377' title='bbox 2583 2234 2746 2288; x_wconf 75' lang='grc' dir='ltr'>αὐτοῦ</span> <span class='ocrx_word' id='word_1_378' title='bbox 2767 2235 3020 2300; x_wconf 76' lang='grc' dir='ltr'>διέξεισιν</span> <span class='ocrx_word' id='word_1_379' title='bbox 3042 2236 3118 2298; x_wconf 81' lang='grc' dir='ltr'>ὡς</span> <span class='ocrx_word' id='word_1_380' title='bbox 3138 2241 3232 2291; x_wconf 79' lang='grc' dir='ltr'>καὶ</span> <span class='ocrx_word' id='word_1_381' title='bbox 3259 2238 3320 2292; x_wconf 85' lang='grc' dir='ltr'><strong>τὺ</strong></span> <span class='ocrx_word' id='word_1_382' title='bbox 3349 2237 3706 2293; x_wconf 83' lang='grc' dir='ltr'>πιστεύεσθαι</span> 
     </span>
    </p>
   </div>
   <div class='ocr_carea' id='block_1_54' title="bbox 2121 2323 3702 2401">
    <p class='ocr_par' dir='ltr' id='par_1_54' title="bbox 2121 2323 3702 2401">
     <span class='ocr_line' id='line_1_54' title="bbox 2121 2323 3702 2401; baseline 0.005 -25"><span class='ocrx_word' id='word_1_383' title='bbox 2121 2323 2196 2388; x_wconf 84' lang='grc' dir='ltr'><strong>ὡς</strong></span> <span class='ocrx_word' id='word_1_384' title='bbox 2230 2323 2438 2378; x_wconf 86' lang='grc' dir='ltr'>ἐπίπαν</span> <span class='ocrx_word' id='word_1_385' title='bbox 2491 2327 2706 2395; x_wconf 88' lang='grc' dir='ltr'>μεγάλα</span> <span class='ocrx_word' id='word_1_386' title='bbox 2729 2329 2858 2390; x_wconf 83' lang='grc' dir='ltr'>τοὺς</span> <span class='ocrx_word' id='word_1_387' title='bbox 2913 2329 3338 2396; x_wconf 79' lang='grc' dir='ltr'>πιστευομένους</span> <span class='ocrx_word' id='word_1_388' title='bbox 3371 2330 3702 2401; x_wconf 77' lang='grc' dir='ltr'>ἐζημίωσεν.</span> 
     </span>
    </p>
   </div>
   <div class='ocr_carea' id='block_1_55' title="bbox 2134 2407 3710 2493">
    <p class='ocr_par' dir='ltr' id='par_1_55' title="bbox 2134 2407 3710 2493">
     <span class='ocr_line' id='line_1_55' title="bbox 2134 2407 3710 2493; baseline 0.004 -25"><span class='ocrx_word' id='word_1_389' title='bbox 2134 2415 2200 2469; x_wconf 89' lang='grc' dir='ltr'><strong>Ἦ</strong></span> <span class='ocrx_word' id='word_1_390' title='bbox 2229 2415 2274 2469; x_wconf 77' lang='grc' dir='ltr'>δ’</span> <span class='ocrx_word' id='word_1_391' title='bbox 2302 2407 2557 2482; x_wconf 76' lang='grc' dir='ltr'>ὑπόθεσις</span> <span class='ocrx_word' id='word_1_392' title='bbox 2591 2419 2685 2472; x_wconf 86' lang='grc' dir='ltr'>τοῦ</span> <span class='ocrx_word' id='word_1_393' title='bbox 2735 2414 2846 2473; x_wconf 84' lang='lat' dir='ltr'><strong>NH’</strong></span> <span class='ocrx_word' id='word_1_394' title='bbox 2895 2420 3078 2488; x_wconf 85' lang='grc' dir='ltr'>λόγου,</span> <span class='ocrx_word' id='word_1_395' title='bbox 3133 2420 3319 2492; x_wconf 81' lang='grc' dir='ltr'>ὥσπερ</span> <span class='ocrx_word' id='word_1_396' title='bbox 3369 2421 3463 2474; x_wconf 77' lang='grc' dir='ltr'>καὶ</span> <span class='ocrx_word' id='word_1_397' title='bbox 3506 2423 3540 2493; x_wconf 78' lang='grc' dir='ltr'>ἡ</span> <span class='ocrx_word' id='word_1_398' title='bbox 3587 2424 3710 2474; x_wconf 88' lang='grc' dir='ltr'>ἐπι-</span> 
     </span>
    </p>
   </div>
   <div class='ocr_carea' id='block_1_56' title="bbox 2123 2509 3706 2583">
    <p class='ocr_par' dir='ltr' id='par_1_56' title="bbox 2123 2509 3706 2583">
     <span class='ocr_line' id='line_1_56' title="bbox 2123 2509 3706 2583; baseline 0.004 -24"><span class='ocrx_word' id='word_1_399' title='bbox 2123 2509 2336 2580; x_wconf 78' lang='grc' dir='ltr'>γραφὴ,</span> <span class='ocrx_word' id='word_1_400' title='bbox 2368 2509 2507 2576; x_wconf 80' lang='lat' dir='ltr'><strong>Napi</strong></span> <span class='ocrx_word' id='word_1_401' title='bbox 2535 2510 2722 2579; x_wconf 77' lang='grc' dir='ltr'>νόμου</span> <span class='ocrx_word' id='word_1_402' title='bbox 2752 2511 2897 2564; x_wconf 87' lang='grc' dir='ltr'>ἐστίν</span> <span class='ocrx_word' id='word_1_403' title='bbox 2921 2528 2934 2542; x_wconf 88' lang='grc'><strong>·</strong></span> <span class='ocrx_word' id='word_1_404' title='bbox 2983 2511 3059 2575; x_wconf 84' lang='grc' dir='ltr'><strong>ὡς</strong></span> <span class='ocrx_word' id='word_1_405' title='bbox 3082 2511 3176 2565; x_wconf 56' lang='grc' dir='ltr'><strong>καὶ⁸</strong></span> <span class='ocrx_word' id='word_1_406' title='bbox 3204 2513 3238 2583; x_wconf 85' lang='grc' dir='ltr'><strong>ἡ</strong></span> <span class='ocrx_word' id='word_1_407' title='bbox 3271 2511 3364 2565; x_wconf 84' lang='grc' dir='ltr'><strong>τοῦ</strong></span> <span class='ocrx_word' id='word_1_408' title='bbox 3415 2512 3522 2565; x_wconf 81' lang='grc' dir='ltr'><strong>ΝΘ¹</strong></span> <span class='ocrx_word' id='word_1_409' title='bbox 3564 2513 3706 2580; x_wconf 79' lang='grc' dir='ltr'>Περὶ</span> 
     </span>
    </p>
   </div>
   <div class='ocr_carea' id='block_1_57' title="bbox 2123 2597 3709 2674">
    <p class='ocr_par' dir='ltr' id='par_1_57' title="bbox 2123 2597 3709 2674">
     <span class='ocr_line' id='line_1_57' title="bbox 2123 2597 3709 2674; baseline 0.004 -23"><span class='ocrx_word' id='word_1_410' title='bbox 2123 2597 2321 2665; x_wconf 76' lang='grc' dir='ltr'>ἔθους,</span> <span class='ocrx_word' id='word_1_411' title='bbox 2348 2599 2378 2651; x_wconf 87' lang='grc' dir='ltr'><strong>ὃ</strong></span> <span class='ocrx_word' id='word_1_412' title='bbox 2407 2601 2667 2671; x_wconf 88' lang='grc' dir='ltr'>πράττειν</span> <span class='ocrx_word' id='word_1_413' title='bbox 2691 2599 2790 2672; x_wconf 79' lang='grc' dir='ltr'>μὲν</span> <span class='ocrx_word' id='word_1_414' title='bbox 2817 2602 2918 2657; x_wconf 85' lang='grc' dir='ltr'>ὅσα</span> <span class='ocrx_word' id='word_1_415' title='bbox 2940 2605 2967 2657; x_wconf 90' lang='lat'><strong>6</strong></span> <span class='ocrx_word' id='word_1_416' title='bbox 2996 2605 3160 2674; x_wconf 89' lang='grc' dir='ltr'>νόμος</span> <span class='ocrx_word' id='word_1_417' title='bbox 3184 2601 3556 2671; x_wconf 82' lang='grc' dir='ltr'>ἀποδείκνυσι,</span> <span class='ocrx_word' id='word_1_418' title='bbox 3585 2604 3709 2673; x_wconf 82' lang='grc' dir='ltr'>μεθ’</span> 
     </span>
    </p>
   </div>
   <div class='ocr_carea' id='block_1_58' title="bbox 2123 2685 3709 2766">
    <p class='ocr_par' dir='ltr' id='par_1_58' title="bbox 2123 2685 3709 2766">
     <span class='ocr_line' id='line_1_58' title="bbox 2123 2685 3709 2766; baseline 0.003 -24"><span class='ocrx_word' id='word_1_419' title='bbox 2123 2689 2319 2760; x_wconf 75' lang='grc' dir='ltr'>ἡδονῆς</span> <span class='ocrx_word' id='word_1_420' title='bbox 2350 2690 2407 2744; x_wconf 85' lang='grc' dir='ltr'><strong>δέ</strong></span> <span class='ocrx_word' id='word_1_421' title='bbox 2443 2692 2538 2746; x_wconf 71' lang='grc' dir='ltr'>καὶ</span> <span class='ocrx_word' id='word_1_422' title='bbox 2578 2691 2803 2757; x_wconf 77' lang='grc' dir='ltr'>πειθοῦς</span> <span class='ocrx_word' id='word_1_423' title='bbox 2852 2693 3053 2764; x_wconf 80' lang='grc' dir='ltr'>μᾶλλον</span> <span class='ocrx_word' id='word_1_424' title='bbox 3097 2693 3227 2766; x_wconf 62' lang='grc'>[(277</span> <span class='ocrx_word' id='word_1_425' title='bbox 3260 2685 3354 2766; x_wconf 83' lang='grc' dir='ltr'><strong>Η.]</strong></span> <span class='ocrx_word' id='word_1_426' title='bbox 3379 2693 3411 2764; x_wconf 79' lang='grc' dir='ltr'>ἢ</span> <span class='ocrx_word' id='word_1_427' title='bbox 3439 2692 3578 2764; x_wconf 85' lang='grc' dir='ltr'>βίας,</span> <span class='ocrx_word' id='word_1_428' title='bbox 3613 2695 3709 2748; x_wconf 68' lang='grc' dir='ltr'>καὶ</span> 
     </span>
    </p>
   </div>
   <div class='ocr_carea' id='block_1_59' title="bbox 2125 2781 3710 2856">
    <p class='ocr_par' dir='ltr' id='par_1_59' title="bbox 2125 2781 3710 2856">
     <span class='ocr_line' id='line_1_59' title="bbox 2125 2781 3710 2856; baseline 0.003 -22"><span class='ocrx_word' id='word_1_429' title='bbox 2125 2781 2547 2856; x_wconf 84' lang='grc' dir='ltr'>ἀσφαλέστερον.</span> <span class='ocrx_word' id='word_1_430' title='bbox 2579 2785 2683 2838; x_wconf 89' lang='grc' dir='ltr'>Δύο</span> <span class='ocrx_word' id='word_1_431' title='bbox 2710 2785 2766 2839; x_wconf 82' lang='grc' dir='ltr'>δὲ</span> <span class='ocrx_word' id='word_1_432' title='bbox 2796 2787 2845 2838; x_wconf 83' lang='lat' dir='ltr'><strong>oi</strong></span> <span class='ocrx_word' id='word_1_433' title='bbox 2893 2786 3091 2855; x_wconf 78' lang='grc' dir='ltr'>ἐφεξῆς</span> <span class='ocrx_word' id='word_1_434' title='bbox 3137 2785 3278 2854; x_wconf 80' lang='grc' dir='ltr'>Περὶ</span> <span class='ocrx_word' id='word_1_435' title='bbox 3315 2787 3545 2856; x_wconf 72' lang='grc' dir='ltr'>φθόνου</span> <span class='ocrx_word' id='word_1_436' title='bbox 3593 2785 3710 2840; x_wconf 81' lang='grc' dir='ltr'>δια-</span> 
     </span>
    </p>
   </div>
   <div class='ocr_carea' id='block_1_60' title="bbox 2126 2874 3710 2947">
    <p class='ocr_par' dir='ltr' id='par_1_60' title="bbox 2126 2874 3710 2947">
     <span class='ocr_line' id='line_1_60' title="bbox 2126 2874 3710 2947; baseline 0.002 -20"><span class='ocrx_word' id='word_1_437' title='bbox 2126 2874 2499 2945; x_wconf 76' lang='grc' dir='ltr'>λαμϐάνουσι,</span> <span class='ocrx_word' id='word_1_438' title='bbox 2557 2879 2651 2931; x_wconf 69' lang='grc' dir='ltr'>καὶ</span> <span class='ocrx_word' id='word_1_439' title='bbox 2700 2878 2728 2930; x_wconf 86' lang='grc' dir='ltr'>ὁ</span> <span class='ocrx_word' id='word_1_440' title='bbox 2786 2876 2838 2929; x_wconf 89' lang='lat' dir='ltr'><strong>B&#39;</strong></span> <span class='ocrx_word' id='word_1_441' title='bbox 2892 2879 2988 2932; x_wconf 78' lang='grc' dir='ltr'>καὶ</span> <span class='ocrx_word' id='word_1_442' title='bbox 3031 2879 3085 2930; x_wconf 82' lang='grc' dir='ltr'><strong>Ξ⁹</strong></span> <span class='ocrx_word' id='word_1_443' title='bbox 3131 2879 3272 2947; x_wconf 87' lang='lat' dir='ltr'><strong>Napi</strong></span> <span class='ocrx_word' id='word_1_444' title='bbox 3319 2879 3611 2945; x_wconf 84' lang='grc' dir='ltr'>πλούτου,</span> <span class='ocrx_word' id='word_1_445' title='bbox 3646 2879 3710 2931; x_wconf 84' lang='grc' dir='ltr'>τὸ</span> 
     </span>
    </p>
   </div>
   <div class='ocr_carea' id='block_1_61' title="bbox 2127 2967 3710 3040">
    <p class='ocr_par' dir='ltr' id='par_1_61' title="bbox 2127 2967 3710 3040">
     <span class='ocr_line' id='line_1_61' title="bbox 2127 2967 3710 3040; baseline 0.001 -20"><span class='ocrx_word' id='word_1_446' title='bbox 2127 2968 2358 3038; x_wconf 80' lang='grc' dir='ltr'>ὀχληρὸν</span> <span class='ocrx_word' id='word_1_447' title='bbox 2388 2967 2552 3022; x_wconf 79' lang='grc' dir='ltr'>αὐτοῦ</span> <span class='ocrx_word' id='word_1_448' title='bbox 2577 2969 2670 3022; x_wconf 70' lang='grc' dir='ltr'><strong>καλ⁸</strong></span> <span class='ocrx_word' id='word_1_449' title='bbox 2695 2968 2980 3022; x_wconf 75' lang='grc' dir='ltr'>ἐπίϐουλον</span> <span class='ocrx_word' id='word_1_450' title='bbox 3011 2969 3364 3040; x_wconf 85' lang='grc' dir='ltr'>στηλιτεύων,</span> <span class='ocrx_word' id='word_1_451' title='bbox 3403 2971 3494 3022; x_wconf 79' lang='grc' dir='ltr'>καὶ</span> <span class='ocrx_word' id='word_1_452' title='bbox 3531 2967 3710 3038; x_wconf 90' lang='grc' dir='ltr'>πολλῷ</span> 
     </span>
    </p>
   </div>
   <div class='ocr_carea' id='block_1_62' title="bbox 443 3054 2017 3155">
    <p class='ocr_par' dir='ltr' id='par_1_62' title="bbox 443 3054 2017 3129">
     <span class='ocr_line' id='line_1_62' title="bbox 443 3054 2017 3129; baseline -0.007 -13"><span class='ocrx_word' id='word_1_453' title='bbox 443 3063 533 3116; x_wconf 83' lang='lat' dir='ltr'><strong>dia</strong></span> <span class='ocrx_word' id='word_1_454' title='bbox 565 3069 752 3129; x_wconf 83' lang='lat' dir='ltr'><strong>agunt,</strong></span> <span class='ocrx_word' id='word_1_455' title='bbox 791 3070 848 3112; x_wconf 92' lang='lat' dir='ltr'><strong>ut</strong></span> <span class='ocrx_word' id='word_1_456' title='bbox 902 3058 1062 3113; x_wconf 77' lang='lat' dir='ltr'><strong>LXII.</strong></span> <span class='ocrx_word' id='word_1_457' title='bbox 1103 3058 1175 3112; x_wconf 87' lang='lat' dir='ltr'><strong>De</strong></span> <span class='ocrx_word' id='word_1_458' title='bbox 1216 3059 1437 3122; x_wconf 79' lang='lat' dir='ltr'><strong>divitiis,</strong></span> <span class='ocrx_word' id='word_1_459' title='bbox 1481 3071 1708 3124; x_wconf 87' lang='lat' dir='ltr'><strong>quarum</strong></span> <span class='ocrx_word' id='word_1_460' title='bbox 1745 3054 2017 3108; x_wconf 85' lang='lat' dir='ltr'><strong>molestias</strong></span> 
     </span>
    </p>
   </div>
   <div class='ocr_carea' id='block_1_63' title="bbox 2122 3054 3710 3155">
    <p class='ocr_par' dir='ltr' id='par_1_63' title="bbox 2129 3057 3710 3131">
     <span class='ocr_line' id='line_1_63' title="bbox 2129 3057 3710 3131; baseline 0.003 -22"><span class='ocrx_word' id='word_1_461' title='bbox 2129 3057 2576 3131; x_wconf 82' lang='grc' dir='ltr'>λυσιτελεστέραν</span> <span class='ocrx_word' id='word_1_462' title='bbox 2614 3060 2780 3114; x_wconf 79' lang='grc' dir='ltr'>αὐτοῦ</span> <span class='ocrx_word' id='word_1_463' title='bbox 2812 3059 3094 3131; x_wconf 85' lang='grc' dir='ltr'>παριοτῶν</span> <span class='ocrx_word' id='word_1_464' title='bbox 3138 3060 3238 3130; x_wconf 83' lang='grc' dir='ltr'>τὴν</span> <span class='ocrx_word' id='word_1_465' title='bbox 3265 3060 3406 3128; x_wconf 82' lang='grc' dir='ltr'>μετά</span> <span class='ocrx_word' id='word_1_466' title='bbox 3431 3059 3710 3114; x_wconf 84' lang='grc' dir='ltr'>δικαιοσύ-</span> 
     </span>
    </p>
   </div>
   <div class='ocr_carea' id='block_1_64' title="bbox 446 3148 2017 3226">
    <p class='ocr_par' dir='ltr' id='par_1_64' title="bbox 446 3148 2017 3224">
     <span class='ocr_line' id='line_1_64' title="bbox 446 3148 2017 3224; baseline -0.005 -16"><span class='ocrx_word' id='word_1_467' title='bbox 446 3163 608 3224; x_wconf 63' lang='lat' dir='ltr'><strong>atque</strong></span> <span class='ocrx_word' id='word_1_468' title='bbox 633 3156 857 3210; x_wconf 80' lang='lat' dir='ltr'><strong>insidias</strong></span> <span class='ocrx_word' id='word_1_469' title='bbox 890 3155 961 3209; x_wconf 85' lang='lat' dir='ltr'><strong>ita</strong></span> <span class='ocrx_word' id='word_1_470' title='bbox 995 3154 1246 3207; x_wconf 88' lang='lat' dir='ltr'><strong>omnibus</strong></span> <span class='ocrx_word' id='word_1_471' title='bbox 1279 3161 1434 3205; x_wconf 86' lang='lat' dir='ltr'><strong>notas</strong></span> <span class='ocrx_word' id='word_1_472' title='bbox 1465 3151 1615 3215; x_wconf 84' lang='lat' dir='ltr'><strong>facit,</strong></span> <span class='ocrx_word' id='word_1_473' title='bbox 1658 3160 1718 3203; x_wconf 91' lang='lat' dir='ltr'><strong>ut</strong></span> <span class='ocrx_word' id='word_1_474' title='bbox 1741 3148 2017 3202; x_wconf 90' lang='lat' dir='ltr'><strong>utiliorem</strong></span> 
     </span>
    </p>
   </div>
   <div class='ocr_carea' id='block_1_65' title="bbox 2122 3148 3711 3226">
    <p class='ocr_par' dir='ltr' id='par_1_65' title="bbox 2128 3151 3711 3226">
     <span class='ocr_line' id='line_1_65' title="bbox 2128 3151 3711 3226; baseline 0.003 -24"><span class='ocrx_word' id='word_1_475' title='bbox 2128 3167 2230 3220; x_wconf 84' lang='grc' dir='ltr'><strong>νης</strong></span> <span class='ocrx_word' id='word_1_476' title='bbox 2279 3152 2493 3205; x_wconf 83' lang='grc' dir='ltr'>πενίαν.</span> <span class='ocrx_word' id='word_1_477' title='bbox 2557 3151 2618 3204; x_wconf 82' lang='grc'><strong>’0</strong></span> <span class='ocrx_word' id='word_1_478' title='bbox 2647 3153 2703 3205; x_wconf 86' lang='grc' dir='ltr'>δὲ</span> <span class='ocrx_word' id='word_1_479' title='bbox 2764 3151 2938 3206; x_wconf 75' lang='grc' dir='ltr'>Γκαὶ</span> <span class='ocrx_word' id='word_1_480' title='bbox 2991 3153 3045 3205; x_wconf 88' lang='grc' dir='ltr'><strong>Ξ’</strong></span> <span class='ocrx_word' id='word_1_481' title='bbox 3069 3154 3438 3226; x_wconf 81' lang='grc' dir='ltr'>ἐπιγράφεται</span> <span class='ocrx_word' id='word_1_482' title='bbox 3501 3151 3610 3206; x_wconf 83' lang='grc' dir='ltr'><strong>τῶν</strong></span> <span class='ocrx_word' id='word_1_483' title='bbox 3651 3155 3711 3207; x_wconf 84' lang='grc' dir='ltr'><strong>ἐν</strong></span> 
     </span>
    </p>
   </div>
   <div class='ocr_carea' id='block_1_66' title="bbox 339 3245 2024 3321">
    <p class='ocr_par' dir='ltr' id='par_1_66' title="bbox 339 3245 2024 3321">
     <span class='ocr_line' id='line_1_66' title="bbox 339 3245 2024 3321; baseline -0.007 -17"><span class='ocrx_word' id='word_1_484' title='bbox 339 3307 341 3310; x_wconf 9' lang='grc' dir='ltr'><strong>ς</strong></span> <span class='ocrx_word' id='word_1_485' title='bbox 447 3253 602 3321; x_wconf 81' lang='lat' dir='ltr'><strong>longe</strong></span> <span class='ocrx_word' id='word_1_486' title='bbox 661 3263 781 3302; x_wconf 88' lang='lat' dir='ltr'><strong>esse</strong></span> <span class='ocrx_word' id='word_1_487' title='bbox 837 3257 1041 3302; x_wconf 79' lang='lat' dir='ltr'><strong>statuat</strong></span> <span class='ocrx_word' id='word_1_488' title='bbox 1093 3246 1304 3314; x_wconf 71' lang='lat' dir='ltr'><strong>iustitia</strong></span> <span class='ocrx_word' id='word_1_489' title='bbox 1353 3245 1660 3298; x_wconf 80' lang='lat' dir='ltr'><strong>comitatam</strong></span> <span class='ocrx_word' id='word_1_490' title='bbox 1734 3251 2024 3312; x_wconf 79' lang='lat' dir='ltr'><strong>panperta-</strong></span> 
     </span>
    </p>
   </div>
   <div class='ocr_carea' id='block_1_67' title="bbox 449 3333 2028 3399">
    <p class='ocr_par' dir='ltr' id='par_1_67' title="bbox 449 3333 2028 3399">
     <span class='ocr_line' id='line_1_67' title="bbox 449 3333 2028 3399; baseline -0.008 0"><span class='ocrx_word' id='word_1_491' title='bbox 449 3355 580 3399; x_wconf 83' lang='lat' dir='ltr'><strong>tetu.</strong></span> <span class='ocrx_word' id='word_1_492' title='bbox 615 3339 798 3397; x_wconf 78' lang='lat' dir='ltr'><strong>LXIII.</strong></span> <span class='ocrx_word' id='word_1_493' title='bbox 830 3339 978 3396; x_wconf 82' lang='lat' dir='ltr'><strong>inter</strong></span> <span class='ocrx_word' id='word_1_494' title='bbox 1025 3337 1220 3394; x_wconf 85' lang='lat' dir='ltr'><strong>Cilicas</strong></span> <span class='ocrx_word' id='word_1_495' title='bbox 1247 3338 1523 3393; x_wconf 87' lang='lat' dir='ltr'><strong>orationes</strong></span> <span class='ocrx_word' id='word_1_496' title='bbox 1563 3335 1638 3390; x_wconf 90' lang='lat' dir='ltr'><strong>De</strong></span> <span class='ocrx_word' id='word_1_497' title='bbox 1659 3335 1899 3389; x_wconf 79' lang='lat' dir='ltr'><strong>libertate</strong></span> <span class='ocrx_word' id='word_1_498' title='bbox 1932 3333 2028 3388; x_wconf 87' lang='lat' dir='ltr'><strong>ha—</strong></span> 
     </span>
    </p>
   </div>
   <div class='ocr_carea' id='block_1_68' title="bbox 448 3429 2029 3501">
    <p class='ocr_par' dir='ltr' id='par_1_68' title="bbox 448 3429 2029 3501">
     <span class='ocr_line' id='line_1_68' title="bbox 448 3429 2029 3501; baseline -0.008 -10"><span class='ocrx_word' id='word_1_499' title='bbox 448 3437 557 3492; x_wconf 88' lang='lat' dir='ltr'><strong>bita</strong></span> <span class='ocrx_word' id='word_1_500' title='bbox 586 3434 929 3492; x_wconf 84' lang='lat' dir='ltr'><strong>inscribitur.</strong></span> <span class='ocrx_word' id='word_1_501' title='bbox 966 3430 1122 3486; x_wconf 90' lang='lat' dir='ltr'><strong>Illutn</strong></span> <span class='ocrx_word' id='word_1_502' title='bbox 1161 3429 1240 3501; x_wconf 85' lang='lat'><strong>(6)</strong></span> <span class='ocrx_word' id='word_1_503' title='bbox 1277 3439 1457 3484; x_wconf 90' lang='lat' dir='ltr'><strong>autem</strong></span> <span class='ocrx_word' id='word_1_504' title='bbox 1509 3429 1736 3483; x_wconf 89' lang='lat' dir='ltr'><strong>liberum</strong></span> <span class='ocrx_word' id='word_1_505' title='bbox 1784 3441 2029 3499; x_wconf 85' lang='lat' dir='ltr'><strong>pronun-</strong></span> 
     </span>
    </p>
   </div>
   <div class='ocr_carea' id='block_1_69' title="bbox 448 3518 2028 3596">
    <p class='ocr_par' dir='ltr' id='par_1_69' title="bbox 448 3518 2028 3596">
     <span class='ocr_line' id='line_1_69' title="bbox 448 3518 2028 3596; baseline -0.007 -11"><span class='ocrx_word' id='word_1_506' title='bbox 448 3531 566 3596; x_wconf 88' lang='lat' dir='ltr'><strong>tiat,</strong></span> <span class='ocrx_word' id='word_1_507' title='bbox 601 3529 690 3596; x_wconf 88' lang='lat' dir='ltr'><strong>qui</strong></span> <span class='ocrx_word' id='word_1_508' title='bbox 725 3533 946 3582; x_wconf 88' lang='lat' dir='ltr'><strong>suarum</strong></span> <span class='ocrx_word' id='word_1_509' title='bbox 1002 3525 1071 3579; x_wconf 91' lang='lat' dir='ltr'><strong>sit</strong></span> <span class='ocrx_word' id='word_1_510' title='bbox 1103 3523 1351 3578; x_wconf 89' lang='lat' dir='ltr'><strong>dominus</strong></span> <span class='ocrx_word' id='word_1_511' title='bbox 1381 3521 1869 3591; x_wconf 89' lang='lat' dir='ltr'><strong>perturbationum,</strong></span> <span class='ocrx_word' id='word_1_512' title='bbox 1898 3518 2028 3575; x_wconf 72' lang='lat' dir='ltr'><strong>affe-</strong></span> 
     </span>
    </p>
   </div>
   <div class='ocr_carea' id='block_1_70' title="bbox 449 3615 2027 3691">
    <p class='ocr_par' dir='ltr' id='par_1_70' title="bbox 449 3615 2027 3691">
     <span class='ocr_line' id='line_1_70' title="bbox 449 3615 2027 3691; baseline -0.006 -13"><span class='ocrx_word' id='word_1_513' title='bbox 449 3625 797 3691; x_wconf 85' lang='lat' dir='ltr'><strong>etionumque</strong></span> <span class='ocrx_word' id='word_1_514' title='bbox 829 3618 1017 3684; x_wconf 89' lang='lat' dir='ltr'><strong>animi,</strong></span> <span class='ocrx_word' id='word_1_515' title='bbox 1049 3617 1262 3672; x_wconf 88' lang='lat' dir='ltr'><strong>tametsi</strong></span> <span class='ocrx_word' id='word_1_516' title='bbox 1292 3616 1435 3670; x_wconf 88' lang='lat' dir='ltr'><strong>mille</strong></span> <span class='ocrx_word' id='word_1_517' title='bbox 1471 3615 1586 3685; x_wconf 88' lang='lat' dir='ltr'><strong>ejus</strong></span> <span class='ocrx_word' id='word_1_518' title='bbox 1610 3615 1824 3684; x_wconf 88' lang='lat' dir='ltr'><strong>corpori</strong></span> <span class='ocrx_word' id='word_1_519' title='bbox 1855 3616 2027 3684; x_wconf 92' lang='lat' dir='ltr'><strong>impe-</strong></span> 
     </span>
    </p>
   </div>
   <div class='ocr_carea' id='block_1_71' title="bbox 451 3709 2030 3779">
    <p class='ocr_par' dir='ltr' id='par_1_71' title="bbox 451 3709 2030 3779">
     <span class='ocr_line' id='line_1_71' title="bbox 451 3709 2030 3779; baseline -0.004 -10"><span class='ocrx_word' id='word_1_520' title='bbox 451 3723 571 3770; x_wconf 87' lang='lat' dir='ltr'><strong>rent</strong></span> <span class='ocrx_word' id='word_1_521' title='bbox 597 3713 836 3779; x_wconf 90' lang='lat' dir='ltr'><strong>domini;</strong></span> <span class='ocrx_word' id='word_1_522' title='bbox 879 3711 1028 3766; x_wconf 92' lang='lat' dir='ltr'><strong>illum</strong></span> <span class='ocrx_word' id='word_1_523' title='bbox 1059 3721 1245 3764; x_wconf 89' lang='lat' dir='ltr'><strong>contra</strong></span> <span class='ocrx_word' id='word_1_524' title='bbox 1280 3723 1537 3775; x_wconf 81' lang='lat' dir='ltr'><strong>servum,</strong></span> <span class='ocrx_word' id='word_1_525' title='bbox 1584 3709 1676 3778; x_wconf 90' lang='lat' dir='ltr'><strong>qui</strong></span> <span class='ocrx_word' id='word_1_526' title='bbox 1723 3709 1882 3763; x_wconf 89' lang='lat' dir='ltr'><strong>malis</strong></span> <span class='ocrx_word' id='word_1_527' title='bbox 1917 3709 2030 3763; x_wconf 87' lang='lat' dir='ltr'><strong>suis</strong></span> 
     </span>
    </p>
   </div>
   <div class='ocr_carea' id='block_1_72' title="bbox 453 3798 2029 3874">
    <p class='ocr_par' dir='ltr' id='par_1_72' title="bbox 453 3798 2029 3874">
     <span class='ocr_line' id='line_1_72' title="bbox 453 3798 2029 3874; baseline -0.001 -19"><span class='ocrx_word' id='word_1_528' title='bbox 453 3813 651 3874; x_wconf 86' lang='lat' dir='ltr'><strong>parens</strong></span> <span class='ocrx_word' id='word_1_529' title='bbox 671 3800 1067 3866; x_wconf 81' lang='lat' dir='ltr'><strong>aﬂ&#39;ectiouibus,</strong></span> <span class='ocrx_word' id='word_1_530' title='bbox 1093 3801 1410 3854; x_wconf 87' lang='lat' dir='ltr'><strong>servitutem</strong></span> <span class='ocrx_word' id='word_1_531' title='bbox 1439 3801 1664 3867; x_wconf 79' lang='lat' dir='ltr'><strong>serviat,</strong></span> <span class='ocrx_word' id='word_1_532' title='bbox 1691 3798 1816 3854; x_wconf 91' lang='lat' dir='ltr'><strong>licet</strong></span> <span class='ocrx_word' id='word_1_533' title='bbox 1843 3799 2029 3853; x_wconf 88' lang='lat' dir='ltr'><strong>mumli</strong></span> 
     </span>
    </p>
   </div>
   <div class='ocr_carea' id='block_1_73' title="bbox 455 3889 2024 3960">
    <p class='ocr_par' dir='ltr' id='par_1_73' title="bbox 455 3889 2024 3960">
     <span class='ocr_line' id='line_1_73' title="bbox 455 3889 2024 3960; baseline -0.003 -15"><span class='ocrx_word' id='word_1_534' title='bbox 455 3891 617 3947; x_wconf 84' lang='lat' dir='ltr'><strong>totius</strong></span> <span class='ocrx_word' id='word_1_535' title='bbox 647 3891 930 3960; x_wconf 84' lang='lat' dir='ltr'><strong>imperium</strong></span> <span class='ocrx_word' id='word_1_536' title='bbox 979 3898 1166 3944; x_wconf 88' lang='lat' dir='ltr'><strong>tenere</strong></span> <span class='ocrx_word' id='word_1_537' title='bbox 1217 3889 1485 3944; x_wconf 83' lang='lat' dir='ltr'><strong>videatur.</strong></span> <span class='ocrx_word' id='word_1_538' title='bbox 1517 3889 1688 3956; x_wconf 83' lang='lat' dir='ltr'><strong>Quam</strong></span> <span class='ocrx_word' id='word_1_539' title='bbox 1721 3891 1774 3944; x_wconf 92' lang='lat' dir='ltr'><strong>in</strong></span> <span class='ocrx_word' id='word_1_540' title='bbox 1811 3899 2024 3944; x_wconf 87' lang='lat' dir='ltr'><strong>senten-</strong></span> 
     </span>
    </p>
   </div>
   <div class='ocr_carea' id='block_1_74' title="bbox 449 3979 2030 4051">
    <p class='ocr_par' dir='ltr' id='par_1_74' title="bbox 449 3979 2030 4051">
     <span class='ocr_line' id='line_1_74' title="bbox 449 3979 2030 4051; baseline -0.003 -13"><span class='ocrx_word' id='word_1_541' title='bbox 449 3983 581 4038; x_wconf 85' lang='lat' dir='ltr'><strong>tiam</strong></span> <span class='ocrx_word' id='word_1_542' title='bbox 614 3985 950 4051; x_wconf 89' lang='lat' dir='ltr'><strong>subsequens</strong></span> <span class='ocrx_word' id='word_1_543' title='bbox 1004 3997 1219 4050; x_wconf 87' lang='lat' dir='ltr'><strong>quoque</strong></span> <span class='ocrx_word' id='word_1_544' title='bbox 1274 3983 1514 4048; x_wconf 89' lang='lat' dir='ltr'><strong>disserit,</strong></span> <span class='ocrx_word' id='word_1_545' title='bbox 1574 3979 1652 4036; x_wconf 90' lang='lat' dir='ltr'><strong>De</strong></span> <span class='ocrx_word' id='word_1_546' title='bbox 1695 3983 1942 4036; x_wconf 83' lang='lat' dir='ltr'><strong>servitute</strong></span> <span class='ocrx_word' id='word_1_547' title='bbox 1983 3991 2030 4035; x_wconf 85' lang='lat' dir='ltr'><strong>et</strong></span> 
     </span>
    </p>
   </div>
   <div class='ocr_carea' id='block_1_75' title="bbox 452 4067 2032 4143">
    <p class='ocr_par' dir='ltr' id='par_1_75' title="bbox 452 4067 2032 4143">
     <span class='ocr_line' id='line_1_75' title="bbox 452 4067 2032 4143; baseline -0.003 -16"><span class='ocrx_word' id='word_1_548' title='bbox 452 4075 692 4128; x_wconf 74' lang='lat' dir='ltr'><strong>libertate</strong></span> <span class='ocrx_word' id='word_1_549' title='bbox 709 4072 967 4143; x_wconf 84' lang='lat' dir='ltr'><strong>inscripta</strong></span> <span class='ocrx_word' id='word_1_550' title='bbox 989 4089 1003 4126; x_wconf 88' lang='lat'><strong>:</strong></span> <span class='ocrx_word' id='word_1_551' title='bbox 1024 4081 1082 4125; x_wconf 91' lang='lat' dir='ltr'><strong>ut</strong></span> <span class='ocrx_word' id='word_1_552' title='bbox 1099 4083 1152 4126; x_wconf 89' lang='lat' dir='ltr'><strong>et</strong></span> <span class='ocrx_word' id='word_1_553' title='bbox 1167 4083 1421 4142; x_wconf 87' lang='lat' dir='ltr'><strong>sequens,</strong></span> <span class='ocrx_word' id='word_1_554' title='bbox 1437 4085 1558 4143; x_wconf 70' lang='lat' dir='ltr'><strong>qua:</strong></span> <span class='ocrx_word' id='word_1_555' title='bbox 1580 4067 1655 4126; x_wconf 89' lang='lat' dir='ltr'><strong>De</strong></span> <span class='ocrx_word' id='word_1_556' title='bbox 1677 4073 1836 4126; x_wconf 75' lang='lat' dir='ltr'><strong>servis</strong></span> <span class='ocrx_word' id='word_1_557' title='bbox 1862 4071 2032 4125; x_wconf 82' lang='lat' dir='ltr'><strong>altera</strong></span> 
     </span>
    </p>
   </div>
   <div class='ocr_carea' id='block_1_76' title="bbox 455 4162 2032 4235">
    <p class='ocr_par' dir='ltr' id='par_1_76' title="bbox 455 4162 2032 4235">
     <span class='ocr_line' id='line_1_76' title="bbox 455 4162 2032 4235; baseline -0.004 -13"><span class='ocrx_word' id='word_1_558' title='bbox 455 4177 558 4223; x_wconf 87' lang='lat' dir='ltr'><strong>est.</strong></span> <span class='ocrx_word' id='word_1_559' title='bbox 603 4162 741 4221; x_wconf 82' lang='lat' dir='ltr'><strong>Hinc</strong></span> <span class='ocrx_word' id='word_1_560' title='bbox 769 4163 843 4219; x_wconf 82' lang='lat' dir='ltr'><strong>De</strong></span> <span class='ocrx_word' id='word_1_561' title='bbox 866 4165 1200 4235; x_wconf 64' lang='lat' dir='ltr'><strong>egritudine,</strong></span> <span class='ocrx_word' id='word_1_562' title='bbox 1255 4166 1506 4220; x_wconf 83' lang='lat' dir='ltr'><strong>hortatur</strong></span> <span class='ocrx_word' id='word_1_563' title='bbox 1535 4179 1639 4220; x_wconf 91' lang='lat' dir='ltr'><strong>non</strong></span> <span class='ocrx_word' id='word_1_564' title='bbox 1673 4172 1924 4232; x_wconf 81' lang='lat' dir='ltr'><strong>oportere</strong></span> <span class='ocrx_word' id='word_1_565' title='bbox 1953 4163 2032 4216; x_wconf 82' lang='lat' dir='ltr'><strong>vi-</strong></span> 
     </span>
    </p>
   </div>
   <div class='ocr_carea' id='block_1_77' title="bbox 458 4254 2032 4328">
    <p class='ocr_par' dir='ltr' id='par_1_77' title="bbox 458 4254 2032 4328">
     <span class='ocr_line' id='line_1_77' title="bbox 458 4254 2032 4328; baseline -0.004 -15"><span class='ocrx_word' id='word_1_566' title='bbox 458 4271 577 4313; x_wconf 89' lang='lat' dir='ltr'><strong>rum</strong></span> <span class='ocrx_word' id='word_1_567' title='bbox 627 4269 947 4328; x_wconf 81' lang='lat' dir='ltr'><strong>generosum</strong></span> <span class='ocrx_word' id='word_1_568' title='bbox 981 4273 1044 4312; x_wconf 88' lang='lat' dir='ltr'><strong>ac</strong></span> <span class='ocrx_word' id='word_1_569' title='bbox 1075 4259 1391 4326; x_wconf 87' lang='lat' dir='ltr'><strong>prudentem</strong></span> <span class='ocrx_word' id='word_1_570' title='bbox 1427 4256 1568 4310; x_wconf 87' lang='lat' dir='ltr'><strong>vinci</strong></span> <span class='ocrx_word' id='word_1_571' title='bbox 1617 4264 1710 4310; x_wconf 86' lang='lat' dir='ltr'><strong>aut</strong></span> <span class='ocrx_word' id='word_1_572' title='bbox 1743 4254 2032 4325; x_wconf 88' lang='lat' dir='ltr'><strong>perturba-</strong></span> 
     </span>
    </p>
   </div>
   <div class='ocr_carea' id='block_1_78' title="bbox 457 4347 2032 4417">
    <p class='ocr_par' dir='ltr' id='par_1_78' title="bbox 457 4347 2032 4417">
     <span class='ocr_line' id='line_1_78' title="bbox 457 4347 2032 4417; baseline -0.004 -12"><span class='ocrx_word' id='word_1_573' title='bbox 457 4351 592 4406; x_wconf 91' lang='lat' dir='ltr'><strong>tioni</strong></span> <span class='ocrx_word' id='word_1_574' title='bbox 625 4350 1000 4414; x_wconf 82' lang='lat' dir='ltr'><strong>succumbere,</strong></span> <span class='ocrx_word' id='word_1_575' title='bbox 1067 4347 1161 4403; x_wconf 88' lang='lat' dir='ltr'><strong>sed</strong></span> <span class='ocrx_word' id='word_1_576' title='bbox 1194 4353 1544 4403; x_wconf 85' lang='lat' dir='ltr'><strong>contemnere</strong></span> <span class='ocrx_word' id='word_1_577' title='bbox 1599 4347 1799 4417; x_wconf 87' lang='lat' dir='ltr'><strong>potius,</strong></span> <span class='ocrx_word' id='word_1_578' title='bbox 1869 4356 2032 4414; x_wconf 87' lang='lat' dir='ltr'><strong>atque</strong></span> 
     </span>
    </p>
   </div>
   <div class='ocr_carea' id='block_1_79' title="bbox 2125 3237 3712 3318">
    <p class='ocr_par' dir='ltr' id='par_1_79' title="bbox 2125 3237 3712 3318">
     <span class='ocr_line' id='line_1_79' title="bbox 2125 3237 3712 3318; baseline 0.004 -26"><span class='ocrx_word' id='word_1_579' title='bbox 2125 3237 2355 3311; x_wconf 78' lang='grc' dir='ltr'>Κιλικίᾳ</span> <span class='ocrx_word' id='word_1_580' title='bbox 2401 3241 2542 3311; x_wconf 80' lang='grc' dir='ltr'>Περὶ</span> <span class='ocrx_word' id='word_1_581' title='bbox 2619 3242 2999 3312; x_wconf 76' lang='grc' dir='ltr'>ἐλευθερίας,</span> <span class='ocrx_word' id='word_1_582' title='bbox 3047 3246 3254 3298; x_wconf 87' lang='grc' dir='ltr'>ἐκεῖνον</span> <span class='ocrx_word' id='word_1_583' title='bbox 3309 3244 3367 3298; x_wconf 84' lang='grc' dir='ltr'><strong>δέ</strong></span> <span class='ocrx_word' id='word_1_584' title='bbox 3427 3243 3712 3318; x_wconf 89' lang='grc' dir='ltr'>ἐλεύθερον</span> 
     </span>
    </p>
   </div>
   <div class='ocr_carea' id='block_1_80' title="bbox 2129 3332 3711 3407">
    <p class='ocr_par' dir='ltr' id='par_1_80' title="bbox 2129 3332 3711 3407">
     <span class='ocr_line' id='line_1_80' title="bbox 2129 3332 3711 3407; baseline 0.004 -24"><span class='ocrx_word' id='word_1_585' title='bbox 2129 3334 2396 3404; x_wconf 74' lang='grc' dir='ltr'>παριστᾷ,</span> <span class='ocrx_word' id='word_1_586' title='bbox 2448 3332 2504 3397; x_wconf 84' lang='lat'><em>6;</em></span> <span class='ocrx_word' id='word_1_587' title='bbox 2550 3332 2659 3386; x_wconf 82' lang='grc' dir='ltr'><strong>τῶν</strong></span> <span class='ocrx_word' id='word_1_588' title='bbox 2696 3336 2754 3388; x_wconf 86' lang='grc' dir='ltr'><strong>ἐν</strong></span> <span class='ocrx_word' id='word_1_589' title='bbox 2794 3336 2943 3406; x_wconf 75' lang='grc' dir='ltr'>αὐτῷ</span> <span class='ocrx_word' id='word_1_590' title='bbox 2990 3335 3177 3406; x_wconf 85' lang='grc' dir='ltr'>κύριος</span> <span class='ocrx_word' id='word_1_591' title='bbox 3221 3337 3307 3407; x_wconf 76' lang='grc' dir='ltr'>εἴη</span> <span class='ocrx_word' id='word_1_592' title='bbox 3360 3337 3571 3404; x_wconf 86' lang='grc' dir='ltr'>παθῶν,</span> <span class='ocrx_word' id='word_1_593' title='bbox 3609 3335 3711 3390; x_wconf 80' lang='grc' dir='ltr'>κᾶν</span> 
     </span>
    </p>
   </div>
   <div class='ocr_carea' id='block_1_81' title="bbox 2132 3421 3712 3498">
    <p class='ocr_par' dir='ltr' id='par_1_81' title="bbox 2132 3421 3712 3498">
     <span class='ocr_line' id='line_1_81' title="bbox 2132 3421 3712 3498; baseline 0.004 -22"><span class='ocrx_word' id='word_1_594' title='bbox 2132 3424 2317 3496; x_wconf 87' lang='grc' dir='ltr'>μυρίοι</span> <span class='ocrx_word' id='word_1_595' title='bbox 2347 3424 2545 3490; x_wconf 79' lang='grc' dir='ltr'>ἐξωθεν</span> <span class='ocrx_word' id='word_1_596' title='bbox 2570 3425 2733 3479; x_wconf 77' lang='grc' dir='ltr'>αὐτοῦ</span> <span class='ocrx_word' id='word_1_597' title='bbox 2765 3427 2859 3480; x_wconf 76' lang='grc' dir='ltr'>τοῦ</span> <span class='ocrx_word' id='word_1_598' title='bbox 2897 3427 3151 3498; x_wconf 85' lang='grc' dir='ltr'>σώματος</span> <span class='ocrx_word' id='word_1_599' title='bbox 3176 3421 3277 3482; x_wconf 81' lang='grc' dir='ltr'>ὦσι</span> <span class='ocrx_word' id='word_1_600' title='bbox 3309 3428 3593 3493; x_wconf 80' lang='grc' dir='ltr'>δεσπόται,</span> <span class='ocrx_word' id='word_1_601' title='bbox 3615 3431 3712 3483; x_wconf 82' lang='grc' dir='ltr'>καὶ</span> 
     </span>
    </p>
   </div>
   <div class='ocr_carea' id='block_1_82' title="bbox 2127 3516 3713 3591">
    <p class='ocr_par' dir='ltr' id='par_1_82' title="bbox 2127 3516 3713 3591">
     <span class='ocr_line' id='line_1_82' title="bbox 2127 3516 3713 3591; baseline 0.004 -23"><span class='ocrx_word' id='word_1_602' title='bbox 2127 3516 2314 3570; x_wconf 81' lang='grc' dir='ltr'>δοῦλον</span> <span class='ocrx_word' id='word_1_603' title='bbox 2369 3517 2596 3584; x_wconf 73' lang='grc' dir='ltr'>ἐκεῖνον,</span> <span class='ocrx_word' id='word_1_604' title='bbox 2652 3518 2710 3582; x_wconf 80' lang='grc' dir='ltr'>ὃς</span> <span class='ocrx_word' id='word_1_605' title='bbox 2757 3520 3092 3591; x_wconf 68' lang='grc' dir='ltr'>ἀνδράποδόν</span> <span class='ocrx_word' id='word_1_606' title='bbox 3145 3522 3259 3575; x_wconf 89' lang='grc' dir='ltr'>ἐστι</span> <span class='ocrx_word' id='word_1_607' title='bbox 3286 3521 3498 3588; x_wconf 83' lang='grc' dir='ltr'>παθῶν,</span> <span class='ocrx_word' id='word_1_608' title='bbox 3537 3523 3587 3576; x_wconf 84' lang='grc' dir='ltr'><strong>εί</strong></span> <span class='ocrx_word' id='word_1_609' title='bbox 3618 3524 3713 3577; x_wconf 74' lang='grc' dir='ltr'>καὶ</span> 
     </span>
    </p>
   </div>
   <div class='ocr_carea' id='block_1_83' title="bbox 2135 3610 3713 3686">
    <p class='ocr_par' dir='ltr' id='par_1_83' title="bbox 2135 3610 3713 3686">
     <span class='ocr_line' id='line_1_83' title="bbox 2135 3610 3713 3686; baseline 0.003 -25"><span class='ocrx_word' id='word_1_610' title='bbox 2135 3610 2430 3680; x_wconf 81' lang='grc' dir='ltr'>συμπάσης</span> <span class='ocrx_word' id='word_1_611' title='bbox 2461 3611 2506 3645; x_wconf 79' lang='grc'><strong>⁸³</strong></span> <span class='ocrx_word' id='word_1_612' title='bbox 2545 3612 2732 3682; x_wconf 83' lang='grc' dir='ltr'>ἄρχειν</span> <span class='ocrx_word' id='word_1_613' title='bbox 2763 3613 2859 3684; x_wconf 87' lang='grc' dir='ltr'>τῆς</span> <span class='ocrx_word' id='word_1_614' title='bbox 2889 3614 3217 3685; x_wconf 84' lang='grc' dir='ltr'>οἰκουμένης</span> <span class='ocrx_word' id='word_1_615' title='bbox 3252 3615 3420 3670; x_wconf 81' lang='grc' dir='ltr'>δοκεῖ.</span> <span class='ocrx_word' id='word_1_616' title='bbox 3470 3616 3563 3680; x_wconf 85' lang='grc' dir='ltr'>Είς</span> <span class='ocrx_word' id='word_1_617' title='bbox 3615 3616 3713 3686; x_wconf 83' lang='grc' dir='ltr'>τὴν</span> 
     </span>
    </p>
   </div>
   <div class='ocr_carea' id='block_1_84' title="bbox 2132 3701 3714 3778">
    <p class='ocr_par' dir='ltr' id='par_1_84' title="bbox 2132 3701 3714 3778">
     <span class='ocr_line' id='line_1_84' title="bbox 2132 3701 3714 3778; baseline 0.006 -26"><span class='ocrx_word' id='word_1_618' title='bbox 2132 3701 2304 3770; x_wconf 79' lang='grc' dir='ltr'>αὐτὴν</span> <span class='ocrx_word' id='word_1_619' title='bbox 2351 3701 2396 3754; x_wconf 84' lang='grc' dir='ltr'>δ’</span> <span class='ocrx_word' id='word_1_620' title='bbox 2453 3703 2784 3775; x_wconf 80' lang='grc' dir='ltr'>ἀναφέρεται</span> <span class='ocrx_word' id='word_1_621' title='bbox 2832 3705 3070 3760; x_wconf 83' lang='grc' dir='ltr'>διάνοιαν</span> <span class='ocrx_word' id='word_1_622' title='bbox 3111 3708 3204 3760; x_wconf 73' lang='grc' dir='ltr'>καὶ</span> <span class='ocrx_word' id='word_1_623' title='bbox 3233 3707 3262 3759; x_wconf 96' lang='lat'><strong>6</strong></span> <span class='ocrx_word' id='word_1_624' title='bbox 3299 3706 3522 3778; x_wconf 81' lang='grc' dir='ltr'>ἐφεξῆς,</span> <span class='ocrx_word' id='word_1_625' title='bbox 3575 3707 3714 3776; x_wconf 66' lang='grc' dir='ltr'>Περὶ</span> 
     </span>
    </p>
   </div>
   <div class='ocr_carea' id='block_1_85' title="bbox 2129 3793 3716 3872">
    <p class='ocr_par' dir='ltr' id='par_1_85' title="bbox 2129 3793 3716 3872">
     <span class='ocr_line' id='line_1_85' title="bbox 2129 3793 3716 3872; baseline 0.005 -26"><span class='ocrx_word' id='word_1_626' title='bbox 2129 3793 2412 3861; x_wconf 81' lang='grc' dir='ltr'>δουλείας</span> <span class='ocrx_word' id='word_1_627' title='bbox 2446 3797 2547 3850; x_wconf 77' lang='grc' dir='ltr'>καὶ</span> <span class='ocrx_word' id='word_1_628' title='bbox 2600 3798 2943 3867; x_wconf 78' lang='grc' dir='ltr'>ἐλευθερίας</span> <span class='ocrx_word' id='word_1_629' title='bbox 2975 3799 3288 3872; x_wconf 81' lang='grc' dir='ltr'>ἐπιγραφὴν</span> <span class='ocrx_word' id='word_1_630' title='bbox 3317 3798 3458 3871; x_wconf 79' lang='grc' dir='ltr'>έχων</span> <span class='ocrx_word' id='word_1_631' title='bbox 3483 3818 3498 3832; x_wconf 79' lang='grc' dir='ltr'><strong>ο</strong></span> <span class='ocrx_word' id='word_1_632' title='bbox 3524 3801 3716 3872; x_wconf 83' lang='grc' dir='ltr'>ὥσπερ</span> 
     </span>
    </p>
   </div>
   <div class='ocr_carea' id='block_1_86' title="bbox 2131 3885 3715 3966">
    <p class='ocr_par' dir='ltr' id='par_1_86' title="bbox 2131 3885 3715 3966">
     <span class='ocr_line' id='line_1_86' title="bbox 2131 3885 3715 3966; baseline 0.008 -30"><span class='ocrx_word' id='word_1_633' title='bbox 2131 3887 2226 3936; x_wconf 80' lang='grc' dir='ltr'>καὶ</span> <span class='ocrx_word' id='word_1_634' title='bbox 2257 3887 2285 3938; x_wconf 90' lang='lat'><strong>6</strong></span> <span class='ocrx_word' id='word_1_635' title='bbox 2318 3885 2514 3958; x_wconf 82' lang='grc' dir='ltr'>ἐφεξῆς</span> <span class='ocrx_word' id='word_1_636' title='bbox 2536 3888 2786 3960; x_wconf 88' lang='grc' dir='ltr'>δεύτερος</span> <span class='ocrx_word' id='word_1_637' title='bbox 2815 3891 2953 3960; x_wconf 80' lang='grc' dir='ltr'>Περὶ</span> <span class='ocrx_word' id='word_1_638' title='bbox 2998 3891 3234 3947; x_wconf 78' lang='grc' dir='ltr'>δούλων</span> <span class='ocrx_word' id='word_1_639' title='bbox 3261 3890 3356 3948; x_wconf 84' lang='grc' dir='ltr'><strong>ὥν.</strong></span> <span class='ocrx_word' id='word_1_640' title='bbox 3392 3894 3504 3948; x_wconf 80' lang='grc' dir='ltr'><strong>Καὶ</strong></span> <span class='ocrx_word' id='word_1_641' title='bbox 3542 3896 3570 3949; x_wconf 90' lang='lat'><strong>6</strong></span> <span class='ocrx_word' id='word_1_642' title='bbox 3595 3895 3715 3966; x_wconf 85' lang='grc' dir='ltr'>μετ’</span> 
     </span>
    </p>
   </div>
   <div class='ocr_carea' id='block_1_87' title="bbox 2131 3973 3718 4054">
    <p class='ocr_par' dir='ltr' id='par_1_87' title="bbox 2131 3973 3718 4054">
     <span class='ocr_line' id='line_1_87' title="bbox 2131 3973 3718 4054; baseline 0.007 -28"><span class='ocrx_word' id='word_1_643' title='bbox 2131 3973 2294 4028; x_wconf 78' lang='grc' dir='ltr'>αὑτὸν</span> <span class='ocrx_word' id='word_1_644' title='bbox 2326 3975 2404 4040; x_wconf 87' lang='grc' dir='ltr'>δὲ,</span> <span class='ocrx_word' id='word_1_645' title='bbox 2440 3978 2580 4045; x_wconf 87' lang='lat' dir='ltr'><strong>Napi</strong></span> <span class='ocrx_word' id='word_1_646' title='bbox 2605 3979 2827 4047; x_wconf 82' lang='grc' dir='ltr'>λύπης,</span> <span class='ocrx_word' id='word_1_647' title='bbox 2859 3979 2934 4043; x_wconf 83' lang='grc' dir='ltr'>ὡς</span> <span class='ocrx_word' id='word_1_648' title='bbox 2967 3982 3027 4034; x_wconf 85' lang='grc' dir='ltr'><strong>ού</strong></span> <span class='ocrx_word' id='word_1_649' title='bbox 3062 3983 3168 4054; x_wconf 87' lang='grc' dir='ltr'>χρὴ</span> <span class='ocrx_word' id='word_1_650' title='bbox 3214 3986 3595 4054; x_wconf 84' lang='grc' dir='ltr'>παρεγγυᾶται</span> <span class='ocrx_word' id='word_1_651' title='bbox 3623 3984 3718 4037; x_wconf 74' lang='grc' dir='ltr'><strong>τὸν</strong></span> 
     </span>
    </p>
   </div>
   <div class='ocr_carea' id='block_1_88' title="bbox 2130 4067 3717 4144">
    <p class='ocr_par' dir='ltr' id='par_1_88' title="bbox 2130 4067 3717 4144">
     <span class='ocr_line' id='line_1_88' title="bbox 2130 4067 3717 4144; baseline 0.006 -26"><span class='ocrx_word' id='word_1_652' title='bbox 2130 4069 2379 4134; x_wconf 89' lang='grc' dir='ltr'>γενναῖον</span> <span class='ocrx_word' id='word_1_653' title='bbox 2414 4067 2509 4121; x_wconf 74' lang='grc' dir='ltr'>καὶ</span> <span class='ocrx_word' id='word_1_654' title='bbox 2533 4068 2656 4124; x_wconf 85' lang='grc' dir='ltr'>νοῦν</span> <span class='ocrx_word' id='word_1_655' title='bbox 2680 4070 2868 4141; x_wconf 76' lang='grc' dir='ltr'>ἔχοντα</span> <span class='ocrx_word' id='word_1_656' title='bbox 2899 4070 3067 4144; x_wconf 73' lang='grc' dir='ltr'>ἄνδρα</span> <span class='ocrx_word' id='word_1_657' title='bbox 3092 4073 3617 4128; x_wconf 80' lang='grc' dir='ltr'>ὑποκατακλίνεσθαι</span> <span class='ocrx_word' id='word_1_658' title='bbox 3638 4074 3717 4144; x_wconf 79' lang='grc' dir='ltr'>τῷ</span> 
     </span>
    </p>
   </div>
   <div class='ocr_carea' id='block_1_89' title="bbox 2130 4157 3716 4238">
    <p class='ocr_par' dir='ltr' id='par_1_89' title="bbox 2130 4157 3716 4238">
     <span class='ocr_line' id='line_1_89' title="bbox 2130 4157 3716 4238; baseline 0.007 -29"><span class='ocrx_word' id='word_1_659' title='bbox 2130 4157 2315 4221; x_wconf 85' lang='grc' dir='ltr'>πάθει,</span> <span class='ocrx_word' id='word_1_660' title='bbox 2347 4161 2611 4231; x_wconf 80' lang='grc' dir='ltr'>περιορᾷν</span> <span class='ocrx_word' id='word_1_661' title='bbox 2640 4159 2697 4214; x_wconf 83' lang='grc' dir='ltr'>δὲ</span> <span class='ocrx_word' id='word_1_662' title='bbox 2733 4161 2932 4232; x_wconf 81' lang='grc' dir='ltr'>μᾶλλον</span> <span class='ocrx_word' id='word_1_663' title='bbox 2962 4166 3058 4218; x_wconf 85' lang='grc' dir='ltr'>καὶ</span> <span class='ocrx_word' id='word_1_664' title='bbox 3078 4165 3495 4238; x_wconf 81' lang='grc' dir='ltr'>ἀποτρίϐεσθαι.</span> <span class='ocrx_word' id='word_1_665' title='bbox 3551 4165 3662 4220; x_wconf 83' lang='grc' dir='ltr'><strong>Καὶ</strong></span> <span class='ocrx_word' id='word_1_666' title='bbox 3686 4168 3716 4220; x_wconf 89' lang='lat'><strong>6</strong></span> 
     </span>
    </p>
   </div>
   <div class='ocr_carea' id='block_1_90' title="bbox 2130 4249 3713 4328">
    <p class='ocr_par' dir='ltr' id='par_1_90' title="bbox 2130 4249 3713 4328">
     <span class='ocr_line' id='line_1_90' title="bbox 2130 4249 3713 4328; baseline 0.006 -27"><span class='ocrx_word' id='word_1_667' title='bbox 2130 4249 2272 4316; x_wconf 87' lang='lat' dir='ltr'><strong>Napi</strong></span> <span class='ocrx_word' id='word_1_668' title='bbox 2338 4249 2719 4318; x_wconf 75' lang='grc' dir='ltr'>πλεονεξίας,</span> <span class='ocrx_word' id='word_1_669' title='bbox 2773 4255 2826 4306; x_wconf 90' lang='lat' dir='ltr'><strong>Z&#39;</strong></span> <span class='ocrx_word' id='word_1_670' title='bbox 2861 4254 2956 4308; x_wconf 74' lang='grc' dir='ltr'>καὶ</span> <span class='ocrx_word' id='word_1_671' title='bbox 2987 4255 3040 4308; x_wconf 86' lang='grc' dir='ltr'><strong>Ξ¹</strong></span> <span class='ocrx_word' id='word_1_672' title='bbox 3071 4255 3119 4288; x_wconf 68' lang='grc' dir='ltr'><strong>ἰ</strong></span> <span class='ocrx_word' id='word_1_673' title='bbox 3147 4255 3244 4320; x_wconf 82' lang='grc' dir='ltr'>ὢν,</span> <span class='ocrx_word' id='word_1_674' title='bbox 3301 4255 3713 4328; x_wconf 79' lang='grc' dir='ltr'>ἀποτρέπεσθαι</span> 
     </span>
    </p>
   </div>
   <div class='ocr_carea' id='block_1_91' title="bbox 2125 4341 3717 4422">
    <p class='ocr_par' dir='ltr' id='par_1_91' title="bbox 2125 4341 3717 4422">
     <span class='ocr_line' id='line_1_91' title="bbox 2125 4341 3717 4422; baseline 0.004 -26"><span class='ocrx_word' id='word_1_675' title='bbox 2125 4341 2335 4411; x_wconf 46' lang='grc' dir='ltr'>’ταύτην</span> <span class='ocrx_word' id='word_1_676' title='bbox 2364 4345 2673 4414; x_wconf 85' lang='grc' dir='ltr'>παρεγγυᾷ.</span> <span class='ocrx_word' id='word_1_677' title='bbox 2723 4345 2832 4398; x_wconf 82' lang='grc' dir='ltr'><strong>Καὶ</strong></span> <span class='ocrx_word' id='word_1_678' title='bbox 2862 4349 2890 4399; x_wconf 91' lang='lat'><strong>6</strong></span> <span class='ocrx_word' id='word_1_679' title='bbox 2919 4347 3045 4411; x_wconf 77' lang='lat' dir='ltr'><strong>EH&#39;,</strong></span> <span class='ocrx_word' id='word_1_680' title='bbox 3075 4349 3266 4420; x_wconf 80' lang='grc' dir='ltr'>ὥσπερ</span> <span class='ocrx_word' id='word_1_681' title='bbox 3312 4351 3717 4422; x_wconf 86' lang='grc' dir='ltr'>ἐπιγέγραπται</span> 
     </span>
    </p>
   </div>
   <div class='ocr_carea' id='block_1_92' title="bbox 456 4434 2017 4513">
    <p class='ocr_par' dir='ltr' id='par_1_92' title="bbox 456 4436 2017 4504">
     <span class='ocr_line' id='line_1_92' title="bbox 456 4436 2017 4504; baseline -0.008 -7"><span class='ocrx_word' id='word_1_682' title='bbox 456 4444 724 4497; x_wconf 84' lang='lat' dir='ltr'><strong>obterere.</strong></span> <span class='ocrx_word' id='word_1_683' title='bbox 758 4436 970 4494; x_wconf 76' lang='lat' dir='ltr'><strong>LXVII.</strong></span> <span class='ocrx_word' id='word_1_684' title='bbox 1012 4437 1083 4493; x_wconf 88' lang='lat' dir='ltr'><strong>De</strong></span> <span class='ocrx_word' id='word_1_685' title='bbox 1127 4437 1359 4492; x_wconf 75' lang='lat' dir='ltr'><strong>avaritia</strong></span> <span class='ocrx_word' id='word_1_686' title='bbox 1399 4437 1658 4504; x_wconf 87' lang='lat' dir='ltr'><strong>inscripta</strong></span> <span class='ocrx_word' id='word_1_687' title='bbox 1679 4476 1694 4500; x_wconf 91' lang='lat'><strong>,</strong></span> <span class='ocrx_word' id='word_1_688' title='bbox 1724 4437 1899 4489; x_wconf 88' lang='lat' dir='ltr'><strong>vitare</strong></span> <span class='ocrx_word' id='word_1_689' title='bbox 1928 4436 2017 4488; x_wconf 87' lang='lat' dir='ltr'><strong>hot</strong></span> 
     </span>
    </p>
   </div>
   <div class='ocr_carea' id='block_1_93' title="bbox 2122 4434 3718 4513">
    <p class='ocr_par' dir='ltr' id='par_1_93' title="bbox 2135 4434 3718 4513">
     <span class='ocr_line' id='line_1_93' title="bbox 2135 4434 3718 4513; baseline 0.005 -27"><span class='ocrx_word' id='word_1_690' title='bbox 2135 4434 2275 4501; x_wconf 83' lang='lat' dir='ltr'><strong>Napi</strong></span> <span class='ocrx_word' id='word_1_691' title='bbox 2331 4434 2518 4503; x_wconf 74' lang='grc' dir='ltr'>λόγου</span> <span class='ocrx_word' id='word_1_692' title='bbox 2572 4435 2670 4488; x_wconf 75' lang='grc' dir='ltr'>καὶ</span> <span class='ocrx_word' id='word_1_693' title='bbox 2716 4437 3071 4506; x_wconf 82' lang='grc' dir='ltr'>ἀσκήσεως,</span> <span class='ocrx_word' id='word_1_694' title='bbox 3136 4440 3392 4513; x_wconf 84' lang='grc' dir='ltr'>τοιαύτην</span> <span class='ocrx_word' id='word_1_695' title='bbox 3457 4441 3554 4496; x_wconf 76' lang='grc' dir='ltr'>καὶ</span> <span class='ocrx_word' id='word_1_696' title='bbox 3617 4441 3718 4513; x_wconf 71' lang='grc' dir='ltr'>τὴν</span> 
     </span>
    </p>
   </div>
   <div class='ocr_carea' id='block_1_94' title="bbox 457 4522 2028 4602">
    <p class='ocr_par' dir='ltr' id='par_1_94' title="bbox 457 4522 2028 4602">
     <span class='ocr_line' id='line_1_94' title="bbox 457 4522 2028 4602; baseline -0.008 -13"><span class='ocrx_word' id='word_1_697' title='bbox 457 4534 658 4590; x_wconf 89' lang='lat' dir='ltr'><strong>malum</strong></span> <span class='ocrx_word' id='word_1_698' title='bbox 686 4533 858 4602; x_wconf 86' lang='lat' dir='ltr'><strong>jubet.</strong></span> <span class='ocrx_word' id='word_1_699' title='bbox 888 4527 1117 4585; x_wconf 78' lang='lat' dir='ltr'><strong>LXVIII.</strong></span> <span class='ocrx_word' id='word_1_700' title='bbox 1165 4530 1340 4584; x_wconf 87' lang='lat' dir='ltr'><strong>oratio</strong></span> <span class='ocrx_word' id='word_1_701' title='bbox 1392 4527 1604 4581; x_wconf 80' lang='lat' dir='ltr'><strong>titulum</strong></span> <span class='ocrx_word' id='word_1_702' title='bbox 1655 4525 1915 4596; x_wconf 85' lang='lat' dir='ltr'><strong>praefert:</strong></span> <span class='ocrx_word' id='word_1_703' title='bbox 1951 4522 2028 4577; x_wconf 88' lang='lat' dir='ltr'><strong>De</strong></span> 
     </span>
    </p>
   </div>
   <div class='ocr_carea' id='block_1_95' title="bbox 461 4621 2028 4690">
    <p class='ocr_par' dir='ltr' id='par_1_95' title="bbox 461 4621 2028 4690">
     <span class='ocr_line' id='line_1_95' title="bbox 461 4621 2028 4690; baseline -0.006 -12"><span class='ocrx_word' id='word_1_704' title='bbox 461 4631 586 4681; x_wconf 80' lang='lat' dir='ltr'><strong>bene</strong></span> <span class='ocrx_word' id='word_1_705' title='bbox 611 4625 822 4679; x_wconf 84' lang='lat' dir='ltr'><strong>dicendi</strong></span> <span class='ocrx_word' id='word_1_706' title='bbox 856 4623 1128 4686; x_wconf 72' lang='lat' dir='ltr'><strong>exercitio,</strong></span> <span class='ocrx_word' id='word_1_707' title='bbox 1159 4631 1324 4690; x_wconf 88' lang='lat' dir='ltr'><strong>atque</strong></span> <span class='ocrx_word' id='word_1_708' title='bbox 1353 4621 1455 4675; x_wconf 86' lang='lat' dir='ltr'><strong>hoc</strong></span> <span class='ocrx_word' id='word_1_709' title='bbox 1484 4621 1623 4674; x_wconf 90' lang='lat' dir='ltr'><strong>idem</strong></span> <span class='ocrx_word' id='word_1_710' title='bbox 1650 4625 2028 4689; x_wconf 80' lang='lat' dir='ltr'><strong>argumentum</strong></span> 
     </span>
    </p>
   </div>
   <div class='ocr_carea' id='block_1_96' title="bbox 460 4701 2033 4788">
    <p class='ocr_par' dir='ltr' id='par_1_96' title="bbox 460 4701 2033 4788">
     <span class='ocr_line' id='line_1_96' title="bbox 460 4701 2033 4788; baseline -0.008 -17"><span class='ocrx_word' id='word_1_711' title='bbox 460 4717 717 4788; x_wconf 76' lang='lat' dir='ltr'><strong>suggerit.</strong></span> <span class='ocrx_word' id='word_1_712' title='bbox 769 4713 886 4769; x_wconf 75' lang='lat' dir='ltr'><strong>Mox</strong></span> <span class='ocrx_word' id='word_1_713' title='bbox 938 4711 1127 4768; x_wconf 72' lang='lat' dir='ltr'><strong>LXIX.</strong></span> <span class='ocrx_word' id='word_1_714' title='bbox 1179 4713 1289 4783; x_wconf 84' lang='lat' dir='ltr'><strong>agit</strong></span> <span class='ocrx_word' id='word_1_715' title='bbox 1334 4710 1756 4779; x_wconf 86' lang='lat' dir='ltr'><strong>inscribiturque</strong></span> <span class='ocrx_word' id='word_1_716' title='bbox 1814 4701 1892 4761; x_wconf 80' lang='lat' dir='ltr'><strong>De</strong></span> <span class='ocrx_word' id='word_1_717' title='bbox 1935 4722 2033 4760; x_wconf 79' lang='lat' dir='ltr'><strong>sua</strong></span> 
     </span>
    </p>
   </div>
   <div class='ocr_carea' id='block_1_97' title="bbox 461 4801 2032 4882">
    <p class='ocr_par' dir='ltr' id='par_1_97' title="bbox 461 4801 2032 4882">
     <span class='ocr_line' id='line_1_97' title="bbox 461 4801 2032 4882; baseline -0.007 -19"><span class='ocrx_word' id='word_1_718' title='bbox 461 4805 648 4882; x_wconf 59' lang='lat' dir='ltr'><strong>[alios]</strong></span> <span class='ocrx_word' id='word_1_719' title='bbox 673 4808 924 4861; x_wconf 84' lang='lat' dir='ltr'><strong>audiendi</strong></span> <span class='ocrx_word' id='word_1_720' title='bbox 941 4807 1252 4874; x_wconf 84' lang='lat' dir='ltr'><strong>cupiditate.</strong></span> <span class='ocrx_word' id='word_1_721' title='bbox 1271 4803 1695 4874; x_wconf 66' lang='lat' dir='ltr'><strong>Septuagesimm</strong></span> <span class='ocrx_word' id='word_1_722' title='bbox 1717 4801 1905 4854; x_wconf 89' lang='lat' dir='ltr'><strong>titulus</strong></span> <span class='ocrx_word' id='word_1_723' title='bbox 1925 4810 2032 4862; x_wconf 88' lang='lat' dir='ltr'><strong>est,</strong></span> 
     </span>
    </p>
   </div>
   <div class='ocr_carea' id='block_1_98' title="bbox 465 4895 2034 4968">
    <p class='ocr_par' dir='ltr' id='par_1_98' title="bbox 465 4895 2034 4968">
     <span class='ocr_line' id='line_1_98' title="bbox 465 4895 2034 4968; baseline -0.007 -12"><span class='ocrx_word' id='word_1_724' title='bbox 465 4899 539 4956; x_wconf 84' lang='lat' dir='ltr'><strong>De</strong></span> <span class='ocrx_word' id='word_1_725' title='bbox 567 4913 793 4966; x_wconf 75' lang='lat' dir='ltr'><strong>secessu,</strong></span> <span class='ocrx_word' id='word_1_726' title='bbox 819 4902 1083 4968; x_wconf 88' lang='lat' dir='ltr'><strong>docetque</strong></span> <span class='ocrx_word' id='word_1_727' title='bbox 1132 4913 1236 4952; x_wconf 90' lang='lat' dir='ltr'><strong>non</strong></span> <span class='ocrx_word' id='word_1_728' title='bbox 1276 4898 1392 4951; x_wconf 88' lang='lat' dir='ltr'><strong>loca</strong></span> <span class='ocrx_word' id='word_1_729' title='bbox 1429 4895 1538 4950; x_wconf 86' lang='lat' dir='ltr'><strong>sola</strong></span> <span class='ocrx_word' id='word_1_730' title='bbox 1587 4895 1867 4960; x_wconf 85' lang='lat' dir='ltr'><strong>sectando,</strong></span> <span class='ocrx_word' id='word_1_731' title='bbox 1912 4909 2034 4946; x_wconf 80' lang='lat' dir='ltr'><strong>mox</strong></span> 
     </span>
    </p>
   </div>
   <div class='ocr_carea' id='block_1_99' title="bbox 462 4983 2035 5051">
    <p class='ocr_par' dir='ltr' id='par_1_99' title="bbox 462 4983 2035 5051">
     <span class='ocr_line' id='line_1_99' title="bbox 462 4983 2035 5051; baseline -0.005 -5"><span class='ocrx_word' id='word_1_732' title='bbox 462 4991 628 5047; x_wconf 87' lang='lat' dir='ltr'><strong>etiam</strong></span> <span class='ocrx_word' id='word_1_733' title='bbox 657 4989 883 5044; x_wconf 84' lang='lat' dir='ltr'><strong>vitiosas</strong></span> <span class='ocrx_word' id='word_1_734' title='bbox 930 4989 1094 5042; x_wconf 84' lang='lat' dir='ltr'><strong>animi</strong></span> <span class='ocrx_word' id='word_1_735' title='bbox 1144 4986 1478 5051; x_wconf 84' lang='lat' dir='ltr'><strong>ati&#39;ectiones,</strong></span> <span class='ocrx_word' id='word_1_736' title='bbox 1511 5000 1576 5039; x_wconf 89' lang='lat' dir='ltr'><strong>ac</strong></span> <span class='ocrx_word' id='word_1_737' title='bbox 1606 4985 1728 5038; x_wconf 73' lang='lat' dir='ltr'><strong>vita:</strong></span> <span class='ocrx_word' id='word_1_738' title='bbox 1771 4983 2035 5038; x_wconf 89' lang='lat' dir='ltr'><strong>tumultus</strong></span> 
     </span>
    </p>
   </div>
   <div class='ocr_carea' id='block_1_100' title="bbox 463 5075 2034 5149">
    <p class='ocr_par' dir='ltr' id='par_1_100' title="bbox 463 5075 2034 5149">
     <span class='ocr_line' id='line_1_100' title="bbox 463 5075 2034 5149; baseline -0.005 -11"><span class='ocrx_word' id='word_1_739' title='bbox 463 5083 646 5149; x_wconf 81' lang='lat' dir='ltr'><strong>vitari,</strong></span> <span class='ocrx_word' id='word_1_740' title='bbox 673 5082 768 5137; x_wconf 81' lang='lat' dir='ltr'><strong>sed</strong></span> <span class='ocrx_word' id='word_1_741' title='bbox 791 5083 859 5136; x_wconf 80' lang='lat' dir='ltr'><strong>ad</strong></span> <span class='ocrx_word' id='word_1_742' title='bbox 889 5083 1128 5149; x_wconf 74' lang='lat' dir='ltr'><strong>seipsutn</strong></span> <span class='ocrx_word' id='word_1_743' title='bbox 1160 5093 1282 5134; x_wconf 87' lang='lat' dir='ltr'><strong>sese</strong></span> <span class='ocrx_word' id='word_1_744' title='bbox 1298 5077 1685 5142; x_wconf 76' lang='lat' dir='ltr'><strong>comet-tendo,</strong></span> <span class='ocrx_word' id='word_1_745' title='bbox 1734 5084 1788 5129; x_wconf 89' lang='lat' dir='ltr'><strong>et</strong></span> <span class='ocrx_word' id='word_1_746' title='bbox 1836 5076 1904 5130; x_wconf 89' lang='lat' dir='ltr'><strong>ad</strong></span> <span class='ocrx_word' id='word_1_747' title='bbox 1951 5075 2034 5132; x_wconf 80' lang='lat' dir='ltr'><strong>sui</strong></span> 
     </span>
    </p>
   </div>
   <div class='ocr_carea' id='block_1_101' title="bbox 465 5166 2033 5246">
    <p class='ocr_par' dir='ltr' id='par_1_101' title="bbox 465 5166 2033 5246">
     <span class='ocr_line' id='line_1_101' title="bbox 465 5166 2033 5246; baseline -0.007 -14"><span class='ocrx_word' id='word_1_748' title='bbox 465 5175 828 5246; x_wconf 81' lang='lat' dir='ltr'><strong>cognitionem</strong></span> <span class='ocrx_word' id='word_1_749' title='bbox 865 5170 1260 5231; x_wconf 88' lang='lat' dir='ltr'><strong>contendendo,</strong></span> <span class='ocrx_word' id='word_1_750' title='bbox 1313 5169 1533 5223; x_wconf 87' lang='lat' dir='ltr'><strong>aliunde</strong></span> <span class='ocrx_word' id='word_1_751' title='bbox 1562 5166 1872 5226; x_wconf 78' lang='lat' dir='ltr'><strong>accedentia</strong></span> <span class='ocrx_word' id='word_1_752' title='bbox 1906 5167 2033 5221; x_wconf 86' lang='lat' dir='ltr'><strong>mali</strong></span> 
     </span>
    </p>
   </div>
   <div class='ocr_carea' id='block_1_102' title="bbox 2133 4527 3719 4604">
    <p class='ocr_par' dir='ltr' id='par_1_102' title="bbox 2133 4527 3719 4604">
     <span class='ocr_line' id='line_1_102' title="bbox 2133 4527 3719 4604; baseline 0.006 -24"><span class='ocrx_word' id='word_1_753' title='bbox 2133 4527 2389 4580; x_wconf 80' lang='grc' dir='ltr'>ὑπόθεσιν</span> <span class='ocrx_word' id='word_1_754' title='bbox 2416 4527 2723 4582; x_wconf 79' lang='grc' dir='ltr'>ὑποϐάλλει.</span> <span class='ocrx_word' id='word_1_755' title='bbox 2767 4532 2905 4599; x_wconf 86' lang='lat' dir='ltr'><strong>Napi</strong></span> <span class='ocrx_word' id='word_1_756' title='bbox 2952 4532 3008 4585; x_wconf 85' lang='grc' dir='ltr'>δὲ</span> <span class='ocrx_word' id='word_1_757' title='bbox 3049 4531 3160 4601; x_wconf 82' lang='grc' dir='ltr'>τῆς</span> <span class='ocrx_word' id='word_1_758' title='bbox 3186 4535 3374 4588; x_wconf 86' lang='grc' dir='ltr'>αὐτοῦ</span> <span class='ocrx_word' id='word_1_759' title='bbox 3398 4536 3719 4604; x_wconf 74' lang='grc' dir='ltr'>φιληκοΐας</span> 
     </span>
    </p>
   </div>
   <div class='ocr_carea' id='block_1_103' title="bbox 2136 4615 3718 4696">
    <p class='ocr_par' dir='ltr' id='par_1_103' title="bbox 2136 4615 3718 4696">
     <span class='ocr_line' id='line_1_103' title="bbox 2136 4615 3718 4696; baseline 0.006 -24"><span class='ocrx_word' id='word_1_760' title='bbox 2136 4621 2163 4672; x_wconf 93' lang='lat'><strong>6</strong></span> <span class='ocrx_word' id='word_1_761' title='bbox 2190 4615 2286 4671; x_wconf 84' lang='grc' dir='ltr'><strong>ΞΘ’</strong></span> <span class='ocrx_word' id='word_1_762' title='bbox 2340 4619 2438 4672; x_wconf 80' lang='grc' dir='ltr'>καὶ</span> <span class='ocrx_word' id='word_1_763' title='bbox 2485 4621 2850 4692; x_wconf 80' lang='grc' dir='ltr'>ἐπιγράφεται</span> <span class='ocrx_word' id='word_1_764' title='bbox 2898 4624 2993 4676; x_wconf 77' lang='grc' dir='ltr'>καὶ</span> <span class='ocrx_word' id='word_1_765' title='bbox 3024 4624 3404 4696; x_wconf 74' lang='grc' dir='ltr'>διαλαμϐάνει.</span> <span class='ocrx_word' id='word_1_766' title='bbox 3456 4627 3512 4680; x_wconf 90' lang='lat'><strong>&#39;0</strong></span> <span class='ocrx_word' id='word_1_767' title='bbox 3559 4626 3616 4680; x_wconf 78' lang='grc' dir='ltr'>δὲ</span> <span class='ocrx_word' id='word_1_768' title='bbox 3660 4633 3718 4680; x_wconf 82' lang='lat'><strong>0’</strong></span> 
     </span>
    </p>
   </div>
   <div class='ocr_carea' id='block_1_104' title="bbox 2138 4711 3721 4790">
    <p class='ocr_par' dir='ltr' id='par_1_104' title="bbox 2138 4711 3721 4790">
     <span class='ocr_line' id='line_1_104' title="bbox 2138 4711 3721 4790; baseline 0.007 -28"><span class='ocrx_word' id='word_1_769' title='bbox 2138 4711 2452 4782; x_wconf 84' lang='grc' dir='ltr'>ἐπιγραφῆς</span> <span class='ocrx_word' id='word_1_770' title='bbox 2477 4713 2575 4782; x_wconf 83' lang='grc' dir='ltr'>μὲν</span> <span class='ocrx_word' id='word_1_771' title='bbox 2597 4714 2738 4782; x_wconf 85' lang='lat' dir='ltr'><strong>Napi</strong></span> <span class='ocrx_word' id='word_1_772' title='bbox 2773 4715 3212 4787; x_wconf 78' lang='grc' dir='ltr'>ἀναχωρήσεως</span> <span class='ocrx_word' id='word_1_773' title='bbox 3239 4719 3518 4790; x_wconf 85' lang='grc' dir='ltr'>τυγχάνει,</span> <span class='ocrx_word' id='word_1_774' title='bbox 3550 4736 3721 4789; x_wconf 77' lang='grc' dir='ltr'>καταο</span> 
     </span>
    </p>
   </div>
   <div class='ocr_carea' id='block_1_105' title="bbox 2142 4801 3720 4881">
    <p class='ocr_par' dir='ltr' id='par_1_105' title="bbox 2142 4801 3720 4881">
     <span class='ocr_line' id='line_1_105' title="bbox 2142 4801 3720 4881; baseline 0.005 -28"><span class='ocrx_word' id='word_1_775' title='bbox 2142 4801 2399 4867; x_wconf 82' lang='grc' dir='ltr'>σκευάζει</span> <span class='ocrx_word' id='word_1_776' title='bbox 2428 4802 2486 4856; x_wconf 83' lang='grc' dir='ltr'>δὲ</span> <span class='ocrx_word' id='word_1_777' title='bbox 2517 4804 2744 4877; x_wconf 66' lang='grc' dir='ltr'>ὡςεοὺχὶ</span> <span class='ocrx_word' id='word_1_778' title='bbox 2771 4807 2832 4860; x_wconf 82' lang='grc' dir='ltr'>τὸ</span> <span class='ocrx_word' id='word_1_779' title='bbox 2860 4809 2959 4872; x_wconf 85' lang='grc' dir='ltr'>τὰς</span> <span class='ocrx_word' id='word_1_780' title='bbox 2990 4810 3231 4880; x_wconf 79' lang='grc' dir='ltr'>ἐρήμους</span> <span class='ocrx_word' id='word_1_781' title='bbox 3259 4807 3476 4864; x_wconf 83' lang='grc' dir='ltr'>διώκειν</span> <span class='ocrx_word' id='word_1_782' title='bbox 3505 4809 3720 4881; x_wconf 83' lang='grc' dir='ltr'>ἀναχώ-</span> 
     </span>
    </p>
   </div>
   <div class='ocr_carea' id='block_1_106' title="bbox 2147 4895 3721 4973">
    <p class='ocr_par' dir='ltr' id='par_1_106' title="bbox 2147 4895 3721 4973">
     <span class='ocr_line' id='line_1_106' title="bbox 2147 4895 3721 4973; baseline 0.005 -26"><span class='ocrx_word' id='word_1_783' title='bbox 2147 4895 2302 4966; x_wconf 84' lang='grc' dir='ltr'>ρησίς</span> <span class='ocrx_word' id='word_1_784' title='bbox 2329 4897 2444 4949; x_wconf 86' lang='grc' dir='ltr'>ἐστι</span> <span class='ocrx_word' id='word_1_785' title='bbox 2471 4897 2663 4951; x_wconf 82' lang='grc' dir='ltr'>παθῶν</span> <span class='ocrx_word' id='word_1_786' title='bbox 2692 4904 2788 4952; x_wconf 63' lang='grc' dir='ltr'><strong>καλ⁸</strong></span> <span class='ocrx_word' id='word_1_787' title='bbox 2815 4900 2921 4954; x_wconf 83' lang='grc' dir='ltr'><strong>τῶν</strong></span> <span class='ocrx_word' id='word_1_788' title='bbox 2956 4902 3016 4954; x_wconf 93' lang='grc' dir='ltr'><strong>ἐν</strong></span> <span class='ocrx_word' id='word_1_789' title='bbox 3046 4900 3146 4973; x_wconf 79' lang='grc' dir='ltr'>βίῳ</span> <span class='ocrx_word' id='word_1_790' title='bbox 3173 4901 3436 4973; x_wconf 77' lang='grc' dir='ltr'>θορύϐων,</span> <span class='ocrx_word' id='word_1_791' title='bbox 3469 4901 3604 4958; x_wconf 82' lang='grc' dir='ltr'>ἀλλὰ</span> <span class='ocrx_word' id='word_1_792' title='bbox 3658 4903 3721 4955; x_wconf 76' lang='grc' dir='ltr'>τὸ</span> 
     </span>
    </p>
   </div>
   <div class='ocr_carea' id='block_1_107' title="bbox 2142 4988 3718 5063">
    <p class='ocr_par' dir='ltr' id='par_1_107' title="bbox 2142 4988 3718 5063">
     <span class='ocr_line' id='line_1_107' title="bbox 2142 4988 3718 5063; baseline 0.003 -24"><span class='ocrx_word' id='word_1_793' title='bbox 2142 4989 2223 5048; x_wconf 80' lang='grc' dir='ltr'><strong>είς</strong></span> <span class='ocrx_word' id='word_1_794' title='bbox 2254 4988 2447 5042; x_wconf 77' lang='grc' dir='ltr'>ἑαυτὸν</span> <span class='ocrx_word' id='word_1_795' title='bbox 2477 4991 2851 5063; x_wconf 85' lang='grc' dir='ltr'>ἐπεστράφθαι</span> <span class='ocrx_word' id='word_1_796' title='bbox 2881 4995 2974 5047; x_wconf 79' lang='grc' dir='ltr'>καὶ</span> <span class='ocrx_word' id='word_1_797' title='bbox 2992 4994 3244 5048; x_wconf 87' lang='grc' dir='ltr'>σπεύδειν</span> <span class='ocrx_word' id='word_1_798' title='bbox 3268 4994 3474 5063; x_wconf 85' lang='grc' dir='ltr'>γνῶναι</span> <span class='ocrx_word' id='word_1_799' title='bbox 3505 4994 3718 5060; x_wconf 75' lang='grc' dir='ltr'>ἑαυτὸν,</span> 
     </span>
    </p>
   </div>
   <div class='ocr_carea' id='block_1_108' title="bbox 2141 5079 3717 5159">
    <p class='ocr_par' dir='ltr' id='par_1_108' title="bbox 2141 5079 3717 5159">
     <span class='ocr_line' id='line_1_108' title="bbox 2141 5079 3717 5159; baseline 0.004 -27"><span class='ocrx_word' id='word_1_800' title='bbox 2141 5080 2242 5150; x_wconf 83' lang='grc' dir='ltr'>τῆς</span> <span class='ocrx_word' id='word_1_801' title='bbox 2269 5079 2380 5134; x_wconf 84' lang='grc' dir='ltr'><strong>ἀπὸ</strong></span> <span class='ocrx_word' id='word_1_802' title='bbox 2404 5081 2513 5135; x_wconf 79' lang='grc' dir='ltr'><strong>τῶν</strong></span> <span class='ocrx_word' id='word_1_803' title='bbox 2530 5082 2702 5138; x_wconf 79' lang='grc' dir='ltr'>ἄλλων</span> <span class='ocrx_word' id='word_1_804' title='bbox 2729 5085 2928 5150; x_wconf 83' lang='grc' dir='ltr'>κακίας</span> <span class='ocrx_word' id='word_1_805' title='bbox 2946 5085 2995 5120; x_wconf 84' lang='grc'><strong>⁸⁸</strong></span> <span class='ocrx_word' id='word_1_806' title='bbox 3017 5087 3301 5158; x_wconf 82' lang='grc' dir='ltr'>φορολίγον</span> <span class='ocrx_word' id='word_1_807' title='bbox 3330 5088 3520 5159; x_wconf 77' lang='grc' dir='ltr'>ἔχοντα</span> <span class='ocrx_word' id='word_1_808' title='bbox 3538 5087 3717 5156; x_wconf 78' lang='grc' dir='ltr'>λόγον.</span> 
     </span>
    </p>
   </div>
   <div class='ocr_carea' id='block_1_109' title="bbox 2143 5173 3723 5248">
    <p class='ocr_par' dir='ltr' id='par_1_109' title="bbox 2143 5173 3723 5248">
     <span class='ocr_line' id='line_1_109' title="bbox 2143 5173 3723 5248; baseline 0.004 -22"><span class='ocrx_word' id='word_1_809' title='bbox 2143 5173 2282 5242; x_wconf 87' lang='lat' dir='ltr'><strong>Napi</strong></span> <span class='ocrx_word' id='word_1_810' title='bbox 2323 5173 2592 5240; x_wconf 80' lang='grc' dir='ltr'>κάλλους</span> <span class='ocrx_word' id='word_1_811' title='bbox 2639 5176 2697 5229; x_wconf 85' lang='grc' dir='ltr'><strong>δέ</strong></span> <span class='ocrx_word' id='word_1_812' title='bbox 2745 5177 2775 5229; x_wconf 90' lang='lat'><strong>6</strong></span> <span class='ocrx_word' id='word_1_813' title='bbox 2835 5177 2972 5246; x_wconf 75' lang='grc' dir='ltr'>μετὰ</span> <span class='ocrx_word' id='word_1_814' title='bbox 3000 5177 3190 5232; x_wconf 83' lang='grc' dir='ltr'>τοῦτον</span> <span class='ocrx_word' id='word_1_815' title='bbox 3234 5178 3409 5248; x_wconf 79' lang='grc' dir='ltr'>λόγος,</span> <span class='ocrx_word' id='word_1_816' title='bbox 3452 5178 3510 5232; x_wconf 84' lang='grc' dir='ltr'>ὃν</span> <span class='ocrx_word' id='word_1_817' title='bbox 3543 5180 3723 5246; x_wconf 83' lang='grc' dir='ltr'>ἐπιγέ-</span> 
     </span>
    </p>
   </div>
   <div class='ocr_carea' id='block_1_110' title="bbox 1756 5281 2422 5344">
    <p class='ocr_par' dir='ltr' id='par_1_110' title="bbox 1756 5281 2422 5344">
     <span class='ocr_line' id='line_1_110' title="bbox 1756 5281 2422 5344; baseline 0.009 -8"><span class='ocrx_word' id='word_1_818' title='bbox 1756 5281 1989 5339; x_wconf 61' lang='lat' dir='ltr'><strong>VARUS</strong></span> <span class='ocrx_word' id='word_1_819' title='bbox 2022 5284 2422 5344; x_wconf 79' lang='lat' dir='ltr'><strong>LECTIONES.</strong></span> 
     </span>
    </p>
   </div>
   <div class='ocr_carea' id='block_1_111' title="bbox 542 5404 3724 5478">
    <p class='ocr_par' dir='ltr' id='par_1_111' title="bbox 542 5404 3724 5478">
     <span class='ocr_line' id='line_1_111' title="bbox 542 5404 3724 5478; baseline 0.002 -15"><span class='ocrx_word' id='word_1_820' title='bbox 542 5411 588 5443; x_wconf 77' lang='grc' dir='ltr'><strong>⁵ο</strong></span> <span class='ocrx_word' id='word_1_821' title='bbox 619 5409 840 5474; x_wconf 80' lang='grc' dir='ltr'>διέξεισι</span> <span class='ocrx_word' id='word_1_822' title='bbox 899 5407 1268 5478; x_wconf 77' lang='lat' dir='ltr'><strong>apographum</strong></span> <span class='ocrx_word' id='word_1_823' title='bbox 1331 5404 1591 5478; x_wconf 77' lang='lat' dir='ltr'><strong>Stephani</strong></span> <span class='ocrx_word' id='word_1_824' title='bbox 1617 5421 1664 5478; x_wconf 88' lang='lat'><strong>_:</strong></span> <span class='ocrx_word' id='word_1_825' title='bbox 1701 5404 2030 5478; x_wconf 44' lang='lat' dir='ltr'><strong>sediletaw</strong></span> <span class='ocrx_word' id='word_1_826' title='bbox 2095 5416 2178 5478; x_wconf 83' lang='lat' dir='ltr'><strong>est</strong></span> <span class='ocrx_word' id='word_1_827' title='bbox 2232 5406 2395 5462; x_wconf 87' lang='lat' dir='ltr'><strong>etiam</strong></span> <span class='ocrx_word' id='word_1_828' title='bbox 2452 5427 2504 5478; x_wconf 91' lang='lat' dir='ltr'><strong>p.</strong></span> <span class='ocrx_word' id='word_1_829' title='bbox 2573 5411 2677 5466; x_wconf 81' lang='grc'><strong>166</strong></span> <span class='ocrx_word' id='word_1_830' title='bbox 2715 5427 2746 5465; x_wconf 88' lang='lat' dir='ltr'><strong>a</strong></span> <span class='ocrx_word' id='word_1_831' title='bbox 2800 5425 2851 5468; x_wconf 78' lang='lat' dir='ltr'><strong>et</strong></span> <span class='ocrx_word' id='word_1_832' title='bbox 2886 5415 2971 5468; x_wconf 79' lang='lat'><strong>19.</strong></span> <span class='ocrx_word' id='word_1_833' title='bbox 3003 5417 3030 5468; x_wconf 89' lang='lat' dir='ltr'><strong>b</strong></span> <span class='ocrx_word' id='word_1_834' title='bbox 3059 5417 3150 5471; x_wconf 65' lang='lat'><strong>24.</strong></span> <span class='ocrx_word' id='word_1_835' title='bbox 3238 5416 3284 5446; x_wconf 83' lang='grc'>⁸¹</span> <span class='ocrx_word' id='word_1_836' title='bbox 3309 5419 3339 5469; x_wconf 81' lang='grc' dir='ltr'><strong>ὀ</strong></span> <span class='ocrx_word' id='word_1_837' title='bbox 3363 5415 3423 5469; x_wconf 81' lang='grc' dir='ltr'><strong>δέ</strong></span> <span class='ocrx_word' id='word_1_838' title='bbox 3461 5421 3498 5471; x_wconf 77' lang='grc' dir='ltr'>Λ</span> <span class='ocrx_word' id='word_1_839' title='bbox 3528 5436 3539 5468; x_wconf 88' lang='lat'><strong>:</strong></span> <span class='ocrx_word' id='word_1_840' title='bbox 3575 5419 3662 5470; x_wconf 57' lang='grc' dir='ltr'><strong>καλ</strong></span> <span class='ocrx_word' id='word_1_841' title='bbox 3692 5418 3724 5474; x_wconf 80' lang='grc' dir='ltr'><strong>ὁ</strong></span> 
     </span>
    </p>
   </div>
   <div class='ocr_carea' id='block_1_112' title="bbox 469 5473 3717 5557">
    <p class='ocr_par' dir='ltr' id='par_1_112' title="bbox 469 5473 3717 5557">
     <span class='ocr_line' id='line_1_112' title="bbox 469 5473 3717 5557; baseline -0.006 -21"><span class='ocrx_word' id='word_1_842' title='bbox 469 5482 568 5550; x_wconf 87' lang='grc' dir='ltr'><strong>μέν</strong></span> <span class='ocrx_word' id='word_1_843' title='bbox 591 5498 650 5557; x_wconf 68' lang='grc' dir='ltr'>ς.</span> <span class='ocrx_word' id='word_1_844' title='bbox 717 5473 768 5557; x_wconf 54' lang='grc' dir='ltr'>ξι</span> <span class='ocrx_word' id='word_1_845' title='bbox 783 5473 1380 5557; x_wconf 63' lang='grc' dir='ltr'>κατεσχηματισμένοςν</span> <span class='ocrx_word' id='word_1_846' title='bbox 1420 5475 1518 5557; x_wconf 58' lang='grc' dir='ltr'>ἤδη</span> <span class='ocrx_word' id='word_1_847' title='bbox 1545 5475 1639 5557; x_wconf 70' lang='grc' dir='ltr'>καὶ</span> <span class='ocrx_word' id='word_1_848' title='bbox 1667 5474 1757 5526; x_wconf 77' lang='grc' dir='ltr'><strong>τὸν</strong></span> <span class='ocrx_word' id='word_1_849' title='bbox 1807 5473 1922 5556; x_wconf 59' lang='grc' dir='ltr'>βίον</span> <span class='ocrx_word' id='word_1_850' title='bbox 1953 5476 2130 5557; x_wconf 42' lang='grc' dir='ltr'><strong>Α).οὑ</strong></span> <span class='ocrx_word' id='word_1_851' title='bbox 2166 5473 2729 5557; x_wconf 75' lang='grc' dir='ltr'>κατεσχηματισμένῳ</span> <span class='ocrx_word' id='word_1_852' title='bbox 2782 5484 2910 5557; x_wconf 66' lang='grc' dir='ltr'>εῖδει</span> <span class='ocrx_word' id='word_1_853' title='bbox 2937 5504 2996 5550; x_wconf 63' lang='grc' dir='ltr'><strong>ς,</strong></span> <span class='ocrx_word' id='word_1_854' title='bbox 3075 5489 3121 5518; x_wconf 73' lang='grc' dir='ltr'><strong>ιι</strong></span> <span class='ocrx_word' id='word_1_855' title='bbox 3149 5487 3328 5557; x_wconf 60' lang='grc' dir='ltr'>πάσης</span> <span class='ocrx_word' id='word_1_856' title='bbox 3385 5502 3443 5552; x_wconf 45' lang='grc' dir='ltr'><strong>ς,</strong></span> <span class='ocrx_word' id='word_1_857' title='bbox 3521 5489 3566 5519; x_wconf 73' lang='grc' dir='ltr'><strong>σι</strong></span> <span class='ocrx_word' id='word_1_858' title='bbox 3587 5490 3616 5539; x_wconf 64' lang='grc' dir='ltr'>ὁ</span> <span class='ocrx_word' id='word_1_859' title='bbox 3641 5490 3717 5552; x_wconf 61' lang='grc' dir='ltr'><strong>ξς.</strong></span> 
     </span>
    </p>
   </div>
   <div class='ocr_carea' id='block_1_113' title="bbox 468 5551 891 5614">
    <p class='ocr_par' dir='ltr' id='par_1_113' title="bbox 468 5551 891 5614">
     <span class='ocr_line' id='line_1_113' title="bbox 468 5551 891 5614; baseline -0.002 -8"><span class='ocrx_word' id='word_1_860' title='bbox 468 5570 528 5606; x_wconf 86' lang='grc' dir='ltr'>π.</span> <span class='ocrx_word' id='word_1_861' title='bbox 559 5552 650 5606; x_wconf 87' lang='grc' dir='ltr'>πλ.</span> <span class='ocrx_word' id='word_1_862' title='bbox 709 5551 784 5603; x_wconf 83' lang='grc' dir='ltr'>ὥν</span> <span class='ocrx_word' id='word_1_863' title='bbox 830 5568 891 5614; x_wconf 82' lang='grc' dir='ltr'>ς.</span> 
     </span>
    </p>
   </div>
   <div class='ocr_carea' id='block_1_114' title="bbox 968 5544 2404 5615">
    <p class='ocr_par' dir='ltr' id='par_1_114' title="bbox 968 5544 2404 5615">
     <span class='ocr_line' id='line_1_114' title="bbox 968 5544 2404 5615; baseline 0.004 -17"><span class='ocrx_word' id='word_1_864' title='bbox 968 5544 1255 5606; x_wconf 61' lang='grc' dir='ltr'>δί’κακίας</span> <span class='ocrx_word' id='word_1_865' title='bbox 1308 5544 1618 5615; x_wconf 68' lang='grc' dir='ltr'>φορολίγονι</span> <span class='ocrx_word' id='word_1_866' title='bbox 1657 5544 1951 5615; x_wconf 83' lang='grc' dir='ltr'>συμφορῶν</span> <span class='ocrx_word' id='word_1_867' title='bbox 1976 5545 2156 5614; x_wconf 75' lang='grc' dir='ltr'>ὀλίγον</span> <span class='ocrx_word' id='word_1_868' title='bbox 2179 5544 2404 5603; x_wconf 52' lang='grc' dir='ltr'>οοΠίᾸ</span> 
     </span>
    </p>
   </div>
   <div class='ocr_carea' id='block_1_115' title="bbox 2436 5556 2966 5620">
    <p class='ocr_par' dir='ltr' id='par_1_115' title="bbox 2436 5556 2966 5620">
     <span class='ocr_line' id='line_1_115' title="bbox 2436 5556 2966 5620; baseline 0.006 -15"><span class='ocrx_word' id='word_1_869' title='bbox 2436 5570 2448 5605; x_wconf 88' lang='lat'>:</span> <span class='ocrx_word' id='word_1_870' title='bbox 2483 5567 2564 5620; x_wconf 90' lang='lat' dir='ltr'><strong>pr.</strong></span> <span class='ocrx_word' id='word_1_871' title='bbox 2605 5568 2715 5608; x_wconf 90' lang='lat' dir='ltr'><strong>om.</strong></span> <span class='ocrx_word' id='word_1_872' title='bbox 2749 5556 2966 5610; x_wconf 75' lang='grc' dir='ltr'>κακίας.</span> 
     </span>
    </p>
   </div>
   <div class='ocr_carea' id='block_1_116' title="bbox 1986 5637 2218 5699">
    <p class='ocr_par' dir='ltr' id='par_1_116' title="bbox 1986 5637 2218 5699">
     <span class='ocr_line' id='line_1_116' title="bbox 1986 5637 2218 5699; baseline 0.017 -4"><span class='ocrx_word' id='word_1_873' title='bbox 1986 5637 2218 5699; x_wconf 70' lang='lat' dir='ltr'><strong>NOTAE.</strong></span> 
     </span>
    </p>
   </div>
   <div class='ocr_carea' id='block_1_117' title="bbox 541 5735 2344 5808">
    <p class='ocr_par' dir='ltr' id='par_1_117' title="bbox 541 5735 2344 5808">
     <span class='ocr_line' id='line_1_117' title="bbox 541 5735 2344 5808; baseline 0.002 -15"><span class='ocrx_word' id='word_1_874' title='bbox 541 5737 620 5801; x_wconf 75' lang='lat'><strong>(6)</strong></span> <span class='ocrx_word' id='word_1_875' title='bbox 639 5738 833 5796; x_wconf 82' lang='lat' dir='ltr'><strong>Cicero</strong></span> <span class='ocrx_word' id='word_1_876' title='bbox 876 5742 928 5794; x_wconf 90' lang='lat' dir='ltr'><strong>in</strong></span> <span class='ocrx_word' id='word_1_877' title='bbox 961 5739 1284 5803; x_wconf 71' lang='lat' dir='ltr'><strong>Paradoais,</strong></span> <span class='ocrx_word' id='word_1_878' title='bbox 1323 5749 1375 5794; x_wconf 85' lang='lat' dir='ltr'><strong>et</strong></span> <span class='ocrx_word' id='word_1_879' title='bbox 1424 5735 1578 5793; x_wconf 86' lang='lat' dir='ltr'><strong>Philo</strong></span> <span class='ocrx_word' id='word_1_880' title='bbox 1611 5737 1826 5794; x_wconf 76' lang='lat' dir='ltr'><strong>Judzeus</strong></span> <span class='ocrx_word' id='word_1_881' title='bbox 1876 5751 2037 5808; x_wconf 85' lang='lat' dir='ltr'><strong>atque</strong></span> <span class='ocrx_word' id='word_1_882' title='bbox 2072 5737 2344 5796; x_wconf 86' lang='lat' dir='ltr'><strong>Horatius.</strong></span> 
     </span>
    </p>
   </div>
  </div>
