4030 6248
422 271 523 337 691

1534 270 1799 332 PHOTII
1838 267 2345 331 PATRIARCHIE
2378 268 2468 329 ΕΡ

3563 267 3669 332 6‘32
3728 284 3733 287 '

421 388 621 461 cuique
643 386 928 444 assertioni
958 383 1213 442 refutatio
1239 382 1421 438 statim
1448 397 1833 453 opponeretur.
1873 382 1991 450 Ipsa

2110 383 2305 451 τμένων
2332 381 2678 445 ἐσπούδαζεν,
2733 381 2933 451 ἑκάστῃ
2965 381 3274 448 κατασκευῇ
3312 379 3671 449 ἀντιπαρατι-

422 500 588 554 porro
637 483 873 539 elocutio
922 491 1097 547 neque
1144 476 1434 531 admodum
1464 486 1782 540 exornatur,
1819 491 1994 544 neque

425 589 607 630 tamen
658 574 777 627 sine
810 578 1095 625 venustate
1142 566 1476 636 negligitur:
1508 568 1813 637 praesertim
1872 582 1993 621 cum

424 682 529 724 non
559 666 625 719 ad
646 662 1065 719 ostentationem
1092 658 1350 730 aliquam,
1375 659 1470 715 sed
1492 659 1557 712 ad
1573 658 1992 727 disputationem

421 759 598 829 potius
614 772 748 825 opus
772 756 876 810 hoc
899 763 1272 823 comparatum
1291 752 1362 808 sit
1377 769 1405 806 a
1430 767 1529 807 suo
1549 762 1789 816 auctore,
1806 751 1891 806 cui
1914 761 1996 804 te-

424 865 530 905 nue
558 848 768 905 dicendi
792 861 962 917 genus
988 856 1044 900 et
1070 855 1420 914 cognatarum
1446 859 1623 898 rerum
1646 844 1816 899 series
1850 859 1995 898 cnrze

422 940 545 995 fuit.
572 939 733 994 Utilis
761 947 939 992 autem
958 936 1096 991 liher
1111 935 1177 990 iis
1197 944 1302 999 est,
1324 933 1414 1000 qui
1440 934 1492 987 in
1516 933 1814 988 dialecticis
1832 947 1994 987 exer-

421 1041 632 1095 rentur,
650 1039 816 1099 atque
843 1029 947 1084 ista
968 1027 1082 1082 fere
1098 1041 1197 1083 suo
1225 1035 1549 1097 argumento
1579 1024 1993 1093 comprehensa.

426 1125 478 1181 1.
531 1125 613 1179 ΔΙ)
671 1134 903 1192 utroque
948 1130 1176 1193 parente
1211 1120 1349 1173 mitti
1399 1133 1607 1182 semen,
1663 1117 1995 1172 animantia-

424 1231 530 1288 que
555 1215 731 1288 gigni;
762 1225 817 1271 et
830 1226 1021 1270 contra
1045 1213 1233 1267 nonab
1259 1222 1511 1280 utroque.
1550 1211 1606 1265 2.
1642 1210 1718 1264 Ex
1745 1211 1996 1263 universo

420 1322 656 1377 corpore
710 1321 894 1362 semen
952 1304 1167 1359 cxcerni
1201 1320 1215 1358 :
1250 1312 1439 1357 contra
1472 1317 1600 1356 vero
1635 1318 1665 1356 a
1711 1301 1995 1356 testiculis.

425 1401 482 1457 5.
516 1400 935 1456 Concoctionem
985 1398 1168 1452 calore
1242 1398 1354 1450 lieri
1390 1415 1403 1450 :
1435 1407 1626 1450 contra
1706 1409 1850 1448 vero.
1890 1407 1995 1447 non

428 1494 577 1548 item.
655 1492 712 1546 4.
751 1491 950 1545 Attritu
1001 1489 1416 1544 concoctionem
1477 1487 1593 1542 ﬁeri
1638 1510 1651 1543 :
1694 1496 1752 1540 et
1803 1485 1996 1539 attritu

428 1585 652 1640 minime
683 1583 824 1638 ﬁeri.
878 1582 932 1637 5.
961 1580 1363 1636 Putrefactione
1397 1579 1510 1634 fieri
1543 1577 1948 1632 concoctionem
1975 1592 1995 1629 :

420 1684 617 1732 contra
649 1667 778 1730 vero
807 1673 1048 1730 minime.
1084 1672 1139 1728 6.
1216 1672 1409 1743 169a
1470 1669 1810 1741 Proprietate
1838 1670 1998 1737 spiri-

2099 476 2332 545 θεμένης
2357 475 2602 545 παρευθὺ
2626 479 2720 529 καὶ
2747 475 2887 528 κατά
2911 475 3193 543 συνέχειαν
3215 474 3315 541 τῆς
3338 473 3669 540 ἀνασκευῆς.

2111 569 2176 622 Ἥ
2201 570 2298 638 μὲν
2328 569 2592 640 ἑρμηνεία
2623 568 2721 621 τοῦ
2768 569 2929 636 λόγου
2962 568 3087 621 οὔτε
3120 568 3448 638 ὲξωράῖσται
3473 567 3519 599 ⁸⁸
3546 566 3672 621 οὔτε

2097 662 2351 733 ἔῤῥιπται
2400 662 2495 713 τοῦ
2542 660 2792 722 κάλλους,
2847 658 3021 721 ἄλλως
3052 676 3110 711 τε
3171 660 3264 712 καὶ
3296 659 3379 712 ὅτι
3416 657 3526 712 οὐδ’
3554 660 3671 712 ἑπι-

2096 757 2400 819 δεικτικῶς,
2432 756 2547 809 ἀλλ’
2590 758 2648 818 ἐς
2690 754 2752 808 τὸ
2792 756 3090 824 γυμνάσιον
3131 754 3207 824 τῷ
3261 756 3569 824 συγγραφεῖ
3610 753 3675 806 τὸ

2097 849 2419 918 σπούδασμα
2466 849 2632 900 τείνει
2678 845 2746 911 ⁸⁸,
2773 849 2865 899 καὶ
2899 847 3210 915 ἰσχνότητος
3257 844 3405 915 αὐτῷ
3442 845 3671 900 καὶτῶν

2099 938 2391 1008 συστοίχων
2430 938 2602 1006 μέλει·
2647 936 2918 1009 χρήσιμον
2973 934 3032 989 δὲ
3085 935 3147 987 τὸ
3175 934 3379 1005 βιϐλίον
3415 938 3527 1000 τοῖς
3575 937 3675 1006 τὴν

2095 1030 2438 1100 διαλεκτικὴν
2460 1030 2653 1101 τριϐὴν
2673 1030 2840 1084 άσκου
2850 1029 3050 1100 μένοις.
3087 1027 3151 1081 Ἠ
3168 1027 3224 1082 δὲ
3249 1024 3505 1092 ὑπόθεσις
3525 1028 3676 1093 λέγει

2095 1120 2291 1183 ταῦτα,
2315 1121 2397 1174 ὅτι
2425 1120 2484 1187 ἐξ
2516 1118 2841 1191 ἀμφοτέρων
2867 1120 2901 1190 ἡ
2933 1117 3207 1188 καταϐολὴ
3243 1118 3339 1171 τοῦ
3364 1118 3678 1189 σπέρματος

2098 1216 2192 1268 καὶ
2220 1214 2480 1282 ζωογονία
2507 1214 2737 1282 γίνεται,
2777 1213 2870 1265 καὶ
2897 1211 3206 1265 τούναντίον
3243 1211 3345 1263 οὐκ
3397 1209 3459 1275 ἐξ
3492 1211 3676 1279 ἀμφο-

2096 1305 2291 1375 τέρων.
2345 1302 2607 1372 Δεύτερον
2650 1303 2734 1355 ὅτι
2785 1301 2877 1370 ἀφ’
2903 1302 3027 1355 ὅλου
3059 1300 3154 1355 τοῦ
3208 1300 3465 1373 σώματος
3502 1303 3534 1372 ἡ
3579 1298 3679 1354 τοῦ

2098 1394 2413 1465 σπέρματος
2442 1392 2707 1461 ἔκκρισις.
2738 1391 2834 1445 καὶ
2862 1392 3170 1445 τούναντίον
3190 1393 3271 1445 ὅτι
3299 1391 3407 1451 ἀπὸ
3428 1390 3605 1461 μόνων
3630 1391 3679 1426 ⁸⁷

2095 1485 2205 1539 τῶν
2233 1484 2487 1554 διδύμων.
2514 1482 2563 1553 γ’
2587 1485 2667 1537 ὅτι
2699 1485 2733 1555 ὴ
2768 1483 2930 1554 πέψις
2976 1483 3250 1555 θερμασία
3308 1485 3540 1552 γίνεται,
3583 1483 3682 1537 καὶ

2096 1578 2177 1632 ὅτι
2202 1579 2299 1648 οὐχ
2329 1576 2521 1640 οὕτως.
2559 1577 2602 1630 δ’
2634 1576 2716 1631 ὅτι
2741 1576 2925 1647 τρίψει
2957 1578 2990 1647 ἠ
3029 1576 3193 1647 πέψις
3222 1574 3454 1644 γίνεται,
3485 1575 3580 1629 καὶ
3597 1577 3682 1629 ὃτι

2099 1671 2158 1723 οὐ
2184 1670 2381 1741 τρίψει.
2418 1675 2460 1722 ε’
2490 1670 2571 1723 ὅτι
2603 1656 2763 1740 σήψει
2792 1670 2825 1741 ή
2854 1668 3036 1737 πέψις,
3091 1669 3185 1722 καὶ
3211 1669 3293 1722 ὅτι
3318 1670 3381 1722 οὐ
3406 1667 3587 1739 σήψει.
3623 1682 3679 1732 ς’

422 1776 519 1824 tus
543 1768 950 1822 concoctionem
992 1764 1107 1819 ﬁeri
1141 1784 1157 1818 :
1191 1775 1376 1818 contra
1414 1777 1518 1817 non
1545 1763 1693 1817 item.
1769 1760 1821 1814 7.
1863 1760 1999 1815 Suc-

2110 1765 2185 1817 ὅτι
2220 1735 2328 1818 τοῦ
2376 1735 2697 1833 πνεύματος
2749 1735 2970 1831 ἰδιότητι
3022 1763 3055 1832 ὴ
3114 1760 3298 1832 πέψις,
3331 1762 3426 1815 καὶ
3582 1760 3683 1831 οὐχ

428 1874 615 1914 eorum
640 1858 973 1929 proprietate
994 1856 1275 1911 concoctio
1305 1855 1400 1920 tit;
1431 1856 1514 1909 vel
1531 1854 1776 1909 minime.
1794 1851 2000 1908 8.Pro-

2110 1853 2294 1916 οὕτως.
2329 1851 2375 1916 ζ’
2417 1853 2499 1906 ὅτι
2551 1851 2743 1923 χυμῶν
2777 1850 2999 1921 ίδιότητι
3040 1851 3074 1921 ὴ
3106 1848 3289 1921 πέψις,
3330 1851 3425 1904 καὶ
3473 1849 3556 1903 ὅτι
3582 1848 3683 1920 οὐχ

431 1951 663 2019 prietate
694 1949 893 2004 caloris
924 1950 986 2002 fit
1011 1948 1292 2002 concoctio
1327 1965 1342 2000 :
1374 1957 1431 2000 et
1463 1960 1569 2000 non
1599 1947 1748 2000 item.
1810 1945 1865 1999 9.
1891 1943 2000 1998 Ca-

2110 1944 2290 2008 οὖτως.
2319 1942 2372 2014 η’
2401 1943 2484 1996 ὅτι
2507 1941 2807 2012 θερμασίας
2840 1941 3058 2014 ἰδιότητι
3088 1943 3123 2012 ὴ
3142 1940 3325 2011 πέψις,
3353 1942 3447 1993 καὶ
3476 1940 3559 1993 ὅτι
3583 1939 3683 2011 οὐχ

432 2044 545 2096 lore
572 2041 929 2111 digestionem
972 2041 1086 2093 ﬁeri
1125 2058 1141 2096 :
1178 2048 1233 2094 et
1268 2055 1372 2092 non
1413 2038 1566 2092 item.
1622 2036 1709 2091 10.
1745 2036 2000 2090 (liberum

2110 2036 2295 2100 οὕτως.
2333 2036 2377 2089 θ’
2426 2038 2509 2089 ὅτι
2539 2034 2813 2107 θερμασίᾳ
2847 2036 2881 2106 ἡ
2913 2034 3189 2099 ἀνάδοσις,
3217 2033 3311 2086 καὶ
3353 2033 3435 2085 ὅτι
3460 2033 3559 2103 οὐ(
3588 2029 3683 2085 οὗ·

432 2132 867 2187 distributionem
893 2146 986 2199 per
1017 2129 1215 2185 caloris
1244 2131 1308 2181 ad
1349 2143 1408 2183 se
1439 2128 1820 2189 attractionem
1855 2127 2001 2193 ﬂeri;

433 2225 514 2280 vel
539 2224 781 2278 minime.
817 2223 904 2278 'H.
944 2222 1149 2290 Spiritu
1193 2221 1253 2275 ilt
1280 2221 1663 2287 digestiomut
1704 2235 1807 2271 non
1850 2219 2001 2272 item.

435 2317 524 2372 12.
550 2317 890 2369 Arteriarum
940 2315 1303 2383 applicatione
1356 2312 1588 2381 digestio
1644 2311 1701 2364 iit
1729 2296 1750 2366 ἐ
1784 2310 2007 2365 minime

433 2425 563 2464 vero
596 2410 695 2465 sic.
734 2410 824 2463 15.
854 2408 1093 2479 Digestio
1126 2408 1187 2460 lit
1220 2422 1315 2475 per
1341 2406 1642 2461 absentiam
1675 2420 1797 2458 cum
1826 2403 2006 2456 vacui-

434 2510 545 2557 tate
570 2514 587 2554 :
621 2511 676 2554 et
702 2505 845 2571 quod
871 2501 1249 2568 perincertum
1270 2499 1384 2551 sive
1404 2512 1784 2567 quamcunque
1812 2480 2007 2549 absen-

435 2588 562 2642 tiam
623 2588 738 2642 ﬁeri
773 2588 1231 2658 soleat‘digestio.
1273 2586 1356 2640 14.
1394 2583 1471 2639 Ex
1517 2600 1582 2639 eo
1621 2584 1878 2654 glaucedo
1913 2598 2008 2635 na-

432 2683 621 2748 scitur,
653 2683 796 2751 quod
812 2680 1071 2736 alimento
1093 2695 1191 2734 suo
1206 2679 1430 2734 visualis
1454 2694 1616 2749 porus
1639 2678 1968 2732 destituatur
1991 2695 2005 2732 :

432 2781 493 2831 et
519 2790 625 2830 non
663 2775 815 2828 item.
850 2774 937 2828 15.
972 2773 1267 2844 Sanguinis
1289 2771 1478 2840 illapsu
1504 2772 1554 2823 in
1575 2769 1795 2824 visionis
1818 2782 2007 2837 porum

432 2867 696 2938 glaucedo
727 2865 785 2919 tit
815 2860 1099 2920 oculorum
1146 2882 1159 2917 :
1193 2873 1248 2917 et
1288 2878 1392 2917 non
1427 2862 1578 2915 item.
1634 2860 1723 2915 16.
1752 2859 2010 2913 Humido-

434 2975 554 3014 rum
610 2958 881 3021 crassitie,
930 2967 1091 3025 atque
1136 2956 1482 3010 exhalatione
1526 2954 1585 3007 [lt
1620 2953 1877 3024 glaucedu
1908 2970 1922 3007 :
1954 2962 2013 3008 et

2103 2149 2230 2194 τως.
2267 2137 2299 2184 ι’
2341 2130 2480 2201 ὅτιή
2518 2128 2768 2191 ἀνάδοσις
2799 2127 2878 2198 τῷ
2914 2126 3014 2196 τὴν
3057 2125 3362 2196 θερμασίαν
3424 2126 3512 2192 ἐφ’
3557 2124 3685 2177 ἑαυο

2104 2225 2204 2293 τὴν
2235 2224 2435 2285 ἕλκειν,
2472 2224 2567 2276 καὶ
2593 2223 2674 2274 ὅτι
2697 2221 2795 2291 οὐχ
2841 2218 3033 2283 οὕτως.
3074 2217 3141 2273 ια’
3189 2218 3270 2271 ὅτι
3301 2216 3380 2289 τῷ
3410 2215 3685 2285 πνεύματι

2106 2321 2139 2387 ἡ
2170 2316 2441 2378 ἀνάδοσις,
2473 2317 2568 2368 καὶ
2590 2316 2672 2367 ὅτι
2699 2315 2796 2383 οὐχ
2821 2312 3014 2376 οὕτως.
3066 2311 3135 2382 ιβ’
3170 2310 3251 2364 ὅτι
3280 2312 3345 2380 τῇ
3374 2309 3482 2362 τῶν
3514 2310 3687 2380 ἀρτη-

2110 2408 2241 2478 ριῶν
2278 2406 2571 2474 παραθέσει
2600 2407 2633 2477 ἠ
2680 2406 2929 2468 ἀνάδοσις
2950 2445 2963 2464 ,
2994 2403 3087 2457 καὶ
3115 2405 3196 2456 ὅτι
3230 2404 3329 2475 οὐχ
3364 2400 3560 2464 οὕτως.
3617 2407 3687 2467 ιγ’

2109 2502 2191 2554 ὅτι
2222 2504 2287 2570 τῇ
2343 2498 2484 2553 κατά
2513 2498 2667 2552 κενὸν
2724 2498 2961 2568 ἀπουσίᾳ
2989 2499 3022 2566 ἡ
3054 2495 3327 2559 ἀνάδοσις,
3362 2496 3457 2548 καὶ
3500 2495 3583 2547 ὅτι
3622 2492 3687 2549 οὔ

2111 2594 2252 2648 κατὰ
2266 2595 2324 2646 τὸ
2350 2593 2541 2661 ἄδηλον
2556 2591 2836 2660 ἀπουσίαὴ
2862 2588 3132 2650 ἀνάδοσις.
3168 2584 3231 2641 ιδ’
3250 2588 3329 2641 ὅτι
3342 2586 3406 2638 δι’
3421 2584 3689 2655 ἀτροφίαν

2110 2684 2205 2738 τοῦ
2235 2685 2491 2753 ὁρατικοῦ
2529 2681 2696 2751 πόρου
2729 2681 2762 2750 ἡ
2796 2678 3217 2747 άπογλαύκωσις
3250 2677 3561 2759 συμϐαίνει,
3594 2678 3691 2730 καὶ

2113 2779 2193 2831 ὅτι
2243 2780 2340 2848 οὐχ
2372 2775 2563 2838 οὕτως.
2587 2781 2646 2828 ιε’
2673 2776 2755 2827 ὅτι
2784 2774 2914 2844 παρ’
2943 2773 3230 2842 ἔμπτωσιν
3267 2772 3312 2805 ⁸⁸
3350 2774 3580 2840 αἵματος
3609 2771 3690 2833 είς

2113 2869 2203 2922 τὸν
2254 2867 2506 2939 ὁρατικὸν
2544 2866 2713 2937 πόρον
2761 2867 2793 2935 ἡ
2852 2864 3295 2933 ἁπογλαύκωσις,
3336 2863 3430 2916 καὶ
3485 2861 3690 2931 suos;

2116 2959 2310 3024 οὕτως.
2371 2964 2447 3024 ις’
2476 2959 2558 3012 ὅτι
2610 2955 2732 3010 καθ’
2782 2954 2963 3026 ὑγρῶν
3011 2956 3185 3027 πάχος
3233 2959 3326 3008 καὶ
3368 2953 3691 3023 διαπνοὴν⁶⁹

437 3066 543 3105 non
600 3049 680 3103 lit.
744 3047 833 3102 17.
888 3045 1256 3101 Phrenitidem
1318 3045 1433 3099 ﬁeri
1486 3059 1583 3116 per
1623 3045 2006 3099 distensionem

2111 3062 2145 3132 ἡ
2172 3055 2613 3125 ἀπογλαύκωσις,
2643 3053 2739 3107 καὶ
2775 3054 2857 3106 ὅτι
2883 3053 2980 3120 οὐχ
3004 3050 3197 3114 οὕτως.
3237 3051 3354 3122 ι511
3381 3047 3473 3121 IL]
3502 3050 3583 3115 lC"
3607 3048 3691 3101 ὃτι

434 3141 741 3211 meningis,
793 3138 1180 3209 sanguinisque
1213 3138 1616 3205 corruptionem
1653 3155 1669 3192 :
1700 3148 1756 3192 et
1785 3154 1891 3193 non
1929 3137 2008 3193 ita

440 3232 579 3288 ﬁeri.
633 3232 720 3287 18.
755 3230 833 3285 Ex
885 3231 1084 3285 caloris
1128 3246 1360 3284 excessu
1414 3231 1560 3283 nasci
1591 3229 1950 3299 phrenitidem
1991 3246 2008 3285 :

436 3335 491 3380 et
518 3340 626 3379 non
656 3325 806 3379 item.
868 3325 960 3378 19.
994 3322 1099 3377 Per
1138 3321 1615 3376 inﬂammationem
1648 3323 2008 3390 phrenitidem

438 3417 584 3472 nasci
611 3433 628 3472 :
654 3417 997 3473 etnonitem.
1028 3414 1121 3471 20.
1154 3415 1477 3486 Lethargum
1501 3430 1564 3469 ex
1589 3414 2013 3470 inﬂammatione

440 3508 555 3562 fieri
584 3524 601 3562 :
630 3517 821 3562 etnon
853 3506 950 3559 ita.
1027 3504 1121 3558 21.
1156 3501 1264 3557 Per
1289 3502 1679 3557 distensionem
1705 3501 2013 3571 corruptio-

441 3613 670 3667 nemque
697 3597 1035 3667 lethargicos
1063 3597 1214 3651 ﬁcri:
1244 3607 1417 3649 etnon
1449 3595 1603 3648 item.
1642 3594 1734 3648 22.
1765 3594 1867 3648 Per
1889 3593 2010 3645 uni-

439 3704 657 3743 versnm
705 3703 904 3757 corpus
964 3686 1191 3741 diﬂ'undi
1238 3689 1533 3755 appetitum
1597 3688 1788 3741 edendi
1850 3699 2013 3755 atque

441 3780 656 3834 ltibentli
698 3797 712 3833 :
750 3775 805 3833 et
857 3786 1068 3833 tantum
1132 3779 1183 3832 itt
1233 3780 1517 3833 Stomacho
1562 3780 1845 3833 exsistere.
1920 3778 2011 3832 25.

444 3871 648 3926 Edendi
697 3880 861 3940 atque
902 3872 1119 3927 bibendi
1176 3873 1474 3943 appetitum
1524 3874 1576 3926 in
1626 3873 2015 3940 imaginatione

445 3963 609 4016 situm
649 3978 790 4018 esse.
875 3964 966 4019 24.
1005 3964 1076 4019 Ex
1112 3966 1395 4018 ltumnrum
1432 3963 1610 4031 inopia
1641 3963 1787 4017 sitim
1818 3962 1967 4015 nasci
1999 3979 2012 4015 :

445 4065 500 4108 nt
532 4071 635 4110 non
684 4056 834 4110 item.
887 4056 978 4113 25.
1033 4057 1089 4112 1η
1150 4060 1432 4113 stomacho
1469 4056 1736 4123 duplicem
1784 4057 2012 4123 spectari

447 4146 712 4203 etliciendi
746 4148 852 4201 vim
889 4166 903 4203 :
938 4159 993 4203 et
1041 4165 1168 4203 vero
1216 4149 1461 4205 minime.
1505 4149 1598 4204 26.
1652 4148 2015 4218 lnferior(ll)

448 4240 652 4295 cerebri
685 4241 932 4312 pellicula
966 4244 1016 4295 in
1050 4244 1390 4297 concavitate
1416 4243 1737 4310 principium
1770 4252 1847 4295 est
1894 4258 2017 4294 uer-

447 4346 635 4393 vorum
668 4350 683 4386 :
720 4339 774 4385 et
809 4347 937 4386 vero
968 4333 1210 4396 minime,
1261 4334 1356 4387 sed
1381 4334 1642 4386 exterior.
1711 4330 1801 4385 27.
1842 4330 2015 4385 Phar-

2116 3155 2151 3224 ἡ
2193 3153 2435 3223 φρενῖτις
2478 3147 2620 3202 κατὰ
2648 3146 2896 3201 διάτασιν
2923 3146 3023 3213 τῆς
3061 3146 3325 3215 μήνιγγος
3355 3144 3448 3197 καὶ
3487 3142 3695 3213 φθοράν

2109 3244 2203 3297 τοῦ
2225 3242 2453 3311 αἵματος
2491 3239 2719 3309 γίνεται,
2752 3237 2843 3291 καὶ
2874 3238 3072 3307 ὃτιούχ
3109 3235 3303 3299 οὕτως.
3342 3242 3411 3305 ιη’
3444 3236 3527 3289 ὅτι
3554 3233 3694 3287 κατὰ

2111 3334 2415 3405 θερμασίας
2473 3330 2816 3398 πλεονασμὸν
2868 3331 2898 3399 ἡ
2957 3333 3199 3401 φρενῖτις
3252 3327 3556 3399 συμϐαίνει,
3598 3326 3695 3379 καὶ

2112 3427 2192 3479 ὅτι
2222 3425 2317 3493 οὐχ
2342 3422 2534 3486 οὕτως.
2603 3422 2666 3475 ιθ¹
2687 3422 2771 3475 ὅτι
2801 3420 2891 3474 διὰ
2911 3420 3220 3490 φλεγμονὴν
3254 3420 3287 3489 ή
3312 3419 3571 3489 φρενῖτις,
3599 3414 3695 3467 καὶ

2112 3516 2194 3570 ὅτι
2242 3517 2340 3586 οὐχ
2391 3514 2583 3576 οὕτως.
2612 3520 2658 3567 κ’
2712 3513 2794 3565 ὅτι
2854 3514 2881 3566 ὁ
2926 3511 3202 3583 λήθαργος
3256 3510 3343 3564 διὰ
3386 3507 3695 3579 φλεγμονὴν

2112 3604 2349 3670 γίνεται,
2394 3603 2485 3655 xa‘t
2523 3602 2605 3654 ὅτι
2657 3601 2755 3670 οὐχ
2795 3598 2989 3663 οὕτως.
3021 3605 3107 3651 κα¹
3136 3598 3217 3651 ὅτι
3260 3597 3402 3650 κατά
3452 3595 3698 3648 διάτασιν

2113 3695 2162 3746 ot
2188 3693 2512 3764 ληθαργικοὶ
2557 3692 2653 3745 καὶ
2714 3690 2941 3763 φθορὰν,
2976 3690 3069 3743 καὶ
3112 3689 3194 3742 ὅτι
3231 3689 3331 3759 οὐχ
3359 3686 3551 3748 οὕτως,
3610 3684 3695 3754 »ιβ’

2114 3789 2197 3840 ὃτι
2239 3787 2286 3818 ’⁷ο
2330 3788 2460 3854 περὶ
2489 3786 2611 3838 ὅλον
2634 3784 2694 3837 τὸ
2725 3783 2883 3853 σῶμα
2941 3782 3097 3853 ἡτοῦ
3153 3784 3299 3835 πιεῖν
3352 3782 3445 3834 καὶ
3499 3781 3698 3847 φαγεῖν

2117 3878 2431 3930 συνίσταται
2457 3874 2658 3944 ὄρεξις,
2679 3875 2774 3929 καὶ
2809 3875 2889 3929 ὅτι
2917 3875 3044 3945 περὶ
3086 3873 3247 3943 μόνον
3274 3873 3365 3926 τὸν
3403 3870 3697 3941 στόμαχον.

2116 3967 2201 4036 κγ’
2233 3969 2314 4022 ὃτι
2366 3970 2400 4038 ἠ
2458 3968 2552 4021 τοῦ
2593 3970 2789 4036 φαγεῖν
2838 3966 2932 4020 καὶ
2988 3969 3134 4020 πιεῖν
3180 3965 3359 4036 ὄρεξις
3414 3965 3542 4034 περὶ
3584 3963 3701 4016 διά-

2117 4079 2285 4114 νοιαν.
2322 4061 2398 4113 κδ’
2423 4061 2506 4114 ὃτι
2565 4060 2687 4113 καθ’
2734 4060 2916 4131 ὑγρῶν
2964 4059 3171 4112 ἔνδειαν
3204 4059 3265 4111 τὸ
3291 4057 3464 4126 δίψος,
3502 4057 3595 4110 καὶ
3617 4057 3702 4109 ὅτι

2116 4151 2213 4221 οὐχ
2245 4150 2439 4213 οὕτως.
2506 4156 2587 4203 κε’
2639 4152 2719 4203 ὅτι
2782 4151 2911 4221 περὶ
2948 4151 3037 4203 τον
3093 4150 3360 4219 στόμαχον
3407 4148 3566 4218 διπλῆ
3616 4164 3703 4209 τις

2116 4244 2309 4312 ὁρᾶται
2332 4242 2603 4312 ἐνέργεια,
2627 4242 2722 4293 καὶ
2741 4242 2821 4293 ὅτι
2848 4242 2945 4310 οὐχ
2966 4240 3161 4304 οὕτως.
3187 4247 3277 4305 σις’
3306 4241 3391 4293 ὅτι
3420 4241 3454 4310 η
3480 4241 3524 4272 ⁷³
3551 4240 3704 4300 ἐντὸς

2128 4332 2253 4406 [279
2286 4333 2377 4401 H.)
2416 4330 2616 4404 μῆνιγξ
2659 4335 2691 4403 ἡ
2736 4336 2792 4385 ἐν
2818 4332 2896 4403 τῷ
2928 4332 3232 4400 κοιλώματι
3262 4332 3402 4401 ἀρχὴ
3433 4330 3542 4383 τῶν
3581 4329 3705 4382 νεύ-

450 4421 826 4484 tnaca-dill‘ttsa
864 4440 961 4495 per
994 4440 1190 4489 corpus
1222 4440 1483 4492 purgare;
1515 4433 1570 4476 et
1594 4441 1695 4476 non
1737 4425 1886 4487 item,
1925 4425 2006 4477 sed

2126 4443 2235 4496 ρων
2274 4428 2409 4491 ἐστὶ,
2452 4426 2545 4479 καὶ
2569 4427 2650 4478 ὅτι
2688 4426 2787 4495 οὐχ
2828 4425 3022 4488 οὕτως,
3054 4425 3169 4479 ἀλλ’
3200 4426 3235 4494 ἡ
3268 4425 3444 4485 ἐκτός.
3499 4422 3580 4484 κζ’
3621 4423 3704 4475 ὅτι

449 4513 565 4582 ipso
613 4513 841 4583 allapsn.
900 4514 990 4569 28.
1048 4513 1165 4568 Non
1216 4529 1336 4568 esse
1363 4514 1620 4568 utendum
1663 4515 2006 4583 purgantibus

2117 4518 2473 4588 ἀναδιδόμενα
2487 4517 2552 4571 τὰ
2574 4518 2843 4588 φάρμακα
2862 4517 3138 4589 καθαίρει,
3159 4520 3255 4570 καὶ
3280 4518 3361 4570 ὅτι
3386 4516 3483 4586 οὐχ
3504 4514 3702 4578 οὕτως,

450 4603 863 4664 medicamentis
898 4622 912 4658 :
945 4606 1054 4658 imo
1086 4621 1226 4658 esse.
1283 4603 1373 4659 29.
1422 4604 1539 4659 Vini
1577 4607 1824 4659 haustum
1856 4603 2006 4659 febri.

2120 4611 2253 4664 ἀλλὰ
2306 4612 2447 4664 κατὰ
2486 4612 2584 4682 τὴν
2636 4612 3008 4679 πρόσπτωσιν.
3067 4616 3151 4679 κη’
3194 4610 3276 4662 ὅτι
3323 4608 3382 4660 οὐ
3440 4606 3708 4678 χρηστέον

448 4690 741 4748 citantihus
789 4709 910 4747 esse
957 4695 1356 4748 concedendum
1393 4713 1406 4748 :
1443 4706 1496 4747 et
1552 4710 1653 4749 non
1701 4711 1842 4761 esse,
1900 4710 2006 4749 cuu‘

2122 4705 2236 4768 τοῖς
2286 4703 2659 4775 καθαρτικοῖς.
2688 4704 2780 4756 καὶ
2829 4702 2911 4754 ὅτι
2960 4701 3251 4772 χρηστέον.
3308 4699 3499 4752 κθ’ὅτι
3558 4697 3704 4750 οῐνου

451 4784 793 4850 perniciosus
826 4784 917 4838 sit.
988 4785 1080 4839 50.
1141 4784 1342 4839 Balnea
1393 4785 1835 4841 feltricitantibus
1868 4786 2023 4841 utilia

450 4890 575 4931 esse
607 4892 620 4928 :
656 4876 762 4928 itno
823 4876 981 4929 noxia
1032 4892 1175 4930 esse.
1241 4877 1329 4931 51.
1379 4879 1437 4931 In
1490 4879 1804 4932 morborum
1841 4880 2020 4931 incre-

454 4965 899 5038 mentisrlystere
930 4971 1182 5023 utendum
1207 4986 1222 5022 :
1256 4980 1308 5021 et
1336 4986 1442 5022 non
1472 4971 1752 5029 utendum.
1795 4970 1885 5024 52.
1908 4968 2021 5021 Non

453 5071 576 5110 esse
634 5059 945 5112 morborum
993 5059 1146 5113 initio
1190 5061 1534 5115 unctionibus
1583 5066 1883 5115 utendum:
1917 5063 2027 5117 into

455 5148 507 5201 id
533 5149 759 5217 perutile
776 5165 915 5204 esse.
944 5151 1033 5205 55.
1052 5152 1227 5210 Caput
1258 5153 1657 5217 cataplasmatis
1679 5154 1977 5206 curandum
2008 5173 2023 5209 :

451 5249 504 5294 et
556 5256 662 5293 non
718 5241 874 5306 item,
938 5245 1031 5297 sed
1079 5242 1378 5298 olfactoriis
1419 5243 1683 5297 duntaxat
1738 5248 2018 5302 utendum.

2126 4792 2270 4847 δόσει
2306 4794 2571 4865 χρηστέον
2627 4790 2858 4845 ἐπὶτῶν
2904 4789 3308 4861 πυρεσσόντων,
3335 4789 3428 4841 καὶ
3478 4787 3706 4839 τούναν-

2128 4886 2242 4938 τίον
2264 4886 2344 4939 ὅτι
2373 4886 2709 4955 ἀσύμφορον.
2742 4884 2785 4937 λ’
2817 4883 2897 4936 ὃτι
2928 4881 3155 4951 λουτρὸν
3179 4882 3291 4943 τοῖς
3316 4878 3705 4950 ’πτυρέσσουσιη

2130 4977 2418 5037 λυσιτελεῖ,
2446 4978 2539 5029 καὶ
2573 4978 2654 5030 ὅτι
2678 4976 3017 5046 ἀσύμφορον.
3040 4974 3119 5027 λα’
3144 4974 3227 5026 ὅτι
3257 4971 3338 5024 δεῖ
3362 4974 3419 5023 ὲν
3441 4972 3559 5034 ταῖς
3593 4970 3705 5022 ὲπιο

2129 5069 2320 5121 στάσεσι
2349 5069 2456 5122 τῶν
2485 5070 2655 5121 νόσων
2690 5067 2924 5132 κλύζειν,
2982 5068 3076 5119 καὶ
3099 5066 3180 5118 ὅτι
3211 5064 3270 5116 οὐ
3312 5063 3591 5133 προσῆκον
3638 5061 3707 5114 ⁷³.

2129 5159 2209 5229 λβ¹
2239 5161 2405 5213 ὅτιού
2436 5161 2517 5213 δεῖ
2532 5158 2652 5210 κατ’
2692 5154 3166 5231 ἁρχὰςὺπαλείψει
3198 5153 3459 5225 χρῆσθαι,
3492 5152 3587 5205 καὶ
3623 5151 3706 5204 ὅτι

2130 5252 2431 5321 συμφέρον.
2489 5249 2568 5320 λγ¹
2616 5251 2698 5303 ὅτι
2742 5250 2821 5302 δεῖ
2872 5247 3275 5301 καταπλάττειν
3322 5247 3422 5313 τὴν
3446 5243 3712 5313 κεφαλὴν,

1764 5357 1997 5415 VARIAS
2037 5362 2440 5424 LECTIONES.

528 5447 709 5527 "ﬁt"
730 5446 1055 5527 ἐξωράῖστῆξ
1082 5448 1123 5527 ὃ
1149 5466 1162 5527 Ξ
1196 5447 1293 5499 καὶ
1315 5449 1424 5527 ᾖ*
1452 5447 1806 5527 ἓξῳᾼρᾉᾳῖζεται
1835 5470 1900 5527 εις.Δ
1972 5455 2015 5484 ⁸⁸
2043 5453 2301 5527 διατείνει
2333 5474 2393 5520 ς.
2495 5458 2538 5489 ⁸⁷
2570 5457 2746 5527 μόνων
2779 5455 2896 5508 add.
2940 5457 3007 5512 Α.
3082 5451 3128 5487 ⁸⁸
3152 5451 3282 5522 παρ’
3311 5450 3590 5527 ἔμπτωσιν
3625 5448 3664 5499 Α
3692 5464 3708 5501 :

458 5515 853 5585 παρέμπτωσιέ
877 5536 935 5581 ς’.
1011 5521 1057 5551 ⁸⁸
1086 5518 1174 5570 διὰ
1200 5520 1368 5587 πνοήν
1391 5536 1451 5581 ς’.
1529 5515 1571 5553 ⁷⁶
1588 5521 1671 5574 ὅτι
1692 5524 1751 5579 οὐ
1774 5523 1901 5593 περί
1932 5541 1993 5587 ς,
2076 5525 2119 5554 ⁷³
2156 5528 2189 5596 ὴ
2221 5515 2441 5581 ειιΜίΑ.
2516 5515 2715 5590 Ίῐι’τοὺς
2752 5526 3125 5596 πυρέσσοντας
3152 5515 3247 5588 ς’.-
3288 5515 3623 5591 ⁷³“προσὴκει
3645 5534 3712 5583 ς.

1954 5616 2180 5674 ΝΟΤΕ.

542 5700 654 5770 (il)
695 5702 854 5771 Supr.
881 5719 1000 5773 cap.
1034 5703 1140 5767 85,
1171 5704 1204 5771 ἡ
1234 5701 1410 5766 ἐκτός.
1486 5724 1493 5735 ·
