4030 6248
410 292 517 354 693

1563 279 2084 344 BIBLIOTHECA.
2113 301 2182 313 ·-
2217 279 2377 340 COD.
2419 276 2643 337 CCXII-

3557 261 3662 324 694

407 405 506 458 καὶ
529 405 614 458 ὅτι
657 401 720 454 οὐ
747 400 848 464 δεῖ,
875 400 984 463 τοῖς
1010 397 1057 452 δ’
1078 397 1406 467 όσφραντοῖς
1437 396 1596 466 μόνον
1622 393 1880 464 χρῆσθαι.
1911 386 1984 442 λδ¹

2108 387 2176 441 34.
2226 387 2474 442 Vomitus
2538 385 2974 454 provocationem
3033 380 3170 436 nihil
3215 379 3518 450 prodesse:
3552 375 3664 429 imo

409 498 494 550 ὅτι
548 491 866 563 ἑμετοποιία
915 489 1255 561 ἀσύμφορον,
1284 486 1380 540 καὶ
1430 486 1512 540 ὅτι
1559 484 1858 555 συμφέρον.
1908 479 1981 534 λε’

410 587 494 639 ὅτι
520 584 618 654 οὐχ
667 582 969 652 ἐπιπέμπει
1003 582 1036 650 ή
1068 579 1267 649 καρδία
1295 571 1456 648 αἷμα,
1485 575 1580 630 καί
1615 576 1698 628 ὅτι
1749 572 1985 643 ἐπιπέμ-

412 693 528 728 πει.
561 674 650 739 λς’
680 673 763 726 ὅτι
791 673 890 742 οὐχ
939 671 972 741 ὴ
1023 669 1222 740 καρδία.
1262 668 1323 721 τὸ
1389 664 1607 736 πνεῦμα
1657 664 1982 733 ἐπιπέμπει,

414 765 530 818 ἀλλ’
561 767 615 816 αἰ
644 763 900 834 ἀρτηρίαι
951 761 1188 824 ἕλκουσι,
1224 759 1318 812 καὶ
1369 758 1450 811 ὅτι
1507 753 1766 826 ἔμπαλιν.
1801 753 1878 818 λζ’
1906 754 1986 806 ὅτι

415 857 478 923 ἐξ
507 857 704 926 ἑαυτῆς
725 857 758 924 ἡ
794 851 993 924 καρδία
1021 856 1272 916 κινεῖται,
1300 849 1396 904 καὶ
1412 849 1494 902 ὅτι
1527 848 1627 900 οὐκ
1660 846 1720 911 ἐξ
1762 844 1984 913 ἑαυτῆς.

416 948 502 1018 λη’
533 948 616 1000 ὃτι
648 946 788 1000 κατὰ
808 945 969 1015 φύσιν
1000 939 1139 1014 αἷμα
1175 944 1234 995 ὲν
1267 941 1561 1013 ἀρτηρίαις
1587 938 1865 1009 ὑπάρχει,
1889 937 1986 992 καὶ

418 1037 503 1088 ὅτι
529 1035 628 1105 οὐχ
665 1033 895 1104 αἵματος
927 1033 983 1084 αί
1014 1029 1274 1100 ἀρτηρίαι
1295 1030 1536 1097 ἀγγεῖον.
1578 1025 1656 1080 λθ¹
1686 1027 1770 1079 ὅτι
1813 1024 1991 1077 πάντα

418 1129 489 1181 τὰ
516 1127 712 1194 ἀγγεῖα
741 1126 799 1178 ὲν
835 1123 914 1194 τῷ
946 1122 1094 1193 ὄγκῳ
1116 1122 1264 1176 ἁπλᾶ
1293 1122 1433 1185 ἐστι,
1459 1119 1552 1172 καὶ
1569 1119 1650 1172 ὅτι
1703 1115 1993 1187 πλέγματά

420 1221 591 1272 ἐστιν.
642 1217 695 1288 μ’
733 1218 815 1270 ὅτι
844 1216 931 1270 διὰ
971 1215 1013 1247 ⁷⁸
1051 1215 1160 1268 τῶν
1216 1213 1487 1283 νεύρωνή
1526 1210 1777 1278 αἴσθησις
1829 1209 1922 1262 καὶ
1957 1209 1990 1279 ὴ

423 1311 637 1381 κίνησις
669 1308 765 1362 τοῦ
801 1309 962 1374 ζώου,
992 1309 1086 1361 καὶ
1117 1309 1200 1360 ὅτι
1235 1307 1338 1376 οὐχ
1373 1304 1566 1368 οὕτως.
1595 1302 1686 1373 μα’
1713 1303 1795 1355 ὅτι
1848 1303 1992 1372 ἀρχὴ

423 1400 638 1470 φλεϐῶν
677 1402 712 1472 ἡ
739 1399 936 1471 καρδία
967 1440 984 1466 ,
1015 1400 1112 1452 καὶ
1141 1399 1224 1451 ὅτι
1261 1398 1362 1450 οὐκ
1389 1397 1554 1466 ἀρχή.
1589 1393 1674 1464 μβ¹
1703 1395 1785 1448 ὄτι
1838 1389 1994 1463 ἧπαρ

421 1493 566 1564 ἀρχὴ
595 1493 827 1563 φλεϐῶν,
855 1493 950 1546 καὶ
993 1493 1074 1544 ὅτι
1123 1491 1222 1543 οὐκ
1259 1489 1422 1560 ἀρχή.
1493 1485 1584 1557 μγ¹
1609 1487 1693 1539 ὅτι
1815 1485 1994 1538 κοιλία

423 1587 640 1655 φλεϐῶν
679 1586 845 1657 ἀρχὴ,
873 1587 965 1639 καὶ
983 1586 1063 1637 ὅτι
1093 1583 1193 1636 οὐκ
1218 1583 1380 1652 ἀρχή.
1419 1579 1504 1650 μδ’
1526 1579 1608 1632 ὃτι
1635 1578 1853 1631 πάντων
1888 1576 1995 1628 τῶν

420 1678 664 1747 ἀγγείων
692 1677 836 1747 ἀρχὴ
899 1673 1119 1745 μῆνιγξ,
1183 1671 1278 1726 καὶ
1319 1672 1366 1703 ⁷⁸
1435 1667 1648 1722 ὅτιούκ
1700 1666 1867 1736 ἀρχή.
1913 1671 1996 1735 με’

2091 480 2274 535 utilem
2321 494 2460 535 esse.
2521 479 2611 534 35.
2649 478 2759 534 Cor
2781 476 3031 532 emittere
3051 474 3370 546 sanguinem
3407 482 3507 526 :et
3532 483 3666 526 con-

2091 581 2175 628 tra
2207 589 2311 627 non
2366 572 2638 628 emittere.
2703 570 2793 626 56.
2836 569 2942 624 Cor
2963 583 3070 624 non
3112 567 3366 621 emittere
3389 563 3662 633 spiritum,

2090 667 2188 722 sed
2238 666 2468 721 arterias
2515 663 2695 733 potius
2745 662 2920 730 ipsum
2974 658 3301 714 attrahere:
3340 663 3394 710 et
3446 663 3662 708 contra.

2090 758 2180 812 '57.
2222 757 2328 812 Cor
2351 771 2381 810 a
2410 755 2590 824 seipso
2607 753 2809 808 moveri
2839 768 2854 804 :
2889 752 2998 805 imo
3032 765 3139 804 non
3183 763 3212 800 a
3236 748 3435 815 seipso.
3472 740 3664 815 169i.

2092 851 2177 906 58.
2199 849 2530 918 Sanguinem
2564 857 2756 902 natura
2803 845 2858 899 in
2898 842 3115 898 arteriis
3141 840 3404 895 exsistere
3439 854 3453 891 :
3489 846 3545 891 et
3579 850 3666 887 ar-

2096 951 2262 1001 terias
2313 959 2418 997 non
2460 956 2582 998 esse
2609 939 2888 1008 sanguinis
2919 933 3339 1005 receptaculum.
3401 931 3491 986 59.
3524 928 3665 982 Vasa

2095 1037 2278 1092 omnia
2313 1036 2365 1089 in
2396 1046 2609 1088 summo
2640 1029 2832 1097 simpla
2863 1042 2984 1082 esse
3020 1044 3034 1081 :
3078 1026 3187 1080 imo
3214 1023 3409 1094 plicata
3435 1033 3556 1076 esse
3585 1027 3669 1072 at-

2096 1143 2202 1199 que
2250 1125 2510 1182 involuta.
2567 1121 2658 1179 40.
2693 1120 2799 1176 Per
2830 1135 3024 1175 nervos
3055 1132 3270 1172 sensum
3300 1126 3424 1170 esse
3467 1121 3522 1164 et
3551 1123 3670 1164 mo-

2100 1198 2212 1271 tum
2261 1213 2556 1270 animantis
2585 1229 2599 1266 :
2632 1218 2688 1265 et
2718 1223 2824 1264 non
2848 1223 2967 1263 esse
2989 1203 3338 1277 principium.
3375 1201 3466 1254 41.
3495 1198 3673 1252 Vena-

2102 1322 2222 1362 rum
2251 1320 2348 1360 cor
2371 1317 2496 1360 esse
2530 1301 2857 1372 principium
2883 1317 2898 1353 :
2929 1308 2983 1353 et
3026 1311 3131 1351 non
3157 1309 3277 1350 esse
3306 1290 3670 1363 principium;

2099 1396 2370 1457 θηλειουί
2391 1409 2652 1452 venarum
2680 1406 2799 1448 esse
2819 1389 3145 1460 principium
3181 1405 3195 1443 :
3227 1395 3285 1442 et
3328 1397 3545 1439 rursum
3565 1394 3670 1434 non

2100 1505 2242 1547 esse.
2271 1489 2360 1543 45.
2388 1487 2432 1541 Ε
2453 1484 2752 1542 ventriculo
2770 1497 2936 1537 venas
2959 1480 3140 1536 nasci:
3161 1489 3215 1534 et
3244 1491 3352 1532 non
3383 1474 3554 1531 nasci.
3578 1471 3672 1526 44.

2103 1583 2355 1642 Omnium
2377 1593 2628 1635 vasorum
2643 1575 2966 1649 principium
2986 1587 3108 1628 esse
3121 1570 3393 1635 meninga,
3414 1582 3510 1624 seu
3525 1579 3673 1620 cere-

2104 1679 2188 1735 bri
2219 1676 2455 1732 tunicam
2484 1689 2498 1726 :
2523 1680 2580 1726 et
2615 1685 2721 1725 non
2753 1683 2896 1725 esse.
2952 1665 3044 1721 45.
3084 1663 3346 1734 Spiritum
3375 1673 3500 1714 esse
3524 1663 3672 1710 arte-

414 1770 504 1851 or'.
536 1765 751 1837 πνεῦμα
776 1764 1053 1837 ἀρτηριῶν
1082 1763 1247 1844 ἀρχὴ,
1277 1762 1372 1816 καὶ
1405 1760 1609 1814 ὅτιούκ
1638 1758 1785 1811 ἔστιν
1828 1757 1992 1826 ἀρχή.

2108 1773 2304 1826 riarum
2336 1767 2601 1836 originem
2628 1781 2642 1817 :
2668 1771 2723 1818 et
2751 1771 2944 1817 contra
2992 1775 3100 1812 non
3143 1769 3283 1812 esse.
3335 1753 3427 1810 46.
3459 1751 3674 1806 Arteria

422 1866 520 1930 μς¹
547 1860 628 1912 ὅτι
649 1859 684 1928 ἡ
714 1858 865 1927 παρά
883 1857 982 1925 τὴν
1001 1856 1156 1926 ῥάχιν
1173 1855 1219 1885 ⁷⁸
1239 1852 1480 1923 ἀρτηρία
1506 1849 1787 1920 ἀρτηριῶν
1829 1849 1992 1918 ἀρχὴ,

419 1953 520 2006 καὶ
537 1953 618 2006 ὅτι
645 1951 748 2004 οὐκ
771 1950 933 2020 ἀρχή.
959 1947 1046 2018 μζ
1071 1949 1152 2001 ὅτι
1171 1947 1206 2017 ἠ
1231 1945 1428 2016 καρδία
1457 1945 1600 2014 ἀρχὴ
1625 1941 1901 2014 ἀρτηριῶν
1923 1940 1994 2004 ⁷⁷,

419 2045 517 2098 καὶ
553 2043 635 2097 ὅτι
671 2041 772 2094 οὐκ
816 2040 981 2111 ἀρχή.
1019 2035 1108 2109 μη¹
1157 2038 1238 2091 ὅτι
1275 2036 1374 2107 οὐχ
1405 2035 1450 2067 ⁷⁸
1498 2037 1530 2105 ἡ
1601 2031 1798 2103 καρδία
1851 2029 1995 2102 ἀρχὴ

419 2134 650 2206 νεύρων,
684 2132 798 2187 ἀλλ’
835 2133 870 2202 ἡ
913 2129 1243 2201 περιέχουσα
1288 2127 1380 2180 τὸν
1439 2123 1748 2194 ἐγκέφαλον
1773 2119 1995 2193 μῆνιγξ,

422 2227 522 2278 καὶ
559 2225 643 2278 ὃτι
691 2223 792 2278 οὐκ
819 2222 987 2292 ἀρχή.
1027 2221 1116 2290 μθ⁹
1154 2219 1238 2272 ὅτι
1265 2218 1329 2270 οὐ
1363 2217 1492 2287 περὶ
1517 2214 1743 2286 καρδίαν
1771 2211 1833 2265 τὸ
1876 2211 1996 2265 δια-

421 2315 695 2386 νοητικδν,
736 2313 876 2368 ἀλλὰ
934 2312 1066 2382 περὶ
1114 2309 1382 2381 κεφαλὴν,
1421 2308 1518 2361 καὶ
1568 2308 1652 2361 ὅτι
1705 2303 1996 2360 ἀνάπαλιν.

419 2407 464 2461 v'
503 2408 587 2460 ὅτι
625 2407 684 2460 τὸ
712 2404 1048 2474 διανοητικόν
1073 2404 1190 2456 ἐστι
1218 2402 1347 2473 περὶ
1375 2401 1475 2472 τὴν
1497 2400 1672 2471 μέσην
1695 2399 1790 2454 τοῦ
1841 2401 1999 2467 ἐγκε-

427 2499 600 2569 φάλου
623 2497 857 2562 κοιλίαν,
882 2497 976 2549 καὶ
1002 2496 1083 2549 ὅτι
1104 2495 1204 2565 οὐχ
1237 2493 1431 2558 οὕτως.
1460 2490 1648 2546 Ταῦτα
1679 2491 1774 2546 καὶ
1795 2492 1830 2562 ἦ
1863 2489 2000 2544 ὑπό-

425 2595 578 2657 θεσις
601 2590 943 2646 διατείνεται.

1133 2680 1280 2736 ΣΙΒ’.

664 2776 1079 2847 Αἰνησιδήμου
1105 2774 1460 2844 Πυρῤωνιων
1486 2776 1656 2844 λόγοι
1682 2773 1758 2840 η’.

510 2868 956 2940 Ἀνεγνὼσθησαν
999 2866 1368 2936 Αἰνησιδήμου
1437 2867 1796 2934 Πυρῤωνίων
1857 2863 2006 2931 λόγοι

426 2971 499 3033 η’.
515 2963 576 3015 'H
594 2963 691 3031 μὲν
707 2962 802 3030 ὅλη
822 2960 1077 3031 πρόθεσις
1094 2957 1186 3012 τοῦ
1206 2957 1410 3027 βιϐλίου
1427 2957 1720 3026 βεϐαιῶσαι
1747 2957 1829 3010 ὅτι
1852 2955 2006 3009 οὐδὲν

2101 1859 2214 1927 illa,
2243 1871 2364 1927 quae
2393 1853 2545 1922 juxta
2573 1851 2717 1907 dorsi
2754 1849 2966 1917 spinam
3000 1847 3126 1912 sita,
3167 1841 3500 1913 principium
3538 1846 3680 1891 arte-

2100 1951 2304 2006 riarum
2339 1954 2424 2002 est
2457 1962 2472 1999 :
2502 1953 2688 1998 etnon
2735 1949 2839 1995 est.
2899 1937 2992 1992 47.
3025 1935 3134 1991 Cor
3179 1947 3299 1988 esse
3352 1927 3677 1984 arteriarum

2099 2039 2425 2108 principium
2452 2055 2467 2091 :
2493 2045 2551 2091 et
2577 2048 2684 2089 non
2714 2048 2856 2087 esse.
2931 2029 3022 2086 48.
3053 2025 3235 2095 Neque
3255 2038 3350 2079 cor
3384 2033 3678 2076 nervorum

2100 2130 2427 2203 principium
2477 2136 2597 2194 est;
2647 2124 2746 2180 sed
2799 2120 3082 2176 cerebrum
3112 2116 3360 2171 ambiens
3384 2111 3675 2183 pellicula:

2099 2202 2286 2281 etnon
2318 2229 2422 2277 est.
2479 2218 2568 2274 49.
2597 2217 2654 2272 1η
2686 2215 2851 2270 corde
2874 2227 2979 2267 non
3006 2223 3129 2266 esse
3173 2203 3511 2275 intelligendi
3541 2202 3676 2262 vim,

2101 2318 2196 2373 sed
2223 2316 2280 2372 in
2314 2313 2534 2384 capite:
2565 2319 2624 2366 et
2667 2317 2882 2364 contra.
2943 2303 3032 2359 50.
3091 2297 3430 2369 lntelligendi
3477 2295 3584 2350 vim
3627 2295 3678 2346 in
3777 2303 3800 2324 ο

2103 2407 2281 2463 medio
2310 2381 2434 2461 esse
2466 2399 2680 2457 cerebri
2715 2393 3018 2451 ventriculo
3051 2410 3065 2446 :
3101 2400 3158 2445 et
3192 2404 3300 2444 non
3339 2400 3482 2443 esse.
3556 2381 3682 2438 ﬂare

2104 2501 2268 2571 igitur
2291 2513 2427 2568 opus
2457 2493 2590 2550 illud
2621 2490 2643 2564 [
2674 2487 2890 2546 elliecre
2917 2483 2941 2558 ]
2970 2481 3270 2540 contendit.

2799 2665 3008 2724 CCXII.

2362 2770 2436 2824 1E
2442 2767 2696 2824 nesidemi
2723 2763 2799 2818 De
2831 2756 3144 2831 Pyrrhoniis
3181 2751 3304 2808 libri
3327 2763 3446 2806 νιιι.

2179 2861 2304 2933 Legi
2337 2855 2670 2915 Enesidemi
2703 2849 3118 2921 Pyrrhoniorum
3149 2842 3318 2898 libros
3339 2847 3487 2894 octo.
3513 2835 3684 2906 Cujus

2111 2955 2330 3024 quidem
2384 2950 2568 3020 operis
2601 2958 2795 3013 scopns
2817 2952 2901 2997 est
2929 2941 3029 2994 hoc
3047 2949 3210 2990 unum
3239 2933 3507 3001 probare:
3541 2926 3686 2982 Nihil

432 3019 647 3126 βέϐαιον
669 3055 747 3116 είς
780 3019 1102 3122 κατάληψιν,
1130 3019 1254 3104 οὕτε
1284 3050 1351 3104 δι’
1381 3019 1707 3119 αίσθήσεως,
1735 3047 1852 3101 ἀλλ’
1877 3045 2002 3099 οὕτε

2111 3058 2260 3105 certo
2289 3039 2672 3113 comprehendi
2716 3046 2808 3090 aut
2853 3047 3015 3088 sensu
3064 3039 3158 3085 aut
3191 3030 3302 3094 ipsa
3338 3024 3500 3078 etiam
3527 3019 3685 3075 intel-

2117 3141 2146 3146 -·
2285 3138 2296 3146 ·
2627 3130 2667 3146 Α
2720 3142 2800 3146 υ-
2861 3137 3039 3146 -η---ι-
3091 3117 3423 3146 nanum“...
3511 3125 3685 3146 nam“.

434 3117 543 3218 μὴν
588 3146 678 3199 διὰ
708 3147 944 3216 νοήσεως
976 3117 1108 3196 ζτδιὸ
1152 3140 1276 3195 οὔτε
1305 3143 1431 3204 τοὺς
1485 3117 1832 3211 Πῖυρῤωνίους
1880 3137 2002 3192 οὔτε

2117 3138 2335 3211 ligentia
2384 3147 2561 3204 posse.
2624 3130 2806 3196 Quare
2861 3137 3041 3192 neque
3091 3117 3448 3190 Pyrrhonios.
3511 3125 3688 3180 neque
3785 3125 3788 3134 ·

429 3241 559 3302 τοὺς
593 3239 782 3300 ἄλλους
811 3237 1009 3290 εἰδέναι
1038 3234 1137 3306 τὴν
1157 3237 1215 3288 ἐν
1239 3237 1350 3297 τοῖς
1379 3233 1528 3286 οὖσιν
1578 3231 1857 3302 ἀλήθειαν,
1877 3231 2014 3285 ἀλλά

433 3334 559 3394 τοὺς
589 3332 686 3400 μὲν
717 3331 836 3382 κατ’
863 3329 1028 3398 ἄλλην
1050 3328 1264 3398 αἵρεσιν
1307 3324 1731 3395 φιλοσοφοῦντας
1787 3325 2002 3392 ἀγνοεῖν

433 3443 496 3479 τε
512 3421 681 3479 τᾶλλα
703 3426 794 3477 καὶ
813 3423 1039 3484 ἑαυτοὺς
1061 3421 1238 3490 μάτην
1265 3417 1616 3487 κατατρίϐειν
1641 3417 1738 3469 καὶ¹
1765 3416 2014 3485 δαπανᾷν

437 3515 718 3584 συνεχέσιν
747 3513 947 3574 ἀνίαις,
976 3509 1102 3581 [544
1117 3508 1210 3579 R.]
1241 3510 1332 3561 καὶ
1363 3508 1493 3562 αὐτὸ
1518 3508 1575 3560 δὲ
1594 3507 1752 3559 τοῦτο
1776 3507 2012 3573 ἀγνοεῖν,

435 3609 528 3661 ὅτι
548 3605 700 3658 οὐδὲν
727 3605 909 3666 αὐτοῖς
936 3603 1042 3656 τῶν
1068 3601 1336 3665 δοξάντων
1379 3601 1458 3662 εἰς
1489 3597 1795 3668 κατάληψιν
1819 3596 2013 3666 ἐληλυ-

439 3699 592 3752 θέναι
620 3695 1004 3765 κατείληπται.
1053 3695 1117 3746 Ὀ
1139 3693 1196 3746 δὲ
1242 3694 1383 3745 κατὰ
1417 3690 1684 3762 Πύρρωνα
1712 3688 2018 3759 φιλοσοφῶν

437 3791 584 3844 τάτε
620 3789 755 3843 ἄλλα
788 3789 1092 3856 εὐδαιμονεῖ
1133 3785 1227 3838 καὶ
1268 3783 1433 3851 σοφός
1464 3783 1580 3834 ἐστι
1636 3781 1732 3833 τοῦ
1778 3780 2017 3850 μάλιστα

440 3883 639 3938 εἰδέναι
663 3883 744 3936 ὅτι
808 3881 962 3933 οὐδὲν
986 3879 1132 3947 αὐτῷ
1164 3877 1398 3948 βεϐαίως
1443 3874 1805 3944 κατείληπται
1839 3888 1852 3902 ⁸
1884 3871 1922 3925 ἃ.
1961 3871 2019 3923 δὲ

441 3980 538 4033 καὶ
570 3977 758 4046 εἰδείη,
817 3976 974 4028 οὐδὲν
1020 3973 1218 4044 μᾶλλον
1267 3971 1447 4026 αὐτῶν
1498 3973 1564 4040 τῇ
1626 3967 1937 4036 καταφάσει
1982 3965 2016 4035 ἢ

442 4066 1058 4141 τῇάποφάσειγενναῖός
1083 4068 1198 4118 ἐστι
1231 4061 1741 4132 συγκατατίθεσθαι.
1794 4059 1860 4111 Ἦ
1922 4055 2020 4126 μὲν

441 4165 541 4234 ὅλη
575 4163 622 4195 ’θ
650 4160 744 4215 τοῦ
801 4160 1005 4231 βιϐλίου
1054 4156 1304 4228 διάληψις
1361 4155 1389 4208 δ
1449 4153 1720 4224 βούλεται,
1764 4151 2018 4222 εἴρηται·

445 4257 648 4326 γράφει
671 4255 728 4306 δὲ
752 4255 880 4314 τοὺς
907 4252 1098 4320 λόγους
1148 4248 1511 4318 Αἰνησίδημος
1543 4243 1880 4317 προσφωνῶν
1924 4244 2025 4296 αὑ-

446 4351 571 4412 τοὺς
595 4348 705 4401 τῶν
742 4348 802 4411 ἐξ
831 4346 1166 4416 Ἀκαδημίας
1211 4341 1319 4396 τινὶ
1356 4339 1756 4410 συναιρεσιώτη
1806 4336 2022 4408 Λευκίῳ

2114 3201 2360 3292 caeteros,
2386 3201 2524 3292 quae
2551 3222 2604 3274 in
2637 3219 2799 3273 rebus
2835 3214 2968 3282 ipsis
2995 3212 3179 3274 lateat,
3211 3206 3498 3260 veritatem
3525 3201 3687 3257 scire.

2114 3319 2467 3389 Reliqnarum
2514 3327 2643 3382 ergo
2696 3317 2970 3364 sectarum
3025 3299 3380 3374 philosophos
3424 3309 3547 3349 cum
3583 3291 3688 3346 alia

2116 3413 2365 3482 ignorare
2392 3407 2582 3469 multa,
2631 3413 2742 3456 tum
2772 3399 2914 3469 quod
2944 3397 3144 3451 frustra
3174 3405 3296 3448 sese
3317 3385 3550 3443 assiduis
3576 3397 3688 3439 mo-

2117 3477 2288 3558 lestiis
2315 3505 2597 3568 torqueant
2623 3505 2787 3562 atque
2818 3485 3306 3568 absumantLquin
3351 3493 3404 3536 et
3445 3480 3550 3534 hoc
3611 3477 3694 3546 ip-

2118 3609 2236 3648 sum
2266 3593 2543 3662 ignorare,
2585 3584 2730 3655 quod
2757 3581 2895 3636 nihil
2923 3593 3114 3635 eorum
3147 3561 3690 3643 comprehenderint,

2118 3699 2237 3754 quae
2295 3660 2403 3748 iam
2463 3677 2752 3745 opinentur
2805 3689 2864 3728 se
2929 3665 3426 3737 comprehendisse.
3495 3660 3692 3728 Atqui

2118 3751 2312 3847 cui?)
2332 3768 2628 3842 Pyrrhonis
2657 3765 2906 3821 instituto
2939 3761 3055 3835 [ait
3071 3767 3090 3832 1
3124 3751 3693 3828 philosophatur(l3),

2121 3839 2318 3920 αξιοι-α
2349 3839 2500 3926 felix,
2545 3859 2598 3913 in
2629 3871 2695 3911 eo
2719 3867 2934 3924 quoque
2956 3850 3117 3918 sapit,
3143 3846 3288 3917 quod
3322 3843 3404 3898 vel
3433 3843 3486 3896 in
3510 3839 3697 3911 primis

2122 3956 2414 4026 intelligat,
2445 3950 2608 4006 -nibil
2667 3964 2696 4002 a
2743 3960 2803 4001 se
2852 3951 3006 3999 certo
3057 3939 3510 4008 comprehensum
3552 3946 3695 3986 esse.

2123 4051 2235 4104 lmo
2263 4059 2318 4101 et
2349 4048 2452 4100 hoc
2471 4041 2710 4098 studiose
2728 4047 2872 4108 agat,
2903 4050 2971 4089 ne
3002 4033 3088 4089 cui
3119 4045 3330 4094 eorum,
3368 4040 3489 4097 qua:
3502 4034 3698 4093 cogno-

2125 4144 2214 4208 rit,
2245 4135 2564 4194 alIirmando
2586 4134 2790 4202 potius,
2839 4142 2999 4198 quam
3046 4123 3296 4194 negando
3341 4116 3695 4175 assentiatur.

2125 4236 2294 4291 Porro
2329 4241 2438 4287 tota
2471 4229 2631 4299 hujus
2663 4225 2844 4293 operis
2878 4214 3270 4276 commentatio
3293 4211 3420 4282 quid
3449 4205 3697 4279 pr0posi-

2130 4340 2240 4385 tum
2273 4326 2492 4389 habeat,
2545 4322 2656 4390 jam
2688 4321 2914 4373 dictum.
2973 4311 3166 4366 Libros
3193 4310 3338 4375 ipsos
3374 4299 3701 4357 Academico

414 4468 420 4480 ι
446 4389 719 4511 Τοϐὶρωνι
764 4389 832 4501 εὖ,
857 4389 1170 4506 γένοςψμὲν
1209 4389 1756 4502 Ῥωμᾷἰῲνξὲἇέῂήδξ
1783 4389 2002 4500 λαμπριέ

2129 4420 2342 4492 cuidam
2367 4389 2724 4470 sodaliLucio
2757 4403 3030 4462 Tuberoni
3063 4400 3178 4470 (M)
3212 4393 3512 4460 inscripsit,
3539 4389 3701 4444 domo

447 4537 514 4586 ὲκ
555 4481 620 4565 δῖ
654 4481 934 4602 προγόνων
986 4481 1110 4581 καῖ
1124 4526 1251 4599 [280
1757 4481 2002 4590 ἀρχάςῡοί

2132 4489 2324 4572 Roma,
2346 4516 2400 4561 et
2424 4505 2586 4559 claris
2615 4501 2686 4555 ibi
2719 4497 2992 4554 natalibus
3023 4499 3166 4552 orto,
3192 4487 3393 4556 quique
3417 4481 3704 4550 magistra-

447 4626 546 4687 τὰς
569 4623 841 4693 τυχούσας
869 4621 1126 4691 μετιόντι.

530 4717 620 4768 Ἐν
663 4715 761 4785 μὲν
788 4715 833 4747 θ’
859 4713 949 4767 οὖν
977 4712 1056 4782 τῷ
1102 4711 1306 4782 πρώτῳ
1351 4708 1493 4778 λόγῳ
1523 4698 1794 4774 διαφορὰν
1814 4705 1923 4756 τῶν
1965 4721 2027 4755 τε

450 4808 780 4880 Πυρρωνίων
805 4809 900 4860 καὶ
924 4806 1033 4860 τῶν
1085 4801 1506 4872 Ἀκαδημαῖκῶν
1532 4799 1772 4866 εἰσάγων
1825 4793 2024 4866 μικροῦ

448 4901 674 4972 γλώσσῃ
705 4899 840 4970 αὐτῇ
864 4898 1040 4951 ταῦτά
1072 4913 1257 4968 φησιν,
1280 4894 1354 4956 ὼς
1385 4894 1434 4945 oi
1469 4891 1566 4962 μὲν
1595 4889 1702 4942 ἀπὸ
1723 4887 1836 4957 ,τῆς
1869 4886 2030 4939 Ἀκα-

450 4992 653 5063 δημίας
685 4991 1004 5062 δογματικοί
1038 4990 1098 5043 τὲ
1133 4991 1240 5042 εἰσι
1272 4986 1365 5040 καὶ
1394 4985 1461 5038 τὰ
1490 4983 1590 5053 μὲν
1619 4982 1860 5035 τίθενται
1906 4979 2024 5033 ἀδι-

2132 4613 2216 4656 tus
2252 4597 2484 4670 gesserit
2510 4592 2698 4648 civiles
2735 4603 2840 4642 non
2866 4586 3141 4654 vulgares.

2201 4667 2385 4744 Primo
2428 4685 2592 4755 igitur
2612 4682 2772 4746 libro,
2804 4676 3228 4747 Pyrrhoniorum
3276 4680 3330 4727 et
3358 4667 3705 4724 Academico-

2127 4801 2246 4840 rum
2277 4780 2387 4853 (l5)
2429 4775 2716 4831 discrimen
2778 4768 3046 4830 referens,
3102 4771 3312 4818 tantum
3360 4774 3464 4812 non
3503 4755 3702 4812 emissa

2127 4847 2414 4931 voce‘isln
2443 4868 2575 4923 dicit
2608 4883 2622 4919 :
2653 4859 3010 4918 Academicos
3057 4856 3304 4924 dogmata
3349 4847 3702 4916 consumere,

2130 4978 2186 5025 et
2219 4967 2324 5024 alia
2362 4973 2509 5020 certa
2542 4971 2705 5028 atque
2736 4953 3035 5010 indubitata
3077 4962 3302 5020 ponere,
3351 4945 3455 4999 alia
3489 4955 3708 4998 rursum

1723 5115 1956 5172 VAllI/E
1996 5106 2405 5168 LECTIONES.

527 5269 572 5299 ⁷⁸
591 5266 680 5320 διὰ
699 5266 888 5320 om.A.
963 5266 1008 5298 ’⁷⁵
1027 5262 1223 5334 μῆνίγξ
1240 5264 1365 5334 Δἐστι
1397 5257 1492 5312 καί
1520 5275 1579 5320 ς.

455 5339 552 5393 οὖν
577 5339 674 5408 ὅλη
795 5307 809 5319 ’
835 5307 888 5367 δέ
907 5307 1482 5405 roséjébéiininé'ra'}
1517 5307 1891 5381 uicorre'ctu‘re
1919 5307 2192 5392 μυείιόῨᾹ
2227 5307 2599 5384 ίΝὲρωνίς.
2649 5309 2693 5339 ⁸⁸
2725 5309 2789 5360 ἐκ
2817 5307 2930 5361 oin.
2970 5307 3035 5357 A.

1660 5257 1705 5292 ⁷⁸
1735 5256 1890 5324 ῥάχιν
1912 5253 1954 5306 Α
1982 5269 1995 5305 :
2019 5251 2204 5324 ἀρχήν
2231 5265 2341 5324 ςζη
2368 5243 2412 5274 ⁷⁷
2442 5237 2884 5324 ἀρτηριῶνιάρχή
2909 5253 3000 5324 ς,Δ
3042 5232 3090 5266 ⁷⁸
3106 5226 3374 5324 εύχῖλούχί
3402 5245 3496 5324 ς.Δ
3540 5221 3709 5292 τιμὴν

3111 5297 3281 5370 “tibi
3318 5315 3430 5352 om.
3463 5297 3530 5348 Α.

1969 5459 2206 5516 ΝΟΤιΕ.

530 5593 642 5660 (η)
682 5592 846 5650 Alibi.
877 5590 1053 5643 minus
1075 5598 1242 5660 recte,
1271 5586 1612 5660 Onesidernus
1643 5583 1860 5660 legitur:

531 5650 647 5731 (13')
684 5661 815 5730 Ejus
841 5661 1006 5714 vitam
1037 5675 1098 5712 ac
1130 5650 1789 5731 planitadeseripsit_lliug
1834 5650 2036 5714 Luem,

465 5724 561 5804 qui
592 5724 907 5801 frequenter
930 5731 1088 5798 huius
1118 5724 1456 5784 IEnesidemi
1487 5724 1756 5779 meminit.

2215 5569 2328 5640 (M)
2364 5571 2436 5640 nl.
2469 5563 2691 5640 ﬁeroni.

2461 5615 2601 5691 ὀὲιίζ
2629 5633 2724 5712 lib.
2744 5647 2816 5696 xl,
2847 5645 2968 5698 cap.
2994 5623 3290 5712 ὄλλυμαι.
3317 5629 3372 5677 et
3401 5618 3553 5675 Sexti
3575 5615 3720 5687 Pyr-

2147 5697 2325 5770 rhomi
2357 5706 2629 5777 Hypotyp.
2662 5703 2756 5759 lib.
2795 5719 2836 5767 ι,
2871 5697 2989 5768 cup.
3027 5697 3126 5751 35.
