4030 6248
335 235 443 299 G95

1460 230 1723 292 PHOTII
1761 231 2263 292 PATRIARCH/E
2299 234 2407 294 ΟΡ.

3475 231 3581 294 696

335 352 454 403 sine
516 345 620 403 ulla
683 347 1021 404 dubitatione
1077 347 1266 401 tollere
1298 365 1313 401 :
1344 347 1674 416 Pyrrhonios
1716 357 1899 400 autem

2017 349 2269 414 πάκτως,
2299 350 2366 404 τά
2392 351 2449 404 δὲ
2481 352 2725 423 αἴρουσιν
2755 351 3168 420 ἀναμφιϐόλως,
3204 351 3253 402 oi
3302 349 3346 401 δ’
3379 349 3490 402 ἀπὸ
3531 350 3578 382 ’³

340 443 532 498 dubios
569 444 799 507 haerere,
859 444 1003 497 etab
1054 441 1198 494 omni
1233 443 1484 510 dogmate
1515 441 1714 496 liberos
1743 452 1908 510 alque

339 535 544 590 solutos
585 549 745 598 esse;
798 543 855 587 ιιι
903 549 1090 588 eorum
1137 535 1298 588 etiam
1331 550 1487 589 nemo
1517 535 1760 600 omnino,
1813 543 1909 588 aut

339 626 722 697 comprehendi
773 626 953 679 omnia
1010 640 1167 693 posse
1226 625 1419 694 170a
1466 634 1559 679 aut
1604 640 1709 678 non
1749 639 1908 693 posse

339 722 571 786 dixerit;
602 719 695 775 sed
725 718 893 773 nihilo
920 719 1094 784 magis
1125 717 1274 783 talia,
1302 731 1462 783 quam
1493 716 1618 768 talia
1649 729 1788 780 esse,
1817 723 1909 766 aut

340 821 464 865 tunc
489 811 702 878 quidem
727 811 874 873 talia,
908 809 1042 863 alias
1079 824 1205 862 vero
1237 825 1339 862 non
1373 807 1520 872 talia,
1549 807 1629 859 vel
1662 808 1750 859 uni
1783 806 1906 874 qui-

337 901 457 955 dem
517 901 844 966 huiusmodi,
897 900 984 953 alii
1029 915 1154 952 vero
1204 916 1308 952 non
1366 899 1694 965 hnjusmodi,
1746 899 1907 952 tertio

337 991 500 1045 etiam
538 990 703 1060 plane
750 1005 857 1043 non
891 1003 1031 1044 esse.
1089 987 1272 1056 Neque
1313 1004 1529 1042 rursum
1574 987 1754 1040 omnia
1784 1003 1906 1040 esse

337 1082 697 1138 communiter
724 1080 1012 1148 ejusmodi,
1043 1081 1329 1148 utasseqai
1366 1080 1454 1133 illa
1485 1081 1754 1148 quispiam
1784 1094 1906 1146 pos-

337 1174 430 1236 sit.
481 1173 562 1227 vel
595 1173 838 1242 quaedam
867 1171 1058 1227 saltem
1087 1171 1279 1225 horum
1318 1171 1534 1239 assequi
1576 1185 1682 1223 non
1715 1171 1903 1237 possit,

337 1266 431 1318 sed
465 1278 568 1320 non
608 1264 780 1334 magis
814 1264 928 1319 ﬁeri
964 1278 1138 1333 posse,
1177 1270 1233 1315 ut
1287 1263 1409 1332 quis
1464 1277 1526 1316 ea
1559 1271 1902 1330 assequatur,

337 1371 500 1425 quam
533 1365 589 1408 ut
619 1370 726 1408 non
755 1365 1116 1425 assequatur:
1151 1355 1230 1408 vel
1269 1371 1412 1408 nunc
1445 1356 1664 1424 quidem
1690 1355 1903 1422 assequi

338 1452 532 1517 possit,
591 1458 719 1503 tunc
745 1463 874 1504 vero
900 1463 1006 1503 non
1034 1449 1183 1502 item.
1223 1447 1336 1502 lmo
1367 1463 1542 1516 neque
1563 1459 1771 1512 verum,
1812 1463 1906 1502 ne-

337 1555 444 1608 que
475 1539 694 1604 falsum,
727 1555 902 1608 neque
926 1539 1223 1608 probabile,
1259 1554 1436 1608 neque
1459 1553 1579 1604 ens,
1605 1555 1778 1606 neque
1799 1555 1904 1594 non

337 1644 459 1691 eus,
506 1629 600 1683 sed
644 1628 809 1692 idem,
865 1628 1033 1684 utsic
1057 1629 1290 1692 dicatur,
1347 1643 1452 1682 non
1505 1630 1685 1698 potius
1715 1643 1900 1683 verum

337 1735 479 1785 esse,
535 1734 696 1790 quam
750 1719 940 1774 falsum
972 1739 986 1774 :
1017 1729 1110 1774 aut
1157 1720 1436 1789 probabile
1484 1721 1686 1789 potius,
1739 1736 1900 1788 quam

341 1811 692 1880 improbabile
721 1829 736 1865 :
768 1820 861 1864 aut
888 1825 1006 1875 ens,
1039 1825 1200 1879 quam
1223 1826 1328 1866 non
1374 1827 1492 1875 ens,
1521 1821 1615 1865 aut
1639 1821 1750 1865 tum
1783 1813 1903 1879 qui-

340 1902 460 1955 dem
497 1900 620 1964 tale,
651 1901 786 1956 alias
816 1916 944 1955 vero
985 1901 1271 1956 aliusmodi
1304 1919 1318 1955 :
1349 1913 1442 1956 aut
1479 1904 1568 1955 uni
1614 1903 1741 1969 tale,
1778 1916 1901 1957 mox

339 1992 494 2047 alteri
553 1993 720 2047 etiam
781 2008 888 2046 non
952 1991 1080 2048 tale.
1131 1993 1274 2047 Nihil
1313 1993 1541 2048 enimin
1595 1996 1900 2050 universum

340 2083 672 2152 Pyrrhonios
714 2085 955 2152 detinite,
1013 2103 1081 2141 ne
1109 2087 1212 2142 hoc
1245 2088 1460 2157 quidem
1510 2088 1706 2156 ipsum,
1760 2088 1904 2157 quod

344 2174 473 2227 nihil
501 2175 809 2230 deﬁniatur.
840 2177 1035 2230 Verum
1060 2193 1182 2232 cum
1207 2195 1311 2232 non
1339 2187 1609 2248 suppetat.
1645 2188 1703 2232 ut
1729 2181 1903 2244 aiunt,

229 2297 236 2306 ι
341 2281 450 2334 quo
481 2279 642 2320 sensa
676 2267 872 2322 mentis
906 2265 1216 2333 ell'eramus,
1243 2269 1323 2323 sic
1355 2269 1498 2338 loqui
1528 2269 1783 2325 soleatus.
1837 2271 1908 2326 At

341 2356 433 2422 qui
481 2355 547 2408 ad
598 2358 966 2423 Academiam,
1019 2359 1362 2427 maximeque
1417 2360 1484 2414 ad
1532 2360 1674 2415 hanc
1713 2375 1905 2416 novam

343 2446 642 2514 pertinent,
667 2449 864 2519 inquit,
899 2465 1022 2504 cum
1048 2450 1247 2506 Stoicis
1273 2451 1540 2505 interdum
1566 2455 1912 2522 Opinionibus

343 2541 709 2607 consentiunt,
761 2551 816 2596 et
869 2541 938 2611 (si
993 2557 1178 2597 verum
1233 2541 1386 2596 lateri
1430 2544 1697 2612 volumus)
1740 2544 1905 2600 Stoici

345 2633 472 2701 ipsi,
497 2632 589 2688 sed
617 2633 706 2701 qui
729 2649 849 2688 cum
877 2633 1078 2687 Stoicis
1108 2645 1367 2702 pugnent,
1404 2635 1670 2691 videntur.
1707 2636 1911 2692 Deinde

2012 440 2302 512 Πύρρωνος
2329 442 2652 514 ἀπορητικοί
2682 444 2742 496 τέ
2770 446 2876 496 εισι
2906 443 2999 495 καὶ
3015 439 3214 502 παντὸς
3240 439 3580 509 ἀπολελυμέ-

2008 549 2088 584 νοι
2138 531 2431 602 δόγματος,
2464 535 2558 586 καὶ
2605 535 2777 598 οὐδεὶς
2822 534 3003 588 αὐτῶν
3033 533 3091 585 τὸ
3139 532 3405 600 παράπαν
3453 529 3579 584 οὔτε

2007 623 2369 692 ἀκατάληπτα
2419 625 2597 678 πάντα
2639 625 2864 696 εἴρηκεν
2903 623 3028 677 οὗτε
3076 623 3423 694 καταληπτά,
3455 623 3577 676 ἀλλ’

2006 715 2159 768 οὐδὲν
2193 717 2393 786 μᾶλλον
2423 717 2621 784 τοιάδε,
2650 717 2684 787 ἦ
2723 718 2923 778 τοιάδε.
2956 717 2989 788 ἢ
3023 717 3144 769 τότε
3165 716 3264 786 μὲν
3288 718 3428 777 τοῖα,
3457 717 3578 769 τότε

2005 807 2061 860 δὲ
2091 808 2152 860 οὐ
2172 810 2313 870 τοῖα,
2347 808 2380 878 ἦ
2422 802 2468 876 ᾧ
2504 809 2607 879 μὲν
2633 807 2858 861 τοιαῦτα
2881 801 2928 876 ᾧ
2969 809 3026 862 δὲ
3068 809 3132 861 οὐ
3185 807 3410 861 τοιαῦτα
3441 799 3486 876 ᾧ
3530 807 3577 860 δ’

2005 899 2114 952 οὐδ’
2138 899 2275 963 ὅλως
2305 900 2435 953 ὅντα
2461 917 2476 931 ·
2510 900 2630 953 οὐδὲ
2675 899 2722 933 ⁸⁸
2752 899 3086 970 μηντὲφικτά
3143 901 3321 954 πάντα
3375 899 3570 964 κοινῶς

2006 991 2038 1060 ἢ
2089 1005 2212 1043 τινα
2241 991 2444 1046 τούτων
2475 993 2508 1062 ἢ
2535 993 2581 1026 ⁸⁸
2612 993 2713 1044 οὐκ
2775 991 2992 1060 ἐφικτὰ,
3024 992 3142 1046 ἀλλ’
3169 991 3324 1045 οὐδὲν
3375 991 3579 1061 μᾶλλον

2005 1083 2201 1149 ιφικτά
2223 1081 2256 1151 ἢ
2289 1083 2388 1135 οὐκ
2427 1084 2642 1151 ὲφικτά,
2684 1082 2716 1153 ἦ
2744 1083 2866 1136 τότε
2897 1083 2994 1153 μὲν
3019 1083 3215 1152 ἐφικτά
3237 1084 3356 1136 τότε
3377 1081 3423 1135 δ’
3445 1085 3548 1136 οὐκ

2007 1173 2183 1242 in",
2230 1174 2374 1245 ἢτῷ
2411 1177 2509 1245 μὲν
2564 1175 2760 1243 ἐφικτὰ
2797 1175 2876 1245 τῷ
2925 1175 2970 1228 δ’
3027 1175 3110 1228 οὔ.
3143 1175 3255 1227 Καὶ
3314 1175 3422 1245 μὴν
3470 1174 3582 1228 οὐδ’

2004 1267 2258 1336 ἀληθινὸν
2299 1268 2417 1321 οὐδὲ
2454 1267 2672 1336 ψεῦδος,
2711 1266 2831 1320 οὐδὲ
2863 1265 3121 1330 πιθανὸν,
3147 1265 3256 1319 οὐδ’
3293 1265 3578 1326 απὶθανον,

2005 1357 2113 1410 οὐδ’
2133 1355 2189 1409 ὃν
2235 1357 2355 1409 οὐδὲ
2388 1357 2462 1426 μὴ
2493 1357 2574 1422 ὃν,
2605 1358 2740 1410 ἀλλὰ
2769 1358 2830 1409 τὸ
2862 1358 2994 1411 αὐτὸ
3029 1357 3102 1420 ὡς
3135 1358 3311 1409 εἰπεῖν
3352 1356 3412 1409 οὐ
3449 1356 3582 1425 μᾶλ-

2005 1448 2095 1501 λον
2132 1447 2330 1516 ἀληθὲς
2359 1448 2390 1518 ἢ
2436 1448 2651 1516 ψεῦδος,
2684 1447 2717 1516 ἢ
2771 1447 2998 1499 πιθανὸν
3027 1447 3058 1518 ἢ
3091 1445 3375 1510 ἀπίθανον,
3407 1445 3440 1514 ἢ
3495 1444 3577 1503 ὃν.

2005 1539 2038 1609 ἢ
2069 1539 2168 1591 οὑκ
2197 1538 2276 1601 ὃν,
2309 1538 2341 1607 ἢ
2383 1539 2504 1590 τότε
2553 1539 2650 1606 μὲν
2679 1539 2842 1603 τοῖον,
2873 1539 2996 1590 τότε
3026 1539 3082 1590 δὲ
3113 1540 3278 1598 τοῖον,
3319 1536 3348 1605 ἢ
3385 1527 3430 1604 ᾧ
3480 1535 3580 1604 μὲν

2004 1632 2220 1692 τοιονδὶ,
2252 1623 2299 1697 ᾧ
2330 1631 2386 1682 δὲ
2420 1633 2512 1682 καὶ
2529 1630 2572 1662 ⁸⁷
2599 1628 2661 1680 οὐ
2696 1628 2911 1682 τοιονδί.
2945 1629 3191 1682 Καθόλου
3222 1628 3332 1698 γὰρ
3361 1627 3510 1680 οὐδὲν
3550 1628 3580 1680 ὁ

2008 1721 2320 1794 “oppono;
2353 1720 2544 1791 ὁρίζει,
2592 1718 2708 1773 ἀλλ’
2755 1719 2876 1772 οὐδὲ
2936 1718 3067 1772 αὐτὸ
3093 1717 3276 1780 τοῦτο,
3309 1718 3390 1770 ὃτι
3424 1716 3581 1770 οὐδὲν

2006 1812 2337 1884 διορίζεται*
2381 1813 2498 1864 ἀλλ’
2551 1813 2653 1864 οὐκ
2693 1810 2930 1880 ἔχοντες,
2991 1811 3156 1878 φησὶν
3200 1810 3269 1873 ⁸⁸,
3318 1810 3464 1871 ὅπως
3516 1807 3582 1860 τὸ

2007 1904 2294 1973 νοούμενον
2343 1903 2753 1970 ὲκλαλήσωμεν,
2788 1898 2933 1953 οὕτω
2962 1899 3265 1970 φράζομεν.
3286 1901 3351 1952 Ol
3397 1898 3440 1952 δ’
3470 1898 3582 1952 ἀπὸ

2009 1999 2106 2066 τῆς
2146 1995 2504 2064 Ἀκαδημίας,
2535 1997 2690 2064 φηολι,
2728 1993 2965 2063 μάλιστα
3002 1992 3106 2060 τῆς
3138 1990 3256 2056 νῦν,
3282 1992 3375 2044 καὶ
3415 1991 3584 2042 Στωϊ-

2010 2090 2132 2150 καῖς
2159 2087 2528 2156 συμφέρονται
2552 2085 2723 2138 ἐνίοτε
2774 2083 2974 2149 δόξαις,
3001 2083 3097 2137 καὶ
3127 2081 3178 2134 si
3211 2081 3318 2151 χρὴ
3350 2077 3583 2148 τάληθὲς

2010 2178 2202 2240 εἰπεῖν,
2233 2175 2462 2228 Στωϊκοὶ
2487 2174 2770 2242 φαίνονται
2798 2174 3096 2244 μαχόμενοι
3119 2174 3398 2234 Στωϊκοῖς.
3451 2170 3586 2223 Δεύ-

2008 2286 2169 2338 τερον
2201 2267 2246 2300 "
2267 2267 2394 2336 περὶ
2420 2265 2629 2319 πολλῶν
2656 2264 3094 2334 δογματίζουσιν.
3131 2265 3188 2317 Ἀ
3200 2267 3362 2334 ρετήν
3383 2279 3443 2316 τε
3472 2262 3582 2331 γάρ

2012 2364 2108 2415 καὶ
2158 2359 2472 2430 ἀφροσύνην
2509 2357 2812 2426 εἰσάγουσι,
2867 2357 2965 2411 καὶ
3020 2357 3227 2425 ἀγαθὸν
3271 2357 3365 2409 καὶ
3413 2359 3586 2408 κακδν

2012 2449 2377 2513 ὑποτίθενται,
2423 2450 2517 2501 καὶ
2560 2449 2819 2517 ἀλήθειαν
2862 2448 2958 2502 καὶ
3006 2447 3338 2517 ψεῦδος,καὶ
3377 2446 3444 2515 δὴ
3491 2445 3594 2498 καὶ

2014 2541 2238 2594 πιθανὸν
2307 2540 2403 2592 καὶ
2441 2539 2724 2606 ἀπίθανον,
2766 2539 2861 2592 καὶ
2891 2538 2951 2591 ὃν
2980 2540 3076 2592 καὶ
3127 2539 3200 2609 μὴ
3231 2537 3312 2602 ὃν,
3347 2536 3481 2590 ἄλλα
3525 2552 3586 2588 τε

2015 2634 2184 2688 πολλὰ
2216 2631 2449 2704 βεϐαίως
2480 2632 2742 2700 ὁρίζουσι,
2761 2628 3181 2701 διαμφισϐητεῖν
3213 2630 3270 2683 δέ
3297 2646 3429 2698 φασι
3458 2629 3588 2696 περὶ

342 2732 398 2777 et
425 2722 492 2776 de
527 2721 710 2778 multis
741 2723 958 2776 decreta
979 2730 1242 2775 statuunt.
1278 2720 1546 2777 Virtutem
1577 2728 1720 2778 enim
1748 2734 1911 2793 atque

2019 2727 2295 2797 μόνηςτῆς
2330 2724 2742 2794 καταληπικῆς
2793 2724 3114 2791 φαντασίας.
3149 2721 3244 2774 sui
3265 2721 3316 2774 οι
3340 2721 3440 2790 μὲν
3481 2719 3591 2772 ἀπὸ

345 2813 635 2867 amentiam
668 2811 933 2866 inducunt
956 2830 968 2865 :
995 2812 1193 2864 bonum
1222 2827 1458 2882 quoque,
1479 2824 1534 2868 et
1557 2815 1755 2868 malum
1772 2816 1913 2868 velut

2020 2820 2307 2891 Ηύῤῥωνος
2335 2818 2390 2869 ἐν
2417 2817 2496 2886 τῷ
2523 2817 2688 2885 μηδὲν
2719 2814 2920 2886 ὁρίζειν
2958 2816 3316 2883 ἀνεπίληπτοι
3345 2815 3407 2866 τὸ
3450 2830 3591 2882 παρ-

348 2905 608 2974 principia
641 2914 875 2972 ponunt;
919 2918 1102 2957 verum
1128 2903 1278 2965 item.
1336 2918 1390 2960 et
1422 2907 1640 2972 falsum,
1699 2926 1911 2966 rursum

2019 2913 2164 2965 άπαν
2191 2909 2533 2978 διαμένουσιν
2549 2924 2562 2938 ο
2585 2909 2632 2960 οἱ
2659 2906 2702 2957 δ’
2723 2907 2781 2970 ἐξ
2813 2907 3164 2976 Ἀκαδημίας,
3187 2907 3372 2974 φησιν,
3397 2904 3591 2970 ὁμοίας

348 2995 645 3063 probabile,
705 3003 760 3049 et
809 2994 1188 3063 improbabile,
1242 3011 1340 3050 eos
1385 2999 1530 3062 dein,
1568 3009 1622 3052 et
1653 3016 1756 3054 nou
1791 3017 1912 3065 eus,

2018 3003 2115 3065 τὰς
2145 3001 2374 3063 εὐθύνας
2404 3004 2513 3060 τοῖς
2541 3000 2719 3058 ἄλλοις
2770 2997 3079 3066 φιλοσόφοις
3115 2996 3397 3065 ὑπέχουσι.
3429 2996 3502 3047 Τὸ
3533 2995 3592 3047 δὲ

349 3190 554 3234 tantum
608 3180 850 3234 dicentes
897 3179 964 3232 de
1007 3181 1452 3246 comprelieusiva
1508 3183 1913 3253 imaginatiOne.

347 3274 708 3336 Quamobrem
743 3270 1054 3340 Pyrrhonii,
1107 3273 1232 3326 dum
1283 3273 1417 3326 nihil
1460 3275 1745 3340 deﬁniunt,
1796 3291 1919 3331 oni-

351 3365 480 3419 nino
528 3363 892 3430 irrcprchensi
933 3374 1287 3433 permanent;
1327 3380 1515 3419 verum
1557 3363 1918 3432 Academicis,

349 3457 447 3520 ait,
481 3469 639 3522 pares
663 3469 785 3509 cum
813 3453 938 3509 aliis
963 3454 1303 3524 philosophis
1343 3456 1581 3510 rationes
1612 3457 1916 3511 reddendae.

349 3546 483 3602 lllud
515 3561 675 3614 porro
706 3545 1034 3600 maximum:
1064 3547 1207 3614 quod
1243 3545 1317 3598 illi
1352 3548 1419 3600 de
1451 3560 1510 3600 re
1544 3547 1786 3615 qualibet
1817 3548 1918 3602 sibi

349 3640 525 3694 oblata
583 3637 916 3704 dubitantes,
964 3652 1068 3690 nou
1121 3646 1327 3691 tantum
1368 3639 1616 3692 eumdem
1665 3650 1922 3708 perpetuo

353 3739 571 3783 teneant
615 3730 882 3792 ordinem,
940 3727 1036 3782 sed
1089 3741 1362 3794 nunquam
1393 3729 1560 3783 etlam
1598 3745 1782 3784 secum
1820 3731 1921 3799 ipsi

353 3831 609 3890 pugnent,
672 3835 794 3875 cum
841 3820 897 3874 hi
943 3834 1126 3874 secum
1161 3835 1403 3888 pugnare
1451 3832 1532 3884 se,
1590 3838 1657 3875 ne
1684 3822 1924 3876 sentiant

353 3912 590 3980 quidem.
634 3912 808 3966 Simul
836 3911 983 3966 enim
1021 3924 1222 3979 ponere
1263 3911 1567 3979 quidpiam,
1611 3922 1664 3966 et
1707 3929 1922 3966 rursum

354 4005 726 4058 indubitanter
753 4003 963 4066 tollere,
1005 4002 1165 4057 simul
1201 4003 1324 4057 item
1357 4003 1536 4057 dicere
1565 4004 1924 4057 communiter

354 4093 532 4158 aliqua
575 4108 697 4146 esse
743 4091 1272 4161 compreliensibilia,
1313 4101 1367 4146 et
1414 4108 1519 4145 non
1547 4107 1687 4154 esse,
1754 4092 1925 4145 niani-

357 4185 548 4238 festam
595 4184 782 4252 utique
835 4199 1068 4254 pugnam
1109 4185 1285 4239 atl‘ert.
1351 4183 1602 4252 Alioquin
1654 4185 1927 4252 quomodo

357 4274 472 4328 tieri
501 4274 692 4344 possit,
744 4285 804 4328 ut
831 4277 924 4345 qui
959 4275 1208 4345 cognorit
1251 4276 1350 4329 hoc
1375 4291 1494 4329 esse
1536 4290 1746 4339 verum,
1796 4275 1924 4328 illud

248 3086 254 3093 '
346 3086 560 3155 aliaque
609 3102 716 3141 non
766 3101 937 3156 pauca
994 3096 1144 3140 certo
1191 3087 1497 3144 deliniant:
1532 3091 1807 3160 ambigere
1854 3108 1914 3147 se

2019 3097 2296 3166 μέγιστον,
2321 3095 2371 3145 οἱ
2397 3093 2496 3162 μὲν
2530 3109 2594 3144 πε
2605 3093 2657 3161 pl.
2689 3089 2886 3152 παντὸς
2906 3087 3001 3143 τοῦ
3026 3089 3379 3158 προτεθέντος
3399 3088 3594 3139 διαπο-

2021 3185 2238 3256 ροῦντες
2259 3185 2320 3237 τό
2347 3201 2406 3236 τε
2459 3183 2743 3251 σύστοιχον
2796 3180 3114 3249 διατηροῦσι
3147 3182 3237 3232 καὶ
3275 3181 3488 3240 ἑαυτοῖς
3528 3178 3592 3229 οὐ

2022 3279 2308 3348 μάχονται,
2339 3278 2389 3328 οἱ
2427 3276 2486 3328 δὲ
2511 3274 2837 3344 μαχομένοις
2875 3275 2921 3306 ⁹⁰
2953 3274 3167 3334 ἑαυτοῖς
3199 3273 3260 3324 οὐ
3302 3271 3549 3322 συνίσασι
3573 3284 3592 3307 ο

2016 3371 2077 3423 τὸ
2101 3369 2210 3439 γὰρ
2239 3369 2355 3437 ἅμα
2385 3367 2590 3420 τιθέναι
2618 3383 2672 3417 τι
2703 3365 2797 3418 καὶ
2819 3363 2996 3433 αἴρειν
3034 3362 3439 3432 ἀναμφιϐόλως,
3479 3359 3598 3429 ἃμα

2017 3479 2076 3514 τε
2108 3462 2272 3529 φάναι
2293 3457 2486 3520 κοινῶς
2517 3458 2781 3527 ὑπάρχειν
2811 3457 2854 3487 ’ί
2879 3455 3222 3525 καταληπτά,
3252 3455 3432 3524 μάχην
3460 3454 3595 3521 ὀμο-

2019 3551 2354 3619 λογουμένην
2389 3550 2621 3616 εἰσάγει,
2672 3548 2793 3601 ἐπεὶ
2838 3547 2956 3610 πῶς
2996 3542 3108 3601 οἷόν
3154 3562 3214 3599 τε
3263 3545 3600 3612 γινώσκοντα

2023 3644 2140 3697 τόδε
2179 3643 2275 3712 μὲν
2304 3638 2443 3695 εἶναι
2465 3641 2661 3709 ἀληθὲς
2698 3640 2815 3692 τόδε
2847 3639 2906 3692 δὲ
2955 3638 3151 3709 ψεῦδος
3195 3638 3278 3690 ἐτι
3321 3637 3604 3704 διαπορεῖν

2023 3737 2114 3788 καὶ⁹
2133 3733 2401 3797 διστάσαι,
2421 3734 2515 3786 καὶ
2533 3734 2592 3785 οὐ
2609 3733 2794 3800 σαφῶς
2825 3731 2887 3783 τὸ
2909 3731 3007 3800 μὲν
3027 3730 3245 3783 ἑλέσθαι
3266 3730 3327 3782 τὸ
3353 3728 3411 3780 δὲ
3442 3742 3602 3798 περι-

2026 3826 2217 3895 στῆναι
2244 3841 2258 3888 ;
2286 3826 2335 3876 εί
2364 3823 2463 3891 μὲν
2491 3822 2601 3891 γάρ
2631 3822 2675 3852 ⁹⁹
2706 3822 2982 3888 ἀγνοεῖται
3004 3819 3085 3871 ὅτι
3119 3819 3238 3871 τόδε
3267 3819 3416 3871 ἐστὶν
3463 3816 3602 3884 ἀγα-

2025 3919 2116 3972 θὸν
2139 3917 2175 3988 ἢ
2199 3918 2386 3978 κακὸν,
2417 3915 2450 3984 ἢ
2477 3914 2595 3966 τόδε
2631 3913 2728 3982 μὲν
2761 3911 2960 3982 ἀληθὲς
2988 3910 3107 3964 τόδε
3139 3910 3197 3963 δὲ
3242 3907 3457 3978 ψεῦδος,
3506 3906 3602 3959 καὶ

2024 4010 2141 4063 τάδε
2175 4008 2272 4077 μὲν
2299 4006 2358 4060 ὃν
2379 4007 2496 4060 τόδε
2527 4005 2586 4057 δὲ
2634 4005 2708 4073 μὴ
2729 4003 2810 4066 ὃν,
2847 4005 3064 4065 πάντως
3089 3999 3452 4071 ὁμολογητέον
3474 3998 3603 4050 ἑκα-

2027 4117 2152 4153 στον
2175 4096 2560 4166 ἀκατάληπτον
2595 4091 2757 4148 εἶναι’
2783 4094 2909 4165 [545
2943 4092 3035 4164 R.]
3068 4094 3115 4144 εἰ
3148 4092 3191 4144 δ’
3207 4089 3452 4159 ἐναργῶς
3481 4087 3604 4141 κατ’

2026 4189 2278 4258 αἴσθησιν
2301 4187 2335 4259 ἢ
2356 4188 2494 4240 κατά
2510 4186 2695 4255 νόησιν
2726 4184 3224 4255 καταλαμϐάνεται,
3256 4179 3606 4251 καταληπτὸν

2026 4280 2256 4333 ἕκαστον
2312 4277 2528 4344 φατέον.
2563 4276 2750 4332 Ταῦτα
2790 4275 2889 4346 μὲν
2932 4276 3234 4344 ἀρχόμενος
3281 4273 3389 4326 τῶν
3430 4274 3606 4342 λόγων

357 4370 589 4434 falsum,
643 4371 818 4426 adhuc
864 4372 1122 4436 dubitet,
1179 4383 1343 4440 atque
1395 4372 1672 4440 ambigat:
1707 4381 1760 4423 et
1815 4387 1914 4426 non

2031 4371 2125 4423 καὶ
2143 4369 2345 4421 τοιαῦθ’
2369 4368 2553 4438 ἕτερα,
2588 4369 2688 4436 τὴν
2716 4367 2980 4436 διαφορὰν
3011 4367 3120 4418 τῶν
3146 4365 3476 4435 Πυρῤωνίων
3510 4365 3606 4418 καὶ

355 4473 507 4518 eerto
533 4465 683 4531 prius
713 4463 845 4517 illud
871 4462 1250 4534 amplectatur,
1284 4463 1626 4530 alterumque
1656 4461 1928 4516 declinet?

355 4553 487 4607 Nam
525 4555 570 4607 si
595 4555 876 4622 ignoratur
911 4554 1010 4608 hoc
1041 4553 1240 4609 bonum
1270 4569 1412 4616 esse,
1448 4563 1545 4606 aut
1571 4552 1767 4607 malum
1798 4570 1813 4607 :
1845 4553 1928 4609 vel

358 4647 461 4701 hoc
494 4661 710 4710 verum,
761 4646 888 4699 illud
939 4645 1262 4699 falsum:et
1308 4647 1410 4698 hoc
1463 4646 1748 4708 exsistere,
1802 4646 1929 4700 illud

359 4751 488 4790 vero
503 4737 722 4790 minime
743 4779 756 4791 .
780 4739 1002 4790 omnino
1031 4737 1079 4788 [ιι
1091 4736 1306 4789 tendum
1334 4737 1524 4790 horum
1552 4738 1760 4806 singula
1779 4753 1932 4790 com-

363 4829 616 4896 preheudi
674 4845 782 4882 non
843 4841 1036 4898 posse;
1078 4832 1161 4883 sin
1211 4829 1491 4882 evidenter
1537 4845 1696 4884 sensu
1731 4830 1811 4883 vel
1849 4832 1931 4883 iu-

364 4918 658 4987 tclligentia
691 4921 881 4972 horum
917 4919 1157 4989 quidque
1181 4921 1533 4989 percipiatur,
1573 4921 1931 4989 comprehcn-

361 5010 517 5065 sibile
536 5009 645 5079 jam
680 5014 871 5064 horum
893 5027 1015 5065 esse
1033 5013 1311 5078 quodlibet
1335 5014 1618 5066 dicendum
1648 5023 1753 5067 est.
1781 5015 1926 5079 Haec,

363 5101 577 5170 aliaque
615 5103 664 5155 id
685 5118 876 5170 genus,
931 5105 1000 5155 ab
1039 5102 1153 5171 ipso
1198 5119 1318 5156 Inox
1354 5104 1614 5156 librorum
1649 5104 1930 5157 iuitiodis-

363 5194 568 5245 crimen
596 5193 951 5264 Pyrrhonios'
974 5193 1117 5248 inter
1158 5204 1211 5247 et
1239 5195 1593 5250 Academicos
1615 5197 1931 5258 ostendens,

364 5283 452 5337 hic
464 5281 846 5341 AEnesidemus
863 5283 1068 5355 A‘Igeus
1084 5294 1402 5354 pertractat,
1422 5283 1929 5357 universuml'job

2043 4460 2458 4531 Ἀκαδημαϊκῶν
2484 4461 2823 4522 ὑποδεικνὺς,
2854 4459 3162 4528 ἀναγράφει
3185 4458 3214 4510 ὁ
3240 4455 3606 4525 Μνησίδημος

2031 4560 2060 4611 ὁ
2089 4558 2148 4622 ἐξ
2183 4555 2363 4622 Αἰγῶν
2395 4571 2410 4586 ·
2441 4553 2640 4622 ἐφεξῆς
2681 4553 2739 4605 δὲ
2775 4554 2915 4605 κατά
2947 4553 3038 4604 τὸν
3071 4549 3234 4604 αὐτὸν
3269 4549 3426 4617 λόγον
3455 4547 3608 4618 πρῶ-

2033 4669 2125 4705 τον
2165 4651 2261 4704 καὶ
2285 4650 2384 4720 τὴν
2405 4650 2534 4719 ὅλην
2560 4646 2782 4716 ἀγωγὴν
2807 4645 2880 4707 ὼς
2901 4644 3057 4715 τύπῳ
3097 4646 3194 4696 καὶ
3219 4640 3606 4710 κεφαλαιωδῶς

2035 4743 2143 4796 τῶν
2164 4736 2494 4814 Πυρρωνίων
2517 4739 2856 4809 παραδίδωσι
2872 4737 3066 4805 λόγων.
3101 4735 3190 4788 Ἐν
3217 4735 3272 4788 δὲ
3295 4733 3374 4798 τῷ
3400 4733 3443 4802 β’
3467 4730 3606 4786 κατά

2034 4837 2196 4908 μέρος
2225 4834 2324 4903 ἥδη
2364 4833 2662 4902 ἀρχόμενος
2681 4828 2952 4893 ἐπεξιέναι
2971 4829 3036 4881 τά
3067 4830 3125 4882 ἐν
3151 4826 3433 4895 κεφαλαίῳ
3462 4825 3610 4890 εἰρη-

2035 4928 2171 4997 μένα
2201 4925 2327 4995 περί
2348 4940 2407 4975 τε
2430 4921 2646 4993 ἀληθῶν
2668 4921 2762 4973 καὶ
2781 4920 2970 4972 αἰτίων
2989 4918 3110 4990 [28!
3133 4913 3228 4989 1L]
3249 4915 3609 4984 διαλαμϐάνει

2033 5021 2129 5072 καὶ
2149 5016 2340 5071 παθῶν
2362 5015 2457 5068 καὶ
2478 5015 2765 5082 κινήσεως,
2796 5012 3066 5080 γενέσεώς
3082 5028 3141 5062 τε
3170 5010 3263 5063 καὶ
3290 5009 3494 5077 φθορᾶς
3513 5005 3608 5058 καὶ

2033 5109 2138 5160 τῶν
2159 5107 2365 5166 τούτοις
2383 5104 2660 5168 ἐναντίων,
2691 5102 2838 5156 κατὰ
2869 5103 3086 5156 πάντων
3109 5099 3288 5155 αὐτῶν
3316 5099 3377 5152 τὸ
3403 5097 3608 5167 ἄπορόν

2033 5216 2092 5250 τε
2114 5199 2159 5231 ³³
2185 5199 2281 5251 καὶ⁹
2327 5196 2713 5266 ἀκατάληπτον
2751 5197 2992 5258 πυκνοῖς,
3020 5193 3096 5256 ὡς
3126 5193 3318 5255 οίεται,
3361 5189 3607 5256 ἐπιλογι-

2046 5293 2201 5358 σμοῖς
2228 5288 2566 5352 ὐποδεικνύς.
2593 5288 2703 5342 Καὶ
2728 5289 2756 5341 ὁ
2777 5295 2826 5358 γ’
2853 5286 2911 5342 ὁὶ
2941 5286 3088 5357 αὐτῷ
3117 5283 3271 5353 λόγος
3298 5282 3428 5354 περὶ
3449 5282 3608 5351 κινή-

1621 5400 1855 5459 VARIIE
1915 5401 2322 5459 LECTIONES.

435 5512 480 5543 ⁸³
506 5512 611 5566 ὑπό
659 5530 744 5585 ς,
794 5513 842 5544 ⁸⁸
867 5513 991 5585 οὐδέ
1019 5513 1100 5568 A:
1132 5513 1254 5567 οὔτε
1278 5533 1340 5579 ς’.
1415 5517 1461 5548 ⁸³
1492 5516 1524 5585 ἦ

367 5583 412 5615 ⁸⁷
457 5584 549 5635 καὶ
578 5584 791 5658 om._A._
863 5583 908 5658 ξ’
937 5584 1058 5638 libri
1088 5586 1272 5658 φασίν.
1348 5586 1393 5617 δ’
1418 5583 1693 5658 δεύτερον]

1556 5517 1689 5588 add.»
1713 5518 1776 5570 A.
1813 5587 1816 5588 ν
1848 5517 1893 5549 ⁸⁸
1910 5517 2116 5588 οὐκέτι,
2144 5518 2176 5588 ἢ
2207 5516 2286 5586 τῷ
2320 5518 2420 5586 μὲν
2474 5517 2671 5586 ἐφικτὰ
2712 5517 2790 5586 τῷ
2838 5517 2886 5569 δ’
2919 5515 2981 5570 οὗ
3006 5516 3048 5570 Δ

1727 5587 1769 5656 β’
1793 5587 1880 5662 A__:
1914 5583 2285 5662 δεύτερον’καί
2457 5583 2866 5662 ’θ’μαχομένους
2903 5605 2963 5658 ς’.
3035 5587 3079 5619 ⁹¹
3109 5583 3401 5661 ὑπάρχειν]
3429 5585 3605 5654 ὑπαρ-

3105 5535 3119 5570 :
3167 5515 3266 5566 οὐκ
3317 5512 3516 5580 ἐφικτά
3544 5528 3605 5574 ς.

374 5671 486 5722 χειν
531 5655 622 5706 καὶ
656 5656 729 5724 μὴ
771 5654 1037 5724 ὑπάρχειν
1065 5671 1174 5725 mg.
1205 5657 1272 5711 Α.
1347 5658 1391 5689 ⁸³
1411 5657 1520 5728 γάρ
1541 5654 1758 5713 αᾶἀξᾸ.
1831 5659 1878 5690 ⁸³
1893 5674 1951 5712 τε
1986 5654 2108 5713 add.
2144 5659 2210 5714 Α.
