  <div class='ocr_page' id='page_1' title='image "/cluster/home/n/w/nwhite01/storage/ocr_20150623/103 pt.3/mdp.39015061933738/358.png"; bbox 0 0 4030 6248; ppageno 0'>
   <div class='ocr_carea' id='block_1_1' title="bbox 451 301 554 364">
    <p class='ocr_par' dir='ltr' id='par_1_1' title="bbox 451 301 554 364">
     <span class='ocr_line' id='line_1_1' title="bbox 451 301 554 364; baseline 0.01 -1"><span class='ocrx_word' id='word_1_1' title='bbox 451 301 554 364; x_wconf 73' lang='lat'><strong>697</strong></span> 
     </span>
    </p>
   </div>
   <div class='ocr_carea' id='block_1_2' title="bbox 1528 291 2620 356">
    <p class='ocr_par' dir='ltr' id='par_1_2' title="bbox 1528 291 2620 356">
     <span class='ocr_line' id='line_1_2' title="bbox 1528 291 2620 356; baseline -0.004 0"><span class='ocrx_word' id='word_1_2' title='bbox 1528 293 2050 356; x_wconf 75' lang='lat' dir='ltr'><strong>BIBLIOTII&#39;ECA.</strong></span> <span class='ocrx_word' id='word_1_3' title='bbox 2083 292 2330 352; x_wconf 85' lang='lat' dir='ltr'><strong>-COD.</strong></span> <span class='ocrx_word' id='word_1_4' title='bbox 2361 291 2620 352; x_wconf 77' lang='lat' dir='ltr'><strong>CCXIII.</strong></span> 
     </span>
    </p>
   </div>
   <div class='ocr_carea' id='block_1_3' title="bbox 3602 287 3711 363">
    <p class='ocr_par' dir='ltr' id='par_1_3' title="bbox 3602 287 3711 363">
     <span class='ocr_line' id='line_1_3' title="bbox 3602 287 3711 363; baseline 0.009 -1"><span class='ocrx_word' id='word_1_5' title='bbox 3602 287 3711 363; x_wconf 32' lang='lat'><strong>698&#39;</strong></span> 
     </span>
    </p>
   </div>
   <div class='ocr_carea' id='block_1_4' title="bbox 453 403 2038 479">
    <p class='ocr_par' dir='ltr' id='par_1_4' title="bbox 453 407 2014 479">
     <span class='ocr_line' id='line_1_4' title="bbox 453 407 2014 479; baseline -0.006 -12"><span class='ocrx_word' id='word_1_6' title='bbox 453 432 590 475; x_wconf 81' lang='grc' dir='ltr'>σεως</span> <span class='ocrx_word' id='word_1_7' title='bbox 619 412 712 465; x_wconf 75' lang='grc' dir='ltr'><strong>καὶ</strong></span> <span class='ocrx_word' id='word_1_8' title='bbox 749 410 1052 479; x_wconf 80' lang='grc' dir='ltr'>αἰσθήσεως</span> <span class='ocrx_word' id='word_1_9' title='bbox 1073 409 1166 463; x_wconf 75' lang='grc' dir='ltr'><strong>καὶ</strong></span> <span class='ocrx_word' id='word_1_10' title='bbox 1192 407 1301 462; x_wconf 75' lang='grc' dir='ltr'><strong>τῶν</strong></span> <span class='ocrx_word' id='word_1_11' title='bbox 1329 408 1449 462; x_wconf 82' lang='grc' dir='ltr'>κατ’</span> <span class='ocrx_word' id='word_1_12' title='bbox 1482 409 1656 472; x_wconf 79' lang='grc' dir='ltr'>αὑτὰς</span> <span class='ocrx_word' id='word_1_13' title='bbox 1685 407 2014 478; x_wconf 66' lang='grc' dir='ltr'>ἰδιωμάτων,</span> 
     </span>
    </p>
   </div>
   <div class='ocr_carea' id='block_1_5' title="bbox 2141 403 3698 479">
    <p class='ocr_par' dir='ltr' id='par_1_5' title="bbox 2141 403 3698 475">
     <span class='ocr_line' id='line_1_5' title="bbox 2141 403 3698 475; baseline 0.006 -21"><span class='ocrx_word' id='word_1_14' title='bbox 2141 404 2380 471; x_wconf 82' lang='lat' dir='ltr'><strong>ieiuceps</strong></span> <span class='ocrx_word' id='word_1_15' title='bbox 2409 404 2832 475; x_wconf 65' lang='lat' dir='ltr'><strong>Pyrrhouiarum</strong></span> <span class='ocrx_word' id='word_1_16' title='bbox 2875 403 3144 460; x_wconf 81' lang='lat' dir='ltr'><strong>rationum</strong></span> <span class='ocrx_word' id='word_1_17' title='bbox 3178 405 3484 462; x_wconf 83' lang='lat' dir='ltr'><strong>Institutum</strong></span> <span class='ocrx_word' id='word_1_18' title='bbox 3513 411 3698 464; x_wconf 86' lang='lat' dir='ltr'><strong>eodem</strong></span> 
     </span>
    </p>
   </div>
   <div class='ocr_carea' id='block_1_6' title="bbox 450 495 2020 572">
    <p class='ocr_par' dir='ltr' id='par_1_6' title="bbox 450 495 2020 572">
     <span class='ocr_line' id='line_1_6' title="bbox 450 495 2020 572; baseline -0.008 -14"><span class='ocrx_word' id='word_1_19' title='bbox 450 506 550 564; x_wconf 81' lang='grc' dir='ltr'>τὰς</span> <span class='ocrx_word' id='word_1_20' title='bbox 585 503 776 572; x_wconf 78' lang='grc' dir='ltr'><strong>ὁμοίας</strong></span> <span class='ocrx_word' id='word_1_21' title='bbox 830 499 1323 572; x_wconf 76' lang='grc' dir='ltr'>περιεργαζόμενος</span> <span class='ocrx_word' id='word_1_22' title='bbox 1375 497 1794 566; x_wconf 70' lang='grc' dir='ltr'>ἑναντιολογίας,</span> <span class='ocrx_word' id='word_1_23' title='bbox 1827 497 1910 558; x_wconf 79' lang='grc' dir='ltr'><strong>είς</strong></span> <span class='ocrx_word' id='word_1_24' title='bbox 1957 495 2020 546; x_wconf 83' lang='grc' dir='ltr'>τὸ</span> 
     </span>
    </p>
   </div>
   <div class='ocr_carea' id='block_1_7' title="bbox 453 587 2024 662">
    <p class='ocr_par' dir='ltr' id='par_1_7' title="bbox 453 587 2024 662">
     <span class='ocr_line' id='line_1_7' title="bbox 453 587 2024 662; baseline -0.006 -14"><span class='ocrx_word' id='word_1_25' title='bbox 453 596 740 662; x_wconf 79' lang='grc' dir='ltr'>ἀνέφικτον</span> <span class='ocrx_word' id='word_1_26' title='bbox 764 595 860 645; x_wconf 73' lang='grc' dir='ltr'><strong>καὶ</strong></span> <span class='ocrx_word' id='word_1_27' title='bbox 891 591 1272 660; x_wconf 74' lang='grc' dir='ltr'><strong>ἀκατάληπτον</strong></span> <span class='ocrx_word' id='word_1_28' title='bbox 1308 589 1569 659; x_wconf 75' lang='grc' dir='ltr'>ὑποφέρει</span> <span class='ocrx_word' id='word_1_29' title='bbox 1604 589 1700 641; x_wconf 69' lang='grc' dir='ltr'><strong>καὶ</strong></span> <span class='ocrx_word' id='word_1_30' title='bbox 1731 588 1889 640; x_wconf 80' lang='grc' dir='ltr'>αὐτά.</span> <span class='ocrx_word' id='word_1_31' title='bbox 1935 587 2024 639; x_wconf 84' lang='grc' dir='ltr'><strong>Ἑν</strong></span> 
     </span>
    </p>
   </div>
   <div class='ocr_carea' id='block_1_8' title="bbox 451 674 2024 754">
    <p class='ocr_par' dir='ltr' id='par_1_8' title="bbox 451 674 2024 754">
     <span class='ocr_line' id='line_1_8' title="bbox 451 674 2024 754; baseline -0.008 -16"><span class='ocrx_word' id='word_1_32' title='bbox 451 686 507 738; x_wconf 85' lang='grc' dir='ltr'>δὲ</span> <span class='ocrx_word' id='word_1_33' title='bbox 539 683 616 754; x_wconf 80' lang='grc' dir='ltr'>τῷ</span> <span class='ocrx_word' id='word_1_34' title='bbox 664 683 705 736; x_wconf 85' lang='grc' dir='ltr'>δ’</span> <span class='ocrx_word' id='word_1_35' title='bbox 734 683 932 751; x_wconf 80' lang='grc' dir='ltr'>σημεῖα</span> <span class='ocrx_word' id='word_1_36' title='bbox 967 680 1086 750; x_wconf 86' lang='grc' dir='ltr'>μὲν,</span> <span class='ocrx_word' id='word_1_37' title='bbox 1113 679 1302 748; x_wconf 83' lang='grc' dir='ltr'>ὥσπερ</span> <span class='ocrx_word' id='word_1_38' title='bbox 1346 679 1416 732; x_wconf 70' lang='grc' dir='ltr'><strong>τὰ</strong></span> <span class='ocrx_word' id='word_1_39' title='bbox 1466 676 1678 746; x_wconf 75' lang='grc' dir='ltr'>φανερά.</span> <span class='ocrx_word' id='word_1_40' title='bbox 1706 692 1886 746; x_wconf 81' lang='grc' dir='ltr'>φαμεν</span> <span class='ocrx_word' id='word_1_41' title='bbox 1916 674 2024 727; x_wconf 84' lang='grc' dir='ltr'><strong>τῶν</strong></span> 
     </span>
    </p>
   </div>
   <div class='ocr_carea' id='block_1_9' title="bbox 451 765 2022 844">
    <p class='ocr_par' dir='ltr' id='par_1_9' title="bbox 451 765 2022 844">
     <span class='ocr_line' id='line_1_9' title="bbox 451 765 2022 844; baseline -0.008 -15"><span class='ocrx_word' id='word_1_42' title='bbox 451 773 696 844; x_wconf 75' lang='grc' dir='ltr'>ἀφανῶν,</span> <span class='ocrx_word' id='word_1_43' title='bbox 722 772 829 826; x_wconf 78' lang='grc' dir='ltr'>οὐδ’</span> <span class='ocrx_word' id='word_1_44' title='bbox 851 773 986 834; x_wconf 79' lang='grc' dir='ltr'>ὅλως</span> <span class='ocrx_word' id='word_1_45' title='bbox 1004 770 1050 804; x_wconf 67' lang='grc'>⁸⁸</span> <span class='ocrx_word' id='word_1_46' title='bbox 1067 766 1204 824; x_wconf 76' lang='grc' dir='ltr'>εἷναί</span> <span class='ocrx_word' id='word_1_47' title='bbox 1228 787 1389 839; x_wconf 81' lang='grc' dir='ltr'>φησιν</span> <span class='ocrx_word' id='word_1_48' title='bbox 1408 772 1473 833; x_wconf 74' lang='grc'><strong>⁸³,</strong></span> <span class='ocrx_word' id='word_1_49' title='bbox 1495 771 1678 838; x_wconf 75' lang='grc' dir='ltr'>ηπατῆ</span> <span class='ocrx_word' id='word_1_50' title='bbox 1688 767 1809 820; x_wconf 86' lang='grc' dir='ltr'>σθαι</span> <span class='ocrx_word' id='word_1_51' title='bbox 1823 765 2022 835; x_wconf 56' lang='lat' dir='ltr'><strong>sima</strong></span> 
     </span>
    </p>
   </div>
   <div class='ocr_carea' id='block_1_10' title="bbox 454 857 2022 937">
    <p class='ocr_par' dir='ltr' id='par_1_10' title="bbox 454 857 2022 937">
     <span class='ocr_line' id='line_1_10' title="bbox 454 857 2022 937; baseline -0.008 -16"><span class='ocrx_word' id='word_1_52' title='bbox 454 866 800 937; x_wconf 74' lang='grc' dir='ltr'>προσπαθείᾳ</span> <span class='ocrx_word' id='word_1_53' title='bbox 827 866 951 927; x_wconf 82' lang='grc' dir='ltr'>τοὺς</span> <span class='ocrx_word' id='word_1_54' title='bbox 995 863 1294 931; x_wconf 75' lang='grc' dir='ltr'><strong>οἰομένους,</strong></span> <span class='ocrx_word' id='word_1_55' title='bbox 1321 859 1525 932; x_wconf 75' lang='grc' dir='ltr'><strong>ἐγείρει</strong></span> <span class='ocrx_word' id='word_1_56' title='bbox 1571 860 1628 912; x_wconf 71' lang='grc' dir='ltr'>δὲ</span> <span class='ocrx_word' id='word_1_57' title='bbox 1658 860 1755 922; x_wconf 70' lang='grc' dir='ltr'>τὰς</span> <span class='ocrx_word' id='word_1_58' title='bbox 1778 857 1839 922; x_wconf 70' lang='grc' dir='ltr'><strong>ἐξ</strong></span> <span class='ocrx_word' id='word_1_59' title='bbox 1867 857 2022 920; x_wconf 73' lang='grc' dir='ltr'>ἔθους</span> 
     </span>
    </p>
   </div>
   <div class='ocr_carea' id='block_1_11' title="bbox 453 949 2024 1026">
    <p class='ocr_par' dir='ltr' id='par_1_11' title="bbox 453 949 2024 1026">
     <span class='ocr_line' id='line_1_11' title="bbox 453 949 2024 1026; baseline -0.004 -16"><span class='ocrx_word' id='word_1_60' title='bbox 453 958 652 1026; x_wconf 75' lang='grc' dir='ltr'>ἑφεξῆς</span> <span class='ocrx_word' id='word_1_61' title='bbox 681 955 913 1024; x_wconf 79' lang='grc' dir='ltr'><strong>ἀπορίας</strong></span> <span class='ocrx_word' id='word_1_62' title='bbox 943 954 1072 1025; x_wconf 82' lang='grc' dir='ltr'>περί</span> <span class='ocrx_word' id='word_1_63' title='bbox 1105 971 1164 1007; x_wconf 86' lang='grc' dir='ltr'><strong>τε</strong></span> <span class='ocrx_word' id='word_1_64' title='bbox 1183 954 1310 1022; x_wconf 80' lang='grc' dir='ltr'>ὅλης</span> <span class='ocrx_word' id='word_1_65' title='bbox 1337 955 1435 1023; x_wconf 76' lang='grc' dir='ltr'>τῆς</span> <span class='ocrx_word' id='word_1_66' title='bbox 1461 951 1675 1022; x_wconf 74' lang='grc' dir='ltr'>φύσεως</span> <span class='ocrx_word' id='word_1_67' title='bbox 1701 952 1798 1004; x_wconf 78' lang='grc' dir='ltr'><strong>καὶ</strong></span> <span class='ocrx_word' id='word_1_68' title='bbox 1820 949 2024 1020; x_wconf 76' lang='grc' dir='ltr'>κόσμου</span> 
     </span>
    </p>
   </div>
   <div class='ocr_carea' id='block_1_12' title="bbox 455 1042 2027 1115">
    <p class='ocr_par' dir='ltr' id='par_1_12' title="bbox 455 1042 2027 1115">
     <span class='ocr_line' id='line_1_12' title="bbox 455 1042 2027 1115; baseline -0.006 -13"><span class='ocrx_word' id='word_1_69' title='bbox 455 1051 548 1102; x_wconf 77' lang='grc' dir='ltr'><strong>καὶ</strong></span> <span class='ocrx_word' id='word_1_70' title='bbox 578 1048 738 1113; x_wconf 84' lang='grc' dir='ltr'>θεῶν,</span> <span class='ocrx_word' id='word_1_71' title='bbox 778 1047 932 1100; x_wconf 77' lang='grc' dir='ltr'>οὐδὲν</span> <span class='ocrx_word' id='word_1_72' title='bbox 957 1047 1068 1100; x_wconf 83' lang='grc' dir='ltr'>τῶν</span> <span class='ocrx_word' id='word_1_73' title='bbox 1092 1047 1138 1080; x_wconf 81' lang='grc'><strong>⁸⁸</strong></span> <span class='ocrx_word' id='word_1_74' title='bbox 1164 1049 1242 1109; x_wconf 84' lang='grc' dir='ltr'><strong>είς</strong></span> <span class='ocrx_word' id='word_1_75' title='bbox 1275 1044 1580 1115; x_wconf 77' lang='grc' dir='ltr'>κατάληψιν</span> <span class='ocrx_word' id='word_1_76' title='bbox 1620 1044 1806 1094; x_wconf 79' lang='grc' dir='ltr'><strong>πεσεῖν</strong></span> <span class='ocrx_word' id='word_1_77' title='bbox 1857 1042 2027 1094; x_wconf 69' lang='grc' dir='ltr'>ἐντευ-</span> 
     </span>
    </p>
   </div>
   <div class='ocr_carea' id='block_1_13' title="bbox 456 1130 2025 1208">
    <p class='ocr_par' dir='ltr' id='par_1_13' title="bbox 456 1130 2025 1208">
     <span class='ocr_line' id='line_1_13' title="bbox 456 1130 2025 1208; baseline -0.005 -17"><span class='ocrx_word' id='word_1_78' title='bbox 456 1140 699 1208; x_wconf 79' lang='grc' dir='ltr'>νόμενος.</span> <span class='ocrx_word' id='word_1_79' title='bbox 741 1136 1112 1206; x_wconf 82' lang='grc' dir='ltr'>Προόἀλλεται</span> <span class='ocrx_word' id='word_1_80' title='bbox 1163 1133 1311 1204; x_wconf 84' lang='grc' dir='ltr'><strong>αύτῷ</strong></span> <span class='ocrx_word' id='word_1_81' title='bbox 1355 1136 1398 1166; x_wconf 83' lang='grc'><strong>’⁷</strong></span> <span class='ocrx_word' id='word_1_82' title='bbox 1439 1135 1533 1187; x_wconf 69' lang='grc' dir='ltr'><strong>καὶ</strong></span> <span class='ocrx_word' id='word_1_83' title='bbox 1591 1135 1618 1186; x_wconf 89' lang='grc' dir='ltr'><strong>ό</strong></span> <span class='ocrx_word' id='word_1_84' title='bbox 1665 1138 1706 1184; x_wconf 80' lang='grc' dir='ltr'>ε’</span> <span class='ocrx_word' id='word_1_85' title='bbox 1751 1131 1906 1200; x_wconf 88' lang='grc' dir='ltr'>λόγος</span> <span class='ocrx_word' id='word_1_86' title='bbox 1925 1130 2025 1194; x_wconf 83' lang='grc' dir='ltr'><strong>τὰς</strong></span> 
     </span>
    </p>
   </div>
   <div class='ocr_carea' id='block_1_14' title="bbox 457 1223 2020 1297">
    <p class='ocr_par' dir='ltr' id='par_1_14' title="bbox 457 1223 2020 1297">
     <span class='ocr_line' id='line_1_14' title="bbox 457 1223 2020 1297; baseline -0.005 -14"><span class='ocrx_word' id='word_1_87' title='bbox 457 1233 600 1284; x_wconf 64' lang='grc' dir='ltr'>κατὰ</span> <span class='ocrx_word' id='word_1_88' title='bbox 621 1230 728 1282; x_wconf 82' lang='grc' dir='ltr'><strong>τῶν</strong></span> <span class='ocrx_word' id='word_1_89' title='bbox 752 1228 940 1284; x_wconf 81' lang='grc' dir='ltr'>αἰτίων</span> <span class='ocrx_word' id='word_1_90' title='bbox 964 1227 1301 1297; x_wconf 76' lang='grc' dir='ltr'>ἅπορητικὰς</span> <span class='ocrx_word' id='word_1_91' title='bbox 1331 1225 1519 1289; x_wconf 71' lang='grc' dir='ltr'>λαϐὰς,</span> <span class='ocrx_word' id='word_1_92' title='bbox 1553 1224 1719 1294; x_wconf 83' lang='grc' dir='ltr'>μηδὲν</span> <span class='ocrx_word' id='word_1_93' title='bbox 1746 1225 1842 1292; x_wconf 75' lang='grc' dir='ltr'>μὲν</span> <span class='ocrx_word' id='word_1_94' title='bbox 1880 1223 2020 1294; x_wconf 86' lang='grc' dir='ltr'>μηδ-</span> 
     </span>
    </p>
   </div>
   <div class='ocr_carea' id='block_1_15' title="bbox 457 1311 2028 1387">
    <p class='ocr_par' dir='ltr' id='par_1_15' title="bbox 457 1311 2028 1387">
     <span class='ocr_line' id='line_1_15' title="bbox 457 1311 2028 1387; baseline -0.006 -14"><span class='ocrx_word' id='word_1_95' title='bbox 457 1322 575 1382; x_wconf 84' lang='grc' dir='ltr'>ενὸς</span> <span class='ocrx_word' id='word_1_96' title='bbox 605 1321 774 1373; x_wconf 86' lang='grc' dir='ltr'>αίτιον</span> <span class='ocrx_word' id='word_1_97' title='bbox 803 1319 1035 1380; x_wconf 77' lang='grc' dir='ltr'>ἐνδιδοὺς</span> <span class='ocrx_word' id='word_1_98' title='bbox 1056 1311 1218 1382; x_wconf 79' lang='grc' dir='ltr'>εἶναι,</span> <span class='ocrx_word' id='word_1_99' title='bbox 1247 1317 1556 1387; x_wconf 75' lang='grc' dir='ltr'>ὴπατῆσθαι</span> <span class='ocrx_word' id='word_1_100' title='bbox 1581 1315 1639 1367; x_wconf 79' lang='grc' dir='ltr'>δὲ</span> <span class='ocrx_word' id='word_1_101' title='bbox 1653 1316 1697 1346; x_wconf 74' lang='grc'><strong>⁸⁸</strong></span> <span class='ocrx_word' id='word_1_102' title='bbox 1717 1315 1840 1376; x_wconf 75' lang='grc' dir='ltr'>τοὺς</span> <span class='ocrx_word' id='word_1_103' title='bbox 1859 1315 2028 1366; x_wconf 73' lang='grc' dir='ltr'>αιτιο-</span> 
     </span>
    </p>
   </div>
   <div class='ocr_carea' id='block_1_16' title="bbox 457 1403 2026 1480">
    <p class='ocr_par' dir='ltr' id='par_1_16' title="bbox 457 1403 2026 1480">
     <span class='ocr_line' id='line_1_16' title="bbox 457 1403 2026 1480; baseline -0.004 -17"><span class='ocrx_word' id='word_1_104' title='bbox 457 1411 750 1480; x_wconf 80' lang='grc' dir='ltr'>λογοῦντας</span> <span class='ocrx_word' id='word_1_105' title='bbox 796 1410 1042 1478; x_wconf 77' lang='grc' dir='ltr'>φάσκων,</span> <span class='ocrx_word' id='word_1_106' title='bbox 1067 1409 1162 1461; x_wconf 77' lang='grc' dir='ltr'><strong>καὶ</strong></span> <span class='ocrx_word' id='word_1_107' title='bbox 1207 1409 1441 1478; x_wconf 86' lang='grc' dir='ltr'><strong>τρόπους</strong></span> <span class='ocrx_word' id='word_1_108' title='bbox 1496 1405 1744 1475; x_wconf 78' lang='grc' dir='ltr'><strong>ἀριθμῶν</strong></span> <span class='ocrx_word' id='word_1_109' title='bbox 1781 1405 1904 1457; x_wconf 82' lang='grc' dir='ltr'>καθ’</span> <span class='ocrx_word' id='word_1_110' title='bbox 1933 1403 2026 1467; x_wconf 82' lang='grc' dir='ltr'><strong>οὒς</strong></span> 
     </span>
    </p>
   </div>
   <div class='ocr_carea' id='block_1_17' title="bbox 457 1495 2026 1568">
    <p class='ocr_par' dir='ltr' id='par_1_17' title="bbox 457 1495 2026 1568">
     <span class='ocr_line' id='line_1_17' title="bbox 457 1495 2026 1568; baseline -0.005 -12"><span class='ocrx_word' id='word_1_111' title='bbox 457 1504 628 1558; x_wconf 75' lang='grc' dir='ltr'>οἴεται</span> <span class='ocrx_word' id='word_1_112' title='bbox 648 1503 844 1564; x_wconf 84' lang='grc' dir='ltr'>αὐτοὺς</span> <span class='ocrx_word' id='word_1_113' title='bbox 864 1503 1185 1568; x_wconf 76' lang='grc' dir='ltr'><strong>αἰτιολογεῖν</strong></span> <span class='ocrx_word' id='word_1_114' title='bbox 1221 1499 1562 1568; x_wconf 81' lang='grc' dir='ltr'><strong>ὑπαχθέντας</strong></span> <span class='ocrx_word' id='word_1_115' title='bbox 1597 1500 1676 1561; x_wconf 87' lang='grc' dir='ltr'><strong>είς</strong></span> <span class='ocrx_word' id='word_1_116' title='bbox 1705 1498 1805 1566; x_wconf 78' lang='grc' dir='ltr'>τὴν</span> <span class='ocrx_word' id='word_1_117' title='bbox 1837 1495 2026 1549; x_wconf 86' lang='grc' dir='ltr'>τοιαύ-</span> 
     </span>
    </p>
   </div>
   <div class='ocr_carea' id='block_1_18' title="bbox 457 1588 2030 1664">
    <p class='ocr_par' dir='ltr' id='par_1_18' title="bbox 457 1588 2030 1664">
     <span class='ocr_line' id='line_1_18' title="bbox 457 1588 2030 1664; baseline -0.003 -18"><span class='ocrx_word' id='word_1_118' title='bbox 457 1612 559 1664; x_wconf 90' lang='grc' dir='ltr'><strong>την</strong></span> <span class='ocrx_word' id='word_1_119' title='bbox 583 1592 997 1663; x_wconf 78' lang='grc' dir='ltr'><strong>περιενεχθῆναι</strong></span> <span class='ocrx_word' id='word_1_120' title='bbox 1022 1593 1249 1662; x_wconf 74' lang='grc' dir='ltr'>πλάνην.</span> <span class='ocrx_word' id='word_1_121' title='bbox 1283 1592 1393 1644; x_wconf 70' lang='grc' dir='ltr'><strong>Καὶ</strong></span> <span class='ocrx_word' id='word_1_122' title='bbox 1417 1593 1446 1644; x_wconf 85' lang='grc' dir='ltr'>ὁ</span> <span class='ocrx_word' id='word_1_123' title='bbox 1482 1597 1534 1656; x_wconf 84' lang='grc' dir='ltr'>ς’</span> <span class='ocrx_word' id='word_1_124' title='bbox 1556 1590 1613 1642; x_wconf 83' lang='grc' dir='ltr'>δὲ</span> <span class='ocrx_word' id='word_1_125' title='bbox 1643 1590 1712 1642; x_wconf 81' lang='grc' dir='ltr'>τὰ</span> <span class='ocrx_word' id='word_1_126' title='bbox 1735 1588 1913 1658; x_wconf 81' lang='grc' dir='ltr'>ἀγαθὰ</span> <span class='ocrx_word' id='word_1_127' title='bbox 1933 1588 2030 1642; x_wconf 73' lang='grc' dir='ltr'><strong>καὶ</strong></span> 
     </span>
    </p>
   </div>
   <div class='ocr_carea' id='block_1_19' title="bbox 459 1679 2026 1756">
    <p class='ocr_par' dir='ltr' id='par_1_19' title="bbox 459 1679 2026 1756">
     <span class='ocr_line' id='line_1_19' title="bbox 459 1679 2026 1756; baseline -0.003 -18"><span class='ocrx_word' id='word_1_128' title='bbox 459 1687 627 1747; x_wconf 74' lang='grc' dir='ltr'>κακὰ.</span> <span class='ocrx_word' id='word_1_129' title='bbox 662 1685 757 1739; x_wconf 76' lang='grc' dir='ltr'><strong>καὶ</strong></span> <span class='ocrx_word' id='word_1_130' title='bbox 795 1685 902 1756; x_wconf 85' lang='grc' dir='ltr'>μὴν</span> <span class='ocrx_word' id='word_1_131' title='bbox 926 1685 1020 1738; x_wconf 76' lang='grc' dir='ltr'><strong>καὶ</strong></span> <span class='ocrx_word' id='word_1_132' title='bbox 1057 1684 1124 1736; x_wconf 80' lang='grc' dir='ltr'>τὰ</span> <span class='ocrx_word' id='word_1_133' title='bbox 1172 1683 1366 1756; x_wconf 80' lang='grc' dir='ltr'>αἰρετᾶ</span> <span class='ocrx_word' id='word_1_134' title='bbox 1397 1683 1491 1734; x_wconf 80' lang='grc' dir='ltr'><strong>καὶ</strong></span> <span class='ocrx_word' id='word_1_135' title='bbox 1523 1681 1750 1750; x_wconf 77' lang='grc' dir='ltr'>φευκτὰ,</span> <span class='ocrx_word' id='word_1_136' title='bbox 1786 1679 1867 1734; x_wconf 77' lang='grc' dir='ltr'><strong>ἐτι</strong></span> <span class='ocrx_word' id='word_1_137' title='bbox 1897 1680 1955 1734; x_wconf 84' lang='grc' dir='ltr'>δὲ</span> <span class='ocrx_word' id='word_1_138' title='bbox 1981 1681 2026 1712; x_wconf 83' lang='grc'><strong>⁹⁹</strong></span> 
     </span>
    </p>
   </div>
   <div class='ocr_carea' id='block_1_20' title="bbox 2127 498 3700 566">
    <p class='ocr_par' dir='ltr' id='par_1_20' title="bbox 2127 498 3700 566">
     <span class='ocr_line' id='line_1_20' title="bbox 2127 498 3700 566; baseline 0.004 -17"><span class='ocrx_word' id='word_1_139' title='bbox 2127 498 2227 551; x_wconf 83' lang='lat' dir='ltr'><strong>hoc</strong></span> <span class='ocrx_word' id='word_1_140' title='bbox 2255 500 2431 566; x_wconf 78' lang='lat' dir='ltr'><strong>priore</strong></span> <span class='ocrx_word' id='word_1_141' title='bbox 2478 499 2615 550; x_wconf 85' lang='lat' dir='ltr'><strong>lihro</strong></span> <span class='ocrx_word' id='word_1_142' title='bbox 2672 498 2860 566; x_wconf 78' lang='lat' dir='ltr'><strong>paucis</strong></span> <span class='ocrx_word' id='word_1_143' title='bbox 2910 513 2972 552; x_wconf 82' lang='lat' dir='ltr'><strong>ac</strong></span> <span class='ocrx_word' id='word_1_144' title='bbox 3017 500 3328 553; x_wconf 78' lang='lat' dir='ltr'><strong>summatim</strong></span> <span class='ocrx_word' id='word_1_145' title='bbox 3379 502 3700 557; x_wconf 77' lang='lat' dir='ltr'><strong>traditurus.</strong></span> 
     </span>
    </p>
   </div>
   <div class='ocr_carea' id='block_1_21' title="bbox 2125 589 3704 660">
    <p class='ocr_par' dir='ltr' id='par_1_21' title="bbox 2125 589 3704 660">
     <span class='ocr_line' id='line_1_21' title="bbox 2125 589 3704 660; baseline 0.003 -18"><span class='ocrx_word' id='word_1_146' title='bbox 2125 589 2378 644; x_wconf 81' lang='lat' dir='ltr'><strong>Secundo</strong></span> <span class='ocrx_word' id='word_1_147' title='bbox 2406 589 2602 643; x_wconf 87' lang='lat' dir='ltr'><strong>deinde</strong></span> <span class='ocrx_word' id='word_1_148' title='bbox 2632 589 2769 641; x_wconf 86' lang='lat' dir='ltr'><strong>libro</strong></span> <span class='ocrx_word' id='word_1_149' title='bbox 2798 589 3106 658; x_wconf 72' lang='lat' dir='ltr'><strong>singulatim</strong></span> <span class='ocrx_word' id='word_1_150' title='bbox 3129 591 3266 659; x_wconf 85' lang='lat' dir='ltr'><strong>jam,</strong></span> <span class='ocrx_word' id='word_1_151' title='bbox 3305 607 3428 660; x_wconf 79' lang='lat' dir='ltr'><strong>qna-</strong></span> <span class='ocrx_word' id='word_1_152' title='bbox 3455 593 3704 647; x_wconf 76' lang='lat' dir='ltr'><strong>universe</strong></span> 
     </span>
    </p>
   </div>
   <div class='ocr_carea' id='block_1_22' title="bbox 2124 681 3702 754">
    <p class='ocr_par' dir='ltr' id='par_1_22' title="bbox 2124 681 3702 754">
     <span class='ocr_line' id='line_1_22' title="bbox 2124 681 3702 754; baseline 0.001 -20"><span class='ocrx_word' id='word_1_153' title='bbox 2124 682 2358 745; x_wconf 76' lang='lat' dir='ltr'><strong>dixerat,</strong></span> <span class='ocrx_word' id='word_1_154' title='bbox 2391 692 2622 735; x_wconf 75' lang='lat' dir='ltr'><strong>tractare</strong></span> <span class='ocrx_word' id='word_1_155' title='bbox 2647 682 2935 748; x_wconf 83' lang='lat' dir='ltr'><strong>incipiens,</strong></span> <span class='ocrx_word' id='word_1_156' title='bbox 2983 681 3048 735; x_wconf 90' lang='lat' dir='ltr'><strong>de</strong></span> <span class='ocrx_word' id='word_1_157' title='bbox 3071 683 3214 737; x_wconf 81' lang='lat' dir='ltr'><strong>ven’s</strong></span> <span class='ocrx_word' id='word_1_158' title='bbox 3239 691 3292 736; x_wconf 85' lang='lat' dir='ltr'><strong>et</strong></span> <span class='ocrx_word' id='word_1_159' title='bbox 3313 686 3492 737; x_wconf 81' lang='lat' dir='ltr'><strong>causis</strong></span> <span class='ocrx_word' id='word_1_160' title='bbox 3521 685 3702 754; x_wconf 85' lang='lat' dir='ltr'><strong>dispu-</strong></span> 
     </span>
    </p>
   </div>
   <div class='ocr_carea' id='block_1_23' title="bbox 2125 773 3704 848">
    <p class='ocr_par' dir='ltr' id='par_1_23' title="bbox 2125 773 3704 848">
     <span class='ocr_line' id='line_1_23' title="bbox 2125 773 3704 848; baseline 0.002 -19"><span class='ocrx_word' id='word_1_161' title='bbox 2125 786 2224 840; x_wconf 87' lang='lat' dir='ltr'><strong>tat,</strong></span> <span class='ocrx_word' id='word_1_162' title='bbox 2253 777 2426 844; x_wconf 74' lang='lat' dir='ltr'><strong>deque</strong></span> <span class='ocrx_word' id='word_1_163' title='bbox 2455 773 2860 838; x_wconf 58' lang='lat' dir='ltr'><strong>adactimiihns,</strong></span> <span class='ocrx_word' id='word_1_164' title='bbox 2920 777 2985 830; x_wconf 92' lang='lat' dir='ltr'><strong>de</strong></span> <span class='ocrx_word' id='word_1_165' title='bbox 3011 788 3158 829; x_wconf 81' lang='lat' dir='ltr'><strong>metu</strong></span> <span class='ocrx_word' id='word_1_166' title='bbox 3190 777 3338 840; x_wconf 82' lang='lat' dir='ltr'><strong>item,</strong></span> <span class='ocrx_word' id='word_1_167' title='bbox 3395 788 3449 832; x_wconf 91' lang='lat' dir='ltr'><strong>et</strong></span> <span class='ocrx_word' id='word_1_168' title='bbox 3475 791 3704 848; x_wconf 78' lang='lat' dir='ltr'><strong>genera-</strong></span> 
     </span>
    </p>
   </div>
   <div class='ocr_carea' id='block_1_24' title="bbox 2127 868 3704 937">
    <p class='ocr_par' dir='ltr' id='par_1_24' title="bbox 2127 868 3704 937">
     <span class='ocr_line' id='line_1_24' title="bbox 2127 868 3704 937; baseline 0.003 -17"><span class='ocrx_word' id='word_1_169' title='bbox 2127 869 2272 921; x_wconf 91' lang='lat' dir='ltr'><strong>tione</strong></span> <span class='ocrx_word' id='word_1_170' title='bbox 2303 881 2467 937; x_wconf 86' lang='lat' dir='ltr'><strong>atque</strong></span> <span class='ocrx_word' id='word_1_171' title='bbox 2515 868 2883 934; x_wconf 83' lang='lat' dir='ltr'><strong>corruptione,</strong></span> <span class='ocrx_word' id='word_1_172' title='bbox 2939 883 3002 921; x_wconf 87' lang='lat' dir='ltr'><strong>ac</strong></span> <span class='ocrx_word' id='word_1_173' title='bbox 3033 869 3098 922; x_wconf 88' lang='lat' dir='ltr'><strong>de</strong></span> <span class='ocrx_word' id='word_1_174' title='bbox 3153 869 3343 923; x_wconf 82' lang='lat' dir='ltr'><strong>horum</strong></span> <span class='ocrx_word' id='word_1_175' title='bbox 3390 870 3704 936; x_wconf 76' lang='lat' dir='ltr'><strong>contrariis,</strong></span> 
     </span>
    </p>
   </div>
   <div class='ocr_carea' id='block_1_25' title="bbox 2126 959 3710 1030">
    <p class='ocr_par' dir='ltr' id='par_1_25' title="bbox 2126 959 3710 1030">
     <span class='ocr_line' id='line_1_25' title="bbox 2126 959 3710 1030; baseline 0.003 -19"><span class='ocrx_word' id='word_1_176' title='bbox 2126 961 2389 1013; x_wconf 82' lang='lat' dir='ltr'><strong>adversus</strong></span> <span class='ocrx_word' id='word_1_177' title='bbox 2431 959 2547 1014; x_wconf 66' lang='lat' dir='ltr'><strong>haec</strong></span> <span class='ocrx_word' id='word_1_178' title='bbox 2599 960 2781 1013; x_wconf 74' lang='lat' dir='ltr'><strong>omnia</strong></span> <span class='ocrx_word' id='word_1_179' title='bbox 2831 959 2990 1013; x_wconf 84' lang='lat' dir='ltr'><strong>dubia</strong></span> <span class='ocrx_word' id='word_1_180' title='bbox 3035 959 3123 1012; x_wconf 90' lang='lat' dir='ltr'><strong>illa</strong></span> <span class='ocrx_word' id='word_1_181' title='bbox 3171 975 3293 1016; x_wconf 87' lang='lat' dir='ltr'><strong>esse</strong></span> <span class='ocrx_word' id='word_1_182' title='bbox 3321 972 3481 1030; x_wconf 85' lang='lat' dir='ltr'><strong>atque</strong></span> <span class='ocrx_word' id='word_1_183' title='bbox 3512 963 3710 1017; x_wconf 79' lang='lat' dir='ltr'><strong>incarn-</strong></span> 
     </span>
    </p>
   </div>
   <div class='ocr_carea' id='block_1_26' title="bbox 2129 1049 3709 1119">
    <p class='ocr_par' dir='ltr' id='par_1_26' title="bbox 2129 1049 3709 1119">
     <span class='ocr_line' id='line_1_26' title="bbox 2129 1049 3709 1119; baseline 0.003 -16"><span class='ocrx_word' id='word_1_184' title='bbox 2129 1049 2546 1118; x_wconf 80' lang='lat' dir='ltr'><strong>prehensibilia,</strong></span> <span class='ocrx_word' id='word_1_185' title='bbox 2597 1049 2810 1114; x_wconf 75' lang='lat' dir='ltr'><strong>validis,</strong></span> <span class='ocrx_word' id='word_1_186' title='bbox 2863 1059 2922 1103; x_wconf 84' lang='grc' dir='ltr'><strong>ιιι</strong></span> <span class='ocrx_word' id='word_1_187' title='bbox 2971 1059 3143 1119; x_wconf 81' lang='lat' dir='ltr'><strong>pntat,</strong></span> <span class='ocrx_word' id='word_1_188' title='bbox 3205 1051 3709 1108; x_wconf 83' lang='lat' dir='ltr'><strong>ratiocinationibus</strong></span> 
     </span>
    </p>
   </div>
   <div class='ocr_carea' id='block_1_27' title="bbox 2128 1139 3708 1210">
    <p class='ocr_par' dir='ltr' id='par_1_27' title="bbox 2128 1139 3708 1210">
     <span class='ocr_line' id='line_1_27' title="bbox 2128 1139 3708 1210; baseline 0.002 -15"><span class='ocrx_word' id='word_1_189' title='bbox 2128 1151 2252 1196; x_wconf 91' lang='lat' dir='ltr'><strong>ante</strong></span> <span class='ocrx_word' id='word_1_190' title='bbox 2279 1141 2466 1195; x_wconf 89' lang='lat' dir='ltr'><strong>oeulos</strong></span> <span class='ocrx_word' id='word_1_191' title='bbox 2493 1157 2716 1208; x_wconf 86' lang='lat' dir='ltr'><strong>ponens.</strong></span> <span class='ocrx_word' id='word_1_192' title='bbox 2760 1139 2990 1195; x_wconf 85' lang='lat' dir='ltr'><strong>Tertius</strong></span> <span class='ocrx_word' id='word_1_193' title='bbox 3018 1145 3261 1210; x_wconf 71' lang='lat' dir='ltr'><strong>posthaec</strong></span> <span class='ocrx_word' id='word_1_194' title='bbox 3292 1144 3430 1197; x_wconf 81' lang='lat' dir='ltr'><strong>liber</strong></span> <span class='ocrx_word' id='word_1_195' title='bbox 3451 1143 3519 1198; x_wconf 89' lang='lat' dir='ltr'><strong>de</strong></span> <span class='ocrx_word' id='word_1_196' title='bbox 3561 1152 3708 1198; x_wconf 91' lang='lat' dir='ltr'><strong>motu</strong></span> 
     </span>
    </p>
   </div>
   <div class='ocr_carea' id='block_1_28' title="bbox 2127 1233 3710 1301">
    <p class='ocr_par' dir='ltr' id='par_1_28' title="bbox 2127 1233 3710 1301">
     <span class='ocr_line' id='line_1_28' title="bbox 2127 1233 3710 1301; baseline 0.001 -15"><span class='ocrx_word' id='word_1_197' title='bbox 2127 1241 2182 1286; x_wconf 85' lang='lat' dir='ltr'><strong>et</strong></span> <span class='ocrx_word' id='word_1_198' title='bbox 2211 1247 2399 1294; x_wconf 78' lang='lat' dir='ltr'><strong>sensu,</strong></span> <span class='ocrx_word' id='word_1_199' title='bbox 2436 1247 2732 1299; x_wconf 82' lang='lat' dir='ltr'><strong>eorumque</strong></span> <span class='ocrx_word' id='word_1_200' title='bbox 2762 1233 3211 1301; x_wconf 82' lang='lat' dir='ltr'><strong>praprietatihus,</strong></span> <span class='ocrx_word' id='word_1_201' title='bbox 3255 1234 3459 1288; x_wconf 75' lang='lat' dir='ltr'><strong>similes</strong></span> <span class='ocrx_word' id='word_1_202' title='bbox 3495 1246 3710 1288; x_wconf 87' lang='lat' dir='ltr'><strong>contra-</strong></span> 
     </span>
    </p>
   </div>
   <div class='ocr_carea' id='block_1_29' title="bbox 2127 1323 3712 1394">
    <p class='ocr_par' dir='ltr' id='par_1_29' title="bbox 2127 1323 3712 1394">
     <span class='ocr_line' id='line_1_29' title="bbox 2127 1323 3712 1394; baseline 0.004 -20"><span class='ocrx_word' id='word_1_203' title='bbox 2127 1325 2395 1378; x_wconf 74' lang='lat' dir='ltr'><strong>dictiones</strong></span> <span class='ocrx_word' id='word_1_204' title='bbox 2434 1323 2705 1378; x_wconf 84' lang='lat' dir='ltr'><strong>curiosius</strong></span> <span class='ocrx_word' id='word_1_205' title='bbox 2752 1324 3152 1393; x_wconf 75' lang='lat' dir='ltr'><strong>investigando,</strong></span> <span class='ocrx_word' id='word_1_206' title='bbox 3205 1327 3272 1379; x_wconf 89' lang='lat' dir='ltr'><strong>ad</strong></span> <span class='ocrx_word' id='word_1_207' title='bbox 3306 1341 3369 1379; x_wconf 87' lang='lat' dir='ltr'><strong>ea</strong></span> <span class='ocrx_word' id='word_1_208' title='bbox 3399 1341 3520 1394; x_wconf 57' lang='lat' dir='ltr'><strong>quas</strong></span> <span class='ocrx_word' id='word_1_209' title='bbox 3553 1341 3712 1380; x_wconf 89' lang='lat' dir='ltr'><strong>nemo</strong></span> 
     </span>
    </p>
   </div>
   <div class='ocr_carea' id='block_1_30' title="bbox 2131 1415 3714 1485">
    <p class='ocr_par' dir='ltr' id='par_1_30' title="bbox 2131 1415 3714 1485">
     <span class='ocr_line' id='line_1_30' title="bbox 2131 1415 3714 1485; baseline 0.001 -16"><span class='ocrx_word' id='word_1_210' title='bbox 2131 1417 2343 1485; x_wconf 84' lang='lat' dir='ltr'><strong>assequi</strong></span> <span class='ocrx_word' id='word_1_211' title='bbox 2370 1426 2465 1470; x_wconf 83' lang='lat' dir='ltr'><strong>nul</strong></span> <span class='ocrx_word' id='word_1_212' title='bbox 2495 1417 2952 1484; x_wconf 77' lang='lat' dir='ltr'><strong>comprehendere</strong></span> <span class='ocrx_word' id='word_1_213' title='bbox 2979 1415 3168 1483; x_wconf 77' lang='lat' dir='ltr'><strong>possit,</strong></span> <span class='ocrx_word' id='word_1_214' title='bbox 3189 1416 3303 1470; x_wconf 73' lang='lat' dir='ltr'><strong>haec</strong></span> <span class='ocrx_word' id='word_1_215' title='bbox 3326 1431 3539 1484; x_wconf 88' lang='lat' dir='ltr'><strong>quoque</strong></span> <span class='ocrx_word' id='word_1_216' title='bbox 3569 1417 3714 1470; x_wconf 86' lang='lat' dir='ltr'><strong>abri-</strong></span> 
     </span>
    </p>
   </div>
   <div class='ocr_carea' id='block_1_31' title="bbox 2129 1507 3714 1579">
    <p class='ocr_par' dir='ltr' id='par_1_31' title="bbox 2129 1507 3714 1579">
     <span class='ocr_line' id='line_1_31' title="bbox 2129 1507 3714 1579; baseline 0.002 -20"><span class='ocrx_word' id='word_1_217' title='bbox 2129 1523 2256 1579; x_wconf 80' lang='lat' dir='ltr'><strong>pere</strong></span> <span class='ocrx_word' id='word_1_218' title='bbox 2290 1518 2535 1561; x_wconf 79' lang='lat' dir='ltr'><strong>conatur.</strong></span> <span class='ocrx_word' id='word_1_219' title='bbox 2598 1509 2807 1572; x_wconf 83' lang='lat' dir='ltr'><strong>Quarto</strong></span> <span class='ocrx_word' id='word_1_220' title='bbox 2832 1517 3010 1560; x_wconf 81' lang='lat' dir='ltr'><strong>autem</strong></span> <span class='ocrx_word' id='word_1_221' title='bbox 3047 1507 3184 1559; x_wconf 87' lang='lat' dir='ltr'><strong>Iihro</strong></span> <span class='ocrx_word' id='word_1_222' title='bbox 3221 1508 3374 1577; x_wconf 75' lang='lat' dir='ltr'><strong>signa</strong></span> <span class='ocrx_word' id='word_1_223' title='bbox 3405 1522 3582 1562; x_wconf 86' lang='lat' dir='ltr'><strong>rerum</strong></span> <span class='ocrx_word' id='word_1_224' title='bbox 3613 1507 3714 1562; x_wconf 82' lang='lat' dir='ltr'><strong>ob-</strong></span> 
     </span>
    </p>
   </div>
   <div class='ocr_carea' id='block_1_32' title="bbox 2127 1595 3718 1669">
    <p class='ocr_par' dir='ltr' id='par_1_32' title="bbox 2127 1595 3718 1669">
     <span class='ocr_line' id='line_1_32' title="bbox 2127 1595 3718 1669; baseline -0.003 -14"><span class='ocrx_word' id='word_1_225' title='bbox 2127 1616 2430 1663; x_wconf 83' lang='lat' dir='ltr'><strong>scurarutn,</strong></span> <span class='ocrx_word' id='word_1_226' title='bbox 2453 1614 2574 1669; x_wconf 61' lang='lat' dir='ltr'><strong>qua</strong></span> <span class='ocrx_word' id='word_1_227' title='bbox 2607 1615 2704 1654; x_wconf 90' lang='lat' dir='ltr'><strong>nos</strong></span> <span class='ocrx_word' id='word_1_228' title='bbox 2747 1599 3064 1652; x_wconf 79' lang='lat' dir='ltr'><strong>manifestas</strong></span> <span class='ocrx_word' id='word_1_229' title='bbox 3106 1599 3265 1652; x_wconf 86' lang='lat' dir='ltr'><strong>hasce</strong></span> <span class='ocrx_word' id='word_1_230' title='bbox 3297 1613 3387 1652; x_wconf 85' lang='lat' dir='ltr'><strong>res</strong></span> <span class='ocrx_word' id='word_1_231' title='bbox 3427 1612 3547 1651; x_wconf 80' lang='lat' dir='ltr'><strong>esse</strong></span> <span class='ocrx_word' id='word_1_232' title='bbox 3583 1595 3718 1651; x_wconf 86' lang='lat' dir='ltr'><strong>dici-</strong></span> 
     </span>
    </p>
   </div>
   <div class='ocr_carea' id='block_1_33' title="bbox 2133 1685 3716 1758">
    <p class='ocr_par' dir='ltr' id='par_1_33' title="bbox 2133 1685 3716 1758">
     <span class='ocr_line' id='line_1_33' title="bbox 2133 1685 3716 1758; baseline -0.003 -14"><span class='ocrx_word' id='word_1_233' title='bbox 2133 1707 2278 1753; x_wconf 89' lang='lat' dir='ltr'><strong>mus,</strong></span> <span class='ocrx_word' id='word_1_234' title='bbox 2329 1705 2396 1743; x_wconf 92' lang='lat' dir='ltr'><strong>ne</strong></span> <span class='ocrx_word' id='word_1_235' title='bbox 2441 1704 2562 1745; x_wconf 88' lang='lat' dir='ltr'><strong>esse</strong></span> <span class='ocrx_word' id='word_1_236' title='bbox 2610 1691 2826 1758; x_wconf 84' lang='lat' dir='ltr'><strong>quidem</strong></span> <span class='ocrx_word' id='word_1_237' title='bbox 2877 1691 3032 1745; x_wconf 82' lang='lat' dir='ltr'><strong>vult:</strong></span> <span class='ocrx_word' id='word_1_238' title='bbox 3064 1689 3157 1744; x_wconf 85' lang='lat' dir='ltr'><strong>sed</strong></span> <span class='ocrx_word' id='word_1_239' title='bbox 3206 1688 3380 1757; x_wconf 81' lang='lat' dir='ltr'><strong>decipi</strong></span> <span class='ocrx_word' id='word_1_240' title='bbox 3411 1685 3716 1758; x_wconf 74' lang='lat' dir='ltr'><strong>inaniaﬂe—</strong></span> 
     </span>
    </p>
   </div>
   <div class='ocr_carea' id='block_1_34' title="bbox 460 1748 2038 1852">
    <p class='ocr_par' dir='ltr' id='par_1_34' title="bbox 460 1775 2030 1847">
     <span class='ocr_line' id='line_1_34' title="bbox 460 1775 2030 1847; baseline -0.001 -17"><span class='ocrx_word' id='word_1_241' title='bbox 460 1776 850 1846; x_wconf 80' lang='grc' dir='ltr'>προηγούμενὰ</span> <span class='ocrx_word' id='word_1_242' title='bbox 872 1794 930 1829; x_wconf 88' lang='grc' dir='ltr'><strong>τε</strong></span> <span class='ocrx_word' id='word_1_243' title='bbox 961 1777 1055 1830; x_wconf 73' lang='grc' dir='ltr'><strong>καὶ</strong></span> <span class='ocrx_word' id='word_1_244' title='bbox 1082 1776 1597 1847; x_wconf 75' lang='grc' dir='ltr'>ἀποπροηγούμενα,</span> <span class='ocrx_word' id='word_1_245' title='bbox 1632 1778 1711 1837; x_wconf 80' lang='grc' dir='ltr'>εἰς</span> <span class='ocrx_word' id='word_1_246' title='bbox 1736 1775 1833 1837; x_wconf 75' lang='grc' dir='ltr'>τὰς</span> <span class='ocrx_word' id='word_1_247' title='bbox 1858 1775 2030 1838; x_wconf 73' lang='grc' dir='ltr'>αὑτὰς</span> 
     </span>
    </p>
   </div>
   <div class='ocr_carea' id='block_1_35' title="bbox 2141 1748 3717 1852">
    <p class='ocr_par' dir='ltr' id='par_1_35' title="bbox 2141 1755 3717 1852">
     <span class='ocr_line' id='line_1_35' title="bbox 2141 1755 3717 1852; baseline -0.005 -14"><span class='ocrx_word' id='word_1_248' title='bbox 2141 1785 2310 1838; x_wconf 75' lang='lat' dir='ltr'><strong>ctione</strong></span> <span class='ocrx_word' id='word_1_249' title='bbox 2350 1798 2443 1837; x_wconf 81' lang='lat' dir='ltr'><strong>eos</strong></span> <span class='ocrx_word' id='word_1_250' title='bbox 2481 1783 2572 1852; x_wconf 86' lang='lat' dir='ltr'><strong>qui</strong></span> <span class='ocrx_word' id='word_1_251' title='bbox 2607 1783 2724 1838; x_wconf 54' lang='lat' dir='ltr'><strong>haec</strong></span> <span class='ocrx_word' id='word_1_252' title='bbox 2755 1783 3067 1850; x_wconf 84' lang='lat' dir='ltr'><strong>opinentur.</strong></span> <span class='ocrx_word' id='word_1_253' title='bbox 3135 1780 3315 1834; x_wconf 78' lang='lat' dir='ltr'><strong>Movet</strong></span> <span class='ocrx_word' id='word_1_254' title='bbox 3371 1789 3427 1833; x_wconf 77' lang='lat' dir='ltr'><strong>et</strong></span> <span class='ocrx_word' id='word_1_255' title='bbox 3457 1796 3520 1833; x_wconf 69' lang='lat' dir='ltr'><strong>ex</strong></span> <span class='ocrx_word' id='word_1_256' title='bbox 3569 1755 3717 1833; x_wconf 82' lang='lat' dir='ltr'><strong>more</strong></span> 
     </span>
    </p>
   </div>
   <div class='ocr_carea' id='block_1_36' title="bbox 460 1865 2028 1937">
    <p class='ocr_par' dir='ltr' id='par_1_36' title="bbox 460 1865 2028 1937">
     <span class='ocr_line' id='line_1_36' title="bbox 460 1865 2028 1937; baseline 0 -19"><span class='ocrx_word' id='word_1_257' title='bbox 460 1866 771 1937; x_wconf 78' lang='grc' dir='ltr'>ἐρεσχελίας</span> <span class='ocrx_word' id='word_1_258' title='bbox 796 1866 1020 1935; x_wconf 80' lang='grc' dir='ltr'>ἄγει,τό</span> <span class='ocrx_word' id='word_1_259' title='bbox 1040 1884 1103 1934; x_wconf 87' lang='grc' dir='ltr'><strong>γε</strong></span> <span class='ocrx_word' id='word_1_260' title='bbox 1127 1867 1214 1919; x_wconf 73' lang='grc' dir='ltr'><strong>ἐπ’</strong></span> <span class='ocrx_word' id='word_1_261' title='bbox 1236 1865 1386 1936; x_wconf 85' lang='grc' dir='ltr'>αύτῷ</span> <span class='ocrx_word' id='word_1_262' title='bbox 1419 1867 1514 1918; x_wconf 75' lang='grc' dir='ltr'><strong>καὶ</strong></span> <span class='ocrx_word' id='word_1_263' title='bbox 1538 1865 1708 1918; x_wconf 81' lang='grc' dir='ltr'>ταῦτα</span> <span class='ocrx_word' id='word_1_264' title='bbox 1727 1865 1826 1934; x_wconf 84' lang='grc' dir='ltr'><strong>τῆς</strong></span> <span class='ocrx_word' id='word_1_265' title='bbox 1860 1882 2028 1919; x_wconf 88' lang='grc' dir='ltr'>κατα-</span> 
     </span>
    </p>
   </div>
   <div class='ocr_carea' id='block_1_37' title="bbox 459 1956 2030 2030">
    <p class='ocr_par' dir='ltr' id='par_1_37' title="bbox 459 1956 2030 2030">
     <span class='ocr_line' id='line_1_37' title="bbox 459 1956 2030 2030; baseline 0.002 -22"><span class='ocrx_word' id='word_1_266' title='bbox 459 1956 671 2028; x_wconf 84' lang='grc' dir='ltr'>λήψεως</span> <span class='ocrx_word' id='word_1_267' title='bbox 699 1957 856 2030; x_wconf 61' lang='grc' dir='ltr'><strong>⁴ἡμῶν</strong></span> <span class='ocrx_word' id='word_1_268' title='bbox 884 1961 977 2011; x_wconf 77' lang='grc' dir='ltr'><strong>καὶ</strong></span> <span class='ocrx_word' id='word_1_269' title='bbox 1000 1958 1252 2028; x_wconf 87' lang='grc' dir='ltr'>γνώσεως</span> <span class='ocrx_word' id='word_1_270' title='bbox 1281 1957 1608 2012; x_wconf 82' lang='grc' dir='ltr'>ἀποκλείων.</span> <span class='ocrx_word' id='word_1_271' title='bbox 1637 1957 1740 2010; x_wconf 79' lang='grc' dir='ltr'>Τὸν</span> <span class='ocrx_word' id='word_1_272' title='bbox 1772 1958 1953 2028; x_wconf 87' lang='grc' dir='ltr'>μέντοι</span> <span class='ocrx_word' id='word_1_273' title='bbox 1987 1957 2030 2022; x_wconf 79' lang='grc' dir='ltr'><strong>ζ’</strong></span> 
     </span>
    </p>
   </div>
   <div class='ocr_carea' id='block_1_38' title="bbox 461 2048 2030 2120">
    <p class='ocr_par' dir='ltr' id='par_1_38' title="bbox 461 2048 2030 2120">
     <span class='ocr_line' id='line_1_38' title="bbox 461 2048 2030 2120; baseline 0.001 -19"><span class='ocrx_word' id='word_1_274' title='bbox 461 2051 601 2103; x_wconf 67' lang='grc' dir='ltr'>κατὰ</span> <span class='ocrx_word' id='word_1_275' title='bbox 630 2050 738 2102; x_wconf 82' lang='grc' dir='ltr'><strong>τῶν</strong></span> <span class='ocrx_word' id='word_1_276' title='bbox 778 2049 987 2120; x_wconf 84' lang='grc' dir='ltr'>ἀρετῶν</span> <span class='ocrx_word' id='word_1_277' title='bbox 1042 2048 1274 2114; x_wconf 78' lang='grc' dir='ltr'>ὁπλίζει,</span> <span class='ocrx_word' id='word_1_278' title='bbox 1307 2049 1562 2118; x_wconf 80' lang='grc' dir='ltr'>διακενῆς</span> <span class='ocrx_word' id='word_1_279' title='bbox 1591 2049 1763 2116; x_wconf 86' lang='grc' dir='ltr'>λέγων</span> <span class='ocrx_word' id='word_1_280' title='bbox 1790 2051 1916 2112; x_wconf 79' lang='grc' dir='ltr'>τοὺς</span> <span class='ocrx_word' id='word_1_281' title='bbox 1938 2067 2030 2116; x_wconf 79' lang='grc' dir='ltr'>φι-</span> 
     </span>
    </p>
   </div>
   <div class='ocr_carea' id='block_1_39' title="bbox 459 2140 2032 2211">
    <p class='ocr_par' dir='ltr' id='par_1_39' title="bbox 459 2140 2032 2211">
     <span class='ocr_line' id='line_1_39' title="bbox 459 2140 2032 2211; baseline -0.001 -17"><span class='ocrx_word' id='word_1_282' title='bbox 459 2141 818 2209; x_wconf 81' lang='grc' dir='ltr'>λοσοφοῦντας</span> <span class='ocrx_word' id='word_1_283' title='bbox 849 2143 864 2172; x_wconf 86' lang='grc'>¹</span> <span class='ocrx_word' id='word_1_284' title='bbox 898 2143 1026 2211; x_wconf 76' lang='grc' dir='ltr'>περὶ</span> <span class='ocrx_word' id='word_1_285' title='bbox 1050 2141 1228 2196; x_wconf 81' lang='grc' dir='ltr'>αὐτῶν</span> <span class='ocrx_word' id='word_1_286' title='bbox 1246 2140 1554 2196; x_wconf 79' lang='grc' dir='ltr'>ἀναπλάσαι</span> <span class='ocrx_word' id='word_1_287' title='bbox 1575 2140 1752 2206; x_wconf 77' lang='grc' dir='ltr'>δόξας,</span> <span class='ocrx_word' id='word_1_288' title='bbox 1783 2141 1879 2192; x_wconf 75' lang='grc' dir='ltr'>καὶ</span> <span class='ocrx_word' id='word_1_289' title='bbox 1905 2140 2032 2193; x_wconf 77' lang='grc' dir='ltr'><strong>ἑαυ-</strong></span> 
     </span>
    </p>
   </div>
   <div class='ocr_carea' id='block_1_40' title="bbox 461 2231 2038 2303">
    <p class='ocr_par' dir='ltr' id='par_1_40' title="bbox 461 2231 2038 2303">
     <span class='ocr_line' id='line_1_40' title="bbox 461 2231 2038 2303; baseline 0 -18"><span class='ocrx_word' id='word_1_290' title='bbox 461 2233 589 2296; x_wconf 79' lang='grc' dir='ltr'>τοὺς</span> <span class='ocrx_word' id='word_1_291' title='bbox 617 2235 638 2265; x_wconf 83' lang='grc'><strong><em>²</em></strong></span> <span class='ocrx_word' id='word_1_292' title='bbox 664 2233 1050 2286; x_wconf 75' lang='grc' dir='ltr'>ἀποϐουκολεῖν</span> <span class='ocrx_word' id='word_1_293' title='bbox 1075 2233 1096 2264; x_wconf 91' lang='grc'><strong><em>³</em></strong></span> <span class='ocrx_word' id='word_1_294' title='bbox 1124 2231 1200 2296; x_wconf 86' lang='grc' dir='ltr'><strong>ὡς</strong></span> <span class='ocrx_word' id='word_1_295' title='bbox 1216 2233 1297 2295; x_wconf 88' lang='grc' dir='ltr'><strong>είς</strong></span> <span class='ocrx_word' id='word_1_296' title='bbox 1325 2233 1427 2303; x_wconf 80' lang='grc' dir='ltr'>τὴν</span> <span class='ocrx_word' id='word_1_297' title='bbox 1451 2233 1657 2285; x_wconf 90' lang='grc' dir='ltr'>τούτων</span> <span class='ocrx_word' id='word_1_298' title='bbox 1673 2231 1864 2302; x_wconf 78' lang='grc' dir='ltr'>εἴησαν</span> <span class='ocrx_word' id='word_1_299' title='bbox 1895 2232 2038 2302; x_wconf 80' lang='grc' dir='ltr'>πρᾶο</span> 
     </span>
    </p>
   </div>
   <div class='ocr_carea' id='block_1_41' title="bbox 462 2322 2036 2394">
    <p class='ocr_par' dir='ltr' id='par_1_41' title="bbox 462 2322 2036 2394">
     <span class='ocr_line' id='line_1_41' title="bbox 462 2322 2036 2394; baseline -0.001 -18"><span class='ocrx_word' id='word_1_300' title='bbox 462 2324 545 2388; x_wconf 80' lang='grc' dir='ltr'><strong>ξίν</strong></span> <span class='ocrx_word' id='word_1_301' title='bbox 574 2340 635 2376; x_wconf 90' lang='grc' dir='ltr'><strong>τε</strong></span> <span class='ocrx_word' id='word_1_302' title='bbox 665 2323 760 2378; x_wconf 76' lang='grc' dir='ltr'><strong>καὶ</strong></span> <span class='ocrx_word' id='word_1_303' title='bbox 792 2323 1029 2393; x_wconf 79' lang='grc' dir='ltr'>Θεωρίαν</span> <span class='ocrx_word' id='word_1_304' title='bbox 1051 2323 1362 2394; x_wconf 80' lang='grc' dir='ltr'>ἀφιγμένοι.</span> <span class='ocrx_word' id='word_1_305' title='bbox 1427 2323 1486 2378; x_wconf 90' lang='lat'><strong>&#39;0</strong></span> <span class='ocrx_word' id='word_1_306' title='bbox 1509 2323 1553 2376; x_wconf 78' lang='grc' dir='ltr'>δ’</span> <span class='ocrx_word' id='word_1_307' title='bbox 1595 2324 1688 2376; x_wconf 74' lang='grc' dir='ltr'><strong>ἐπὶ</strong></span> <span class='ocrx_word' id='word_1_308' title='bbox 1718 2324 1851 2376; x_wconf 78' lang='grc' dir='ltr'>πᾶσι</span> <span class='ocrx_word' id='word_1_309' title='bbox 1882 2322 1904 2354; x_wconf 71' lang='grc'><strong>⁸</strong></span> <span class='ocrx_word' id='word_1_310' title='bbox 1941 2323 2036 2375; x_wconf 82' lang='grc' dir='ltr'><strong>καὶ</strong></span> 
     </span>
    </p>
   </div>
   <div class='ocr_carea' id='block_1_42' title="bbox 458 2413 2035 2485">
    <p class='ocr_par' dir='ltr' id='par_1_42' title="bbox 458 2413 2035 2485">
     <span class='ocr_line' id='line_1_42' title="bbox 458 2413 2035 2485; baseline -0.001 -17"><span class='ocrx_word' id='word_1_311' title='bbox 458 2421 510 2483; x_wconf 86' lang='grc' dir='ltr'>η’</span> <span class='ocrx_word' id='word_1_312' title='bbox 544 2416 684 2469; x_wconf 77' lang='grc' dir='ltr'>κατὰ</span> <span class='ocrx_word' id='word_1_313' title='bbox 710 2413 802 2468; x_wconf 80' lang='grc' dir='ltr'>τοῦ</span> <span class='ocrx_word' id='word_1_314' title='bbox 833 2415 1022 2480; x_wconf 79' lang='grc' dir='ltr'>τέλους</span> <span class='ocrx_word' id='word_1_315' title='bbox 1047 2416 1344 2480; x_wconf 74' lang='grc' dir='ltr'>ἱνίσταται,</span> <span class='ocrx_word' id='word_1_316' title='bbox 1386 2415 1524 2485; x_wconf 79' lang='grc' dir='ltr'>μήτε</span> <span class='ocrx_word' id='word_1_317' title='bbox 1551 2414 1652 2484; x_wconf 77' lang='grc' dir='ltr'>τὴν</span> <span class='ocrx_word' id='word_1_318' title='bbox 1687 2413 2035 2484; x_wconf 81' lang='grc' dir='ltr'>εὐδαιμονίαν</span> 
     </span>
    </p>
   </div>
   <div class='ocr_carea' id='block_1_43' title="bbox 463 2504 2032 2578">
    <p class='ocr_par' dir='ltr' id='par_1_43' title="bbox 463 2504 2032 2578">
     <span class='ocr_line' id='line_1_43' title="bbox 463 2504 2032 2578; baseline 0.002 -4"><span class='ocrx_word' id='word_1_319' title='bbox 463 2507 604 2575; x_wconf 75' lang='grc' dir='ltr'>μήτε</span> <span class='ocrx_word' id='word_1_320' title='bbox 665 2505 762 2578; x_wconf 73' lang='grc' dir='ltr'>τὴν</span> <span class='ocrx_word' id='word_1_321' title='bbox 801 2507 994 2578; x_wconf 66' lang='grc' dir='ltr'>ἡδονὴν</span> <span class='ocrx_word' id='word_1_322' title='bbox 1055 2508 1192 2578; x_wconf 77' lang='grc' dir='ltr'><strong>μήτε</strong></span> <span class='ocrx_word' id='word_1_323' title='bbox 1249 2508 1351 2578; x_wconf 78' lang='grc' dir='ltr'>τὴν</span> <span class='ocrx_word' id='word_1_324' title='bbox 1399 2506 1662 2578; x_wconf 69' lang='grc' dir='ltr'>φρόνηεειν</span> <span class='ocrx_word' id='word_1_325' title='bbox 1720 2505 1848 2576; x_wconf 71' lang='grc' dir='ltr'><strong>μήτ’</strong></span> <span class='ocrx_word' id='word_1_326' title='bbox 1902 2504 2032 2561; x_wconf 75' lang='grc' dir='ltr'>ἀλλο</span> 
     </span>
    </p>
   </div>
   <div class='ocr_carea' id='block_1_44' title="bbox 460 2592 2036 2671">
    <p class='ocr_par' dir='ltr' id='par_1_44' title="bbox 460 2592 2036 2671">
     <span class='ocr_line' id='line_1_44' title="bbox 460 2592 2036 2671; baseline -0.001 -20"><span class='ocrx_word' id='word_1_327' title='bbox 460 2615 515 2652; x_wconf 87' lang='grc' dir='ltr'><strong>τι</strong></span> <span class='ocrx_word' id='word_1_328' title='bbox 543 2593 692 2663; x_wconf 82' lang='grc' dir='ltr'>τέλος</span> <span class='ocrx_word' id='word_1_329' title='bbox 716 2598 1006 2671; x_wconf 73' lang='grc' dir='ltr'>ἑπιχωρῶν</span> <span class='ocrx_word' id='word_1_330' title='bbox 1041 2592 1201 2661; x_wconf 74' lang='grc' dir='ltr'>εἶναι.</span> <span class='ocrx_word' id='word_1_331' title='bbox 1224 2599 1361 2670; x_wconf 81' lang='grc' dir='ltr'>ὅπερ</span> <span class='ocrx_word' id='word_1_332' title='bbox 1383 2599 1448 2650; x_wconf 79' lang='grc' dir='ltr'><strong>ἄν</strong></span> <span class='ocrx_word' id='word_1_333' title='bbox 1476 2615 1558 2661; x_wconf 91' lang='grc' dir='ltr'><strong>τις</strong></span> <span class='ocrx_word' id='word_1_334' title='bbox 1586 2598 1695 2650; x_wconf 85' lang='grc' dir='ltr'><strong>τῶν</strong></span> <span class='ocrx_word' id='word_1_335' title='bbox 1721 2596 1862 2653; x_wconf 75' lang='grc' dir='ltr'>κατὰ</span> <span class='ocrx_word' id='word_1_336' title='bbox 1892 2599 2036 2668; x_wconf 89' lang='grc' dir='ltr'>φιλο-</span> 
     </span>
    </p>
   </div>
   <div class='ocr_carea' id='block_1_45' title="bbox 463 2684 2034 2759">
    <p class='ocr_par' dir='ltr' id='par_1_45' title="bbox 463 2684 2034 2759">
     <span class='ocr_line' id='line_1_45' title="bbox 463 2684 2034 2759; baseline 0.001 -18"><span class='ocrx_word' id='word_1_337' title='bbox 463 2691 656 2759; x_wconf 86' lang='grc' dir='ltr'>σοφίαν</span> <span class='ocrx_word' id='word_1_338' title='bbox 673 2690 936 2759; x_wconf 79' lang='grc' dir='ltr'>αἱρέσεων</span> <span class='ocrx_word' id='word_1_339' title='bbox 953 2688 1218 2754; x_wconf 74' lang='grc' dir='ltr'>δοξάσειν,</span> <span class='ocrx_word' id='word_1_340' title='bbox 1243 2689 1356 2743; x_wconf 77' lang='grc' dir='ltr'>ἀλλ’</span> <span class='ocrx_word' id='word_1_341' title='bbox 1378 2688 1564 2752; x_wconf 82' lang='grc' dir='ltr'>ἅπλῶς</span> <span class='ocrx_word' id='word_1_342' title='bbox 1590 2689 1692 2742; x_wconf 83' lang='grc' dir='ltr'><strong>οὐκ</strong></span> <span class='ocrx_word' id='word_1_343' title='bbox 1713 2684 1854 2742; x_wconf 77' lang='grc' dir='ltr'>εἶναι</span> <span class='ocrx_word' id='word_1_344' title='bbox 1881 2688 2034 2754; x_wconf 87' lang='grc' dir='ltr'>τέλος</span> 
     </span>
    </p>
   </div>
   <div class='ocr_carea' id='block_1_46' title="bbox 462 2781 1113 2851">
    <p class='ocr_par' dir='ltr' id='par_1_46' title="bbox 462 2781 1113 2851">
     <span class='ocr_line' id='line_1_46' title="bbox 462 2781 1113 2851; baseline 0.006 -19"><span class='ocrx_word' id='word_1_345' title='bbox 462 2781 524 2832; x_wconf 79' lang='grc' dir='ltr'>τὸ</span> <span class='ocrx_word' id='word_1_346' title='bbox 560 2783 724 2833; x_wconf 78' lang='grc' dir='ltr'>πᾶσιν</span> <span class='ocrx_word' id='word_1_347' title='bbox 753 2781 1113 2851; x_wconf 85' lang='grc' dir='ltr'>ὑμνούμενον.</span> 
     </span>
    </p>
   </div>
   <div class='ocr_carea' id='block_1_47' title="bbox 2137 1869 3719 1940">
    <p class='ocr_par' dir='ltr' id='par_1_47' title="bbox 2137 1869 3719 1940">
     <span class='ocr_line' id='line_1_47' title="bbox 2137 1869 3719 1940; baseline 0 -18"><span class='ocrx_word' id='word_1_348' title='bbox 2137 1873 2272 1925; x_wconf 85' lang='lat' dir='ltr'><strong>alias</strong></span> <span class='ocrx_word' id='word_1_349' title='bbox 2330 1872 2524 1925; x_wconf 88' lang='lat' dir='ltr'><strong>deinde</strong></span> <span class='ocrx_word' id='word_1_350' title='bbox 2573 1872 2905 1940; x_wconf 76' lang='lat' dir='ltr'><strong>qnzestiones</strong></span> <span class='ocrx_word' id='word_1_351' title='bbox 2958 1875 3026 1925; x_wconf 86' lang='lat' dir='ltr'><strong>de</strong></span> <span class='ocrx_word' id='word_1_352' title='bbox 3073 1872 3323 1924; x_wconf 85' lang='lat' dir='ltr'><strong>universa</strong></span> <span class='ocrx_word' id='word_1_353' title='bbox 3384 1881 3602 1934; x_wconf 88' lang='lat' dir='ltr'><strong>natura,</strong></span> <span class='ocrx_word' id='word_1_354' title='bbox 3653 1869 3719 1923; x_wconf 86' lang='lat' dir='ltr'><strong>de</strong></span> 
     </span>
    </p>
   </div>
   <div class='ocr_carea' id='block_1_48' title="bbox 2137 1962 3708 2032">
    <p class='ocr_par' dir='ltr' id='par_1_48' title="bbox 2137 1962 3708 2032">
     <span class='ocr_line' id='line_1_48' title="bbox 2137 1962 3708 2032; baseline 0 -16"><span class='ocrx_word' id='word_1_355' title='bbox 2137 1968 2357 2025; x_wconf 89' lang='lat' dir='ltr'><strong>mundo,</strong></span> <span class='ocrx_word' id='word_1_356' title='bbox 2405 1967 2470 2016; x_wconf 85' lang='lat' dir='ltr'><strong>de</strong></span> <span class='ocrx_word' id='word_1_357' title='bbox 2501 1963 2623 2028; x_wconf 92' lang='lat' dir='ltr'><strong>diis,</strong></span> <span class='ocrx_word' id='word_1_358' title='bbox 2675 1962 2807 2017; x_wconf 88' lang='lat' dir='ltr'><strong>nihil</strong></span> <span class='ocrx_word' id='word_1_359' title='bbox 2850 1964 3044 2018; x_wconf 89' lang='lat' dir='ltr'><strong>horum</strong></span> <span class='ocrx_word' id='word_1_360' title='bbox 3080 1963 3283 2032; x_wconf 87' lang='lat' dir='ltr'><strong>percipi</strong></span> <span class='ocrx_word' id='word_1_361' title='bbox 3317 1977 3472 2032; x_wconf 84' lang='lat' dir='ltr'><strong>posse</strong></span> <span class='ocrx_word' id='word_1_362' title='bbox 3494 1974 3708 2017; x_wconf 81' lang='lat' dir='ltr'><strong>conten-</strong></span> 
     </span>
    </p>
   </div>
   <div class='ocr_carea' id='block_1_49' title="bbox 2136 2051 3688 2121">
    <p class='ocr_par' dir='ltr' id='par_1_49' title="bbox 2136 2051 3688 2121">
     <span class='ocr_line' id='line_1_49' title="bbox 2136 2051 3688 2121; baseline -0.001 -15"><span class='ocrx_word' id='word_1_363' title='bbox 2136 2053 2283 2107; x_wconf 82' lang='lat' dir='ltr'><strong>dens.</strong></span> <span class='ocrx_word' id='word_1_364' title='bbox 2327 2051 2584 2120; x_wconf 89' lang='lat' dir='ltr'><strong>Proponit</strong></span> <span class='ocrx_word' id='word_1_365' title='bbox 2623 2053 2756 2121; x_wconf 85' lang='lat' dir='ltr'><strong>ipsis</strong></span> <span class='ocrx_word' id='word_1_366' title='bbox 2783 2061 2838 2106; x_wconf 89' lang='lat' dir='ltr'><strong>et</strong></span> <span class='ocrx_word' id='word_1_367' title='bbox 2861 2053 3082 2120; x_wconf 81' lang='lat' dir='ltr'><strong>quintus</strong></span> <span class='ocrx_word' id='word_1_368' title='bbox 3137 2052 3274 2106; x_wconf 88' lang='lat' dir='ltr'><strong>liber</strong></span> <span class='ocrx_word' id='word_1_369' title='bbox 3308 2051 3588 2105; x_wconf 78' lang='lat' dir='ltr'><strong>dubitandi</strong></span> <span class='ocrx_word' id='word_1_370' title='bbox 3623 2051 3688 2104; x_wconf 78' lang='lat' dir='ltr'><strong>ad</strong></span> 
     </span>
    </p>
   </div>
   <div class='ocr_carea' id='block_1_50' title="bbox 2137 2140 3722 2206">
    <p class='ocr_par' dir='ltr' id='par_1_50' title="bbox 2137 2140 3722 2206">
     <span class='ocr_line' id='line_1_50' title="bbox 2137 2140 3722 2206; baseline -0.003 -9"><span class='ocrx_word' id='word_1_371' title='bbox 2137 2159 2327 2197; x_wconf 67' lang='lat' dir='ltr'><strong>versus</strong></span> <span class='ocrx_word' id='word_1_372' title='bbox 2356 2157 2549 2196; x_wconf 68' lang='lat' dir='ltr'><strong>musas</strong></span> <span class='ocrx_word' id='word_1_373' title='bbox 2599 2143 2937 2206; x_wconf 83' lang='lat' dir='ltr'><strong>occasiones,</strong></span> <span class='ocrx_word' id='word_1_374' title='bbox 3001 2141 3134 2196; x_wconf 87' lang='lat' dir='ltr'><strong>nihil</strong></span> <span class='ocrx_word' id='word_1_375' title='bbox 3192 2140 3394 2196; x_wconf 82' lang='lat' dir='ltr'><strong>nullius</strong></span> <span class='ocrx_word' id='word_1_376' title='bbox 3432 2153 3553 2194; x_wconf 83' lang='lat' dir='ltr'><strong>esse</strong></span> <span class='ocrx_word' id='word_1_377' title='bbox 3591 2154 3722 2192; x_wconf 81' lang='lat' dir='ltr'><strong>catt-</strong></span> 
     </span>
    </p>
   </div>
   <div class='ocr_carea' id='block_1_51' title="bbox 2140 2230 3719 2302">
    <p class='ocr_par' dir='ltr' id='par_1_51' title="bbox 2140 2230 3719 2302">
     <span class='ocr_line' id='line_1_51' title="bbox 2140 2230 3719 2302; baseline -0.003 -14"><span class='ocrx_word' id='word_1_378' title='bbox 2140 2249 2256 2288; x_wconf 78' lang='lat' dir='ltr'><strong>satn</strong></span> <span class='ocrx_word' id='word_1_379' title='bbox 2285 2233 2526 2296; x_wconf 85' lang='lat' dir='ltr'><strong>tradens,</strong></span> <span class='ocrx_word' id='word_1_380' title='bbox 2561 2243 2617 2287; x_wconf 93' lang='lat' dir='ltr'><strong>et</strong></span> <span class='ocrx_word' id='word_1_381' title='bbox 2646 2231 2760 2286; x_wconf 80' lang='lat' dir='ltr'><strong>falli</strong></span> <span class='ocrx_word' id='word_1_382' title='bbox 2791 2231 2883 2302; x_wconf 88' lang='lat' dir='ltr'><strong>qui</strong></span> <span class='ocrx_word' id='word_1_383' title='bbox 2913 2245 3108 2287; x_wconf 81' lang='lat' dir='ltr'><strong>causas</strong></span> <span class='ocrx_word' id='word_1_384' title='bbox 3158 2230 3358 2286; x_wconf 59' lang='grc' dir='ltr'>»σει-η</span> <span class='ocrx_word' id='word_1_385' title='bbox 3409 2240 3674 2285; x_wconf 84' lang='lat' dir='ltr'><strong>conentur</strong></span> <span class='ocrx_word' id='word_1_386' title='bbox 3705 2248 3719 2284; x_wconf 89' lang='lat'>:</span> 
     </span>
    </p>
   </div>
   <div class='ocr_carea' id='block_1_52' title="bbox 2141 2320 3722 2390">
    <p class='ocr_par' dir='ltr' id='par_1_52' title="bbox 2141 2320 3722 2390">
     <span class='ocr_line' id='line_1_52' title="bbox 2141 2320 3722 2390; baseline -0.006 -10"><span class='ocrx_word' id='word_1_387' title='bbox 2141 2336 2434 2380; x_wconf 71' lang='lat' dir='ltr'><strong>nti-inerant!</strong></span> <span class='ocrx_word' id='word_1_388' title='bbox 2459 2322 2626 2378; x_wconf 83' lang='lat' dir='ltr'><strong>etiam</strong></span> <span class='ocrx_word' id='word_1_389' title='bbox 2649 2321 2843 2378; x_wconf 88' lang='lat' dir='ltr'><strong>modos</strong></span> <span class='ocrx_word' id='word_1_390' title='bbox 2873 2320 3074 2390; x_wconf 85' lang='lat' dir='ltr'><strong>quibus</strong></span> <span class='ocrx_word' id='word_1_391' title='bbox 3105 2333 3300 2375; x_wconf 79' lang='lat' dir='ltr'><strong>causas</strong></span> <span class='ocrx_word' id='word_1_392' title='bbox 3329 2320 3558 2375; x_wconf 82' lang='lat' dir='ltr'><strong>reddere</strong></span> <span class='ocrx_word' id='word_1_393' title='bbox 3604 2327 3722 2373; x_wconf 83' lang='lat' dir='ltr'><strong>stu-</strong></span> 
     </span>
    </p>
   </div>
   <div class='ocr_carea' id='block_1_53' title="bbox 2140 2412 3721 2484">
    <p class='ocr_par' dir='ltr' id='par_1_53' title="bbox 2140 2412 3721 2484">
     <span class='ocr_line' id='line_1_53' title="bbox 2140 2412 3721 2484; baseline -0.004 -16"><span class='ocrx_word' id='word_1_394' title='bbox 2140 2415 2326 2478; x_wconf 81' lang='lat' dir='ltr'><strong>deant,</strong></span> <span class='ocrx_word' id='word_1_395' title='bbox 2375 2417 2469 2484; x_wconf 86' lang='lat' dir='ltr'><strong>qui</strong></span> <span class='ocrx_word' id='word_1_396' title='bbox 2509 2413 2682 2468; x_wconf 83' lang='lat' dir='ltr'><strong>coacti</strong></span> <span class='ocrx_word' id='word_1_397' title='bbox 2743 2414 2856 2482; x_wconf 85' lang='lat' dir='ltr'><strong>jam</strong></span> <span class='ocrx_word' id='word_1_398' title='bbox 2906 2412 2962 2466; x_wconf 89' lang='lat' dir='ltr'><strong>in</strong></span> <span class='ocrx_word' id='word_1_399' title='bbox 3021 2413 3125 2467; x_wconf 90' lang='lat' dir='ltr'><strong>hoc</strong></span> <span class='ocrx_word' id='word_1_400' title='bbox 3172 2425 3365 2466; x_wconf 87' lang='lat' dir='ltr'><strong>errore</strong></span> <span class='ocrx_word' id='word_1_401' title='bbox 3422 2417 3721 2466; x_wconf 73' lang='lat' dir='ltr'><strong>versentur.</strong></span> 
     </span>
    </p>
   </div>
   <div class='ocr_carea' id='block_1_54' title="bbox 2141 2503 3727 2573">
    <p class='ocr_par' dir='ltr' id='par_1_54' title="bbox 2141 2503 3727 2573">
     <span class='ocr_line' id='line_1_54' title="bbox 2141 2503 3727 2573; baseline -0.004 -12"><span class='ocrx_word' id='word_1_402' title='bbox 2141 2505 2340 2561; x_wconf 79' lang='lat' dir='ltr'><strong>Sextus</strong></span> <span class='ocrx_word' id='word_1_403' title='bbox 2359 2521 2484 2562; x_wconf 81' lang='lat' dir='ltr'><strong>vero</strong></span> <span class='ocrx_word' id='word_1_404' title='bbox 2513 2507 2652 2560; x_wconf 86' lang='lat' dir='ltr'><strong>bona</strong></span> <span class='ocrx_word' id='word_1_405' title='bbox 2679 2514 2736 2559; x_wconf 90' lang='lat' dir='ltr'><strong>et</strong></span> <span class='ocrx_word' id='word_1_406' title='bbox 2758 2504 2921 2568; x_wconf 81' lang='lat' dir='ltr'><strong>mala,</strong></span> <span class='ocrx_word' id='word_1_407' title='bbox 2958 2518 3186 2573; x_wconf 70' lang='lat' dir='ltr'><strong>qnteque</strong></span> <span class='ocrx_word' id='word_1_408' title='bbox 3213 2503 3510 2572; x_wconf 78' lang='lat' dir='ltr'><strong>expetenda</strong></span> <span class='ocrx_word' id='word_1_409' title='bbox 3533 2511 3586 2555; x_wconf 77' lang='lat' dir='ltr'><strong>et</strong></span> <span class='ocrx_word' id='word_1_410' title='bbox 3606 2516 3727 2570; x_wconf 81' lang='lat' dir='ltr'><strong>qua:</strong></span> 
     </span>
    </p>
   </div>
   <div class='ocr_carea' id='block_1_55' title="bbox 2137 2593 3716 2669">
    <p class='ocr_par' dir='ltr' id='par_1_55' title="bbox 2137 2593 3716 2669">
     <span class='ocr_line' id='line_1_55' title="bbox 2137 2593 3716 2669; baseline -0.005 -15"><span class='ocrx_word' id='word_1_411' title='bbox 2137 2597 2414 2669; x_wconf 76' lang='lat' dir='ltr'><strong>fugienda,</strong></span> <span class='ocrx_word' id='word_1_412' title='bbox 2459 2597 2746 2668; x_wconf 65' lang='lat' dir='ltr'><strong>praeposita</strong></span> <span class='ocrx_word' id='word_1_413' title='bbox 2777 2596 2892 2667; x_wconf 73' lang='grc' dir='ltr'><strong>(ὶῦ)</strong></span> <span class='ocrx_word' id='word_1_414' title='bbox 2923 2595 2992 2650; x_wconf 87' lang='lat' dir='ltr'><strong>ad</strong></span> <span class='ocrx_word' id='word_1_415' title='bbox 3053 2596 3168 2650; x_wconf 67' lang='lat' dir='ltr'><strong>haec</strong></span> <span class='ocrx_word' id='word_1_416' title='bbox 3195 2605 3356 2664; x_wconf 81' lang='lat' dir='ltr'><strong>atque</strong></span> <span class='ocrx_word' id='word_1_417' title='bbox 3407 2595 3604 2664; x_wconf 74' lang='lat' dir='ltr'><strong>reiecta</strong></span> <span class='ocrx_word' id='word_1_418' title='bbox 3659 2593 3716 2647; x_wconf 89' lang='lat' dir='ltr'><strong>in</strong></span> 
     </span>
    </p>
   </div>
   <div class='ocr_carea' id='block_1_56' title="bbox 2139 2685 3724 2756">
    <p class='ocr_par' dir='ltr' id='par_1_56' title="bbox 2139 2685 3724 2756">
     <span class='ocr_line' id='line_1_56' title="bbox 2139 2685 3724 2756; baseline -0.006 -10"><span class='ocrx_word' id='word_1_419' title='bbox 2139 2691 2383 2746; x_wconf 80' lang='lat' dir='ltr'><strong>eamdem</strong></span> <span class='ocrx_word' id='word_1_420' title='bbox 2408 2688 2821 2744; x_wconf 75' lang='lat' dir='ltr'><strong>ludiﬁcatoriam</strong></span> <span class='ocrx_word' id='word_1_421' title='bbox 2848 2688 3264 2756; x_wconf 80' lang='lat' dir='ltr'><strong>disputationem</strong></span> <span class='ocrx_word' id='word_1_422' title='bbox 3291 2685 3506 2740; x_wconf 83' lang='lat' dir='ltr'><strong>adducit</strong></span> <span class='ocrx_word' id='word_1_423' title='bbox 3533 2702 3552 2741; x_wconf 87' lang='lat'><strong>:</strong></span> <span class='ocrx_word' id='word_1_424' title='bbox 3583 2699 3724 2754; x_wconf 62' lang='lat' dir='ltr'><strong>qna‘,</strong></span> 
     </span>
    </p>
   </div>
   <div class='ocr_carea' id='block_1_57' title="bbox 2139 2777 3728 2852">
    <p class='ocr_par' dir='ltr' id='par_1_57' title="bbox 2139 2777 3728 2852">
     <span class='ocr_line' id='line_1_57' title="bbox 2139 2777 3728 2852; baseline -0.006 -16"><span class='ocrx_word' id='word_1_425' title='bbox 2139 2792 2403 2852; x_wconf 77' lang='lat' dir='ltr'><strong>quantum</strong></span> <span class='ocrx_word' id='word_1_426' title='bbox 2418 2783 2472 2836; x_wconf 88' lang='lat' dir='ltr'><strong>in</strong></span> <span class='ocrx_word' id='word_1_427' title='bbox 2501 2782 2617 2851; x_wconf 81' lang='lat' dir='ltr'><strong>ipso</strong></span> <span class='ocrx_word' id='word_1_428' title='bbox 2633 2789 2737 2844; x_wconf 88' lang='lat' dir='ltr'><strong>est,</strong></span> <span class='ocrx_word' id='word_1_429' title='bbox 2762 2797 2792 2835; x_wconf 86' lang='lat' dir='ltr'><strong>a</strong></span> <span class='ocrx_word' id='word_1_430' title='bbox 2812 2791 2994 2835; x_wconf 80' lang='lat' dir='ltr'><strong>nostra</strong></span> <span class='ocrx_word' id='word_1_431' title='bbox 3013 2793 3227 2850; x_wconf 84' lang='lat' dir='ltr'><strong>quoque</strong></span> <span class='ocrx_word' id='word_1_432' title='bbox 3251 2777 3728 2848; x_wconf 81' lang='lat' dir='ltr'><strong>comprehensione</strong></span> 
     </span>
    </p>
   </div>
   <div class='ocr_carea' id='block_1_58' title="bbox 467 2871 3726 2947">
    <p class='ocr_par' dir='ltr' id='par_1_58' title="bbox 467 2871 3726 2947">
     <span class='ocr_line' id='line_1_58' title="bbox 467 2871 3726 2947; baseline -0.003 -16"><span class='ocrx_word' id='word_1_433' title='bbox 467 2891 631 2943; x_wconf 79' lang='lat' dir='ltr'><strong>atque</strong></span> <span class='ocrx_word' id='word_1_434' title='bbox 655 2879 963 2947; x_wconf 76' lang='lat' dir='ltr'><strong>cognitione</strong></span> <span class='ocrx_word' id='word_1_435' title='bbox 986 2877 1246 2931; x_wconf 81' lang='lat' dir='ltr'><strong>excludit.</strong></span> <span class='ocrx_word' id='word_1_436' title='bbox 1266 2876 1566 2946; x_wconf 86' lang='lat' dir='ltr'><strong>Septimum</strong></span> <span class='ocrx_word' id='word_1_437' title='bbox 1595 2877 1853 2931; x_wconf 82' lang='lat' dir='ltr'><strong>adversus</strong></span> <span class='ocrx_word' id='word_1_438' title='bbox 1877 2881 2106 2932; x_wconf 81' lang='lat' dir='ltr'><strong>virtutes</strong></span> <span class='ocrx_word' id='word_1_439' title='bbox 2139 2878 2383 2945; x_wconf 81' lang='lat' dir='ltr'><strong>instruit,</strong></span> <span class='ocrx_word' id='word_1_440' title='bbox 2406 2877 2651 2933; x_wconf 88' lang='lat' dir='ltr'><strong>reIerens</strong></span> <span class='ocrx_word' id='word_1_441' title='bbox 2673 2875 2852 2930; x_wconf 79' lang='lat' dir='ltr'><strong>varias</strong></span> <span class='ocrx_word' id='word_1_442' title='bbox 2882 2875 2950 2930; x_wconf 87' lang='lat' dir='ltr'><strong>de</strong></span> <span class='ocrx_word' id='word_1_443' title='bbox 2973 2875 3039 2928; x_wconf 83' lang='lat' dir='ltr'><strong>iis</strong></span> <span class='ocrx_word' id='word_1_444' title='bbox 3057 2874 3339 2944; x_wconf 88' lang='lat' dir='ltr'><strong>opiniones</strong></span> <span class='ocrx_word' id='word_1_445' title='bbox 3363 2871 3726 2941; x_wconf 86' lang='lat' dir='ltr'><strong>nequidquam</strong></span> 
     </span>
    </p>
   </div>
   <div class='ocr_carea' id='block_1_59' title="bbox 465 2963 3728 3040">
    <p class='ocr_par' dir='ltr' id='par_1_59' title="bbox 465 2963 3728 3040">
     <span class='ocr_line' id='line_1_59' title="bbox 465 2963 3728 3040; baseline -0.004 -12"><span class='ocrx_word' id='word_1_446' title='bbox 465 2981 798 3028; x_wconf 85' lang='lat' dir='ltr'><strong>commentos</strong></span> <span class='ocrx_word' id='word_1_447' title='bbox 837 2985 957 3026; x_wconf 87' lang='lat' dir='ltr'><strong>esse</strong></span> <span class='ocrx_word' id='word_1_448' title='bbox 1004 2969 1374 3039; x_wconf 88' lang='lat' dir='ltr'><strong>philosophos,</strong></span> <span class='ocrx_word' id='word_1_449' title='bbox 1397 2969 1607 3037; x_wconf 86' lang='lat' dir='ltr'><strong>seipsos</strong></span> <span class='ocrx_word' id='word_1_450' title='bbox 1634 2969 1994 3038; x_wconf 86' lang='lat' dir='ltr'><strong>decipientcs,</strong></span> <span class='ocrx_word' id='word_1_451' title='bbox 2022 2969 2176 3036; x_wconf 84' lang='lat' dir='ltr'><strong>quasi</strong></span> <span class='ocrx_word' id='word_1_452' title='bbox 2197 2969 2312 3040; x_wconf 86' lang='lat' dir='ltr'><strong>jam</strong></span> <span class='ocrx_word' id='word_1_453' title='bbox 2345 2970 2411 3023; x_wconf 89' lang='lat' dir='ltr'><strong>ad</strong></span> <span class='ocrx_word' id='word_1_454' title='bbox 2437 2981 2625 3022; x_wconf 88' lang='lat' dir='ltr'><strong>earum</strong></span> <span class='ocrx_word' id='word_1_455' title='bbox 2649 2966 2920 3020; x_wconf 83' lang='lat' dir='ltr'><strong>actionem</strong></span> <span class='ocrx_word' id='word_1_456' title='bbox 2947 2963 3571 3032; x_wconf 81' lang='lat' dir='ltr'><strong>contemplationemque</strong></span> <span class='ocrx_word' id='word_1_457' title='bbox 3603 2974 3728 3029; x_wconf 82' lang='lat' dir='ltr'><strong>per-</strong></span> 
     </span>
    </p>
   </div>
   <div class='ocr_carea' id='block_1_60' title="bbox 466 3057 3730 3141">
    <p class='ocr_par' dir='ltr' id='par_1_60' title="bbox 466 3057 3730 3141">
     <span class='ocr_line' id='line_1_60' title="bbox 466 3057 3730 3141; baseline -0.003 -22"><span class='ocrx_word' id='word_1_458' title='bbox 466 3070 764 3124; x_wconf 76' lang='lat' dir='ltr'><strong>venissent.</strong></span> <span class='ocrx_word' id='word_1_459' title='bbox 800 3065 900 3129; x_wconf 84' lang='lat' dir='ltr'><strong>Qui</strong></span> <span class='ocrx_word' id='word_1_460' title='bbox 938 3067 1004 3118; x_wconf 86' lang='lat' dir='ltr'><strong>ad</strong></span> <span class='ocrx_word' id='word_1_461' title='bbox 1031 3065 1128 3117; x_wconf 84' lang='lat' dir='ltr'><strong>hos</strong></span> <span class='ocrx_word' id='word_1_462' title='bbox 1163 3079 1353 3118; x_wconf 84' lang='lat' dir='ltr'><strong>omnes</strong></span> <span class='ocrx_word' id='word_1_463' title='bbox 1383 3063 1619 3120; x_wconf 82' lang='lat' dir='ltr'><strong>Octavus</strong></span> <span class='ocrx_word' id='word_1_464' title='bbox 1647 3065 1858 3119; x_wconf 83' lang='lat' dir='ltr'><strong>accedit</strong></span> <span class='ocrx_word' id='word_1_465' title='bbox 1878 3064 2039 3129; x_wconf 90' lang='lat' dir='ltr'><strong>liber,</strong></span> <span class='ocrx_word' id='word_1_466' title='bbox 2062 3075 2251 3120; x_wconf 88' lang='lat' dir='ltr'><strong>contra</strong></span> <span class='ocrx_word' id='word_1_467' title='bbox 2284 3061 2616 3138; x_wconf 83' lang='lat' dir='ltr'><strong>[bonorum]</strong></span> <span class='ocrx_word' id='word_1_468' title='bbox 2647 3062 2808 3116; x_wconf 80' lang='lat' dir='ltr'><strong>linem</strong></span> <span class='ocrx_word' id='word_1_469' title='bbox 2845 3062 3107 3141; x_wconf 84' lang='lat' dir='ltr'><strong>disputat,</strong></span> <span class='ocrx_word' id='word_1_470' title='bbox 3143 3075 3319 3129; x_wconf 85' lang='lat' dir='ltr'><strong>neque</strong></span> <span class='ocrx_word' id='word_1_471' title='bbox 3343 3057 3730 3112; x_wconf 82' lang='lat' dir='ltr'><strong>beatitudinem</strong></span> 
     </span>
    </p>
   </div>
   <div class='ocr_carea' id='block_1_61' title="bbox 470 3151 3730 3227">
    <p class='ocr_par' dir='ltr' id='par_1_61' title="bbox 470 3151 3730 3227">
     <span class='ocr_line' id='line_1_61' title="bbox 470 3151 3730 3227; baseline -0.004 -11"><span class='ocrx_word' id='word_1_472' title='bbox 470 3163 617 3216; x_wconf 89' lang='lat' dir='ltr'><strong>illum</strong></span> <span class='ocrx_word' id='word_1_473' title='bbox 643 3176 763 3215; x_wconf 84' lang='lat' dir='ltr'><strong>esse</strong></span> <span class='ocrx_word' id='word_1_474' title='bbox 784 3200 798 3225; x_wconf 93' lang='lat'><strong>,</strong></span> <span class='ocrx_word' id='word_1_475' title='bbox 835 3175 1009 3226; x_wconf 86' lang='lat' dir='ltr'><strong>neque</strong></span> <span class='ocrx_word' id='word_1_476' title='bbox 1033 3159 1362 3226; x_wconf 77' lang='lat' dir='ltr'><strong>voluptatem</strong></span> <span class='ocrx_word' id='word_1_477' title='bbox 1400 3173 1574 3227; x_wconf 87' lang='lat' dir='ltr'><strong>neque</strong></span> <span class='ocrx_word' id='word_1_478' title='bbox 1597 3159 1962 3224; x_wconf 82' lang='lat' dir='ltr'><strong>prudentiam,</strong></span> <span class='ocrx_word' id='word_1_479' title='bbox 1989 3173 2165 3226; x_wconf 82' lang='lat' dir='ltr'><strong>neque</strong></span> <span class='ocrx_word' id='word_1_480' title='bbox 2191 3158 2340 3213; x_wconf 82' lang='lat' dir='ltr'><strong>aliud</strong></span> <span class='ocrx_word' id='word_1_481' title='bbox 2369 3173 2558 3212; x_wconf 84' lang='lat' dir='ltr'><strong>eorum</strong></span> <span class='ocrx_word' id='word_1_482' title='bbox 2583 3157 2867 3226; x_wconf 86' lang='lat' dir='ltr'><strong>quidpiam</strong></span> <span class='ocrx_word' id='word_1_483' title='bbox 2902 3157 3051 3226; x_wconf 84' lang='lat' dir='ltr'><strong>quod</strong></span> <span class='ocrx_word' id='word_1_484' title='bbox 3098 3155 3471 3224; x_wconf 85' lang='lat' dir='ltr'><strong>cujuscunque</strong></span> <span class='ocrx_word' id='word_1_485' title='bbox 3499 3151 3730 3220; x_wconf 82' lang='lat' dir='ltr'><strong>philoso-</strong></span> 
     </span>
    </p>
   </div>
   <div class='ocr_carea' id='block_1_62' title="bbox 470 3247 3731 3325">
    <p class='ocr_par' dir='ltr' id='par_1_62' title="bbox 470 3247 3731 3325">
     <span class='ocr_line' id='line_1_62' title="bbox 470 3247 3731 3325; baseline -0.003 -16"><span class='ocrx_word' id='word_1_486' title='bbox 470 3254 699 3325; x_wconf 89' lang='lat' dir='ltr'><strong>phorum</strong></span> <span class='ocrx_word' id='word_1_487' title='bbox 733 3251 950 3302; x_wconf 65' lang='lat' dir='ltr'><strong>fatnilia:</strong></span> <span class='ocrx_word' id='word_1_488' title='bbox 979 3259 1216 3302; x_wconf 66' lang='lat' dir='ltr'><strong>sectator</strong></span> <span class='ocrx_word' id='word_1_489' title='bbox 1232 3249 1507 3315; x_wconf 88' lang='lat' dir='ltr'><strong>cpinando</strong></span> <span class='ocrx_word' id='word_1_490' title='bbox 1532 3262 1780 3301; x_wconf 74' lang='lat' dir='ltr'><strong>asserere</strong></span> <span class='ocrx_word' id='word_1_491' title='bbox 1803 3258 1968 3316; x_wconf 84' lang='lat' dir='ltr'><strong>queat</strong></span> <span class='ocrx_word' id='word_1_492' title='bbox 1994 3267 2007 3302; x_wconf 86' lang='lat'><strong>:</strong></span> <span class='ocrx_word' id='word_1_493' title='bbox 2037 3250 2130 3302; x_wconf 80' lang='lat' dir='ltr'><strong>sed</strong></span> <span class='ocrx_word' id='word_1_494' title='bbox 2153 3250 2376 3304; x_wconf 87' lang='lat' dir='ltr'><strong>omnino</strong></span> <span class='ocrx_word' id='word_1_495' title='bbox 2408 3249 2569 3302; x_wconf 80' lang='lat' dir='ltr'><strong>linem</strong></span> <span class='ocrx_word' id='word_1_496' title='bbox 2607 3264 2714 3301; x_wconf 91' lang='lat' dir='ltr'><strong>non</strong></span> <span class='ocrx_word' id='word_1_497' title='bbox 2741 3263 2883 3309; x_wconf 83' lang='lat' dir='ltr'><strong>esse,</strong></span> <span class='ocrx_word' id='word_1_498' title='bbox 2901 3250 2969 3301; x_wconf 87' lang='lat' dir='ltr'><strong>ab</strong></span> <span class='ocrx_word' id='word_1_499' title='bbox 2989 3247 3378 3301; x_wconf 86' lang='lat' dir='ltr'><strong>onmibnslicet</strong></span> <span class='ocrx_word' id='word_1_500' title='bbox 3396 3247 3731 3300; x_wconf 86' lang='lat' dir='ltr'><strong>decantetnr.</strong></span> 
     </span>
    </p>
   </div>
   <div class='ocr_carea' id='block_1_63' title="bbox 539 3339 2038 3414">
    <p class='ocr_par' dir='ltr' id='par_1_63' title="bbox 539 3339 2037 3414">
     <span class='ocr_line' id='line_1_63' title="bbox 539 3339 2037 3414; baseline -0.003 -16"><span class='ocrx_word' id='word_1_501' title='bbox 539 3346 606 3398; x_wconf 79' lang='lat' dir='ltr'><strong>Ol</strong></span> <span class='ocrx_word' id='word_1_502' title='bbox 637 3344 732 3414; x_wconf 79' lang='grc' dir='ltr'>μὲν</span> <span class='ocrx_word' id='word_1_503' title='bbox 761 3339 854 3394; x_wconf 77' lang='grc' dir='ltr'><strong>οὖν</strong></span> <span class='ocrx_word' id='word_1_504' title='bbox 883 3340 976 3393; x_wconf 77' lang='grc' dir='ltr'>τοῦ</span> <span class='ocrx_word' id='word_1_505' title='bbox 1027 3340 1393 3410; x_wconf 82' lang='grc' dir='ltr'>Αἰνησιδήμου</span> <span class='ocrx_word' id='word_1_506' title='bbox 1428 3339 1576 3407; x_wconf 82' lang='grc' dir='ltr'>λόγοι</span> <span class='ocrx_word' id='word_1_507' title='bbox 1609 3342 1745 3411; x_wconf 73' lang='grc' dir='ltr'>πρὸς</span> <span class='ocrx_word' id='word_1_508' title='bbox 1792 3342 2037 3395; x_wconf 82' lang='grc' dir='ltr'>τοιοῦτον</span> 
     </span>
    </p>
   </div>
   <div class='ocr_carea' id='block_1_64' title="bbox 2141 3339 3738 3414">
    <p class='ocr_par' dir='ltr' id='par_1_64' title="bbox 2215 3339 3738 3410">
     <span class='ocr_line' id='line_1_64' title="bbox 2215 3339 3738 3410; baseline -0.003 -16"><span class='ocrx_word' id='word_1_509' title='bbox 2215 3343 2379 3409; x_wconf 78' lang='lat' dir='ltr'><strong>Igitur</strong></span> <span class='ocrx_word' id='word_1_510' title='bbox 2425 3343 2494 3395; x_wconf 83' lang='lat' dir='ltr'><strong>ad</strong></span> <span class='ocrx_word' id='word_1_511' title='bbox 2544 3341 2852 3410; x_wconf 67' lang='lat' dir='ltr'><strong>huiusmodi</strong></span> <span class='ocrx_word' id='word_1_512' title='bbox 2899 3341 3366 3394; x_wconf 81' lang='lat' dir='ltr'><strong>concertationem</strong></span> <span class='ocrx_word' id='word_1_513' title='bbox 3417 3339 3738 3408; x_wconf 81' lang='lat' dir='ltr'><strong>diriguntur</strong></span> 
     </span>
    </p>
   </div>
   <div class='ocr_carea' id='block_1_65' title="bbox 469 3431 2056 3504">
    <p class='ocr_par' dir='ltr' id='par_1_65' title="bbox 469 3431 2056 3504">
     <span class='ocr_line' id='line_1_65' title="bbox 469 3431 2056 3504; baseline -0.003 -14"><span class='ocrx_word' id='word_1_514' title='bbox 469 3436 657 3504; x_wconf 77' lang='grc' dir='ltr'>ἀγῶνα</span> <span class='ocrx_word' id='word_1_515' title='bbox 693 3434 994 3498; x_wconf 78' lang='grc' dir='ltr'>κονίζονται</span> <span class='ocrx_word' id='word_1_516' title='bbox 1024 3433 1044 3463; x_wconf 81' lang='grc'><strong><em>⁸</em></strong></span> <span class='ocrx_word' id='word_1_517' title='bbox 1097 3448 1112 3462; x_wconf 86' lang='grc'><strong>·</strong></span> <span class='ocrx_word' id='word_1_518' title='bbox 1149 3433 1231 3484; x_wconf 83' lang='grc' dir='ltr'>ὅτι</span> <span class='ocrx_word' id='word_1_519' title='bbox 1287 3432 1341 3484; x_wconf 72' lang='grc' dir='ltr'>δὲ</span> <span class='ocrx_word' id='word_1_520' title='bbox 1397 3432 1696 3501; x_wconf 87' lang='grc' dir='ltr'>ματαιότης</span> <span class='ocrx_word' id='word_1_521' title='bbox 1737 3431 1917 3484; x_wconf 77' lang='grc' dir='ltr'>αὐτῶν</span> <span class='ocrx_word' id='word_1_522' title='bbox 1962 3435 2056 3486; x_wconf 75' lang='grc' dir='ltr'><strong>καὶ</strong></span> 
     </span>
    </p>
   </div>
   <div class='ocr_carea' id='block_1_66' title="bbox 471 3523 2057 3599">
    <p class='ocr_par' dir='ltr' id='par_1_66' title="bbox 471 3523 2057 3599">
     <span class='ocr_line' id='line_1_66' title="bbox 471 3523 2057 3599; baseline -0.004 -17"><span class='ocrx_word' id='word_1_523' title='bbox 471 3528 640 3599; x_wconf 75' lang='grc' dir='ltr'>πολλὴ</span> <span class='ocrx_word' id='word_1_524' title='bbox 663 3528 827 3598; x_wconf 79' lang='grc' dir='ltr'>λέσχη</span> <span class='ocrx_word' id='word_1_525' title='bbox 859 3525 1129 3598; x_wconf 80' lang='grc' dir='ltr'>ήσπουδὴ,</span> <span class='ocrx_word' id='word_1_526' title='bbox 1160 3525 1405 3577; x_wconf 80' lang='grc' dir='ltr'>Πλάτωνί</span> <span class='ocrx_word' id='word_1_527' title='bbox 1431 3541 1490 3576; x_wconf 88' lang='grc' dir='ltr'><strong>τε</strong></span> <span class='ocrx_word' id='word_1_528' title='bbox 1513 3527 1605 3576; x_wconf 79' lang='grc' dir='ltr'><strong>καὶ</strong></span> <span class='ocrx_word' id='word_1_529' title='bbox 1639 3524 1854 3588; x_wconf 79' lang='grc' dir='ltr'>πολλοῖς</span> <span class='ocrx_word' id='word_1_530' title='bbox 1877 3523 2057 3587; x_wconf 77' lang='grc' dir='ltr'>ἄλλοις</span> 
     </span>
    </p>
   </div>
   <div class='ocr_carea' id='block_1_67' title="bbox 470 3613 2050 3688">
    <p class='ocr_par' dir='ltr' id='par_1_67' title="bbox 470 3613 2050 3688">
     <span class='ocr_line' id='line_1_67' title="bbox 470 3613 2050 3688; baseline -0.004 -16"><span class='ocrx_word' id='word_1_531' title='bbox 470 3619 581 3672; x_wconf 80' lang='grc' dir='ltr'>τῶν</span> <span class='ocrx_word' id='word_1_532' title='bbox 634 3619 742 3687; x_wconf 84' lang='grc' dir='ltr'>πρὸ</span> <span class='ocrx_word' id='word_1_533' title='bbox 770 3616 927 3688; x_wconf 81' lang='grc' dir='ltr'>ἡμῶν</span> <span class='ocrx_word' id='word_1_534' title='bbox 975 3616 1065 3669; x_wconf 77' lang='grc' dir='ltr'><strong>τὸν</strong></span> <span class='ocrx_word' id='word_1_535' title='bbox 1116 3614 1334 3685; x_wconf 72' lang='grc' dir='ltr'>ἔλεγχον</span> <span class='ocrx_word' id='word_1_536' title='bbox 1374 3613 1562 3667; x_wconf 72' lang='grc' dir='ltr'>ἔδοσαν</span> <span class='ocrx_word' id='word_1_537' title='bbox 1593 3632 1604 3643; x_wconf 90' lang='grc'>·</span> <span class='ocrx_word' id='word_1_538' title='bbox 1645 3618 1739 3668; x_wconf 75' lang='grc' dir='ltr'><strong>καὶ</strong></span> <span class='ocrx_word' id='word_1_539' title='bbox 1760 3617 1842 3668; x_wconf 83' lang='grc' dir='ltr'>ὅτι</span> <span class='ocrx_word' id='word_1_540' title='bbox 1886 3613 2050 3685; x_wconf 83' lang='grc' dir='ltr'>μηδὲν</span> 
     </span>
    </p>
   </div>
   <div class='ocr_carea' id='block_1_68' title="bbox 473 3705 2056 3779">
    <p class='ocr_par' dir='ltr' id='par_1_68' title="bbox 473 3705 2056 3779">
     <span class='ocr_line' id='line_1_68' title="bbox 473 3705 2056 3779; baseline -0.004 -15"><span class='ocrx_word' id='word_1_541' title='bbox 473 3714 554 3774; x_wconf 85' lang='grc' dir='ltr'><strong>είς</strong></span> <span class='ocrx_word' id='word_1_542' title='bbox 594 3710 768 3779; x_wconf 83' lang='grc' dir='ltr'>δόγμα</span> <span class='ocrx_word' id='word_1_543' title='bbox 821 3707 1084 3769; x_wconf 84' lang='grc' dir='ltr'>συντελεῖ,</span> <span class='ocrx_word' id='word_1_544' title='bbox 1131 3705 1224 3758; x_wconf 76' lang='grc' dir='ltr'><strong>καὶ</strong></span> <span class='ocrx_word' id='word_1_545' title='bbox 1277 3705 1436 3757; x_wconf 79' lang='grc' dir='ltr'>τοῦτο</span> <span class='ocrx_word' id='word_1_546' title='bbox 1481 3706 1800 3775; x_wconf 69' lang='grc' dir='ltr'>κατάδηλον,</span> <span class='ocrx_word' id='word_1_547' title='bbox 1831 3706 1964 3759; x_wconf 83' lang='grc' dir='ltr'>ὅπου</span> <span class='ocrx_word' id='word_1_548' title='bbox 1991 3721 2056 3774; x_wconf 83' lang='grc' dir='ltr'><strong>γε</strong></span> 
     </span>
    </p>
   </div>
   <div class='ocr_carea' id='block_1_69' title="bbox 474 3797 2056 3868">
    <p class='ocr_par' dir='ltr' id='par_1_69' title="bbox 474 3797 2056 3868">
     <span class='ocr_line' id='line_1_69' title="bbox 474 3797 2056 3868; baseline -0.003 -13"><span class='ocrx_word' id='word_1_549' title='bbox 474 3803 568 3855; x_wconf 79' lang='grc' dir='ltr'><strong>καὶ</strong></span> <span class='ocrx_word' id='word_1_550' title='bbox 597 3800 695 3863; x_wconf 80' lang='grc' dir='ltr'>τὰς</span> <span class='ocrx_word' id='word_1_551' title='bbox 733 3799 955 3860; x_wconf 78' lang='grc' dir='ltr'>ἐνούσας</span> <span class='ocrx_word' id='word_1_552' title='bbox 975 3799 1306 3868; x_wconf 77' lang='grc' dir='ltr'>δογματικὰς</span> <span class='ocrx_word' id='word_1_553' title='bbox 1334 3797 1567 3868; x_wconf 81' lang='grc' dir='ltr'>θεωρίας</span> <span class='ocrx_word' id='word_1_554' title='bbox 1603 3797 1854 3851; x_wconf 74' lang='grc' dir='ltr'>ἐλαύνειν</span> <span class='ocrx_word' id='word_1_555' title='bbox 1895 3799 2056 3867; x_wconf 77' lang='grc' dir='ltr'>ἡμῶν</span> 
     </span>
    </p>
   </div>
   <div class='ocr_carea' id='block_1_70' title="bbox 473 3889 2056 3962">
    <p class='ocr_par' dir='ltr' id='par_1_70' title="bbox 473 3889 2056 3962">
     <span class='ocr_line' id='line_1_70' title="bbox 473 3889 2056 3962; baseline -0.002 -18"><span class='ocrx_word' id='word_1_556' title='bbox 473 3893 572 3962; x_wconf 77' lang='grc' dir='ltr'>τῆς</span> <span class='ocrx_word' id='word_1_557' title='bbox 612 3893 849 3954; x_wconf 79' lang='grc' dir='ltr'>διανοίας</span> <span class='ocrx_word' id='word_1_558' title='bbox 901 3889 1286 3960; x_wconf 73' lang='grc' dir='ltr'>ἐπεχείρησαν.</span> <span class='ocrx_word' id='word_1_559' title='bbox 1333 3889 1456 3951; x_wconf 84' lang='grc' dir='ltr'><strong>Τοῖς</strong></span> <span class='ocrx_word' id='word_1_560' title='bbox 1509 3889 1690 3958; x_wconf 87' lang='grc' dir='ltr'>μέντοι</span> <span class='ocrx_word' id='word_1_561' title='bbox 1744 3889 1882 3943; x_wconf 75' lang='grc' dir='ltr'>κατὰ</span> <span class='ocrx_word' id='word_1_562' title='bbox 1937 3889 2056 3942; x_wconf 87' lang='grc' dir='ltr'>δια-</span> 
     </span>
    </p>
   </div>
   <div class='ocr_carea' id='block_1_71' title="bbox 474 3981 2056 4055">
    <p class='ocr_par' dir='ltr' id='par_1_71' title="bbox 474 3981 2056 4055">
     <span class='ocr_line' id='line_1_71' title="bbox 474 3981 2056 4055; baseline -0.001 -19"><span class='ocrx_word' id='word_1_563' title='bbox 474 3983 728 4055; x_wconf 74' lang='grc' dir='ltr'>λεκτικὴν</span> <span class='ocrx_word' id='word_1_564' title='bbox 781 3983 1013 4054; x_wconf 82' lang='grc' dir='ltr'>μελέτην</span> <span class='ocrx_word' id='word_1_565' title='bbox 1051 3981 1420 4050; x_wconf 86' lang='grc' dir='ltr'>πονουμένοις,</span> <span class='ocrx_word' id='word_1_566' title='bbox 1464 3981 1530 4035; x_wconf 85' lang='grc' dir='ltr'>ἂν</span> <span class='ocrx_word' id='word_1_567' title='bbox 1585 3981 1660 4052; x_wconf 80' lang='grc' dir='ltr'>μὴ</span> <span class='ocrx_word' id='word_1_568' title='bbox 1717 3981 1779 4034; x_wconf 84' lang='grc' dir='ltr'>τὸ</span> <span class='ocrx_word' id='word_1_569' title='bbox 1829 3983 2056 4053; x_wconf 76' lang='grc' dir='ltr'>ἀστήριο</span> 
     </span>
    </p>
   </div>
   <div class='ocr_carea' id='block_1_72' title="bbox 476 4072 2058 4146">
    <p class='ocr_par' dir='ltr' id='par_1_72' title="bbox 476 4072 2058 4146">
     <span class='ocr_line' id='line_1_72' title="bbox 476 4072 2058 4146; baseline -0.003 -15"><span class='ocrx_word' id='word_1_570' title='bbox 476 4095 604 4133; x_wconf 85' lang='grc' dir='ltr'>κτον</span> <span class='ocrx_word' id='word_1_571' title='bbox 625 4076 805 4130; x_wconf 85' lang='grc' dir='ltr'>αὐτῶν</span> <span class='ocrx_word' id='word_1_572' title='bbox 825 4078 934 4139; x_wconf 83' lang='grc' dir='ltr'>τοῖς</span> <span class='ocrx_word' id='word_1_573' title='bbox 955 4075 1232 4144; x_wconf 82' lang='grc' dir='ltr'>λογισμοῖς</span> <span class='ocrx_word' id='word_1_574' title='bbox 1251 4075 1270 4104; x_wconf 90' lang='grc'>⁶</span> <span class='ocrx_word' id='word_1_575' title='bbox 1285 4072 1538 4144; x_wconf 79' lang='grc' dir='ltr'>ἐνεδρεύῃ</span> <span class='ocrx_word' id='word_1_576' title='bbox 1563 4073 1656 4126; x_wconf 72' lang='grc' dir='ltr'><strong>καὶ</strong></span> <span class='ocrx_word' id='word_1_577' title='bbox 1676 4074 1710 4142; x_wconf 79' lang='grc' dir='ltr'><strong>ἠ</strong></span> <span class='ocrx_word' id='word_1_578' title='bbox 1727 4073 1907 4143; x_wconf 84' lang='grc' dir='ltr'>κρίσις</span> <span class='ocrx_word' id='word_1_579' title='bbox 1919 4073 2058 4146; x_wconf 79' lang='grc' dir='ltr'>πρὸς</span> 
     </span>
    </p>
   </div>
   <div class='ocr_carea' id='block_1_73' title="bbox 477 4163 2053 4239">
    <p class='ocr_par' dir='ltr' id='par_1_73' title="bbox 477 4163 2053 4239">
     <span class='ocr_line' id='line_1_73' title="bbox 477 4163 2053 4239; baseline 0 -18"><span class='ocrx_word' id='word_1_580' title='bbox 477 4168 759 4239; x_wconf 76' lang='grc' dir='ltr'>ἀγχίνοιαν</span> <span class='ocrx_word' id='word_1_581' title='bbox 780 4167 840 4221; x_wconf 77' lang='grc' dir='ltr'><strong>οὐ</strong></span> <span class='ocrx_word' id='word_1_582' title='bbox 871 4166 1252 4238; x_wconf 75' lang='grc' dir='ltr'>νενοθευμένη,</span> <span class='ocrx_word' id='word_1_583' title='bbox 1274 4166 1332 4218; x_wconf 84' lang='grc' dir='ltr'>τὸ</span> <span class='ocrx_word' id='word_1_584' title='bbox 1351 4163 1555 4236; x_wconf 77' lang='grc' dir='ltr'>βιϐλίον</span> <span class='ocrx_word' id='word_1_585' title='bbox 1603 4164 1708 4219; x_wconf 77' lang='grc' dir='ltr'><strong>οὐκ</strong></span> <span class='ocrx_word' id='word_1_586' title='bbox 1757 4165 2053 4236; x_wconf 77' lang='grc' dir='ltr'>ἄχρηστον.</span> 
     </span>
    </p>
   </div>
   <div class='ocr_carea' id='block_1_74' title="bbox 1210 4431 1353 4486">
    <p class='ocr_par' dir='ltr' id='par_1_74' title="bbox 1210 4431 1353 4486">
     <span class='ocr_line' id='line_1_74' title="bbox 1210 4431 1353 4486; baseline 0.014 -2"><span class='ocrx_word' id='word_1_587' title='bbox 1210 4431 1353 4486; x_wconf 80' lang='grc' dir='ltr'>ΣιΓ.</span> 
     </span>
    </p>
   </div>
   <div class='ocr_carea' id='block_1_75' title="bbox 866 4520 1676 4594">
    <p class='ocr_par' dir='ltr' id='par_1_75' title="bbox 866 4520 1676 4594">
     <span class='ocr_line' id='line_1_75' title="bbox 866 4520 1676 4594; baseline -0.004 -15"><span class='ocrx_word' id='word_1_588' title='bbox 866 4520 1294 4594; x_wconf 71' lang='grc' dir='ltr'>Ἀγαθαρχίόου</span> <span class='ocrx_word' id='word_1_589' title='bbox 1335 4523 1676 4590; x_wconf 74' lang='grc' dir='ltr'>Ἰστορικόν.</span> 
     </span>
    </p>
   </div>
   <div class='ocr_carea' id='block_1_76' title="bbox 552 4613 2055 4686">
    <p class='ocr_par' dir='ltr' id='par_1_76' title="bbox 552 4613 2055 4686">
     <span class='ocr_line' id='line_1_76' title="bbox 552 4613 2055 4686; baseline -0.002 -17"><span class='ocrx_word' id='word_1_590' title='bbox 552 4615 901 4686; x_wconf 74' lang='grc' dir='ltr'>’Ᾱνεγνώσθη</span> <span class='ocrx_word' id='word_1_591' title='bbox 957 4614 1354 4685; x_wconf 81' lang='grc' dir='ltr'>Ἀγαθαρχίδου</span> <span class='ocrx_word' id='word_1_592' title='bbox 1413 4613 1738 4682; x_wconf 78' lang='grc' dir='ltr'>Ἰστορικόν</span> <span class='ocrx_word' id='word_1_593' title='bbox 1768 4629 1784 4643; x_wconf 86' lang='grc'><strong>·</strong></span> <span class='ocrx_word' id='word_1_594' title='bbox 1835 4613 1968 4666; x_wconf 77' lang='grc' dir='ltr'>ἔνιοι</span> <span class='ocrx_word' id='word_1_595' title='bbox 1999 4613 2055 4666; x_wconf 81' lang='grc' dir='ltr'>δὲ</span> 
     </span>
    </p>
   </div>
   <div class='ocr_carea' id='block_1_77' title="bbox 2155 3431 3858 3501">
    <p class='ocr_par' dir='ltr' id='par_1_77' title="bbox 2155 3431 3858 3501">
     <span class='ocr_line' id='line_1_77' title="bbox 2155 3431 3858 3501; baseline -0.004 -13"><span class='ocrx_word' id='word_1_596' title='bbox 2155 3431 2494 3488; x_wconf 71' lang='grc' dir='ltr'>ΛΕιιθεὶύοιιιί</span> <span class='ocrx_word' id='word_1_597' title='bbox 2545 3433 2686 3498; x_wconf 90' lang='lat' dir='ltr'><strong>lihri,</strong></span> <span class='ocrx_word' id='word_1_598' title='bbox 2741 3433 2831 3501; x_wconf 87' lang='lat' dir='ltr'><strong>qui</strong></span> <span class='ocrx_word' id='word_1_599' title='bbox 2878 3431 3113 3494; x_wconf 87' lang='lat' dir='ltr'><strong>Platoni,</strong></span> <span class='ocrx_word' id='word_1_600' title='bbox 3163 3431 3392 3501; x_wconf 87' lang='lat' dir='ltr'><strong>aliisque</strong></span> <span class='ocrx_word' id='word_1_601' title='bbox 3454 3439 3580 3484; x_wconf 87' lang='lat' dir='ltr'><strong>ante</strong></span> <span class='ocrx_word' id='word_1_602' title='bbox 3640 3443 3737 3483; x_wconf 87' lang='lat' dir='ltr'><strong>nos</strong></span> <span class='ocrx_word' id='word_1_603' title='bbox 3841 3454 3858 3465; x_wconf 91' lang='lat'><strong>-</strong></span> 
     </span>
    </p>
   </div>
   <div class='ocr_carea' id='block_1_78' title="bbox 2155 3524 3737 3595">
    <p class='ocr_par' dir='ltr' id='par_1_78' title="bbox 2155 3524 3737 3595">
     <span class='ocr_line' id='line_1_78' title="bbox 2155 3524 3737 3595; baseline -0.002 -19"><span class='ocrx_word' id='word_1_604' title='bbox 2155 3525 2400 3595; x_wconf 84' lang='lat' dir='ltr'><strong>pluribus</strong></span> <span class='ocrx_word' id='word_1_605' title='bbox 2445 3525 2577 3580; x_wconf 83' lang='lat' dir='ltr'><strong>satis</strong></span> <span class='ocrx_word' id='word_1_606' title='bbox 2623 3524 2953 3587; x_wconf 86' lang='lat' dir='ltr'><strong>indicarut,</strong></span> <span class='ocrx_word' id='word_1_607' title='bbox 2990 3524 3230 3579; x_wconf 76' lang='lat' dir='ltr'><strong>stultitia:</strong></span> <span class='ocrx_word' id='word_1_608' title='bbox 3272 3524 3489 3593; x_wconf 86' lang='lat' dir='ltr'><strong>plenum</strong></span> <span class='ocrx_word' id='word_1_609' title='bbox 3531 3536 3594 3574; x_wconf 92' lang='lat' dir='ltr'><strong>ac</strong></span> <span class='ocrx_word' id='word_1_610' title='bbox 3640 3535 3737 3574; x_wconf 89' lang='lat' dir='ltr'><strong>nu-</strong></span> 
     </span>
    </p>
   </div>
   <div class='ocr_carea' id='block_1_79' title="bbox 2153 3615 3738 3688">
    <p class='ocr_par' dir='ltr' id='par_1_79' title="bbox 2153 3615 3738 3688">
     <span class='ocr_line' id='line_1_79' title="bbox 2153 3615 3738 3688; baseline -0.003 -16"><span class='ocrx_word' id='word_1_611' title='bbox 2153 3633 2344 3688; x_wconf 71' lang='lat' dir='ltr'><strong>garum</strong></span> <span class='ocrx_word' id='word_1_612' title='bbox 2396 3618 2539 3672; x_wconf 90' lang='lat' dir='ltr'><strong>illius</strong></span> <span class='ocrx_word' id='word_1_613' title='bbox 2571 3633 2707 3687; x_wconf 84' lang='lat' dir='ltr'><strong>opus</strong></span> <span class='ocrx_word' id='word_1_614' title='bbox 2745 3633 2884 3671; x_wconf 78' lang='lat' dir='ltr'><strong>esse.</strong></span> <span class='ocrx_word' id='word_1_615' title='bbox 2939 3617 3082 3670; x_wconf 79' lang='lat' dir='ltr'><strong>Nihil</strong></span> <span class='ocrx_word' id='word_1_616' title='bbox 3128 3618 3256 3672; x_wconf 89' lang='lat' dir='ltr'><strong>item</strong></span> <span class='ocrx_word' id='word_1_617' title='bbox 3313 3615 3485 3684; x_wconf 90' lang='lat' dir='ltr'><strong>ipsum</strong></span> <span class='ocrx_word' id='word_1_618' title='bbox 3527 3616 3592 3669; x_wconf 89' lang='lat' dir='ltr'><strong>ad</strong></span> <span class='ocrx_word' id='word_1_619' title='bbox 3638 3615 3738 3668; x_wconf 89' lang='lat' dir='ltr'><strong>ali-</strong></span> 
     </span>
    </p>
   </div>
   <div class='ocr_carea' id='block_1_80' title="bbox 2154 3707 3738 3782">
    <p class='ocr_par' dir='ltr' id='par_1_80' title="bbox 2154 3707 3738 3782">
     <span class='ocr_line' id='line_1_80' title="bbox 2154 3707 3738 3782; baseline 0 -22"><span class='ocrx_word' id='word_1_620' title='bbox 2154 3711 2299 3779; x_wconf 77' lang='lat' dir='ltr'><strong>quod</strong></span> <span class='ocrx_word' id='word_1_621' title='bbox 2351 3710 2542 3778; x_wconf 78' lang='lat' dir='ltr'><strong>dogma</strong></span> <span class='ocrx_word' id='word_1_622' title='bbox 2596 3707 3082 3782; x_wconf 73' lang='lat' dir='ltr'><strong>[conﬁrmandum]</strong></span> <span class='ocrx_word' id='word_1_623' title='bbox 3139 3709 3415 3778; x_wconf 81' lang='lat' dir='ltr'><strong>prodesse,</strong></span> <span class='ocrx_word' id='word_1_624' title='bbox 3452 3722 3604 3777; x_wconf 62' lang='lat' dir='ltr'><strong>asque</strong></span> <span class='ocrx_word' id='word_1_625' title='bbox 3653 3719 3738 3761; x_wconf 84' lang='lat' dir='ltr'><strong>est</strong></span> 
     </span>
    </p>
   </div>
   <div class='ocr_carea' id='block_1_81' title="bbox 2161 3800 3739 3870">
    <p class='ocr_par' dir='ltr' id='par_1_81' title="bbox 2161 3800 3739 3870">
     <span class='ocr_line' id='line_1_81' title="bbox 2161 3800 3739 3870; baseline -0.003 -13"><span class='ocrx_word' id='word_1_626' title='bbox 2161 3802 2527 3867; x_wconf 76' lang='lat' dir='ltr'><strong>manifestum,</strong></span> <span class='ocrx_word' id='word_1_627' title='bbox 2571 3801 2659 3856; x_wconf 89' lang='lat' dir='ltr'><strong>ubi</strong></span> <span class='ocrx_word' id='word_1_628' title='bbox 2710 3802 2903 3856; x_wconf 80' lang='lat' dir='ltr'><strong>saltent</strong></span> <span class='ocrx_word' id='word_1_629' title='bbox 2950 3802 3093 3870; x_wconf 83' lang='lat' dir='ltr'><strong>ipsas</strong></span> <span class='ocrx_word' id='word_1_630' title='bbox 3147 3815 3365 3870; x_wconf 86' lang='lat' dir='ltr'><strong>quoque</strong></span> <span class='ocrx_word' id='word_1_631' title='bbox 3411 3800 3739 3854; x_wconf 65' lang='lat' dir='ltr'><strong>inhaerentes</strong></span> 
     </span>
    </p>
   </div>
   <div class='ocr_carea' id='block_1_82' title="bbox 2155 3889 3733 3962">
    <p class='ocr_par' dir='ltr' id='par_1_82' title="bbox 2155 3889 3733 3962">
     <span class='ocr_line' id='line_1_82' title="bbox 2155 3889 3733 3962; baseline -0.004 -12"><span class='ocrx_word' id='word_1_632' title='bbox 2155 3907 2358 3950; x_wconf 75' lang='lat' dir='ltr'><strong>nostrae</strong></span> <span class='ocrx_word' id='word_1_633' title='bbox 2414 3893 2584 3948; x_wconf 72' lang='lat' dir='ltr'><strong>menti</strong></span> <span class='ocrx_word' id='word_1_634' title='bbox 2644 3893 2978 3960; x_wconf 72' lang='lat' dir='ltr'><strong>dogmatieas</strong></span> <span class='ocrx_word' id='word_1_635' title='bbox 3025 3892 3510 3962; x_wconf 84' lang='lat' dir='ltr'><strong>contemplationes</strong></span> <span class='ocrx_word' id='word_1_636' title='bbox 3556 3889 3733 3961; x_wconf 83' lang='lat' dir='ltr'><strong>expel-</strong></span> 
     </span>
    </p>
   </div>
   <div class='ocr_carea' id='block_1_83' title="bbox 2158 3983 3738 4055">
    <p class='ocr_par' dir='ltr' id='par_1_83' title="bbox 2158 3983 3738 4055">
     <span class='ocr_line' id='line_1_83' title="bbox 2158 3983 3738 4055; baseline -0.002 -16"><span class='ocrx_word' id='word_1_637' title='bbox 2158 3987 2267 4041; x_wconf 82' lang='lat' dir='ltr'><strong>lere</strong></span> <span class='ocrx_word' id='word_1_638' title='bbox 2308 3985 2505 4055; x_wconf 68' lang='lat'><strong>1710</strong></span> <span class='ocrx_word' id='word_1_639' title='bbox 2553 3999 2845 4054; x_wconf 67' lang='lat' dir='ltr'><strong>aggressus</strong></span> <span class='ocrx_word' id='word_1_640' title='bbox 2889 3994 2990 4038; x_wconf 88' lang='lat' dir='ltr'><strong>est.</strong></span> <span class='ocrx_word' id='word_1_641' title='bbox 3045 3983 3101 4038; x_wconf 88' lang='lat' dir='ltr'><strong>Si</strong></span> <span class='ocrx_word' id='word_1_642' title='bbox 3152 3984 3242 4053; x_wconf 83' lang='lat' dir='ltr'><strong>qui</strong></span> <span class='ocrx_word' id='word_1_643' title='bbox 3299 3993 3479 4038; x_wconf 84' lang='lat' dir='ltr'><strong>tamen</strong></span> <span class='ocrx_word' id='word_1_644' title='bbox 3533 3983 3586 4036; x_wconf 87' lang='lat' dir='ltr'><strong>itt</strong></span> <span class='ocrx_word' id='word_1_645' title='bbox 3623 3983 3738 4036; x_wconf 83' lang='lat' dir='ltr'><strong>dia-</strong></span> 
     </span>
    </p>
   </div>
   <div class='ocr_carea' id='block_1_84' title="bbox 2157 4072 3740 4140">
    <p class='ocr_par' dir='ltr' id='par_1_84' title="bbox 2157 4072 3740 4140">
     <span class='ocr_line' id='line_1_84' title="bbox 2157 4072 3740 4140; baseline -0.002 -11"><span class='ocrx_word' id='word_1_646' title='bbox 2157 4075 2366 4130; x_wconf 85' lang='lat' dir='ltr'><strong>lecticis</strong></span> <span class='ocrx_word' id='word_1_647' title='bbox 2391 4086 2738 4140; x_wconf 81' lang='lat' dir='ltr'><strong>exercentur,</strong></span> <span class='ocrx_word' id='word_1_648' title='bbox 2773 4091 2878 4129; x_wconf 92' lang='lat' dir='ltr'><strong>non</strong></span> <span class='ocrx_word' id='word_1_649' title='bbox 2913 4076 3118 4130; x_wconf 86' lang='lat' dir='ltr'><strong>inutilis</strong></span> <span class='ocrx_word' id='word_1_650' title='bbox 3150 4074 3238 4130; x_wconf 82' lang='lat' dir='ltr'><strong>hic</strong></span> <span class='ocrx_word' id='word_1_651' title='bbox 3271 4073 3448 4128; x_wconf 81' lang='lat' dir='ltr'><strong>liber:</strong></span> <span class='ocrx_word' id='word_1_652' title='bbox 3484 4072 3643 4126; x_wconf 84' lang='lat' dir='ltr'><strong>tnotlu</strong></span> <span class='ocrx_word' id='word_1_653' title='bbox 3671 4087 3740 4126; x_wconf 87' lang='lat' dir='ltr'><strong>nc</strong></span> 
     </span>
    </p>
   </div>
   <div class='ocr_carea' id='block_1_85' title="bbox 2158 4166 3738 4235">
    <p class='ocr_par' dir='ltr' id='par_1_85' title="bbox 2158 4166 3738 4235">
     <span class='ocr_line' id='line_1_85' title="bbox 2158 4166 3738 4235; baseline -0.002 -14"><span class='ocrx_word' id='word_1_654' title='bbox 2158 4167 2349 4221; x_wconf 86' lang='lat' dir='ltr'><strong>borum</strong></span> <span class='ocrx_word' id='word_1_655' title='bbox 2401 4179 2592 4235; x_wconf 79' lang='lat' dir='ltr'><strong>parum</strong></span> <span class='ocrx_word' id='word_1_656' title='bbox 2648 4168 2822 4221; x_wconf 85' lang='lat' dir='ltr'><strong>adhuc</strong></span> <span class='ocrx_word' id='word_1_657' title='bbox 2872 4167 3190 4221; x_wconf 82' lang='lat' dir='ltr'><strong>conﬁrmata</strong></span> <span class='ocrx_word' id='word_1_658' title='bbox 3245 4181 3415 4231; x_wconf 88' lang='lat' dir='ltr'><strong>mens,</strong></span> <span class='ocrx_word' id='word_1_659' title='bbox 3451 4166 3601 4220; x_wconf 87' lang='lat' dir='ltr'><strong>hisce</strong></span> <span class='ocrx_word' id='word_1_660' title='bbox 3651 4181 3738 4218; x_wconf 86' lang='lat' dir='ltr'><strong>ra—</strong></span> 
     </span>
    </p>
   </div>
   <div class='ocr_carea' id='block_1_86' title="bbox 2156 4254 3739 4329">
    <p class='ocr_par' dir='ltr' id='par_1_86' title="bbox 2156 4254 3739 4329">
     <span class='ocr_line' id='line_1_86' title="bbox 2156 4254 3739 4329; baseline -0.002 -17"><span class='ocrx_word' id='word_1_661' title='bbox 2156 4257 2607 4313; x_wconf 81' lang='lat' dir='ltr'><strong>tiocinationibus</strong></span> <span class='ocrx_word' id='word_1_662' title='bbox 2664 4258 3022 4326; x_wconf 76' lang='lat' dir='ltr'><strong>inliterescat,</strong></span> <span class='ocrx_word' id='word_1_663' title='bbox 3062 4257 3365 4329; x_wconf 75' lang='lat' dir='ltr'><strong>iudiciique</strong></span> <span class='ocrx_word' id='word_1_664' title='bbox 3412 4254 3739 4328; x_wconf 85' lang='lat' dir='ltr'><strong>perspicaci-</strong></span> 
     </span>
    </p>
   </div>
   <div class='ocr_carea' id='block_1_87' title="bbox 2160 4350 2741 4404">
    <p class='ocr_par' dir='ltr' id='par_1_87' title="bbox 2160 4350 2741 4404">
     <span class='ocr_line' id='line_1_87' title="bbox 2160 4350 2741 4404; baseline -0.003 0"><span class='ocrx_word' id='word_1_665' title='bbox 2160 4359 2244 4404; x_wconf 85' lang='lat' dir='ltr'><strong>tas</strong></span> <span class='ocrx_word' id='word_1_666' title='bbox 2278 4350 2465 4404; x_wconf 83' lang='lat' dir='ltr'><strong>vitiata</strong></span> <span class='ocrx_word' id='word_1_667' title='bbox 2505 4365 2611 4404; x_wconf 91' lang='lat' dir='ltr'><strong>non</strong></span> <span class='ocrx_word' id='word_1_668' title='bbox 2646 4350 2741 4403; x_wconf 81' lang='lat' dir='ltr'><strong>sit.</strong></span> 
     </span>
    </p>
   </div>
   <div class='ocr_carea' id='block_1_88' title="bbox 2824 4439 3049 4494">
    <p class='ocr_par' dir='ltr' id='par_1_88' title="bbox 2824 4439 3049 4494">
     <span class='ocr_line' id='line_1_88' title="bbox 2824 4439 3049 4494; baseline -0.009 -1"><span class='ocrx_word' id='word_1_669' title='bbox 2824 4439 3049 4494; x_wconf 82' lang='lat' dir='ltr'><strong>CCXIII.</strong></span> 
     </span>
    </p>
   </div>
   <div class='ocr_carea' id='block_1_89' title="bbox 2568 4529 3312 4600">
    <p class='ocr_par' dir='ltr' id='par_1_89' title="bbox 2568 4529 3312 4600">
     <span class='ocr_line' id='line_1_89' title="bbox 2568 4529 3312 4600; baseline -0.001 -17"><span class='ocrx_word' id='word_1_670' title='bbox 2568 4531 2974 4600; x_wconf 78' lang='lat' dir='ltr'><strong>Agatharcltida:</strong></span> <span class='ocrx_word' id='word_1_671' title='bbox 3016 4529 3312 4584; x_wconf 78' lang='lat' dir='ltr'><strong>Historica.</strong></span> 
     </span>
    </p>
   </div>
   <div class='ocr_carea' id='block_1_90' title="bbox 2229 4616 3734 4689">
    <p class='ocr_par' dir='ltr' id='par_1_90' title="bbox 2229 4616 3734 4689">
     <span class='ocr_line' id='line_1_90' title="bbox 2229 4616 3734 4689; baseline -0.003 -16"><span class='ocrx_word' id='word_1_672' title='bbox 2229 4617 2359 4689; x_wconf 76' lang='lat' dir='ltr'><strong>cht</strong></span> <span class='ocrx_word' id='word_1_673' title='bbox 2399 4619 2848 4688; x_wconf 68' lang='lat' dir='ltr'><strong>Agathartrhidaa,</strong></span> <span class='ocrx_word' id='word_1_674' title='bbox 2881 4633 3040 4685; x_wconf 87' lang='lat' dir='ltr'><strong>quem</strong></span> <span class='ocrx_word' id='word_1_675' title='bbox 3073 4618 3476 4687; x_wconf 75' lang='lat' dir='ltr'><strong>Agatharchnm</strong></span> <span class='ocrx_word' id='word_1_676' title='bbox 3516 4616 3734 4687; x_wconf 83' lang='lat' dir='ltr'><strong>quidam</strong></span> 
     </span>
    </p>
   </div>
   <div class='ocr_carea' id='block_1_91' title="bbox 481 4689 2038 4778">
    <p class='ocr_par' dir='ltr' id='par_1_91' title="bbox 481 4703 2038 4776">
     <span class='ocr_line' id='line_1_91' title="bbox 481 4703 2038 4776; baseline -0.002 -16"><span class='ocrx_word' id='word_1_677' title='bbox 481 4708 644 4760; x_wconf 71' lang='grc' dir='ltr'>αὐτὸν</span> <span class='ocrx_word' id='word_1_678' title='bbox 674 4706 1016 4776; x_wconf 81' lang='grc' dir='ltr'>Ἀγάθαρχον</span> <span class='ocrx_word' id='word_1_679' title='bbox 1051 4706 1401 4776; x_wconf 72' lang='grc' dir='ltr'>ὀνομάζουσι.</span> <span class='ocrx_word' id='word_1_680' title='bbox 1450 4705 1639 4774; x_wconf 82' lang='grc' dir='ltr'>Τούτῳ</span> <span class='ocrx_word' id='word_1_681' title='bbox 1684 4705 1886 4774; x_wconf 68' lang='grc' dir='ltr'>πατρὶς</span> <span class='ocrx_word' id='word_1_682' title='bbox 1931 4703 2038 4776; x_wconf 72' lang='lat' dir='ltr'><strong>[5N</strong></span> 
     </span>
    </p>
   </div>
   <div class='ocr_carea' id='block_1_92' title="bbox 2141 4689 3736 4778">
    <p class='ocr_par' dir='ltr' id='par_1_92' title="bbox 2163 4705 3736 4778">
     <span class='ocr_line' id='line_1_92' title="bbox 2163 4705 3736 4778; baseline 0 -16"><span class='ocrx_word' id='word_1_683' title='bbox 2163 4709 2473 4771; x_wconf 88' lang='lat' dir='ltr'><strong>nominaut,</strong></span> <span class='ocrx_word' id='word_1_684' title='bbox 2523 4705 2666 4774; x_wconf 83' lang='lat' dir='ltr'><strong>Opus</strong></span> <span class='ocrx_word' id='word_1_685' title='bbox 2720 4709 3052 4761; x_wconf 74' lang='lat' dir='ltr'><strong>historicum.</strong></span> <span class='ocrx_word' id='word_1_686' title='bbox 3113 4710 3213 4763; x_wconf 93' lang='lat' dir='ltr'><strong>llic</strong></span> <span class='ocrx_word' id='word_1_687' title='bbox 3265 4710 3437 4778; x_wconf 86' lang='lat' dir='ltr'><strong>patria</strong></span> <span class='ocrx_word' id='word_1_688' title='bbox 3489 4708 3736 4771; x_wconf 87' lang='lat' dir='ltr'><strong>Cnidius,</strong></span> 
     </span>
    </p>
   </div>
   <div class='ocr_carea' id='block_1_93' title="bbox 486 4789 2065 4870">
    <p class='ocr_par' dir='ltr' id='par_1_93' title="bbox 486 4789 2065 4870">
     <span class='ocr_line' id='line_1_93' title="bbox 486 4789 2065 4870; baseline -0.003 -19"><span class='ocrx_word' id='word_1_689' title='bbox 486 4797 578 4870; x_wconf 67' lang='lat' dir='ltr'><strong>IL]</strong></span> <span class='ocrx_word' id='word_1_690' title='bbox 616 4795 712 4866; x_wconf 80' lang='grc' dir='ltr'>μὲν</span> <span class='ocrx_word' id='word_1_691' title='bbox 765 4799 799 4868; x_wconf 83' lang='grc' dir='ltr'><strong>η</strong></span> <span class='ocrx_word' id='word_1_692' title='bbox 827 4797 1016 4859; x_wconf 79' lang='grc' dir='ltr'>Κνίδος</span> <span class='ocrx_word' id='word_1_693' title='bbox 1044 4789 1134 4866; x_wconf 83' lang='grc' dir='ltr'>ἦν,</span> <span class='ocrx_word' id='word_1_694' title='bbox 1169 4797 1202 4864; x_wconf 84' lang='grc' dir='ltr'>ὴ</span> <span class='ocrx_word' id='word_1_695' title='bbox 1237 4796 1294 4848; x_wconf 85' lang='grc' dir='ltr'>δὲ</span> <span class='ocrx_word' id='word_1_696' title='bbox 1322 4795 1489 4865; x_wconf 88' lang='grc' dir='ltr'>τέχνη</span> <span class='ocrx_word' id='word_1_697' title='bbox 1541 4799 1925 4864; x_wconf 80' lang='grc' dir='ltr'>γραμματικὸν</span> <span class='ocrx_word' id='word_1_698' title='bbox 1963 4796 2065 4847; x_wconf 83' lang='grc' dir='ltr'><strong>ὲπ-</strong></span> 
     </span>
    </p>
   </div>
   <div class='ocr_carea' id='block_1_94' title="bbox 482 4885 2068 4958">
    <p class='ocr_par' dir='ltr' id='par_1_94' title="bbox 482 4885 2068 4958">
     <span class='ocr_line' id='line_1_94' title="bbox 482 4885 2068 4958; baseline -0.004 -14"><span class='ocrx_word' id='word_1_699' title='bbox 482 4891 788 4944; x_wconf 68' lang='grc' dir='ltr'>εδείκνυτοι</span> <span class='ocrx_word' id='word_1_700' title='bbox 823 4889 1144 4958; x_wconf 82' lang='grc' dir='ltr'>ύπογραφέα</span> <span class='ocrx_word' id='word_1_701' title='bbox 1165 4887 1222 4939; x_wconf 82' lang='grc' dir='ltr'>δὲ</span> <span class='ocrx_word' id='word_1_702' title='bbox 1247 4890 1338 4940; x_wconf 74' lang='grc' dir='ltr'><strong>καὶ</strong></span> <span class='ocrx_word' id='word_1_703' title='bbox 1366 4885 1720 4956; x_wconf 81' lang='grc' dir='ltr'>ἀναγνώστην</span> <span class='ocrx_word' id='word_1_704' title='bbox 1745 4889 1773 4940; x_wconf 86' lang='grc' dir='ltr'><strong>ό</strong></span> <span class='ocrx_word' id='word_1_705' title='bbox 1803 4886 1894 4939; x_wconf 82' lang='grc' dir='ltr'>τοῦ</span> <span class='ocrx_word' id='word_1_706' title='bbox 1922 4887 2068 4957; x_wconf 84' lang='grc' dir='ltr'>Λέμ-</span> 
     </span>
    </p>
   </div>
   <div class='ocr_carea' id='block_1_95' title="bbox 482 4973 2068 5052">
    <p class='ocr_par' dir='ltr' id='par_1_95' title="bbox 482 4973 2068 5052">
     <span class='ocr_line' id='line_1_95' title="bbox 482 4973 2068 5052; baseline 0 -20"><span class='ocrx_word' id='word_1_707' title='bbox 482 4982 615 5050; x_wconf 72' lang='grc' dir='ltr'>ϐρου</span> <span class='ocrx_word' id='word_1_708' title='bbox 641 4983 659 5013; x_wconf 89' lang='grc'><strong>⁷</strong></span> <span class='ocrx_word' id='word_1_709' title='bbox 705 4980 1082 5052; x_wconf 81' lang='grc' dir='ltr'>Ἡρακλείδης,</span> <span class='ocrx_word' id='word_1_710' title='bbox 1105 4979 1171 5032; x_wconf 90' lang='grc' dir='ltr'><strong>δι’</strong></span> <span class='ocrx_word' id='word_1_711' title='bbox 1201 4973 1276 5031; x_wconf 79' lang='grc' dir='ltr'>ὧν</span> <span class='ocrx_word' id='word_1_712' title='bbox 1307 4978 1455 5048; x_wconf 81' lang='grc' dir='ltr'>αὐτῷ</span> <span class='ocrx_word' id='word_1_713' title='bbox 1486 4977 1898 5048; x_wconf 77' lang='grc' dir='ltr'>ὲξυπηρετείτο,</span> <span class='ocrx_word' id='word_1_714' title='bbox 1930 4995 2068 5048; x_wconf 87' lang='grc' dir='ltr'>παρ-</span> 
     </span>
    </p>
   </div>
   <div class='ocr_carea' id='block_1_96' title="bbox 487 5068 2058 5145">
    <p class='ocr_par' dir='ltr' id='par_1_96' title="bbox 487 5068 2058 5145">
     <span class='ocr_line' id='line_1_96' title="bbox 487 5068 2058 5145; baseline -0.002 -17"><span class='ocrx_word' id='word_1_715' title='bbox 487 5076 614 5145; x_wconf 88' lang='grc' dir='ltr'>έσχε</span> <span class='ocrx_word' id='word_1_716' title='bbox 669 5074 1050 5145; x_wconf 76' lang='grc' dir='ltr'>γνωρίζεσθαι.</span> <span class='ocrx_word' id='word_1_717' title='bbox 1108 5068 1215 5127; x_wconf 86' lang='grc' dir='ltr'>Ἦν</span> <span class='ocrx_word' id='word_1_718' title='bbox 1261 5072 1319 5125; x_wconf 79' lang='grc' dir='ltr'>δὲ</span> <span class='ocrx_word' id='word_1_719' title='bbox 1361 5072 1457 5125; x_wconf 80' lang='grc' dir='ltr'><strong>καὶ</strong></span> <span class='ocrx_word' id='word_1_720' title='bbox 1498 5071 1730 5143; x_wconf 84' lang='grc' dir='ltr'>θρεπτὸς</span> <span class='ocrx_word' id='word_1_721' title='bbox 1783 5071 2058 5125; x_wconf 85' lang='grc' dir='ltr'>Κινναίου.</span> 
     </span>
    </p>
   </div>
   <div class='ocr_carea' id='block_1_97' title="bbox 2160 4801 3740 4872">
    <p class='ocr_par' dir='ltr' id='par_1_97' title="bbox 2160 4801 3740 4872">
     <span class='ocr_line' id='line_1_97' title="bbox 2160 4801 3740 4872; baseline 0.001 -18"><span class='ocrx_word' id='word_1_722' title='bbox 2160 4801 2408 4855; x_wconf 79' lang='lat' dir='ltr'><strong>institth</strong></span> <span class='ocrx_word' id='word_1_723' title='bbox 2455 4802 2841 4870; x_wconf 81' lang='lat' dir='ltr'><strong>graunnaticus</strong></span> <span class='ocrx_word' id='word_1_724' title='bbox 2889 4801 3008 4855; x_wconf 89' lang='lat' dir='ltr'><strong>l&#39;nit.</strong></span> <span class='ocrx_word' id='word_1_725' title='bbox 3052 4801 3298 4856; x_wconf 84' lang='lat' dir='ltr'><strong>Scribam</strong></span> <span class='ocrx_word' id='word_1_726' title='bbox 3357 4812 3536 4856; x_wconf 74' lang='lat' dir='ltr'><strong>tamen</strong></span> <span class='ocrx_word' id='word_1_727' title='bbox 3577 4810 3740 4872; x_wconf 82' lang='lat' dir='ltr'><strong>atque</strong></span> 
     </span>
    </p>
   </div>
   <div class='ocr_carea' id='block_1_98' title="bbox 2163 4890 3734 4962">
    <p class='ocr_par' dir='ltr' id='par_1_98' title="bbox 2163 4890 3734 4962">
     <span class='ocr_line' id='line_1_98' title="bbox 2163 4890 3734 4962; baseline 0 -16"><span class='ocrx_word' id='word_1_728' title='bbox 2163 4908 2498 4960; x_wconf 68' lang='lat' dir='ltr'><strong>anagnoStett</strong></span> <span class='ocrx_word' id='word_1_729' title='bbox 2545 4894 2766 4961; x_wconf 80' lang='lat' dir='ltr'><strong>insuper</strong></span> <span class='ocrx_word' id='word_1_730' title='bbox 2809 4890 3000 4957; x_wconf 80' lang='lat' dir='ltr'><strong>fuisse,</strong></span> <span class='ocrx_word' id='word_1_731' title='bbox 3033 4895 3331 4962; x_wconf 67' lang='lat' dir='ltr'><strong>praestitum</strong></span> <span class='ocrx_word' id='word_1_732' title='bbox 3375 4893 3461 4948; x_wconf 84' lang='lat' dir='ltr'><strong>his</strong></span> <span class='ocrx_word' id='word_1_733' title='bbox 3501 4893 3734 4948; x_wconf 80' lang='lat' dir='ltr'><strong>functio-</strong></span> 
     </span>
    </p>
   </div>
   <div class='ocr_carea' id='block_1_99' title="bbox 2165 4983 3736 5052">
    <p class='ocr_par' dir='ltr' id='par_1_99' title="bbox 2165 4983 3736 5052">
     <span class='ocr_line' id='line_1_99' title="bbox 2165 4983 3736 5052; baseline 0 -15"><span class='ocrx_word' id='word_1_734' title='bbox 2165 4983 2327 5038; x_wconf 81' lang='lat' dir='ltr'><strong>nibus</strong></span> <span class='ocrx_word' id='word_1_735' title='bbox 2380 4983 2678 5038; x_wconf 76' lang='lat' dir='ltr'><strong>Heraclidae</strong></span> <span class='ocrx_word' id='word_1_736' title='bbox 2734 4983 2970 5038; x_wconf 88' lang='lat' dir='ltr'><strong>Letnbro</strong></span> <span class='ocrx_word' id='word_1_737' title='bbox 3028 4987 3420 5052; x_wconf 85' lang='lat' dir='ltr'><strong>ministerium,</strong></span> <span class='ocrx_word' id='word_1_738' title='bbox 3484 4985 3736 5040; x_wconf 87' lang='lat' dir='ltr'><strong>indicium</strong></span> 
     </span>
    </p>
   </div>
   <div class='ocr_carea' id='block_1_100' title="bbox 2171 5075 3737 5149">
    <p class='ocr_par' dir='ltr' id='par_1_100' title="bbox 2171 5075 3737 5149">
     <span class='ocr_line' id='line_1_100' title="bbox 2171 5075 3737 5149; baseline 0.001 -19"><span class='ocrx_word' id='word_1_739' title='bbox 2171 5077 2320 5131; x_wconf 80' lang='lat' dir='ltr'><strong>fecit.</strong></span> <span class='ocrx_word' id='word_1_740' title='bbox 2356 5075 2484 5130; x_wconf 88' lang='lat' dir='ltr'><strong>Fuit</strong></span> <span class='ocrx_word' id='word_1_741' title='bbox 2527 5087 2581 5131; x_wconf 90' lang='lat' dir='ltr'><strong>et</strong></span> <span class='ocrx_word' id='word_1_742' title='bbox 2631 5077 2879 5132; x_wconf 87' lang='lat' dir='ltr'><strong>alumnus</strong></span> <span class='ocrx_word' id='word_1_743' title='bbox 2931 5075 3160 5133; x_wconf 79' lang='lat' dir='ltr'><strong>Cintuei.</strong></span> <span class='ocrx_word' id='word_1_744' title='bbox 3214 5079 3510 5149; x_wconf 83' lang='lat' dir='ltr'><strong>Scripsisse</strong></span> <span class='ocrx_word' id='word_1_745' title='bbox 3557 5085 3737 5132; x_wconf 86' lang='lat' dir='ltr'><strong>autem</strong></span> 
     </span>
    </p>
   </div>
   <div class='ocr_carea' id='block_1_101' title="bbox 1766 5187 2444 5245">
    <p class='ocr_par' dir='ltr' id='par_1_101' title="bbox 1766 5187 2444 5245">
     <span class='ocr_line' id='line_1_101' title="bbox 1766 5187 2444 5245; baseline 0.007 -4"><span class='ocrx_word' id='word_1_746' title='bbox 1766 5187 1996 5245; x_wconf 68' lang='grc' dir='ltr'>νΑιιιΑε</span> <span class='ocrx_word' id='word_1_747' title='bbox 2037 5187 2444 5245; x_wconf 79' lang='lat' dir='ltr'><strong>LECTIONES.</strong></span> 
     </span>
    </p>
   </div>
   <div class='ocr_carea' id='block_1_102' title="bbox 557 5304 3740 5378">
    <p class='ocr_par' dir='ltr' id='par_1_102' title="bbox 557 5304 3740 5378">
     <span class='ocr_line' id='line_1_102' title="bbox 557 5304 3740 5378; baseline -0.001 -18"><span class='ocrx_word' id='word_1_748' title='bbox 557 5308 603 5339; x_wconf 66' lang='grc'><strong>’⁸</strong></span> <span class='ocrx_word' id='word_1_749' title='bbox 626 5304 784 5377; x_wconf 74' lang='grc' dir='ltr'>ὅλως]</span> <span class='ocrx_word' id='word_1_750' title='bbox 816 5305 987 5378; x_wconf 80' lang='grc' dir='ltr'>ἄλλως</span> <span class='ocrx_word' id='word_1_751' title='bbox 1018 5306 1079 5358; x_wconf 82' lang='grc' dir='ltr'>Α.</span> <span class='ocrx_word' id='word_1_752' title='bbox 1134 5306 1200 5378; x_wconf 20' lang='grc' dir='ltr'><strong>ξοδ</strong></span> <span class='ocrx_word' id='word_1_753' title='bbox 1226 5322 1389 5373; x_wconf 84' lang='grc' dir='ltr'>φασιν</span> <span class='ocrx_word' id='word_1_754' title='bbox 1420 5322 1480 5378; x_wconf 73' lang='grc' dir='ltr'><strong>ς.</strong></span> <span class='ocrx_word' id='word_1_755' title='bbox 1542 5307 1595 5378; x_wconf 50' lang='grc' dir='ltr'>ξε</span> <span class='ocrx_word' id='word_1_756' title='bbox 1622 5305 1754 5378; x_wconf 76' lang='grc' dir='ltr'>τῶν]</span> <span class='ocrx_word' id='word_1_757' title='bbox 1787 5304 2189 5378; x_wconf 14' lang='grc' dir='ltr'>ιιοιιιιρᾲαύτῶν.</span> <span class='ocrx_word' id='word_1_758' title='bbox 2213 5375 2231 5378; x_wconf 89' lang='lat'>_</span> <span class='ocrx_word' id='word_1_759' title='bbox 2267 5306 2312 5337; x_wconf 85' lang='lat'>&quot;</span> <span class='ocrx_word' id='word_1_760' title='bbox 2341 5305 2491 5378; x_wconf 79' lang='grc' dir='ltr'>αὐτῷ</span> <span class='ocrx_word' id='word_1_761' title='bbox 2507 5305 2589 5378; x_wconf 81' lang='lat' dir='ltr'><strong>A_:</strong></span> <span class='ocrx_word' id='word_1_762' title='bbox 2615 5307 2670 5378; x_wconf 68' lang='grc' dir='ltr'>δὲ</span> <span class='ocrx_word' id='word_1_763' title='bbox 2697 5306 2847 5378; x_wconf 89' lang='grc' dir='ltr'><strong>αύτῷ</strong></span> <span class='ocrx_word' id='word_1_764' title='bbox 2869 5325 2928 5372; x_wconf 82' lang='grc' dir='ltr'><strong>ς.</strong></span> <span class='ocrx_word' id='word_1_765' title='bbox 2994 5307 3041 5341; x_wconf 76' lang='grc'>⁸⁸</span> <span class='ocrx_word' id='word_1_766' title='bbox 3060 5307 3118 5361; x_wconf 83' lang='grc' dir='ltr'><strong>δέ</strong></span> <span class='ocrx_word' id='word_1_767' title='bbox 3145 5309 3186 5361; x_wconf 80' lang='grc' dir='ltr'>Α</span> <span class='ocrx_word' id='word_1_768' title='bbox 3220 5325 3235 5361; x_wconf 91' lang='lat'><strong>:</strong></span> <span class='ocrx_word' id='word_1_769' title='bbox 3263 5307 3321 5359; x_wconf 87' lang='grc' dir='ltr'>δὲ</span> <span class='ocrx_word' id='word_1_770' title='bbox 3339 5306 3527 5378; x_wconf 79' lang='grc' dir='ltr'>καίς.</span> <span class='ocrx_word' id='word_1_771' title='bbox 3604 5305 3650 5338; x_wconf 70' lang='lat'><strong>9°</strong></span> <span class='ocrx_word' id='word_1_772' title='bbox 3679 5305 3740 5358; x_wconf 71' lang='grc' dir='ltr'>δὲ</span> 
     </span>
    </p>
   </div>
   <div class='ocr_carea' id='block_1_103' title="bbox 489 5375 1773 5444">
    <p class='ocr_par' dir='ltr' id='par_1_103' title="bbox 489 5375 1773 5444">
     <span class='ocr_line' id='line_1_103' title="bbox 489 5375 1773 5444; baseline 0 -15"><span class='ocrx_word' id='word_1_773' title='bbox 489 5379 610 5430; x_wconf 88' lang='lat' dir='ltr'><strong>add.</strong></span> <span class='ocrx_word' id='word_1_774' title='bbox 643 5381 707 5430; x_wconf 78' lang='grc' dir='ltr'>Α.</span> <span class='ocrx_word' id='word_1_775' title='bbox 772 5375 803 5406; x_wconf 54' lang='grc'><strong>’³</strong></span> <span class='ocrx_word' id='word_1_776' title='bbox 839 5375 1293 5444; x_wconf 74' lang='grc' dir='ltr'>φιλοφρονοῦντας</span> <span class='ocrx_word' id='word_1_777' title='bbox 1319 5393 1382 5438; x_wconf 80' lang='grc' dir='ltr'><strong>ς.</strong></span> <span class='ocrx_word' id='word_1_778' title='bbox 1457 5375 1689 5439; x_wconf 81' lang='grc' dir='ltr'>ἀὐτούς</span> <span class='ocrx_word' id='word_1_779' title='bbox 1713 5375 1773 5439; x_wconf 65' lang='grc' dir='ltr'>τέ.</span> 
     </span>
    </p>
   </div>
   <div class='ocr_carea' id='block_1_104' title="bbox 1877 5375 3736 5442">
    <p class='ocr_par' dir='ltr' id='par_1_104' title="bbox 1877 5375 3736 5442">
     <span class='ocr_line' id='line_1_104' title="bbox 1877 5375 3736 5442; baseline 0.001 -16"><span class='ocrx_word' id='word_1_780' title='bbox 1877 5375 1898 5407; x_wconf 82' lang='grc'>³</span> <span class='ocrx_word' id='word_1_781' title='bbox 1929 5375 2052 5428; x_wconf 87' lang='lat' dir='ltr'><strong>libri</strong></span> <span class='ocrx_word' id='word_1_782' title='bbox 2091 5375 2472 5431; x_wconf 74' lang='grc' dir='ltr'>ἀποϐουκολεῖ.</span> <span class='ocrx_word' id='word_1_783' title='bbox 2545 5376 2566 5408; x_wconf 76' lang='grc'><strong>⁸</strong></span> <span class='ocrx_word' id='word_1_784' title='bbox 2589 5377 2679 5430; x_wconf 74' lang='grc' dir='ltr'>ἐπὶ</span> <span class='ocrx_word' id='word_1_785' title='bbox 2695 5375 2902 5442; x_wconf 77' lang='grc' dir='ltr'>τούτοις</span> <span class='ocrx_word' id='word_1_786' title='bbox 2923 5380 3059 5432; x_wconf 74' lang='grc' dir='ltr'>πᾶσι</span> <span class='ocrx_word' id='word_1_787' title='bbox 3089 5395 3150 5442; x_wconf 82' lang='grc' dir='ltr'><strong>ς.</strong></span> <span class='ocrx_word' id='word_1_788' title='bbox 3219 5381 3239 5411; x_wconf 78' lang='grc'>³</span> <span class='ocrx_word' id='word_1_789' title='bbox 3267 5377 3638 5440; x_wconf 70' lang='grc' dir='ltr'>κανονίζονται</span> <span class='ocrx_word' id='word_1_790' title='bbox 3674 5392 3736 5441; x_wconf 84' lang='grc' dir='ltr'><strong>ς.</strong></span> 
     </span>
    </p>
   </div>
   <div class='ocr_carea' id='block_1_105' title="bbox 489 5444 2374 5518">
    <p class='ocr_par' dir='ltr' id='par_1_105' title="bbox 489 5444 2374 5518">
     <span class='ocr_line' id='line_1_105' title="bbox 489 5444 2374 5518; baseline 0.001 -19"><span class='ocrx_word' id='word_1_791' title='bbox 489 5449 510 5480; x_wconf 81' lang='grc'>⁸</span> <span class='ocrx_word' id='word_1_792' title='bbox 542 5445 820 5516; x_wconf 86' lang='grc' dir='ltr'>λογισμοῖς</span> <span class='ocrx_word' id='word_1_793' title='bbox 847 5449 892 5498; x_wconf 75' lang='grc' dir='ltr'><strong>Α</strong></span> <span class='ocrx_word' id='word_1_794' title='bbox 931 5464 944 5500; x_wconf 92' lang='lat'><strong>:</strong></span> <span class='ocrx_word' id='word_1_795' title='bbox 979 5446 1154 5513; x_wconf 83' lang='grc' dir='ltr'>λόγοις</span> <span class='ocrx_word' id='word_1_796' title='bbox 1173 5462 1233 5509; x_wconf 78' lang='grc' dir='ltr'><strong>ς.</strong></span> <span class='ocrx_word' id='word_1_797' title='bbox 1286 5446 1305 5477; x_wconf 91' lang='grc'><strong>⁷</strong></span> <span class='ocrx_word' id='word_1_798' title='bbox 1331 5444 1425 5498; x_wconf 81' lang='grc' dir='ltr'>τοῦ</span> <span class='ocrx_word' id='word_1_799' title='bbox 1453 5445 1728 5518; x_wconf 78' lang='grc' dir='ltr'>Λέμὸρου]</span> <span class='ocrx_word' id='word_1_800' title='bbox 1761 5445 1973 5516; x_wconf 78' lang='grc' dir='ltr'><strong>Λέμὸος</strong></span> <span class='ocrx_word' id='word_1_801' title='bbox 2002 5444 2374 5501; x_wconf 80' lang='lat' dir='ltr'><strong>Casaubonus.</strong></span> 
     </span>
    </p>
   </div>
   <div class='ocr_carea' id='block_1_106' title="bbox 2000 5560 2234 5617">
    <p class='ocr_par' dir='ltr' id='par_1_106' title="bbox 2000 5560 2234 5617">
     <span class='ocr_line' id='line_1_106' title="bbox 2000 5560 2234 5617; baseline -0.009 -1"><span class='ocrx_word' id='word_1_802' title='bbox 2000 5560 2210 5617; x_wconf 70' lang='lat' dir='ltr'><strong>NOTAL</strong></span> <span class='ocrx_word' id='word_1_803' title='bbox 2221 5603 2234 5614; x_wconf 92' lang='lat'><strong>.</strong></span> 
     </span>
    </p>
   </div>
   <div class='ocr_carea' id='block_1_107' title="bbox 559 5652 2048 5724">
    <p class='ocr_par' dir='ltr' id='par_1_107' title="bbox 559 5652 2048 5724">
     <span class='ocr_line' id='line_1_107' title="bbox 559 5652 2048 5724; baseline 0.002 -18"><span class='ocrx_word' id='word_1_804' title='bbox 559 5653 672 5722; x_wconf 83' lang='lat' dir='ltr'><strong>(I6)</strong></span> <span class='ocrx_word' id='word_1_805' title='bbox 708 5652 1096 5724; x_wconf 76' lang='grc' dir='ltr'>Προηγούμενὰ</span> <span class='ocrx_word' id='word_1_806' title='bbox 1142 5670 1201 5705; x_wconf 85' lang='grc' dir='ltr'><strong>τε</strong></span> <span class='ocrx_word' id='word_1_807' title='bbox 1235 5653 1330 5706; x_wconf 67' lang='grc' dir='ltr'><strong>καὶ</strong></span> <span class='ocrx_word' id='word_1_808' title='bbox 1380 5653 1877 5723; x_wconf 74' lang='grc' dir='ltr'>ἀποπροηγούμενα</span> <span class='ocrx_word' id='word_1_809' title='bbox 1927 5671 2048 5723; x_wconf 68' lang='lat' dir='ltr'><strong>quin</strong></span> 
     </span>
    </p>
   </div>
   <div class='ocr_carea' id='block_1_108' title="bbox 491 5724 2038 5791">
    <p class='ocr_par' dir='ltr' id='par_1_108' title="bbox 491 5724 2038 5791">
     <span class='ocr_line' id='line_1_108' title="bbox 491 5724 2038 5791; baseline -0.001 -13"><span class='ocrx_word' id='word_1_810' title='bbox 491 5724 739 5783; x_wconf 68' lang='lat' dir='ltr'><strong>diC-‘llillﬂ&#39;</strong></span> <span class='ocrx_word' id='word_1_811' title='bbox 765 5725 902 5787; x_wconf 77' lang='lat' dir='ltr'><strong>apud</strong></span> <span class='ocrx_word' id='word_1_812' title='bbox 933 5725 1164 5788; x_wconf 76' lang='lat' dir='ltr'><strong>Stoicus,</strong></span> <span class='ocrx_word' id='word_1_813' title='bbox 1189 5725 1399 5780; x_wconf 81' lang='lat' dir='ltr'><strong>docebit</strong></span> <span class='ocrx_word' id='word_1_814' title='bbox 1430 5734 1483 5780; x_wconf 85' lang='lat' dir='ltr'><strong>te</strong></span> <span class='ocrx_word' id='word_1_815' title='bbox 1511 5724 1702 5778; x_wconf 61' lang='lat' dir='ltr'><strong>Cicero</strong></span> <span class='ocrx_word' id='word_1_816' title='bbox 1733 5741 1790 5780; x_wconf 87' lang='grc' dir='ltr'><strong>ιιι</strong></span> <span class='ocrx_word' id='word_1_817' title='bbox 1825 5726 1895 5778; x_wconf 80' lang='lat' dir='ltr'><strong>De</strong></span> <span class='ocrx_word' id='word_1_818' title='bbox 1913 5725 2038 5791; x_wconf 76' lang='lat' dir='ltr'><strong>ﬁui-</strong></span> 
     </span>
    </p>
   </div>
   <div class='ocr_carea' id='block_1_109' title="bbox 2152 5646 3738 5722">
    <p class='ocr_par' dir='ltr' id='par_1_109' title="bbox 2152 5646 3738 5722">
     <span class='ocr_line' id='line_1_109' title="bbox 2152 5646 3738 5722; baseline 0 -16"><span class='ocrx_word' id='word_1_819' title='bbox 2152 5654 2280 5716; x_wconf 81' lang='lat' dir='ltr'><strong>bas,</strong></span> <span class='ocrx_word' id='word_1_820' title='bbox 2322 5663 2374 5707; x_wconf 80' lang='lat' dir='ltr'><strong>et</strong></span> <span class='ocrx_word' id='word_1_821' title='bbox 2416 5654 2615 5708; x_wconf 85' lang='lat' dir='ltr'><strong>cIarius</strong></span> <span class='ocrx_word' id='word_1_822' title='bbox 2669 5654 2866 5708; x_wconf 79' lang='lat' dir='ltr'><strong>Sextus</strong></span> <span class='ocrx_word' id='word_1_823' title='bbox 2916 5650 3170 5722; x_wconf 74' lang='lat' dir='ltr'><strong>Etnpiric.</strong></span> <span class='ocrx_word' id='word_1_824' title='bbox 3223 5649 3311 5705; x_wconf 88' lang='lat' dir='ltr'><strong>lib.</strong></span> <span class='ocrx_word' id='word_1_825' title='bbox 3372 5665 3427 5705; x_wconf 90' lang='grc' dir='ltr'><strong>ιιι</strong></span> <span class='ocrx_word' id='word_1_826' title='bbox 3469 5646 3738 5720; x_wconf 77' lang='lat' dir='ltr'><strong>Pyrrhon.</strong></span> 
     </span>
    </p>
   </div>
   <div class='ocr_carea' id='block_1_110' title="bbox 2150 5722 2756 5793">
    <p class='ocr_par' dir='ltr' id='par_1_110' title="bbox 2150 5722 2756 5793">
     <span class='ocr_line' id='line_1_110' title="bbox 2150 5722 2756 5793; baseline 0.002 -16"><span class='ocrx_word' id='word_1_827' title='bbox 2150 5722 2343 5793; x_wconf 78' lang='lat' dir='ltr'><strong>Hypot.</strong></span> <span class='ocrx_word' id='word_1_828' title='bbox 2380 5739 2479 5793; x_wconf 68' lang='lat' dir='ltr'><strong>cap</strong></span> <span class='ocrx_word' id='word_1_829' title='bbox 2510 5723 2600 5786; x_wconf 64' lang='grc' dir='ltr'><strong>ει,</strong></span> <span class='ocrx_word' id='word_1_830' title='bbox 2640 5728 2756 5778; x_wconf 88' lang='lat' dir='ltr'><strong>init.</strong></span> 
     </span>
    </p>
   </div>
  </div>
