4030 6248
285 245 518 310 ’699’

1383 244 1650 307 ΡΗΟΤΙΙ
1681 240 2187 303 ΡΑΤΗΙΑΗΟΗᾸΞ
2225 243 2335 303 CP.

3463 231 3571 293 700

331 361 599 417 Asiaticus
651 376 740 418 res
790 364 944 418 libris
998 365 1205 427 decem,
1249 370 1305 420 et
1344 363 1412 418 de
1454 361 1682 431 Europae
1742 363 1901 416 rebus

2006 357 2218 428 Γράψαι
2260 358 2319 412 δὲ
2369 357 2463 411 τὸν
2509 355 2678 429 ἄνδρα
2724 351 2914 407 τοῦτον
2944 351 3013 404 τὰ
3045 349 3188 404 κατὰ
3242 349 3344 418 τὴν
3383 348 3572 402 Ἀσίαν

331 455 484 508 libris
534 454 673 524 (l7)
731 455 1085 526 quadraginta
1153 470 1346 510 novem
1415 455 1699 509 historiam
1775 468 1898 522 per-

331 545 588 610 texuisse,
627 546 934 600 didicimus.
976 545 1104 613 Ejus
1139 555 1318 600 autem
1355 545 1476 598 libri
1512 544 1626 614 (18)
1661 544 1900 613 quinque

335 637 573 692 Rubrum
621 652 791 704 mare,
832 651 1058 707 quaeque
1109 638 1176 693 ad
1226 638 1355 692 illud
1400 639 1692 707 pertinent,
1729 650 1899 705 expo-

332 735 484 780 nunt.
518 727 582 780 Et
618 730 733 782 haec
764 728 980 794 quidem
1017 731 1198 784 omnia
1234 730 1460 798 ipsemet
1489 739 1732 784 extremo
1762 728 1900 781 libro

331 819 521 885 quinto
550 832 960 876 commemorat.
999 821 1096 878 Ubi
1145 834 1199 878 et
1230 824 1301 878 ob
1334 823 1468 879 alias
1496 833 1674 876 certas
1703 835 1902 876 causas

331 921 361 960 a
406 910 691 964 scribendo
745 926 805 965 se
857 925 1100 968 cessasse
1146 916 1241 976 ait,
1274 914 1524 982 quodque
1563 923 1752 968 exacta
1788 912 1901 981 jam

331 1009 462 1053 aetas
494 1000 545 1053 in
577 1002 784 1055 senium
821 1013 1088 1072 vergeret.
1139 1003 1278 1059 Sunt
1306 1005 1398 1075 qui
1429 1015 1624 1073 praeter
1656 1006 1772 1059 haec
1798 1003 1901 1058 alia

332 1090 402 1144 ab
441 1090 532 1145 illo
576 1095 883 1164 conscripta
920 1097 1160 1156 tradunt,
1205 1112 1324 1164 qua:
1361 1097 1492 1151 mihi
1535 1098 1720 1152 videre
1764 1115 1903 1151 nun-

332 1195 495 1248 quam
550 1185 798 1253 contigit.
848 1185 982 1240 Nam
1041 1196 1096 1242 et
1148 1187 1534 1255 Compendinm
1597 1189 1744 1242 aiunt
1799 1203 1904 1242 uno

333 1270 474 1325 libro
519 1273 802 1342 reliquisse
847 1291 1058 1341 eorum,
1090 1293 1210 1346 qua:
1256 1280 1321 1331 de
1366 1276 1550 1334 Rubro
1592 1280 1723 1332 mari
1765 1281 1904 1333 scri-

335 1363 558 1431 psisset;
597 1365 723 1419 item
761 1366 835 1420 De
869 1366 1204 1440 Troglodylis
1240 1369 1404 1424 libros
1432 1371 1688 1439 quinque,
1723 1373 1816 1424 sed
1853 1379 1906 1423 et

335 1454 612 1521 Epitomen
666 1456 840 1528 Lydes
898 1459 966 1513 ab
1006 1459 1329 1515 Antimacho
1379 1463 1626 1530 scriptm;
1689 1478 1904 1515 rursum

333 1545 477 1599 aliud
504 1546 834 1602 Breviarium
880 1565 1067 1605 eorum
1113 1568 1232 1621 qua:
1271 1554 1340 1608 de
1380 1554 1701 1609 collectione
1735 1555 1907 1608 admi-

333 1634 585 1688 rabilium
633 1648 914 1692 ventorum
961 1641 1162 1710 scripta
1201 1653 1498 1698 exstarent.
1545 1645 1902 1699 Historiarum

335 1724 523 1780 adhmc
569 1726 840 1798 Excerpla
869 1733 1258 1799 composuisse,
1291 1745 1455 1803 atque
1492 1736 1558 1791 de
1600 1737 1900 1791 amicorum
1934 1704 1980 1762 Β

339 1815 481 1870 inter
515 1816 658 1885 ipsos
691 1823 1103 1877 consuetudine.

408 1995 502 2050 Est
541 2007 722 2052 autem
754 1997 842 2054 hic
880 2001 984 2068 vir,
1019 2010 1282 2071 quantum
1316 2004 1432 2072 ejus
1469 2005 1620 2062 libris
1660 2009 1904 2078 legendis

335 2101 664 2158 cognoscere
697 2091 869 2160 potui,
901 2094 1309 2165 grandiloquus,
1339 2106 1394 2152 et
1421 2100 1701 2156 sententiis
1732 2101 1907 2157 abun-

337 2180 494 2234 dans.
535 2179 638 2246 Qui
685 2182 953 2238 orationis
998 2187 1370 2254 magnitudine
1405 2204 1469 2245 ac
1504 2190 1766 2260 dignitate
1797 2209 1907 2264 pra:

336 2271 548 2326 caeteris
600 2273 814 2341 quidem
868 2277 1101 2343 gaudet,
1157 2279 1252 2332 sed
1302 2281 1484 2336 verbis
1533 2284 1906 2343 solet-tioribus

336 2377 442 2416 non
485 2363 771 2417 admodum
810 2364 1022 2422 videtur
1051 2369 1318 2426 addictus.
1354 2371 1539 2442 Neque
1568 2385 1746 2430 tamen
1779 2379 1905 2432 dum

339 2453 564 2508 usitatas
591 2469 688 2524 per
711 2456 889 2509 omnia
918 2469 1313 2530 consuetasque
1347 2480 1503 2519 voces
1530 2481 1634 2522 non
1663 2469 1906 2536 adhibet,

337 2560 506 2601 novas
544 2549 658 2616 ipse
689 2549 890 2604 format
918 2569 931 2605 :
966 2553 1068 2606 nisi
1110 2552 1254 2609 forte
1283 2561 1712 2626 usurpandorum
1743 2579 1907 2619 voca-

337 2639 588 2693 bulorum
634 2641 832 2696 artifex
884 2645 1171 2713 quispiam,
1209 2663 1399 2703 novam
1450 2655 1738 2719 quamdam
1783 2672 1907 2726 ape-

335 2732 473 2784 cicm
509 2731 886 2800 praaierentem
923 2737 1166 2802 phrasim
1207 2741 1272 2794 de
1310 2757 1414 2795 non
1449 2745 1602 2799 novis
1631 2747 1909 2802 vocabulis

335 2822 596 2882 effecerit.
641 2825 794 2892 Quod
840 2829 1053 2897 quidem
1104 2834 1392 2888 artificium
1446 2836 1726 2906 ingeniose
1773 2844 1908 2896 adeo

338 2916 432 2970 tibi
466 2917 709 2985 subjicit,
741 2930 800 2973 ut
829 2937 928 2974 nec
961 2923 1270 3005 innovatym
1313 2929 1602 2996 quidquam
1637 2934 1903 3003 videatur,

2000 449 2247 519 ἔγνωμεν
2275 449 2297 482 ⁸
2322 451 2381 503 ὲν
2425 447 2650 519 βιϐλίοις
2683 453 2714 499 ι’
2743 462 2758 476 ⁸
2798 444 2893 498 καὶ
2920 442 3030 496 τῶν
3058 441 3200 495 κατὰ
3236 440 3336 508 τὴν
3385 438 3573 510 Εὐρώ-

2000 561 2110 611 πην
2135 543 2190 595 δὲ
2223 542 2244 573 ⁸
2275 543 2355 605 είς
2386 541 2430 594 θ’
2451 540 2543 594 καὶ
2571 545 2622 609 μ’
2655 538 3044 608 παρα-τείνεται
3075 533 3226 603 αὐτῷ
3261 535 3295 602 ἡ
3321 532 3533 602 ἱστορία
3554 547 3571 564 ⁸

2001 635 2136 690 ἀλλὰ
2165 636 2255 688 καὶ
2282 633 2321 686 ε’
2351 633 2534 704 βιϐλία
2566 632 2666 702 τὴν
2695 631 2967 699 Ἐρυθρὰν
3003 627 3151 696 αὐτῷ
3183 627 3364 679 πᾶσαν
3390 625 3575 677 καὶτὰ

2003 726 2129 795 περὶ
2145 724 2350 792 ταύτην
2380 720 2741 792 ἐξιστοροῦσι.
2779 720 2891 785 Τὴν
2922 712 3015 771 οὖν
3037 717 3336 788 εἰρημένην
3357 715 3575 768 ἅπασαν
3619 781 3630 786 _

2003 818 2329 890 συγγραφὴν
2384 816 2513 890 [9.82
2565 814 2660 887 11.]
2715 815 2807 868 καὶ
2845 814 3007 876 αὐτὸς
3055 813 3146 864 ἐπὶ
3197 812 3342 864 τέλει
3391 809 3488 865 τοῦ
3532 817 3573 864 ε’

2001 911 2162 979 λόγου
2201 911 2281 972 είς
2332 912 2552 980 μνήμην
2581 908 2795 976 ἀνάγει,
2831 907 2890 959 ὲν
2920 898 2964 973 ᾧ
2992 905 3086 959 καὶ
3120 902 3434 957 πεπαῦσθαι
3479 901 3574 956 τοῦ

2001 1001 2236 1073 γράφειν
2268 1002 2355 1054 διά
2381 1001 2532 1063 τινάς
2578 1016 2638 1052 τε
2680 997 2860 1061 αἰτίας
2895 998 3049 1064 ἄλλα,
3099 998 3192 1049 καὶ
3233 997 3314 1050 ὅτι
3373 997 3442 1050 τὰ
3477 997 3574 1066 τῆς

2001 1091 2222 1160 ἡλικίας
2274 1089 2558 1144 ἀποκλίνοι
2601 1089 2739 1159 πρὸς
2783 1087 2843 1140 τδ
2869 1085 3090 1157 ἔξωρον.
3123 1085 3270 1153 Πλὴν
3327 1102 3391 1154 γε
3437 1085 3574 1137 εἰσὶν

2002 1183 2058 1235 οἴ
2088 1199 2252 1251 φασιν
2276 1182 2438 1235 αὐτὸν
2473 1180 2570 1234 καὶ
2597 1180 2791 1251 ἑτέρας
2837 1177 3279 1248 συγγεγραφέναι
3309 1192 3572 1246 πραγμα-

2002 1275 2175 1340 τείας,
2211 1267 2286 1327 ῶν
2319 1275 2480 1344 ἡμεῖς
2508 1273 2696 1324 οὐδένα
2724 1271 2932 1324 οὐδέπω
2965 1271 3008 1302 ιο
3051 1270 3229 1338 ῐσμεν.
3277 1266 3575 1337 Ἐπιτομὴν

2003 1364 2060 1416 δὲ
2089 1363 2249 1415 αὐτόν
2267 1380 2397 1431 φασι
2423 1362 2530 1414 τῶν
2561 1362 2689 1431 περὶ
2715 1361 2815 1429 τῆς
2843 1359 3001 1430 Ἐρυο
3013 1360 3109 1429 ρᾶς
3137 1358 3414 1428 θαλάσσης
3447 1358 3577 1410 ἀνα-

2006 1453 2406 1524 γεγραμμένων
2448 1455 2505 1505 ἐν
2547 1453 2627 1504 ἑνὶ
2685 1451 2940 1515 συντάξαι
2970 1451 3182 1521 βιϐλίῳ,
3214 1453 3306 1503 καὶ
3343 1452 3448 1520 μὴν
3483 1451 3577 1501 καὶ

2005 1548 2147 1612 Περί
2196 1543 2616 1614 Τρωγλοδυτῶν
2658 1543 2837 1614 βιϐλία
2867 1549 2928 1608 ε’,
2971 1543 3105 1596 ἀλλὰ
3135 1543 3225 1595 καὶ
3251 1541 3578 1610 Ἐπιτομὴν

2006 1639 2105 1708 τῆς
2133 1637 2458 1708 Ἀντιμάχου
2491 1636 2689 1707 Λύδης,
2727 1637 2824 1689 καὶ
2865 1635 3027 1690 πάλιν
3056 1636 3222 1706 ἄλλην
3251 1633 3578 1704 Ἐπιτομὴν

2006 1730 2114 1783 τῶν
2167 1730 2624 1801 συγγεγραφότων
2693 1728 2822 1799 περὶ
2877 1728 3199 1796 συναγωγῆς
3257 1726 3578 1797 θαυμασίων

2005 1824 2245 1893 ἀνέμων,
2281 1821 2512 1891 ἐκλογάς
2541 1837 2600 1875 τε
2635 1819 2887 1891 ἱστοριῶν
2919 1819 3081 1873 αὑτὸν
3098 1818 3358 1885 συντάξαι
3384 1819 3450 1883 ¹¹,
3482 1818 3580 1872 καὶ

2008 1919 2135 1990 περὶ
2160 1919 2260 1985 τῆς
2290 1917 2620 1988 προσφιλοῦς
2653 1907 2890 1986 ὁμιλίαςζ

2081 2011 2236 2064 Ἔστι
2265 2011 2320 2063 δὲ
2350 2008 2410 2074 ἐξ
2437 2007 2510 2062 ὧν
2537 2009 2628 2061 τὸν
2654 2007 2822 2078 ἄνδρα
2856 2007 2986 2070 τοὺς
3007 2005 3202 2076 λόγους
3235 2005 3402 2060 αὐτοῦ
3436 2005 3578 2059 διελ-

2007 2104 2192 2167 θόντες
2223 2103 2565 2172 ἐπέγνωμεν,
2611 2100 3043 2172 μεγαλοπρεπής
3077 2116 3136 2152 τε
3163 2100 3257 2152 καὶ
3300 2099 3578 2166 γνωμολοο

2005 2199 2178 2267 γικὺς,
2194 2198 2374 2268 καὶτῷ
2398 2198 2496 2267 μὲν
2520 2196 2614 2248 τοῦ
2634 2196 2792 2264 λόγου
2820 2195 3040 2265 μεγέθει
3064 2195 3156 2246 καὶ
3174 2191 3448 2258 ἀξιώματι
3467 2191 3578 2244 τῶν

2005 2289 2178 2344 ἄλλων
2209 2288 2406 2359 μᾶλλον
2432 2287 2658 2358 χαίρων,
2692 2285 2868 2352 λέξεσι
2897 2285 3078 2354 μέντοι
3099 2285 3321 2352 λογάσιν
3347 2289 3407 2336 oti
3432 2283 3578 2335 πάνυ

2005 2381 2481 2454 προστεθειμένος,
2516 2378 2635 2432 οὐδὲ
2659 2378 2745 2432 διὰ
2778 2377 2887 2432 τῶν
2917 2377 3122 2448 έθίμων
3150 2376 3208 2430 δὲ
3239 2375 3328 2429 διὰ
3379 2375 3576 2438 παντὸς

2007 2475 2392 2546 πορευόμενος,
2424 2473 2627 2542 γεννῶν
2656 2471 2714 2524 δὲ
2753 2471 2916 2533 αὐτὸς
2938 2471 3000 2523 οὐ
3028 2468 3226 2535 λέξεις,
3263 2466 3379 2521 ἁλλ’
3407 2467 3462 2521 εἰ
3495 2482 3578 2529 τις

2005 2567 2164 2630 ἄλλος
2207 2569 2251 2599 ⁸⁸
2297 2565 2626 2638 δημιουργὸς
2671 2565 2769 2634 τῆς
2813 2562 2940 2634 περὶ
2973 2563 3071 2626 τὰς
3102 2560 3275 2625 λέξεις
3307 2557 3575 2630 χρήσεως,

2009 2659 2205 2730 καινήν
2234 2676 2355 2712 τινα
2379 2657 2454 2728 μὴ
2478 2659 2694 2720 καιναῖς
2727 2656 2769 2687 ¹⁹
2796 2653 3133 2724 κεχρημένος
3163 2652 3338 2718 λέξεσι
3372 2665 3576 2719 φανταο

2009 2753 2128 2805 σίαν
2178 2751 2498 2822 πέμπουσαν
2544 2748 2588 2778 “
2631 2747 2886 2800 ἀποτελεῖ
2932 2744 3030 2815 τὴν
3060 2745 3262 2815 φράσιν
3293 2754 3307 2770 ⁸
3347 2741 3490 2795 οὕτω
3523 2739 3579 2792 δὲ

2007 2842 2302 2915 προσφυῶς
2346 2839 2705 2894 ὑποϐάλλεται
2751 2837 2849 2908 τὴν
2882 2839 3100 2908 πρᾶξιν,
3131 2835 3206 2898 ὡς
3233 2835 3331 2905 τήν
3366 2851 3427 2885 τε
3459 2849 3580 2886 και-

2005 2933 2260 3003 νοτομίαν
2290 2933 2364 3002 μῆ
2389 2931 2566 2985 δοκεῖν
2608 2924 2746 2982 εἶναι
2783 2927 3155 2998 καινοτομίαν,
3189 2926 3283 2979 καὶ
3318 2925 3377 2977 τὸ
3409 2924 3580 2998 σαφὲς

334 3022 437 3062 nec
485 3009 661 3062 minor
709 3012 801 3074 sit,
838 3027 998 3080 quam
1048 3015 1091 3068 si
1144 3018 1373 3072 usitatas
1427 3023 1695 3078 attulisset
1749 3040 1906 3083 voces

2009 3027 2108 3078 ούκ
2133 3025 2352 3077 ἔλαττον
2377 3022 2486 3076 τῶν
2506 3022 2565 3088 ἑξ
2591 3022 2744 3084 έθους
2760 3021 2958 3084 λέξεων
2987 3019 3269 3090 παρέχειν.
3301 3017 3581 3087 Κέχρηται

334 3100 714 3169 perspicuitas.
744 3101 926 3157 Utitur
956 3107 1117 3160 etiam
1151 3112 1451 3178 sententiis,
1480 3129 1599 3182 qua;
1632 3118 1747 3183 ejus
1780 3133 1907 3186 pru-

333 3191 574 3246 dentiam
627 3209 732 3248 non
785 3195 988 3262 minus,
1031 3213 1192 3267 quam
1246 3201 1566 3259 industriam
1623 3209 1908 3267 manifeste

333 3282 631 3340 declarant.
685 3286 767 3340 Ad
825 3289 1111 3343 verborum
1163 3292 1289 3348 item
1345 3294 1774 3355 immutationem
1822 3318 1910 3358 re-

332 3375 472 3430 ctius
521 3378 922 3445 assumendam,
956 3382 1172 3452 egregie
1215 3401 1324 3453 pra:
1358 3391 1571 3444 caeteris
1612 3406 1909 3462 compara-

332 3476 418 3521 tus
472 3476 578 3521 est.
637 3467 1039 3526 Jucunditatem
1098 3490 1298 3544 porro,
1353 3482 1604 3549 quodque
1667 3485 1906 3541 animum

331 3565 662 3630 demulcere,
712 3577 806 3620 aut
859 3568 1162 3626 diﬂuudere
1215 3586 1396 3643 queat,
1451 3579 1656 3635 occulte
1707 3589 1906 3650 passim

333 3670 400 3709 ac
444 3654 672 3713 latenter
710 3658 901 3728 171!)
933 3676 1026 3729 per
1061 3673 1230 3717 totum
1276 3683 1411 3736 Opus
1452 3670 1792 3730 disseminat.
1827 3678 1909 3732 Ad

337 3756 518 3816 tropos
564 3763 782 3816 quoque
830 3751 918 3805 ubi
975 3767 1034 3805 se
1084 3757 1387 3823 applicarit,
1420 3759 1539 3815 sine
1584 3763 1694 3818 ullo
1742 3768 1908 3823 mole-

334 3837 452 3890 stizn
503 3852 663 3892 sensu
711 3839 830 3892 illos
874 3841 1116 3896 adhibet.
1155 3845 1306 3910 Quod
1347 3851 1564 3918 quidem
1610 3853 1662 3908 in
1700 3871 1766 3911 eo
1798 3858 1910 3913 eili-

335 3929 410 3982 cit
457 3943 561 3982 non
605 3929 888 3985 verborum
936 3933 1046 4000 ipsa
1083 3951 1179 4002 per
1208 3953 1266 3992 se
1295 3945 1668 4008 commutatio,
1701 3949 1795 4001 sed
1825 3949 1908 4003 in.

335 4021 554 4086 geniosa
606 4021 850 4089 quzedam
893 4032 949 4078 et
1002 4029 1182 4080 suavis
1226 4029 1292 4082 ad
1346 4045 1432 4085 res
1473 4032 1608 4086 alias
1661 4039 1908 4094 transitio

337 4121 499 4181 atque
540 4115 842 4169 conversio.
901 4116 1109 4170 Etenim
1157 4135 1350 4173 nomen
1404 4138 1499 4190 pro
1539 4126 1703 4180 verbo
1747 4144 1908 4182 assu-

338 4219 508 4270 mere,
554 4220 878 4276 rursumque
931 4209 1151 4262 verbum
1206 4210 1257 4262 in
1309 4228 1500 4266 nomen
1549 4229 1903 4288 commutare,

339 4310 497 4349 voces
545 4311 759 4365 quoque
808 4297 858 4350 in
906 4300 1206 4353 orationem
1247 4301 1565 4371 diffundere,
1603 4317 1657 4361 et
1705 4311 1908 4365 oratio-

2007 3118 2066 3170 δὲ
2115 3117 2209 3170 καὶ
2246 3116 2492 3184 γνώμαις
2530 3115 2593 3167 τὸ
2639 3113 2888 3183 νουνεχὲς
2917 3113 3011 3166 καὶ
3042 3112 3365 3184 δραστήριον
3395 3110 3582 3178 ἐπιδη-

2007 3207 2247 3270 λούσαις.
2279 3207 2496 3277 Τροπὰς
2526 3206 2580 3259 δὲ
2612 3205 2885 3267 ὑπελθεῖν,
2938 3204 2991 3256 εί
3034 3221 3118 3266 τις
3155 3203 3333 3267 ἄλλος,
3384 3200 3582 3272 ἄριστα

2008 3299 2521 3369 παρεσκευασμένος
2549 3298 2611 3350 τὸ
2658 3297 2756 3368 μὲν
2801 3297 2900 3368 ἡδὺ
2947 3295 3042 3349 καὶ
3089 3294 3288 3364 κηλοῦν
3339 3297 3434 3347 καὶ
3481 3295 3582 3363 τὴν

2006 3393 2183 3464 ψυχὴν
2222 3393 2436 3461 διαχέον
2478 3391 2782 3461 λεληθότως
2809 3391 2876 3444 δι’
2899 3390 3020 3443 ὅλου
3050 3387 3357 3458 διασπείρει
3394 3386 3437 3418 ³⁵
3485 3385 3583 3438 τοῦ

2008 3484 2353 3552 γράμματος,
2392 3483 2472 3544 εἰς
2504 3481 2712 3553 τροπὴν
2751 3481 2809 3534 δὲ
2848 3481 2929 3534 ὅτι
2969 3481 3393 3550 παρενήνεκται,
3430 3477 3585 3531 οῦδε-

2012 3578 2141 3644 μίαν
2188 3576 2362 3646 λύπην
2409 3574 2675 3645 δηλοῦσαν
2720 3573 2936 3644 ἀφίησι.
2986 3575 3135 3626 Ποιεῖ
3161 3571 3218 3624 δὲ
3253 3569 3400 3641 αύτῷ
3424 3569 3584 3623 τοῦτο

2011 3669 2245 3736 μάλιστα
2273 3669 2395 3738 οὐχὶ
2423 3669 2456 3738 ἡ
2490 3665 2597 3719 τῶν
2634 3665 2831 3732 λέξεων
2865 3664 3002 3733 αὑτὴ
3026 3664 3147 3718 καθ’
3181 3664 3377 3732 ἑαυτὴν
3415 3680 3582 3733 μετα-

2008 3759 2159 3828 ϐολὴ,
2188 3758 2301 3812 ἀλλ’
2328 3760 2360 3827 ἡ
2392 3757 2499 3810 ἀπὸ
2529 3755 2869 3827 πραγμάτων
2896 3754 3099 3824 ἐτέρων
3130 3755 3208 3816 είς
3243 3752 3405 3823 ἕτερα
3443 3752 3585 3822 μετά

2006 3867 2151 3912 τινος
2180 3851 2352 3919 σοφῆς
2384 3849 2478 3901 καὶ
2522 3847 2795 3920 ἠρεμαίας
2846 3847 3272 3918 μεταχειρίσεως
3315 3847 3360 3878 ¹⁶
3421 3847 3585 3922 μετὰ-

2008 3943 2165 4005 ϐασίς
2193 3960 2250 3995 τε
2279 3943 2374 3995 καὶ
2405 3941 2746 4010 μετατροπή.
2792 3938 2954 3991 ’Λλλὰ
2988 3938 3097 4007 γὰρ
3137 3940 3233 3990 καὶ
3276 3937 3585 3990 ἀντιλαϐεῖν

2011 4037 2109 4106 μὲν
2138 4035 2308 4104 ὅνομα
2345 4035 2610 4105 ῥήματος,
2644 4031 2871 4101 ἀμεῖψαι
2907 4031 2965 4083 δὲ
3001 4030 3061 4083 τὺ
3096 4032 3247 4100 ῥῆμα
3277 4031 3355 4091 είς
3388 4030 3580 4098 δνομα,

2008 4127 2103 4181 καὶ
2146 4125 2302 4178 λῦσαι
2349 4125 2447 4191 μὲν
2485 4122 2660 4186 λέξεις
2709 4123 2788 4185 είς
2814 4122 3024 4188 λόγους,
3065 4122 3387 4188 συναγαγεῖν
3414 4121 3469 4173 δὲ
3498 4119 3583 4172 λό-

2006 4235 2101 4286 γον
2136 4219 2216 4282 εἰς
2257 4215 2427 4269 τύπον
2462 4216 2725 4284 ὀνόματος
2747 4253 2762 4278 ,
2810 4212 3022 4275 οὐδενὸς
3082 4211 3583 4282 ἀνεπιτηδειότερυς

2006 4305 2081 4365 ῶν
2115 4311 2291 4381 ἴσμεν.
2321 4309 2429 4363 Καὶ
2449 4306 2694 4378 ζηλωτὴς
2725 4306 2822 4376 μέν
2854 4307 2970 4357 ἐστι
2995 4302 3314 4357 Θουκυδίδου
3346 4305 3402 4356 ἓν
3425 4321 3482 4356 τε
3513 4305 3584 4372 τῇ

339 4399 459 4438 nem
508 4385 558 4438 in
613 4386 848 4441 nominis
899 4389 1054 4456 quasi
1105 4389 1333 4444 formam
1375 4407 1588 4464 cogere,
1633 4413 1791 4453 nemo
1824 4411 1906 4456 est

2010 4405 2117 4457 τῶν
2149 4380 2499 4474 δημηγοριῶν
2526 4399 2777 4470 δαψιλείᾳ
2820 4415 2879 4451 τε
2919 4400 3014 4451 καὶ
3066 4399 3324 4468 διασκευῇ
3389 4397 3455 4461 ι’,
3504 4396 3583 4466 τῷ

335 4477 599 4541 omnium,
648 4493 784 4546 quos
835 4480 1101 4544 novimus,
1143 4481 1246 4536 hoc
1291 4483 1405 4551 ipso
1459 4488 1704 4555 peritior.
1756 4493 1902 4546 Idem

337 4567 705 4639 Thucydidem
754 4571 805 4624 in
855 4571 1211 4627 concionibus
1259 4587 1516 4642 apparatu
1560 4589 1614 4632 et
1657 4583 1904 4638 ubertate

339 4660 610 4723 imitatus,
671 4662 1040 4731 uiagnitudine
1102 4664 1364 4718 oratiOnis
1417 4679 1626 4734 (mlunt,
1696 4677 1903 4741 perspi-

337 4753 538 4806 cuitate
583 4762 761 4806 autem
801 4753 964 4806 etiam
1013 4755 1199 4810 vincit.
1246 4754 1393 4812 Talis
1431 4762 1652 4816 omnino
1696 4764 1777 4817 vir
1808 4767 1906 4820 iste

336 4853 441 4904 est,
478 4843 544 4895 ab
597 4844 711 4912 ipsa
755 4858 968 4911 quoque
1009 4849 1361 4914 grammatica
1415 4850 1638 4917 gloriam
1685 4872 1905 4911 assecu-

339 4941 445 4986 tus.
486 4930 582 4985 Gui
645 4931 750 4987 etsi
801 4935 1035 4987 rhetoris
1085 4950 1498 5004 cognomentum
1546 4942 1902 5010 improvidum

2015 4495 2285 4568 μεγαλείῳ
2339 4493 2395 4546 δὲ
2448 4494 2520 4562 μὴ
2569 4488 2900 4560 δευτερεύων
2950 4490 3042 4542 τοῦ
3087 4491 3247 4558 λόγου
3301 4488 3380 4560 τῷ
3423 4490 3587 4556 σαφεῖ

2013 4587 2339 4660 παρελαύνει
2369 4587 2458 4639 τὸν
2493 4586 2678 4656 ἄνδρα.
2727 4584 2888 4636 Ἀλλὰ
2918 4583 3027 4652 γὰρ
3051 4584 3079 4634 ὁ
3118 4583 3216 4651 μὲν
3243 4584 3382 4654 ἀνὴρ
3402 4581 3580 4635 τοιοῦ-

2011 4695 2123 4740 τος,
2181 4677 2277 4728 καὶ
2325 4677 2385 4727 τὸ
2443 4674 2549 4726 ἀπὸ
2598 4674 2696 4742 τῆς
2753 4669 3152 4742 γραμματικῆς
3189 4668 3328 4738 ἔχων
3385 4667 3579 4729 κλέος.

2009 4771 2058 4822 εἰ
2083 4769 2138 4821 δὲ
2165 4767 2258 4820 καὶ
2286 4768 2347 4819 τὸ
2371 4766 2470 4836 τῆς
2512 4767 2806 4836 ῥητορικῆς
2834 4763 3120 4831 ἐπώνυμον
3145 4758 3294 4830 αύτῷ
3319 4761 3352 4829 ἡ
3383 4757 3457 4829 μὴ
3488 4758 3584 4828 νή-

2010 4877 2185 4927 φουσα
2231 4857 2412 4927 ψῆφος
2458 4857 2558 4908 οὐκ
2598 4856 2822 4907 ἐπέθετο
2849 4871 2862 4884 ·
2902 4853 3039 4905 ἀλλὰ
3080 4852 3190 4922 γὰρ
3220 4851 3407 4922 ἔμοιγε
3440 4849 3607 4920 δοκεῖ⁴

2011 4951 2165 5003 οὐδὲν
2196 4950 2417 5002 ἔλαττον
2453 4949 2494 4979 ⁸⁸
2543 4948 2652 4998 τῶν
2698 4944 3100 5016 γραμματικῶν
3145 4943 3206 4995 ού
3259 4941 3506 5010 δεύτερος
3546 4939 3581 5008 ἢ

1648 5107 1876 5165 VARUE
1911 5112 2202 5169 LECTION
2214 5113 2315 5168 ES.

409 5208 432 5238 ⁸
461 5208 704 5296 ἔγγξυμὲν
733 5210 811 5296 ᾼέ
847 5212 1248 5296 ὲγνῳσμέναλτ.
1358 5215 1414 5267 δὲ
1442 5219 1563 5271 add.
1586 5221 1648 5275 A.
1692 5225 1735 5296 ιτ)
1767 5224 1977 5296 οὐδέναι
2009 5228 2116 5279 imo
2139 5226 2290 5278 οὐδέν
2312 5235 2404 5276 aut
2424 5224 2701 5292 οὐδεμίαν.
2762 5223 2798 5252 ¹¹
2835 5217 3277 5296 συντάξαιᾳαύτόν
3303 5233 3364 5296 ς.
3422 5214 3463 5296 ’ξ
3488 5213 3584 5296 ξλ-

338 5278 426 5364 ξοξ
469 5280 592 5361 ξ’ίΜι
630 5284 694 5333 Αο
718 5282 1008 5364 η”ιξίῗναῖς
1039 5299 1093 5344 ς·
1157 5288 1200 5314 ¹⁸
1220 5285 1532 5353 πρέπουσαν
1569 5308 1626 5355 ς.
1716 5294 1757 5326 ’⁵
1788 5278 2146 5364 κατασπείρει
2182 5313 2254 5359 ς,
2324 5295 2365 5326 ⁸⁸
2393 5278 2828 5364 μεταίειρήσεως
2873 5292 2937 5344 Δ.
3013 5278 3058 5319 ³⁷
3087 5278 3345 5356 διασκευῇ
3376 5285 3580 5338 καὶδα-

338 5348 520 5418 ψιλείᾳ
546 5366 606 5412 ς.
718 5349 760 5380 ¹⁸
799 5351 1033 5403 ἐλάττων
1062 5370 1122 5414 ς.

1841 5440 2076 5510 NOTAE.

382 5581 532 5658 _(I7l'
560 5582 705 5658 Qut-5
739 5586 868 5658 vitat
917 5601 1016 5634 non
1044 5586 1223 5658 sonte!
1273 5587 1586 5653 Athenaeus,
1625 5599 1680 5644 ut
1709 5598 1761 5646 et
1791 5588 1898 5646 Lu-

346 5650 489 5705 (iau.
526 5654 574 5702 in
609 5650 909 5717 Macrubiis,
941 5669 991 5708 Ix
1021 5655 1303 5710 Aaialicor.

2081 5590 2194 5658 (l8)
2230 5594 2470 5656 Quorum
2505 5590 2664 5660 primi
2699 5599 2752 5646 et
2785 5589 2959 5660 quinti
2993 5588 3261 5657 Excerpta
3294 5590 3584 5642 occurrent

2014 5671 2201 5729 postea
2233 5661 2356 5716 cod.
2387 5661 2513 5717 250.
