4030 6248
551 253 651 319 τοι

1637 264 2161 326 BIBIJOTHECA.
2193 288 2265 301 --
2309 264 2473 326 COD.
2509 264 2750 325 CCXIV.

3687 269 3801 333 702

549 365 659 418 τῶν
690 367 957 439 ρητόρων,
994 369 1064 425 δι’
1096 362 1174 424 ὧν
1218 370 1315 425 καὶ
1364 371 1566 443 γράφει
1613 375 1708 428 καὶ
1751 374 1991 429 διδάσκει
2048 376 2093 406 ¹⁹

2220 371 2447 426 aliorum
2490 372 2754 441 judicium
2806 386 2913 429 non
2965 372 3257 436 concessit,
3295 386 3413 427 mea
3466 383 3620 429 certe
3665 392 3789 431 seu-

550 459 1003 527 καταφαίνεσθαι.

1242 725 1381 783 ΣΙΔ¹.

504 864 508 868 .
556 809 920 880 Ἱεροκλέους
955 817 1097 886 Περὶ
1145 819 1441 949 ligavit?
1479 818 1579 874 καί
1606 819 1982 889 Εἱμαρμένης
2019 818 2119 885 .84-

613 974 958 1048 Ἀνεγνὼσθη
1005 977 1210 1048 βιϐλίον
1252 980 1581 1052 Ἱεροκλέους
1634 980 1774 1049 Περὶ
1814 981 2110 1050 Προνοίας

541 1071 640 1119 καὶ
678 1068 1072 1137 ΕΙμαρμένης,
1104 1071 1197 1123 καὶ
1246 1071 1344 1141 τῆς
1386 1069 1482 1123 τοῦ
1530 1071 1616 1139 ἐφ’
1662 1072 1796 1142 ἡμῖν
1842 1071 1980 1141 πρὸς
2019 1070 2115 1140 τὴν

541 1153 671 1228 1549
702 1156 796 1229 IL]
831 1157 982 1212 θείαν
1013 1161 1302 1230 ἡγεμονίαν
1338 1161 1660 1227 συντάξεως.
1698 1162 1855 1214 Ἔστι
1890 1162 1990 1232 μὲν
2020 1159 2113 1215 οὖν

536 1246 638 1315 τὴν
669 1247 993 1318 προαίρεσιν
1032 1249 1320 1320 φιλόσοφος
1344 1250 1372 1303 ὁ
1409 1251 1570 1322 ἀνὴρ,
1622 1253 1657 1323 ή
1706 1252 1764 1305 δὲ
1817 1252 2110 1323 συγγραφὴ

540 1337 691 1407 αὐτῷ
731 1339 1169 1411 Ὀλυμπιόδωρον
1199 1342 1392 1413 κριτὴν
1428 1342 1770 1414 προκαθίξει,
1799 1343 1856 1396 ὂν
1885 1347 1980 1397 καὶ
2007 1362 2110 1396 πα-

545 1432 764 1499 ρασχεῖν
790 1431 884 1483 τοῦ
915 1432 1076 1499 λόγου
1102 1434 1201 1497 τάς
1231 1435 1489 1503 ἀφορμὰς
1519 1435 1854 1501 ὑποτίθεται,
1888 1437 1983 1489 καὶ
2011 1436 2110 1489 σύ-

536 1520 628 1571 τδν
662 1519 855 1589 ἔχοντα
896 1522 990 1576 τοῦ
1026 1523 1334 1594 φιλοσοφεῖν
1377 1525 1576 1596 ἔρωτα,
1617 1525 1676 1578 ού
1713 1526 1820 1595 μὴν
1861 1525 1980 1579 οὐδὲ
2012 1528 2112 1596 τῆς

537 1610 821 1681 πολιτικῆς
867 1613 1058 1682 σοφίας
1102 1616 1329 1686 ἄπειρον
1363 1632 1377 1645 ο
1429 1614 1711 1688 ἐμπρέψαι
1752 1615 1881 1688 [283
1923 1615 2019 1688 IL]
2049 1634 2109 1670 τε

2223 465 2387 520 tentia
2436 481 2543 518 non
2589 454 3067 531 grammaticorum
3114 464 3308 528 solum,
3354 465 3451 518 sed
3498 480 3569 518 ne
3612 466 3793 520 rheto-

2220 571 2338 610 rum
2378 556 2594 623 quidem
2626 554 2714 607 ulli
2755 556 3025 610 secundus
3057 569 3179 609 cum
3211 554 3478 621 docendo,
3510 564 3628 609 tum
3654 557 3788 611 scri-

2220 647 2393 701 bendo
2424 645 2656 700 videtur.

2888 734 3117 791 CCXIV.

2378 830 2637 887 Hieroclis
2667 830 2745 885 De
2775 830 3118 885 Providentia
3147 837 3197 883 et
3228 825 3374 883 Fato
3405 827 3526 885 libri
3549 843 3646 883 νη.

2287 987 2484 1042 Lectus
2514 995 2597 1041 est
2637 982 2901 1038 Hieroclis
2932 980 3042 1052 (19)
3081 982 3219 1036 liber
3253 981 3329 1036 De
3364 982 3699 1036 Providentia
3739 991 3793 1037 et

2217 1078 2361 1135 Fato
2395 1078 2533 1149 (ΞΟ).
2563 1086 2724 1146 atque
2760 1077 2828 1130 de
2861 1075 3068 1130 arbitrii
3112 1075 3282 1130 nostri
3316 1090 3438 1128 cum
3468 1075 3645 1128 divina
3694 1091 3792 1145 gu-

2216 1172 2532 1227 bernatione
2595 1168 2969 1236 congruentia.
3028 1169 3234 1221 Auctor
3303 1167 3388 1220 ltic
3458 1166 3790 1236 professione

2215 1262 2591 1333 philosophus,
2632 1261 2716 1314 cui
2771 1261 2909 1314 liber
2952 1258 3070 1326 ipse
3116 1258 3554 1329 Olympiodorum
3603 1272 3792 1326 quem-

2214 1355 2336 1409 dam
2369 1353 2532 1407 veluti
2575 1365 2855 1405 censorem
2888 1349 3196 1412 ccttstituit,
3239 1349 3327 1416 qui
3363 1348 3482 1416 ejus
3517 1349 3786 1402 scribendi

2213 1458 2431 1499 causam
2494 1443 2741 1505 dederit,
2773 1456 2919 1503 cum.
2974 1441 3329 1509 philosophiae
3389 1455 3492 1492 non
3548 1438 3789 1505 vulgaris

2213 1537 2517 1597 adamator,
2562 1548 2629 1589 ne
2670 1533 2842 1587 civilis
2879 1532 3097 1600 quidem
3126 1530 3408 1599 sapientiae
3439 1530 3592 1583 rudis
3618 1539 3788 1582 esset.

2212 1626 2428 1682 Clarum
2460 1625 2603 1680 enim
2638 1622 2998 1693 legationibus
3027 1620 3287 1675 Romanis
3333 1619 3518 1680 fuisse.
3557 1619 3787 1673 multas-

535 1702 644 1770 γὰρ
685 1703 1020 1788 Ῥωμαϊκαῖς
1050 1707 1387 1777 πρεσϐείαις,
1422 1707 1515 1760 καὶ
1540 1707 1714 1761 πολλά
1751 1707 1846 1760 καὶ
1878 1707 2100 1778 μέγιστα

2212 1734 2317 1788 que
2350 1734 2434 1797 ac
2481 1731 2703 1787 magnas
2749 1730 2779 1769 e
2828 1715 3076 1770 barbaris
3121 1713 3373 1784 gentibus
3416 1712 3659 1767 Romano
3687 1711 3784 1767 atl-

534 1792 646 1845 τῶν
674 1784 966 1866 βαρϐάρων
992 1796 1161 1850 ἐθνῶν
1182 1800 1250 1868 τῇ
1287 1797 1575 1871 Ῥωμαϊκῇ
1605 1799 1838 1868 συνάψαι
1857 1797 2008 1870 λήξει
2034 1799 2103 1865 ¹⁰,

532 1884 735 1950 αἵτινες
764 1886 912 1967 αὐτῷ
965 1890 1060 1941 καὶ
1092 1886 1216 1967 τῶν
1262 1890 1533 1960 μεγίστων
1562 1890 1692 1962 παρ’
1723 1891 1907 1954 αὐτοῖς
1932 1890 2107 1962 τιμῶν

531 1964 874 2039 κατέστησαν
906 1964 1099 2034 αίτιαι.
1147 1980 1206 2034 Ὅ
1253 1981 1353 2052 μὲν
1381 1984 1421 2013 ²¹
1469 1982 1929 2053 Ὀλυμπιόδωρος,
1970 1982 2107 2051 πρὸς

524 2066 587 2120 ὃν
608 2069 635 2122 ό
661 2069 838 2138 λόγος,
868 2070 1108 2135 τοιοῦτος
1131 2089 1144 2104 ο
1176 2064 1221 2141 ᾧ
1254 2072 1319 2144 δὴ
1343 2074 1438 2128 καὶ
1463 2074 1884 2146 παραμυθικοὺς
1913 2073 2107 2142 λόγους

524 2160 554 2212 ό
576 2162 927 2230 συγγραφεὺς
971 2161 1064 2215 ἐπὶ
1101 2162 1247 2216 τέλει
1281 2163 1375 2216 τοῦ
1411 2163 1631 2234 πρώτου
1668 2163 1898 2234 βιϐλίου,
1948 2163 2104 2218 θετοῦ

525 2250 715 2315 παιδὸς
741 2252 1013 2324 ἀποϐολὴν
1044 2255 1399 2325 ποτνιωμένῳ
1426 2256 1473 2288 ²²
1505 2256 1601 2309 καὶ
1630 2255 2102 2326 σκυθρωπάζοντι,

524 2346 943 2416 προσενήνοχεν.
983 2344 1048 2398 Ἣ
1079 2343 1124 2398 δ’
1166 2345 1468 2414 ἐπαγγελία
1500 2347 1601 2416 τῆς
1651 2346 1936 2416 παρούσης
1981 2346 2102 2399 σκέ-

522 2435 672 2505 ψεως
722 2436 863 2503 Περὶ
901 2438 1198 2506 Προνοίας
1233 2439 1351 2490 ἐστὶ
1385 2438 1661 2491 διαλαϐεῖν
1702 2440 1769 2510 τῇ
1815 2438 2104 2501 Πλάτωνος

521 2524 650 2600 δόξῃ
686 2527 781 2579 καὶ
814 2528 1225 2607 Ἀριστοτέλους
1257 2528 1765 2603 συνδιατιθεμένῳι·
1806 2529 2103 2582 συνάπτειν

518 2617 630 2688 γάρ
660 2617 908 2690 βούλεται
934 2620 1063 2682 τοὺς
1089 2618 1287 2691 ἄνδρας
1326 2623 1446 2683 ταῖς
1479 2621 1678 2687 δόξαις,
1709 2622 1770 2674 οὐ
1807 2624 1951 2674 κατά
1974 2622 2104 2684 τοὺς

518 2707 711 2776 λόγους
755 2710 855 2781 τῆς
910 2710 1170 2781 Προνοίας
1212 2710 1397 2779 μόνον,
1433 2710 1569 2764 ἀλλὰ
1606 2712 1699 2764 καὶ
1727 2712 1840 2765 ὅσοι
1870 2713 1970 2784 τὴν
1994 2710 2100 2781 ψυ-

520 2798 621 2870 χὴν
653 2799 945 2871 φρονοῦσιν
975 2800 1264 2864 ἀθάνατον,
1294 2802 1389 2854 καὶ
1413 2802 1466 2855 εί
1493 2819 1546 2855 τι
1576 2802 1705 2871 περὶ
1732 2801 1964 2873 ούρανοῦ
2002 2805 2099 2856 καὶ

519 2893 726 2962 κόσμου
751 2891 964 2955 τούτοις
1001 2893 1458 2963 πεφιλοσόφηται.
1479 2891 1638 2945 Ὀσοι
1663 2892 1720 2946 δὲ
1746 2893 1875 2955 τοὺς
1896 2889 2098 2962 ἀνδρας

518 2985 596 3047 είς
627 2982 925 3053 διαφωνίαν
955 2984 1210 3054 ἔστησαν,
1245 2983 1468 3047 τούτους
1507 2986 1586 3046 είς
1621 2983 1691 3037 τὰ
1727 2983 1963 3054 μάλιστα
1995 3000 2097 3035 πε-

2204 1805 2455 1872 junxisse
2485 1805 2733 1876 imperio,
2760 1820 2878 1873 quae
2909 1805 3012 1874 ipsi
3049 1818 3265 1877 quoque
3292 1806 3355 1857 ad
3386 1818 3608 1873 magnos
3642 1802 3814 1872 aplld‘

2210 1899 2328 1952 illis
2360 1898 2706 1968 magistratus
2745 1897 3102 1966 acquirendos
3149 1894 3292 1948 viam
3331 1896 3648 1949 straverint.
3683 1894 3789 1963 lgi-

2211 2002 2296 2042 tur
2344 1990 2783 2060 Olytnpiodorus,
2832 1988 2899 2042 ad
2945 2002 3106 2056 quem
3159 1986 3297 2040 liber
3350 1986 3601 2051 tnittitur,
3659 1986 3788 2040 talis

2209 2080 2346 2145 fuit;
2379 2083 2444 2134 ad
2495 2095 2654 2150 quem
2708 2080 2926 2147 insuper
2974 2078 3113 2132 libro
3169 2078 3346 2146 primo
3398 2087 3644 2131 extremo
3692 2077 3788 2131 atl-

2201 2173 2382 2240 jttnxit
2416 2185 2608 2225 auctor
2638 2169 3088 2234 consolationem,
3123 2183 3242 2224 cum
3287 2167 3376 2223 ille
3412 2169 3649 2238 adoptivi
3688 2167 3780 2222 lilii

2206 2261 2556 2317 amissionem
2591 2277 2751 2329 supra
2795 2260 3013 2314 modum
3046 2259 3256 2328 lugens,
3288 2274 3396 2313 non
3431 2248 3633 2314 dolenti
3667 2269 3784 2313 tan-

2205 2342 2317 2405 tum
2366 2358 2513 2405 esset
2559 2332 2764 2414 animo,
2797 2351 2889 2402 sed
2936 2352 3097 2403 etiam
3150 2348 3297 2401 vultu
3356 2349 3616 2403 tristiore.
3666 2347 3787 2417 Ipse

2203 2452 2382 2497 autem
2433 2441 2859 2496 commentarius
2908 2439 2982 2494 De
3042 2439 3415 2505 Providentia,
3458 2440 3784 2511 disputatio-

2207 2550 2326 2588 nem
2374 2530 2617 2600 prtefert,
2647 2531 2765 2599 ejus
2813 2531 2905 2599 qui
2964 2546 3091 2600 erga
3150 2528 3395 2585 Platonis
3445 2548 3550 2586 non
3600 2533 3784 2596 aliter,

2202 2640 2364 2697 quam
2414 2640 2540 2694 erga
2590 2623 2900 2678 Aristotelis
2949 2623 3272 2677 sententiam
3329 2624 3513 2679 animo
3558 2624 3784 2680 aﬂectus

2202 2726 2370 2773 esset.
2404 2715 2712 2771 Conciliarc
2744 2714 2887 2768 enim
2922 2715 3114 2768 borum
3151 2713 3597 2785 pllilOSOphOl'llll]
3639 2718 3783 2772 inter

2203 2823 2261 2864 se
2290 2807 2576 2878 opiniones
2606 2807 2808 2872 Studet,
2843 2821 2947 2859 non
2979 2806 3157 2860 solum
3200 2808 3254 2860 in
3304 2806 3369 2860 iis
3398 2821 3520 2875 quae
3547 2808 3613 2861 de
3651 2805 3787 2860 Pro-

2202 2899 2438 2955 videntia
2474 2900 2770 2968 disputant,
2794 2913 2983 2952 verum
3011 2900 3176 2954 etiam
3218 2899 3306 2953 ubi
3345 2898 3557 2953 animos
3588 2899 3785 2953 docent

2200 3007 2320 3048 esse
2349 2990 2709 3055 immortales,
2745 3001 2837 3044 aut
2871 2993 2936 3046 de
2971 2992 3111 3047 cmlo
3140 2993 3420 3061 quidpiam
3467 3006 3533 3046 ac
3578 2993 3780 3045 mundo

518 3078 826 3148 πλανῆσθαί
866 3097 927 3132 τε
972 3082 1072 3149 τῆς
1104 3080 1212 3133 τῶν
1243 3078 1452 3150 ἀνδρῶν
1498 3078 1812 3149 προθέσεως
1843 3077 1940 3131 καὶ
1998 3076 2092 3130 τοῦ

2204 3085 2363 3138 iidem
2418 3076 2891 3152 philosophantur.
2939 3081 3218 3151 Quotquot
3267 3093 3449 3135 autem
3506 3080 3606 3135 hos
3637 3080 3781 3134 inter

516 3170 748 3241 ἀληθοῦς
776 3172 1030 3225 ἐκπεσεῖν
1059 3172 1106 3202 ⁸³
1131 3171 1499 3234 ἀποτείνεται,
1546 3171 1671 3232 τοὺς
1722 3169 1820 3241 μὲν
1866 3170 2093 3233 ἑκόντας

516 3259 652 3331 ἔριδι
684 3260 781 3316 καὶ
809 3261 1038 3332 ἀπονοίᾳ
1061 3264 1202 3331 σφᾶς
1231 3262 1429 3324 αὐτοὺς
1459 3258 1925 3331 προσαναθέντας,
1965 3260 2093 3324 τοὺς

512 3353 572 3406 δὲ
614 3353 709 3407 καὶ
758 3354 1024 3425 προλήψει
1087 3356 1184 3409 καὶ
1232 3353 1452 3426 ἀμαθίᾳ.
1478 3353 1930 3423 δεδουλωμένους.
1984 3354 2093 3406 Kal.

513 3443 684 3498 πολὺν
736 3447 862 3509 τοὺς
920 3446 1229 3518 ἔμπροσθεν
1272 3447 1466 3517 στῆσαι
1505 3445 1687 3516 χορὸν,
1720 3445 1914 3516 μέχρις
1969 3445 2091 3498 ὅτου

512 3538 546 3608 ή
580 3535 895 3608 Ἀμμωνίου
934 3538 1093 3606 σοφία
1133 3538 1449 3608 διέλαμψεν,
1475 3536 1533 3589 ὃν
1566 3536 1659 3590 καὶ
1690 3534 2090 3589 Θεοδίδακτον

513 3628 892 3685 ἐπικαλεῖσθαι
941 3630 1101 3700 ὑμνεί
1132 3647 1147 3663 ο
1185 3629 1373 3683 τοῦτον
1415 3629 1524 3699 γὰρ
1552 3629 1651 3690 τὰς
1684 3627 1794 3681 τῶν
1847 3626 2094 3681 παλαιῶν

511 3719 722 3792 ἀνδρῶν
763 3722 1174 3794 διακαθάραντα
1217 3723 1398 3789 δόξας,
1446 3723 1542 3776 καὶ
1588 3720 1716 3786 τοὺς
1754 3720 2094 3791 ἑκατέρωθεν

511 3810 919 3882 ἀναφυομένους
970 3814 1492 3884 ἀποσκευασάμενον
1529 3814 1749 3885 λήρους,
1802 3811 2094 3883 σύμφωνον

511 3902 571 3953 ὲν
619 3904 734 3966 τοῖς
779 3905 1086 3976 ἐπικαίροις
1142 3922 1202 3959 τε
1238 3905 1331 3959 καὶ
1373 3907 1822 3974 ἀναγκαιοτάτοις
1855 3904 1963 3957 τῶν
2009 3903 2096 3958 δο-

509 3994 740 4068 γμάτων
767 3994 1054 4060 Πλάτωνός
1091 4012 1149 4049 τε
1186 3996 1279 4050 καὶ
1303 3996 1716 4068 Ἀριστοτέλους
1739 3998 1839 4069 τὴν
1867 3996 2094 4065 γνώμην

508 4083 813 4156 ἀποφῆναι.
871 4084 1054 4140 Ταῦτα
1115 4086 1205 4140 διὰ
1250 4088 1351 4157 τῆς
1387 4089 1606 4158 γραφῆς
1656 4090 1686 4140 ό
1759 4087 2092 4158 Ἱεροκλέους

507 4171 666 4244 λόγος
703 4172 1015 4239 σπουδάζων
1038 4177 1438 4239 κατασκευάζει
1464 4177 1563 4247 μὲν
1596 4176 1632 4230 ἀ
1671 4177 1912 4240 ἐκείνους
1940 4176 2093 4245 φιλο-

509 4269 745 4336 τιμεῖται
771 4266 1033 4334 δοξάζειν,
1057 4270 1478 4336 ἀνταγωνίζεται
1499 4270 1554 4322 δὲ
1577 4270 1714 4340 πρὸς
1746 4269 1872 4334 τοὺς
1899 4271 2095 4323 ἐσπου-

507 4358 736 4423 δακότας
813 4361 1106 4427 τάναντία,
1170 4361 1579 4431 Ἐπικουρείους
1637 4362 1698 4414 τέ
1778 4379 1922 4433 φημι
1994 4363 2093 4416 καὶ

2197 3190 2256 3229 se
2295 3174 2592 3228 dissentire
2636 3187 2700 3227 ac
2751 3187 2994 3243 pugnare
3037 3173 3283 3226 arbitrati
3340 3183 3485 3245 sunt,
3526 3188 3618 3227 eos
3662 3172 3781 3225 lon-

2196 3266 2419 3336 gissime
2477 3265 2547 3321 ab
2595 3277 2784 3318 eorum
2839 3265 3107 3317 sententia
3160 3264 3439 3329 abductos,
3485 3279 3514 3316 a
3553 3264 3780 3316 veritate

2195 3360 2417 3413 omnino
2460 3358 2745 3411 aberrasse
2775 3355 3074 3413 contendit,
3115 3351 3250 3407 alios
3285 3368 3380 3407 sua
3420 3361 3614 3425 sponte
3643 3366 3776 3404 con-

2198 3450 2451 3505 tendendi
2506 3449 2687 3503 studio
2734 3457 2898 3515 atqne
2948 3445 3143 3515 172a
3189 3443 3422 3497 vesnnia:
3457 3458 3577 3497 sese
3623 3441 3777 3496 addi-

2196 3550 2402 3610 centes,
2433 3540 2568 3596 alios
2613 3551 2990 3609 praeoccupata
3028 3538 3287 3604 opinione
3331 3546 3498 3603 atque
3544 3534 3773 3602 imperi-

2197 3634 2268 3687 tia
2314 3636 2592 3687 subactos.
2636 3630 2716 3686 Ac
2759 3630 2958 3700 prioris
2992 3629 3212 3697 quidem
3254 3629 3463 3681 ordinis
3500 3626 3773 3695 ingentem

2200 3723 2367 3778 fuisse
2402 3737 2689 3776 numerum
2726 3720 2917 3782 refert,
2960 3724 3135 3774 donec
3176 3716 3445 3772 Ammonii
3480 3717 3776 3787 aliquando

2196 3814 2463 3882 sapientia
2499 3813 2618 3867 orbi
2668 3812 2868 3878 illuxit,
2916 3826 3075 3880 quem
3122 3811 3288 3864 etiam
3341 3808 3601 3863 Divinitus
3650 3812 3775 3863 edo-

2196 3912 2340 3958 ctum
2381 3902 2640 3973 appellari
2690 3902 2968 3971 pratdicat.
3006 3900 3164 3955 Hunc
3195 3898 3339 3955 enim
3377 3911 3621 3953 veterum
3655 3898 3774 3968 plti-

2198 3994 2548 4065 losopltorum
2598 3992 2947 4064 opinionibus
3006 3991 3385 4062 perpurgatis,
3443 4002 3497 4045 et
3545 3988 3775 4044 resectis

2196 4101 2318 4157 quae
2389 4084 2647 4152 utrinque
2704 4093 3059 4137 excreverant
3118 4082 3310 4152 nugis,
3368 4081 3420 4135 in
3481 4079 3772 4148 praecipuis

2198 4177 2503 4248 quibusque
2530 4187 2585 4230 et
2614 4174 2850 4230 maxime
2883 4174 3214 4251 necessariis
3244 4175 3610 4243 dogmatibus,
3637 4188 3770 4227 con-

2197 4269 2417 4324 cordem
2467 4280 2591 4322 esse
2643 4264 2886 4320 Platonis
2946 4273 2998 4316 et
3048 4262 3360 4317 Aristotelis
3418 4260 3767 4324 sententiam,

2199 4361 2622 4415 demonstrasse.
2654 4355 2770 4409 l’luc
2813 4355 2977 4424 igitttr
3004 4351 3267 4406 Hieroclis
3312 4352 3535 4421 scriptio
3576 4366 3771 4421 magno

504 4450 797 4515 Στωϊκοὺς,
856 4453 951 4507 καὶ
1002 4455 1115 4506 ὅσοι
1156 4454 1418 4508 Πλάτωνα
1472 4455 1572 4525 μὲν
1618 4454 1943 4509 ὑποδύονται
1991 4454 2088 4509 καὶ

2204 4447 2372 4503 studio
2419 4447 2731 4511 connitens,
2767 4454 2823 4498 et
2868 4444 3207 4513 argumentis
3258 4442 3345 4495 illa
3394 4441 3611 4504 astruit,
3649 4456 3769 4510 qua:

506 4543 910 4614 Ἀριστοτέλην,
942 4545 1042 4599 οὐκ
1081 4545 1260 4617 ὀρθῶς
1282 4546 1337 4598 δὲ
1360 4547 1428 4598 τὰ
1454 4546 1679 4598 ἐκείνων
1712 4544 2085 4614 εἰσηγοῦνται.

2190 4537 2337 4606 ipsos
2369 4533 2608 4589 sensisse
2633 4530 2948 4596 contendit;
2975 4540 3029 4584 et
3063 4531 3267 4585 acriter
3293 4544 3416 4583 cum
3460 4529 3529 4583 iis
3571 4537 3767 4592 certat,

505 4634 616 4687 Kal.
673 4637 782 4706 μὴν
829 4638 987 4700 ὅσους
1034 4638 1060 4691 ό
1107 4638 1206 4706 τῆς
1259 4635 1695 4704 γενεθλιαλογίας
1737 4635 2085 4706 ἀνηρτήσατο

2204 4629 2280 4698 tui
2325 4627 2664 4681 contrariam
2719 4621 2859 4677 tueri
2911 4632 3119 4691 partem
3168 4621 3346 4674 conati
3393 4629 3539 4674 sunt.
3582 4618 3771 4686 Epicu-

503 4729 686 4795 πόνος,
719 4728 804 4780 ’δι’
854 4728 1094 4799 ἐλέγχων
1148 4728 1193 4760 ³⁵
1236 4729 1381 4797 ἄγει,
1434 4728 1711 4797 σφαλερὰν
1748 4726 1930 4780 αὐτῶν
1982 4728 2084 4798 τὴν

2204 4733 2311 4773 reos
2346 4719 2484 4781 dico,
2517 4730 2582 4769 ac
2622 4712 2858 4777 Stoicos,
2904 4724 2959 4768 et
2996 4721 3262 4782 quotquot
3305 4709 3447 4766 forte
3487 4709 3767 4766 Platonem

504 4819 632 4886 περὶ
682 4818 787 4889 τῆς
832 4821 1175 4891 εἱμαρμένης
1212 4821 1523 4885 ἐπιδεικνὺς
1564 4820 1741 4886 δόξαν.
1794 4821 1907 4873 Καὶ
1951 4819 2081 4883 τοὺς

2204 4820 2347 4881 itque
2379 4810 2723 4865 Aristotelem
2760 4808 2950 4864 colunt
2986 4807 3225 4877 quidem,
3254 4808 3347 4862 sed
3377 4821 3567 4862 eorum
3603 4820 3762 4862 senSa

505 4911 774 4977 μηχαναῖς
820 4911 865 4943 ’⁸
895 4927 1038 4963 τισιν
1094 4912 1127 4980 ἢ
1177 4912 1454 4982 γοητείαις
1503 4911 1604 4982 τὴν
1654 4911 1921 4982 Πρόνοιαν
1967 4910 2078 4963 τῶν

2204 4904 2366 4957 uinus
2420 4910 2565 4957 recte
2619 4901 2911 4971 explicant.
2972 4898 3078 4954 Eos
3133 4899 3286 4964 item,
3349 4899 3440 4968 qui
3494 4898 3551 4952 in
3602 4913 3768 4965 gene-

502 5001 673 5055 ὅντων
720 5003 1117 5071 ᾀποσκευάζειν
1167 5005 1484 5075 τολμῶντας
1531 5005 1655 5067 ταῖς
1704 5001 1915 5072 ὁμοίαις
1973 5001 2083 5056 τῶν

2204 4996 2390 5052 thliaca
2444 4995 2713 5050 desudant
2775 5004 2912 5058 arte,
2972 4994 3284 5063 redarguit,
3338 4992 3466 5048 dum
3519 4989 3764 5044 fallacem

1808 5136 2040 5193 VARIZE
2080 5130 2484 5191 LECTIONES.

581 5252 623 5284 "
646 5251 881 5304 διδάσκει
910 5253 1008 5306 καὶ
1030 5253 1228 5321 γράφει
1264 5270 1326 5317 ς’.
1399 5254 1444 5284 ’⁸
1473 5250 1616 5318 λέξει
1646 5253 1711 5304 Δ.
1789 5250 1834 5321 τι
1858 5250 1955 5318 μὲν
1975 5248 2198 5321 οὖνᾭλ.
2219 5247 2379 5321 ς.ᾼ”
2397 5244 2750 5321 ποτνιωμένη)
2769 5244 3058 5321 περιαλγεῖ
3095 5258 3153 5295 τε
3179 5242 3292 5321 ὄντι
3322 5242 3415 5294 καί
3447 5258 3509 5305 ς.
3532 5312 3552 5321 _
3585 5239 3629 5270 ³³
3669 5243 3766 5292 ὲκ·-

500 5327 687 5375 πεσείν
716 5323 808 5375 τοῦ
842 5312 1081 5391 ἀληθοῖῗξ
1101 5312 1163 5388 ςί
1240 5312 1365 5376 ’ίδΰ
1393 5312 1631 5392 ἐλέγχων
1661 5312 1937 5392 Bentleius
1982 5317 2125 5386 apud
2156 5316 2458 5392 Needhatn.
2488 5333 2541 5386 ν.
2572 5312 2680 5373 410
2714 5312 2731 5366 ἱ
2763 5312 3057 5385 διελέγχων
3090 5329 3148 5377 ς’.
3225 5314 3271 5345 ³⁵
3309 5312 3581 5381 μηχαναῖς
3620 5326 3764 5363 τισιν

504 5393 537 5461 ἢ
561 5393 834 5461 γοητείαις
885 5387 1002 5463 post
1032 5387 1344 5463 τολμῶντας
1376 5387 1629 5463 punit-‘5'.
1664 5393 1850 5444 addito
1878 5388 1933 5442 δὲ
1969 5399 2089 5457 post
2124 5387 2406 5452 πρόνοιαν.

2071 5503 2306 5560 ΝΟΤᾹΞ.

2250 5622 2362 5687 (‘20)
2398 5619 2549 5675 Unde
2596 5623 2859 5687 impressa
2900 5617 3126 5674 Lutetiae
3181 5616 3425 5687 qttuzdaut
3474 5623 3755 5688 excerpta,

542 5691 547 5697 _
577 5620 689 5690 (t9)
722 5620 800 5677 De
830 5638 936 5692 quo
969 5622 1120 5678 Suid.
1152 5633 1205 5679 et
1232 5624 1424 5682 Liban.
1456 5625 1553 5682 lib.
1587 5643 1602 5680 ι
1638 5624 1809 5697 Epist.
1841 5628 1908 5681 ad
1933 5628 2069 5681 Aca-

2182 5692 2321 5765 apud
2355 5689 2487 5748 Fetl.
2520 5688 2722 5747 Morell.

503 5706 660 5747 (tum.
