4030 6248
278 265 384 326 703

1407 264 1672 324 ΡΗΟΤΙΙ
1712 260 2215 323 ΡΑΤΒΙΑΒΕΗᾸΞ
2253 261 2362 319 CP.

3417 237 3525 302 'lot

277 389 465 428 eorum
499 388 624 430 esse
650 387 716 431 ac
734 373 1000 431 lubricam
1031 373 1097 428 de
1124 373 1236 428 rato
1267 373 1576 443 opinionem
1599 374 1845 430 ostendit.

1959 373 2134 441 λόγων
2191 369 2482 424 ὑποϐάλλει
2535 367 2807 438 βασάνοις.
2865 363 2977 418 Καὶ
3033 357 3265 414 καθόλου
3321 355 3522 424 φάναι.

275 464 390 520 lino
415 477 472 522 et
497 467 589 536 qui
610 466 1016 522 Providentiam
1040 480 1219 520 rerum
1245 476 1553 520 creatarum
1571 480 1845 521 commen-

279 556 347 610 tis
368 557 690 626 quibusdam
717 567 812 614 aut
851 557 1145 628 praestigiis
1182 557 1368 611 tollere
1392 557 1624 621 audent,
1655 557 1843 611 iisdem

278 664 500 713 prorsus
540 651 810 706 rationum
859 650 1016 719 quasi
1058 650 1446 719 quaestionibus
1489 648 1846 719 explorandos

1956 464 2093 534 πρὸς
2149 463 2250 526 τὰς
2308 460 2607 530 ὑπολήψεις
2659 457 2939 510 ἐνίσταται
2995 453 3198 516 πάσας,
3248 448 3372 501 ὅσαι
3421 443 3524 513 τὴν

1953 557 2104 610 Θείαν
2136 557 2238 609 οὑκ
2280 551 2418 607 εἶναι
2448 551 2731 623 Πρόνοιαν,
2775 548 2808 619 ἢ
2859 543 2998 601 εἶναι
3039 546 3139 614 μὲν
3183 539 3395 611 φαύλην
3441 535 3522 598 διν

1950 649 2079 710 τοὺς
2109 646 2519 718 ἀμαθεστέρους
2555 643 2802 696 πείθουσι
2837 636 3100 709 νομίζειν.

274 740 512 809 subjicit.
544 737 611 794 Ut
631 749 812 795 autem
831 738 1187 794 simulomnia
1205 740 1403 806 dicam,
1430 741 1688 797 adversus
1715 755 1905 797 omnes
1930 741 2047 796 illas
2063 742 2347 810 opiniones
2372 741 2618 809 insurgit,
2647 750 2769 806 qua:
2787 733 3113 789 indoctiores
3131 744 3198 783 eo
3225 727 3520 788 adducunt,

277 839 333 884 ut
357 831 596 885 divinam
629 831 1026 887 Providentiam
1061 832 1142 888 vel
1198 832 1420 886 omnino
1453 848 1559 887 non
1588 848 1710 890 esse
1733 875 1749 898 ,
1778 833 1861 887 vel
1890 832 2088 888 nullius
2119 848 2238 889 esse
2269 833 2524 887 momenti
2556 847 2620 889 ac
2644 827 2944 900 despicatui
2977 823 3278 879 ducendam
3310 827 3517 888 putent.

347 923 424 977 Ex
455 921 696 978 Platonis
727 924 892 995 igitur
924 925 1194 979 sententia
1227 927 1478 995 supponit
1511 927 1624 980 haec
1651 925 1843 994 dispu-

277 1015 409 1068 tatio
451 1016 616 1070 Deum
664 1025 857 1070 natura
898 1027 1023 1070 ante
1056 1017 1200 1070 illam
1232 1013 1671 1088 [providentiam]
1701 1030 1844 1080 esse,

274 1107 422 1160 velut
463 1106 730 1162 universa:
778 1108 938 1162 simul
989 1108 1337 1177 aspectabilis
1376 1116 1433 1162 et
1475 1106 1846 1175 inspectabilis

274 1199 440 1268 hujus
489 1199 786 1255 molitionis
816 1199 1086 1269 opiﬁcem,
1119 1214 1279 1268 quam
1323 1213 1386 1252 ex
1437 1197 1580 1252 nulla
1627 1212 1687 1252 re
1725 1198 1846 1252 sub-

268 1293 407 1361 jm-ta
455 1291 568 1344 vult
610 1307 640 1344 a
677 1306 775 1346 suo
810 1292 1020 1345 artiﬁce
1071 1293 1388 1360 productam
1440 1311 1453 1345 :
1501 1299 1558 1344 ut
1597 1289 1684 1344 cui
1729 1289 1844 1344 sola

272 1381 547 1435 suﬁiceret
591 1380 866 1445 voluntas,
899 1396 1007 1449 quo
1056 1394 1234 1434 rerum
1279 1389 1469 1434 natura
1502 1380 1840 1435 subsisteret.

272 1474 542 1526 Caeterum
579 1487 838 1541 corporea
885 1473 1184 1526 substantia
1225 1486 1320 1542 per
1347 1473 1675 1527 creationem
1719 1488 1841 1526 cum

274 1565 595 1634 incorporea
640 1564 954 1633 conjuncta,
999 1566 1256 1618 mundum
1288 1579 1355 1618 ex
1389 1574 1619 1634 utraque
1649 1575 1842 1618 natura

271 1657 750 1725 perfectissimum,
793 1655 1059 1724 duplicem
1110 1656 1269 1712 simul
1314 1664 1369 1710 et
1409 1673 1596 1723 unum,
1635 1657 1840 1712 consti-

2025 924 2134 976 Καὶ
2188 923 2330 977 κατὰ
2389 923 2649 976 Πλάτωνα
2696 919 2831 973 Θεὸν
2863 915 3014 987 αὑτῷ
3043 914 3091 947 ’⁸
3123 911 3519 986 προῦφίστησιν

1950 1015 1984 1085 ἡ
2017 1012 2228 1082 σκέψις,
2262 1014 2442 1082 πάσης
2476 1010 2757 1080 ἐμφανοῦς
2787 1027 2848 1063 τε
2877 1010 2972 1062 καὶ
2993 1005 3234 1076 ἀφανοῦς
3257 1003 3519 1075 δημιουρ-

1949 1103 2046 1172 γὸν
2079 1103 2514 1173 διακοσμήσεως,
2534 1103 2602 1173 ἢν
2625 1103 2689 1155 ὲκ
2713 1099 2938 1171 μηδενός
2965 1113 3132 1166 φησιν
3157 1092 3517 1162 ὑποκειμένου

1951 1196 2286 1264 προαγαγεῖν
2312 1194 2404 1246 τὸν
2426 1193 2678 1264 τεχνίτην
2704 1209 2718 1224 ·
2763 1192 2952 1261 ἀρκεῖν
2975 1189 3084 1259 γὰρ
3107 1185 3257 1254 αὑτῷ
3281 1186 3360 1248 είς
3389 1184 3519 1237 ὑπό-

1951 1303 2137 1340 στασιν
2179 1286 2288 1338 τῶν
2341 1285 2511 1339 ὄντων
2543 1284 2604 1337 τὸ
2635 1282 2904 1355 βούλημα.
2956 1281 3070 1350 Τῆς
3121 1279 3178 1331 δὲ
3203 1275 3518 1347 σωματικῆς

1949 1375 2253 1439 οὑσιώσεως
2279 1379 2346 1447 τῇ
2375 1376 2652 1446 ἀσωμάτῳ
2686 1371 3126 1442 συντεταγμένης
3165 1366 3515 1440 δημιουργίᾳ,

1949 1465 2153 1537 κόσμον
2188 1467 2247 1531 ἐξ
2279 1468 2481 1536 ἀμφοῖν
2533 1468 2883 1533 τελεώτατον,
2919 1463 3138 1520 διπλοῦν
3170 1480 3228 1516 τε
3268 1461 3384 1532 ἅμα
3422 1459 3517 1513 καὶ

1949 1557 2066 1622 ἕνα,
2101 1559 2388 1629 συστῆσαι,
2413 1560 2472 1612 ὲν
2509 1551 2554 1626 ᾧ
2591 1559 2736 1630 ἄκρα
2766 1557 2862 1612 καὶ
2900 1557 3043 1628 μέσα
3084 1555 3181 1609 καὶ
3231 1551 3518 1606 τελευταῖα

1950 1653 2050 1726 τὴν
2074 1653 2402 1723 κοσμοποιδν
2425 1652 2618 1721 σοφίαν
2640 1654 2784 1708 κατὰ
2812 1652 2973 1721 φύσιν
3000 1651 3275 1722 διακρῖναι
3307 1661 3320 1675 ⁸
3353 1642 3428 1700 ὧν
3447 1644 3518 1698 τὰ

275 1758 453 1802 tutum
493 1763 614 1804 esse
642 1765 659 1802 :
689 1750 740 1801 in
785 1763 895 1818 quo
940 1763 1171 1814 summa,
1211 1747 1404 1814 media,
1441 1757 1497 1801 et
1523 1747 1629 1801 ima
1657 1745 1843 1801 mundi

1949 1717 2050 1814 μέν
2071 1717 2266 1816 πρῶτα
2289 1717 2513 1815 λογικά
2548 1741 2801 1812 οὐράνιά
2817 1717 2879 1796 τε
2899 1743 2995 1796 καὶ
3015 1717 3191 1806 θεοὺς
3211 1736 3515 1804 καλεῖσθαι,

273 1837 453 1906 opil‘ex
497 1838 766 1908 sapientia
797 1839 952 1910 juxta
999 1837 1258 1908 cujusque
1297 1847 1546 1890 naturam
1590 1836 1845 1890 decreve-

275 1930 364 1984 rit.
398 1927 600 1984 Hornm
634 1933 806 2000 prima
853 1932 1055 1985 ratione
1085 1930 1306 1999 pradita
1350 1929 1598 1996 caelestia,
1632 1938 1689 1983 et
1721 1929 1844 1982 deos

270 2019 452 2074 vocari
483 2020 559 2073 ait
596 2037 610 2075 :
653 2020 782 2088 Qua:
837 2037 964 2076 vero
996 2019 1252 2091 proximae
1287 2029 1404 2086 post
1427 2017 1570 2073 hunc
1599 2018 1842 2072 ordinem

277 2109 480 2178 regioni
523 2111 785 2165 attributa
845 2122 1015 2175 sunt,
1069 2126 1130 2163 ca
1192 2125 1312 2162 cum
1368 2108 1568 2162 ratione
1621 2105 1847 2176 prwdita

271 2201 518 2268 a'therea,
573 2210 684 2256 tum
746 2203 1013 2257 dwmonas
1068 2203 1227 2255 bonos
1278 2200 1528 2269 appellat,
1579 2199 1841 2252 bonorum

271 2294 404 2348 ilem
437 2293 748 2350 hominibus
782 2295 1106 2364 interpretes
1151 2302 1205 2347 et
1243 2293 1462 2348 nuntios
1489 2291 1662 2346 factos
1692 2307 1708 2346 :
1741 2289 1844 2344 hu-

271 2399 489 2439 manum
524 2384 759 2456 denique
783 2400 953 2456 genus
986 2384 1230 2437 inﬁnmm
1266 2393 1450 2437 tenere
1483 2381 1685 2444 locum,
1717 2393 1844 2435 eos-

270 2489 376 2542 que
420 2483 626 2530 terreua
672 2475 989 2536 animantia,
1023 2483 1073 2528 et
1115 2475 1379 2527 humanas
1417 2473 1652 2537 animus,
1681 2481 1846 2542 atque

271 2567 356 2632 (ιιι
388 2563 543 2622 Plato
594 2565 822 2636 diceret)
876 2568 1126 2620 mortales
1166 2566 1399 2620 homines
1441 2563 1698 2634 appellari
1739 2574 1845 2618 tra-

271 2655 529 2711 ditsllaec
557 2671 722 2726 porro
757 2659 859 2712 tria
890 2674 1090 2729 genera
1128 2659 1180 2712 in
1215 2673 1322 2712 uno
1363 2657 1512 2712 velut
1546 2656 1843 2722 animante,

269 2749 354 2802 vel
387 2749 555 2805 choro
586 2759 748 2822 atque
785 2761 1048 2814 concentu
1101 2753 1174 2804 ita
1214 2764 1336 2806 esse
1383 2758 1566 2821 aptata
1612 2749 1844 2806 invicem

272 2854 435 2911 atque
477 2856 748 2910 connexa,
781 2853 841 2898 ut
887 2842 1152 2898 naturalis
1197 2859 1386 2898 eorum
1433 2842 1711 2898 distinctio
1751 2857 1847 2910 per

275 2934 531 2987 unionem
572 2933 741 2998 illam,
779 2950 842 2989 ac
894 2949 1090 2989 nexum
1146 2943 1390 2989 mutuum
1442 2935 1666 2990 minime
1713 2949 1846 2989 con-

273 3025 389 3078 falsa
420 3037 794 3080 conservetur.
824 3026 904 3081 Ac
935 3041 1168 3096 praeesse
1207 3025 1426 3098 quidem
1468 3026 1842 3096 prastantiora

275 3118 628 3173 inferioribus
679 3137 695 3174 :
740 3119 994 3173 omnibus
1051 3129 1229 3173 tamen
1291 3119 1514 3173 omnino
1576 3120 1844 3188 imperare

275 3211 516 3279 ipsorum
561 3211 773 3267 Patrem
823 3223 984 3280 atque
1012 3211 1360 3267 Conditorem
1410 3213 1600 3267 Deum.
1655 3209 1844 3281 172b

276 3299 391 3354 lloc
456 3317 588 3372 ergo
642 3301 758 3370 ejus
819 3311 1072 3372 tanquam
1137 3318 1164 3356 a
1232 3314 1384 3372 patre
1443 3302 1847 3356 denominatum

271 3408 518 3461 regnum,
553 3401 607 3446 et
639 3392 831 3456 videri,
860 3404 915 3448 et
949 3407 1072 3448 vere
1102 3407 1224 3447 esse
1263 3391 1690 3458 Providentiam,
1730 3407 1850 3462 quae

272 3484 415 3551 quod
451 3483 648 3553 cuique
682 3485 865 3555 generi
914 3485 1185 3549 convenit,
1234 3484 1336 3538 hoc
1374 3483 1450 3537 illi
1499 3483 1794 3538 distribuat
1831 3503 1844 3539 :

273 3585 329 3629 at
386 3589 514 3629 vero
557 3573 822 3642 justitiam
882 3577 1059 3639 illam,
1117 3589 1238 3644 quas
1291 3574 1384 3629 Dei
1450 3573 1850 3631 Providentiam

275 3668 587 3731 comitatur,
617 3667 801 3723 vocari
837 3667 1025 3721 latum.
1063 3665 1183 3721 Uno
1220 3665 1364 3721 enim
1401 3664 1495 3720 fati
1540 3667 1758 3720 nomine
1795 3666 1849 3721 in

274 3761 456 3829 plures
503 3760 775 3825 notiones,
811 3761 877 3812 ab
920 3760 986 3814 iis
1036 3760 1126 3830 qui
1178 3760 1418 3814 novitate
1449 3759 1707 3828 gaudent,
1741 3758 1852 3814 dis-

274 3863 468 3917 tracto,
525 3867 634 3908 non
681 3850 828 3904 aliud
877 3859 1052 3904 tamen
1092 3849 1260 3903 fatum
1311 3848 1414 3905 sibi
1455 3849 1652 3918 videri,
1685 3865 1849 3919 quam

275 3946 327 3998 iul
359 3943 504 4013 quod
534 3941 884 3997 Aristotelem
915 3949 971 3995 et
1003 3939 1284 3995 Platonem
1318 3939 1616 3995 credidisse
1663 3939 1848 3994 tradit.

276 4036 465 4105 Neque
496 4033 641 4090 enim
677 4033 822 4087 illam
882 4044 1084 4087 temere
1123 4032 1352 4102 positam
1392 4030 1850 4102 genethliacorum

275 4123 656 4181 necessitatem
692 4122 798 4176 ullo
831 4123 988 4176 modo
1019 4121 1277 4185 admittit,
1327 4135 1426 4176 nec
1458 4121 1686 4175 stoicam
1719 4121 1848 4176 item

1944 1835 1980 1891 ἃ
2012 1835 2070 1889 δὲ
2098 1838 2132 1908 ἡ
2165 1836 2284 1908 μετ’
2312 1838 2492 1892 έκεῖνο
2518 1836 2580 1891 τὸ
2610 1836 2866 1907 σύστημα
2882 1835 3025 1906 ἔχειν
3053 1834 3210 1906 ἔλαχε
3234 1831 3388 1905 χώρα
3410 1836 3517 1887 .10-

1945 1929 2101 1998 τικὰ,
2136 1927 2362 1997 αἰθέριά
2390 1947 2449 1982 τε
2483 1929 2581 1983 καὶ
2624 1929 2888 1999 ἀγαθοὺς
2918 1927 3209 1996 δαίμονας
3239 1922 3514 1994 ὀνομάζειν

1947 2017 2075 2090 [552
2108 2018 2202 2092 R.]
2231 2019 2337 2073 τῶν
2364 2037 2425 2072 τε
2466 2019 2853 2092 συμφερόντων
2895 2018 3205 2089 ἀνθρώποις
3245 2015 3518 2088 ἑρμηνέας

1945 2126 2004 2162 τε
2037 2111 2132 2164 καὶ
2161 2111 2428 2180 ἀγγέλους
2468 2111 2798 2182 γενομένους
2823 2126 2838 2140 ο
2871 2109 2933 2162 τὸ
2962 2108 3020 2163 δὲ
3049 2107 3385 2178 ἀνθρώπειον
3415 2103 3516 2177 φῦ-

1944 2199 2037 2255 λον
2079 2201 2179 2274 τὴν
2220 2201 2542 2257 τελευταίαν
2585 2200 2740 2266 τάξιν
2774 2199 3012 2272 ἐπέχειν,
3049 2197 3142 2261 οὓς
3168 2195 3433 2268 περίτειὰ
3457 2212 3518 2248 τε

1944 2293 2059 2358 ζῶα
2105 2295 2205 2350 καὶ
2235 2294 2573 2361 ἀθανάτους
2603 2292 2809 2364 ψυχὰς
2839 2292 2934 2347 καὶ
2969 2289 3064 2363 (ὡς
3096 2291 3163 2345 ἂν
3206 2288 3350 2344 εἴποι
3381 2287 3520 2341 Πλά-

1943 2396 2073 2455 των)
2121 2389 2461 2456 ἀθανάτους
2503 2388 2864 2459 όνομάζεσθαι
2917 2384 3294 2456 ἀνθρώπους.
3336 2381 3419 2436 Τὰ
3462 2381 3520 2436 δὲ

1943 2482 2072 2552 τρία
2100 2480 2272 2534 ταῦτα
2301 2481 2435 2552 γένη
2479 2479 2606 2552 [εει
2639 2479 2729 2553 ιι]
2750 2479 2825 2542 ὡς
2857 2480 2914 2534 ἐν
2944 2479 3026 2532 ἑνὶ
3054 2478 3179 2548 ζὼῳ
3197 2476 3232 2548 ἢ
3256 2475 3402 2550 χορῷ
3427 2474 3520 2530 καὶ

1949 2568 2242 2640 συμφωνίᾳ
2280 2569 2652 2642 συνηρτῆσθαι
2692 2569 2790 2641 μὲν
2817 2567 3093 2641 ἀλλήλοις,
3125 2567 3431 2637 ἁσὺγχυτον
3463 2565 3521 2619 δὲ

1944 2663 2012 2731 τῇ
2062 2660 2250 2714 ένὼσει
2303 2662 2397 2717 καὶ
2440 2661 2775 2734 ἀλληλουχίᾳ
2821 2660 2919 2730 τὴν
2944 2659 3087 2714 κατὰ
3130 2658 3293 2725 φύσιν
3342 2657 3522 2710 αὑτῶν

1943 2751 2219 2823 διάκρισιν
2250 2753 2658 2824 συντηρεῖσθαι.
2707 2753 2817 2808 Καὶ
2853 2751 3107 2824 ἡγεῖσθαι
3157 2751 3256 2821 μὲν
3282 2751 3388 2805 τῶν
3417 2767 3520 2804 κα-

1944 2844 2316 2914 ταδεεστέρων
2372 2845 2442 2898 τὰ
2489 2844 2925 2916 προτεταγμένα,
2975 2843 3194 2898 πάντων
3233 2843 3289 2896 δὲ
3343 2840 3522 2896 αὐτῶν

1948 2933 2256 3006 βασιλεύειν
2283 2936 2376 2990 τὸν
2417 2939 2638 3009 Πατέρα
2672 2938 2806 2991 Θεὸν
2854 2936 2950 2991 καὶ
2999 2936 3361 3008 Δημιουργόν.
3412 2935 3522 2988 Καὶ

1945 3025 2152 3097 ταύτην
2202 3028 2302 3100 τὴν
2335 3029 2744 3101 πατρονομικὴν
2787 3030 2834 3062 ’⁷
2875 3028 3041 3083 αὑτοῦ
3077 3028 3351 3100 βασιλείαν
3383 3027 3524 3099 πρό-

1947 3137 2098 3174 νοιαν
2143 3120 2239 3174 καὶ
2286 3119 2604 3190 νομίζεσθαι
2637 3121 2734 3174 καὶ
2769 3117 2934 3186 εἶναι,
2962 3122 3084 3192 ἥτις
3113 3122 3330 3192 ἑκάστῳ
3375 3121 3522 3189 γένει

1945 3209 2015 3264 τὰ
2046 3212 2390 3282 προσήκοντα
2416 3212 2685 3284 διανέμει.
2711 3213 2824 3286 Τὴν
2863 3213 3050 3284 μέντοι
3079 3230 3141 3283 γε
3174 3216 3240 3285 τῇ
3289 3211 3524 3285 Προνοίᾳ

1949 3304 2327 3374 συνεπομένην
2354 3303 2514 3375 δίκην
2540 3305 2885 3378 εἱμαρμένην
2919 3304 3200 3360 καλεῖσθαι
3231 3321 3246 3336 ·
3297 3304 3378 3368 είς
3407 3303 3524 3366 ἑνὸς

1945 3393 2057 3467 γὰρ
2083 3393 2256 3448 πλείω
2295 3395 2674 3467 σημαινόμενα
2707 3395 2802 3450 τοῦ
2838 3397 2937 3468 τῆς
2965 3395 3306 3467 εἱμαρμένης
3327 3394 3526 3464 ὀνόμα-

1945 3505 2039 3550 τος
2068 3487 2173 3542 ὑπὸ
2198 3488 2307 3542 τῶν
2354 3488 2660 3560 χαιρόντων
2685 3491 2807 3554 ταῖς
2843 3488 3226 3558 καινοτομίαις
3251 3503 3527 3539 κατασκε-

1945 3576 2256 3645 δασθέντος,
2306 3579 2407 3633 οὑκ
2452 3579 2622 3651 ἄλλην
2665 3579 2910 3649 νομίζειν
2967 3578 3132 3634 αὑτὸν
3182 3576 3528 3649 εἱμαρμένην

1947 3668 2064 3722 ἀλλ’
2093 3669 2162 3741 ἢν
2192 3668 2563 3741 Ἀριστοτέλει
2597 3669 2695 3725 καὶ
2739 3671 2989 3726 Πλάτωνι
3030 3669 3276 3743 νομίζειν
3319 3669 3525 3723 δίδωσι.

1950 3761 2064 3833 Τήν
2108 3778 2168 3815 τε
2210 3761 2321 3833 γὰρ
2363 3761 2474 3816 τῶν
2522 3762 2951 3832 γενεθλιαλόγων
2974 3761 3257 3830 ἀλόγιστον
3282 3759 3529 3829 ἀνάγκην

1950 3853 2062 3908 οὐδ’
2088 3852 2226 3917 ὅλως
2260 3853 2568 3924 προσίεται,
2606 3854 2730 3909 οὐδὲ
2755 3854 2855 3926 τὴν
2882 3853 3128 3925 Στωῖκὴν
3154 3851 3300 3924 βίαν,
3331 3850 3392 3904 οὑ
3421 3850 3529 3920 μὴν

1949 3944 2064 3998 ἀλλ’
2101 3943 2212 3998 οὐδ’
2239 3944 2308 4016 ἢν
2339 3944 2366 3997 ὁ
2389 3945 2448 4012 ἐξ
2475 3944 2886 4017 Ἀφροδισιάδος
2911 3945 3125 4010 δοξάζει
3153 3943 3525 4014 Ἀλέξανδρος,

1949 4039 2016 4109 τῇ
2045 4036 2366 4109 Πλατωνικῆ
2395 4037 2508 4091 τῶν
2557 4039 2830 4108 σωμάτων
2883 4039 3046 4109 φύσει
3091 4038 3171 4101 είς
3223 4037 3530 4106 ταυτότητα

1951 4129 2235 4201 περιάγων
2267 4129 2470 4201 ταύτην
2501 4147 2515 4162 ⁶
2557 4131 2673 4186 ἀλλ’
2725 4131 2846 4185 οὑδὲ
2881 4133 2981 4202 τὴν
3017 4129 3251 4202 ἐπῳδαῖς
3301 4128 3398 4182 καὶ
3439 4129 3531 4182 ου-

273 4219 383 4271 vim
417 4256 434 4281 ,
477 4229 654 4285 neque
712 4212 843 4268 illud
896 4215 1060 4269 etiam
1119 4212 1313 4279 fatum,
1357 4213 1500 4281 quod
1545 4211 1845 4267 Alexander

1951 4221 2096 4285 σίαις
2132 4223 2631 4295 παρατρεπομένην
2673 4225 2911 4292 γένεσιν.
2950 4221 3197 4294 Ἐκείνην
3225 4222 3304 4287 δὲ,
3346 4218 3530 4282 καθὼς

275 4307 715 4388 Aphrqdisiensis
762 4307 971 4372 statuit,
1022 4319 1197 4376 eoque
1247 4305 1466 4359 tandem
1511 4303 1749 4370 deducit,
1792 4315 1845 4359 ut

1951 4311 2186 4385 ἔφημεν,
2224 4316 2545 4386 πρεσϐεύει,
2577 4317 2646 4388 ἢν
2673 4317 2723 4371 οἱ
2752 4317 2881 4387 περὶ
2907 4316 3172 4370 Πλάτωνα
3199 4314 3481 4386 βούλονται
3511 4328 3526 4342 ·

277 4403 418 4456 idem
451 4416 680 4472 prorsus
717 4417 838 4456 cum
890 4410 1079 4453 natura
1123 4413 1412 4468 corporum
1445 4396 1844 4453 Platonicorum

1953 4405 2076 4477 ἥτις
2097 4407 2206 4461 τῶν
2229 4407 2593 4464 ἐκϐαινόντων
2621 4409 2763 4464 κατὰ
2789 4409 2882 4464 τὸν
2913 4409 3015 4479 τῆς
3044 4407 3308 4481 Προνοίας
3329 4403 3531 4476 θεσμὸν

272 4495 470 4550 clliciat
517 4512 532 4549 :
573 4498 666 4550 sed
714 4508 814 4548 nec
867 4507 1008 4553 eam,
1046 4505 1165 4560 quae
1221 4487 1558 4543 carminibus
1621 4487 1844 4560 magicis

1951 4497 2244 4571 δικαστικὴ
2277 4499 2372 4554 τοὺ
2427 4501 2585 4556 Θείου
2625 4502 2865 4574 ὑπάρχει
2914 4502 3190 4574 ἐνέργεια,
3240 4498 3394 4565 τάξει
3438 4498 3533 4552 καὶ

272 4598 368 4642 aut
410 4587 698 4644 sacriﬁciis
724 4601 754 4640 a
785 4593 1046 4640 consueto
1107 4589 1312 4636 naturae
1363 4580 1558 4635 ordine
1597 4580 1845 4636 deﬂecta-

1953 4589 2130 4662 εἱρμῷ
2160 4592 2298 4662 πρὸς
2325 4592 2425 4658 τὰς
2453 4596 2846 4668 προαιρετικὰς
2869 4593 3157 4658 ὑποθέσεις
3197 4592 3308 4647 τῶν
3346 4588 3534 4657 αὐτεξ-

278 4692 384 4747 tur,
436 4679 691 4750 genesin;
749 4679 842 4733 sed
895 4675 1022 4731 illud
1083 4672 1456 4728 tantummodo
1509 4668 1716 4736 fatum,
1767 4675 1841 4728 uti

1949 4685 2150 4739 ουσίων
2203 4687 2383 4758 ἔργων
2407 4687 2862 4761 ὲπανορθουμένη
2887 4688 2958 4741 τὰ
2980 4687 3105 4742 καθ’
3133 4687 3302 4759 ἡμᾶς.

277 4777 556 4838 diximus,
621 4773 874 4838 extollit,
946 4772 1090 4842 quod
1141 4785 1263 4823 cum
1333 4765 1449 4819 suis
1497 4762 1651 4820 Plato
1694 4769 1808 4825 vult
1844 4789 1859 4828 :
1894 4788 2074 4831 rerum
2127 4779 2339 4836 scilicet
2393 4781 2760 4835 evenientium
2817 4781 3118 4836 secundum
3169 4775 3535 4836 Providentiae

274 4861 422 4939 leges
461 4866 776 4936 iudicialem
852 4865 1141 4936 quamdam
1192 4859 1440 4918 Numinis
1506 4863 1897 4932 operationem,
1958 4868 2102 4925 bono
2151 4873 2342 4928 ordine
2391 4888 2456 4927 ac
2508 4873 2654 4930 serie
2704 4887 2793 4930 res
2843 4885 3060 4930 nostras
3109 4873 3431 4942 dirigentem
3478 4871 3532 4926 in

273 4962 421 5021 illum
478 4959 674 5021 ﬁnem,
730 4958 784 5012 in
842 4972 1001 5026 quem
1061 4957 1241 5011 liberae
1292 4959 1540 5012 actiones
1589 4973 1657 5011 ex
1704 4969 1855 5012 certo
1887 4964 2163 5031 proposito
2202 4963 2480 5022 feruntur.

345 5052 415 5106 At
441 5050 584 5106 enim
614 5049 804 5104 isthazc
833 5047 991 5117 lmjus
1034 5046 1135 5101 viri
1172 5047 1378 5115 scripto
1413 5063 1535 5102 cum
1577 5047 1844 5101 contineri

2027 5050 2190 5106 Ἀλλὰ
2221 5054 2328 5126 γὰρ
2355 5053 2530 5107 ταῦτα
2567 5055 2667 5125 μὲν
2701 5051 2849 5108 ἐστιν
2904 5053 3036 5106 ἰδεῖν
3079 5050 3158 5122 τῷ
3202 5051 3298 5105 τοῦ
3344 5050 3536 5122 ἀνδρὸς

282 5144 487 5210 videas,
522 5141 780 5212 frequens
822 5139 1170 5196 nihilominus
1203 5139 1304 5210 ipsi
1339 5149 1396 5194 et
1430 5155 1679 5209 magnum
1725 5153 1845 5192 cer-

1957 5144 2313 5214 ὲμφερόμενα
2339 5145 2384 5177 ³⁸
2425 5143 2716 5215 γράμματι
2745 5160 2762 5176 ο
2797 5144 2827 5197 ό
2861 5143 3115 5206 πλεῖστος
3149 5141 3196 5196 δ’
3243 5140 3394 5212 αὐτῷ
3441 5139 3536 5192 καὶ

280 5245 460 5290 tamen
506 5245 590 5291 est
640 5235 706 5290 de
754 5235 1114 5304 humanorum
1163 5233 1467 5286 animorum
1502 5232 1684 5300 priore
1717 5231 1845 5296 vita,

1963 5231 2138 5300 μέγας
2165 5231 2316 5300 ἀγὼν
2360 5233 2394 5301 ἡ
2435 5233 2547 5286 τῶν
2597 5232 2958 5304 ἀνθρωπίνων
2998 5231 3188 5303 ψυχῶν
3235 5233 3351 5285 ἐστι
3397 5246 3536 5300 προσ

280 5330 453 5397 dcque
483 5342 670 5384 eorum
699 5326 753 5380 in
788 5325 892 5380 alia
922 5303 1150 5395 corpora
1187 5323 1684 5392 transmigratione.
1717 5323 1845 5379 Nam

1961 5321 2115 5392 ϐιοτὴ
2164 5323 2260 5376 καὶ
2308 5303 2826 5394 μετενσωμάτωσις,
2864 5323 2960 5378 τὸν
3007 5322 3107 5394 μὲν
3141 5323 3187 5356 ’⁸
3230 5322 3292 5387 ἐξ
3324 5321 3536 5388 ἀλόγων

1585 5483 1816 5540 ἻΑΠΙΔΕ
1858 5482 2267 5541 LECTIONES.

359 5627 405 5657 "‘
435 5628 572 5698 αὐτῇ
613 5645 673 5692 ς.
789 5629 832 5661 ²¹
891 5629 1011 5686 libri
1070 5626 1524 5698 πατρωνυμικήν.
1574 5626 1648 5681 cf;
1691 5640 1746 5696 p.
1786 5625 1854 5684 R.
1891 5623 2050 5690 1581,
2079 5623 2169 5682 54,
2262 5625 2308 5656 ³⁸
2337 5619 2688 5695 ὲμφερόμενα
2737 5636 2848 5692 mg.
2907 5639 2924 5677 :
2983 5619 3104 5677 libri
3150 5613 3530 5688 έμφερομένῳ.

292 5700 336 5729 ’θ
375 5698 472 5769 μέν
499 5701 539 5752 Δ
579 5718 591 5752 :
624 5700 727 5769 γάρ
751 5717 810 5763 ς.
