2015 3124
238 139 290 169 705

780 138 1042 169 BIBLIOTHECA.
1062 153 1098 158 —
1112 139 1194 170 COD.
1208 140 1329 170 CCXIV.

1817 138 1870 170 706

240 194 317 226 ζώων
339 193 358 229 ἢ
382 193 424 225 εις
435 192 521 227 ἄλογα
539 193 727 229 μετατγισμδν
745 194 796 220 οὐκ
820 194 1029 229 ἀναδεχόμενος,

1083 202 1113 223 ex
1137 196 1321 223 animantibus
1339 195 1449 229 quidem
1467 193 1572 221 ratione
1594 193 1759 226 carentibus,
1778 200 1826 222 aut
1843 197 1869 222 in

238 240 288 275 τὴν
298 239 328 266 δὲ
339 238 370 272 ἐξ
380 238 533 275 ἀνθρώπων
546 240 587 270 είς
605 239 768 275 ἀνθρώπους
785 239 938 275 μεταϐολὴν
947 248 1031 267 σπου-

238 285 472 320 δαιολογούμενος.
492 286 603 321 Ταύτην
622 285 650 312 δὲ
673 287 723 321 τὴν
747 286 885 321 ἐπισφαλῆ
908 286 956 313 καὶ
977 295 1031 322 μα-

240 333 317 358 ταίαν
332 331 468 366 ὑπόληψιν
478 332 535 358 ἄνω
546 332 593 359 καὶ¹
606 333 681 359 κάτω
694 331 883 366 περιστρέφει,
900 332 933 358 δι’
945 332 1031 367 αὐτῆς

241 377 300 410 μὲν,
315 377 354 409 ὡς
379 377 475 409 οῐεται,
497 377 546 413 τὴν
566 378 614 404 τοῦ
632 378 706 405 θείου
723 378 855 413 Πρόνοιαν
876 378 1029 413 κρατύνων,

237 423 270 450 δι’
279 423 365 458 αὐτῆς
375 422 404 449 δὲ
414 423 445 450 τὺ
457 423 499 458 ἐφ’
511 424 633 459 ἡμῖνκαὶ
647 424 844 451 αὐτοδέσποτον
858 425 1031 451 κατασκευά-

239 469 305 502 ζων,
322 470 367 497 ναὶ
379 469 412 505 δὴ
425 470 474 497 καὶ
485 470 536 506 τὴν
561 471 642 506 φίλην
664 471 738 506 αὐτῷ
755 471 910 507 ἐπικουρῶν
933 472 1031 507 εἱμαρ-

182 523 190 533 ι
239 515 335 551 μένην,
356 515 385 549 ἐξ
397 516 552 543 ἀλλοκότων
568 517 618 551 μὲν
633 517 762 544 ἐπινοιῶν
772 517 944 553 ὁρμώμενος,
962 518 1031 544 ἀσυο

239 562 354 593 στάτους
367 562 389 577 ³⁸
405 561 433 588 δὲ
456 562 512 589 τῶν
534 563 759 599 ἐπιχειρημάτων
780 564 831 595 τὰς
850 563 1032 599 νομιζομένας

237 607 314 642 αὐτῷ
326 608 348 623 ³¹
359 609 531 640 κατασκευὰς
547 609 686 645 προάγων,
704 610 734 643 ἐξ
752 606 789 637 ὧν
813 610 837 637 δ’
857 610 895 642 ὼς
921 610 1031 646 ἀληθῶς

237 654 269 680 τὺ
285 654 335 688 τῆς
349 654 481 689 Προνοίας
494 655 528 682 ἂν
544 655 701 690 παρασταίη
722 656 823 691 δόγμα,
851 655 905 683 οὐδ’
934 656 957 672 ³³
984 656 1031 682 ἐπὶ

237 699 302 726 νοῦν
313 699 476 735 βαλλόμενος
493 701 525 727 ³³.
545 701 655 728 Μᾶλλον
668 701 696 728 δέ
708 702 734 728 εί
746 710 789 733 τις
805 701 854 728 τοῦ
868 701 965 737 ἀνδρὸς
981 701 1031 737 τὴν

238 747 368 782 ἀλήθειαν
380 748 518 783 προτιμᾷν
533 747 630 778 ἐθέλοι,
646 748 680 775 δι’
696 744 733 775 ὧν
747 748 851 783 ταύτην
864 747 1030 782 ἀγωνίζεται

239 792 466 824 κατασκευάζειν,
482 792 623 824 παντελῶς
633 793 719 828 αὐτῆς
735 793 785 829 τὴν
804 792 946 828 ἀναίρεσιν
964 802 1029 820 συν-

238 837 344 871 εισάγει
359 845 367 853 ·
389 838 494 872 σαθρὰν
514 838 568 873 γὰρ
590 839 659 874 αὐτῇ
681 838 784 875 βάθραν
799 839 921 872 ὑποθεὶς,
940 840 979 872 ὡς
1000 840 1030 866 ἐν

238 883 330 916 ἀλλοις
352 883 403 918 τῆς
424 884 580 916 ὑποθέσεως
593 885 765 921 ἀπαιτούσης
786 885 956 922 πλατύτερον
978 886 1031 912 ὐπ-

240 929 392 965 εδείξαμεν,
415 929 614 966 εὑπερίτρεπον
634 931 657 947 ⁸⁵
674 932 760 966 αὐτὴν
784 932 853 968 πρὸς
873 933 1030 959 τούναντίον

240 975 287 1001 καὶ
306 975 492 1002 ἀνυπόστατον
508 975 708 1011 συναπέφηνεν.
723 977 779 1013 Τῆς
797 978 852 1013 γὰρ
867 977 922 1005 τῶν
935 978 1030 1013 ψυχῶν

239 1019 387 1055 προδιοτῆς
405 1020 454 1046 καὶ
469 1020 753 1056 μετενσωματώσεως,
770 1022 804 1058 ἢν
817 1022 898 1054 αὐτὸς
913 1022 1029 1058 ἔρεισμα

239 1066 287 1092 καὶ
299 1065 424 1100 Θεμέλιον
440 1066 489 1101 τῆς
504 1066 638 1102 Προνοίας
652 1067 799 1094 ὑποϐάλλει
822 1068 870 1095 καὶ
892 1067 941 1095 τοῦ
968 1069 1033 1095 αύτ-

240 1110 360 1143 εξουσίου
398 1111 446 1138 καὶ
469 1111 518 1145 τῆς
541 1112 724 1148 εἱμαρμένης,
749 1112 853 1148 ταύτης
892 1113 1033 1145 παντελῶς

239 1157 279 1189 εἰς
296 1157 326 1183 τὺ
338 1157 435 1191 ἄλογόν
449 1165 478 1184 τε
494 1158 541 1185 καὶ
561 1158 691 1185 ἀδύνατον
706 1159 759 1186 ὑπὸ
778 1159 828 1194 τῆς
843 1159 975 1193 ἀληθείας
987 1159 1034 1193 ἐξ·

238 1202 490 1238 οστρακιζομένης,
519 1203 599 1239 δῆλον
624 1199 666 1231 ait
695 1206 968 1241 συγκαταστρέφεται
992 1206 1033 1241 τῷ

239 1249 273 1275 δι’
289 1249 401 1276 ἐκείνων
423 1249 510 1276 ταῦτα
531 1252 788 1287 πραγματευομένη»
809 1252 857 1279 καὶ
881 1253 897 1288 ἡ
914 1252 1031 1288 Πρόνοια

239 1294 288 1321 καὶ
310 1294 342 1321 τὸ
365 1294 408 1328 ἐφ’
424 1295 491 1329 ἡμῖν
516 1296 562 1320 καὶ
581 1295 598 1330 ἡ
623 1295 790 1331 εἱμαρμένη,
814 1297 863 1323 καὶ
884 1297 924 1328 είς
946 1296 1031 1332 λῆρον

239 1339 315 1375 αὐτῷ
328 1339 358 1366 τὸ
376 1339 546 1374 πολύμοχθον
561 1339 698 1367 διαλύεται
714 1340 886 1376 σπούδασμα.

1083 240 1161 267 bruta
1179 241 1388 268 translusionem
1413 247 1466 267 non
1495 239 1637 274 recipiens.
1654 244 1681 265 at
1700 247 1765 266 vero
1785 240 1872 267 homi-

1081 294 1146 313 num
1177 287 1203 313 iu
1230 287 1368 313 hominem
1395 286 1538 312 transitum
1564 285 1684 312 studiose
1710 284 1872 318 defendens,

1081 331 1263 367 periculosam
1293 332 1363 358 hanc
1385 337 1466 365 atque
1492 331 1611 365 ineptam
1635 330 1791 364 opinionem
1814 337 1872 358 Sur-

1081 386 1141 406 sum
1158 379 1285 405 deorsum
1300 383 1402 404 versat.
1423 377 1473 404 Per
1494 377 1566 404 illam
1588 376 1711 410 quidem,
1726 379 1757 402 ut
1773 375 1871 407 credit,

1081 425 1200 451 divinam
1223 423 1421 458 providentiam
1449 424 1646 455 corroborans;
1671 429 1719 456 per
1739 421 1819 455 hanc,
1840 422 1873 448 li-

1082 470 1175 497 berum
1195 470 1350 501 arbitrium,
1377 469 1548 504 liberumque
1573 470 1614 497 sui
1642 470 1724 504 ipsius
1745 470 1872 497 domina—

1083 521 1137 542 tum
1160 521 1302 549 astruens;
1328 515 1384 542 lato
1411 520 1484 542 certe
1513 521 1566 542 tam
1592 515 1616 542 ei
1640 520 1718 550 grato
1741 516 1871 543 auxilium

1083 562 1172 588 ferens
1194 570 1202 589 :
1228 561 1308 595 idque
1336 569 1389 587 nou
1418 561 1544 588 absurdis
1579 565 1684 587 tantum
1711 560 1872 588 commentis

1082 606 1220 638 inritatus,
1233 607 1280 633 sed
1298 607 1379 633 etiam
1399 614 1431 633 ex
1452 607 1561 634 minime
1576 608 1775 636 cohaerentibus
1791 615 1873 642 argu-

1082 652 1293 679 mentaliouibus
1318 660 1393 684 suas,
1417 660 1484 687 quas
1508 657 1593 687 putat,
1613 652 1788 687 probationes
1810 661 1873 686 pro-

1081 699 1182 725 duceus
1197 706 1203 724 :
1221 706 1282 725 cum
1300 698 1417 729 interim,
1436 706 1484 732 per
1498 706 1558 732 qua:
1577 705 1671 725 revera
1694 697 1873 725 Providentia:

1081 743 1179 777 dogma
1204 742 1332 769 constitui
1349 747 1467 777 poterat,
1483 750 1516 769 ne
1535 743 1560 768 in
1577 748 1693 769 mentem
1709 742 1817 777 quidem
1834 741 1872 768 illi

1082 789 1215 816 venerint.
1233 789 1289 815 lmo
1308 796 1384 821 vero,
1406 789 1428 815 si
1452 790 1513 823 quis
1530 788 1591 816 lmic
1608 788 1710 815 homini
1728 789 1871 816 veritatem

1081 840 1246 869 anteponere
1282 835 1410 867 studeat,
1451 836 1550 869 qttilms
1593 835 1667 862 illam
1706 836 1873 870 argumentis

1083 886 1207 907 astruere
1224 881 1331 912 nititur,
1348 881 1392 908 his
1407 881 1473 915 ipsis
1486 881 1609 908 eamdem
1630 881 1743 908 omnino
1763 882 1871 908 evenit.

1083 926 1151 953 Nam
1180 927 1227 961 qui
1259 927 1396 954 iullrmum
1428 933 1616 961 argumentum
1647 927 1732 954 semel
1763 927 1872 954 veritati

1083 972 1232 1000 substravit
1253 972 1294 1008 (ut
1313 973 1389 1005 alibi,
1409 981 1468 1000 cum
1488 981 1532 999 res
1552 974 1587 999 ita
1606 973 1768 1007 postularet,
1785 974 1874 1007 copio-

1082 1017 1139 1044 sius
1153 1017 1344 1053 ostendimus),
1355 1017 1378 1045 is
1388 1018 1412 1044 iu
1423 1019 1586 1045 contrariam
1602 1017 1679 1045 facile
1691 1023 1795 1052 partem
1805 1025 1873 1046 con-

1083 1063 1151 1090 verti
1170 1063 1242 1091 illam
1269 1071 1359 1098 posse,
1377 1064 1441 1098 quin
1466 1069 1493 1090 et
1519 1072 1688 1099 nequaquam
1714 1064 1872 1096 subsistere,

1082 1109 1164 1137 simul
1186 1110 1395 1137 demonstravit.
1420 1110 1467 1136 Illa
1488 1111 1588 1144 quippe
1610 1112 1761 1138 animorum
1782 1110 1873 1145 priore

1082 1158 1154 1190 vita,
1180 1162 1207 1185 et
1232 1158 1259 1184 in
1284 1164 1397 1192 corpora
1429 1158 1667 1191 transmigratione
1696 1158 1795 1193 (quant
1816 1157 1873 1192 ipse

1082 1202 1167 1229 basim
1183 1210 1215 1230 ac
1232 1202 1436 1230 fundamentum
1459 1203 1648 1235 Providentiae,
1668 1203 1808 1238 liberoque
1829 1210 1874 1229 ar-

1085 1248 1178 1282 bitrio,
1195 1255 1227 1275 ac
1249 1247 1307 1275 fato
1324 1247 1361 1274 illi
1383 1247 1639 1283 subjicit),omnino
1662 1249 1733 1276 inter
1755 1249 1872 1277 absurda

1083 1298 1110 1320 et
1128 1293 1307 1327 impossibilia
1322 1293 1421 1329 173a
1444 1300 1492 1327 per
1508 1294 1652 1321 veritatem
1678 1294 1811 1328 ablegata,
1830 1294 1873 1320 ni-

1085 1341 1182 1367 mirqu
1201 1348 1253 1367 una
1273 1349 1335 1367 cttm
1357 1341 1412 1371 illo.
1431 1342 1476 1375 qui
1491 1349 1540 1375 per
1555 1342 1605 1368 ista
1620 1341 1678 1368 haec
1694 1341 1805 1368 molitur
1817 1340 1873 1368 elli—

240 1393 312 1418 eere,
336 1385 418 1412 etiam
446 1385 629 1418 Providentia,
646 1390 673 1412 et
699 1386 813 1414 liberum
839 1387 982 1414 arbitrium
1001 1392 1028 1414 et
1045 1386 1128 1413 fatum
1144 1387 1284 1418 evertitur,
1307 1391 1388 1422 atque
1404 1387 1430 1414 in
1446 1395 1532 1421 nugas
1546 1394 1661 1422 operosa
1694 1387 1740 1414 illa
1771 1387 1874 1415 machi-
1913 1380 1916 1387 ’

241 1432 315 1460 ultio
331 1433 397 1464 abit.

277 1478 342 1516 [555
355 1479 400 1516 3.]
418 1479 505 1507 Ἑπτὰ
516 1480 544 1507 δὲ
560 1480 633 1514 λόγοι
657 1480 740 1507 αὑτοῦ
758 1480 965 1517 ἐπιμερίζονται
980 1481 1031 1514 τὴν

242 1523 371 1558 σπουδήν.
386 1524 441 1551 Καὶ
452 1526 466 1551 ό
481 1524 530 1560 μὲν
539 1524 561 1541 ³⁸
577 1523 601 1551 α’
617 1525 657 1556 είς
672 1525 781 1552 ἔκθεσιν
797 1526 972 1553 διατυποῦται
992 1523 1031 1553 ὧν

334 1569 377 1604 ἐφ’
389 1569 477 1605 ἐαυτῷ
488 1571 552 1605 περὶ
560 1570 691 1606 Προνοίας
702 1571 750 1598 καὶ
759 1571 836 1606 δίκης
847 1573 893 1598 καὶ
904 1572 956 1607 τῆς
964 1572 1032 1599 κατ’
1045 1589 1068 1618 c

241 1615 321 1649 ἀξίαν
343 1616 398 1642 τῶν
414 1616 503 1651 ἔργων
518 1617 558 1648 είς
572 1617 647 1652 ἡμᾶς
661 1617 811 1653 κατιούσης
833 1617 951 1654 κρίσεως
970 1626 1033 1645 συν.

242 1660 415 1695 σγυμνάσατό
426 1668 456 1687 τι
466 1661 514 1687 καὶ
527 1660 695 1695 διεσκέψιτο,
712 1661 742 1688 '0
753 1662 775 1697 β’
789 1662 818 1689 δὲ
831 1662 882 1694 τὰς
897 1662 1034 1690 Πλατωνι-

242 1704 293 1737 κάς
309 1705 446 1739 συλλέγων
459 1704 549 1738 δόξας,
559 1706 609 1741 τὴν
624 1706 715 1733 πίστιν
728 1706 758 1739 ἐξ
770 1708 860 1735 αὐτῶν
871 1706 908 1735 ὥν
919 1708 1034 1736 Πλάτων

243 1750 361 1786 ἔγραψεν
381 1751 545 1787 ἐπιτίθησιν.
570 1751 599 1778 '0
609 1752 671 1787 δὲγ¹
690 1752 740 1784 τὰς
761 1753 919 1789 ὺποφοράς,
934 1752 980 1786 αἷς
1001 1755 1034 1782 ἀν

243 1804 285 1827 τις
297 1797 429 1831 χρήσαιτο
443 1797 512 1833 πρὸς
526 1797 684 1825 ἐναντίωσιν
703 1800 757 1826 τῶν
770 1798 834 1835 [285
849 1800 896 1837 H.]
906 1800 1034 1837 δεδογμέ-

242 1851 315 1875 νων,
342 1844 506 1879 παρατιθεὶς
526 1844 647 1871 διαλύειν
671 1845 762 1872 αὐτῶν
786 1846 836 1882 τὴν
858 1847 1034 1884 ἐπιϐουλὴνη

243 1889 477 1924 πραγματεύεται.
504 1889 534 1916 '0
543 1889 571 1916 δὲ
587 1890 608 1917 δ’
622 1891 656 1918 τὰ
670 1891 802 1926 λεγόμενα
816 1893 894 1927 λόγια
908 1895 956 1921 καὶ
970 1895 1034 1926 τοὺς

243 1935 399 1971 ίερατικοὺς
410 1935 526 1971 θεσμοὺς
536 1937 575 1968 είς
591 1938 752 1972 συμφωνίαν
767 1939 894 1973 συνάγειν
903 1938 944 1971 οἷς
957 1941 1032 1968 Πλά-

241 1989 297 2007 των
322 1981 482 2016 ἐδογμάτισε
500 1981 634 2016 βούλεται.
660 1983 689 2010 Ὀ
714 1983 743 2010 δὲ
768 1987 789 2010 ε’
805 1985 845 2016 εἰς
857 1985 960 2020 Ὀρφέα
986 1986 1034 2013 καὶ

243 2027 378 2062 Ὅμηρον,
397 2028 444 2053 καὶ
460 2028 517 2053 ὅσοι
540 2027 614 2054 ἄλλοι
631 2028 685 2064 πρὸ
707 2029 758 2063 τῆς
775 2029 919 2062 Πλάτωνος
934 2031 1034 2066 ἐπιφα-

242 2072 315 2103 νείας
337 2072 527 2107 ἐγνωρίζοντο.
543 2072 592 2108 τὴν
605 2073 782 2109 Πλατωνικὴν
799 2075 865 2110 περὶ
888 2075 943 2102 τῶν
966 2084 1034 2111 προσ

243 2118 376 2153 κειμένων
400 2117 559 2153 φιλοσοφίαν
581 2118 707 2147 ἀνάπτει.
723 2120 753 2146 'O
774 2120 802 2148 δὲ
826 2124 852 2153 ς⁴
874 2121 937 2152 τοὺς
964 2122 1034 2157 μετά

242 2163 374 2190 Πλάτωνα
391 2164 506 2197 πάντας,
520 2164 602 2191 αὐτὸν
618 2165 807 2202 Ἀριστοτέλην
820 2168 968 2202 κορυφαῖον
985 2168 1033 2194 λα-

242 2209 312 2240 ὄὼν.
341 2210 437 2245 μέχρις
448 2210 604 2246 Ἀμμωνίου
627 2211 675 2238 τοῦ
688 2212 904 2248 Ἀλεξανδρέως,
925 2210 956 2241 οὗ
978 2215 1033 2241 τῶν

1119 1480 1205 1508 Porro
1221 1480 1247 1507 in
1264 1485 1368 1515 septem
1388 1479 1445 1515 (2t)
1466 1479 1549 1508 libros
1573 1480 1730 1507 universum
1747 1486 1816 1515 opus
1830 1479 1874 1506 di-

1084 1525 1187 1553 viditur
1201 1534 1209 1553 :
1223 1533 1339 1561 quormn
1352 1526 1457 1561 primus
1474 1526 1582 1560 quidem
1602 1533 1739 1560 exponere
1754 1525 1874 1553 instituit

1083 1579 1114 1599 ea
1131 1579 1191 1606 qua:
1205 1572 1262 1607 ipse
1276 1571 1349 1607 apud
1360 1579 1390 1599 se
1403 1572 1437 1599 de
1451 1571 1641 1605 Providentia,
1658 1573 1692 1600 de
1704 1572 1813 1607 justitia
1823 1593 1831 1605 ,
1846 1577 1874 1599 et

1084 1617 1118 1644 de
1132 1617 1266 1644 sententia
1287 1617 1313 1644 in
1335 1624 1384 1643 nos
1404 1624 1453 1651 pro
1473 1617 1608 1644 factorum
1625 1617 1723 1644 merito
1750 1617 1873 1649 terenda,

1085 1662 1229 1691 meditatus
1238 1668 1323 1690 esset.
1338 1661 1480 1690 Secundus
1494 1663 1566 1695 dein,
1578 1663 1735 1691 Platonicas
1745 1663 1875 1698 colligens

1084 1709 1235 1743 opiniones,
1256 1716 1320 1736 suas
1333 1709 1432 1743 cuique
1447 1709 1618 1744 probationes
1627 1716 1659 1736 ex
1671 1709 1737 1744 ipsis
1754 1708 1876 1736 Platonis

1084 1756 1214 1790 Operibus
1234 1755 1355 1789 apponit.
1377 1754 1497 1787 Tertius,
1516 1755 1684 1789 objectiones
1707 1762 1873 1790 proponens,

1084 1801 1183 1836 quibus
1199 1801 1237 1829 uti
1253 1801 1390 1837 quispiam
1408 1802 1539 1829 adversus
1553 1809 1584 1828 ea
1604 1809 1665 1837 qute
1680 1802 1780 1829 tradita
1798 1806 1873 1835 sunt,

1084 1851 1188 1883 queat,
1222 1848 1372 1875 dissolvere
1400 1848 1495 1874 harum
1527 1847 1717 1875 cavillationes
1748 1853 1873 1875 conatur.

1084 1893 1202 1926 Quartus
1223 1893 1343 1925 oracula,
1362 1901 1423 1928 quae
1446 1899 1586 1924 vocantur,
1604 1901 1636 1920 ac
1653 1893 1824 1920 sacerdotum
1837 1893 1875 1920 le-

1084 1945 1141 1972 ges,
1153 1944 1180 1965 et
1195 1938 1317 1965 Platonis
1335 1939 1461 1972 dogmata
1480 1938 1597 1965 invicem
1611 1937 1759 1965 conciliare
1772 1938 1873 1965 studet.

1085 1984 1213 2017 Quintus,
1227 1983 1346 2018 Orpheo,
1363 1984 1490 2016 Homero,
1503 1988 1531 2012 et
1548 1977 1654 2011 caeteris
1669 1984 1714 2019 qui
1731 1989 1793 2011 ante
1812 1983 1875 2010 Pla-

1084 2035 1175 2057 tonem
1200 2030 1428 2063 celebrabantur,
1452 2030 1618 2058 Platonicam
1637 2030 1670 2058 de
1692 2030 1773 2058 modo
1793 2030 1873 2058 dictis

1083 2077 1235 2105 doctrinam
1243 2077 1351 2104 tribuit.
1363 2076 1475 2109 Sextus,
1487 2083 1595 2109 omnes,
1608 2076 1652 2111 qui
1664 2081 1725 2111 post
1733 2076 1873 2103 Platonem

1083 2123 1170 2156 fuere,
1195 2123 1255 2158 ipso
1275 2130 1383 2158 quoque
1408 2122 1556 2150 Aristotele
1576 2122 1700 2157 principe
1721 2128 1875 2158 assumpto,

1084 2177 1169 2204 usque
1182 2169 1215 2196 ad
1227 2169 1400 2196 Ammonium
1417 2168 1642 2199 Alexandrinum,
1660 2167 1736 2202 cujus
1755 2167 1875 2194 infami-

1084 2215 1199 2243 liaribus
1224 2214 1398 2243 celeberrimi
1417 2213 1538 2241 Plotinus
1558 2218 1585 2240 et
1604 2212 1748 2247 Origenes,
1764 2213 1797 2239 ad
1812 2213 1876 2246 hos,

241 2255 388 2290 γνωρίμων
400 2256 425 2282 οἱ
441 2256 651 2290 ἐπιφανέστατοι
670 2258 802 2290 Πλωτῖνός
817 2267 847 2285 τε
863 2260 910 2286 καὶ
925 2260 1032 2295 Ὦριγέ-

1086 2262 1209 2294 inquam,
1236 2268 1323 2295 usque
1345 2259 1467 2287 Platonis
1480 2264 1614 2294 posteros,
1628 2257 1675 2293 qui
1694 2258 1804 2293 quidem
1821 2259 1873 2285 ali.-

241 2309 300 2335 νης,
315 2302 377 2333 τοὺς
399 2299 446 2328 οὖν
470 2302 538 2337 μετά
551 2303 682 2330 Πλάτωνα
700 2303 781 2339 μέχρι
797 2304 851 2331 τῶν
875 2306 1031 2340 είρημένων

241 2345 356 2381 ἀνδρῶν,
372 2347 444 2378 ὅσοις
466 2347 514 2373 ἐπὶ
532 2348 613 2384 σοφίᾳ
625 2348 737 2382 γέγονεν
751 2349 837 2385 όνομα
853 2349 951 2382 λιπεῖν,
969 2351 1030 2377 τού-

241 2402 303 2426 τους
323 2395 446 2425 ἅπαντας
467 2395 603 2429 ὁμοδοξεῖν
627 2398 660 2432 τῇ
673 2396 814 2429 Πλάτωνος
830 2399 1030 2431 κατασκευάζει

241 2440 348 2475 κρίσει,
366 2441 413 2467 καὶ
426 2441 484 2467 ὅσοι
498 2441 603 2477 διιστᾷν
616 2443 666 2478 τῆς
680 2443 823 2477 όμοδοξίας
837 2443 970 2471 Πλάτωνα
985 2445 1032 2472 καὶ

246 2486 434 2522 Ἀριστοτέλην
449 2487 631 2523 ἐπεχείρησαν
641 2509 649 2521 ,
663 2488 717 2515 τῶν
729 2489 839 2523 φαύλων
852 2498 882 2515 τε
899 2490 946 2516 καὶ
962 2491 1030 2517 ἀπο-

239 2531 379 2566 τροπαίων
389 2531 491 2567 τίϐησι,
507 2533 594 2560 πολλά
606 2542 637 2560 τε
648 2534 774 2562 νοθεῦσαι
785 2534 840 2562 τῶν
850 2535 1031 2562 Πλατωνικῶν

238 2577 338 2612 λόγων,
347 2578 436 2606 καίτοι
445 2580 575 2607 Πλάτωνα
584 2580 743 2608 διδάσκαλον
752 2582 990 2618 ἐπιγραφομένους
997 2583 1030 2616 ³⁷,

1082 2308 1153 2342 quod
1171 2307 1221 2334 sibi
1234 2314 1331 2334 nemen
1351 2305 1491 2340 sapientia:
1507 2309 1682 2339 pepererunt,
1700 2304 1823 2338 ejusdem
1839 2305 1876 2331 ad

1082 2361 1166 2380 unum
1183 2360 1279 2380 omnes
1288 2360 1349 2380 cum
1363 2352 1476 2379 Platone
1489 2358 1551 2378 esse
1563 2350 1715 2382 sententiae,
1728 2357 1873 2385 argumen-

1082 2400 1118 2427 tis
1131 2401 1238 2434 probat.
1261 2399 1340 2432 Quod
1360 2399 1383 2426 si
1408 2398 1455 2433 qui
1477 2397 1681 2426 consentientes
1704 2395 1826 2424 Platonis
1845 2401 1874 2424 et

1085 2446 1240 2473 Aristotelis
1259 2445 1402 2480 opiniones
1419 2444 1549 2472 dirimere
1558 2444 1679 2479 aggressi
1693 2443 1806 2475 fuerint,
1824 2450 1873 2471 eos

1085 2497 1113 2519 et
1131 2492 1209 2519 nihili
1231 2492 1366 2524 homines,
1381 2496 1409 2518 et
1425 2489 1567 2525 fugiendos
1580 2491 1687 2517 statuit.
1703 2489 1786 2518 Multa
1801 2490 1874 2516 insu-

1085 2544 1133 2571 per
1146 2536 1347 2564 Platonicorum
1362 2537 1526 2571 scriptorum
1544 2536 1715 2564 adulterasse
1730 2543 1777 2562 eos
1790 2535 1872 2562 etiam

1086 2584 1131 2618 qui
1144 2584 1215 2610 hunc
1231 2583 1283 2610 sibi
1304 2588 1498 2618 praeceptorem
1516 2582 1695 2615 ascriberent,
1719 2587 1749 2608 ut
1771 2586 1799 2609 et
1809 2582 1873 2608 Ari-

882 2650 997 2679 VARIIE
1018 2651 1223 2679 LECTIONES.

287 2709 308 2724 '°
325 2710 484 2736 ασυστάτων
498 2719 529 2742 ς.

241 2745 273 2769 Δ.
301 2744 322 2760 ³⁸
339 2745 470 2780 ἐπιὸολήν
491 2745 638 2772 Bentleius.
656 2744 661 2745 ⁷
691 2745 712 2761 ³⁷
728 2745 945 2780 ἐπιγραφόμενος
963 2754 993 2777 ς.

566 2710 587 2725 "
597 2710 670 2745 αὐτῴ
679 2709 740 2736 add.
759 2710 790 2736 Λ.
829 2710 851 2725 ⁸⁵
864 2710 919 2736 οὐδ’
933 2711 968 2737 A:
988 2710 1033 2737 ὁδ’
1050 2719 1082 2743 ς.
1116 2711 1138 2726 ³³
1151 2710 1297 2745 βαλόμενος
1313 2712 1344 2737 Λ.

1395 2709 1418 2725 ³⁸
1433 2708 1635 2744 ἀπερίτρεπτον
1649 2717 1679 2741 ς.
1714 2708 1735 2725 ³⁵
1753 2706 1803 2744 μὲν
1817 2713 1872 2734 om.

977 2800 1091 2828 NOTAE.

279 2860 335 2895 (21)
356 2859 378 2886 E
392 2866 508 2894 quorum
535 2858 620 2886 tribus
644 2858 738 2893 primis
756 2863 882 2893 excerpta
912 2858 1034 2893 quaedam
1051 2859 1202 2887 offeruntur
1218 2860 1281 2887 iul'r.
1301 2859 1362 2888 cod.
1378 2859 1441 2886 202.
