4030 6248
266 285 370 348 707

1426 275 1691 336 PHOTII
1728 273 2234 335 PATRIARCHAE
2270 273 2378 334 ΟΡ.

3414 273 3524 336 708

272 399 647 458 stotelicormn
677 409 902 467 operum
921 407 1036 459 eos,
1059 391 1150 460 qui
1170 405 1228 445 se
1259 389 1420 460 hujus
1445 401 1652 458 parlem
1674 390 1844 444 maxi-

1949 387 2207 451 ὡσαύτως
2237 387 2406 440 δὲκαὶ
2432 385 2538 440 τῶν
2562 384 3010 457 Ἀριστοτελικῶν
3038 385 3381 456 γραμμάτων
3398 391 3524 446 τοὺς

184 496 199 519 ¹
277 497 347 550 mi
393 493 572 547 facere
609 490 995 559 proﬁterentur
1027 502 1042 541 :
1071 499 1174 537 non
1211 481 1372 535 aliam
1437 481 1489 535 id
1542 482 1729 551 utique
1774 483 1846 535 ob

271 601 517 650 cattsam,
567 599 727 652 quam
765 591 823 634 ut
869 577 1212 632 committere
1254 577 1396 628 inter
1443 588 1504 628 se
1551 574 1844 643 Stagiriteu

275 689 441 744 atque
470 672 740 727 Aristonis
765 669 928 722 lilium
958 675 1199 737 possent.
1229 665 1508 734 Septimus
1541 664 1696 729 liber,
1716 679 1844 732 pro-

274 771 393 836 prio
441 765 544 819 sibi
596 773 813 828 sumpto
852 769 1196 830 argumento,
1241 761 1306 812 de
1338 758 1608 813 Ammonii
1657 774 1849 822 supra-

275 859 462 926 scripti
485 857 862 926 Disputatioue
882 854 1124 908 studiose
1142 853 1382 916 disserit,
1409 863 1574 918 utque
1600 849 1848 904 Plotinus

269 963 326 1005 et
359 948 643 1018 Origenes,
700 951 806 1000 imo
835 958 889 999 et
913 945 1249 1016 Porphyrius
1283 954 1445 1012 atque
1486 943 1843 1005 Jamblichus,

271 1052 326 1095 et
348 1043 601 1110 deinceps
634 1040 826 1095 ordine
871 1040 1077 1102 crcteri,
1115 1037 1204 1106 qui
1251 1037 1430 1090 divina
1481 1034 1850 1105 (quemadmo-

273 1136 400 1187 dum
442 1134 558 1201 ipse
593 1133 810 1200 quidem
848 1130 1111 1199 loquitur)
1146 1127 1494 1196 generatione
1541 1135 1667 1180 sunt
1692 1126 1843 1190 editi,

273 1240 448 1295 usque
478 1227 544 1277 ad
589 1223 940 1277 Plutarchum
999 1222 1385 1275 Atheniensem
1414 1259 1428 1283 ,
1478 1233 1637 1287 quem
1684 1220 1844 1272 etiam

272 1328 550 1370 auctorem
601 1319 784 1369 talium
842 1320 956 1382 ipse
1007 1315 1250 1369 nominat
1291 1313 1622 1380 dugnmtum,
1657 1319 1734 1373 ut,
1766 1313 1849 1362 in-

271 1425 457 1476 quam,
493 1407 543 1460 hi
581 1423 771 1461 omnes
817 1415 1053 1475 purgata:
1097 1403 1339 1458 Platonis
1379 1403 1731 1472 phil050phize
1758 1401 1846 1456 ad-

271 1502 398 1554 dicti
428 1503 555 1554 sint.

344 1592 460 1659 Ipsa
508 1607 638 1644 vero
675 1591 833 1656 hujus
868 1590 1106 1644 auctoris
1148 1590 1314 1642 dictio
1343 1589 1622 1656 perSpicua
1665 1595 1750 1640 est
1783 1602 1846 1638 ac

273 1699 426 1750 pura,
479 1692 534 1735 et
564 1682 994 1750 philosophicum
1053 1681 1251 1734 decens
1310 1679 1592 1732 studium:
1629 1677 1840 1733 tametsi

276 1772 468 1842 173i»
518 1773 713 1826 fucatis
752 1783 805 1825 et
837 1771 1257 1838 supervacaneis
1283 1771 1578 1834 coloribus,
1614 1780 1708 1823 aut
1746 1769 1840 1823 be-

273 1881 341 1918 ne
361 1863 573 1918 dicendi
603 1869 866 1917 varietate
897 1877 1001 1914 non
1030 1870 1345 1914 exornetur.

955 1949 1162 2005 CCXV.

279 2045 506 2098 Ioannes
567 2045 896 2113 Plutoponus
975 2045 1177 2099 Contra
1233 2041 1523 2097 Jambliclti
1583 2057 1710 2095 onus
1770 2039 1844 2094 De

908 2116 1234 2168 simulacris.

343 2210 471 2276 Legi
517 2207 744 2262 Joannis
787 2218 1150 2276 cognomento
1195 2206 1475 2274 Philoponi
1505 2205 1700 2258 librum
1730 2205 1843 2256 Ad-

270 2322 448 2360 versus
483 2301 771 2356 Jamblichi
815 2318 944 2369 Opus
985 2301 1129 2369 quod
1169 2299 1240 2353 De
1295 2298 1595 2352 simulacris
1643 2298 1843 2352 inscri-

270 2398 397 2468 psit.
425 2395 634 2463 Scopus
664 2405 840 2446 autem
861 2391 1166 2446 Jamhlicho
1189 2392 1497 2460 propositus
1527 2400 1630 2454 est,
1657 2401 1842 2445 osten-

271 2490 423 2548 dere,
475 2500 595 2538 cum
653 2484 839 2538 divina
899 2499 1021 2538 esse
1055 2483 1192 2536 idola
1227 2481 1372 2552 (nam
1425 2483 1525 2537 ista
1557 2484 1741 2551 etiam;
1771 2483 1844 2537 si-

274 2576 499 2631 mulacri
523 2575 741 2628 nomine
757 2573 1181 2644 complectitur),
1209 2581 1317 2626 tum
1338 2574 1624 2641 praesentia
1648 2574 1842 2626 Nurni-

275 2673 359 2727 nis
421 2671 623 2724 referta
664 2685 677 2720 :
717 2683 822 2720 non
869 2667 1042 2720 solum
1089 2683 1210 2735 quae
1267 2667 1547 2721 hominum
1595 2669 1846 2722 manibus

270 2762 478 2817 occulta
513 2760 746 2828 quadam
771 2768 889 2812 arte
916 2756 1204 2820 fabricata,
1222 2759 1290 2811 ob
1316 2759 1649 2826 incognitum
1681 2761 1842 2814 nimi-

274 2867 391 2904 rum
424 2850 689 2902 artillcem
723 2847 864 2900 caelo
893 2847 1115 2916 delapsa
1149 2850 1500 2902 nominentur
1532 2850 1669 2919 (haec
1697 2853 1842 2903 enim

271 2953 328 2997 et
356 2941 594 3000 cmlestis
622 2954 745 2993 esse
774 2948 999 3005 naturae,
1024 2949 1080 2992 et
1107 2939 1232 2992 inde
1256 2938 1310 2992 iu
1335 2947 1530 2993 terram
1558 2940 1842 3006 decidisse,

272 3034 415 3090 unde
436 3037 598 3087 etiam
620 3032 731 3085 sint
747 3030 938 3084 merita
963 3032 1462 3099 norneiqaccipere),
1478 3045 1664 3085 verum
1680 3031 1843 3086 etiam

272 3138 606 3192 quaecunque
639 3121 896 3176 fundendi
923 3128 1058 3185 arte,
1090 3134 1142 3174 et
1171 3122 1454 3191 sculpendi
1488 3131 1650 3194 atque
1681 3122 1846 3178 fabri-

272 3216 310 3270 li
345 3223 490 3269 certa
522 3213 683 3266 simul
717 3213 969 3264 mercede
991 3219 1046 3265 et
1064 3227 1228 3280 opera
1257 3211 1352 3283 [ab
1377 3212 1701 3285 artiﬁcibus]
1717 3229 1848 3268 con-

275 3309 510 3361 l'ormata
543 3311 746 3358 essent.
786 3301 989 3356 Horum
1021 3302 1182 3371 igitur
1214 3304 1462 3374 omnium
1487 3318 1650 3374 Opera
1683 3315 1849 3358 natu-

276 3413 388 3451 ram
426 3396 714 3463 excedere,
761 3403 817 3448 et
857 3393 1142 3449 hominum
1181 3396 1439 3464 opinione
1486 3396 1696 3465 majora
1728 3411 1850 3452 esse

271 3487 612 3543 Jamblichus
641 3488 868 3555 scribit;
891 3487 1054 3541 multa
1074 3488 1274 3556 partim
1293 3488 1629 3543 incredibilia
1647 3504 1675 3542 e
1690 3489 1847 3542 fabu-

277 3582 342 3636 lis
366 3580 640 3636 narrando
665 3621 682 3649 ,
717 3581 915 3650 partim
940 3579 995 3634 iu
1018 3581 1284 3636 obscuras
1310 3595 1505 3636 causas
1540 3583 1846 3645 referendo,

275 3674 470 3742 partim
519 3672 684 3726 etiam
719 3683 911 3726 contra
945 3683 1108 3740 atque
1131 3671 1304 3727 oculis
1348 3683 1661 3742 cernantur,
1709 3676 1850 3728 scri-

273 3767 407 3820 bere
441 3764 578 3818 nihil
616 3766 928 3818 metuendn.
952 3765 1100 3831 Opus
1125 3767 1394 3834 integrum
1427 3767 1562 3819 duas
1590 3766 1640 3817 in
1668 3777 1851 3834 partes

274 3868 449 3914 secat.
489 3855 855 3928 Majoremque
881 3857 1136 3922 alteram,
1181 3858 1410 3911 alteram
1458 3857 1715 3912 Minorem
1754 3874 1848 3912 no-

277 3953 468 4005 minat.
511 3949 820 4018 Utramque
867 3946 1199 4017 Philoponus
1247 3960 1544 4019 Oppugnat,
1591 3962 1851 4006 consueto

275 4042 542 4096 orationis
589 4054 788 4110 genere
837 4053 990 4102 usus,
1042 4039 1169 4106 quin
1215 4049 1271 4092 et
1303 4040 1749 4108 compositionem
1783 4044 1850 4096 ad

277 4134 494 4188 solitam
540 4131 644 4185 sibi
688 4132 917 4184 fortnam
950 4131 1233 4198 adaptatis.
1267 4131 1313 4182 Α
1345 4145 1482 4201 puro
1511 4133 1653 4186 enim
1686 4142 1740 4186 et
1768 4135 1848 4187 di-

278 4224 457 4278 lucido
489 4238 593 4276 non
620 4223 826 4276 recedit
857 4240 869 4275 :
908 4236 1081 4290 neque
1107 4232 1286 4276 tamen
1327 4223 1593 4293 elegantia
1629 4233 1684 4278 et
1715 4225 1852 4278 Atti-

275 4331 339 4370 ca
375 4315 554 4382 phrasi
591 4322 891 4366 exornatus
917 4312 1072 4365 nitet.
1105 4310 1398 4367 Rationum
1429 4325 1688 4382 praeterea
1704 4314 1849 4369 Jam-

1945 481 2045 552 τὴν
2076 481 2287 534 ἐκείνου
2337 479 2530 550 μερίδα
2560 480 2729 549 τιμᾷν
2754 477 3182 546 ὁμολογοῦντας’
3214 480 3307 533 καὶ
3334 481 3403 534 δι’
3429 482 3524 534 οὐ·

1945 577 2033 630 δὲν
2077 577 2263 646 ἕτερον
2299 574 2513 636 τούτοις
2545 573 2612 626 τὰ
2640 572 2864 627 τοιαῦτα
2893 572 3342 642 μεμηχανῆσθαι,
3378 574 3412 645 ἢ
3447 573 3527 627 ἵν’

1947 668 2122 738 ἔχοιεν
2151 667 2472 739 συγκρούειν
2497 667 2588 720 τὸν
2622 668 2973 736 Σταγειρίτην
2997 666 3131 736 πρὸς
3153 663 3245 718 τὸν
3261 666 3526 735 Ἀρίστω-

1947 761 2130 822 νος.’0
2158 760 2212 812 δὲ
2246 761 2290 823 ζ’
2318 759 2475 828 λόγος
2521 759 2695 830 ἀρχὴν
2731 761 2866 812 ἰδίαν
2901 759 3350 828 ὑποστησάμενος
3395 757 3526 826 περὶ

1945 857 2044 922 τῆς
2100 853 2381 922 διατριϐῆς
2447 853 2540 906 τοῦ
2601 852 3001 923 προειρημένου
3058 851 3371 921 Ἀμμωνίου
3424 850 3524 921 τὴν

1949 946 2185 1016 σπουδὴν
2217 945 2589 1014 ἀναλαμϐάνει
2609 961 2622 974 ·
2661 947 2755 998 καὶ
2783 946 2858 1009 ὡς
2885 944 3151 1007 Πλωτῖνός
3179 962 3235 997 τε
3259 944 3355 997 καὶ
3380 943 3526 1014 Ὠρι-

1947 1039 2131 1107 γένης,
2172 1040 2266 1093 καὶ
2297 1043 2402 1110 μὴν
2433 1041 2527 1092 καὶ
2561 1038 2868 1108 Πορφύριος
2893 1039 2985 1091 καὶ
3018 1036 3326 1106 Ίάμϐλιχος
3359 1039 3450 1090 καὶ
3473 1038 3525 1089 οί

1947 1131 2165 1200 ἐφεξῆς,
2191 1132 2305 1184 ὅσοι
2327 1133 2426 1202 τῆς
2454 1133 2604 1201 ἱερᾶς
2633 1131 2730 1200 (ὡς
2752 1130 2912 1192 αὐτός
2933 1129 3088 1200 φησι)
3118 1131 3309 1197 γενεᾶς
3336 1129 3526 1197 ἔτυχον

1947 1227 2176 1294 φύντες,
2211 1226 2315 1288 ἓως
2346 1226 2692 1294 Πλουτάρχου
2722 1224 2817 1277 τοῦ
2842 1223 3147 1294 Ἀθηναίου,
3179 1223 3239 1276 ὃν
3269 1223 3362 1276 καὶ
3387 1221 3524 1275 καθ-

1945 1318 2155 1388 ηγητὴν
2186 1318 2348 1370 αὐτοῦ
2364 1317 2408 1349 ³⁸
2447 1316 2556 1369 τῶν
2597 1315 2852 1369 τοιούτων
2881 1317 3188 1386 ἀναγράφει
3215 1315 3522 1383 δογμάτων,

1946 1405 2091 1465 οὗτοι
2128 1411 2328 1474 πάντες
2345 1413 2408 1481 τῇ
2431 1410 2713 1472 Πλάτωνος
2730 1407 3063 1476 διακεκαθαρ
3073 1409 3208 1478 μένῃ
3241 1406 3523 1479 συνᾴδουσι

1947 1504 2253 1575 φιλοσοφίᾳ.

2021 1595 2178 1647 Ἔστι
2198 1593 2255 1645 δὲ
2280 1592 2312 1663 ἡ
2342 1594 2542 1662 φράσις
2677 1590 2829 1662 ἀνδρὶ
2856 1591 3034 1660 σαφὴς
3064 1590 3160 1658 μὲν
3191 1591 3287 1642 καλ⁵
3309 1587 3524 1658 καθαρά

1948 1686 2042 1739 καὶ
2077 1685 2279 1755 σπουδῇ
2317 1684 2588 1753 φιλοσόφῳ
2621 1684 2903 1754 πρέπουσα
2922 1723 2936 1747 ,
2969 1684 3029 1736 οὐ
3060 1684 3167 1752 μήν
3197 1700 3259 1750 γε
3287 1685 3401 1745 τοῖς
3429 1699 3523 1735 κε·-

1945 1777 2414 1845 κα).λωπισμένοις
2434 1779 2526 1829 καὶ
2550 1778 2825 1845 περιττοῖς
2843 1775 3249 1846 ὲξωραῖζομιένη
3268 1773 3524 1846 χρώμασι

1943 1886 2004 1921 τε
2031 1871 2124 1923 καὶ
2158 1870 2476 1940 ποικίλμασι
2505 1869 2605 1938 τῆς
2640 1868 2941 1938 ῥητορείας.

2661 1962 2803 2014 ΣΙΕ’.

1960 2053 2240 2107 Ἰωάννου
2271 2053 2611 2108 Φιλοπόνου
2644 2052 2805 2106 Κατὰ
2823 2049 2930 2117 τῆς
2953 2049 3228 2118 σπουδῆς
3259 2050 3521 2118 ’Ῐαμϐλί-

2298 2143 2412 2192 κου
2443 2126 2581 2191 Περὶ
2612 2126 2730 2176 τῶν
2755 2123 3130 2191 ἀγαλμάτων.

2016 2220 2356 2288 ’Λνεγνώσθη
2410 2219 2656 2273 Ἰωάννου
2719 2219 2812 2272 τοῦ
2859 2219 3148 2272 Φιλοπόνου
3199 2217 3359 2272 Κατὰ
3411 2214 3522 2282 τῆς

1944 2315 2223 2382 σπουδῆς
2254 2315 2616 2382 Ἰαμόλι¹χου,
2647 2315 2712 2384 ἧν
2760 2312 3036 2382 ἐπέγραψε
3069 2310 3206 2378 Περὶ
3253 2307 3522 2378 ἀγαλμὰ-

1944 2410 2248 2461 των.”Εστι
2279 2408 2376 2479 μὲν
2405 2404 2499 2461 οὖν
2526 2411 2552 2461 ὁ
2579 2408 2780 2470 σκοπὸς
2799 2406 3093 2476 Ἱαμϐλίχῳ
3127 2404 3246 2457 θεῖά
3274 2421 3333 2456 τε
3353 2402 3522 2466 δεῖξαι

1944 2501 2013 2554 τά
2041 2501 2237 2554 εἴδωλα
2272 2500 2483 2572 (ταῦτα
2530 2500 2638 2570 γάρ
2685 2499 2978 2554 ὑποϐάλλει
3026 2498 3103 2567 τῷ
3154 2496 3376 2565 ὀνόματι
3424 2493 3521 2549 τοῦ

1946 2593 2301 2663 ἀγάλματος)
2349 2594 2443 2647 καὶ
2475 2591 2622 2656 θείας
2647 2592 2932 2662 μετουσίας
2963 2589 3229 2651 ἀνάπλεα,
3262 2588 3322 2641 οὐ
3358 2586 3520 2657 μόνον

1945 2685 2047 2738 ὅσα
2096 2687 2276 2755 χεῖρες
2322 2683 2623 2754 ἀνθρώπων
2658 2683 2865 2754 κρυφίᾳ
2897 2682 3093 2752 πράξει
3121 2678 3523 2750 τεχνησάμεναι

1945 2777 2033 2829 διὰ
2077 2778 2138 2830 τὸ
2179 2777 2371 2846 ἄδηλον
2432 2777 2524 2830 τοῦ
2573 2777 2815 2846 τεχνίτου
2872 2775 3095 2844 διοπετῆ
3159 2774 3524 2843 ἐπωνόμασαν

1948 2865 2140 2936 (ταῦτα
2189 2869 2296 2937 γὰρ
2339 2865 2594 2936 οὐρανίας
2621 2883 2682 2918 τε
2715 2866 2929 2934 φύσεως
2972 2861 3113 2918 εἶναι
3146 2865 3404 2918 κάκεῖθεν
3429 2863 3524 2918 ἐπὶ

1945 2959 2049 3029 γῆς
2091 2962 2297 3021 πεσεῖν.
2331 2956 2390 3020 ἐξ
2438 2951 2499 3010 οὗ
2553 2959 2648 3010 καὶ
2694 2957 2794 3028 τὴν
2840 2958 3156 3026 ἐπωνυμίαν
3186 2957 3373 3026 φέρειν
3401 2973 3524 3009 συν-

1946 3053 2297 3123 εστήσαντο),
2343 3051 2478 3106 ἀλλὰ
2505 3053 2597 3105 καὶ
2628 3052 2728 3105 ὅσα
2761 3051 2922 3121 τέχνη
2950 3051 3278 3121 χαλκευτικὴ
3324 3067 3385 3103 τε
3427 3052 3526 3104 καὶ

1949 3145 2238 3215 λαξευτικὴ
2265 3145 2356 3197 καὶ
2381 3147 2412 3214 ἡ
2446 3143 2711 3196 τεκτόνων
2737 3144 2828 3195 ἐπὶ
2853 3142 2996 3211 δήλῳ
3032 3141 3208 3212 μισθῷ
3238 3142 3332 3196 καὶ
3361 3142 3528 3213 ἐργα-

1951 3237 2042 3307 σίᾳ
2087 3236 2545 3307 διεμορφώσαντο,
2583 3237 2800 3288 Τούτων
2849 3231 2941 3287 οὖν
2984 3234 3241 3286 ἀπάντων
3283 3232 3424 3304 ἔργα
3463 3251 3525 3286 τε

1950 3331 2200 3401 ὑπερφυῆ
2236 3331 2329 3382 καὶ
2357 3329 2515 3398 δόξης
2554 3326 2904 3397 ἀνθρωπίνης
2942 3325 3224 3396 κρείττονα
3265 3325 3467 3395 γράφει
3494 3327 3524 3378 ό

1960 3421 2282 3490 Ἰάμϐλιχος,
2311 3419 2437 3492 [556
2459 3416 2550 3490 IL}
2583 3417 2754 3470 πολλά
2787 3418 2883 3486 μὲν
2917 3416 3157 3470 ἀπίθανα
3189 3415 3524 3486 μυθολογῶν,

1950 3513 2120 3568 πολλὰ
2145 3512 2201 3565 δὲ
2231 3515 2306 3574 εἰς
2341 3510 2568 3582 ἀδήλους
2587 3511 2630 3541 ³⁸
2669 3509 2848 3580 φέρων
2877 3509 3056 3569 αἰτίας
3079 3549 3094 3571 ,
3128 3507 3300 3561 πολλά
3332 3507 3390 3560 δὲ
3430 3508 3526 3562 καὶ

1949 3610 2060 3670 τοῖς
2092 3607 2392 3677 ὁρωμένοις
2433 3601 2649 3656 ἐναντία
2693 3601 2926 3673 γράφειν
2967 3603 3068 3655 οὐκ
3115 3602 3522 3673 αἰσχυνόμενος.

1951 3699 2046 3763 Ei;
2088 3698 2182 3752 δύο
2210 3699 2267 3751 δὲ
2299 3697 2398 3768 τὴν
2438 3695 2622 3761 δληνδο
2672 3695 3053 3765 πραγματείαν
3097 3695 3396 3764 διατέμνει,
3426 3698 3526 3766 τὴν

1955 3792 2056 3862 μὲν
2084 3790 2337 3853 Μείζονα
2359 3791 2562 3856 καλῶν,
2580 3789 2677 3862 τὴν
2709 3789 2766 3844 δὲ
2795 3791 3132 3844 Ἐλάττονα.
3167 3789 3306 3843 Καθ’
3332 3790 3527 3843 ἑκατέ-

1955 3903 2054 3956 ρας
2099 3886 2154 3938 δὲ
2203 3888 2407 3938 τούτων
2449 3885 2544 3938 καὶ
2589 3886 2618 3937 ὁ
2649 3884 2938 3946 Φιλόπονος
2981 3885 3217 3948 ἵσταται,
3245 3883 3390 3948 λέξει
3427 3882 3528 3954 μὲν

1951 3979 2288 4048 κεχρημένος
2316 3973 2458 4049 ᾗπερ
2486 3976 2686 4042 εἰώθει,
2715 3979 2808 4029 καὶ
2827 3975 2924 4046 τὴν
2951 3974 3224 4047 συνθήκην
3254 3974 3311 4029 δὲ
3337 3976 3416 4037 είς
3434 3975 3527 4027 τὸν

1951 4072 2135 4139 ὅμοιον
2168 4070 2346 4139 ἐαυτῷ
2367 4069 2533 4122 τύπον
2559 4067 2957 4139 ἁρμοζόμενος*
2981 4068 3074 4120 τοῦ
3101 4067 3200 4137 μὲν
3222 4068 3330 4139 γάρ
3358 4067 3531 4121 καθα-

1954 4160 2050 4232 ροῦ
2084 4163 2177 4214 καὶ
2207 4161 2487 4230 εὐκρινοῦς
2516 4160 2642 4232 [286
2678 4159 2767 4231 H.]
2799 4161 2897 4212 οὐκ
2926 4160 3228 4223 ἀποκλίνει,
3251 4159 3312 4212 ού
3345 4161 3526 4230 μέντοι

1951 4270 2014 4322 γε
2039 4256 2106 4323 τῇ
2143 4253 2325 4318 λογάδι
2361 4253 2455 4305 καὶ
2482 4252 2832 4325 ἀττικιζούσῃ
2871 4252 3067 4322 φράσει
3101 4251 3523 4315 καλλωπίζεται.

1951 4346 2061 4399 Καὶ
2087 4345 2213 4406 τοὺς
2237 4344 2496 4414 ἐλέγχους
2519 4344 2575 4396 δὲ
2604 4345 2711 4396 τῶν
2731 4343 3040 4414 Ἰαμϐλίχου
3061 4344 3233 4411 λόγων
3260 4342 3526 4412 πολλαχοῦ

279 4407 446 4462 blichi
497 4402 954 4471 reprehensiones
983 4407 1115 4456 sa‘ue
1146 4419 1461 4472 generosas,
1492 4414 1548 4458 et
1581 4420 1674 4472 per
1705 4407 1846 4474 ipsas

1959 4439 2058 4508 μὲν
2085 4438 2365 4505 γενναίους
2394 4455 2454 4490 τε
2486 4439 2578 4490 καὶ
2608 4437 2674 4489 δι’
2697 4438 2876 4490 αὐτῶν
2901 4437 3230 4506 ἐρχομένους
3257 4435 3365 4487 τῶν
3389 4453 3527 4506 πρα-

277 4510 494 4566 quoque
531 4504 880 4563 penetrantes
912 4509 1113 4548 causas
1146 4493 1458 4564 frequenter
1482 4497 1574 4550 tibi
1600 4497 1848 4563 exhibet;

277 4620 416 4673 quas
445 4603 718 4656 interdum
757 4598 1045 4667 superﬁcie
1089 4609 1245 4651 tenus
1282 4605 1486 4650 tantum
1522 4597 1852 4660 refellentes.

281 4706 340 4750 et
385 4695 454 4748 ad
516 4694 631 4746 sola
680 4693 902 4745 nomina
944 4688 1164 4751 relatas,
1214 4687 1536 4757 longiusque
1565 4705 1595 4742 a
1627 4705 1687 4742 re
1727 4705 1854 4743 ron—

285 4799 530 4844 troversa
570 4787 886 4839 recedentes
931 4777 1172 4852 [δῆθε-κ]
1195 4779 1354 4833 etiam
1383 4795 1504 4833 cum
1537 4782 1650 4837 hac
1677 4782 1859 4838 redar-

281 4877 466 4947 guenti
501 4876 655 4927 valde
689 4884 774 4928 est
812 4872 1066 4937 obnoxia,
1095 4880 1151 4923 et
1190 4883 1284 4938 per
1321 4884 1383 4926 se
1426 4871 1851 4929 imbecillitatem

279 4983 436 5026 suam
462 4967 658 5037 prodit,

956 5060 1182 5117 CCXVI.

731 5152 964 5208 Oribasii
993 5155 1183 5208 medici
1222 5173 1398 5221 onera.

352 5245 482 5315 Legi
538 5244 809 5299 volumina
862 5255 1135 5313 quatuor,
1184 5248 1383 5314 quibus
1420 5247 1685 5300 medicam
1742 5263 1852 5301 rem

280 5338 566 5394 Oribasius
600 5335 714 5408 (22)
761 5352 792 5390 a
853 5352 912 5392 se
952 5339 1308 5407 compositam
1355 5340 1670 5407 complexus
1718 5353 1849 5395 est:

1949 4531 2174 4600 γμάτων
2205 4530 2591 4591 ἐπιδείκνυσιν,
2623 4531 2793 4582 ἐνίοτε
2825 4530 2883 4582 δὲ
2909 4529 3229 4583 ἐπιπόλαιον
3268 4530 3369 4601 τὴν
3398 4531 3529 4583 ἀνα-

1953 4623 2153 4691 σκευὴν
2201 4623 2463 4690 φέροντας
2509 4623 2602 4674 καὶ
2657 4621 2794 4691 πρὸς
2838 4622 3010 4690 ὄνομα
3073 4623 3390 4691 γινομένους
3433 4624 3528 4675 καὶ

1955 4715 2145 4785 πόρρω
2178 4713 2268 4767 τοῦ
2305 4714 2575 4768 ἅπτεσθαι
2613 4714 2718 4766 τῶν
2752 4714 3124 4784 ενῖιθυνομένων
3169 4715 3526 4784 φερομένους,

1955 4801 2132 4855 καίτοι
2183 4802 2382 4874 ῥᾳδίων
2404 4803 2450 4833 ⁸⁸
2510 4803 2778 4855 κάκείνων
2829 4805 2964 4872 πρὸς
3010 4804 3232 4874 ἔλεγχον
3271 4806 3526 4874 ἐκκειμέ-

1957 4910 2062 4946 νων
2079 4892 2146 4958 “,
2176 4893 2271 4948 καὶ
2296 4894 2354 4962 ἐξ
2375 4894 2581 4946 ἑαυτῶν
2611 4893 3067 4964 προϐαλλομένων
3099 4897 3159 4949 τὸ
3184 4898 3490 4968 άνίσχυρον.

2669 5074 2824 5130 ΣΙΕ..
2934 5111 2938 5114 -

2669 5093 2728 5126 ιιι
2811 5114 2824 5130 .
2934 5111 2938 5114 -

2442 5093 2809 5233 Ὀρειϐασίϊυ
2827 5166 3056 5230 βιϐλία.
3305 5205 3312 5207 λλ

2033 5253 2476 5325 Ἀνεγνώσθησαν
2528 5257 2706 5327 βιϐλία
2755 5257 2818 5321 δ’,
2852 5259 2889 5311 ἀ
2935 5258 3034 5329 τὴν
3051 5258 3095 5290 ³³
3148 5259 3532 5328 πραγματείαν

1966 5345 2216 5416 ἰατρικὴν
2246 5349 2566 5420 Ὀρειϐασίῳ
2585 5348 2630 5380 ⁸⁸
2671 5351 3106 5422 συντεταγμένην
3131 5353 3370 5423 περιεῖχε
3391 5367 3402 5381 ·
3438 5351 3532 5403 καὶ

1579 5431 1814 5489 VARUE
1842 5435 2247 5494 LECTIONES.

353 5523 399 5556 ³⁸
426 5523 590 5578 αὑτοῦ
628 5525 673 5576 Α
699 5522 888 5584 ιαὺτός
916 5539 976 5585 ς’.

281 5595 477 5650 veritn.
542 5594 588 5626 “
611 5593 908 5664 ὐριϐασίῳ
939 5593 1002 5647 Α.

1083 5521 1126 5553 ³⁸
1153 5522 1363 5592 ἀδήλως
1395 5540 1456 5587 ς.
1525 5524 1571 5557 ⁸ο
1599 5525 1728 5597 ὅλην
1769 5529 1868 5597 τήν
1897 5547 1958 5594 ς.
2029 5530 2072 5564 ⁸³
2108 5532 2230 5588 libri
2267 5533 2470 5606 ῥᾴδιον.
2553 5537 2598 5567 δ’
2629 5535 2963 5604 ἐγκειμένων
2986 5553 3045 5600 ς.

3151 5536 3196 5568 ιι
3223 5535 3319 5606 τὴν
3383 5536 3531 5590 dele-

1787 5664 2012 5720 NOTAE.

357 5757 466 5827 βᾶ)
501 5756 572 5808 De
615 5758 713 5808 hoc
750 5760 953 5828 Euuap.
984 5767 1032 5812 et
1071 5756 1224 5810 Suid.
1263 5759 1578 5814 meminere.
