4030 6248
419 287 525 349 709

1410 284 1941 346 BIBLIOTHECA.
1979 309 2047 317 --
2075 284 2235 344 COD.
2262 283 2748 344 CCXV-CCXVII

3575 280 3682 345 710

419 400 500 452 ιτι
524 396 688 466 ἔτερα
714 396 760 461 ζ’
781 396 971 467 ἀνδρός
997 414 1054 449 τε
1076 397 1168 450 τοῦ
1197 398 1361 452 αὐτοῦ
1389 401 1481 452 καὶ
1507 403 1587 464 είς
1619 401 1996 472 παραπλήσιον

2112 400 2313 470 iliaque
2344 412 2604 470 prieterca
2631 411 2858 470 septem,
2890 402 3078 455 eadem
3111 413 3250 467 pene
3281 398 3452 452 l‘orma
3485 398 3553 451 ab
3589 413 3681 452 eo-

419 489 816 558 ὲξενηνεγμένα
829 488 874 519 δ’
899 489 1090 543 τύπον.

466 581 828 648 Ὀρειὸασίου
871 579 1155 706 Ἐπιτοιᾶὴ
1184 581 1291 667 τοᾷ
1329 583 1618 650 Palmm”)
1641 583 1790 652 πρὸς
1815 587 1964 637 Ἰου-

1131 669 1324 706 mror.

1131 669 1324 708 ιανον.

499 743 565 796 Ἦ
619 742 716 812 μὲν
760 741 852 795 οὖν
885 743 1079 814 πρώτη
1124 746 1328 815 σπουδὴ
1371 745 1447 816 τῷ
1494 747 1668 816 ἀνδρὶ,
1701 746 1737 800 ἀ
1765 746 2002 816 Γαληνὸς

422 834 521 904 μὲν
549 833 787 903 ἔγραψεν
808 837 836 887 ὁ
865 835 1068 904 ἰατρὸς,
1101 835 1408 904 συντέμνει,
1429 838 1702 908 Ἰουλιανῷ
1723 838 1778 890 δὲ
1801 837 1880 909 τῷ
1899 837 2000 906 τῆς

418 927 698 990 εὐσεϐείας
749 928 1034 1000 ἀποστάτῃ
1077 928 1415 1001 ἀναγράφει·
1463 932 1496 1002 ἢ
1548 933 1642 984 καί
1695 931 2000 1002 ἀπάρχεται

417 1017 615 1081 οὕτως’

495 1128 515 1161 ι
552 1108 885 1163 Κελεύσαντί
910 1128 1015 1177 σοι,
1061 1112 1306 1168 θειότατε
1351 1114 1689 1186 αὐτοκράτορ
1723 1115 1999 1180 Ἰουλιανέ,

417 1202 547 1265 τοὺς
572 1201 651 1271 τῷ
682 1204 973 1274 θαυμασίῳ
1003 1205 1227 1277 Γαληνῷ
1256 1207 1558 1278 χρησίμους
1587 1208 1667 1271 εἰς
1697 1209 1794 1276 τὴν
1828 1211 2002 1278 ίατριμ

418 1294 524 1363 κὴν
576 1295 771 1364 τέχνην
819 1295 1240 1365 γεγραμμένους
1293 1296 1483 1364 λόγους
1539 1295 1878 1366 συντεμείνλϐ
1923 1297 2002 1360 είς

416 1385 640 1439 ἔλαττον
661 1425 676 1450 ,
714 1386 1008 1456 προθύμως
1038 1389 1348 1458 ὑπήκουσα.
1378 1389 1503 1452 Τοῖς
1534 1406 1592 1440 τε
1619 1390 1726 1459 γὰρ
1760 1390 2003 1459 μετιέναι

417 1475 518 1546 τὴν
542 1475 735 1546 τέχνην
767 1476 970 1547 ταύτην
1004 1479 1461 1547 προαιρουμένοις
1481 1516 1493 1539 ,
1522 1475 1597 1540 ὡς
1624 1479 1788 1541 αὐτός
1816 1495 2003 1547 φησιν,

417 1567 545 1622 οὔτε
573 1569 629 1621 δὲ
671 1568 885 1639 φύσεως
919 1569 1239 1641 ἐπιτηδείως
1259 1570 1327 1634 ‘7,
1345 1569 1458 1623 οὔθ’
1487 1570 1703 1640 ἡλικίας
1731 1571 2006 1639 ἁρμοζού-

420 1676 522 1730 σης
542 1661 892 1729 τετυχηκόσι,
921 1659 1182 1721 πολλάκις
1205 1660 1262 1713 δὲ
1284 1660 1404 1713 οὐδὲ
1431 1659 1540 1712 τῶν
1567 1660 1798 1730 πρώτων
1825 1661 2005 1731 μαθη-

2105 493 2224 545 dem
2261 493 2429 546 edita.

2106 581 2341 638 Oribasii
2379 583 2568 637 medici
2626 582 2812 664 Caleni
2861 584 3234 648 Compeudium
3282 587 3350 634 ad
3399 580 3682 635 Juliauum

2728 665 3090 720 imperatorem
3101 695 3116 708 .

2176 742 2365 800 Priore
2384 762 2514 814 ergo
2547 745 2844 809 volumine,
2880 761 3000 814 quae
3025 746 3260 800 Galenus
3289 743 3531 800 medicus
3552 758 3684 800 con-

2104 840 2418 906 scripserat,
2457 852 2521 890 ea
2558 838 2647 891 hic
2697 837 2748 888 in
2787 838 3166 904 compendium
3205 836 3420 905 redigit.
3465 834 3679 889 Juliano

2104 940 2282 984 autem
2309 929 2633 984 Christianae
2657 928 2935 998 religionis
2958 929 3222 983 desertori
3267 929 3411 983 hunc
3437 928 3678 982 laborem

2104 1019 2402 1087 inscripsit,
2427 1019 2529 1072 hoc
2569 1016 2682 1071 fere
2708 1033 2836 1070 usus
2872 1018 3139 1085 principio
3170 1036 3183 1071 :

2180 1129 2198 1161 σ
2235 1110 2427 1166 Jussus
2454 1127 2482 1161 a
2519 1120 2590 1173 te,
2619 1109 2968 1163 diveJuliane
3003 1109 3320 1175 imperator,
3355 1106 3541 1162 Caleni
3579 1106 3683 1162 hoc

2104 1204 2265 1259 minis
2306 1203 2605 1258 admirandi
2642 1201 2902 1269 perutiles
2937 1199 3130 1270 174a
3175 1202 3241 1254 de
3296 1215 3354 1255 re
3387 1201 3590 1254 medica
3629 1199 3688 1250 li-

2104 1297 2230 1351 bros
2259 1294 2326 1348 ad
2358 1295 2616 1364 pauciora
2649 1292 2919 1359 redigere,
2970 1292 3202 1346 libenter
3247 1304 3381 1345 sane
3420 1291 3684 1344 voluntati

2107 1399 2212 1443 tute
2255 1403 2375 1443 sum
2403 1387 2721 1442 obsecutus.
2756 1385 2826 1438 lis
2865 1385 3009 1438 enim
3055 1386 3147 1454 qui
3186 1387 3251 1438 ad
3286 1385 3430 1438 hanc
3458 1399 3578 1438 sese
3603 1400 3687 1437 ar-

2106 1494 2214 1538 tem
2255 1484 2532 1552 applicare
2569 1483 2774 1546 volent,
2820 1483 2900 1551 (ut
2936 1482 3050 1550 ipse
3087 1482 3209 1552 ait),
3254 1491 3309 1534 et
3350 1491 3538 1534 natura
3574 1480 3684 1532 for--

2107 1578 2244 1631 sitan
2281 1577 2670 1640 destituuntur,
2703 1590 2878 1643 neque
2911 1585 3092 1642 aptam
3122 1584 3246 1627 sunt
3274 1574 3413 1627 nacti
3446 1583 3681 1634 :etatem,

2109 1685 2174 1722 ue
2206 1668 2478 1736 prioribus
2506 1667 2722 1735 quidem
2750 1680 3125 1735 saepenumero
3159 1664 3464 1731 disciplinis
3487 1663 3684 1716 initiati

424 1753 610 1823 μάτων
639 1752 989 1822 ἀρξαμένοις,
1025 1753 1120 1804 καὶ
1164 1752 1252 1806 διὰ
1295 1751 1473 1806 ταῦτα
1513 1753 1793 1816 ἀδυνάτως
1821 1754 2005 1824 έχουσι

2112 1759 2190 1826 (ut
2222 1758 2290 1810 ob
2321 1771 2414 1810 eas
2444 1770 2638 1809 causas
2671 1754 2843 1808 libros
2887 1753 3007 1806 illos
3036 1753 3269 1806 fusiores
3303 1751 3549 1804 ediscere
3589 1765 3685 1802 nc-

419 1846 546 1908 τοὺς
577 1845 720 1897 κατά
744 1844 974 1911 διέξοδον
1021 1844 1211 1912 λόγους
1258 1844 1644 1913 ἐκμανθάνειν,
1677 1844 1905 1916 ἀρκέσει
1936 1845 2006 1898 τὰ

421 1936 516 1988 νῦν
557 1936 987 2007 γραφησόμενα,
1019 1937 1211 2007 χρόνου
1259 1953 1317 1988 τε
1371 1936 1709 2006 βραχυτέρου
1741 1937 1876 2008 πρὸς
1906 1936 2004 2008 τὴν

421 2028 728 2098 ὲκμάθησιν
752 2027 1042 2098 χρῄζοντα,
1075 2029 1171 2080 καὶ
1197 2027 1295 2096 τὴν
1326 2029 1512 2097 νόησιν
1543 2029 1940 2100 εὐπετεστέραν
1959 2030 2004 2060 ⁴⁸

420 2120 612 2185 ἕξοντα
639 2120 719 2191 τῷ
737 2121 834 2191 τὴν
863 2122 1173 2190 συναίρεσιν
1199 2123 1280 2183 εἰς
1308 2121 1673 2191 βραχυλογίαν
1700 2122 1799 2175 οὐκ
1819 2121 2003 2192 ἀσαφῆ

422 2211 775 2282 γενήσεσθαι.
801 2212 926 2274 Τοῖς
968 2228 1027 2264 τε
1045 2211 1087 2244 ⁸9
1133 2210 1550 2284 ὲνὶπροπαιδεία
1597 2211 2004 2279 γεγενημένοις,

424 2305 519 2356 καὶ
552 2305 689 2374 μήτε
725 2303 829 2355 ὑπὸ
861 2302 1076 2370 φύσεως
1122 2304 1262 2372 μήτε
1312 2302 1530 2368 ἡλικίας
1581 2303 1873 2355 κωλυθεῖσι
1917 2320 2006 2355 τε·

422 2399 595 2462 λείαις
639 2398 944 2469 χρήσεσθαι
994 2399 1114 2458 ταῖς
1163 2395 1556 2459 διδασκαλίαις,
1587 2396 1820 2466 ἁρμόζοι
1861 2394 1927 2448 ἂν
1971 2397 2004 2466 ὴ

421 2489 645 2560 τοιαύτη
678 2489 900 2558 σύνοψις
929 2490 1015 2541 ἐπ’
1038 2489 1216 2542 αὐτῶν
1247 2488 1351 2540 τῶν
1383 2488 1558 2557 ἔργων
1581 2488 1676 2557 τῆς
1702 2488 1799 2557 μὲν
1822 2488 2008 2559 χρείας

425 2582 776 2651 ἐπειγούσης,
811 2585 868 2634 ἐν
900 2581 1092 2651 βραχεῖ
1115 2580 1171 2633 δὲ
1201 2580 1296 2649 τῆς
1321 2579 1678 2649 ἀναμνήσεως
1705 2578 1812 2630 τῶν
1841 2582 2009 2645 ἀναγ-

426 2676 730 2730 καιοτάτων
752 2673 1066 2742 γενομένης.
1104 2692 1122 2724 ι

496 2768 654 2821 Οὕτω
687 2768 784 2836 μὲν
827 2769 855 2819 ὁ
877 2765 1216 2836 Ὀρειϐάσιος
1253 2766 1308 2816 ἐν
1345 2763 1517 2833 ταύτῃ
1547 2765 1613 2834 τῇ
1657 2762 2012 2833 πραγματείᾳ

425 2859 865 2932 προοιμιάζεται,
892 2857 1262 2928 ὑποσχόμενος
1288 2859 1474 2908 ἐκεῖνα
1498 2855 1633 2925 μόνα
1659 2858 2007 2924 συναγαγεῖν,

424 2951 464 3005 ἀ
491 2950 600 3003 τῶν
623 2950 966 3019 ἀρεσκόντων
999 2949 1114 3001 ἐστὶ
1141 2947 1217 3017 τῷ
1241 2947 1396 3018 ἀνδρὶ
1423 2949 1517 2999 καὶ
1546 2947 1681 3018 πρὸς
1711 2946 1808 3018 τὴν
1840 2950 2012 3018 ἰατρι-

432 3042 536 3110 κὴν
560 3041 743 3111 ἀφορᾷ
773 3040 968 3110 τέχνην
1009 3055 1071 3090 τε
1116 3041 1211 3090 καὶ
1241 3038 1341 3104 τῆς
1372 3037 1568 3107 τέχνης
1616 3038 2008 3108 μεταχείρισιν.

431 3133 739 3203 Πεπόνηται
768 3131 826 3184 δὲ
857 3129 1006 3202 αὐτῷ
1033 3131 1068 3201 ἡ
1101 3130 1324 3200 τοιαύτη
1357 3129 1561 3199 σπουδὴ
1591 3132 1649 3182 ἐν
1677 3129 1946 3198 λόγοις....

1137 3222 1280 3274 ΣΙΖ¹.

433 3309 548 3365 Τοῦ
598 3310 784 3365 αὐτοῦ
813 3313 1189 3381 Πραγματεία
1228 3313 1299 3366 ἐν
1337 3314 1540 3384 λόγοις
1576 3312 2008 3382 ἐϐδομήκοντα.

512 3402 578 3457 Ἦ
607 3403 666 3456 δὲ
686 3403 916 3475 δευτέρα
947 3405 1304 3475 πραγματεία
1323 3404 1594 3476 Ἰουλιανῷ
1623 3406 1724 3477 μὲν
1753 3408 1848 3459 καὶ
1873 3407 2012 3476 αὐτὴ

425 3495 526 3568 τὴν
559 3495 946 3568 προσφώνησιν
979 3500 1235 3563 ποιεῖται,
1263 3499 1320 3549 ὲν
1353 3497 1454 3549 ο¹³⁰
1486 3497 1542 3549 δὲ
1579 3497 1894 3566 περαίνεται
1925 3496 2013 3549 λό-

427 3605 566 3659 γοις,
597 3591 692 3644 καὶ
718 3589 779 3642 τὸ
802 3591 1072 3661 χρήσιμον
1096 3589 1197 3644 οὐκ
1228 3589 1474 3655 ἔλαττον,
1507 3589 1646 3644 ἀλλά
1685 3591 1778 3644 καὶ
1812 3590 2013 3660 μᾶλλον

427 3685 461 3753 ἢ
491 3685 526 3753 ὴ
554 3683 798 3753 προτέρα
821 3681 916 3735 τοῦ
944 3682 1273 3753 πολυστίχου
1309 3682 1630 3753 παρέχεται.
1659 3680 2017 3753 Προοιμιάζε-

425 3794 517 3831 ται
569 3777 627 3831 δὲ
674 3778 768 3831 καὶ
803 3776 940 3847 αὕτη
983 3776 1172 3830 τοῦτον
1220 3775 1314 3829 τὸν
1357 3777 1559 3847 τρόπον
1589 3791 1606 3809 ⁸

501 3865 625 3938 [557
643 3865 736 3940 ἢ]
763 3867 902 3930 «Τὰς
917 3867 1351 3938 προσταχθείσας
1363 3869 1622 3938 ἐπιτομάς
1641 3866 1900 3939 παράτῆς
1917 3868 2015 3938 σῆς

428 3959 725 4031 θειότητος,
759 3960 1100 4030 αὐτοκράτορ
1126 3959 1403 4024 Ἰουλιανὲ,
1419 3961 1701 4032 πρότερον,
1726 3962 1890 4026 ἡνίκα
1910 3962 2019 4014 διε-

428 4051 684 4124 τρίϐομεν
707 4054 766 4106 ἐν
792 4052 1029 4124 Γαλατία
1049 4055 1118 4124 τῇ
1159 4053 1294 4124 πρὸς
1321 4055 1579 4125 ἑσπέραν,
1611 4054 1691 4118 είς
1713 4054 1862 4118 τέλος
1879 4055 2018 4125 ἠγα-

428 4161 526 4214 γον
547 4145 726 4209 καθὼς
737 4144 1061 4216 ἠϐουλήθης,
1080 4145 1147 4209 ἀς
1158 4163 1308 4208 τινας
1324 4147 1389 4198 ἐκ
1407 4147 1580 4216 μόνων
1597 4148 1706 4202 τῶν
1727 4149 1829 4201 ὑπὸ
1844 4149 2019 4218 Γαλη-

429 4234 522 4287 νοῦ
543 4237 859 4306 γραφέντων
882 4236 1246 4306 ἐποιησάμην.
1265 4234 1484 4306 Ἐπειδὴ
1505 4237 1560 4289 δέ
1575 4237 1870 4301 ἐπαινέσας
1889 4237 2022 4291 ταύ-

426 4342 530 4388 τας
559 4326 814 4395 δευτέραν
835 4325 1102 4392 ἐπέταξας
1136 4326 1356 4396 πρᾶξιν,
1395 4327 1610 4380 πάντων
1642 4326 1750 4380 τῶν
1782 4327 2018 4398 ἀρίστων

427 4419 639 4487 ἀνδρῶν
687 4419 1102 4490 ἀναζητήσαντά
1154 4435 1223 4488 με
1268 4419 1336 4473 τὰ
1380 4421 1720 4492 καιριώτατα
1779 4437 2017 4490 συναγα-

429 4512 602 4577 γεῖν⁸¹
637 4513 732 4564 καὶ
759 4513 935 4565 πάντα
965 4511 1067 4565 ὅσα
1102 4511 1430 4583 χρησιμεύει
1456 4513 1593 4583 πρὸς
1622 4513 1683 4566 τὸ
1711 4514 1842 4567 αὐτὸ
1865 4514 2017 4578 τέλος

427 4606 533 4673 τῆς
585 4603 856 4674 ἰατρικῆς,
897 4603 1182 4658 καὶτοῦτο
1210 4606 1473 4676 πράττειν
1507 4606 1584 4667 ὡς
1629 4601 1741 4668 οἷός
1789 4605 1850 4678 τέ
1899 4607 2013 4674 εἰμι

429 4692 729 4764 προθύμως
766 4693 1060 4761 διέγνωκα.
1094 4695 1357 4766 Περιττδν
1395 4694 1452 4748 δὲ
1497 4695 1719 4764 νομίσας
1756 4689 1892 4746 εἶναι
1921 4695 2019 4748 καὶ

431 4785 712 4848 παντελῶς
745 4784 938 4856 εὒηθες
969 4787 1030 4839 τὸ
1053 4786 1353 4855 ἐγγράφειν
1377 4787 1448 4840 τὰ
1476 4786 1616 4839 αύτά
1640 4785 1898 4848 πολλάκις
1921 4787 2016 4838 καὶ

428 4877 542 4930 τῶν
593 4877 791 4948 ἄριστα
842 4879 1272 4947 συγγραψάντων
1323 4877 1419 4930 καὶ
1469 4877 1579 4929 τῶν
1625 4877 1698 4947 μὴ
1727 4877 1928 4947 ὁμοίως
1951 4877 2013 4930 τὸ

431 4971 660 5042 ἀκριϐὲς
691 4972 1225 5042 ἐξεργασαμένων⁸²,
1279 4969 1414 5041 μόνα
1448 4971 1522 5024 τά
1551 4971 1658 5022 τῶν
1687 4969 1909 5040 ἄμεινον
1939 4971 2014 5021 εί-

430 5064 643 5117 πόντων
672 5065 908 5129 συνάξω,
940 5063 1106 5135 μηδὲν
1139 5057 1213 5116 ὧν
1246 5061 1485 5132 Γαληνὸς
1511 5057 1632 5114 εἶπε
1664 5057 2012 5132 παραλιπὼν,

431 5155 623 5210 καθότι
670 5156 777 5209 τῶν
825 5156 1258 5226 συγγραψάντων
1307 5155 1568 5208 ἁπάντων
1611 5156 1690 5217 είς
1719 5154 1818 5216 τὰς
1847 5152 2015 5214 αὐτάς

433 5247 718 5310 ὑποθέσεις
745 5247 906 5312 αὐτὸς
935 5250 1147 5319 κρατεῖ,
1183 5245 1428 5316 μεθόδοις
1468 5243 1562 5298 καὶ
1587 5243 1886 5314 διορισμοῖς
1906 5244 2018 5306 τοῖς

2105 1853 2330 1918 queant)
2374 1848 2647 1902 suiiicient
2700 1861 2820 1914 quae
2865 1846 2977 1914 jam
3032 1844 3344 1898 scribentur
3399 1862 3412 1897 :
3455 1859 3576 1895 eum
3631 1851 3688 1896 et

2109 1952 2351 2009 tempore
2378 1951 2574 2010 egeant
2600 1941 2665 1993 ad
2693 1939 3041 1994 ediscendum
3079 1936 3348 1998 breviore,
3382 1945 3436 1990 et
3465 1949 3684 1989 sensum

2109 2035 2362 2089 habitura
2399 2035 2508 2088 sint
2561 2033 2904 2097 faciliorem;
2936 2033 3155 2099 quando
3214 2029 3264 2080 iu
3317 2042 3486 2095 pauca
3524 2026 3685 2078 verba

2110 2127 2213 2181 boc
2235 2127 2616 2195 compendium
2644 2126 2810 2177 vitata
2839 2123 3055 2177 interim
3083 2119 3446 2183 obscuritate,
3476 2116 3688 2186 redige-

2111 2227 2216 2271 tur.
2253 2217 2348 2272 llis
2376 2234 2504 2272 vero
2535 2218 2626 2285 qui
2671 2215 3108 2286 praecedentibus
3147 2212 3472 2266 medicinam
3510 2209 3690 2264 scien-

2111 2309 2202 2362 liis
2229 2308 2454 2369 exculti,
2499 2323 2678 2375 neque
2705 2320 2800 2374 per
2826 2316 3104 2365 naturam,
3141 2316 3319 2370 neque
3352 2315 3450 2370 per
3468 2309 3687 2355 aetatem

2109 2401 2466 2472 prohibentur
2492 2386 2911 2469 perfectioribus
2938 2399 3026 2450 hic
3048 2395 3214 2450 imbui
3236 2393 3544 2463 praeceptis,
3575 2391 3690 2444 haec

2109 2512 2326 2566 quoque
2373 2497 2624 2567 synopsis
2653 2493 2939 2548 conveniet
2978 2508 2992 2544 :
3019 2507 3142 2546 cum
3174 2488 3410 2541 maxime
3439 2498 3692 2539 necessa-

2111 2592 2188 2644 ria
2221 2605 2449 2658 quaeque
2499 2587 2736 2642 breviter
2764 2586 2830 2639 iis
2871 2595 3236 2653 suggerentur
3277 2592 3425 2643 tunc,
3470 2577 3690 2649 quando

2111 2682 2165 2735 in
2194 2682 2312 2750 ipso
2338 2679 2562 2733 curandi
2603 2694 2766 2746 opere.
2795 2676 3007 2744 urgebit
3035 2673 3358 2728 necessitas.
3397 2694 3416 2726 ι

2183 2772 2278 2828 Sic
2312 2773 2478 2842 igitur
2521 2770 2802 2826 Oribasius
2831 2769 2882 2822 in
2928 2771 3030 2822 huc
3073 2780 3240 2835 opere
3279 2763 3558 2834 praafatus,
3599 2763 3690 2818 illa

2061 2842 2072 2858 .
2111 2867 2286 2922 solum
2329 2865 2614 2936 pollicetur
2645 2863 3003 2916 collecturum
3051 2873 3131 2924 se,
3171 2873 3291 2928 qua:
3339 2857 3548 2912 Galeno
3578 2857 3692 2926 pla-

2113 2957 2376 3018 cuissent,
2412 2969 2642 3023 quaeque
2691 2951 2758 3004 ad
2797 2950 3060 3002 medicam
3095 2956 3294 3011 artem,
3344 2957 3397 2999 et
3426 2946 3546 3015 ejus
3575 2954 3692 2998 tra-

2114 3046 2410 3098 ctationem
2457 3042 2720 3095 facerent.
2760 3035 3008 3090 Absolvit
3055 3044 3235 3090 autem
3283 3033 3414 3088 illud
3459 3048 3597 3104 opus
3626 3033 3695 3088 li-

2117 3138 2271 3191 bris.
2308 3177 2321 3191 .
2355 3174 2368 3188 .

2766 3224 3022 3279 CCXVII.

2139 3315 2397 3386 Ejusdem
2423 3314 2825 3368 Medicinalium
2861 3315 2974 3385 (2'5)
3002 3316 3351 3370 collectorum
3389 3315 3512 3369 libri
3537 3331 3666 3372 Lxx.

2184 3409 2425 3463 Alterum
2473 3422 2690 3478 quoque.
2736 3423 2874 3476 opus
2914 3409 3088 3462 eidem
3119 3408 3336 3464 Juliano
3384 3409 3694 3465 dedicatum

2113 3501 2456 3570 septuaginta
2503 3499 2658 3555 libris
2693 3498 2996 3554 absolvitur
3031 3519 3044 3554 :
3079 3502 3248 3555 nihilo
3276 3503 3492 3556 interim
3525 3501 3701 3556 mino-

2116 3606 2253 3655 rem,
2284 3606 2448 3662 quam
2480 3591 2612 3646 illud
2645 3593 2818 3662 prius,
2847 3595 2942 3648 sed
2990 3593 3250 3660 majorem
3285 3595 3464 3662 potius
3491 3595 3701 3648 utilita-

2119 3693 2224 3738 tem
2257 3699 2353 3738 sua
2383 3683 2523 3740 mole
2545 3683 2803 3742 aﬂ'erens.‘
2829 3683 2959 3753 Ejus
2981 3695 3162 3740 autem
3188 3686 3535 3756 proloquium
3554 3687 3700 3743 hunc

2118 3777 2171 3832 in
2213 3777 2430 3831 modum
2467 3776 2773 3831 instituitur
2815 3797 2828 3832 :

2193 3870 2524 3940 «Epitomas,
2580 3885 2714 3940 quas
2760 3881 2816 3925 tu
2858 3871 3010 3937 olim,
3059 3873 3179 3927 dive
3224 3871 3436 3926 Juliane
3489 3870 3698 3935 Caesar,

2118 3963 2247 4017 mihi
2307 3963 2677 4019 conﬁciendas
2727 3967 3104 4031 mandaveras,
3131 3967 3242 4033 jam
3303 3966 3510 4033 pridem
3545 3969 3698 4036 (cum

2118 4054 2172 4108 in
2227 4053 2464 4110 Occidua
2525 4056 2702 4112 Gallia
2740 4060 3214 4125 versaremur)ad
3269 4058 3454 4125 linem,
3509 4073 3702 4126 quem-

2119 4146 2407 4201 admodum
2459 4157 2514 4201 tu
2548 4148 2788 4214 voluisti,
2839 4150 3228 4216 perduximus:
3250 4160 3306 4203 et
3350 4164 3445 4204 eas
3479 4150 3697 4219 quidem

2119 4250 2187 4288 ex
2219 4235 2284 4289 iis
2313 4235 2442 4289 solis
2483 4235 2781 4301 confeCtas,
2825 4252 2946 4305 qua!
2979 4237 3218 4291 Galenus
3253 4238 3697 4302 conscripsisset.

2123 4325 2320 4380 Verum
2379 4327 2468 4380 ubi
2529 4335 2581 4380 tu
2645 4326 2712 4380 iis
2776 4327 3005 4381 laudatis
3067 4329 3297 4384 alterum
3360 4328 3489 4382 mihi
3553 4328 3702 4384 labo-

2124 4433 2235 4472 rem
2291 4418 2609 4486 adjunxisti,
2662 4427 2720 4470 ut
2777 4419 3090 4486 perquisitis
3133 4418 3385 4472 omnibus
3432 4434 3554 4488 quae
3589 4434 3702 4473 me-

2120 4509 2226 4564 dici
2260 4508 2694 4577 prmstantiSsiiiii
2757 4508 2992 4562 maxime
3046 4519 3351 4578 opportuna
3402 4509 3699 4572 dixissent,

2117 4608 2171 4653 et
2218 4614 2550 4668 quascunque
2580 4601 2646 4653 ad
2700 4601 2948 4653 eumdem
3006 4599 3149 4654 hunc
3208 4599 3489 4654 medicina:
3537 4599 3699 4655 ﬁnem

2118 4692 2473 4761 pertinerent,
2525 4707 2692 4746 unum
2737 4691 2790 4744 in
2818 4691 3068 4746 volumen
3109 4691 3432 4760 redigerem.
3466 4691 3522 4745 ld
3555 4707 3698 4761 quo—

2117 4799 2223 4853 que
2282 4799 2383 4854 ego
2426 4799 2524 4854 pro
2577 4784 2718 4838 virili
2774 4795 2953 4853 parte,
3002 4792 3056 4838 et
3099 4790 3349 4854 prompto
3392 4784 3576 4838 animo
3612 4785 3698 4839 fa-

2118 4891 2244 4930 cere
2292 4876 2525 4930 decrevi.
2594 4875 3070 4946 Supervacaneum
3136 4877 3320 4947 igitur,
3371 4886 3427 4930 et
3473 4876 3700 4930 omnino

2123 4968 2362 5038 ineptum
2394 4969 2686 5024 arbitratus
2726 4972 2916 5023 eadem
2974 4983 3116 5037 sarpe
3144 4969 3407 5035 scribere,
3435 4969 3550 5024 sive
3577 4984 3698 5038 quae

2120 5060 2188 5115 ab
2244 5061 2463 5129 optimis
2519 5060 2763 5124 medicis,
2803 5060 2916 5115 sive
2959 5075 3079 5130 qua
3107 5061 3174 5113 ab
3217 5061 3284 5115 iis
3321 5060 3411 5127 qui
3468 5075 3574 5114 non
3624 5060 3696 5114 ita

2122 5151 2405 5221 diligenter
2475 5166 2560 5207 res
2613 5161 3004 5218 tractaverunt,
3063 5155 3266 5221 scripta
3331 5153 3564 5207 fuerint:
3633 5168 3697 5206 ea

2127 5243 2297 5298 solum
2346 5243 2622 5314 colligam,
2690 5259 2811 5314 qua
2891 5244 3045 5300 nobis
3115 5246 3449 5313 reliquerunt
3512 5245 3546 5298 ii
3607 5246 3698 5316 qui

1711 5355 1946 5411 VARI/1‘]
1980 5355 2386 5412 LECTIONES.

505 5483 554 5517 "
571 5483 999 5554 ἐξενηνεγμένην
1032 5484 1096 5538 Α.
1162 5483 1217 5554 7“
1250 5481 1522 5554 συντελεῖν
1551 5497 1612 5544 ς.
1639 5477 2114 5554 μδῖ-ἐτειτηδείως]
2145 5479 2595 5554 ἰιηοέπιτηδείας.
2628 5479 2717 5554 ‘7"
2742 5479 3193 5554 εὐπρεπεστέραν
3210 5495 3281 5554 Δς,
3313 5476 3454 5530 unde
3476 5475 3691 5554 Casau-

435 5547 1080 5626 Μηυενεῦτρεπὲστέραν.
1158 5553 1202 5585 δ’
1222 5569 1282 5604 τε
1304 5555 1345 5604 A
1375 5551 1468 5606 :6é
1498 5568 1559 5614 ς.
1637 5551 1683 5581 ⁸ο
1697 5547 1762 5620 0']
1788 5548 1862 5619 οβ’
1893 5547 2114 5604 Suidas'
2131 5565 2182 5604 v.
2201 5547 2557 5621 Ὀρειδάσιος.
2625 5551 2668 5582 ἰ
2701 5547 2954 5620 συνάγειν
2987 5565 3047 5614 ς.
3090 5547 3101 5552 ’
3123 5550 3169 5580 ⁵²
3205 5548 3598 5618 ἐργασαμένων
3625 5565 3692 5610 ς,

1949 5638 2179 5696 NOTAE.

515 5738 630 5810 (25)
660 5739 736 5793 Ita
773 5740 862 5795 hic
895 5738 1086 5795 titulus
1115 5739 1167 5792 in
1197 5737 1358 5792 editis
1385 5735 1582 5804 legitur
1613 5733 1784 5788 libris.
