2015 3124
171 131 223 165 ’111

756 128 888 159 ΡΗΟΤΙῙ
907 127 1159 158 PATRIARCH/E
1177 128 1231 158 (ΞΡ.

1750 127 1804 159 712

172 187 279 216 caloris
296 187 492 222 praestiterunt,
510 185 577 213 nihil
604 191 697 213 eorum
717 184 879 217 omittendo,
899 191 960 219 quae

1021 183 1219 219 ὶκριὸεστάτοις
1253 182 1414 218 χρώμενος,
1437 182 1485 210 ἅτε
1511 183 1570 214 ταῖς
1588 183 1804 218 Ἱπποκρατείοις

172 234 294 262 Galenus
319 233 439 265 dixerit;
464 232 485 260 si
504 231 612 266 quidem
639 230 757 262 caneris,
785 230 832 265 qui
855 230 964 257 easdem

173 287 217 307 res
240 283 487 315 pertractaverunl,
511 277 613 312 optima
642 277 711 312 ipse,
735 281 762 304 et
790 276 833 303 via
860 282 894 303 ac
922 282 966 302 ra-

172 328 254 363 tione,
276 331 304 354 et
323 326 496 353 distinctione
523 323 654 356 adhibita,
673 323 801 350 omnibus
820 320 966 354 antecellit,

173 379 201 399 nt
234 373 280 407 qui
319 371 451 406 principia
494 375 521 397 et
552 368 649 405 ιπω
681 368 833 396 sententias
869 367 967 402 Hippo-

172 418 256 444 cratis
277 416 385 443 assidue
417 420 600 442 consectetur.
627 413 685 449 Ego
714 421 779 441 vero
805 413 850 440 hic
871 412 964 447 hujus-

174 463 244 490 modi
278 469 339 489 utar
359 462 464 488 ordine.
489 460 616 496 Inprimis
645 460 770 496 colligam
786 467 818 487 ea
842 466 901 494 qua:
929 458 963 485 ad

173 513 276 544 partem
298 507 464 534 materialeni
483 511 617 542 spectant,
641 506 738 534 deinde
759 513 819 541 quae
849 506 882 532 de
913 506 963 532 ho-

172 555 254 582 minis
281 559 379 581 natura
401 557 484 588 atque
519 553 622 580 fabrica
656 553 726 580 dicta
757 558 836 584 sunt;
852 556 907 579 tum
932 550 965 578 de

1014 229 1112 264 ἀρχαῖς
1128 229 1176 256 καὶ
1198 228 1286 262 δ”ξαις
1301 228 1496 262 ὲξακολουθῶν.
1513 229 1660 264 Χρήσομαι
1681 229 1711 256 at
1737 229 1805 256 κάν-

1013 273 1101 300 ταῦθα
1119 272 1233 310 τοιαύτῃ
1255 273 1340 306 τάξει.
1360 274 1472 309 Πρῶτον
1497 273 1546 308 μὲν
1572 272 1679 305 συνάξω
1697 272 1732 300 τὰ
1757 273 1805 299 τοῦ

1014 318 1107 345 ὑλικοῦ
1122 319 1232 354 μέρους,
1243 318 1303 346 εἶτα
1314 319 1364 346 ὅσα
1379 320 1440 355 περὶ
1453 319 1560 353 φύσεως
1571 319 1620 345 καὶ
1630 319 1805 353 κατασκευῆς

1015 364 1123 400 εἴρηται
1135 365 1291 400 ἀνθρώπου,
1308 365 1370 400 μεθ’
1385 365 1402 392 ἃ
1418 365 1452 392 τὰ
1467 365 1517 399 τῆς
1532 365 1653 399 ὑγιεινῆς
1672 366 1720 393 καὶ
1740 365 1807 391 ἁνα-

1015 411 1152 447 ληπτικῆς
1166 412 1368 447 πραγματείας,
1385 411 1455 446 μετὰ
1466 411 1552 437 ταῦτα
1564 411 1614 438 ὅσα
1627 411 1679 447 τῆς
1692 411 1807 445 διαγνω-

1017 458 1113 492 στικῆς
1128 458 1175 485 καὶ
1188 458 1396 492 προγνωστικῆς
1412 457 1505 493 ἔχεται
1518 457 1646 493 θεωρίας,
1662 457 1703 492 ἐφ’
1717 455 1757 489 οἷς
1772 457 1807 484 τὰ

1017 504 1082 538 περὶ
1097 504 1258 538 νοσημάτων
1270 504 1317 530 καὶ
1332 504 1544 539 συμπτωμάτων
1557 504 1605 530 καὶ
1614 503 1682 536 ὅλως
1691 503 1742 539 τῆς
1751 503 1807 530 τῶν

1018 550 1094 585 παρὰ
1106 549 1188 584 φύσιν
1201 549 1423 586 ἐπανορθώσεως.
1442 559 1452 575 ι

172 602 270 629 tuenda
291 602 419 634 sanitate,
436 606 463 628 et
493 600 647 628 reﬁciendis
680 600 839 634 corporibus
863 602 973 632 agetur:
1004 597 1102 631 quibus
1133 597 1265 624 confectis
1288 598 1385 624 addam
1416 605 1477 632 qua
1502 597 1535 624 ad
1560 597 1742 632 dignntionem
1779 600 1809 623 e1

172 648 366 683 praenotionem
398 647 550 682 pertinent:
578 647 611 673 ad
634 647 702 679 hzec,
726 653 785 680 quae
809 645 843 673 de
864 644 965 672 morbis
979 644 1066 678 deque
1092 644 1282 680 symptomatis
1305 649 1369 672 sunt
1392 644 1533 678 accedant,
1561 648 1588 671 et
1622 644 1736 679 denique
1776 650 1809 670 ea

172 701 233 729 qua:
263 693 353 720 valent
381 693 413 720 ad
436 693 626 728 corrigendum
648 699 691 723 ea.
707 699 768 726 quae
791 696 890 726 praeter
913 694 1038 718 murram
1055 695 1131 721 sunt,
1152 690 1380 718 adhibebuntur.»

210 741 266 768 Hoc
302 741 383 775 igitur
412 740 585 775 proloquium
614 739 726 766 secundi
753 738 857 773 operis.
885 737 968 772 cujus

176 786 309 822 (perinde
337 793 368 812 ac
395 785 640 820 precedentisnb
659 792 691 811 eo
716 788 880 819 argumento
918 783 965 810 dn~

174 833 247 860 citur
263 831 380 863 initium,
414 831 485 865 quod
522 831 711 858 alimentorum
729 830 805 857 nobis
826 829 967 857 facultates

174 877 297 912 exponit.
317 877 497 912 Septuaginta
518 884 583 904 vero
608 876 664 912 (24)
692 876 778 908 libris,
803 883 862 911 qua:
885 883 963 902 rece-

1052 737 1098 769 ‘E;
1113 737 1236 765 τοιοῦτον
1252 737 1301 773 μὲν
1315 737 1402 765 τύπον
1413 739 1461 765 καὶ
1475 738 1617 774 ήδευτέρα
1634 737 1810 774 προοιμιάζε-

1015 792 1061 811 ται
1076 783 1271 820 πραγματεία,
1289 784 1336 811 ἀπ*
1352 784 1460 819 ἐκείνης
1481 784 1621 820 ἀρχομένη
1639 786 1689 819 τῆς
1710 784 1810 811 ὕποθέ-

1016 838 1095 862 σεως,
1111 829 1236 866 καθάπερ
1250 831 1297 857 καὶ
1313 831 1330 866 ἡ
1347 832 1401 865 πρὸ
1416 831 1511 866 αὐτῆς,
1537 832 1554 866 ἦ
1577 840 1620 864 τις
1635 832 1686 863 τὰς
1703 832 1732 858 sv
1745 839 1810 867 τρο-

1015 878 1080 911 φαῖς
1101 877 1233 913 δυνάμεις
1255 878 1444 904 ἀναδιδάσκει·
1460 878 1522 914 [τὶ87
1538 879 1585 915 Ιί.]
1598 880 1628 906 ἐν
1639 877 1660 906 o'
1676 879 1705 906 δὲ
1719 879 1811 914 λόγοις

176 929 266 960 perat,
300 928 462 958 pertractat.
505 924 578 957 Opus
608 923 744 958 equidem.
782 927 811 949 ut
846 927 967 957 tempore

1021 923 1144 956 διέξεισιν
1155 923 1176 950 ηδ.
1189 924 1399 958 ἐπαγγέλλεται.
1419 926 1474 952 Kal.
1484 925 1602 960 δευτέρα
1626 925 1677 960 μέν
1700 926 1760 952 ἐστι
1772 925 1810 961 τῷ

177 970 322 1005 posterius,
348 970 382 996 ita
409 970 524 996 utilitate
554 970 636 1003 prius.
658 970 751 1003 Neque
778 969 851 996 enim
873 976 904 996 ea
920 976 967 995 so-

177 1016 244 1047 lum,
265 1023 325 1050 qua:
350 1015 469 1042 Galenus
495 1022 568 1042 recte
604 1016 755 1042 litterarum
784 1013 967 1042 monumentis

178 1061 342 1095 prodiderat,
359 1061 488 1093 continet,
512 1062 558 1087 sed
581 1061 662 1087 etiam
690 1068 750 1095 quae
773 1060 807 1087 ab
822 1060 881 1095 ipso
900 1067 970 1094 pra.»

178 1107 302 1134 termissa
318 1107 363 1133 alii
386 1107 514 1134 discenda
539 1110 748 1141 proposuerunt.
774 1107 814 1134 Ac
831 1106 969 1141 mihiqui-

178 1153 241 1178 dem
272 1159 339 1179 sane
369 1152 443 1179 utilis
474 1152 518 1179 hie
549 1152 627 1179 labor
651 1152 769 1184 videtur,
797 1151 820 1179 si
846 1159 899 1178 non
918 1159 971 1178 caa-

180 1197 248 1224 leris
268 1197 404 1229 omnibus,
426 1202 558 1232 quotquot
577 1198 603 1225 in
625 1199 735 1225 medicae
754 1198 821 1225 artis
841 1206 918 1225 usum
930 1202 971 1224 at-

179 1250 232 1277 que
262 1243 519 1277 contemplationem
549 1244 679 1271 hactenus
712 1243 801 1271 collati
832 1248 914 1276 sunt;
941 1249 969 1271 at

178 1294 252 1317 certe
275 1296 330 1324 prie
350 1290 492 1324 plurimis;
517 1290 597 1325 idque
620 1291 662 1318 vel
694 1298 727 1318 eo
757 1291 878 1323 nomine,
899 1290 970 1325 quod

179 1343 234 1362 nou
263 1337 406 1371 perspicue
426 1341 531 1363 tantum
559 1344 606 1363 sua
634 1337 732 1370 tradat,
754 1336 876 1371 nihilque
903 1343 973 1371 prat-

180 1380 323 1414 termittut,
346 1381 393 1408 sed
419 1388 513 1408 eorum
547 1382 628 1409 etiam
654 1389 715 1416 qum
750 1382 887 1416 congessit
913 1382 987 1424 ple-‘

181 1433 265 1460 raque
281 1427 364 1453 variis
381 1428 492 1454 vocibus
506 1426 665 1454 eﬂ‘erantur.
682 1426 759 1455 Unde
772 1428 795 1454 si
821 1427 885 1461 quid
901 1426 972 1453 forte

180 1472 323 1499 obscurius
349 1472 393 1499 hic
419 1478 462 1499 est
490 1474 524 1500 ab
554 1473 646 1508 aliquo
674 1474 818 1508 prolatum,
852 1473 879 1499 id
908 1480 971 1499 lllOl

180 1525 230 1552 per
253 1517 368 1544 aliorum
391 1517 601 1552 explicationem
631 1519 797 1546 declaratur.
826 1518 916 1551 Quare
940 1518 972 1544 ad

181 1563 323 1591 medicinae
351 1563 469 1591 studium
484 1571 545 1592 sese
573 1564 772 1600 applicantibus
799 1569 896 1591 auctor
923 1570 973 1596 ego

1017 970 1118 1006 χρόνῳ,
1134 971 1294 1006 προτερεύει
1306 971 1335 997 δὲ
1345 973 1378 1008 τῇ
1394 971 1484 1007 χρείᾳ,
1498 971 1545 999 ἅτε
1561 972 1598 1006 μὴ
1615 972 1685 1007 μόνα
1698 972 1749 999 ὃσα
1760 972 1811 998 Γα-

1017 1015 1097 1051 ληνὸς
1112 1015 1200 1051 ὀρθῶς
1216 1015 1319 1051 ἔγραψε
1334 1016 1511 1051 περιέχουσα,
1524 1015 1593 1042 ἀλλὰ
1607 1015 1655 1042 καὶ
1673 1015 1723 1042 ὅσα
1735 1014 1811 1049 αὐτῷ

1020 1060 1071 1096 μὲν
1087 1061 1225 1097 παρεῖται,
1240 1060 1331 1092 ἄλλοις
1341 1061 1369 1088 δὲ
1381 1061 1421 1093 είς
1435 1060 1610 1087 διδασκαλίαν
1624 1060 1809 1095 προτέθειται.

1019 1107 1074 1133 Καί
1086 1107 1119 1141 γέ
1133 1116 1177 1142 μοι
1191 1107 1262 1134 δοκῶ
1271 1107 1295 1123 ⁸³
1308 1107 1487 1142 χρησιμεύειν
1501 1106 1551 1142 τὴν
1564 1106 1682 1142 σπουδὴν
1695 1105 1809 1141 ταύτην,

1020 1152 1064 1179 ἵνα
1090 1153 1127 1188 μὴ
1152 1152 1239 1187 λέγων
1255 1153 1350 1180 πασῶν
1364 1147 1419 1179 τῶν
1435 1152 1522 1180 ἄλλων
1537 1153 1598 1179 ὅσαι
1622 1153 1662 1184 είς
1686 1152 1811 1188 ἰατρικὴν

1020 1197 1115 1233 χρείαν
1130 1206 1160 1223 τε
1182 1198 1230 1224 καὶ
1244 1197 1362 1232 θεωρίαν
1382 1197 1592 1233 κατεϐλήθησαν
1611 1198 1810 1233 πραγματεῖαι,

1020 1243 1090 1270 ἀλλὰ
1103 1244 1214 1275 πάντως
1229 1251 1261 1277 τε
1274 1243 1328 1269 τῶν
1345 1243 1476 1270 πλειόνων
1491 1243 1529 1278 τῷ
1543 1251 1573 1269 τε
1587 1242 1709 1277 σαφῶς⁸⁶
1721 1242 1810 1277 ἀπηγ-

1021 1292 1115 1326 γέλθαι
1128 1291 1162 1317 τὰ
1178 1291 1375 1326 ἀπηγγελμένα
1386 1312 1394 1322 ,
1410 1291 1457 1317 καὶ
1471 1289 1510 1325 τῷ
1526 1290 1611 1325 μηδὲν
1627 1289 1810 1325 παραλιπεῖν,

1021 1338 1068 1364 καὶ
1081 1337 1119 1371 τῷ
1138 1337 1239 1370 φωναῖς
1253 1336 1393 1371 διαφόροις
1411 1336 1446 1362 τὰ
1459 1335 1546 1361 πλείω
1559 1334 1614 1362 τῶν
1630 1335 1812 1369 συντεταγμέ-

1021 1391 1075 1409 νων
1089 1381 1215 1418 ρηθῆναι,
1231 1382 1260 1414 ἐξ
1274 1378 1311 1408 ὥν
1326 1383 1372 1408 καὶ
1386 1382 1451 1408 εἴτι
1465 1381 1567 1415 ἀσαφὲς
1581 1381 1610 1407 ὲν
1624 1380 1730 1412 τούτοις
1747 1389 1812 1407 συν-

1022 1428 1072 1463 έϐη
1096 1428 1152 1455 τινὶ
1173 1428 1299 1464 ῥηθῆναι,
1316 1428 1360 1455 διὰ
1375 1428 1424 1463 τῆς
1438 1428 1525 1455 ἄλλων
1533 1429 1556 1444 ⁵⁵
1571 1427 1746 1460 ἀναπτύξεως
1763 1435 1811 1454 σι-

1023 1473 1174 1509 φηνίζεται.
1186 1474 1241 1501 Kal.
1257 1474 1296 1509 τῷ
1309 1482 1341 1508 γε
1359 1474 1483 1509 ἰατρικὴν
1499 1473 1617 1508 μετιόντι
1630 1472 1702 1499 κατὰ
1710 1473 1813 1507 ταύτην

1023 1521 1111 1556 ἔγωγε
1128 1519 1324 1556 παραινέσαιμ’
1336 1520 1369 1547 ἂν
1381 1520 1431 1555 τὴν
1442 1520 1465 1535 ⁵⁸
1482 1519 1674 1555 πραγματείαν
1687 1520 1737 1555 τὴν
1752 1519 1813 1546 δια-

1023 1567 1121 1603 τριῦὴν
1136 1567 1179 1593 ὃτι
1191 1566 1309 1601 μάλιστα
1324 1566 1469 1592 ποιεῖσθαι.
1479 1565 1559 1592 Ἀλλὰ
1571 1565 1683 1599 τοιαύτη
1699 1565 1750 1600 μὲν
1765 1564 1815 1591 καὶ

180 1608 245 1641 sim,
275 1614 305 1635 ut
335 1609 386 1636 hoc
411 1609 582 1643 potissimum
611 1617 679 1643 opus
709 1609 819 1636 assidue
848 1613 968 1635 versent.

1022 1615 1039 1650 ἡ
1051 1613 1166 1649 δευτέρα
1179 1612 1342 1648 ὐρειῦασίῳ
1350 1612 1373 1628 ⁵⁷
1389 1612 1439 1647 τῆς
1456 1612 1579 1647 ἰατρικῆς
1594 1610 1815 1648 μεταχειρήσεὼς

180 1654 268 1689 Atque
293 1654 448 1689 hujusmodi
468 1655 579 1690 quidem
605 1654 725 1683 Oribasii
751 1655 837 1682 altera
864 1654 908 1681 illa
932 1659 974 1681 est

182 1699 294 1728 medica
323 1701 493 1729 "cautionis
509 1706 537 1729 et
551 1701 790 1737 contemplationis
817 1700 955 1729 collectio.

250 1755 252 1758 '
512 1747 653 1775 CCXVIII.

310 1792 439 1828 Ejusdm
461 1793 614 1828 Compendii
632 1795 666 1821 ad
681 1793 852 1822 Eustathium

462 1829 546 1863 ﬁlium
569 1829 629 1855 libri
650 1837 677 1857 ι.

216 1872 339 1900 Tertium
362 1874 427 1901 item
453 1876 487 1900 ab
516 1876 611 1901 eodem
641 1880 685 1902 est
711 1876 879 1904 elaboratum
892 1885 972 1912 opus,

181 1924 211 1946 ut
243 1919 357 1954 ipsemet
381 1920 408 1946 in
438 1920 570 1954 protentio
602 1925 729 1951 testatur.
756 1922 872 1951 Secundi
900 1924 972 1951 illius

180 1966 387 2000 Compendium,
423 1965 565 1993 Eustathio
593 1966 649 1994 ﬁlio
677 1968 850 2002 inscriptum.
880 1977 911 1997 ac
937 1969 972 1997 li-

182 2011 239 2038 bris
262 2018 358 2038 novem
385 2011 551 2044 distinctum,
572 2013 670 2047 quibus
689 2022 720 2040 ea
741 2014 896 2041 morborum
917 2023 973 2043 me-

181 2056 332 2084 dicamenta
361 2063 559 2092 proponuntur,
590 2066 651 2093 qua:
676 2060 765 2092 parari
796 2060 877 2087 facile
907 2068 973 2095 pos-

182 2102 248 2133 sint.
282 2102 311 2129 iu
338 2108 517 2137 promptuque
545 2105 611 2131 sint.
648 2104 781 2132 Caeterum
821 2106 968 2141 chirurgiae

182 2147 304 2181 speciem
332 2155 441 2176 onmem
474 2150 548 2176 hisce
571 2150 754 2184 collectaneisl
768 2150 877 2184 penitus
903 2158 973 2186 prae—

182 2193 308 2221 termisit.
336 2194 428 2229 itaque
458 2195 524 2222 liber
539 2195 583 2223 hic
605 2195 766 2223 memoriam
780 2196 926 2224 excitando
944 2198 971 2224 in

181 2240 215 2266 iis
239 2240 284 2274 qui
315 2241 341 2267 in
357 2240 468 2267 medicae
496 2241 562 2267 artis
587 2240 782 2269 exercitatione
797 2249 829 2269 ac
843 2242 968 2276 specula-

1022 1667 1053 1685 τε
1064 1658 1113 1686 καὶ
1126 1657 1244 1693 θεωρίας
1261 1657 1419 1692 συναγωγή.

1385 1747 1415 1773 ΣΙ
1420 1747 1460 1774 H'.

1022 1793 1084 1822 Τοῦ
1097 1793 1191 1821 αὐτοῦ
1203 1793 1353 1828 Συντομία
1371 1792 1427 1827 τῆς
1448 1792 1588 1827 δευτέρας
1604 1794 1816 1828 Πραπιαηίας

1137 1829 1211 1863 πρὸς
1219 1828 1390 1856 Εὑστάθιον
1408 1829 1486 1861 υίὸν,
1500 1828 1537 1855 ὲν
1551 1829 1654 1862 λόγοις
1664 1828 1700 1856 θ’.

1059 1874 1146 1910 Τρίτη
1159 1874 1187 1901 δὲ
1203 1874 1278 1909 αὐτῷ
1290 1873 1511 1906 διεσπούδασται,
1528 1874 1566 1906 ὼς
1584 1874 1633 1901 καὶ
1647 1873 1729 1906 αὐτὸς
1742 1874 1816 1900 End-

1024 1931 1070 1953 νος
1084 1920 1331 1956 προοιμιαζόμενος
1346 1920 1431 1955 λέγει.
1448 1920 1596 1955 συντομίαν
1608 1920 1683 1955 αὐτῷ
1696 1920 1746 1955 τῆς
1756 1919 1817 1947 δευ-

1022 1968 1104 2003 τέρας
1116 1967 1282 2003 περιὲχουσα
1295 1967 1500 2002 πραγματείας.
1515 1966 1656 2001 Εὐπαθίῳ
1667 1966 1695 1993 δὲ
1711 1966 1750 2001 τῷ
1763 1965 1817 2001 υίῴ

1023 2013 1053 2040 τὺ
1068 2012 1170 2047 βιϐλίον
1183 2012 1330 2046 ἀναφωνεῖ,
1341 2012 1363 2038 θ’
1375 2012 1542 2047 διῃρημένον
1554 2012 1654 2046 λόγοις,
1664 2012 1693 2038 ὲν
1705 2009 1746 2043 οἷς
1756 2012 1815 2038 ἐστι

1022 2058 1077 2085 τῶν
1089 2058 1183 2085 παθῶν
1197 2058 1312 2093 ἰάματα,
1327 2058 1377 2085 ὅσα
1393 2058 1423 2084 τὸ
1436 2058 1597 2092 εὐπόριστον
1610 2057 1658 2084 καὶ
1670 2057 1816 2093 πρόχειρον

1024 2104 1180 2131 ὑποτίθεται
1193 2112 1201 2120 ·
1216 2104 1247 2130 τὺ
1265 2104 1356 2139 μέντοι
1372 2103 1562 2139 χειρουργικὸν
1584 2102 1653 2135 εἶδος
1677 2103 1817 2135 παντελῶς

1023 2148 1098 2184 αὐτῷ
1122 2149 1194 2176 κατὰ
1209 2149 1320 2184 ιταύτην
1347 2149 1396 2184 τὴν
1418 2148 1580 2184 συναγωγὴν
1597 2151 1736 2184 παρεῖται.
1752 2148 1817 2184 [560

1025 2194 1071 2231 3.]
1085 2195 1163 2221 Ἐστι
1187 2194 1217 2220 δὲ
1239 2194 1270 2221 τὸ
1292 2194 1379 2229 παρὸν
1394 2194 1495 2229 βιϐλίον
1509 2195 1577 2230 πρὸς
1597 2195 1648 2229 μὲν
1661 2196 1816 2230 ἀνάμνησιν

1023 2240 1081 2271 τοῖς
1095 2239 1166 2266 κατὰ
1177 2239 1227 2270 τὰς
1244 2240 1370 2274 ἰατρικὰς
1385 2238 1498 2274 πράξεις
1512 2248 1542 2266 τε
1559 2240 1606 2266 καὶ
1622 2239 1739 2274 θεωρίας
1753 2248 1817 2265 συν-

182 2284 255 2312 tioue
275 2285 329 2319 jam
352 2286 451 2313 versati
468 2291 541 2318 sunt,
568 2294 622 2313 non
652 2286 786 2313 modicam
816 2287 895 2315 ailert
924 2294 969 2315 aut

1024 2287 1190 2323 ησκημένοις
1205 2287 1235 2313 οὐ
1253 2286 1359 2321 φαύλην
1375 2285 1496 2321 παρέχον
1510 2286 1560 2321 τὴν
1571 2285 1675 2320 χρείαν,
1689 2286 1737 2312 καὶ
1750 2285 1818 2321 μᾶλ-

182 2338 278 2364 parum
301 2337 453 2366 promptam
473 2332 626 2359 utilitatem.
640 2331 674 2358 lis
686 2332 760 2365 item,
786 2332 832 2367 qui
856 2334 973 2367 primum

181 2377 215 2404 ad
230 2378 300 2404 artis
319 2378 398 2412 hujus
421 2378 604 2412 cognitionem
634 2378 684 2406 hoc
715 2379 878 2414 compendio
907 2387 970 2414 per-

182 2423 276 2450 venire
299 2430 329 2450 se
356 2430 436 2458 posse
468 2428 589 2457 sperant,
609 2424 729 2451 dicerem
751 2424 826 2452 brevi
851 2430 972 2459 tempore

183 2475 236 2495 non
273 2468 409 2495 modicum
443 2469 589 2495 allaturum
624 2469 767 2496 utilitatis:
802 2469 854 2497 nisi
880 2476 914 2496 ex
938 2477 971 2497 eo

182 2514 254 2549 quod
285 2515 412 2542 methodo
440 2520 544 2548 careat,
574 2520 602 2542 et
629 2515 695 2543 nihil
723 2515 834 2543 deﬁnite
851 2523 968 2551 pronun-

184 2560 243 2593 tiet,
280 2562 413 2595 quozdam
455 2568 538 2595 parva
575 2569 665 2589 rerum
693 2562 788 2589 harum
821 2562 971 2589 instructos

1023 2332 1069 2359 λον
1086 2332 1249 2367 πρόχειρον·
1268 2332 1325 2362 τοῖς
1347 2331 1371 2358 δ’
1385 2332 1418 2357 ὲκ
1441 2330 1557 2365 πρώτων
1573 2332 1613 2362 εἰς
1629 2330 1748 2365 μάθησιν
1766 2331 1817 2365 τῆς

1022 2377 1121 2412 τέχνης
1134 2377 1179 2403 διὰ
1194 2377 1275 2412 τῆσδε
1296 2376 1346 2412 τῆς
1369 2376 1505 2411 συνόψεως
1520 2376 1606 2403 ἐλθεῖν
1621 2376 1766 2411 ὴλπικόσιν
1778 2374 1818 2402 εἷ-

1021 2434 1072 2452 πον
1089 2425 1123 2453 ἃν
1146 2426 1185 2457 ὡς
1201 2426 1246 2452 ἐπ’
1261 2425 1351 2459 ὀλίγον
1377 2425 1420 2460 είη
1435 2424 1465 2451 τὸ
1483 2425 1620 2456 λυσιτελὲς
1641 2426 1774 2460 παρέχον,
1793 2429 1817 2453 εὶ

1021 2471 1059 2507 μὴ
1074 2472 1104 2498 τὺ
1118 2472 1178 2498 κατ’
1191 2471 1276 2506 αὐτὴν
1298 2471 1430 2506 ἀμέθοδόν
1452 2479 1482 2497 τε
1493 2471 1515 2486 ⁵⁸
1532 2472 1578 2497 καὶ
1593 2471 1817 2506 ἀπροσδιόριστον

1024 2516 1087 2547 τοὺς
1104 2516 1282 2550 ἀπειρότερον
1295 2516 1361 2551 περὶ
1380 2515 1466 2542 ταῦτα
1479 2516 1670 2550 διακειμένους
1688 2517 1734 2543 καὶ
1748 2516 1817 2542 ἐτοι-

1027 2562 1142 2598 μότερον
1156 2561 1225 2598 πρὸς
1238 2563 1287 2594 τὰς
1299 2561 1448 2597 θεραπείας
1471 2562 1628 2598 χωροῦντας
1646 2563 1689 2595 είς
1703 2563 1751 2594 τὰς
1768 2571 1817 2597 με.

845 2630 961 2658 ἾΑΙίΙιΕ
972 2630 1174 2659 LECTIONES.

217 2678 241 2693 "
252 2677 473 2713 rooxﬁihi'urtassc
489 2677 630 2713 legendum
646 2678 728 2704 δοκεῖ.
766 2677 789 2693 ⁸⁸
806 2677 891 2712 σαφές
908 2686 939 2710 ς.

184 2712 206 2728 ⁵⁷
235 2711 444 2747 ὈριὸασίωνΑ.
483 2711 506 2728 ⁵⁸
520 2721 551 2739 τε
584 2713 645 2739 add.
661 2713 695 2739 A.

991 2679 1015 2694 "
1032 2678 1133 2714 ἄλλων]
1154 2678 1210 2706 τῶν
1226 2678 1312 2706 ἄλλων
1331 2685 1369 2705 rc.
1389 2677 1421 2706 Α.

1470 2679 1493 2694 ⁵⁸
1509 2678 1559 2714 τὴν
1578 2683 1637 2713 post
1650 2678 1684 2705 ἂν
1707 2679 1769 2706 add.
1783 2678 1816 2705 Α.

956 2770 1071 2798 ΝΟΤᾸῙ..

233 2816 292 2851 (Ἃ)
308 2817 427 2849 Quorum
451 2818 531 2846 hodie
552 2818 745 2852 supletndecim
778 2821 881 2844 tantum
913 2817 1008 2845 Latine
1022 2824 1142 2851 exstanti,
1162 2819 1250 2853 primo
1277 2826 1383 2854 quoque
1413 2826 1445 2846 eo
1470 2818 1616 2851 volumine,
1648 2823 1676 2845 ut
1709 2818 1815 2852 opinor,

184 2853 294 2880 amisso.
