  <div class='ocr_page' id='page_1' title='image "/cluster/home/n/w/nwhite01/storage/ocr_20150623/103 pt.3/mdp.39015061933738/366.png"; bbox 0 0 4030 6248; ppageno 0'>
   <div class='ocr_carea' id='block_1_1' title="bbox 398 256 505 320">
    <p class='ocr_par' dir='ltr' id='par_1_1' title="bbox 398 256 505 320">
     <span class='ocr_line' id='line_1_1' title="bbox 398 256 505 320; baseline 0 0"><span class='ocrx_word' id='word_1_1' title='bbox 398 256 505 320; x_wconf 82' lang='lat'><strong>713</strong></span> 
     </span>
    </p>
   </div>
   <div class='ocr_carea' id='block_1_2' title="bbox 1448 238 2585 307">
    <p class='ocr_par' dir='ltr' id='par_1_2' title="bbox 1448 238 2585 307">
     <span class='ocr_line' id='line_1_2' title="bbox 1448 238 2585 307; baseline -0.004 -2"><span class='ocrx_word' id='word_1_2' title='bbox 1448 242 1971 307; x_wconf 82' lang='lat' dir='ltr'><strong>BIBLIOTHECA-</strong></span> <span class='ocrx_word' id='word_1_3' title='bbox 2004 266 2071 278; x_wconf 86' lang='grc'><strong>--</strong></span> <span class='ocrx_word' id='word_1_4' title='bbox 2094 240 2254 302; x_wconf 87' lang='lat' dir='ltr'><strong>COD.</strong></span> <span class='ocrx_word' id='word_1_5' title='bbox 2280 240 2495 301; x_wconf 83' lang='lat' dir='ltr'><strong>CCXVI</strong></span> <span class='ocrx_word' id='word_1_6' title='bbox 2509 238 2585 300; x_wconf 86' lang='lat' dir='ltr'><strong>II.</strong></span> 
     </span>
    </p>
   </div>
   <div class='ocr_carea' id='block_1_3' title="bbox 3541 228 3645 295">
    <p class='ocr_par' dir='ltr' id='par_1_3' title="bbox 3541 228 3645 295">
     <span class='ocr_line' id='line_1_3' title="bbox 3541 228 3645 295; baseline -0.038 1"><span class='ocrx_word' id='word_1_7' title='bbox 3541 228 3645 295; x_wconf 70' lang='lat' dir='ltr'><strong>7M</strong></span> 
     </span>
    </p>
   </div>
   <div class='ocr_carea' id='block_1_4' title="bbox 397 344 2001 437">
    <p class='ocr_par' dir='ltr' id='par_1_4' title="bbox 397 349 2001 437">
     <span class='ocr_line' id='line_1_4' title="bbox 397 349 2001 437; baseline -0.012 -17"><span class='ocrx_word' id='word_1_8' title='bbox 397 369 595 437; x_wconf 77' lang='grc' dir='ltr'>γΐστας</span> <span class='ocrx_word' id='word_1_9' title='bbox 623 362 827 435; x_wconf 77' lang='grc' dir='ltr'>βλάϐας</span> <span class='ocrx_word' id='word_1_10' title='bbox 859 360 968 414; x_wconf 87' lang='grc' dir='ltr'><strong>τῶν</strong></span> <span class='ocrx_word' id='word_1_11' title='bbox 1000 356 1334 428; x_wconf 80' lang='grc' dir='ltr'><strong>καμνόντων,</strong></span> <span class='ocrx_word' id='word_1_12' title='bbox 1367 352 1481 407; x_wconf 75' lang='grc' dir='ltr'>ἔσθ’</span> <span class='ocrx_word' id='word_1_13' title='bbox 1507 355 1595 407; x_wconf 84' lang='grc' dir='ltr'>ὅτε</span> <span class='ocrx_word' id='word_1_14' title='bbox 1643 352 1701 406; x_wconf 73' lang='grc' dir='ltr'>δὲ</span> <span class='ocrx_word' id='word_1_15' title='bbox 1744 352 1836 404; x_wconf 77' lang='grc' dir='ltr'>καὶ</span> <span class='ocrx_word' id='word_1_16' title='bbox 1864 349 2001 412; x_wconf 28' lang='grc' dir='ltr'>τῶν,</span> 
     </span>
    </p>
   </div>
   <div class='ocr_carea' id='block_1_5' title="bbox 2097 344 3649 437">
    <p class='ocr_par' dir='ltr' id='par_1_5' title="bbox 2097 344 3649 420">
     <span class='ocr_line' id='line_1_5' title="bbox 2097 344 3649 420; baseline 0.001 -20"><span class='ocrx_word' id='word_1_17' title='bbox 2097 349 2430 420; x_wconf 67' lang='lat' dir='ltr'><strong>:Xperientia,</strong></span> <span class='ocrx_word' id='word_1_18' title='bbox 2503 344 2695 417; x_wconf 79' lang='lat' dir='ltr'><strong>175a</strong></span> <span class='ocrx_word' id='word_1_19' title='bbox 2754 352 2812 400; x_wconf 89' lang='lat' dir='ltr'><strong>et</strong></span> <span class='ocrx_word' id='word_1_20' title='bbox 2869 357 3024 415; x_wconf 71' lang='lat' dir='ltr'><strong>aequo</strong></span> <span class='ocrx_word' id='word_1_21' title='bbox 3099 351 3279 399; x_wconf 84' lang='lat' dir='ltr'><strong>tamen</strong></span> <span class='ocrx_word' id='word_1_22' title='bbox 3347 350 3649 414; x_wconf 72' lang='lat' dir='ltr'><strong>promptius</strong></span> 
     </span>
    </p>
   </div>
   <div class='ocr_carea' id='block_1_6' title="bbox 400 440 1976 526">
    <p class='ocr_par' dir='ltr' id='par_1_6' title="bbox 400 440 1976 526">
     <span class='ocr_line' id='line_1_6' title="bbox 400 440 1976 526; baseline -0.014 -13"><span class='ocrx_word' id='word_1_23' title='bbox 400 456 774 526; x_wconf 82' lang='grc' dir='ltr'><strong>ὑγιαινόντων,</strong></span> <span class='ocrx_word' id='word_1_24' title='bbox 804 454 891 506; x_wconf 74' lang='grc' dir='ltr'><strong>ἐπ’</strong></span> <span class='ocrx_word' id='word_1_25' title='bbox 921 450 1100 506; x_wconf 77' lang='grc' dir='ltr'>αὐτῶν</span> <span class='ocrx_word' id='word_1_26' title='bbox 1124 450 1233 503; x_wconf 88' lang='grc' dir='ltr'><strong>τῶν</strong></span> <span class='ocrx_word' id='word_1_27' title='bbox 1261 449 1438 519; x_wconf 75' lang='grc' dir='ltr'>ἔργων</span> <span class='ocrx_word' id='word_1_28' title='bbox 1464 441 1604 499; x_wconf 78' lang='grc' dir='ltr'>εἶδον</span> <span class='ocrx_word' id='word_1_29' title='bbox 1634 440 1976 511; x_wconf 87' lang='grc' dir='ltr'>συνωθουμέ-</span> 
     </span>
    </p>
   </div>
   <div class='ocr_carea' id='block_1_7' title="bbox 400 528 1975 614">
    <p class='ocr_par' dir='ltr' id='par_1_7' title="bbox 400 528 1975 614">
     <span class='ocr_line' id='line_1_7' title="bbox 400 528 1975 614; baseline -0.013 -13"><span class='ocrx_word' id='word_1_30' title='bbox 400 564 544 608; x_wconf 87' lang='grc' dir='ltr'>νους.</span> <span class='ocrx_word' id='word_1_31' title='bbox 579 543 726 614; x_wconf 81' lang='grc' dir='ltr'>Πλὴν</span> <span class='ocrx_word' id='word_1_32' title='bbox 763 542 877 596; x_wconf 82' lang='grc' dir='ltr'>ἀλλ’</span> <span class='ocrx_word' id='word_1_33' title='bbox 906 540 964 593; x_wconf 73' lang='grc' dir='ltr'>ἓν</span> <span class='ocrx_word' id='word_1_34' title='bbox 997 556 1061 607; x_wconf 78' lang='grc' dir='ltr'><strong>γε</strong></span> <span class='ocrx_word' id='word_1_35' title='bbox 1103 539 1215 601; x_wconf 79' lang='grc' dir='ltr'>τοῖς</span> <span class='ocrx_word' id='word_1_36' title='bbox 1238 536 1551 608; x_wconf 83' lang='grc' dir='ltr'><strong>εἰρημένοις</strong></span> <span class='ocrx_word' id='word_1_37' title='bbox 1583 532 1764 602; x_wconf 82' lang='grc' dir='ltr'><strong>λόγοις</strong></span> <span class='ocrx_word' id='word_1_38' title='bbox 1799 531 1843 584; x_wconf 90' lang='grc' dir='ltr'>θ’</span> <span class='ocrx_word' id='word_1_39' title='bbox 1867 528 1975 582; x_wconf 92' lang='grc' dir='ltr'><strong>τῶν</strong></span> 
     </span>
    </p>
   </div>
   <div class='ocr_carea' id='block_1_8' title="bbox 397 628 1462 709">
    <p class='ocr_par' dir='ltr' id='par_1_8' title="bbox 397 628 1462 709">
     <span class='ocr_line' id='line_1_8' title="bbox 397 628 1462 709; baseline -0.01 -16"><span class='ocrx_word' id='word_1_40' title='bbox 397 646 443 692; x_wconf 88' lang='lat' dir='ltr'><strong>o’</strong></span> <span class='ocrx_word' id='word_1_41' title='bbox 473 637 693 709; x_wconf 82' lang='grc' dir='ltr'>βιϐλίων</span> <span class='ocrx_word' id='word_1_42' title='bbox 725 634 824 704; x_wconf 81' lang='grc' dir='ltr'>τὴν</span> <span class='ocrx_word' id='word_1_43' title='bbox 856 631 1079 700; x_wconf 73' lang='grc' dir='ltr'>σύνοψιν</span> <span class='ocrx_word' id='word_1_44' title='bbox 1108 628 1462 701; x_wconf 82' lang='grc' dir='ltr'><strong>περιγράφει.</strong></span> 
     </span>
    </p>
   </div>
   <div class='ocr_carea' id='block_1_9' title="bbox 479 892 1982 971">
    <p class='ocr_par' dir='ltr' id='par_1_9' title="bbox 479 892 1982 971">
     <span class='ocr_line' id='line_1_9' title="bbox 479 892 1982 971; baseline -0.006 -16"><span class='ocrx_word' id='word_1_45' title='bbox 479 902 593 955; x_wconf 79' lang='grc' dir='ltr'><strong>Καὶ</strong></span> <span class='ocrx_word' id='word_1_46' title='bbox 633 902 691 955; x_wconf 78' lang='grc' dir='ltr'>ὲν</span> <span class='ocrx_word' id='word_1_47' title='bbox 733 900 835 971; x_wconf 83' lang='grc' dir='ltr'>μὲν</span> <span class='ocrx_word' id='word_1_48' title='bbox 866 898 944 971; x_wconf 84' lang='grc' dir='ltr'><strong>τῷ</strong></span> <span class='ocrx_word' id='word_1_49' title='bbox 974 906 1024 952; x_wconf 83' lang='grc' dir='ltr'>α’</span> <span class='ocrx_word' id='word_1_50' title='bbox 1055 897 1412 969; x_wconf 85' lang='grc' dir='ltr'>διαλαμϐάνει</span> <span class='ocrx_word' id='word_1_51' title='bbox 1462 895 1593 968; x_wconf 82' lang='grc' dir='ltr'>περί</span> <span class='ocrx_word' id='word_1_52' title='bbox 1625 912 1685 950; x_wconf 89' lang='grc' dir='ltr'><strong>τε</strong></span> <span class='ocrx_word' id='word_1_53' title='bbox 1715 894 1815 965; x_wconf 86' lang='grc' dir='ltr'><strong>τῆς</strong></span> <span class='ocrx_word' id='word_1_54' title='bbox 1841 892 1982 947; x_wconf 84' lang='grc' dir='ltr'><strong>κατά</strong></span> 
     </span>
    </p>
   </div>
   <div class='ocr_carea' id='block_1_10' title="bbox 408 988 1984 1063">
    <p class='ocr_par' dir='ltr' id='par_1_10' title="bbox 408 988 1984 1063">
     <span class='ocr_line' id='line_1_10' title="bbox 408 988 1984 1063; baseline -0.005 -16"><span class='ocrx_word' id='word_1_55' title='bbox 408 994 478 1048; x_wconf 79' lang='grc' dir='ltr'><strong>τὰ</strong></span> <span class='ocrx_word' id='word_1_56' title='bbox 504 993 781 1063; x_wconf 88' lang='grc' dir='ltr'>γυμνάσια</span> <span class='ocrx_word' id='word_1_57' title='bbox 818 990 1175 1062; x_wconf 82' lang='grc' dir='ltr'>προφυλακῆς</span> <span class='ocrx_word' id='word_1_58' title='bbox 1224 991 1319 1043; x_wconf 80' lang='grc' dir='ltr'>καὶ</span> <span class='ocrx_word' id='word_1_59' title='bbox 1364 990 1542 1043; x_wconf 78' lang='grc' dir='ltr'>αὐτῶν</span> <span class='ocrx_word' id='word_1_60' title='bbox 1567 989 1676 1042; x_wconf 90' lang='grc' dir='ltr'><strong>τῶν</strong></span> <span class='ocrx_word' id='word_1_61' title='bbox 1693 988 1739 1020; x_wconf 72' lang='grc'><strong>⁵⁸</strong></span> <span class='ocrx_word' id='word_1_62' title='bbox 1770 1003 1984 1056; x_wconf 84' lang='grc' dir='ltr'>γυμνα-</span> 
     </span>
    </p>
   </div>
   <div class='ocr_carea' id='block_1_11' title="bbox 412 1077 1983 1150">
    <p class='ocr_par' dir='ltr' id='par_1_11' title="bbox 412 1077 1983 1150">
     <span class='ocr_line' id='line_1_11' title="bbox 412 1077 1983 1150; baseline -0.006 -13"><span class='ocrx_word' id='word_1_63' title='bbox 412 1086 561 1148; x_wconf 91' lang='grc' dir='ltr'>σίων,</span> <span class='ocrx_word' id='word_1_64' title='bbox 590 1083 873 1137; x_wconf 85' lang='grc' dir='ltr'>κενώσεὼν</span> <span class='ocrx_word' id='word_1_65' title='bbox 909 1100 970 1137; x_wconf 84' lang='grc' dir='ltr'><strong>τε</strong></span> <span class='ocrx_word' id='word_1_66' title='bbox 999 1081 1230 1134; x_wconf 84' lang='grc' dir='ltr'><strong>καθόλου</strong></span> <span class='ocrx_word' id='word_1_67' title='bbox 1254 1080 1350 1133; x_wconf 78' lang='grc' dir='ltr'>καὶ</span> <span class='ocrx_word' id='word_1_68' title='bbox 1380 1080 1475 1134; x_wconf 77' lang='grc' dir='ltr'><strong>ἐπὶ</strong></span> <span class='ocrx_word' id='word_1_69' title='bbox 1531 1079 1751 1150; x_wconf 75' lang='grc' dir='ltr'>μέρους,</span> <span class='ocrx_word' id='word_1_70' title='bbox 1782 1077 1890 1131; x_wconf 89' lang='grc' dir='ltr'><strong>τῶν</strong></span> <span class='ocrx_word' id='word_1_71' title='bbox 1924 1093 1983 1128; x_wconf 84' lang='grc' dir='ltr'><strong>τε</strong></span> 
     </span>
    </p>
   </div>
   <div class='ocr_carea' id='block_1_12' title="bbox 409 1168 1986 1243">
    <p class='ocr_par' dir='ltr' id='par_1_12' title="bbox 409 1168 1986 1243">
     <span class='ocr_line' id='line_1_12' title="bbox 409 1168 1986 1243; baseline -0.006 -14"><span class='ocrx_word' id='word_1_72' title='bbox 409 1176 475 1230; x_wconf 89' lang='grc' dir='ltr'><strong>δι’</strong></span> <span class='ocrx_word' id='word_1_73' title='bbox 498 1174 739 1238; x_wconf 76' lang='grc' dir='ltr'><strong>ἐπινοίας</strong></span> <span class='ocrx_word' id='word_1_74' title='bbox 765 1174 859 1227; x_wconf 76' lang='grc' dir='ltr'>καὶ</span> <span class='ocrx_word' id='word_1_75' title='bbox 888 1173 1029 1225; x_wconf 86' lang='grc' dir='ltr'>ὅσων</span> <span class='ocrx_word' id='word_1_76' title='bbox 1066 1173 1100 1241; x_wconf 76' lang='grc' dir='ltr'><strong>ἡ</strong></span> <span class='ocrx_word' id='word_1_77' title='bbox 1138 1172 1299 1241; x_wconf 81' lang='grc' dir='ltr'>φύσις</span> <span class='ocrx_word' id='word_1_78' title='bbox 1325 1172 1491 1243; x_wconf 85' lang='grc' dir='ltr'>κυρία</span> <span class='ocrx_word' id='word_1_79' title='bbox 1511 1186 1525 1201; x_wconf 76' lang='grc'><strong><em>⁸</em></strong></span> <span class='ocrx_word' id='word_1_80' title='bbox 1557 1170 1684 1241; x_wconf 86' lang='grc' dir='ltr'>περί</span> <span class='ocrx_word' id='word_1_81' title='bbox 1720 1187 1781 1221; x_wconf 88' lang='grc' dir='ltr'><strong>τε</strong></span> <span class='ocrx_word' id='word_1_82' title='bbox 1807 1168 1986 1238; x_wconf 79' lang='grc' dir='ltr'>ἀέρων</span> 
     </span>
    </p>
   </div>
   <div class='ocr_carea' id='block_1_13' title="bbox 413 1259 1987 1333">
    <p class='ocr_par' dir='ltr' id='par_1_13' title="bbox 413 1259 1987 1333">
     <span class='ocr_line' id='line_1_13' title="bbox 413 1259 1987 1333; baseline -0.003 -15"><span class='ocrx_word' id='word_1_83' title='bbox 413 1264 511 1318; x_wconf 74' lang='grc' dir='ltr'>καὶ</span> <span class='ocrx_word' id='word_1_84' title='bbox 541 1263 801 1333; x_wconf 84' lang='grc' dir='ltr'>λουτρῶν,</span> <span class='ocrx_word' id='word_1_85' title='bbox 832 1260 1116 1329; x_wconf 83' lang='grc' dir='ltr'>αὐτοφυῶν</span> <span class='ocrx_word' id='word_1_86' title='bbox 1149 1277 1209 1313; x_wconf 89' lang='grc' dir='ltr'><strong>τε</strong></span> <span class='ocrx_word' id='word_1_87' title='bbox 1235 1262 1329 1315; x_wconf 72' lang='grc' dir='ltr'>καὶ</span> <span class='ocrx_word' id='word_1_88' title='bbox 1374 1260 1485 1314; x_wconf 85' lang='grc' dir='ltr'><strong>τῶν</strong></span> <span class='ocrx_word' id='word_1_89' title='bbox 1528 1262 1594 1313; x_wconf 84' lang='grc' dir='ltr'>ὲκ</span> <span class='ocrx_word' id='word_1_90' title='bbox 1624 1259 1817 1329; x_wconf 71' lang='grc' dir='ltr'>τέχνης</span> <span class='ocrx_word' id='word_1_91' title='bbox 1839 1274 1852 1287; x_wconf 89' lang='grc'><strong>·</strong></span> <span class='ocrx_word' id='word_1_92' title='bbox 1892 1260 1987 1313; x_wconf 78' lang='grc' dir='ltr'>καὶ</span> 
     </span>
    </p>
   </div>
   <div class='ocr_carea' id='block_1_14' title="bbox 414 1351 1985 1427">
    <p class='ocr_par' dir='ltr' id='par_1_14' title="bbox 414 1351 1985 1427">
     <span class='ocr_line' id='line_1_14' title="bbox 414 1351 1985 1427; baseline -0.004 -19"><span class='ocrx_word' id='word_1_93' title='bbox 414 1356 546 1423; x_wconf 78' lang='grc' dir='ltr'>περὶ</span> <span class='ocrx_word' id='word_1_94' title='bbox 594 1354 855 1427; x_wconf 76' lang='grc' dir='ltr'><strong>ἱδρώτων,</strong></span> <span class='ocrx_word' id='word_1_95' title='bbox 885 1355 973 1408; x_wconf 75' lang='grc' dir='ltr'>ναὶ</span> <span class='ocrx_word' id='word_1_96' title='bbox 992 1354 1039 1386; x_wconf 75' lang='grc'><strong>⁸⁸</strong></span> <span class='ocrx_word' id='word_1_97' title='bbox 1068 1353 1133 1424; x_wconf 82' lang='grc' dir='ltr'>δὴ</span> <span class='ocrx_word' id='word_1_98' title='bbox 1167 1353 1262 1406; x_wconf 75' lang='grc' dir='ltr'>καὶ</span> <span class='ocrx_word' id='word_1_99' title='bbox 1309 1354 1439 1422; x_wconf 74' lang='grc' dir='ltr'>περὶ</span> <span class='ocrx_word' id='word_1_100' title='bbox 1483 1351 1985 1420; x_wconf 76' lang='grc' dir='ltr'><strong>καταπλασμάτων,</strong></span> 
     </span>
    </p>
   </div>
   <div class='ocr_carea' id='block_1_15' title="bbox 414 1442 1987 1517">
    <p class='ocr_par' dir='ltr' id='par_1_15' title="bbox 414 1442 1987 1517">
     <span class='ocr_line' id='line_1_15' title="bbox 414 1442 1987 1517; baseline -0.003 -17"><span class='ocrx_word' id='word_1_101' title='bbox 414 1447 544 1517; x_wconf 88' lang='grc' dir='ltr'>περί</span> <span class='ocrx_word' id='word_1_102' title='bbox 572 1465 631 1501; x_wconf 88' lang='grc' dir='ltr'><strong>τε</strong></span> <span class='ocrx_word' id='word_1_103' title='bbox 667 1448 764 1517; x_wconf 85' lang='grc' dir='ltr'><strong>τῆς</strong></span> <span class='ocrx_word' id='word_1_104' title='bbox 794 1448 875 1510; x_wconf 84' lang='grc' dir='ltr'>εἰς</span> <span class='ocrx_word' id='word_1_105' title='bbox 912 1444 1090 1500; x_wconf 73' lang='grc' dir='ltr'>ἔλαιον</span> <span class='ocrx_word' id='word_1_106' title='bbox 1130 1445 1223 1499; x_wconf 68' lang='grc' dir='ltr'>καὶ</span> <span class='ocrx_word' id='word_1_107' title='bbox 1250 1444 1527 1515; x_wconf 79' lang='grc' dir='ltr'>ὑδρέλαιον</span> <span class='ocrx_word' id='word_1_108' title='bbox 1551 1444 1861 1514; x_wconf 80' lang='grc' dir='ltr'>ἑμϐάσεως,</span> <span class='ocrx_word' id='word_1_109' title='bbox 1893 1442 1987 1495; x_wconf 73' lang='grc' dir='ltr'>καὶ</span> 
     </span>
    </p>
   </div>
   <div class='ocr_carea' id='block_1_16' title="bbox 414 1530 1991 1606">
    <p class='ocr_par' dir='ltr' id='par_1_16' title="bbox 414 1530 1991 1606">
     <span class='ocr_line' id='line_1_16' title="bbox 414 1530 1991 1606; baseline -0.004 -16"><span class='ocrx_word' id='word_1_110' title='bbox 414 1538 516 1591; x_wconf 83' lang='grc' dir='ltr'>ὅσα</span> <span class='ocrx_word' id='word_1_111' title='bbox 560 1537 622 1589; x_wconf 80' lang='grc' dir='ltr'>τὸ</span> <span class='ocrx_word' id='word_1_112' title='bbox 669 1537 843 1606; x_wconf 77' lang='grc' dir='ltr'>δέρμα</span> <span class='ocrx_word' id='word_1_113' title='bbox 885 1535 1151 1589; x_wconf 84' lang='grc' dir='ltr'>δάκνοντα</span> <span class='ocrx_word' id='word_1_114' title='bbox 1181 1534 1215 1605; x_wconf 83' lang='grc' dir='ltr'>ἢ</span> <span class='ocrx_word' id='word_1_115' title='bbox 1246 1532 1420 1597; x_wconf 82' lang='grc' dir='ltr'>ἄλλως</span> <span class='ocrx_word' id='word_1_116' title='bbox 1471 1532 1829 1602; x_wconf 79' lang='grc' dir='ltr'>διαφοροῦντα</span> <span class='ocrx_word' id='word_1_117' title='bbox 1881 1530 1991 1584; x_wconf 88' lang='grc' dir='ltr'><strong>τῶν</strong></span> 
     </span>
    </p>
   </div>
   <div class='ocr_carea' id='block_1_17' title="bbox 415 1624 1990 1702">
    <p class='ocr_par' dir='ltr' id='par_1_17' title="bbox 415 1624 1990 1702">
     <span class='ocr_line' id='line_1_17' title="bbox 415 1624 1990 1702; baseline -0.003 -21"><span class='ocrx_word' id='word_1_118' title='bbox 415 1628 772 1702; x_wconf 78' lang='grc' dir='ltr'>χρονιζόντων</span> <span class='ocrx_word' id='word_1_119' title='bbox 824 1628 1013 1683; x_wconf 88' lang='grc' dir='ltr'>παθῶν</span> <span class='ocrx_word' id='word_1_120' title='bbox 1058 1627 1175 1693; x_wconf 76' lang='grc' dir='ltr'><strong>τὴν</strong></span> <span class='ocrx_word' id='word_1_121' title='bbox 1218 1624 1787 1695; x_wconf 74' lang='grc' dir='ltr'>μετασυγκριτικὴν,</span> <span class='ocrx_word' id='word_1_122' title='bbox 1815 1624 1892 1688; x_wconf 86' lang='grc' dir='ltr'>ὠς</span> <span class='ocrx_word' id='word_1_123' title='bbox 1923 1625 1990 1678; x_wconf 84' lang='grc' dir='ltr'>ἂν</span> 
     </span>
    </p>
   </div>
   <div class='ocr_carea' id='block_1_18' title="bbox 418 1717 1858 1795">
    <p class='ocr_par' dir='ltr' id='par_1_18' title="bbox 418 1717 1858 1795">
     <span class='ocr_line' id='line_1_18' title="bbox 418 1717 1858 1795; baseline -0.004 -18"><span class='ocrx_word' id='word_1_124' title='bbox 418 1722 696 1795; x_wconf 80' lang='grc' dir='ltr'>μεθοδικὸς</span> <span class='ocrx_word' id='word_1_125' title='bbox 713 1722 757 1753; x_wconf 74' lang='grc'>⁸⁸</span> <span class='ocrx_word' id='word_1_126' title='bbox 784 1721 918 1793; x_wconf 89' lang='grc' dir='ltr'>φαίη</span> <span class='ocrx_word' id='word_1_127' title='bbox 948 1721 1109 1793; x_wconf 80' lang='grc' dir='ltr'>ἀνὴρ,</span> <span class='ocrx_word' id='word_1_128' title='bbox 1138 1717 1509 1790; x_wconf 77' lang='grc' dir='ltr'>ἀπεργάζεται</span> <span class='ocrx_word' id='word_1_129' title='bbox 1541 1717 1858 1788; x_wconf 85' lang='grc' dir='ltr'>θεραπείαν.</span> 
     </span>
    </p>
   </div>
   <div class='ocr_carea' id='block_1_19' title="bbox 518 2006 1997 2083">
    <p class='ocr_par' dir='ltr' id='par_1_19' title="bbox 518 2006 1997 2083">
     <span class='ocr_line' id='line_1_19' title="bbox 518 2006 1997 2083; baseline -0.005 -18"><span class='ocrx_word' id='word_1_130' title='bbox 518 2013 610 2066; x_wconf 87' lang='grc' dir='ltr'>Ἐν</span> <span class='ocrx_word' id='word_1_131' title='bbox 651 2010 711 2065; x_wconf 72' lang='grc' dir='ltr'>δὲ</span> <span class='ocrx_word' id='word_1_132' title='bbox 746 2010 826 2082; x_wconf 81' lang='grc' dir='ltr'>τῷ</span> <span class='ocrx_word' id='word_1_133' title='bbox 877 2009 924 2082; x_wconf 86' lang='grc' dir='ltr'><strong>β’</strong></span> <span class='ocrx_word' id='word_1_134' title='bbox 950 2009 1081 2083; x_wconf 89' lang='grc' dir='ltr'>περί</span> <span class='ocrx_word' id='word_1_135' title='bbox 1116 2025 1179 2063; x_wconf 80' lang='grc' dir='ltr'><strong>τε</strong></span> <span class='ocrx_word' id='word_1_136' title='bbox 1213 2008 1315 2080; x_wconf 90' lang='grc' dir='ltr'><strong>τῆς</strong></span> <span class='ocrx_word' id='word_1_137' title='bbox 1358 2007 1644 2078; x_wconf 85' lang='grc' dir='ltr'>δυνάμεως</span> <span class='ocrx_word' id='word_1_138' title='bbox 1669 2006 1779 2062; x_wconf 88' lang='grc' dir='ltr'><strong>τῶν</strong></span> <span class='ocrx_word' id='word_1_139' title='bbox 1808 2006 1997 2062; x_wconf 82' lang='grc' dir='ltr'>ἁπλῶν</span> 
     </span>
    </p>
   </div>
   <div class='ocr_carea' id='block_1_20' title="bbox 421 2097 1994 2174">
    <p class='ocr_par' dir='ltr' id='par_1_20' title="bbox 421 2097 1994 2174">
     <span class='ocr_line' id='line_1_20' title="bbox 421 2097 1994 2174; baseline -0.004 -16"><span class='ocrx_word' id='word_1_140' title='bbox 421 2102 779 2174; x_wconf 81' lang='grc' dir='ltr'>διαλαμϐάνει</span> <span class='ocrx_word' id='word_1_141' title='bbox 809 2102 1139 2172; x_wconf 81' lang='grc' dir='ltr'>φαρμάκων,</span> <span class='ocrx_word' id='word_1_142' title='bbox 1174 2101 1270 2155; x_wconf 72' lang='grc' dir='ltr'>καὶ</span> <span class='ocrx_word' id='word_1_143' title='bbox 1302 2099 1433 2171; x_wconf 78' lang='grc' dir='ltr'>περὶ</span> <span class='ocrx_word' id='word_1_144' title='bbox 1477 2100 1578 2170; x_wconf 85' lang='grc' dir='ltr'><strong>τῆς</strong></span> <span class='ocrx_word' id='word_1_145' title='bbox 1606 2097 1810 2152; x_wconf 84' lang='grc' dir='ltr'>τούτων</span> <span class='ocrx_word' id='word_1_146' title='bbox 1839 2099 1994 2152; x_wconf 81' lang='grc' dir='ltr'>ὲκλο-</span> 
     </span>
    </p>
   </div>
   <div class='ocr_carea' id='block_1_21' title="bbox 422 2190 1998 2265">
    <p class='ocr_par' dir='ltr' id='par_1_21' title="bbox 422 2190 1998 2265">
     <span class='ocr_line' id='line_1_21' title="bbox 422 2190 1998 2265; baseline -0.006 -14"><span class='ocrx_word' id='word_1_147' title='bbox 422 2197 551 2265; x_wconf 80' lang='grc' dir='ltr'>γῆς,</span> <span class='ocrx_word' id='word_1_148' title='bbox 592 2195 690 2249; x_wconf 70' lang='grc' dir='ltr'>καὶ</span> <span class='ocrx_word' id='word_1_149' title='bbox 717 2194 846 2264; x_wconf 78' lang='grc' dir='ltr'>περὶ</span> <span class='ocrx_word' id='word_1_150' title='bbox 871 2190 1223 2261; x_wconf 87' lang='grc' dir='ltr'>κατασκευῆς</span> <span class='ocrx_word' id='word_1_151' title='bbox 1245 2191 1356 2245; x_wconf 91' lang='grc' dir='ltr'><strong>τῶν</strong></span> <span class='ocrx_word' id='word_1_152' title='bbox 1379 2208 1442 2244; x_wconf 86' lang='grc' dir='ltr'><strong>τε</strong></span> <span class='ocrx_word' id='word_1_153' title='bbox 1471 2191 1701 2245; x_wconf 88' lang='grc' dir='ltr'>ἀκόπων</span> <span class='ocrx_word' id='word_1_154' title='bbox 1730 2190 1998 2260; x_wconf 86' lang='grc' dir='ltr'>καλουμέ-</span> 
     </span>
    </p>
   </div>
   <div class='ocr_carea' id='block_1_22' title="bbox 425 2281 1996 2358">
    <p class='ocr_par' dir='ltr' id='par_1_22' title="bbox 425 2281 1996 2358">
     <span class='ocr_line' id='line_1_22' title="bbox 425 2281 1996 2358; baseline -0.006 -15"><span class='ocrx_word' id='word_1_155' title='bbox 425 2306 533 2343; x_wconf 87' lang='grc' dir='ltr'>νων</span> <span class='ocrx_word' id='word_1_156' title='bbox 553 2285 873 2358; x_wconf 88' lang='grc' dir='ltr'>χρισμάτων</span> <span class='ocrx_word' id='word_1_157' title='bbox 898 2285 994 2339; x_wconf 83' lang='grc' dir='ltr'>καὶ</span> <span class='ocrx_word' id='word_1_158' title='bbox 1012 2284 1413 2355; x_wconf 76' lang='grc' dir='ltr'>.ὲμπλάστρων,</span> <span class='ocrx_word' id='word_1_159' title='bbox 1439 2286 1532 2339; x_wconf 72' lang='grc' dir='ltr'>καὶ</span> <span class='ocrx_word' id='word_1_160' title='bbox 1562 2283 1693 2353; x_wconf 75' lang='grc' dir='ltr'>περὶ</span> <span class='ocrx_word' id='word_1_161' title='bbox 1720 2281 1996 2352; x_wconf 84' lang='grc' dir='ltr'>σταθμῶν,</span> 
     </span>
    </p>
   </div>
   <div class='ocr_carea' id='block_1_23' title="bbox 427 2374 1999 2451">
    <p class='ocr_par' dir='ltr' id='par_1_23' title="bbox 427 2374 1999 2451">
     <span class='ocr_line' id='line_1_23' title="bbox 427 2374 1999 2451; baseline -0.006 -17"><span class='ocrx_word' id='word_1_162' title='bbox 427 2382 558 2451; x_wconf 64' lang='lat' dir='ltr'><strong>mp!</strong></span> <span class='ocrx_word' id='word_1_163' title='bbox 589 2396 650 2433; x_wconf 87' lang='grc' dir='ltr'><strong>τε</strong></span> <span class='ocrx_word' id='word_1_164' title='bbox 686 2380 796 2433; x_wconf 89' lang='grc' dir='ltr'><strong>τῶν</strong></span> <span class='ocrx_word' id='word_1_165' title='bbox 833 2378 1051 2432; x_wconf 86' lang='grc' dir='ltr'>κοπτῶν</span> <span class='ocrx_word' id='word_1_166' title='bbox 1079 2378 1432 2447; x_wconf 80' lang='grc' dir='ltr'>καλουμένων</span> <span class='ocrx_word' id='word_1_167' title='bbox 1454 2376 1876 2447; x_wconf 83' lang='grc' dir='ltr'>πλατυσμάτων,</span> <span class='ocrx_word' id='word_1_168' title='bbox 1903 2374 1999 2427; x_wconf 83' lang='grc' dir='ltr'>καὶ</span> 
     </span>
    </p>
   </div>
   <div class='ocr_carea' id='block_1_24' title="bbox 428 2466 1999 2542">
    <p class='ocr_par' dir='ltr' id='par_1_24' title="bbox 428 2466 1999 2542">
     <span class='ocr_line' id='line_1_24' title="bbox 428 2466 1999 2542; baseline -0.004 -16"><span class='ocrx_word' id='word_1_169' title='bbox 428 2473 562 2542; x_wconf 75' lang='grc' dir='ltr'>περὶ</span> <span class='ocrx_word' id='word_1_170' title='bbox 602 2471 850 2541; x_wconf 79' lang='grc' dir='ltr'>ἑψήσεως</span> <span class='ocrx_word' id='word_1_171' title='bbox 889 2469 998 2523; x_wconf 87' lang='grc' dir='ltr'><strong>τῶν</strong></span> <span class='ocrx_word' id='word_1_172' title='bbox 1058 2469 1479 2539; x_wconf 72' lang='grc' dir='ltr'>ἐμϐαλλομένων</span> <span class='ocrx_word' id='word_1_173' title='bbox 1533 2470 1616 2532; x_wconf 84' lang='grc' dir='ltr'>εἰς</span> <span class='ocrx_word' id='word_1_174' title='bbox 1658 2468 1759 2531; x_wconf 82' lang='grc' dir='ltr'>τὰς</span> <span class='ocrx_word' id='word_1_175' title='bbox 1787 2466 1999 2537; x_wconf 74' lang='grc' dir='ltr'>ἐμπλά-</span> 
     </span>
    </p>
   </div>
   <div class='ocr_carea' id='block_1_25' title="bbox 432 2552 1264 2635">
    <p class='ocr_par' dir='ltr' id='par_1_25' title="bbox 432 2552 1264 2635">
     <span class='ocr_line' id='line_1_25' title="bbox 432 2552 1264 2635; baseline -0.001 -18"><span class='ocrx_word' id='word_1_176' title='bbox 432 2580 631 2635; x_wconf 86' lang='grc' dir='ltr'>στρους</span> <span class='ocrx_word' id='word_1_177' title='bbox 662 2552 793 2635; x_wconf 70' lang='grc'><strong>[288</strong></span> <span class='ocrx_word' id='word_1_178' title='bbox 817 2560 914 2634; x_wconf 87' lang='grc' dir='ltr'><strong>Η.]</strong></span> <span class='ocrx_word' id='word_1_179' title='bbox 938 2560 1264 2632; x_wconf 81' lang='grc' dir='ltr'>φαρμάκων.</span> 
     </span>
    </p>
   </div>
   <div class='ocr_carea' id='block_1_26' title="bbox 503 2752 2001 2825">
    <p class='ocr_par' dir='ltr' id='par_1_26' title="bbox 503 2752 2001 2825">
     <span class='ocr_line' id='line_1_26' title="bbox 503 2752 2001 2825; baseline 0.001 -18"><span class='ocrx_word' id='word_1_180' title='bbox 503 2753 579 2807; x_wconf 80' lang='grc' dir='ltr'>Τὸ</span> <span class='ocrx_word' id='word_1_181' title='bbox 630 2752 692 2807; x_wconf 70' lang='grc' dir='ltr'>δὲ</span> <span class='ocrx_word' id='word_1_182' title='bbox 729 2759 780 2822; x_wconf 82' lang='grc' dir='ltr'><strong>γ’</strong></span> <span class='ocrx_word' id='word_1_183' title='bbox 816 2752 1093 2818; x_wconf 76' lang='grc' dir='ltr'>συνθέσεις</span> <span class='ocrx_word' id='word_1_184' title='bbox 1138 2752 1288 2824; x_wconf 84' lang='grc' dir='ltr'><strong>αὐτῷ</strong></span> <span class='ocrx_word' id='word_1_185' title='bbox 1314 2752 1618 2825; x_wconf 87' lang='grc' dir='ltr'>φαρμάκων</span> <span class='ocrx_word' id='word_1_186' title='bbox 1648 2752 2001 2808; x_wconf 83' lang='grc' dir='ltr'>παντοδαπῶν</span> 
     </span>
    </p>
   </div>
   <div class='ocr_carea' id='block_1_27' title="bbox 432 2845 699 2914">
    <p class='ocr_par' dir='ltr' id='par_1_27' title="bbox 432 2845 699 2914">
     <span class='ocr_line' id='line_1_27' title="bbox 432 2845 699 2914; baseline 0 -16"><span class='ocrx_word' id='word_1_187' title='bbox 432 2845 699 2914; x_wconf 80' lang='grc' dir='ltr'>περιέχει.</span> 
     </span>
    </p>
   </div>
   <div class='ocr_carea' id='block_1_28' title="bbox 505 2931 2001 3005">
    <p class='ocr_par' dir='ltr' id='par_1_28' title="bbox 505 2931 2001 3005">
     <span class='ocr_line' id='line_1_28' title="bbox 505 2931 2001 3005; baseline 0 -18"><span class='ocrx_word' id='word_1_188' title='bbox 505 2936 579 2987; x_wconf 84' lang='grc' dir='ltr'>Τὸ</span> <span class='ocrx_word' id='word_1_189' title='bbox 606 2935 662 2987; x_wconf 74' lang='grc' dir='ltr'>δὲ</span> <span class='ocrx_word' id='word_1_190' title='bbox 690 2934 732 2987; x_wconf 86' lang='grc' dir='ltr'>δ’</span> <span class='ocrx_word' id='word_1_191' title='bbox 763 2935 894 3005; x_wconf 76' lang='grc' dir='ltr'>περὶ</span> <span class='ocrx_word' id='word_1_192' title='bbox 918 2933 1139 3005; x_wconf 89' lang='grc' dir='ltr'>τροφῶν</span> <span class='ocrx_word' id='word_1_193' title='bbox 1176 2933 1327 2987; x_wconf 71' lang='grc' dir='ltr'>ἰστὶν</span> <span class='ocrx_word' id='word_1_194' title='bbox 1372 2931 1520 3004; x_wconf 83' lang='grc' dir='ltr'>αὐτῷ</span> <span class='ocrx_word' id='word_1_195' title='bbox 1574 2934 2001 3004; x_wconf 81' lang='grc' dir='ltr'>συντεταγμένον</span> 
     </span>
    </p>
   </div>
   <div class='ocr_carea' id='block_1_29' title="bbox 424 3025 1999 3096">
    <p class='ocr_par' dir='ltr' id='par_1_29' title="bbox 424 3025 1999 3096">
     <span class='ocr_line' id='line_1_29' title="bbox 424 3025 1999 3096; baseline 0.001 -19"><span class='ocrx_word' id='word_1_196' title='bbox 424 3025 736 3095; x_wconf 78' lang='grc' dir='ltr'>δυνάμεως,</span> <span class='ocrx_word' id='word_1_197' title='bbox 760 3026 855 3078; x_wconf 76' lang='grc' dir='ltr'>καὶ</span> <span class='ocrx_word' id='word_1_198' title='bbox 901 3027 1032 3095; x_wconf 74' lang='grc' dir='ltr'>περὶ</span> <span class='ocrx_word' id='word_1_199' title='bbox 1063 3026 1165 3096; x_wconf 87' lang='grc' dir='ltr'><strong>τῆς</strong></span> <span class='ocrx_word' id='word_1_200' title='bbox 1191 3025 1397 3079; x_wconf 84' lang='grc' dir='ltr'>τούτων</span> <span class='ocrx_word' id='word_1_201' title='bbox 1431 3026 1744 3091; x_wconf 77' lang='grc' dir='ltr'>σκευασίας,</span> <span class='ocrx_word' id='word_1_202' title='bbox 1779 3027 1908 3096; x_wconf 85' lang='grc' dir='ltr'>περί</span> <span class='ocrx_word' id='word_1_203' title='bbox 1939 3043 1999 3079; x_wconf 89' lang='grc' dir='ltr'><strong>τε</strong></span> 
     </span>
    </p>
   </div>
   <div class='ocr_carea' id='block_1_30' title="bbox 440 3115 2004 3188">
    <p class='ocr_par' dir='ltr' id='par_1_30' title="bbox 440 3115 2004 3188">
     <span class='ocr_line' id='line_1_30' title="bbox 440 3115 2004 3188; baseline 0.001 -22"><span class='ocrx_word' id='word_1_204' title='bbox 440 3115 769 3187; x_wconf 84' lang='grc' dir='ltr'>μελικράτου</span> <span class='ocrx_word' id='word_1_205' title='bbox 810 3116 907 3170; x_wconf 76' lang='grc' dir='ltr'><strong>καὶ</strong></span> <span class='ocrx_word' id='word_1_206' title='bbox 953 3117 1217 3186; x_wconf 82' lang='grc' dir='ltr'>πομάτων</span> <span class='ocrx_word' id='word_1_207' title='bbox 1240 3116 1435 3183; x_wconf 81' lang='grc' dir='ltr'>ἄλλων,</span> <span class='ocrx_word' id='word_1_208' title='bbox 1475 3116 1575 3169; x_wconf 85' lang='grc' dir='ltr'>ὃσα</span> <span class='ocrx_word' id='word_1_209' title='bbox 1612 3116 1870 3188; x_wconf 83' lang='grc' dir='ltr'>χρήσιμα</span> <span class='ocrx_word' id='word_1_210' title='bbox 1893 3117 2004 3178; x_wconf 87' lang='grc' dir='ltr'>τοῖς</span> 
     </span>
    </p>
   </div>
   <div class='ocr_carea' id='block_1_31' title="bbox 437 3206 2009 3279">
    <p class='ocr_par' dir='ltr' id='par_1_31' title="bbox 437 3206 2009 3279">
     <span class='ocr_line' id='line_1_31' title="bbox 437 3206 2009 3279; baseline 0 -19"><span class='ocrx_word' id='word_1_211' title='bbox 437 3207 803 3278; x_wconf 76' lang='grc' dir='ltr'>ἀρρωστοῦσι,</span> <span class='ocrx_word' id='word_1_212' title='bbox 846 3208 973 3279; x_wconf 80' lang='grc' dir='ltr'>περί</span> <span class='ocrx_word' id='word_1_213' title='bbox 1018 3225 1080 3262; x_wconf 86' lang='grc' dir='ltr'><strong>τε</strong></span> <span class='ocrx_word' id='word_1_214' title='bbox 1120 3207 1580 3278; x_wconf 87' lang='grc' dir='ltr'>γαλακτοποσίας,</span> <span class='ocrx_word' id='word_1_215' title='bbox 1613 3207 1711 3262; x_wconf 69' lang='grc' dir='ltr'>καὶ</span> <span class='ocrx_word' id='word_1_216' title='bbox 1759 3206 1840 3261; x_wconf 77' lang='grc' dir='ltr'>ἔτι</span> <span class='ocrx_word' id='word_1_217' title='bbox 1878 3206 2009 3279; x_wconf 78' lang='grc' dir='ltr'>περὶ</span> 
     </span>
    </p>
   </div>
   <div class='ocr_carea' id='block_1_32' title="bbox 440 3300 668 3354">
    <p class='ocr_par' dir='ltr' id='par_1_32' title="bbox 440 3300 668 3354">
     <span class='ocr_line' id='line_1_32' title="bbox 440 3300 668 3354; baseline 0 -1"><span class='ocrx_word' id='word_1_218' title='bbox 440 3300 668 3354; x_wconf 85' lang='grc' dir='ltr'>ὑδάτων.</span> 
     </span>
    </p>
   </div>
   <div class='ocr_carea' id='block_1_33' title="bbox 512 3390 2011 3463">
    <p class='ocr_par' dir='ltr' id='par_1_33' title="bbox 512 3390 2011 3463">
     <span class='ocr_line' id='line_1_33' title="bbox 512 3390 2011 3463; baseline 0.002 -20"><span class='ocrx_word' id='word_1_219' title='bbox 512 3391 585 3443; x_wconf 87' lang='grc' dir='ltr'><strong>Τὸ</strong></span> <span class='ocrx_word' id='word_1_220' title='bbox 622 3391 683 3444; x_wconf 75' lang='grc' dir='ltr'>δὲ</span> <span class='ocrx_word' id='word_1_221' title='bbox 718 3390 763 3444; x_wconf 85' lang='grc' dir='ltr'>ε’</span> <span class='ocrx_word' id='word_1_222' title='bbox 785 3391 889 3444; x_wconf 78' lang='grc' dir='ltr'>ὅσα</span> <span class='ocrx_word' id='word_1_223' title='bbox 929 3407 993 3443; x_wconf 88' lang='grc' dir='ltr'><strong>τε</strong></span> <span class='ocrx_word' id='word_1_224' title='bbox 1007 3392 1057 3423; x_wconf 77' lang='grc'><strong>⁰¹</strong></span> <span class='ocrx_word' id='word_1_225' title='bbox 1079 3393 1201 3456; x_wconf 79' lang='grc' dir='ltr'>ταῖς</span> <span class='ocrx_word' id='word_1_226' title='bbox 1240 3391 1504 3456; x_wconf 76' lang='grc' dir='ltr'>κυοῦσαις</span> <span class='ocrx_word' id='word_1_227' title='bbox 1552 3390 1839 3463; x_wconf 83' lang='grc' dir='ltr'>συμϐαίνει</span> <span class='ocrx_word' id='word_1_228' title='bbox 1868 3392 2011 3446; x_wconf 89' lang='grc' dir='ltr'>διδά-</span> 
     </span>
    </p>
   </div>
   <div class='ocr_carea' id='block_1_34' title="bbox 443 3479 2010 3552">
    <p class='ocr_par' dir='ltr' id='par_1_34' title="bbox 443 3479 2010 3552">
     <span class='ocr_line' id='line_1_34' title="bbox 443 3479 2010 3552; baseline 0.002 -21"><span class='ocrx_word' id='word_1_229' title='bbox 443 3495 587 3542; x_wconf 88' lang='grc' dir='ltr'>σκει,</span> <span class='ocrx_word' id='word_1_230' title='bbox 620 3479 829 3533; x_wconf 88' lang='grc' dir='ltr'>δίαιτάν</span> <span class='ocrx_word' id='word_1_231' title='bbox 858 3496 917 3532; x_wconf 89' lang='grc' dir='ltr'><strong>τε</strong></span> <span class='ocrx_word' id='word_1_232' title='bbox 964 3479 1166 3546; x_wconf 77' lang='grc' dir='ltr'>αὐτῶν,</span> <span class='ocrx_word' id='word_1_233' title='bbox 1212 3482 1307 3533; x_wconf 75' lang='grc' dir='ltr'>καὶ</span> <span class='ocrx_word' id='word_1_234' title='bbox 1354 3483 1533 3535; x_wconf 72' lang='grc' dir='ltr'>ὁποῖαι</span> <span class='ocrx_word' id='word_1_235' title='bbox 1567 3482 1624 3533; x_wconf 91' lang='grc' dir='ltr'>αἱ</span> <span class='ocrx_word' id='word_1_236' title='bbox 1654 3482 1852 3547; x_wconf 75' lang='grc' dir='ltr'>τιτθαὶ,</span> <span class='ocrx_word' id='word_1_237' title='bbox 1884 3480 2010 3552; x_wconf 89' lang='grc' dir='ltr'>περί</span> 
     </span>
    </p>
   </div>
   <div class='ocr_carea' id='block_1_35' title="bbox 441 3569 2012 3641">
    <p class='ocr_par' dir='ltr' id='par_1_35' title="bbox 441 3569 2012 3641">
     <span class='ocr_line' id='line_1_35' title="bbox 441 3569 2012 3641; baseline 0.001 -19"><span class='ocrx_word' id='word_1_238' title='bbox 441 3586 503 3622; x_wconf 82' lang='grc' dir='ltr'><strong>τε</strong></span> <span class='ocrx_word' id='word_1_239' title='bbox 541 3569 767 3639; x_wconf 81' lang='grc' dir='ltr'>κομιδῆς</span> <span class='ocrx_word' id='word_1_240' title='bbox 796 3570 1033 3633; x_wconf 83' lang='grc' dir='ltr'>παιδίου,</span> <span class='ocrx_word' id='word_1_241' title='bbox 1082 3571 1179 3623; x_wconf 73' lang='grc' dir='ltr'>καὶ</span> <span class='ocrx_word' id='word_1_242' title='bbox 1217 3570 1316 3625; x_wconf 80' lang='grc' dir='ltr'>ὅσα</span> <span class='ocrx_word' id='word_1_243' title='bbox 1376 3570 1534 3623; x_wconf 74' lang='grc' dir='ltr'>εἴωθε</span> <span class='ocrx_word' id='word_1_244' title='bbox 1569 3571 1885 3641; x_wconf 82' lang='grc' dir='ltr'>συμϐαίνειν</span> <span class='ocrx_word' id='word_1_245' title='bbox 1935 3570 2012 3641; x_wconf 83' lang='grc' dir='ltr'>τῷ</span> 
     </span>
    </p>
   </div>
   <div class='ocr_carea' id='block_1_36' title="bbox 438 3659 2013 3732">
    <p class='ocr_par' dir='ltr' id='par_1_36' title="bbox 438 3659 2013 3732">
     <span class='ocr_line' id='line_1_36' title="bbox 438 3659 2013 3732; baseline 0.002 -20"><span class='ocrx_word' id='word_1_246' title='bbox 438 3659 614 3712; x_wconf 64' lang='grc' dir='ltr'>παιδί.</span> <span class='ocrx_word' id='word_1_247' title='bbox 652 3661 789 3730; x_wconf 83' lang='grc' dir='ltr'>Περί</span> <span class='ocrx_word' id='word_1_248' title='bbox 817 3677 877 3714; x_wconf 88' lang='grc' dir='ltr'><strong>τε</strong></span> <span class='ocrx_word' id='word_1_249' title='bbox 906 3662 1114 3727; x_wconf 85' lang='grc' dir='ltr'>κόπων,</span> <span class='ocrx_word' id='word_1_250' title='bbox 1150 3661 1243 3726; x_wconf 86' lang='grc' dir='ltr'>οὓς</span> <span class='ocrx_word' id='word_1_251' title='bbox 1269 3665 1415 3715; x_wconf 85' lang='grc' dir='ltr'>ποιεῖ</span> <span class='ocrx_word' id='word_1_252' title='bbox 1428 3663 1475 3694; x_wconf 77' lang='grc'><strong>⁵³</strong></span> <span class='ocrx_word' id='word_1_253' title='bbox 1503 3663 1572 3715; x_wconf 91' lang='grc' dir='ltr'><strong>τά</strong></span> <span class='ocrx_word' id='word_1_254' title='bbox 1600 3663 1894 3732; x_wconf 82' lang='grc' dir='ltr'>γυμνάσια,</span> <span class='ocrx_word' id='word_1_255' title='bbox 1918 3664 2013 3716; x_wconf 75' lang='grc' dir='ltr'>καὶ</span> 
     </span>
    </p>
   </div>
   <div class='ocr_carea' id='block_1_37' title="bbox 442 3748 2009 3827">
    <p class='ocr_par' dir='ltr' id='par_1_37' title="bbox 442 3748 2009 3827">
     <span class='ocr_line' id='line_1_37' title="bbox 442 3748 2009 3827; baseline 0.003 -21"><span class='ocrx_word' id='word_1_256' title='bbox 442 3748 518 3806; x_wconf 82' lang='grc' dir='ltr'><strong>ὧν</strong></span> <span class='ocrx_word' id='word_1_257' title='bbox 547 3754 650 3806; x_wconf 79' lang='grc' dir='ltr'>οὐκ</span> <span class='ocrx_word' id='word_1_258' title='bbox 701 3753 816 3807; x_wconf 75' lang='grc' dir='ltr'>ἔστι</span> <span class='ocrx_word' id='word_1_259' title='bbox 860 3754 1046 3807; x_wconf 79' lang='grc' dir='ltr'>λαϐεῖν</span> <span class='ocrx_word' id='word_1_260' title='bbox 1102 3756 1167 3808; x_wconf 75' lang='grc' dir='ltr'>ἐκ</span> <span class='ocrx_word' id='word_1_261' title='bbox 1222 3755 1318 3808; x_wconf 81' lang='grc' dir='ltr'>τοῦ</span> <span class='ocrx_word' id='word_1_262' title='bbox 1366 3757 1691 3827; x_wconf 77' lang='grc' dir='ltr'>φαινομένου</span> <span class='ocrx_word' id='word_1_263' title='bbox 1723 3756 1785 3810; x_wconf 85' lang='grc' dir='ltr'>τὸ</span> <span class='ocrx_word' id='word_1_264' title='bbox 1818 3757 2009 3811; x_wconf 79' lang='grc' dir='ltr'>αἴτιον.</span> 
     </span>
    </p>
   </div>
   <div class='ocr_carea' id='block_1_38' title="bbox 442 3844 2014 3918">
    <p class='ocr_par' dir='ltr' id='par_1_38' title="bbox 442 3844 2014 3918">
     <span class='ocr_line' id='line_1_38' title="bbox 442 3844 2014 3918; baseline 0.003 -21"><span class='ocrx_word' id='word_1_265' title='bbox 442 3844 555 3897; x_wconf 71' lang='grc' dir='ltr'><strong>Καὶ</strong></span> <span class='ocrx_word' id='word_1_266' title='bbox 579 3845 709 3915; x_wconf 77' lang='grc' dir='ltr'>περὶ</span> <span class='ocrx_word' id='word_1_267' title='bbox 758 3845 1105 3914; x_wconf 73' lang='grc' dir='ltr'>πεγνὼσεως</span> <span class='ocrx_word' id='word_1_268' title='bbox 1147 3847 1436 3917; x_wconf 81' lang='grc' dir='ltr'>δέρματος.</span> <span class='ocrx_word' id='word_1_269' title='bbox 1473 3848 1747 3918; x_wconf 86' lang='grc' dir='ltr'>Γερόντων</span> <span class='ocrx_word' id='word_1_270' title='bbox 1777 3865 1835 3901; x_wconf 88' lang='grc' dir='ltr'><strong>τε</strong></span> <span class='ocrx_word' id='word_1_271' title='bbox 1872 3849 2014 3902; x_wconf 83' lang='grc' dir='ltr'>δίαι-</span> 
     </span>
    </p>
   </div>
   <div class='ocr_carea' id='block_1_39' title="bbox 443 3935 2017 4009">
    <p class='ocr_par' dir='ltr' id='par_1_39' title="bbox 443 3935 2017 4009">
     <span class='ocr_line' id='line_1_39' title="bbox 443 3935 2017 4009; baseline 0.004 -23"><span class='ocrx_word' id='word_1_272' title='bbox 443 3950 543 3988; x_wconf 90' lang='grc' dir='ltr'><strong>ταν</strong></span> <span class='ocrx_word' id='word_1_273' title='bbox 590 3935 851 4006; x_wconf 77' lang='grc' dir='ltr'>εὑρήσεις</span> <span class='ocrx_word' id='word_1_274' title='bbox 896 3936 955 3989; x_wconf 83' lang='grc' dir='ltr'>ἐν</span> <span class='ocrx_word' id='word_1_275' title='bbox 987 3937 1186 4008; x_wconf 84' lang='grc' dir='ltr'>τούτῳ,</span> <span class='ocrx_word' id='word_1_276' title='bbox 1221 3937 1316 3991; x_wconf 72' lang='grc' dir='ltr'>καὶ</span> <span class='ocrx_word' id='word_1_277' title='bbox 1344 3938 1445 3990; x_wconf 83' lang='grc' dir='ltr'>ὅσα</span> <span class='ocrx_word' id='word_1_278' title='bbox 1470 3937 1566 3991; x_wconf 79' lang='grc' dir='ltr'>τοῦ</span> <span class='ocrx_word' id='word_1_279' title='bbox 1599 3937 1846 4009; x_wconf 82' lang='grc' dir='ltr'>σώματος</span> <span class='ocrx_word' id='word_1_280' title='bbox 1875 3939 2017 3993; x_wconf 86' lang='grc' dir='ltr'>κατὰ</span> 
     </span>
    </p>
   </div>
   <div class='ocr_carea' id='block_1_40' title="bbox 443 4026 2012 4101">
    <p class='ocr_par' dir='ltr' id='par_1_40' title="bbox 443 4026 2012 4101">
     <span class='ocr_line' id='line_1_40' title="bbox 443 4026 2012 4101; baseline 0.003 -21"><span class='ocrx_word' id='word_1_281' title='bbox 443 4026 542 4097; x_wconf 81' lang='grc' dir='ltr'>τὴν</span> <span class='ocrx_word' id='word_1_282' title='bbox 582 4028 904 4096; x_wconf 75' lang='grc' dir='ltr'>ἐπιφάνειαν</span> <span class='ocrx_word' id='word_1_283' title='bbox 946 4029 1295 4100; x_wconf 87' lang='grc' dir='ltr'>συμπεσόντα</span> <span class='ocrx_word' id='word_1_284' title='bbox 1335 4030 1502 4099; x_wconf 81' lang='grc' dir='ltr'>ἄχαρι</span> <span class='ocrx_word' id='word_1_285' title='bbox 1550 4030 1649 4101; x_wconf 85' lang='grc' dir='ltr'><strong>τὴν</strong></span> <span class='ocrx_word' id='word_1_286' title='bbox 1682 4031 1803 4101; x_wconf 71' lang='grc' dir='ltr'>ὄψιν</span> <span class='ocrx_word' id='word_1_287' title='bbox 1852 4035 2012 4096; x_wconf 75' lang='grc' dir='ltr'>ποιεῖ,</span> 
     </span>
    </p>
   </div>
   <div class='ocr_carea' id='block_1_41' title="bbox 443 4117 2017 4195">
    <p class='ocr_par' dir='ltr' id='par_1_41' title="bbox 443 4117 2017 4195">
     <span class='ocr_line' id='line_1_41' title="bbox 443 4117 2017 4195; baseline 0.004 -25"><span class='ocrx_word' id='word_1_288' title='bbox 443 4117 654 4171; x_wconf 86' lang='grc' dir='ltr'>τούτων</span> <span class='ocrx_word' id='word_1_289' title='bbox 682 4118 1003 4191; x_wconf 78' lang='grc' dir='ltr'>ἀπαλλαγὴν</span> <span class='ocrx_word' id='word_1_290' title='bbox 1027 4121 1123 4175; x_wconf 78' lang='grc' dir='ltr'>καὶ</span> <span class='ocrx_word' id='word_1_291' title='bbox 1148 4120 1245 4190; x_wconf 85' lang='grc' dir='ltr'><strong>τῆς</strong></span> <span class='ocrx_word' id='word_1_292' title='bbox 1292 4124 1655 4193; x_wconf 73' lang='grc' dir='ltr'>παρατροπῆς</span> <span class='ocrx_word' id='word_1_293' title='bbox 1706 4123 2017 4195; x_wconf 75' lang='grc' dir='ltr'>ἐπανόρθω-</span> 
     </span>
    </p>
   </div>
   <div class='ocr_carea' id='block_1_42' title="bbox 444 4209 2016 4286">
    <p class='ocr_par' dir='ltr' id='par_1_42' title="bbox 444 4209 2016 4286">
     <span class='ocr_line' id='line_1_42' title="bbox 444 4209 2016 4286; baseline 0.004 -23"><span class='ocrx_word' id='word_1_294' title='bbox 444 4225 551 4274; x_wconf 73' lang='grc' dir='ltr'>σιν,</span> <span class='ocrx_word' id='word_1_295' title='bbox 581 4209 810 4263; x_wconf 78' lang='grc' dir='ltr'>ὀδόντων</span> <span class='ocrx_word' id='word_1_296' title='bbox 839 4227 900 4264; x_wconf 87' lang='grc' dir='ltr'><strong>τε</strong></span> <span class='ocrx_word' id='word_1_297' title='bbox 921 4210 1190 4282; x_wconf 84' lang='grc' dir='ltr'>φυλακὴν,</span> <span class='ocrx_word' id='word_1_298' title='bbox 1222 4215 1317 4266; x_wconf 75' lang='grc' dir='ltr'>καὶ</span> <span class='ocrx_word' id='word_1_299' title='bbox 1349 4213 1685 4285; x_wconf 82' lang='grc' dir='ltr'>βαρυηκοῒας</span> <span class='ocrx_word' id='word_1_300' title='bbox 1709 4215 2016 4286; x_wconf 71' lang='grc' dir='ltr'>καὶάχλύος</span> 
     </span>
    </p>
   </div>
   <div class='ocr_carea' id='block_1_43' title="bbox 442 4303 2016 4379">
    <p class='ocr_par' dir='ltr' id='par_1_43' title="bbox 442 4303 2016 4379">
     <span class='ocr_line' id='line_1_43' title="bbox 442 4303 2016 4379; baseline 0.004 -24"><span class='ocrx_word' id='word_1_301' title='bbox 442 4303 713 4373; x_wconf 83' lang='grc' dir='ltr'>ὀμμάτων</span> <span class='ocrx_word' id='word_1_302' title='bbox 756 4303 1064 4374; x_wconf 86' lang='grc' dir='ltr'>διόρθωσιν,</span> <span class='ocrx_word' id='word_1_303' title='bbox 1093 4306 1187 4359; x_wconf 72' lang='grc' dir='ltr'><strong>καὶ</strong></span> <span class='ocrx_word' id='word_1_304' title='bbox 1244 4306 1349 4374; x_wconf 84' lang='grc' dir='ltr'><strong>τῆς</strong></span> <span class='ocrx_word' id='word_1_305' title='bbox 1395 4307 1501 4360; x_wconf 89' lang='grc' dir='ltr'>ἀπὸ</span> <span class='ocrx_word' id='word_1_306' title='bbox 1550 4308 1650 4377; x_wconf 87' lang='grc' dir='ltr'><strong>τῆς</strong></span> <span class='ocrx_word' id='word_1_307' title='bbox 1698 4308 2016 4379; x_wconf 81' lang='grc' dir='ltr'>πλησμονῆς</span> 
     </span>
    </p>
   </div>
   <div class='ocr_carea' id='block_1_44' title="bbox 2081 436 3651 509">
    <p class='ocr_par' dir='ltr' id='par_1_44' title="bbox 2081 436 3651 509">
     <span class='ocr_line' id='line_1_44' title="bbox 2081 436 3651 509; baseline -0.004 -12"><span class='ocrx_word' id='word_1_308' title='bbox 2081 442 2150 497; x_wconf 85' lang='lat' dir='ltr'><strong>ad</strong></span> <span class='ocrx_word' id='word_1_309' title='bbox 2178 441 2489 496; x_wconf 82' lang='lat' dir='ltr'><strong>curationes</strong></span> <span class='ocrx_word' id='word_1_310' title='bbox 2518 437 2918 509; x_wconf 76' lang='lat' dir='ltr'><strong>aggredientes,</strong></span> <span class='ocrx_word' id='word_1_311' title='bbox 2952 437 3006 491; x_wconf 91' lang='lat' dir='ltr'><strong>in</strong></span> <span class='ocrx_word' id='word_1_312' title='bbox 3034 438 3153 505; x_wconf 89' lang='lat' dir='ltr'><strong>ipso</strong></span> <span class='ocrx_word' id='word_1_313' title='bbox 3197 436 3454 492; x_wconf 84' lang='lat' dir='ltr'><strong>vidissem</strong></span> <span class='ocrx_word' id='word_1_314' title='bbox 3484 451 3651 507; x_wconf 89' lang='lat' dir='ltr'><strong>opere</strong></span> 
     </span>
    </p>
   </div>
   <div class='ocr_carea' id='block_1_45' title="bbox 2082 530 3652 603">
    <p class='ocr_par' dir='ltr' id='par_1_45' title="bbox 2082 530 3652 603">
     <span class='ocr_line' id='line_1_45' title="bbox 2082 530 3652 603; baseline -0.003 -15"><span class='ocrx_word' id='word_1_315' title='bbox 2082 533 2329 603; x_wconf 86' lang='lat' dir='ltr'><strong>compelli</strong></span> <span class='ocrx_word' id='word_1_316' title='bbox 2384 532 2451 587; x_wconf 88' lang='lat' dir='ltr'><strong>ad</strong></span> <span class='ocrx_word' id='word_1_317' title='bbox 2507 531 2771 585; x_wconf 81' lang='lat' dir='ltr'><strong>maximas</strong></span> <span class='ocrx_word' id='word_1_318' title='bbox 2826 542 2997 583; x_wconf 80' lang='lat' dir='ltr'><strong>noxas</strong></span> <span class='ocrx_word' id='word_1_319' title='bbox 3054 539 3167 582; x_wconf 90' lang='lat' dir='ltr'><strong>tum</strong></span> <span class='ocrx_word' id='word_1_320' title='bbox 3198 530 3376 598; x_wconf 64' lang='lat' dir='ltr'><strong>aegris,</strong></span> <span class='ocrx_word' id='word_1_321' title='bbox 3414 539 3524 583; x_wconf 87' lang='lat' dir='ltr'><strong>tum</strong></span> <span class='ocrx_word' id='word_1_322' title='bbox 3567 531 3652 584; x_wconf 90' lang='lat' dir='ltr'><strong>in-</strong></span> 
     </span>
    </p>
   </div>
   <div class='ocr_carea' id='block_1_46' title="bbox 2083 619 3651 681">
    <p class='ocr_par' dir='ltr' id='par_1_46' title="bbox 2083 619 3651 681">
     <span class='ocr_line' id='line_1_46' title="bbox 2083 619 3651 681; baseline -0.003 -2"><span class='ocrx_word' id='word_1_323' title='bbox 2083 628 2298 681; x_wconf 90' lang='lat' dir='ltr'><strong>terdum</strong></span> <span class='ocrx_word' id='word_1_324' title='bbox 2352 625 2514 678; x_wconf 88' lang='lat' dir='ltr'><strong>etiam</strong></span> <span class='ocrx_word' id='word_1_325' title='bbox 2569 622 2720 677; x_wconf 87' lang='lat' dir='ltr'><strong>sanis</strong></span> <span class='ocrx_word' id='word_1_326' title='bbox 2792 619 3124 677; x_wconf 80' lang='lat' dir='ltr'><strong>inferendas.</strong></span> <span class='ocrx_word' id='word_1_327' title='bbox 3194 619 3394 675; x_wconf 83' lang='lat' dir='ltr'><strong>Verum</strong></span> <span class='ocrx_word' id='word_1_328' title='bbox 3458 637 3651 676; x_wconf 76' lang='lat' dir='ltr'><strong>novem</strong></span> 
     </span>
    </p>
   </div>
   <div class='ocr_carea' id='block_1_47' title="bbox 2088 714 3654 786">
    <p class='ocr_par' dir='ltr' id='par_1_47' title="bbox 2088 714 3654 786">
     <span class='ocr_line' id='line_1_47' title="bbox 2088 714 3654 786; baseline -0.003 -12"><span class='ocrx_word' id='word_1_329' title='bbox 2088 720 2243 776; x_wconf 85' lang='lat' dir='ltr'><strong>hisce</strong></span> <span class='ocrx_word' id='word_1_330' title='bbox 2296 718 2451 774; x_wconf 81' lang='lat' dir='ltr'><strong>libris</strong></span> <span class='ocrx_word' id='word_1_331' title='bbox 2509 717 2720 772; x_wconf 90' lang='lat' dir='ltr'><strong>illorum</strong></span> <span class='ocrx_word' id='word_1_332' title='bbox 2767 715 3107 786; x_wconf 86' lang='lat' dir='ltr'><strong>septuaginta</strong></span> <span class='ocrx_word' id='word_1_333' title='bbox 3150 715 3527 785; x_wconf 83' lang='lat' dir='ltr'><strong>compendium</strong></span> <span class='ocrx_word' id='word_1_334' title='bbox 3572 714 3654 771; x_wconf 83' lang='lat' dir='ltr'><strong>in-</strong></span> 
     </span>
    </p>
   </div>
   <div class='ocr_carea' id='block_1_48' title="bbox 2086 810 2273 866">
    <p class='ocr_par' dir='ltr' id='par_1_48' title="bbox 2086 810 2273 866">
     <span class='ocr_line' id='line_1_48' title="bbox 2086 810 2273 866; baseline -0.005 0"><span class='ocrx_word' id='word_1_335' title='bbox 2086 810 2273 866; x_wconf 83' lang='lat' dir='ltr'><strong>cludit.</strong></span> 
     </span>
    </p>
   </div>
   <div class='ocr_carea' id='block_1_49' title="bbox 2156 898 3654 972">
    <p class='ocr_par' dir='ltr' id='par_1_49' title="bbox 2156 898 3654 972">
     <span class='ocr_line' id='line_1_49' title="bbox 2156 898 3654 972; baseline -0.001 -18"><span class='ocrx_word' id='word_1_336' title='bbox 2156 900 2342 954; x_wconf 88' lang='lat' dir='ltr'><strong>Primo</strong></span> <span class='ocrx_word' id='word_1_337' title='bbox 2374 900 2486 972; x_wconf 76' lang='lat'><strong>(25)</strong></span> <span class='ocrx_word' id='word_1_338' title='bbox 2508 913 2638 969; x_wconf 85' lang='lat' dir='ltr'><strong>ergo</strong></span> <span class='ocrx_word' id='word_1_339' title='bbox 2700 898 2843 954; x_wconf 90' lang='lat' dir='ltr'><strong>libro</strong></span> <span class='ocrx_word' id='word_1_340' title='bbox 2909 898 3128 953; x_wconf 78' lang='lat' dir='ltr'><strong>disserit</strong></span> <span class='ocrx_word' id='word_1_341' title='bbox 3176 898 3243 953; x_wconf 88' lang='lat' dir='ltr'><strong>de</strong></span> <span class='ocrx_word' id='word_1_342' title='bbox 3295 899 3545 953; x_wconf 81' lang='lat' dir='ltr'><strong>cautione</strong></span> <span class='ocrx_word' id='word_1_343' title='bbox 3600 899 3654 952; x_wconf 88' lang='lat' dir='ltr'><strong>iu</strong></span> 
     </span>
    </p>
   </div>
   <div class='ocr_carea' id='block_1_50' title="bbox 2088 990 3658 1063">
    <p class='ocr_par' dir='ltr' id='par_1_50' title="bbox 2088 990 3658 1063">
     <span class='ocr_line' id='line_1_50' title="bbox 2088 990 3658 1063; baseline -0.003 -16"><span class='ocrx_word' id='word_1_344' title='bbox 2088 993 2332 1063; x_wconf 89' lang='lat' dir='ltr'><strong>corporis</strong></span> <span class='ocrx_word' id='word_1_345' title='bbox 2384 991 2865 1046; x_wconf 83' lang='lat' dir='ltr'><strong>exercitationibus</strong></span> <span class='ocrx_word' id='word_1_346' title='bbox 2922 991 3249 1055; x_wconf 87' lang='lat' dir='ltr'><strong>adhibenda,</strong></span> <span class='ocrx_word' id='word_1_347' title='bbox 3319 1000 3374 1045; x_wconf 91' lang='lat' dir='ltr'><strong>et</strong></span> <span class='ocrx_word' id='word_1_348' title='bbox 3415 990 3481 1045; x_wconf 89' lang='lat' dir='ltr'><strong>de</strong></span> <span class='ocrx_word' id='word_1_349' title='bbox 3526 990 3658 1059; x_wconf 84' lang='lat' dir='ltr'><strong>ipsis</strong></span> 
     </span>
    </p>
   </div>
   <div class='ocr_carea' id='block_1_51' title="bbox 2060 1082 3657 1148">
    <p class='ocr_par' dir='ltr' id='par_1_51' title="bbox 2060 1082 3657 1148">
     <span class='ocr_line' id='line_1_51' title="bbox 2060 1082 3657 1148; baseline -0.001 -11"><span class='ocrx_word' id='word_1_350' title='bbox 2060 1082 2591 1148; x_wconf 78' lang='lat' dir='ltr'><strong>exercitationibus,</strong></span> <span class='ocrx_word' id='word_1_351' title='bbox 2629 1084 2695 1136; x_wconf 89' lang='lat' dir='ltr'><strong>de</strong></span> <span class='ocrx_word' id='word_1_352' title='bbox 2731 1082 3172 1136; x_wconf 86' lang='lat' dir='ltr'><strong>evacuationibus</strong></span> <span class='ocrx_word' id='word_1_353' title='bbox 3204 1096 3324 1135; x_wconf 90' lang='lat' dir='ltr'><strong>cum</strong></span> <span class='ocrx_word' id='word_1_354' title='bbox 3383 1083 3657 1145; x_wconf 80' lang='lat' dir='ltr'><strong>universe,</strong></span> 
     </span>
    </p>
   </div>
   <div class='ocr_carea' id='block_1_52' title="bbox 2093 1172 3661 1243">
    <p class='ocr_par' dir='ltr' id='par_1_52' title="bbox 2093 1172 3661 1243">
     <span class='ocr_line' id='line_1_52' title="bbox 2093 1172 3661 1243; baseline 0.001 -16"><span class='ocrx_word' id='word_1_355' title='bbox 2093 1182 2203 1227; x_wconf 91' lang='lat' dir='ltr'><strong>tum</strong></span> <span class='ocrx_word' id='word_1_356' title='bbox 2232 1174 2533 1243; x_wconf 78' lang='lat' dir='ltr'><strong>singulatim</strong></span> <span class='ocrx_word' id='word_1_357' title='bbox 2575 1190 2589 1227; x_wconf 91' lang='lat'>:</span> <span class='ocrx_word' id='word_1_358' title='bbox 2620 1182 2676 1227; x_wconf 91' lang='lat' dir='ltr'><strong>et</strong></span> <span class='ocrx_word' id='word_1_359' title='bbox 2704 1173 2791 1239; x_wconf 89' lang='lat' dir='ltr'><strong>iis,</strong></span> <span class='ocrx_word' id='word_1_360' title='bbox 2822 1172 2906 1227; x_wconf 88' lang='lat' dir='ltr'><strong>vel</strong></span> <span class='ocrx_word' id='word_1_361' title='bbox 2937 1188 3031 1243; x_wconf 91' lang='lat' dir='ltr'><strong>per</strong></span> <span class='ocrx_word' id='word_1_362' title='bbox 3058 1187 3119 1228; x_wconf 89' lang='lat' dir='ltr'><strong>ea</strong></span> <span class='ocrx_word' id='word_1_363' title='bbox 3148 1188 3266 1243; x_wconf 76' lang='lat' dir='ltr'><strong>qua:</strong></span> <span class='ocrx_word' id='word_1_364' title='bbox 3288 1172 3507 1242; x_wconf 83' lang='lat' dir='ltr'><strong>ingenio</strong></span> <span class='ocrx_word' id='word_1_365' title='bbox 3532 1182 3661 1228; x_wconf 87' lang='lat' dir='ltr'><strong>sunt</strong></span> 
     </span>
    </p>
   </div>
   <div class='ocr_carea' id='block_1_53' title="bbox 2091 1264 3657 1335">
    <p class='ocr_par' dir='ltr' id='par_1_53' title="bbox 2091 1264 3657 1335">
     <span class='ocr_line' id='line_1_53' title="bbox 2091 1264 3657 1335; baseline 0.002 -18"><span class='ocrx_word' id='word_1_366' title='bbox 2091 1265 2414 1332; x_wconf 79' lang='lat' dir='ltr'><strong>excogitata,</strong></span> <span class='ocrx_word' id='word_1_367' title='bbox 2465 1264 2550 1319; x_wconf 88' lang='lat' dir='ltr'><strong>vel</strong></span> <span class='ocrx_word' id='word_1_368' title='bbox 2584 1279 2682 1335; x_wconf 87' lang='lat' dir='ltr'><strong>per</strong></span> <span class='ocrx_word' id='word_1_369' title='bbox 2723 1279 2786 1319; x_wconf 88' lang='lat' dir='ltr'><strong>ea</strong></span> <span class='ocrx_word' id='word_1_370' title='bbox 2830 1279 3057 1335; x_wconf 89' lang='lat' dir='ltr'><strong>quorum</strong></span> <span class='ocrx_word' id='word_1_371' title='bbox 3091 1267 3305 1321; x_wconf 89' lang='lat' dir='ltr'><strong>domina</strong></span> <span class='ocrx_word' id='word_1_372' title='bbox 3336 1276 3525 1321; x_wconf 86' lang='lat' dir='ltr'><strong>natura</strong></span> <span class='ocrx_word' id='word_1_373' title='bbox 3554 1275 3657 1320; x_wconf 87' lang='lat' dir='ltr'><strong>est.</strong></span> 
     </span>
    </p>
   </div>
   <div class='ocr_carea' id='block_1_54' title="bbox 2093 1353 3661 1428">
    <p class='ocr_par' dir='ltr' id='par_1_54' title="bbox 2093 1353 3661 1428">
     <span class='ocr_line' id='line_1_54' title="bbox 2093 1353 3661 1428; baseline 0.001 -20"><span class='ocrx_word' id='word_1_374' title='bbox 2093 1353 2174 1409; x_wconf 89' lang='lat' dir='ltr'><strong>De</strong></span> <span class='ocrx_word' id='word_1_375' title='bbox 2229 1369 2358 1409; x_wconf 86' lang='lat' dir='ltr'><strong>aere</strong></span> <span class='ocrx_word' id='word_1_376' title='bbox 2402 1354 2468 1409; x_wconf 87' lang='lat' dir='ltr'><strong>ad</strong></span> <span class='ocrx_word' id='word_1_377' title='bbox 2525 1355 2660 1421; x_wconf 59' lang='lat' dir='ltr'><strong>haec,</strong></span> <span class='ocrx_word' id='word_1_378' title='bbox 2707 1364 2765 1410; x_wconf 90' lang='lat' dir='ltr'><strong>et</strong></span> <span class='ocrx_word' id='word_1_379' title='bbox 2818 1355 3025 1412; x_wconf 84' lang='lat' dir='ltr'><strong>balneis</strong></span> <span class='ocrx_word' id='word_1_380' title='bbox 3080 1366 3189 1412; x_wconf 91' lang='lat' dir='ltr'><strong>tam</strong></span> <span class='ocrx_word' id='word_1_381' title='bbox 3229 1358 3442 1426; x_wconf 83' lang='lat' dir='ltr'><strong>nativis,</strong></span> <span class='ocrx_word' id='word_1_382' title='bbox 3497 1372 3661 1428; x_wconf 88' lang='lat' dir='ltr'><strong>quam</strong></span> 
     </span>
    </p>
   </div>
   <div class='ocr_carea' id='block_1_55' title="bbox 2095 1445 3659 1519">
    <p class='ocr_par' dir='ltr' id='par_1_55' title="bbox 2095 1445 3659 1519">
     <span class='ocr_line' id='line_1_55' title="bbox 2095 1445 3659 1519; baseline 0.001 -17"><span class='ocrx_word' id='word_1_383' title='bbox 2095 1447 2423 1503; x_wconf 82' lang='lat' dir='ltr'><strong>artiﬁciosis.</strong></span> <span class='ocrx_word' id='word_1_384' title='bbox 2495 1445 2627 1504; x_wconf 89' lang='lat' dir='ltr'><strong>Item</strong></span> <span class='ocrx_word' id='word_1_385' title='bbox 2667 1448 2734 1503; x_wconf 90' lang='lat' dir='ltr'><strong>de</strong></span> <span class='ocrx_word' id='word_1_386' title='bbox 2773 1449 3061 1505; x_wconf 82' lang='lat' dir='ltr'><strong>sudoribus</strong></span> <span class='ocrx_word' id='word_1_387' title='bbox 3098 1460 3155 1505; x_wconf 89' lang='lat' dir='ltr'><strong>et</strong></span> <span class='ocrx_word' id='word_1_388' title='bbox 3216 1450 3659 1519; x_wconf 87' lang='lat' dir='ltr'><strong>cataplasmatis:</strong></span> 
     </span>
    </p>
   </div>
   <div class='ocr_carea' id='block_1_56' title="bbox 2095 1540 3665 1618">
    <p class='ocr_par' dir='ltr' id='par_1_56' title="bbox 2095 1540 3665 1618">
     <span class='ocr_line' id='line_1_56' title="bbox 2095 1540 3665 1618; baseline 0.003 -21"><span class='ocrx_word' id='word_1_389' title='bbox 2095 1540 2291 1597; x_wconf 82' lang='lat' dir='ltr'><strong>deolei</strong></span> <span class='ocrx_word' id='word_1_390' title='bbox 2336 1540 2494 1608; x_wconf 90' lang='lat' dir='ltr'><strong>meri,</strong></span> <span class='ocrx_word' id='word_1_391' title='bbox 2546 1548 2601 1596; x_wconf 84' lang='lat' dir='ltr'><strong>et</strong></span> <span class='ocrx_word' id='word_1_392' title='bbox 2651 1541 2754 1597; x_wconf 90' lang='lat' dir='ltr'><strong>olei</strong></span> <span class='ocrx_word' id='word_1_393' title='bbox 2803 1556 2940 1612; x_wconf 89' lang='lat' dir='ltr'><strong>aqua</strong></span> <span class='ocrx_word' id='word_1_394' title='bbox 2998 1542 3156 1599; x_wconf 91' lang='lat' dir='ltr'><strong>diluti</strong></span> <span class='ocrx_word' id='word_1_395' title='bbox 3214 1543 3392 1599; x_wconf 87' lang='lat' dir='ltr'><strong>labro.</strong></span> <span class='ocrx_word' id='word_1_396' title='bbox 3430 1544 3559 1618; x_wconf 81' lang='lat' dir='ltr'><strong>[De</strong></span> <span class='ocrx_word' id='word_1_397' title='bbox 3595 1546 3665 1601; x_wconf 86' lang='lat' dir='ltr'><strong>iis</strong></span> 
     </span>
    </p>
   </div>
   <div class='ocr_carea' id='block_1_57' title="bbox 2098 1633 3664 1707">
    <p class='ocr_par' dir='ltr' id='par_1_57' title="bbox 2098 1633 3664 1707">
     <span class='ocr_line' id='line_1_57' title="bbox 2098 1633 3664 1707; baseline 0.003 -18"><span class='ocrx_word' id='word_1_398' title='bbox 2098 1633 2510 1707; x_wconf 66' lang='lat' dir='ltr'><strong>denique]quaa</strong></span> <span class='ocrx_word' id='word_1_399' title='bbox 2537 1642 2716 1689; x_wconf 90' lang='lat' dir='ltr'><strong>cutem</strong></span> <span class='ocrx_word' id='word_1_400' title='bbox 2760 1635 3021 1701; x_wconf 91' lang='lat' dir='ltr'><strong>rodendo,</strong></span> <span class='ocrx_word' id='word_1_401' title='bbox 3076 1644 3168 1691; x_wconf 79' lang='lat' dir='ltr'><strong>aut</strong></span> <span class='ocrx_word' id='word_1_402' title='bbox 3218 1637 3409 1692; x_wconf 86' lang='lat' dir='ltr'><strong>saltem</strong></span> <span class='ocrx_word' id='word_1_403' title='bbox 3468 1638 3664 1693; x_wconf 89' lang='lat' dir='ltr'><strong>dissol-</strong></span> 
     </span>
    </p>
   </div>
   <div class='ocr_carea' id='block_1_58' title="bbox 2028 1718 3665 1792">
    <p class='ocr_par' dir='ltr' id='par_1_58' title="bbox 2028 1718 3665 1792">
     <span class='ocr_line' id='line_1_58' title="bbox 2028 1718 3665 1792; baseline 0.005 -17"><span class='ocrx_word' id='word_1_404' title='bbox 2028 1718 2297 1792; x_wconf 87' lang='lat' dir='ltr'><strong>Bvendo,</strong></span> <span class='ocrx_word' id='word_1_405' title='bbox 2350 1726 2496 1781; x_wconf 91' lang='lat' dir='ltr'><strong>illam</strong></span> <span class='ocrx_word' id='word_1_406' title='bbox 2540 1727 2919 1783; x_wconf 83' lang='lat' dir='ltr'><strong>diuturnorum</strong></span> <span class='ocrx_word' id='word_1_407' title='bbox 2968 1728 3280 1784; x_wconf 91' lang='lat' dir='ltr'><strong>morborum</strong></span> <span class='ocrx_word' id='word_1_408' title='bbox 3328 1730 3665 1785; x_wconf 87' lang='lat' dir='ltr'><strong>curationem</strong></span> 
     </span>
    </p>
   </div>
   <div class='ocr_carea' id='block_1_59' title="bbox 2093 1818 3667 1893">
    <p class='ocr_par' dir='ltr' id='par_1_59' title="bbox 2093 1818 3667 1893">
     <span class='ocr_line' id='line_1_59' title="bbox 2093 1818 3667 1893; baseline 0.002 -19"><span class='ocrx_word' id='word_1_409' title='bbox 2093 1818 2351 1887; x_wconf 75' lang='lat' dir='ltr'><strong>efﬁciunt,</strong></span> <span class='ocrx_word' id='word_1_410' title='bbox 2414 1834 2576 1890; x_wconf 83' lang='lat' dir='ltr'><strong>quam</strong></span> <span class='ocrx_word' id='word_1_411' title='bbox 2608 1820 3082 1893; x_wconf 75' lang='lat' dir='ltr'><strong>metasgncriticam</strong></span> <span class='ocrx_word' id='word_1_412' title='bbox 3125 1822 3416 1878; x_wconf 89' lang='lat' dir='ltr'><strong>methodici</strong></span> <span class='ocrx_word' id='word_1_413' title='bbox 3480 1821 3667 1893; x_wconf 69' lang='lat' dir='ltr'><strong>appelo</strong></span> 
     </span>
    </p>
   </div>
   <div class='ocr_carea' id='block_1_60' title="bbox 2170 2001 3672 2075">
    <p class='ocr_par' dir='ltr' id='par_1_60' title="bbox 2170 2001 3672 2075">
     <span class='ocr_line' id='line_1_60' title="bbox 2170 2001 3672 2075; baseline 0.004 -18"><span class='ocrx_word' id='word_1_414' title='bbox 2170 2001 2429 2059; x_wconf 89' lang='lat' dir='ltr'><strong>Secundo</strong></span> <span class='ocrx_word' id='word_1_415' title='bbox 2488 2002 2630 2060; x_wconf 85' lang='lat' dir='ltr'><strong>libro</strong></span> <span class='ocrx_word' id='word_1_416' title='bbox 2674 2002 2788 2075; x_wconf 75' lang='lat'><strong>(26)</strong></span> <span class='ocrx_word' id='word_1_417' title='bbox 2817 2004 2883 2059; x_wconf 88' lang='lat' dir='ltr'><strong>de</strong></span> <span class='ocrx_word' id='word_1_418' title='bbox 2911 2002 3239 2072; x_wconf 83' lang='lat' dir='ltr'><strong>simplicium</strong></span> <span class='ocrx_word' id='word_1_419' title='bbox 3305 2005 3672 2062; x_wconf 87' lang='lat' dir='ltr'><strong>medicamen-</strong></span> 
     </span>
    </p>
   </div>
   <div class='ocr_carea' id='block_1_61' title="bbox 2093 2094 3670 2169">
    <p class='ocr_par' dir='ltr' id='par_1_61' title="bbox 2093 2094 3670 2169">
     <span class='ocr_line' id='line_1_61' title="bbox 2093 2094 3670 2169; baseline 0.004 -21"><span class='ocrx_word' id='word_1_420' title='bbox 2093 2102 2271 2150; x_wconf 84' lang='lat' dir='ltr'><strong>torum</strong></span> <span class='ocrx_word' id='word_1_421' title='bbox 2322 2094 2582 2151; x_wconf 82' lang='lat' dir='ltr'><strong>facultate</strong></span> <span class='ocrx_word' id='word_1_422' title='bbox 2628 2104 2844 2161; x_wconf 83' lang='lat' dir='ltr'><strong>tractat,</strong></span> <span class='ocrx_word' id='word_1_423' title='bbox 2926 2110 3225 2169; x_wconf 87' lang='lat' dir='ltr'><strong>eorumque</strong></span> <span class='ocrx_word' id='word_1_424' title='bbox 3292 2098 3546 2154; x_wconf 87' lang='lat' dir='ltr'><strong>delectu:</strong></span> <span class='ocrx_word' id='word_1_425' title='bbox 3603 2100 3670 2154; x_wconf 88' lang='lat' dir='ltr'><strong>de</strong></span> 
     </span>
    </p>
   </div>
   <div class='ocr_carea' id='block_1_62' title="bbox 2096 2188 3670 2260">
    <p class='ocr_par' dir='ltr' id='par_1_62' title="bbox 2096 2188 3670 2260">
     <span class='ocr_line' id='line_1_62' title="bbox 2096 2188 3670 2260; baseline 0.004 -19"><span class='ocrx_word' id='word_1_426' title='bbox 2096 2196 2379 2257; x_wconf 72' lang='lat' dir='ltr'><strong>apparatur,</strong></span> <span class='ocrx_word' id='word_1_427' title='bbox 2430 2204 2551 2243; x_wconf 88' lang='lat' dir='ltr'><strong>cum</strong></span> <span class='ocrx_word' id='word_1_428' title='bbox 2584 2188 2809 2243; x_wconf 84' lang='grc' dir='ltr'>ἀκόπων</span> <span class='ocrx_word' id='word_1_429' title='bbox 2851 2189 2963 2260; x_wconf 74' lang='lat'><strong>(27)</strong></span> <span class='ocrx_word' id='word_1_430' title='bbox 2994 2204 3115 2259; x_wconf 65' lang='lat' dir='ltr'><strong>quae</strong></span> <span class='ocrx_word' id='word_1_431' title='bbox 3171 2193 3523 2248; x_wconf 88' lang='lat' dir='ltr'><strong>nominantur</strong></span> <span class='ocrx_word' id='word_1_432' title='bbox 3568 2209 3670 2248; x_wconf 68' lang='lat' dir='ltr'><strong>uno</strong></span> 
     </span>
    </p>
   </div>
   <div class='ocr_carea' id='block_1_63' title="bbox 2097 2280 3671 2357">
    <p class='ocr_par' dir='ltr' id='par_1_63' title="bbox 2097 2280 3671 2357">
     <span class='ocr_line' id='line_1_63' title="bbox 2097 2280 3671 2357; baseline 0.005 -25"><span class='ocrx_word' id='word_1_433' title='bbox 2097 2289 2444 2349; x_wconf 66' lang='lat' dir='ltr'><strong>gnentorum,</strong></span> <span class='ocrx_word' id='word_1_434' title='bbox 2495 2288 2607 2333; x_wconf 93' lang='lat' dir='ltr'><strong>tum</strong></span> <span class='ocrx_word' id='word_1_435' title='bbox 2647 2280 3090 2349; x_wconf 87' lang='lat' dir='ltr'><strong>emplastrorum.</strong></span> <span class='ocrx_word' id='word_1_436' title='bbox 3122 2281 3250 2338; x_wconf 90' lang='lat' dir='ltr'><strong>Post</strong></span> <span class='ocrx_word' id='word_1_437' title='bbox 3282 2284 3396 2338; x_wconf 62' lang='lat' dir='ltr'><strong>haec</strong></span> <span class='ocrx_word' id='word_1_438' title='bbox 3431 2285 3507 2339; x_wconf 23' lang='lat' dir='ltr'><strong>del</strong></span> <span class='ocrx_word' id='word_1_439' title='bbox 3532 2300 3671 2357; x_wconf 85' lang='lat' dir='ltr'><strong>pon-</strong></span> 
     </span>
    </p>
   </div>
   <div class='ocr_carea' id='block_1_64' title="bbox 2096 2371 3671 2448">
    <p class='ocr_par' dir='ltr' id='par_1_64' title="bbox 2096 2371 3671 2448">
     <span class='ocr_line' id='line_1_64' title="bbox 2096 2371 3671 2448; baseline 0.004 -24"><span class='ocrx_word' id='word_1_440' title='bbox 2096 2372 2349 2425; x_wconf 86' lang='lat' dir='ltr'><strong>deribus:</strong></span> <span class='ocrx_word' id='word_1_441' title='bbox 2407 2372 2474 2425; x_wconf 88' lang='lat' dir='ltr'><strong>de</strong></span> <span class='ocrx_word' id='word_1_442' title='bbox 2521 2371 2642 2425; x_wconf 86' lang='lat' dir='ltr'><strong>latis</strong></span> <span class='ocrx_word' id='word_1_443' title='bbox 2694 2372 3026 2441; x_wconf 83' lang='lat' dir='ltr'><strong>emplastris,</strong></span> <span class='ocrx_word' id='word_1_444' title='bbox 3086 2389 3207 2443; x_wconf 69' lang='lat' dir='ltr'><strong>quae</strong></span> <span class='ocrx_word' id='word_1_445' title='bbox 3282 2374 3463 2429; x_wconf 88' lang='grc' dir='ltr'>κοπτά</span> <span class='ocrx_word' id='word_1_446' title='bbox 3501 2374 3671 2448; x_wconf 90' lang='lat' dir='ltr'><strong>[sive</strong></span> 
     </span>
    </p>
   </div>
   <div class='ocr_carea' id='block_1_65' title="bbox 2084 2462 3671 2536">
    <p class='ocr_par' dir='ltr' id='par_1_65' title="bbox 2084 2462 3671 2536">
     <span class='ocr_line' id='line_1_65' title="bbox 2084 2462 3671 2536; baseline 0.004 -19"><span class='ocrx_word' id='word_1_447' title='bbox 2084 2462 2369 2535; x_wconf 75' lang='lat' dir='ltr'><strong>contusa]</strong></span> <span class='ocrx_word' id='word_1_448' title='bbox 2416 2465 2709 2533; x_wconf 88' lang='lat' dir='ltr'><strong>appellant,</strong></span> <span class='ocrx_word' id='word_1_449' title='bbox 2770 2465 2946 2536; x_wconf 88' lang='lat' dir='ltr'><strong>deque</strong></span> <span class='ocrx_word' id='word_1_450' title='bbox 3007 2468 3251 2522; x_wconf 88' lang='lat' dir='ltr'><strong>coctione</strong></span> <span class='ocrx_word' id='word_1_451' title='bbox 3309 2468 3671 2525; x_wconf 88' lang='lat' dir='ltr'><strong>medicamen-</strong></span> 
     </span>
    </p>
   </div>
   <div class='ocr_carea' id='block_1_66' title="bbox 2097 2554 3673 2626">
    <p class='ocr_par' dir='ltr' id='par_1_66' title="bbox 2097 2554 3673 2626">
     <span class='ocr_line' id='line_1_66' title="bbox 2097 2554 3673 2626; baseline 0.006 -19"><span class='ocrx_word' id='word_1_452' title='bbox 2097 2562 2301 2617; x_wconf 85' lang='lat' dir='ltr'><strong>torum,</strong></span> <span class='ocrx_word' id='word_1_453' title='bbox 2341 2568 2464 2624; x_wconf 63' lang='grc' dir='ltr'>ηυδε</span> <span class='ocrx_word' id='word_1_454' title='bbox 2518 2554 2587 2610; x_wconf 86' lang='lat' dir='ltr'><strong>ad</strong></span> <span class='ocrx_word' id='word_1_455' title='bbox 2633 2554 2911 2626; x_wconf 81' lang='lat' dir='ltr'><strong>emplastri</strong></span> <span class='ocrx_word' id='word_1_456' title='bbox 2971 2557 3366 2614; x_wconf 75' lang='lat' dir='ltr'><strong>coniectionem</strong></span> <span class='ocrx_word' id='word_1_457' title='bbox 3443 2562 3673 2617; x_wconf 81' lang='lat' dir='ltr'><strong>commi-</strong></span> 
     </span>
    </p>
   </div>
   <div class='ocr_carea' id='block_1_67' title="bbox 2097 2656 2336 2704">
    <p class='ocr_par' dir='ltr' id='par_1_67' title="bbox 2097 2656 2336 2704">
     <span class='ocr_line' id='line_1_67' title="bbox 2097 2656 2336 2704; baseline 0.008 -2"><span class='ocrx_word' id='word_1_458' title='bbox 2097 2661 2225 2702; x_wconf 80' lang='lat' dir='ltr'><strong>scen</strong></span> <span class='ocrx_word' id='word_1_459' title='bbox 2231 2656 2282 2701; x_wconf 90' lang='lat' dir='ltr'><strong>tu</strong></span> <span class='ocrx_word' id='word_1_460' title='bbox 2291 2664 2336 2704; x_wconf 80' lang='grc'><strong>1⁸.</strong></span> 
     </span>
    </p>
   </div>
   <div class='ocr_carea' id='block_1_68' title="bbox 2173 2740 3670 2813">
    <p class='ocr_par' dir='ltr' id='par_1_68' title="bbox 2173 2740 3670 2813">
     <span class='ocr_line' id='line_1_68' title="bbox 2173 2740 3670 2813; baseline 0.003 -19"><span class='ocrx_word' id='word_1_461' title='bbox 2173 2740 2359 2795; x_wconf 86' lang='lat' dir='ltr'><strong>Tertio</strong></span> <span class='ocrx_word' id='word_1_462' title='bbox 2426 2743 2564 2799; x_wconf 90' lang='lat' dir='ltr'><strong>libro</strong></span> <span class='ocrx_word' id='word_1_463' title='bbox 2646 2742 3076 2813; x_wconf 87' lang='lat' dir='ltr'><strong>compositiones</strong></span> <span class='ocrx_word' id='word_1_464' title='bbox 3150 2742 3670 2799; x_wconf 87' lang='lat' dir='ltr'><strong>medicamentorum</strong></span> 
     </span>
    </p>
   </div>
   <div class='ocr_carea' id='block_1_69' title="bbox 2102 2836 2961 2905">
    <p class='ocr_par' dir='ltr' id='par_1_69' title="bbox 2102 2836 2961 2905">
     <span class='ocr_line' id='line_1_69' title="bbox 2102 2836 2961 2905; baseline 0.001 -17"><span class='ocrx_word' id='word_1_465' title='bbox 2102 2836 2279 2889; x_wconf 88' lang='lat' dir='ltr'><strong>omnis</strong></span> <span class='ocrx_word' id='word_1_466' title='bbox 2326 2837 2542 2904; x_wconf 76' lang='lat' dir='ltr'><strong>generis</strong></span> <span class='ocrx_word' id='word_1_467' title='bbox 2598 2837 2961 2905; x_wconf 88' lang='lat' dir='ltr'><strong>persequitur.</strong></span> 
     </span>
    </p>
   </div>
   <div class='ocr_carea' id='block_1_70' title="bbox 2175 2926 3676 3001">
    <p class='ocr_par' dir='ltr' id='par_1_70' title="bbox 2175 2926 3676 3001">
     <span class='ocr_line' id='line_1_70' title="bbox 2175 2926 3676 3001; baseline 0.003 -21"><span class='ocrx_word' id='word_1_468' title='bbox 2175 2927 2408 2994; x_wconf 87' lang='lat' dir='ltr'><strong>Quartus</strong></span> <span class='ocrx_word' id='word_1_469' title='bbox 2440 2926 2551 2999; x_wconf 72' lang='grc' dir='ltr'><strong>(ἳὸ)</strong></span> <span class='ocrx_word' id='word_1_470' title='bbox 2570 2929 2634 2984; x_wconf 91' lang='lat' dir='ltr'><strong>de</strong></span> <span class='ocrx_word' id='word_1_471' title='bbox 2662 2930 3037 2983; x_wconf 84' lang='lat' dir='ltr'><strong>alimentorum</strong></span> <span class='ocrx_word' id='word_1_472' title='bbox 3063 2928 3336 2995; x_wconf 78' lang='lat' dir='ltr'><strong>facultate,</strong></span> <span class='ocrx_word' id='word_1_473' title='bbox 3384 2929 3559 3001; x_wconf 87' lang='lat' dir='ltr'><strong>deque</strong></span> <span class='ocrx_word' id='word_1_474' title='bbox 3578 2929 3676 2985; x_wconf 79' lang='lat' dir='ltr'><strong>ho-</strong></span> 
     </span>
    </p>
   </div>
   <div class='ocr_carea' id='block_1_71' title="bbox 2028 3020 3678 3114">
    <p class='ocr_par' dir='ltr' id='par_1_71' title="bbox 2028 3020 3678 3114">
     <span class='ocr_line' id='line_1_71' title="bbox 2028 3020 3678 3114; baseline 0.001 -40"><span class='ocrx_word' id='word_1_475' title='bbox 2028 3055 2073 3114; x_wconf 72' lang='lat' dir='ltr'>c</span> <span class='ocrx_word' id='word_1_476' title='bbox 2106 3031 2518 3091; x_wconf 84' lang='lat' dir='ltr'><strong>rumapparatu,</strong></span> <span class='ocrx_word' id='word_1_477' title='bbox 2541 3021 2988 3091; x_wconf 77' lang='lat' dir='ltr'><strong>conscriptuszde</strong></span> <span class='ocrx_word' id='word_1_478' title='bbox 3037 3020 3209 3075; x_wconf 90' lang='lat' dir='ltr'><strong>mulso</strong></span> <span class='ocrx_word' id='word_1_479' title='bbox 3253 3020 3402 3082; x_wconf 87' lang='lat' dir='ltr'><strong>item,</strong></span> <span class='ocrx_word' id='word_1_480' title='bbox 3440 3021 3678 3075; x_wconf 60' lang='lat' dir='ltr'><strong>ceteris-</strong></span> 
     </span>
    </p>
   </div>
   <div class='ocr_carea' id='block_1_72' title="bbox 2107 3112 3681 3183">
    <p class='ocr_par' dir='ltr' id='par_1_72' title="bbox 2107 3112 3681 3183">
     <span class='ocr_line' id='line_1_72' title="bbox 2107 3112 3681 3183; baseline 0.003 -20"><span class='ocrx_word' id='word_1_481' title='bbox 2107 3127 2210 3182; x_wconf 87' lang='lat' dir='ltr'><strong>que</strong></span> <span class='ocrx_word' id='word_1_482' title='bbox 2240 3114 2472 3182; x_wconf 87' lang='lat' dir='ltr'><strong>potionis</strong></span> <span class='ocrx_word' id='word_1_483' title='bbox 2505 3113 2811 3182; x_wconf 81' lang='lat' dir='ltr'><strong>generibus,</strong></span> <span class='ocrx_word' id='word_1_484' title='bbox 2843 3127 2962 3182; x_wconf 71' lang='lat' dir='ltr'><strong>qua:</strong></span> <span class='ocrx_word' id='word_1_485' title='bbox 3011 3112 3225 3182; x_wconf 85' lang='lat' dir='ltr'><strong>quidem</strong></span> <span class='ocrx_word' id='word_1_486' title='bbox 3289 3113 3681 3183; x_wconf 62' lang='lat' dir='ltr'><strong>aegrotantibus</strong></span> 
     </span>
    </p>
   </div>
   <div class='ocr_carea' id='block_1_73' title="bbox 2107 3202 3678 3274">
    <p class='ocr_par' dir='ltr' id='par_1_73' title="bbox 2107 3202 3678 3274">
     <span class='ocr_line' id='line_1_73' title="bbox 2107 3202 3678 3274; baseline 0.001 -16"><span class='ocrx_word' id='word_1_487' title='bbox 2107 3205 2258 3258; x_wconf 84' lang='lat' dir='ltr'><strong>utilia</strong></span> <span class='ocrx_word' id='word_1_488' title='bbox 2294 3206 2424 3260; x_wconf 89' lang='lat' dir='ltr'><strong>sint.</strong></span> <span class='ocrx_word' id='word_1_489' title='bbox 2483 3205 2561 3260; x_wconf 91' lang='lat' dir='ltr'><strong>De</strong></span> <span class='ocrx_word' id='word_1_490' title='bbox 2611 3202 2767 3260; x_wconf 88' lang='lat' dir='ltr'><strong>iactis</strong></span> <span class='ocrx_word' id='word_1_491' title='bbox 2808 3206 3028 3273; x_wconf 86' lang='lat' dir='ltr'><strong>insuper</strong></span> <span class='ocrx_word' id='word_1_492' title='bbox 3071 3215 3224 3274; x_wconf 85' lang='lat' dir='ltr'><strong>potu,</strong></span> <span class='ocrx_word' id='word_1_493' title='bbox 3253 3219 3318 3259; x_wconf 91' lang='lat' dir='ltr'><strong>ac</strong></span> <span class='ocrx_word' id='word_1_494' title='bbox 3351 3203 3584 3274; x_wconf 89' lang='lat' dir='ltr'><strong>denique</strong></span> <span class='ocrx_word' id='word_1_495' title='bbox 3611 3203 3678 3259; x_wconf 85' lang='lat' dir='ltr'><strong>de</strong></span> 
     </span>
    </p>
   </div>
   <div class='ocr_carea' id='block_1_74' title="bbox 2109 3298 2289 3367">
    <p class='ocr_par' dir='ltr' id='par_1_74' title="bbox 2109 3298 2289 3367">
     <span class='ocr_line' id='line_1_74' title="bbox 2109 3298 2289 3367; baseline 0.006 -16"><span class='ocrx_word' id='word_1_496' title='bbox 2109 3298 2289 3367; x_wconf 81' lang='lat' dir='ltr'><strong>aquis.</strong></span> 
     </span>
    </p>
   </div>
   <div class='ocr_carea' id='block_1_75' title="bbox 2180 3388 3676 3461">
    <p class='ocr_par' dir='ltr' id='par_1_75' title="bbox 2180 3388 3676 3461">
     <span class='ocr_line' id='line_1_75' title="bbox 2180 3388 3676 3461; baseline -0.001 -17"><span class='ocrx_word' id='word_1_497' title='bbox 2180 3392 2412 3458; x_wconf 83' lang='lat' dir='ltr'><strong>Quintus</strong></span> <span class='ocrx_word' id='word_1_498' title='bbox 2457 3390 2594 3445; x_wconf 92' lang='lat' dir='ltr'><strong>liber</strong></span> <span class='ocrx_word' id='word_1_499' title='bbox 2619 3388 2757 3461; x_wconf 72' lang='lat'><strong>(29),</strong></span> <span class='ocrx_word' id='word_1_500' title='bbox 2789 3404 2909 3460; x_wconf 71' lang='lat' dir='ltr'><strong>quae</strong></span> <span class='ocrx_word' id='word_1_501' title='bbox 2964 3389 3200 3460; x_wconf 84' lang='lat' dir='ltr'><strong>gravidis</strong></span> <span class='ocrx_word' id='word_1_502' title='bbox 3230 3404 3295 3443; x_wconf 91' lang='lat' dir='ltr'><strong>ac</strong></span> <span class='ocrx_word' id='word_1_503' title='bbox 3340 3389 3676 3459; x_wconf 69' lang='lat' dir='ltr'><strong>praegnanti-</strong></span> 
     </span>
    </p>
   </div>
   <div class='ocr_carea' id='block_1_76' title="bbox 2111 3482 3678 3553">
    <p class='ocr_par' dir='ltr' id='par_1_76' title="bbox 2111 3482 3678 3553">
     <span class='ocr_line' id='line_1_76' title="bbox 2111 3482 3678 3553; baseline -0.003 -14"><span class='ocrx_word' id='word_1_504' title='bbox 2111 3484 2212 3539; x_wconf 89' lang='lat' dir='ltr'><strong>bus</strong></span> <span class='ocrx_word' id='word_1_505' title='bbox 2254 3485 2527 3548; x_wconf 85' lang='lat' dir='ltr'><strong>accidant,</strong></span> <span class='ocrx_word' id='word_1_506' title='bbox 2584 3485 2777 3549; x_wconf 87' lang='lat' dir='ltr'><strong>tradit,</strong></span> <span class='ocrx_word' id='word_1_507' title='bbox 2825 3497 3127 3553; x_wconf 87' lang='lat' dir='ltr'><strong>earumque</strong></span> <span class='ocrx_word' id='word_1_508' title='bbox 3197 3482 3420 3549; x_wconf 88' lang='lat' dir='ltr'><strong>victum,</strong></span> <span class='ocrx_word' id='word_1_509' title='bbox 3453 3492 3507 3537; x_wconf 91' lang='lat' dir='ltr'><strong>et</strong></span> <span class='ocrx_word' id='word_1_510' title='bbox 3541 3497 3678 3552; x_wconf 85' lang='lat' dir='ltr'><strong>qua—</strong></span> 
     </span>
    </p>
   </div>
   <div class='ocr_carea' id='block_1_77' title="bbox 2112 3569 3681 3640">
    <p class='ocr_par' dir='ltr' id='par_1_77' title="bbox 2112 3569 3681 3640">
     <span class='ocr_line' id='line_1_77' title="bbox 2112 3569 3681 3640; baseline -0.001 -14"><span class='ocrx_word' id='word_1_511' title='bbox 2112 3572 2190 3628; x_wconf 91' lang='lat' dir='ltr'><strong>les</strong></span> <span class='ocrx_word' id='word_1_512' title='bbox 2223 3573 2461 3626; x_wconf 90' lang='lat' dir='ltr'><strong>nutrices</strong></span> <span class='ocrx_word' id='word_1_513' title='bbox 2502 3571 2777 3640; x_wconf 78' lang='lat' dir='ltr'><strong>eligendae.</strong></span> <span class='ocrx_word' id='word_1_514' title='bbox 2816 3571 2892 3625; x_wconf 90' lang='lat' dir='ltr'><strong>De</strong></span> <span class='ocrx_word' id='word_1_515' title='bbox 2926 3570 3148 3624; x_wconf 81' lang='lat' dir='ltr'><strong>infantis</strong></span> <span class='ocrx_word' id='word_1_516' title='bbox 3174 3569 3510 3638; x_wconf 83' lang='lat' dir='ltr'><strong>educatione,</strong></span> <span class='ocrx_word' id='word_1_517' title='bbox 3540 3585 3681 3640; x_wconf 71' lang='lat' dir='ltr'><strong>quae-</strong></span> 
     </span>
    </p>
   </div>
   <div class='ocr_carea' id='block_1_78' title="bbox 2112 3660 3679 3735">
    <p class='ocr_par' dir='ltr' id='par_1_78' title="bbox 2112 3660 3679 3735">
     <span class='ocr_line' id='line_1_78' title="bbox 2112 3660 3679 3735; baseline -0.003 -17"><span class='ocrx_word' id='word_1_518' title='bbox 2112 3680 2215 3735; x_wconf 88' lang='lat' dir='ltr'><strong>que</strong></span> <span class='ocrx_word' id='word_1_519' title='bbox 2243 3664 2292 3718; x_wconf 91' lang='lat' dir='ltr'><strong>ei</strong></span> <span class='ocrx_word' id='word_1_520' title='bbox 2338 3664 2482 3718; x_wconf 66' lang='lat' dir='ltr'><strong>aetati</strong></span> <span class='ocrx_word' id='word_1_521' title='bbox 2536 3664 2783 3717; x_wconf 87' lang='lat' dir='ltr'><strong>accidere</strong></span> <span class='ocrx_word' id='word_1_522' title='bbox 2842 3663 3037 3717; x_wconf 89' lang='lat' dir='ltr'><strong>solent.</strong></span> <span class='ocrx_word' id='word_1_523' title='bbox 3075 3663 3147 3716; x_wconf 88' lang='lat' dir='ltr'><strong>De</strong></span> <span class='ocrx_word' id='word_1_524' title='bbox 3186 3660 3502 3716; x_wconf 81' lang='lat' dir='ltr'><strong>lassitudine</strong></span> <span class='ocrx_word' id='word_1_525' title='bbox 3555 3677 3679 3716; x_wconf 88' lang='lat' dir='ltr'><strong>cum</strong></span> 
     </span>
    </p>
   </div>
   <div class='ocr_carea' id='block_1_79' title="bbox 2113 3755 3678 3822">
    <p class='ocr_par' dir='ltr' id='par_1_79' title="bbox 2113 3755 3678 3822">
     <span class='ocr_line' id='line_1_79' title="bbox 2113 3755 3678 3822; baseline -0.004 -10"><span class='ocrx_word' id='word_1_526' title='bbox 2113 3757 2181 3812; x_wconf 85' lang='lat' dir='ltr'><strong>ab</strong></span> <span class='ocrx_word' id='word_1_527' title='bbox 2215 3757 2604 3811; x_wconf 77' lang='lat' dir='ltr'><strong>exercitatione</strong></span> <span class='ocrx_word' id='word_1_528' title='bbox 2649 3765 2798 3821; x_wconf 82' lang='lat' dir='ltr'><strong>nata,</strong></span> <span class='ocrx_word' id='word_1_529' title='bbox 2847 3765 2958 3808; x_wconf 92' lang='lat' dir='ltr'><strong>tum</strong></span> <span class='ocrx_word' id='word_1_530' title='bbox 2998 3769 3060 3807; x_wconf 88' lang='lat' dir='ltr'><strong>ea</strong></span> <span class='ocrx_word' id='word_1_531' title='bbox 3105 3755 3260 3822; x_wconf 87' lang='lat' dir='ltr'><strong>cujus</strong></span> <span class='ocrx_word' id='word_1_532' title='bbox 3310 3768 3473 3808; x_wconf 88' lang='lat' dir='ltr'><strong>causa</strong></span> <span class='ocrx_word' id='word_1_533' title='bbox 3522 3762 3678 3807; x_wconf 78' lang='lat' dir='ltr'><strong>exte-</strong></span> 
     </span>
    </p>
   </div>
   <div class='ocr_carea' id='block_1_80' title="bbox 2115 3845 3676 3918">
    <p class='ocr_par' dir='ltr' id='par_1_80' title="bbox 2115 3845 3676 3918">
     <span class='ocr_line' id='line_1_80' title="bbox 2115 3845 3676 3918; baseline -0.002 -15"><span class='ocrx_word' id='word_1_534' title='bbox 2115 3851 2230 3904; x_wconf 90' lang='lat' dir='ltr'><strong>rius</strong></span> <span class='ocrx_word' id='word_1_535' title='bbox 2294 3850 2515 3903; x_wconf 88' lang='lat' dir='ltr'><strong>minime</strong></span> <span class='ocrx_word' id='word_1_536' title='bbox 2547 3859 2797 3918; x_wconf 90' lang='lat' dir='ltr'><strong>apparet:</strong></span> <span class='ocrx_word' id='word_1_537' title='bbox 2828 3847 3066 3916; x_wconf 90' lang='lat' dir='ltr'><strong>itemque</strong></span> <span class='ocrx_word' id='word_1_538' title='bbox 3081 3845 3148 3901; x_wconf 90' lang='lat' dir='ltr'><strong>de</strong></span> <span class='ocrx_word' id='word_1_539' title='bbox 3174 3846 3314 3901; x_wconf 85' lang='lat' dir='ltr'><strong>cutis</strong></span> <span class='ocrx_word' id='word_1_540' title='bbox 3341 3846 3676 3901; x_wconf 86' lang='lat' dir='ltr'><strong>astrictione.</strong></span> 
     </span>
    </p>
   </div>
   <div class='ocr_carea' id='block_1_81' title="bbox 2116 3938 3682 4009">
    <p class='ocr_par' dir='ltr' id='par_1_81' title="bbox 2116 3938 3682 4009">
     <span class='ocr_line' id='line_1_81' title="bbox 2116 3938 3682 4009; baseline -0.004 -15"><span class='ocrx_word' id='word_1_541' title='bbox 2116 3938 2315 3994; x_wconf 88' lang='lat' dir='ltr'><strong>Senum</strong></span> <span class='ocrx_word' id='word_1_542' title='bbox 2378 3953 2593 4009; x_wconf 88' lang='lat' dir='ltr'><strong>quoque</strong></span> <span class='ocrx_word' id='word_1_543' title='bbox 2654 3938 2853 3992; x_wconf 81' lang='lat' dir='ltr'><strong>victum</strong></span> <span class='ocrx_word' id='word_1_544' title='bbox 2895 3938 2983 3991; x_wconf 87' lang='lat' dir='ltr'><strong>hic</strong></span> <span class='ocrx_word' id='word_1_545' title='bbox 3034 3938 3296 4005; x_wconf 89' lang='lat' dir='ltr'><strong>reperias,</strong></span> <span class='ocrx_word' id='word_1_546' title='bbox 3323 3945 3378 3990; x_wconf 93' lang='lat' dir='ltr'><strong>et</strong></span> <span class='ocrx_word' id='word_1_547' title='bbox 3419 3950 3682 4005; x_wconf 77' lang='lat' dir='ltr'><strong>quaecun-</strong></span> 
     </span>
    </p>
   </div>
   <div class='ocr_carea' id='block_1_82' title="bbox 2115 4027 3685 4101">
    <p class='ocr_par' dir='ltr' id='par_1_82' title="bbox 2115 4027 3685 4101">
     <span class='ocr_line' id='line_1_82' title="bbox 2115 4027 3685 4101; baseline -0.004 -16"><span class='ocrx_word' id='word_1_548' title='bbox 2115 4047 2223 4101; x_wconf 90' lang='lat' dir='ltr'><strong>que</strong></span> <span class='ocrx_word' id='word_1_549' title='bbox 2283 4031 2496 4101; x_wconf 92' lang='lat' dir='ltr'><strong>corpori</strong></span> <span class='ocrx_word' id='word_1_550' title='bbox 2562 4031 2899 4085; x_wconf 80' lang='lat' dir='ltr'><strong>extrinsecus</strong></span> <span class='ocrx_word' id='word_1_551' title='bbox 2962 4028 3302 4083; x_wconf 89' lang='lat' dir='ltr'><strong>advenientia</strong></span> <span class='ocrx_word' id='word_1_552' title='bbox 3364 4027 3685 4083; x_wconf 82' lang='lat' dir='ltr'><strong>deformita-</strong></span> 
     </span>
    </p>
   </div>
   <div class='ocr_carea' id='block_1_83' title="bbox 2118 4116 3685 4187">
    <p class='ocr_par' dir='ltr' id='par_1_83' title="bbox 2118 4116 3685 4187">
     <span class='ocr_line' id='line_1_83' title="bbox 2118 4116 3685 4187; baseline -0.005 -14"><span class='ocrx_word' id='word_1_553' title='bbox 2118 4129 2224 4174; x_wconf 91' lang='lat' dir='ltr'><strong>tem</strong></span> <span class='ocrx_word' id='word_1_554' title='bbox 2283 4120 2596 4183; x_wconf 88' lang='lat' dir='ltr'><strong>conciliant,</strong></span> <span class='ocrx_word' id='word_1_555' title='bbox 2659 4119 2961 4187; x_wconf 83' lang='lat' dir='ltr'><strong>horumque</strong></span> <span class='ocrx_word' id='word_1_556' title='bbox 3016 4116 3389 4185; x_wconf 85' lang='lat' dir='ltr'><strong>depulsionem</strong></span> <span class='ocrx_word' id='word_1_557' title='bbox 3439 4124 3495 4168; x_wconf 90' lang='lat' dir='ltr'><strong>et</strong></span> <span class='ocrx_word' id='word_1_558' title='bbox 3520 4130 3685 4170; x_wconf 87' lang='lat' dir='ltr'><strong>cura-</strong></span> 
     </span>
    </p>
   </div>
   <div class='ocr_carea' id='block_1_84' title="bbox 2119 4209 3684 4279">
    <p class='ocr_par' dir='ltr' id='par_1_84' title="bbox 2119 4209 3684 4279">
     <span class='ocr_line' id='line_1_84' title="bbox 2119 4209 3684 4279; baseline -0.004 -14"><span class='ocrx_word' id='word_1_559' title='bbox 2119 4213 2340 4267; x_wconf 85' lang='lat' dir='ltr'><strong>tionem.</strong></span> <span class='ocrx_word' id='word_1_560' title='bbox 2400 4211 2649 4266; x_wconf 92' lang='lat' dir='ltr'><strong>Dentium</strong></span> <span class='ocrx_word' id='word_1_561' title='bbox 2705 4222 2964 4279; x_wconf 87' lang='lat' dir='ltr'><strong>praeterea</strong></span> <span class='ocrx_word' id='word_1_562' title='bbox 2995 4209 3320 4275; x_wconf 88' lang='lat' dir='ltr'><strong>custodiam,</strong></span> <span class='ocrx_word' id='word_1_563' title='bbox 3348 4217 3402 4262; x_wconf 89' lang='lat' dir='ltr'><strong>et</strong></span> <span class='ocrx_word' id='word_1_564' title='bbox 3440 4222 3564 4275; x_wconf 73' lang='lat' dir='ltr'><strong>quae</strong></span> <span class='ocrx_word' id='word_1_565' title='bbox 3590 4221 3684 4259; x_wconf 62' lang='lat' dir='ltr'><strong>auo</strong></span> 
     </span>
    </p>
   </div>
   <div class='ocr_carea' id='block_1_85' title="bbox 2119 4300 3683 4373">
    <p class='ocr_par' dir='ltr' id='par_1_85' title="bbox 2119 4300 3683 4373">
     <span class='ocr_line' id='line_1_85' title="bbox 2119 4300 3683 4373; baseline -0.004 -14"><span class='ocrx_word' id='word_1_566' title='bbox 2119 4306 2297 4361; x_wconf 91' lang='lat' dir='ltr'><strong>diendi</strong></span> <span class='ocrx_word' id='word_1_567' title='bbox 2356 4304 2721 4360; x_wconf 72' lang='lat' dir='ltr'><strong>difﬁcultatem</strong></span> <span class='ocrx_word' id='word_1_568' title='bbox 2815 4314 2977 4373; x_wconf 91' lang='lat' dir='ltr'><strong>atque</strong></span> <span class='ocrx_word' id='word_1_569' title='bbox 3044 4303 3323 4357; x_wconf 91' lang='lat' dir='ltr'><strong>oculorum</strong></span> <span class='ocrx_word' id='word_1_570' title='bbox 3398 4300 3683 4369; x_wconf 81' lang='lat' dir='ltr'><strong>caliginem</strong></span> 
     </span>
    </p>
   </div>
   <div class='ocr_carea' id='block_1_86' title="bbox 446 4391 2001 4469">
    <p class='ocr_par' dir='ltr' id='par_1_86' title="bbox 446 4391 2001 4469">
     <span class='ocr_line' id='line_1_86' title="bbox 446 4391 2001 4469; baseline 0.003 -23"><span class='ocrx_word' id='word_1_571' title='bbox 446 4391 655 4463; x_wconf 83' lang='grc' dir='ltr'>βλάϐης</span> <span class='ocrx_word' id='word_1_572' title='bbox 684 4392 1002 4464; x_wconf 84' lang='grc' dir='ltr'>θεραπείαν,</span> <span class='ocrx_word' id='word_1_573' title='bbox 1035 4395 1265 4465; x_wconf 86' lang='grc' dir='ltr'>ἀσχόλου</span> <span class='ocrx_word' id='word_1_574' title='bbox 1296 4412 1356 4448; x_wconf 89' lang='grc' dir='ltr'><strong>τε</strong></span> <span class='ocrx_word' id='word_1_575' title='bbox 1388 4394 1504 4465; x_wconf 85' lang='grc' dir='ltr'>βίου</span> <span class='ocrx_word' id='word_1_576' title='bbox 1526 4395 1736 4451; x_wconf 88' lang='grc' dir='ltr'>δίαιταν</span> <span class='ocrx_word' id='word_1_577' title='bbox 1757 4413 1770 4426; x_wconf 84' lang='grc'><em>’</em></span> <span class='ocrx_word' id='word_1_578' title='bbox 1800 4399 1929 4469; x_wconf 89' lang='grc' dir='ltr'>περί</span> <span class='ocrx_word' id='word_1_579' title='bbox 1950 4416 2001 4451; x_wconf 89' lang='grc' dir='ltr'><strong>τε</strong></span> 
     </span>
    </p>
   </div>
   <div class='ocr_carea' id='block_1_87' title="bbox 2097 4391 3688 4469">
    <p class='ocr_par' dir='ltr' id='par_1_87' title="bbox 2114 4391 3688 4451">
     <span class='ocr_line' id='line_1_87' title="bbox 2114 4391 3688 4451; baseline -0.005 0"><span class='ocrx_word' id='word_1_580' title='bbox 2114 4399 2407 4451; x_wconf 87' lang='lat' dir='ltr'><strong>restituunt</strong></span> <span class='ocrx_word' id='word_1_581' title='bbox 2447 4397 2669 4451; x_wconf 88' lang='lat' dir='ltr'><strong>:damni</strong></span> <span class='ocrx_word' id='word_1_582' title='bbox 2723 4394 2789 4449; x_wconf 85' lang='lat' dir='ltr'><strong>ad</strong></span> <span class='ocrx_word' id='word_1_583' title='bbox 2832 4395 2948 4448; x_wconf 61' lang='lat' dir='ltr'><strong>hac</strong></span> <span class='ocrx_word' id='word_1_584' title='bbox 2990 4409 3020 4447; x_wconf 90' lang='lat' dir='ltr'><strong>a</strong></span> <span class='ocrx_word' id='word_1_585' title='bbox 3078 4395 3362 4447; x_wconf 87' lang='lat' dir='ltr'><strong>saturitate</strong></span> <span class='ocrx_word' id='word_1_586' title='bbox 3404 4391 3535 4445; x_wconf 87' lang='lat' dir='ltr'><strong>illati</strong></span> <span class='ocrx_word' id='word_1_587' title='bbox 3591 4407 3688 4444; x_wconf 85' lang='lat' dir='ltr'><strong>cu-</strong></span> 
     </span>
    </p>
   </div>
   <div class='ocr_carea' id='block_1_88' title="bbox 442 4483 2013 4564">
    <p class='ocr_par' dir='ltr' id='par_1_88' title="bbox 442 4483 2013 4564">
     <span class='ocr_line' id='line_1_88' title="bbox 442 4483 2013 4564; baseline 0.004 -28"><span class='ocrx_word' id='word_1_588' title='bbox 442 4483 554 4536; x_wconf 87' lang='grc' dir='ltr'><strong>τῶν</strong></span> <span class='ocrx_word' id='word_1_589' title='bbox 598 4484 1022 4556; x_wconf 79' lang='grc' dir='ltr'>διαφθειρόντων</span> <span class='ocrx_word' id='word_1_590' title='bbox 1058 4487 1128 4540; x_wconf 79' lang='grc' dir='ltr'><strong>τά</strong></span> <span class='ocrx_word' id='word_1_591' title='bbox 1177 4487 1341 4541; x_wconf 89' lang='grc' dir='ltr'>σιτία.</span> <span class='ocrx_word' id='word_1_592' title='bbox 1388 4487 1755 4564; x_wconf 83' lang='grc' dir='ltr'>Ὁδοιποροῦσί</span> <span class='ocrx_word' id='word_1_593' title='bbox 1798 4506 1859 4541; x_wconf 87' lang='grc' dir='ltr'><strong>τε</strong></span> <span class='ocrx_word' id='word_1_594' title='bbox 1920 4491 2013 4543; x_wconf 76' lang='grc' dir='ltr'>καὶ</span> 
     </span>
    </p>
   </div>
   <div class='ocr_carea' id='block_1_89' title="bbox 444 4576 2016 4650">
    <p class='ocr_par' dir='ltr' id='par_1_89' title="bbox 444 4576 2016 4650">
     <span class='ocr_line' id='line_1_89' title="bbox 444 4576 2016 4650; baseline 0.004 -23"><span class='ocrx_word' id='word_1_595' title='bbox 444 4576 822 4645; x_wconf 79' lang='grc' dir='ltr'>πλοϊζομένοις</span> <span class='ocrx_word' id='word_1_596' title='bbox 867 4578 1142 4632; x_wconf 78' lang='grc' dir='ltr'>ἐκτίθεται</span> <span class='ocrx_word' id='word_1_597' title='bbox 1175 4580 1407 4646; x_wconf 89' lang='grc' dir='ltr'>δίαιταν,</span> <span class='ocrx_word' id='word_1_598' title='bbox 1448 4580 1543 4633; x_wconf 74' lang='grc' dir='ltr'>καὶ</span> <span class='ocrx_word' id='word_1_599' title='bbox 1573 4581 1702 4650; x_wconf 79' lang='grc' dir='ltr'>περὶ</span> <span class='ocrx_word' id='word_1_600' title='bbox 1751 4580 2016 4650; x_wconf 88' lang='grc' dir='ltr'>καθαιρέ-</span> 
     </span>
    </p>
   </div>
   <div class='ocr_carea' id='block_1_90' title="bbox 446 4669 2019 4742">
    <p class='ocr_par' dir='ltr' id='par_1_90' title="bbox 446 4669 2019 4742">
     <span class='ocr_line' id='line_1_90' title="bbox 446 4669 2019 4742; baseline 0.004 -23"><span class='ocrx_word' id='word_1_601' title='bbox 446 4682 586 4729; x_wconf 87' lang='grc' dir='ltr'>σεως</span> <span class='ocrx_word' id='word_1_602' title='bbox 613 4669 834 4738; x_wconf 89' lang='grc' dir='ltr'>σαρκῶν</span> <span class='ocrx_word' id='word_1_603' title='bbox 876 4669 1237 4740; x_wconf 84' lang='grc' dir='ltr'>διαλαμϐάνει</span> <span class='ocrx_word' id='word_1_604' title='bbox 1280 4670 1629 4742; x_wconf 75' lang='grc' dir='ltr'>ἀναθρέψεως</span> <span class='ocrx_word' id='word_1_605' title='bbox 1652 4688 1733 4735; x_wconf 88' lang='grc' dir='ltr'><strong>τε,</strong></span> <span class='ocrx_word' id='word_1_606' title='bbox 1761 4672 1857 4725; x_wconf 60' lang='grc' dir='ltr'><strong>κοιλ¹</strong></span> <span class='ocrx_word' id='word_1_607' title='bbox 1906 4671 2019 4725; x_wconf 89' lang='grc' dir='ltr'>διά-</span> 
     </span>
    </p>
   </div>
   <div class='ocr_carea' id='block_1_91' title="bbox 442 4760 2019 4837">
    <p class='ocr_par' dir='ltr' id='par_1_91' title="bbox 442 4760 2019 4837">
     <span class='ocr_line' id='line_1_91' title="bbox 442 4760 2019 4837; baseline 0.003 -25"><span class='ocrx_word' id='word_1_608' title='bbox 442 4774 647 4827; x_wconf 82' lang='grc' dir='ltr'>γνωσιν</span> <span class='ocrx_word' id='word_1_609' title='bbox 678 4760 949 4831; x_wconf 81' lang='grc' dir='ltr'>κράσεως,</span> <span class='ocrx_word' id='word_1_610' title='bbox 979 4764 1073 4816; x_wconf 79' lang='grc' dir='ltr'>καὶ</span> <span class='ocrx_word' id='word_1_611' title='bbox 1108 4763 1558 4835; x_wconf 86' lang='grc' dir='ltr'>παρατραπείσης</span> <span class='ocrx_word' id='word_1_612' title='bbox 1581 4762 1627 4795; x_wconf 67' lang='grc'><strong>⁸⁸</strong></span> <span class='ocrx_word' id='word_1_613' title='bbox 1656 4764 1824 4835; x_wconf 80' lang='grc' dir='ltr'>αὐτῆς</span> <span class='ocrx_word' id='word_1_614' title='bbox 1852 4764 2019 4837; x_wconf 89' lang='grc' dir='ltr'>θερα-</span> 
     </span>
    </p>
   </div>
   <div class='ocr_carea' id='block_1_92' title="bbox 445 4850 629 4905">
    <p class='ocr_par' dir='ltr' id='par_1_92' title="bbox 445 4850 629 4905">
     <span class='ocr_line' id='line_1_92' title="bbox 445 4850 629 4905; baseline 0.011 -2"><span class='ocrx_word' id='word_1_615' title='bbox 445 4850 629 4905; x_wconf 79' lang='grc' dir='ltr'>πείαν.</span> 
     </span>
    </p>
   </div>
   <div class='ocr_carea' id='block_1_93' title="bbox 2111 4480 3684 4555">
    <p class='ocr_par' dir='ltr' id='par_1_93' title="bbox 2111 4480 3684 4555">
     <span class='ocr_line' id='line_1_93' title="bbox 2111 4480 3684 4555; baseline -0.004 -14"><span class='ocrx_word' id='word_1_616' title='bbox 2111 4491 2397 4553; x_wconf 91' lang='lat' dir='ltr'><strong>rationem,</strong></span> <span class='ocrx_word' id='word_1_617' title='bbox 2430 4497 2484 4542; x_wconf 90' lang='lat' dir='ltr'><strong>et</strong></span> <span class='ocrx_word' id='word_1_618' title='bbox 2537 4486 2827 4555; x_wconf 80' lang='lat' dir='ltr'><strong>negotiosae</strong></span> <span class='ocrx_word' id='word_1_619' title='bbox 2886 4486 3009 4540; x_wconf 65' lang='lat' dir='ltr'><strong>vitae</strong></span> <span class='ocrx_word' id='word_1_620' title='bbox 3049 4486 3272 4539; x_wconf 88' lang='lat' dir='ltr'><strong>vietum.</strong></span> <span class='ocrx_word' id='word_1_621' title='bbox 3312 4483 3386 4536; x_wconf 88' lang='lat' dir='ltr'><strong>De</strong></span> <span class='ocrx_word' id='word_1_622' title='bbox 3416 4484 3480 4536; x_wconf 89' lang='lat' dir='ltr'><strong>iis</strong></span> <span class='ocrx_word' id='word_1_623' title='bbox 3520 4480 3684 4537; x_wconf 82' lang='lat' dir='ltr'><strong>etiam</strong></span> 
     </span>
    </p>
   </div>
   <div class='ocr_carea' id='block_1_94' title="bbox 2112 4578 3684 4649">
    <p class='ocr_par' dir='ltr' id='par_1_94' title="bbox 2112 4578 3684 4649">
     <span class='ocr_line' id='line_1_94' title="bbox 2112 4578 3684 4649; baseline -0.003 -17"><span class='ocrx_word' id='word_1_624' title='bbox 2112 4580 2311 4649; x_wconf 85' lang='lat' dir='ltr'><strong>quibus</strong></span> <span class='ocrx_word' id='word_1_625' title='bbox 2362 4580 2617 4633; x_wconf 86' lang='lat' dir='ltr'><strong>alimenta</strong></span> <span class='ocrx_word' id='word_1_626' title='bbox 2671 4587 3123 4646; x_wconf 88' lang='lat' dir='ltr'><strong>corrumpuntur:</strong></span> <span class='ocrx_word' id='word_1_627' title='bbox 3160 4587 3215 4631; x_wconf 91' lang='lat' dir='ltr'><strong>et</strong></span> <span class='ocrx_word' id='word_1_628' title='bbox 3250 4578 3354 4631; x_wconf 87' lang='lat' dir='ltr'><strong>iter</strong></span> <span class='ocrx_word' id='word_1_629' title='bbox 3404 4578 3684 4647; x_wconf 84' lang='lat' dir='ltr'><strong>agentibus</strong></span> 
     </span>
    </p>
   </div>
   <div class='ocr_carea' id='block_1_95' title="bbox 2116 4668 3683 4740">
    <p class='ocr_par' dir='ltr' id='par_1_95' title="bbox 2116 4668 3683 4740">
     <span class='ocr_line' id='line_1_95' title="bbox 2116 4668 3683 4740; baseline -0.002 -17"><span class='ocrx_word' id='word_1_630' title='bbox 2116 4685 2181 4724; x_wconf 91' lang='lat' dir='ltr'><strong>ac</strong></span> <span class='ocrx_word' id='word_1_631' title='bbox 2210 4671 2592 4740; x_wconf 86' lang='lat' dir='ltr'><strong>navigantibus</strong></span> <span class='ocrx_word' id='word_1_632' title='bbox 2635 4670 2809 4725; x_wconf 91' lang='lat' dir='ltr'><strong>victus</strong></span> <span class='ocrx_word' id='word_1_633' title='bbox 2847 4670 3109 4723; x_wconf 84' lang='lat' dir='ltr'><strong>rationem</strong></span> <span class='ocrx_word' id='word_1_634' title='bbox 3146 4670 3469 4739; x_wconf 63' lang='lat' dir='ltr'><strong>praescribit.</strong></span> <span class='ocrx_word' id='word_1_635' title='bbox 3503 4668 3683 4722; x_wconf 79' lang='lat' dir='ltr'><strong>Disso-</strong></span> 
     </span>
    </p>
   </div>
   <div class='ocr_carea' id='block_1_96' title="bbox 2117 4762 3689 4831">
    <p class='ocr_par' dir='ltr' id='par_1_96' title="bbox 2117 4762 3689 4831">
     <span class='ocr_line' id='line_1_96' title="bbox 2117 4762 3689 4831; baseline -0.002 -14"><span class='ocrx_word' id='word_1_636' title='bbox 2117 4763 2191 4817; x_wconf 90' lang='lat' dir='ltr'><strong>rit</strong></span> <span class='ocrx_word' id='word_1_637' title='bbox 2220 4768 2274 4817; x_wconf 90' lang='lat' dir='ltr'><strong>et</strong></span> <span class='ocrx_word' id='word_1_638' title='bbox 2313 4764 2377 4816; x_wconf 93' lang='lat' dir='ltr'><strong>de</strong></span> <span class='ocrx_word' id='word_1_639' title='bbox 2405 4764 2588 4817; x_wconf 90' lang='lat' dir='ltr'><strong>carnis</strong></span> <span class='ocrx_word' id='word_1_640' title='bbox 2611 4764 2994 4819; x_wconf 81' lang='lat' dir='ltr'><strong>extenuatione</strong></span> <span class='ocrx_word' id='word_1_641' title='bbox 3016 4772 3177 4830; x_wconf 88' lang='lat' dir='ltr'><strong>atque</strong></span> <span class='ocrx_word' id='word_1_642' title='bbox 3211 4762 3526 4827; x_wconf 90' lang='lat' dir='ltr'><strong>nutritione,</strong></span> <span class='ocrx_word' id='word_1_643' title='bbox 3568 4772 3689 4831; x_wconf 71' lang='lat' dir='ltr'><strong>post</strong></span> 
     </span>
    </p>
   </div>
   <div class='ocr_carea' id='block_1_97' title="bbox 2120 4853 3684 4924">
    <p class='ocr_par' dir='ltr' id='par_1_97' title="bbox 2120 4853 3684 4924">
     <span class='ocr_line' id='line_1_97' title="bbox 2120 4853 3684 4924; baseline 0.003 -21"><span class='ocrx_word' id='word_1_644' title='bbox 2120 4865 2239 4920; x_wconf 68' lang='lat' dir='ltr'><strong>qua:</strong></span> <span class='ocrx_word' id='word_1_645' title='bbox 2283 4854 2691 4921; x_wconf 88' lang='lat' dir='ltr'><strong>temperamenti</strong></span> <span class='ocrx_word' id='word_1_646' title='bbox 2745 4853 3106 4924; x_wconf 81' lang='lat' dir='ltr'><strong>cognitionem</strong></span> <span class='ocrx_word' id='word_1_647' title='bbox 3130 4862 3186 4907; x_wconf 93' lang='lat' dir='ltr'><strong>et</strong></span> <span class='ocrx_word' id='word_1_648' title='bbox 3212 4853 3326 4922; x_wconf 82' lang='lat' dir='ltr'><strong>ejus</strong></span> <span class='ocrx_word' id='word_1_649' title='bbox 3373 4853 3546 4909; x_wconf 83' lang='lat' dir='ltr'><strong>eversi</strong></span> <span class='ocrx_word' id='word_1_650' title='bbox 3586 4868 3684 4908; x_wconf 90' lang='lat' dir='ltr'><strong>cu-</strong></span> 
     </span>
    </p>
   </div>
   <div class='ocr_carea' id='block_1_98' title="bbox 2124 4943 2622 5000">
    <p class='ocr_par' dir='ltr' id='par_1_98' title="bbox 2124 4943 2622 5000">
     <span class='ocr_line' id='line_1_98' title="bbox 2124 4943 2622 5000; baseline 0.012 -6"><span class='ocrx_word' id='word_1_651' title='bbox 2124 4943 2390 4999; x_wconf 91' lang='lat' dir='ltr'><strong>rationem</strong></span> <span class='ocrx_word' id='word_1_652' title='bbox 2438 4945 2622 5000; x_wconf 88' lang='lat' dir='ltr'><strong>tradit.</strong></span> 
     </span>
    </p>
   </div>
   <div class='ocr_carea' id='block_1_99' title="bbox 1719 5101 2389 5161">
    <p class='ocr_par' dir='ltr' id='par_1_99' title="bbox 1719 5101 2389 5161">
     <span class='ocr_line' id='line_1_99' title="bbox 1719 5101 2389 5161; baseline 0.009 -5"><span class='ocrx_word' id='word_1_653' title='bbox 1719 5101 1952 5158; x_wconf 68' lang='lat' dir='ltr'><strong>VARIAE</strong></span> <span class='ocrx_word' id='word_1_654' title='bbox 1990 5103 2389 5161; x_wconf 76' lang='lat' dir='ltr'><strong>LECTIONES.</strong></span> 
     </span>
    </p>
   </div>
   <div class='ocr_carea' id='block_1_100' title="bbox 518 5184 1563 5256">
    <p class='ocr_par' dir='ltr' id='par_1_100' title="bbox 518 5184 1563 5256">
     <span class='ocr_line' id='line_1_100' title="bbox 518 5184 1563 5256; baseline 0.022 -22"><span class='ocrx_word' id='word_1_655' title='bbox 518 5186 564 5216; x_wconf 72' lang='grc' dir='ltr'><strong>δ’</strong></span> <span class='ocrx_word' id='word_1_656' title='bbox 599 5184 708 5238; x_wconf 89' lang='grc' dir='ltr'><strong>τῶν</strong></span> <span class='ocrx_word' id='word_1_657' title='bbox 753 5186 877 5240; x_wconf 88' lang='lat' dir='ltr'><strong>add.</strong></span> <span class='ocrx_word' id='word_1_658' title='bbox 914 5189 977 5243; x_wconf 79' lang='grc' dir='ltr'>Α.</span> <span class='ocrx_word' id='word_1_659' title='bbox 1054 5192 1099 5222; x_wconf 72' lang='grc' dir='ltr'><strong>⁵ο</strong></span> <span class='ocrx_word' id='word_1_660' title='bbox 1128 5191 1217 5243; x_wconf 78' lang='grc' dir='ltr'>ναὶ</span> <span class='ocrx_word' id='word_1_661' title='bbox 1249 5191 1292 5244; x_wconf 76' lang='grc' dir='ltr'>Α</span> <span class='ocrx_word' id='word_1_662' title='bbox 1337 5209 1350 5244; x_wconf 89' lang='lat'>:</span> <span class='ocrx_word' id='word_1_663' title='bbox 1382 5192 1474 5246; x_wconf 77' lang='grc' dir='ltr'><strong>καὶ</strong></span> <span class='ocrx_word' id='word_1_664' title='bbox 1501 5210 1563 5256; x_wconf 71' lang='grc' dir='ltr'>ς.</span> 
     </span>
    </p>
   </div>
   <div class='ocr_carea' id='block_1_101' title="bbox 446 5256 1339 5332">
    <p class='ocr_par' dir='ltr' id='par_1_101' title="bbox 446 5256 1339 5332">
     <span class='ocr_line' id='line_1_101' title="bbox 446 5256 1339 5332; baseline 0.01 -25"><span class='ocrx_word' id='word_1_665' title='bbox 446 5271 539 5308; x_wconf 80' lang='grc' dir='ltr'><strong>ται</strong></span> <span class='ocrx_word' id='word_1_666' title='bbox 584 5273 646 5319; x_wconf 85' lang='grc' dir='ltr'><strong>ς.</strong></span> <span class='ocrx_word' id='word_1_667' title='bbox 723 5256 770 5287; x_wconf 66' lang='grc'><strong>⁸⁵</strong></span> <span class='ocrx_word' id='word_1_668' title='bbox 819 5262 1249 5332; x_wconf 86' lang='grc' dir='ltr'>περιτραπείσης</span> <span class='ocrx_word' id='word_1_669' title='bbox 1278 5278 1339 5325; x_wconf 72' lang='grc' dir='ltr'>ς’.</span> 
     </span>
    </p>
   </div>
   <div class='ocr_carea' id='block_1_102' title="bbox 1638 5193 3691 5266">
    <p class='ocr_par' dir='ltr' id='par_1_102' title="bbox 1638 5193 3691 5266">
     <span class='ocr_line' id='line_1_102' title="bbox 1638 5193 3691 5266; baseline 0 -18"><span class='ocrx_word' id='word_1_670' title='bbox 1638 5193 1681 5224; x_wconf 80' lang='grc'><strong>⁶¹</strong></span> <span class='ocrx_word' id='word_1_671' title='bbox 1702 5194 1991 5265; x_wconf 85' lang='grc' dir='ltr'>μεθοδικὴν</span> <span class='ocrx_word' id='word_1_672' title='bbox 2024 5197 2103 5250; x_wconf 84' lang='lat' dir='ltr'><strong>A:</strong></span> <span class='ocrx_word' id='word_1_673' title='bbox 2134 5196 2433 5266; x_wconf 87' lang='grc' dir='ltr'>μεθοδικῶς</span> <span class='ocrx_word' id='word_1_674' title='bbox 2462 5216 2521 5262; x_wconf 84' lang='grc' dir='ltr'><strong>ς.</strong></span> <span class='ocrx_word' id='word_1_675' title='bbox 2600 5199 2645 5233; x_wconf 77' lang='grc'>⁸⁸</span> <span class='ocrx_word' id='word_1_676' title='bbox 2662 5216 2722 5253; x_wconf 89' lang='grc' dir='ltr'><strong>τε</strong></span> <span class='ocrx_word' id='word_1_677' title='bbox 2755 5201 2881 5256; x_wconf 89' lang='lat' dir='ltr'><strong>add.</strong></span> <span class='ocrx_word' id='word_1_678' title='bbox 2914 5203 2978 5257; x_wconf 79' lang='grc' dir='ltr'>Α.</span> <span class='ocrx_word' id='word_1_679' title='bbox 3055 5203 3101 5234; x_wconf 81' lang='grc'>⁸³</span> <span class='ocrx_word' id='word_1_680' title='bbox 3129 5204 3275 5256; x_wconf 83' lang='grc' dir='ltr'>ποιεῖ</span> <span class='ocrx_word' id='word_1_681' title='bbox 3304 5201 3373 5256; x_wconf 82' lang='grc' dir='ltr'><strong>τά</strong></span> <span class='ocrx_word' id='word_1_682' title='bbox 3395 5203 3437 5255; x_wconf 80' lang='grc' dir='ltr'><strong>Α</strong></span> <span class='ocrx_word' id='word_1_683' title='bbox 3476 5219 3491 5257; x_wconf 92' lang='lat'><strong>:</strong></span> <span class='ocrx_word' id='word_1_684' title='bbox 3519 5205 3691 5257; x_wconf 77' lang='grc' dir='ltr'>ποιεῖ.</span> 
     </span>
    </p>
   </div>
   <div class='ocr_carea' id='block_1_103' title="bbox 1989 5398 2219 5457">
    <p class='ocr_par' dir='ltr' id='par_1_103' title="bbox 1989 5398 2219 5457">
     <span class='ocr_line' id='line_1_103' title="bbox 1989 5398 2219 5457; baseline 0.017 -4"><span class='ocrx_word' id='word_1_685' title='bbox 1989 5398 2219 5457; x_wconf 66' lang='grc' dir='ltr'>ΝΟΤΕ.</span> 
     </span>
    </p>
   </div>
   <div class='ocr_carea' id='block_1_104' title="bbox 525 5504 1635 5586">
    <p class='ocr_par' dir='ltr' id='par_1_104' title="bbox 525 5504 1635 5586">
     <span class='ocr_line' id='line_1_104' title="bbox 525 5504 1635 5586; baseline 0.012 -29"><span class='ocrx_word' id='word_1_686' title='bbox 761 5510 827 5586; x_wconf 42' lang='lat' dir='ltr'><strong>.in</strong></span> <span class='ocrx_word' id='word_1_687' title='bbox 852 5509 921 5563; x_wconf 83' lang='grc'><strong>55</strong></span> <span class='ocrx_word' id='word_1_688' title='bbox 944 5511 1102 5566; x_wconf 86' lang='lat' dir='ltr'><strong>hodie</strong></span> <span class='ocrx_word' id='word_1_689' title='bbox 1143 5514 1319 5586; x_wconf 86' lang='lat' dir='ltr'><strong>capita</strong></span> <span class='ocrx_word' id='word_1_690' title='bbox 1352 5515 1635 5572; x_wconf 84' lang='lat' dir='ltr'><strong>dissectus.</strong></span> 
     </span>
    </p>
   </div>
   <div class='ocr_carea' id='block_1_105' title="bbox 527 5574 1452 5651">
    <p class='ocr_par' dir='ltr' id='par_1_105' title="bbox 527 5574 1452 5651">
     <span class='ocr_line' id='line_1_105' title="bbox 527 5574 1452 5651; baseline 0.014 -25"><span class='ocrx_word' id='word_1_691' title='bbox 675 5576 842 5651; x_wconf 67' lang='lat' dir='ltr'><strong>ljnjus</strong></span> <span class='ocrx_word' id='word_1_692' title='bbox 884 5596 1045 5634; x_wconf 89' lang='lat' dir='ltr'><strong>unum</strong></span> <span class='ocrx_word' id='word_1_693' title='bbox 1074 5592 1129 5637; x_wconf 89' lang='lat' dir='ltr'><strong>et</strong></span> <span class='ocrx_word' id='word_1_694' title='bbox 1153 5574 1223 5638; x_wconf 67' lang='lat'><strong>60</strong></span> <span class='ocrx_word' id='word_1_695' title='bbox 1252 5587 1452 5651; x_wconf 89' lang='lat' dir='ltr'><strong>capita.</strong></span> 
     </span>
    </p>
   </div>
   <div class='ocr_carea' id='block_1_106' title="bbox 524 5634 2016 5716">
    <p class='ocr_par' dir='ltr' id='par_1_106' title="bbox 524 5634 2016 5716">
     <span class='ocr_line' id='line_1_106' title="bbox 524 5634 2016 5716; baseline 0.007 -16"><span class='ocrx_word' id='word_1_696' title='bbox 524 5634 642 5715; x_wconf 59' lang='grc' dir='ltr'>(τί)</span> <span class='ocrx_word' id='word_1_697' title='bbox 673 5634 928 5711; x_wconf 72' lang='lat' dir='ltr'><strong>Quaenam</strong></span> <span class='ocrx_word' id='word_1_698' title='bbox 965 5664 1027 5703; x_wconf 87' lang='lat' dir='ltr'><strong>ea</strong></span> <span class='ocrx_word' id='word_1_699' title='bbox 1058 5634 1212 5716; x_wconf 52' lang='lat' dir='ltr'><strong>sibi;</strong></span> <span class='ocrx_word' id='word_1_700' title='bbox 1247 5634 1460 5711; x_wconf 51' lang='lat'><strong>6.33531</strong></span> <span class='ocrx_word' id='word_1_701' title='bbox 1501 5656 1752 5712; x_wconf 63' lang='grc' dir='ltr'>(ἔοι-ηεαδ</span> <span class='ocrx_word' id='word_1_702' title='bbox 1799 5656 1853 5712; x_wconf 93' lang='lat' dir='ltr'><strong>in</strong></span> <span class='ocrx_word' id='word_1_703' title='bbox 1898 5655 2016 5711; x_wconf 68' lang='lat' dir='ltr'><strong>Del“.</strong></span> 
     </span>
    </p>
   </div>
   <div class='ocr_carea' id='block_1_107' title="bbox 705 5738 1331 5806">
    <p class='ocr_par' dir='ltr' id='par_1_107' title="bbox 705 5738 1331 5806">
     <span class='ocr_line' id='line_1_107' title="bbox 705 5738 1331 5806; baseline 0.01 -7"><span class='ocrx_word' id='word_1_704' title='bbox 705 5738 977 5799; x_wconf 75' lang='grc' dir='ltr'>ΡΑτιοι..</span> <span class='ocrx_word' id='word_1_705' title='bbox 1017 5742 1135 5803; x_wconf 82' lang='lat' dir='ltr'><strong>Gn.</strong></span> <span class='ocrx_word' id='word_1_706' title='bbox 1169 5744 1331 5806; x_wconf 77' lang='lat' dir='ltr'><strong>Cll].</strong></span> 
     </span>
    </p>
   </div>
   <div class='ocr_carea' id='block_1_108' title="bbox 2198 5519 3263 5594">
    <p class='ocr_par' dir='ltr' id='par_1_108' title="bbox 2198 5519 3263 5594">
     <span class='ocr_line' id='line_1_108' title="bbox 2198 5519 3263 5594; baseline 0.01 -20"><span class='ocrx_word' id='word_1_707' title='bbox 2339 5522 2530 5594; x_wconf 64' lang='lat' dir='ltr'><strong>Capita</strong></span> <span class='ocrx_word' id='word_1_708' title='bbox 2567 5526 2617 5579; x_wconf 89' lang='lat' dir='ltr'><strong>ei</strong></span> <span class='ocrx_word' id='word_1_709' title='bbox 2648 5526 2843 5581; x_wconf 83' lang='lat' dir='ltr'><strong>tributa</strong></span> <span class='ocrx_word' id='word_1_710' title='bbox 2888 5529 2940 5582; x_wconf 90' lang='lat' dir='ltr'><strong>in</strong></span> <span class='ocrx_word' id='word_1_711' title='bbox 2980 5528 3141 5584; x_wconf 88' lang='lat' dir='ltr'><strong>editis</strong></span> <span class='ocrx_word' id='word_1_712' title='bbox 3175 5532 3263 5585; x_wconf 74' lang='grc'><strong>41.</strong></span> 
     </span>
    </p>
   </div>
   <div class='ocr_carea' id='block_1_109' title="bbox 2194 5591 2955 5667">
    <p class='ocr_par' dir='ltr' id='par_1_109' title="bbox 2194 5591 2955 5667">
     <span class='ocr_line' id='line_1_109' title="bbox 2194 5591 2955 5667; baseline 0.011 -22"><span class='ocrx_word' id='word_1_713' title='bbox 2194 5591 2307 5661; x_wconf 67' lang='lat'><strong>(29)</strong></span> <span class='ocrx_word' id='word_1_714' title='bbox 2335 5591 2525 5649; x_wconf 83' lang='lat' dir='ltr'><strong>Sectus</strong></span> <span class='ocrx_word' id='word_1_715' title='bbox 2565 5597 2616 5650; x_wconf 92' lang='lat' dir='ltr'><strong>in</strong></span> <span class='ocrx_word' id='word_1_716' title='bbox 2648 5598 2824 5667; x_wconf 86' lang='lat' dir='ltr'><strong>capita</strong></span> <span class='ocrx_word' id='word_1_717' title='bbox 2865 5598 2955 5654; x_wconf 81' lang='lat'><strong>55.</strong></span> 
     </span>
    </p>
   </div>
   <div class='ocr_carea' id='block_1_110' title="bbox 3255 5753 3334 5816">
    <p class='ocr_par' dir='ltr' id='par_1_110' title="bbox 3255 5753 3334 5816">
     <span class='ocr_line' id='line_1_110' title="bbox 3255 5753 3334 5816; baseline 0 0"><span class='ocrx_word' id='word_1_718' title='bbox 3255 5753 3334 5816; x_wconf 76' lang='grc'><strong>23</strong></span> 
     </span>
    </p>
   </div>
  </div>
