4030 6248
397 296 506 360 715

396 504 550 573 signa
577 508 703 556 sunt
731 499 797 554 ad
830 508 975 554 recte
1003 506 1225 566 tutoque
1253 496 1320 549 de
1351 496 1553 550 morbis
1590 493 1962 563 iudicandum.

396 593 620 651 Curatio
669 591 821 653 item,
846 604 912 643 ac
944 589 1204 661 praenotio
1250 588 1482 641 febrium
1524 596 1688 656 atque
1725 596 1963 658 sympto-

398 689 634 737 rnatum:
672 679 945 747 adjuuclis
970 687 1027 732 et
1059 676 1289 733 febrium
1338 675 1634 746 generibus
1670 691 1968 746 earumque

398 772 674 831 remediis.
735 772 807 825 De
849 770 1011 832 fame,
1061 769 1129 824 de
1165 769 1330 824 animi
1378 768 1681 825 defectione
1726 784 1792 824 ac
1839 784 1968 841 syn-

398 876 554 932 copa,
607 872 770 930 atque
799 859 867 914 de
899 858 1107 924 dolore,
1160 867 1214 913 et
1258 858 1495 930 singultu
1536 859 1667 929 agit.
1716 858 1852 914 Item
1898 859 1967 914 de

398 954 594 1008 canina
649 952 979 1022 appetentia,
1027 960 1084 1006 et
1130 959 1316 1006 contra
1364 952 1433 1008 de
1486 961 1763 1022 prostrato
1807 966 1971 1022 appe-

401 1045 521 1107 titu,
568 1052 626 1098 et
670 1042 952 1097 curatione
1014 1042 1291 1097 immensa:
1350 1042 1531 1098 famis.
1584 1042 1851 1099 Praeterea
1902 1044 1970 1099 de

398 1149 599 1190 nausea
628 1143 684 1189 et
710 1134 936 1200 vomitu,
963 1142 1017 1187 et
1047 1134 1113 1187 de
1139 1133 1428 1199 insomnia,
1448 1145 1685 1203 torpore,
1709 1136 1971 1206 colliqua-

398 1226 569 1291 tione,
601 1226 717 1289 siti,
758 1234 920 1294 atque
950 1224 1250 1280 exulcerati
1277 1226 1415 1280 ossis
1448 1228 1588 1281 sacri
1624 1227 1908 1284 medicina.

474 1316 716 1388 Septimo
748 1314 861 1387 (3i)
894 1330 1025 1371 vero
1081 1315 1222 1371 libro
1253 1315 1322 1371 de
1355 1315 1624 1374 ulceribus
1682 1318 1969 1382 universis,

398 1418 510 1467 tam
546 1424 665 1480 quae
684 1409 976 1480 simplicia,
1010 1423 1172 1479 quam
1202 1424 1322 1479 quae
1349 1424 1481 1463 cava
1532 1409 1786 1465 dicuntur
1814 1428 1828 1464 :
1862 1410 1969 1465 imo

396 1503 537 1559 etde
567 1503 632 1557 iis
660 1503 861 1572 quibus
905 1503 1160 1558 cicatrice
1188 1512 1273 1557 est
1324 1517 1482 1573 opus,
1522 1512 1685 1573 atque
1713 1504 1781 1559 de
1810 1518 1975 1559 carne

1562 288 1827 352 ΡΗΟΤῙΙ
1864 288 2370 350 ΡΑΤΒΙΑΗΟΗᾹΞ
2408 289 2517 350 CP.

470 404 629 478 115
644 404 673 460 ί»
690 404 745 460 In
762 412 977 462 sertum
993 402 1188 459 librum
1209 401 1324 475 (50)
1339 416 1402 458 ea
1422 412 1548 457 sunt
1575 402 1842 473 conjecta,
1861 415 1981 470 qua:
2004 401 2058 460 Α

2030 530 2033 533 ι
2079 488 2307 559 μείωσιν
2339 487 2559 557 ἀσφαλῆ
2599 488 2766 542 τείνει
2795 490 2888 543 xai
2920 490 3102 560 κρίσιν
3125 488 3313 562 ὀρθὴν,
3352 490 3644 562 θεραπεῖαί

3541 289 3645 353 716

2164 398 2254 450 Ἐν
2280 398 2338 450 δὲ
2365 396 2446 465 τῷ
2485 402 2538 461 ς’
2572 394 2924 451 συντέτακται
2960 395 3112 469 αὐτῷ
3147 396 3247 451 ὅσα
3275 414 3336 451 τε
3359 398 3406 430 ⁸⁸
3440 400 3521 462 είς
3554 417 3649 470 ση-

2070 602 2134 637 τε
2167 585 2264 637 καὶ
2297 582 2635 653 προγνώσεις
2660 584 2913 653 πυρετῶν
2956 585 3052 637 καὶ
3085 584 3532 655 συμπτωμάτων.
3567 585 3649 639 Τά

2067 695 2127 731 τε
2166 677 2280 748 εἴδη
2300 675 2409 729 τῶν
2432 674 2685 746 πυρετῶν
2718 675 2936 739 καὶτὰς
2972 675 3165 741 ἰάσεις,
3198 677 3326 745 περί
3355 692 3414 729 τε
3441 676 3647 747 λοιμῶν

2068 763 2424 834 λειποθυμίας
2440 779 2499 816 τε
2521 763 2615 815 καὶ
2640 763 2917 833 συγκοπῆς
2951 764 3045 815 καὶ
3072 762 3263 832 ὀδύνης
3311 764 3404 817 καὶ
3436 763 3645 833 λυγμοῦ

2069 852 2448 924 διαλαμϐάνει,
2479 850 2751 915 κυνώδους
2769 868 2830 904 τε
2858 851 3089 923 ὀρέξεως
3118 853 3213 906 καὶ
3236 838 3522 924 dvo-9556a;
3551 856 3645 907 καὶ

2073 943 2328 1015 βουλίμου
2356 942 2674 1016 θεραπείας,
2706 942 2824 1016 [561
2857 943 2950 1016 R.]
2972 944 3052 997 έτι
3072 944 3130 998 δὲ
3150 946 3281 1015 περὶ
3310 946 3532 1008 ναυτίας
3555 948 3648 999 καὶ

2070 1033 2282 1102 ἐμέτων
2331 1032 2640 1103 ἀγρυπνίας
2687 1049 2749 1085 τε
2786 1033 2882 1087 καὶ
2925 1035 3261 1103 καταφορᾶς,
3300 1034 3392 1087 καὶ¹
3444 1037 3644 1104 συντή-

2071 1126 2209 1192 ξεως
2261 1124 2356 1177 καὶ
2395 1125 2601 1194 δίψους,
2648 1126 2741 1179 καὶ
2795 1124 3122 1189 έλκωθέντος
3148 1124 3244 1179 τοῦ
3302 1124 3447 1196 ἱεροῦ
3484 1126 3645 1180 ὀστοῦ

2074 1219 2373 1292 θεραπείας
2390 1220 2458 1273 ⁸⁸.

2143 1312 2304 1366 Κατὰ
2337 1311 2395 1364 δὲ
2421 1310 2484 1363 τὸ
2516 1308 2562 1371 ζ’
2590 1310 2763 1364 ἑλκῶν
2799 1310 2897 1381 μὲν
2937 1309 3212 1375 ἁπάντων,
3262 1309 3371 1363 τῶν
3408 1327 3468 1364 τε
3496 1312 3648 1378 λεγο-

2077 1403 2254 1473 μένων
2310 1401 2499 1456 ἁπλῶν
2531 1402 2629 1455 καὶ
2661 1401 2771 1454 τῶν
2798 1402 3015 1466 κοίλων,
3050 1402 3146 1455 καί
3178 1418 3241 1469 γε
3291 1404 3386 1456 καὶ
3415 1403 3526 1456 τῶν
3555 1405 3646 1456 οὐ·

2077 1493 2176 1563 λῆς
2201 1493 2472 1563 δεομένων
2514 1493 2609 1545 καὶ
2638 1493 3130 1561 ὑπερσαρκούντων
3160 1494 3483 1552 ἐκδιδάσκει.
3511 1496 3649 1565 πρός

399 1598 802 1655 abundantibus
830 1600 943 1669 agit
972 1614 988 1654 :
1017 1599 1107 1654 ubi
1136 1606 1189 1654 et
1219 1599 1341 1670 igne
1381 1599 1647 1654 ambustis
1674 1599 1972 1654 remedium

2076 1602 2131 1638 τε
2170 1586 2240 1639 τὰ
2274 1584 2597 1655 πυρίκαυτα
2631 1585 2927 1655 θεραπείας
2950 1586 3184 1654 είσάγει,
3216 1586 3311 1639 καὶ
3345 1587 3473 1657 περὶ
3495 1588 3649 1653 ἐξαν-

398 1691 574 1746 aiI'ert.
609 1690 739 1745 Item
771 1691 839 1745 de
860 1690 1087 1760 papulis,
1115 1691 1181 1744 de
1213 1691 1452 1760 pruritu,
1481 1689 1549 1744 de
1579 1690 1829 1760 pustulis,
1852 1705 1974 1760 quae

2076 1677 2336 1747 θημάτων
2368 1676 2464 1730 καὶ
2497 1677 2756 1748 κνησμῶν
2786 1677 2878 1730 καὶ
2906 1677 3273 1747 φλυκταινῶν,
3299 1680 3648 1751 ἀναρρηγνυ-

395 1783 718 1853 phlyctaenae
755 1746 1039 1844 vocimiur,
1091 1789 1145 1837 et
1185 1746 1252 1836 de
1303 1746 1971 1851 ulceribus-diruptis.ac

2079 1746 2254 1839 μένων
2282 1785 2345 1822 τε
2374 1767 2551 1822 ἑλκῶν
2589 1746 2693 1822 καὶ
2744 1746 3063 1841 κακοήθων·
3095 1770 3232 1840 πρὸς
3276 1746 3551 1841 ἄνθρακάς
3585 1789 3647 1825 τε

399 1875 675 1946 malignis.
699 1875 779 1928 Ad
824 1872 1183 1929 carbunculos
1223 1886 1437 1943 quoque
1463 1881 1517 1928 et
1550 1886 1777 1933 cancros
1807 1888 1969 1928 cura-

403 1970 582 2021 tiones
622 1966 843 2021 ascribit
873 1983 888 2021 :
920 1965 1299 2021 convulsorum
1336 1965 1462 2020 item
1491 1979 1557 2020 ac
1580 1966 1890 2021 luxatorum
1916 1976 1971 2022 et

398 2072 718 2130 ruptorum:
753 2059 948 2129 quibus
981 2059 1046 2114 ad
1098 2057 1213 2113 haec
1268 2060 1431 2113 rebus
1482 2058 1685 2128 cuspis,
1741 2059 1972 2126 arundo,

399 2152 577 2222 spina,
607 2158 699 2205 aut
736 2152 897 2206 sudes
942 2150 1094 2205 carni
1151 2149 1315 2204 inﬁxa
1343 2149 1665 2208 evellantur.
1709 2150 1788 2206 De
1818 2152 1975 2207 redu-

402 2243 526 2306 viis,
580 2240 932 2297 articulorum
994 2240 1290 2304 ulceribus,
1350 2241 1632 2309 sanguinis
1670 2244 1969 2313 eruptione.

400 2333 478 2389 De
509 2334 693 2388 nervis
727 2333 1044 2397 vulneratis,
1072 2340 1127 2386 et
1160 2331 1658 2400 articulisiuxatis;
1689 2332 1975 2387 deiuﬂam-

400 2424 659 2486 matioue,
690 2433 745 2478 et
789 2422 856 2477 de
909 2419 1218 2488 affectione,
1274 2436 1393 2491 qua:
1450 2436 1519 2476 ex
1567 2422 1973 2479 defluxiouibus

403 2515 457 2569 iit
488 2532 504 2582 ;
536 2514 601 2569 de
625 2528 915 2584 gangrena,
946 2524 1002 2568 et
1066 2513 1427 2583 sphacelismo
1457 2531 1473 2580 ;
1505 2514 1573 2568 de
1624 2514 1974 2582 apostematis

400 2622 496 2661 seu
518 2605 860 2662 abscessibus
882 2613 936 2659 et
968 2604 1195 2673 fistulis;
1223 2606 1289 2661 de
1314 2606 1635 2676 erysipelate
1651 2616 1705 2661 et
1730 2607 1971 2676 berpete.

401 2697 533 2754 Item
583 2698 650 2753 de
682 2697 928 2762 sciri-bis,
959 2698 1264 2759 (edematis,
1300 2698 1617 2761 termintbo,
1649 2698 1969 2769 epinyctide.

404 2792 480 2846 Ite
508 2789 762 2845 dissectis
790 2788 1094 2858 Iigamentis
1123 2799 1177 2842 et
1209 2789 1421 2860 thymo,
1440 2788 1556 2843 ficis
1585 2800 1750 2858 atque
1782 2788 1976 2843 furun-

402 2882 560 2937 cuiis.
596 2880 673 2935 De
706 2880 952 2934 verrucis
1010 2888 1064 2933 ct
1096 2881 1427 2951 myrmeciis,
1478 2889 1641 2950 atque
1678 2880 1971 2936 similibus.

402 2973 485 3027 Ad
524 2971 760 3043 ganglia,
786 2984 906 3038 qua:
960 2969 1322 3040 appellantur,
1348 2971 1415 3024 ad
1452 2971 1760 3039 perniones,
1785 2986 1849 3026 ac
1877 2972 1972 3027 Iis-

403 3078 559 3117 suras
587 3062 700 3117 edit
729 3061 1119 3116 medicamenta
1149 3077 1165 3128 ;
1198 3070 1254 3117 et
1301 3061 1371 3116 ad
1412 3062 1654 3118 ulcerata
1701 3064 1970 3131 pudenda.

405 3152 481 3207 De
498 3152 650 3208 leuce
682 3160 962 3221 praeterea,
1006 3151 1189 3221 alpho,
1228 3150 1400 3218 lepra,
1429 3152 1631 3217 scabie,
1656 3153 1969 3224 impctigiue

408 3252 626 3307 tractat,
659 3251 714 3297 et
747 3243 814 3295 de
845 3240 1249 3297 inﬂationibus:
1278 3252 1443 3312 utque
1463 3242 1703 3299 tberiaca
1724 3259 1756 3300 e
1777 3245 1977 3315 viperis

408 3347 604 3400 magno
625 3331 699 3387 sit
728 3330 1120 3401 elephantiacis
1157 3330 1493 3402 adiumento.
1520 3331 1589 3387 Et
1611 3333 1727 3391 haec
1759 3335 1975 3406 quidem

405 3424 638 3496 septimo
669 3423 1023 3480 continentur
1046 3422 1205 3479 libro.

478 3596 790 3669 insequenti
814 3613 941 3654 vero
960 3598 1029 3654 de
1056 3598 1329 3655 memoria
1346 3598 1578 3669 jactura,
1598 3599 1857 3670 dequeiis
1885 3600 1978 3671 qui

410 3691 574 3744 nimia
606 3688 905 3759 vigilia,vel
940 3690 1090 3759 gravi
1119 3690 1479 3747 somnolentis
1507 3702 1848 3763 torquentur,
1870 3695 1982 3763 agit

410 3780 695 3841 Oribasius
719 3780 831 3852 (32)
864 3797 879 3833 :
923 3790 1036 3835 tum
1073 3782 1201 3851 quid
1239 3782 1505 3851 epliialtes
1538 3784 1631 3850 sit,
1655 3786 1981 3854 morbusque

410 3869 721 3933 comitialis,
740 3879 795 3924 et
827 3871 1055 3940 vertigo,
1086 3871 1390 3940 ap0plexia,
1422 3882 1543 3927 atra
1572 3873 1718 3939 bilis,
1746 3874 1979 3939 insania,

412 3961 703 4015 vehemens
732 3976 906 4026 amor,
930 3975 993 4014 ac
1026 3960 1398 4032 lycantbropia
1426 3980 1441 4018 :
1476 3964 1779 4034 horumque
1808 3978 1983 4020 reme-

411 4052 519 4105 diu.
542 4050 617 4104 De
646 4051 855 4106 cerebri
870 4052 937 4107 ad
954 4052 1069 4108 haec
1095 4054 1572 4119 niorbis,etrabidi
1600 4056 1754 4112 canis
1775 4070 1979 4110 morsu.

412 4143 489 4198 De
527 4143 786 4215 paralysi,
834 4159 928 4200 seu
973 4160 1262 4201 nervorum
1319 4145 1669 4213 resolutione,
1699 4156 1754 4202 et
1781 4147 1977 4217 rigore,

413 4235 505 4304 qui
531 4235 767 4290 calelieri
820 4247 1075 4305 nequeat.
1125 4236 1201 4291 De
1230 4236 1673 4293 convulsionibus
1697 4253 1762 4293 ac
1793 4239 1983 4293 distin-

411 4328 611 4389 ctione,
649 4326 823 4396 deque
860 4327 1052 4397 capitis
1086 4327 1384 4384 doloribus.
1427 4330 1508 4383 Ad
1564 4344 1851 4396 puerorum
1902 4331 1981 4383 iu-

2076 1860 2171 1914 xai
2219 1859 2514 1931 καρκίνους
2552 1860 2724 1926 ἰάσεις
2770 1861 3100 1931 ἀναγράφει,
3149 1860 3419 1930 σπασμῶν
3458 1878 3516 1914 τε
3552 1863 3647 1915 καὶ

2078 1954 2441 2022 στρεμμάτων
2468 1952 2563 2005 καὶ
2583 1951 2907 2022 θλασμάτων
2924 1967 2941 1985 ο
2958 1951 3093 2015 οἵοις
3113 1968 3171 2004 τε
3193 1952 3259 2006 ἂν
3275 1953 3399 2016 dxi;
3423 1952 3456 2023 ἢ
3478 1952 3648 2006 κάλα-

2080 2044 2240 2115 μοςῆ
2280 2043 2489 2097 ἄκανθα
2520 2043 2555 2115 ἢ
2601 2043 2801 2114 σκόλοψ
2844 2043 3162 2115 ἐμπαγέντα
3201 2047 3363 2115 σαρκὶ
3394 2046 3645 2099 ἀποσπα-

2079 2134 2249 2206 σθείη·
2276 2136 2404 2208 περί
2430 2152 2489 2189 τε
2512 2137 2868 2207 παρωνυχιῶν
2894 2137 2990 2191 καὶ
3006 2138 3113 2191 τῶν
3136 2137 3194 2189 ἐν
3213 2137 3435 2209 ἄρθροις
3453 2138 3645 2203 ἑλκῶν,

2077 2228 2442 2299 αίμορῤαγίας
2466 2227 2525 2281 τε
2551 2230 2646 2283 καὶ
2686 2229 3089 2300 νευροτρώτων,
3139 2230 3233 2283 καὶ
3264 2246 3329 2283 πε
3337 2230 3392 2301 pi
3419 2230 3651 2300 κεχαλα-

2080 2317 2293 2388 σμένων
2321 2317 2561 2389 ἄρθρων⁹
2590 2318 2716 2388 περί
2748 2336 2807 2373 τε
2839 2319 3150 2391 φλεγμονῆς
3186 2320 3277 2373 καὶ
3310 2320 3651 2391 ρευματικῆς

2077 2408 2394 2476 διαθέσεως,
2429 2410 2556 2479 περί
2601 2426 2660 2463 τε
2711 2412 3056 2481 γαγγραίνης
3109 2412 3204 2465 καὶ
3254 2411 3652 2482 σφακελισμοῦ,

2078 2502 2173 2556 καὶ
2204 2503 2334 2575 περὶ
2362 2504 2769 2573 ἀποστημάτων
2797 2506 2892 2557 καὶ
2934 2506 3232 2575 συρίγγων,
3263 2504 3650 2575 ὲρυσιπέλατός

2076 2609 2139 2645 τε
2171 2593 2267 2646 καὶ
2309 2592 2571 2663 ἓρπητος,
2605 2590 2703 2645 καὶ
2759 2590 2892 2661 περὶ
2922 2592 3167 2661 σκίρρων
3188 2592 3232 2623 ⁸⁷
3279 2592 3375 2645 καὶ
3424 2592 3649 2662 οἰδημά-

2076 2700 2206 2748 των,
2240 2681 2533 2755 τερμίνθου
2566 2698 2627 2735 τε
2654 2682 2749 2736 καὶ
2783 2682 3142 2749 ὲπινυκτίδος,
3170 2683 3296 2755 περί
3332 2700 3392 2737 τε
3416 2684 3651 2754 διατμηο

2079 2770 2279 2826 θέντων
2312 2770 2646 2840 συνδέσμων,
2676 2769 2773 2824 καὶ
2803 2770 2976 2841 θύμου
3009 2772 3103 2825 καὶ
3138 2772 3319 2825 συκῶν
3351 2773 3444 2825 καὶ
3468 2771 3649 2842 δοθιή-

2079 2883 2209 2930 νων,
2246 2863 2653 2934 άκροχορδόνων
2694 2880 2754 2917 τε
2783 2864 2881 2917 καὶ
2921 2863 3252 2934 μυρμηκιῶν
3285 2864 3381 2916 καὶ
3407 2863 3516 2916 τῶν
3554 2880 3652 2917 συ-

2081 2957 2330 3027 στοίχων.
2388 2955 2533 3026 Πρός
2567 2971 2628 3008 τε
2661 2953 2731 3008 τὰ
2782 2953 3051 3025 λεγόμενα
3096 2954 3331 3023 γαγγλία
3383 2955 3478 3008 καὶ
3537 2958 3647 3024 χεί-

2082 3049 2253 3121 μεθλα
2273 3049 2318 3081 ⁸⁸
2345 3048 2440 3103 καὶ
2478 3048 2716 3120 ῥαγάδας
2739 3047 3014 3102 ἐκτίθεται
3055 3048 3248 3113 ἰάσεις,
3274 3049 3371 3103 καὶ
3403 3048 3542 3119 πρὸς
3568 3050 3637 3101 τὰ

2080 3143 2372 3213 ἡλκωμένα
2399 3141 2508 3195 τῶν
2548 3142 2782 3196 αἰδοίων.
2824 3142 2960 3212 Περί
2984 3158 3043 3194 τε
3076 3139 3275 3211 λεύκης
3330 3140 3424 3194 καὶ
3459 3122 3647 3209 ἀλφῶν

2076 3236 2173 3291 καὶ
2192 3236 2402 3307 λέπρας
2432 3235 2530 3290 καὶ
2559 3234 2749 3306 ψώρας
2790 3233 2886 3287 καὶ
2927 3232 3187 3304 λειχήνων
3203 3230 3649 3301 σ’νδιαλαμσάνει,

2075 3329 2321 3397 καὶπερὶ
2355 3326 2784 3397 ὲμφυσημάτων,
2812 3323 2906 3378 καὶ
2938 3324 3014 3388 ὡς
3049 3324 3083 3395 ἡ
3118 3324 3227 3378 τῶν
3257 3323 3481 3392 ἐχιδνῶν
3515 3322 3648 3375 ὲδω-

2076 3418 2141 3488 δὴ
2162 3418 2382 3489 ἄριστον
2410 3418 2660 3490 βοήθημα
2678 3420 2790 3482 τοῖς
2805 3416 3183 3488 ὲλεφαντιῶσι.
3204 3414 3393 3470 Ταῦτα
3426 3415 3525 3486 μὲν
3557 3416 3651 3469 καὶ

2077 3509 2219 3563 κατὰ
2243 3510 2300 3564 τὸ
2332 3510 2577 3580 ἕϐδομον.

2149 3602 2306 3656 Κατὰ
2338 3601 2395 3654 δὲ
2424 3601 2485 3655 τὸ
2523 3608 2573 3673 η’
2611 3602 2741 3673 περὶ
2772 3600 2873 3671 τῆς
2921 3599 3063 3654 κατὰ
3110 3599 3211 3671 τὴν
3277 3600 3502 3671 μνήμην
3546 3599 3651 3654 άπ-

2078 3692 2274 3756 ωλείας
2308 3693 2399 3746 καλ¹
2433 3692 2541 3745 τῶν
2560 3692 2732 3756 ἄλλως
2756 3690 3236 3762 ἀγρυπνητικῶνῆ
3268 3690 3650 3760 καταφορικῶν

2079 3782 2459 3852 διαλαμϐάνει,
2501 3784 2586 3847 τίς
2620 3800 2680 3838 τε
2706 3784 2735 3836 ὁ
2764 3783 3025 3853 ὲφιάλτης
3074 3782 3170 3836 καὶ
3199 3784 3232 3852 ὴ
3256 3780 3528 3852 ,ὲπιληψία
3554 3783 3650 3834 καὶ

2080 3875 2141 3928 τὸ
2175 3874 2303 3946 [289
2331 3874 2425 3946 Η.”Ι
2452 3876 2859 3946 σκοτωματικὸν
2899 3875 3093 3938 πάθος,
3126 3874 3441 3945 ἀποπληξία
3473 3890 3531 3926 τε
3555 3875 3649 3926 καὶ

2083 3966 2415 4038 μελαγχολία
2446 3968 2540 4021 καὶ
2564 3968 2733 4037 μανία
2757 3968 2852 4021 καὶ
2878 3968 3019 4038 ἔρως
3051 3966 3196 4033 ὀξὺς,
3216 3968 3309 4020 καὶ
3336 3966 3419 4031 τίς
3446 3968 3478 4036 ὴ
3512 3966 3646 4018 λυκ-

2080 4058 2382 4130 ανθρωπία,
2434 4060 2529 4113 καὶ
2571 4058 2779 4114 τούτων
2829 4058 3183 4130 ἰάσειςσπερί
3234 4075 3295 4112 τε
3343 4057 3455 4112 τῶν
3506 4057 3647 4111 κατά

2080 4142 2171 4197 τὸν
2204 4144 2509 4213 ἐγκέφαλον
2553 4145 2765 4212 παθῶν,
2810 4147 2906 4200 καὶ
2946 4148 3075 4216 περὶ
3120 4146 3517 4217 λυσσοδήκτων,
3554 4147 3650 4200 καὶ

2084 4235 2214 4305 περὶ
2249 4235 2607 4306 παραλύσεως
2657 4238 2751 4290 καὶ
2802 4238 3245 4309 ἀνεκθερμάντου
3287 4239 3492 4310 ῥίγους,
3522 4237 3648 4308 περί

2081 4343 2143 4380 τε
2195 4328 2461 4397 σπασμῶν
2514 4328 2612 4382 καὶ
2652 4330 2896 4395 τετάνου,
2922 4330 3018 4385 καὶ
3072 4330 3339 4401 περὶτῶν
3373 4330 3515 4385 κατὰ
3548 4331 3648 4399 τὴν

412 4432 574 4485 super
601 4418 933 4483 adustiones,
953 4419 1020 4471 ad
1046 4417 1249 4473 foedum
1273 4419 1482 4472 narium
1513 4419 1754 4487 odorem,
1773 4420 1976 4491 176a

2085 4414 2329 4487 κεφαλὴν
2381 4415 2592 4469 παθῶν.
2628 4417 2773 4488 Πρός
2814 4434 2874 4470 τε
2925 4418 2994 4471 τὰ
3050 4418 3404 4489 σειριῶντα¹⁰
3436 4416 3644 4481 παιδία,

412 4509 479 4561 ad
510 4506 910 4577 suggillationes
938 4506 1040 4561 sub
1063 4507 1272 4571 oculos,
1306 4516 1360 4562 et
1381 4509 1448 4562 ad
1469 4508 1870 4579 eccbymomata
1896 4511 1979 4563 iu-

413 4610 654 4655 veterata
683 4598 823 4669 (55).
845 4597 977 4654 Item
1008 4598 1073 4653 de
1106 4599 1377 4653 labiorum
1442 4600 1676 4655 fissione.
1708 4600 1788 4654 Ad
1815 4601 1981 4671 ephe-

416 4690 575 4743 Iidem
610 4702 825 4758 quoque
859 4704 923 4744 ac
954 4688 1111 4743 faciei
1145 4702 1349 4753 naevos,
1381 4688 1768 4759 oculorumque
1795 4693 1979 4760 nigras

415 4782 677 4847 maculas,
712 4790 768 4835 et
814 4795 992 4844 varos,
1052 4794 1116 4835 ac
1182 4780 1374 4835 licosas
1420 4781 1589 4835 menti
1638 4781 1979 4836 eminentias.

415 4873 492 4926 De
519 4872 665 4926 foedo
698 4873 903 4927 alarum
930 4873 1098 4926 odore
1124 4888 1139 4925 :
1174 4872 1240 4926 de
1271 4872 1441 4928 variis
1469 4871 1748 4926 oculorum
1771 4872 1983 4927 dolori-

415 4964 537 5023 bus,
562 4961 629 5015 de
662 4959 955 5029 pediculari
986 4960 1195 5024 morbo,
1232 4961 1300 5015 de
1354 4960 1564 5015 narium
1600 4963 1978 5018 obstructione

411 5060 468 5106 et
495 5054 560 5107 de
588 5049 954 5120 strangulatis.
983 5051 1159 5119 Atque
1189 5050 1277 5105 bic
1302 5061 1528 5107 octavus
1554 5051 1691 5107 liber
1723 5060 1828 5107 est.

2084 4507 2220 4576 πρός
2251 4524 2311 4559 τε
2341 4506 2607 4570 δυσωδίας
2634 4508 2801 4579 ῥινὸς,
2825 4510 2918 4562 καὶ
2954 4509 3090 4580 πρὸς
3119 4509 3363 4574 ὑπώπια,
3397 4510 3491 4563 καὶ
3516 4508 3649 4579 πρὸς

2079 4596 2451 4669 ἐκχυμώματα
2471 4599 2517 4631 ’ί
2547 4600 2961 4671 κεχρονισμένα.
3015 4601 3151 4672 Περί
3193 4618 3252 4655 τε
3298 4600 3521 4671 χειλέων
3554 4604 3650 4672 ῥα-

2079 4689 2262 4757 γάδος,
2288 4694 2381 4744 καὶ
2411 4690 2547 4760 πρὸς
2568 4691 2789 4762 ἐφήλεις
2817 4694 2910 4746 καὶ
2939 4693 3160 4757 σπίλους
3181 4694 3276 4748 καὶ
3306 4695 3513 4763 φακοὺς
3557 4695 3649 4748 καὶ

2084 4781 2293 4845 ίόνθους
2339 4782 2436 4836 καὶ
2471 4783 2571 4845 τὰς
2600 4785 2658 4836 ὲν
2707 4783 2785 4854 τῷ
2813 4785 3007 4856 γενείῳ
3042 4785 3305 4851 συκώδεις
3350 4787 3651 4841 ἐπαναστά-

2085 4889 2231 4937 σεις·
2260 4873 2389 4955 περί
2438 4891 2500 4926 τε
2529 4875 2825 4945 μασχαλῶν
2851 4876 3138 4945 δυσωδίας,
3170 4878 3267 4932 καὶ
3296 4881 3425 4950 περὶ
3452 4878 3562 4933 τῶν
3593 4883 3650 4933 ἐν

2087 4967 2201 5028 τοῖς
2248 4965 2551 5037 ὀφθαλμοῖς
2603 4966 2816 5034 παθῶν,
2854 4971 2985 5040 περί
3043 4986 3102 5039 τε
3156 4971 3521 5044 φθειριάσεως
3555 4975 3649 5025 καὶ

2086 5056 2414 5128 ἐμφράξεως
2466 5059 2821 5132 μυξωτήρων,
2862 5064 2955 5116 καὶ
2997 5064 3126 5135 περὶ
3167 5066 3278 5119 τῶν
3326 5067 3645 5137 ἀπαγχομέ-

2093 5164 2219 5201 νων.
2259 5148 2347 5202 ’Ev
2370 5149 2579 5214 τούτοις
2606 5150 2709 5223 μὲν
2735 5155 2827 5207 καὶ
2849 5156 2879 5207 ὁ
2909 5154 2959 5226 η’
2982 5156 3159 5225 λόγος.

1682 5277 1917 5336 VARIE
1959 5280 2359 5342 LECTIONES.

412 5455 459 5488 τ.
485 5388 759 5488 112.3399.-
789 5389 856 5488 ιὶο
931 5390 979 5488 εξ
1007 5388 1403 5488 messis?
1430 5392 1940 5488 ξῖξεεειῖτξεξες,
1980 5398 2337 5488 Terraene:
2368 5471 2381 5488 .
2412 5400 2459 5484 ‘f
2478 5402 2725 5471 κήμεθλα
2745 5402 2790 5457 Α
2814 5420 2829 5457 =
2855 5402 3090 5473 κέμεθλα
3118 5420 3181 5468 ςσ
3260 5406 3304 5439 ’³
3323 5404 3556 5477 λικήνων
3582 5406 3627 5462 Α

484 5460 761 5528 σηριῶντα
794 5460 859 5515 Α.
931 5460 976 5490 ⁷¹
1008 5460 1387 5530 ἐκχυμώματα
1446 5460 1897 5535 Rutbdmageiisis
1927 5483 1940 5519 :
1986 5466 2107 5522 libri
2143 5460 2338 5538 'scripli
2365 5460 2633 5542 ἐχύμάτα.

1922 5557 2148 5615 NOTAE.

510 5638 598 5711 §(_i)
631 5638 882 5711 Qontinet
910 5657 1061 5711 nunc
1099 5643 1273 5711 capita
1315 5644 1406 5699 47.

550 5707 600 5776 1)
632 5707 745 5763 Uno
781 5720 836 5763 et
859 5710 928 5763 50
951 5707 1237 5781 capitibus.

2148 5649 2263 5722 (52)
2294 5652 2570 5722 Capitibus
2593 5655 2681 5709 57.

2161 5720 2273 5792 (33)
2311 5720 2513 5778 Vitiosi:
2544 5725 2645 5794 legi
2680 5724 2764 5780 hic
2792 5724 3037 5795 ἐκύματα
3086 5727 3281 5783 docent
3329 5728 3449 5783 libri
3492 5728 3640 5782 editi.
