4030 6248
366 285 477 355 717

1459 282 1986 346 BIBLIOTHECA.
2012 307 2081 318 —-
2118 284 2282 347 COD.
2312 285 2559 347 CCXIX.

3512 296 3617 364 718

447 404 507 457 Ὀ
556 401 613 457 δὲ
663 399 904 473 θάύτῷ.
934 400 1036 455 ὅσα
1091 397 1238 471 πάθη
1297 398 1424 471 περί
1470 417 1531 452 τε
1589 398 1817 471 θώρακα
1849 396 1933 452 καλ

2120 398 2304 454 Nonus
2371 406 2553 456 autem
2585 405 2640 455 et
2666 397 2913 466 ultimus,
2947 399 3086 474 (54),
3137 400 3618 465 illudmorborum

369 495 655 564 σπλάγχνα
706 493 1022 547 συνίσταται
1076 492 1172 545 καὶ
1197 490 1303 553 ἕως
1357 490 1574 544 αἰδοίων
1604 490 1803 561 διήκει,
1829 490 1946 543 δια-

368 582 659 653 λαμϐάνει,
690 582 760 636 τά
792 599 850 635 τε
875 582 1162 649 γυναικεῖα
1187 579 1479 649 καταλέγει
1503 579 1673 651 πάθη,
1700 580 1946 648 καὶπερὶ

370 676 646 746 ποδάγρας
692 676 787 729 καὶ
842 672 1149 744 ἀρθρίτιδος
1204 673 1299 726 καὶ
1349 672 1588 744 ίσχιάδος
1636 671 1941 744 θεραπείας

367 766 692 836 ἀναγράφει.
724 764 960 836 Τοιαύτη
990 766 1084 819 καὶ
1110 766 1145 837 ἡ
1164 765 1322 835 τρίτη
1356 764 1433 836 τῷ
1476 763 1796 835 Ὀρειϐασίῳ
1819 781 1942 816 συν-

366 856 679 929 τεταγμένη
715 856 1089 927 πραγματεία.

1109 1036 1257 1088 ΣΙΘ’.

570 1127 683 1183 Τοῦ
721 1125 911 1183 αὐτοῦ
938 1126 1087 1196 πρὸς
1122 1125 1428 1181 Εὑνὰπιον
1450 1128 1620 1196 λόγοι
1656 1128 1725 1182 δ’.

442 1218 506 1273 Ἥ
536 1219 595 1273 δὲ
626 1219 866 1292 τετάρτη
898 1218 1239 1288 Συντομίαν
1267 1219 1366 1289 μὲν
1390 1219 1486 1272 καὶ
1513 1218 1653 1291 αὑτὴ
1681 1218 1932 1290 βούλεται

338 1300 510 1382 ἀύτῷ
535 1310 647 1380 τῆς
675 1311 916 1381 τέχνης,
948 1310 1005 1363 ἐν
1026 1310 1068 1364 δ’
1095 1309 1153 1365 δὲ
1178 1309 1543 1379 ἀπαρτίζεται
1582 1311 1762 1381 λόγοις
1791 1352 1808 1379 ,
1844 1312 1940 1366 καὶ

358 1402 452 1455 τὺν
480 1403 753 1455 Εύνάπιον
796 1401 1111 1466 ὑποϐάλλει,
1153 1402 1214 1455 ὃν
1262 1402 1358 1456 καὶ
1385 1401 1715 1473 λογιώτατον
1752 1404 1934 1475 ὑμνεῖ,

358 1497 538 1550 αἴτιον
567 1495 718 1567 αύτῷ
746 1495 842 1551 τοῦ
876 1496 1253 1568 συντάγματος
1294 1499 1681 1570 γεγενημένον.
1721 1500 1804 1553 Τὰ
1845 1501 1937 1554 εύ-

357 1590 597 1660 πόριστα
650 1589 708 1642 δὲ
760 1587 910 1660 αύτῷ
946 1588 1054 1642 τῶν
1091 1590 1337 1661 ἰαμάτων
1393 1591 1674 1646 κάνταῦθα
1710 1590 1936 1663 γνώμην

2048 506 2220 560 genus
2254 491 2656 562 complectitur,
2675 494 2820 563 quod
2848 493 2995 550 circa
3028 495 3302 552 thoracem
3327 512 3391 554 ac
3408 499 3618 556 viscera

2047 583 2321 655 consistit,
2352 592 2407 636 et
2434 584 2501 637 ad
2527 583 2763 639 verenda
2791 599 2962 654 usque
3009 588 3289 659 pertingit.
3328 588 3619 647 Muliebres

2043 675 2207 728 etiam
2241 674 2461 728 morbos
2522 683 2788 739 recenset,
2827 677 3087 733 adversus
3135 681 3454 751 podagram,
3484 682 3618 736 arti-

2043 765 2282 818 cularem
2320 763 2588 827 morbum,
2611 772 2667 817 et
2690 763 2982 820 iscltiadem
3013 768 3245 823 remedia
3289 772 3614 839 praescribit.

2043 856 2196 920 Quod
2221 854 2440 924 quidem
2466 856 2685 911 tertium
2716 866 2800 912 est
2827 860 2895 912 ab
2928 858 3182 915 Oribasio
3225 862 3488 932 scriptum
3548 865 3618 919 de

2042 960 2102 998 re
2130 945 2335 1000 medica
2361 959 2520 1013 opus.

2754 1035 2981 1092 CCXIX.

2345 1126 2596 1197 Ejusdem
2621 1129 2692 1182 ad
2717 1127 3017 1196 Eunapium
3038 1131 3161 1186 libri
3191 1147 3266 1188 tv.

2109 1214 2372 1283 Quartum
2408 1216 2536 1271 item
2588 1230 2726 1286 opus
2755 1216 3002 1284 ejusdem
3025 1234 3145 1275 esse
3173 1220 3322 1276 Artis
3356 1220 3617 1292 Compen—

2039 1306 2504 1373 dium,0ribasius
2528 1309 2664 1373 vult,
2683 1319 2916 1378 quatuor
2944 1310 3076 1367 illud
3108 1313 3262 1369 libris
3291 1315 3604 1372 absolvens.

2036 1400 2200 1469 Cujus
2231 1400 2453 1471 quidem
2474 1401 2829 1468 componendi
2853 1399 3155 1473 Eunapium
3187 1405 3374 1475 (quem
3407 1416 3463 1462 et
3496 1408 3613 1463 elo-

2036 1493 2456 1561 quentissimum
2487 1493 2768 1565 praedicat)
2793 1503 3075 1550 auctorem
3112 1496 3216 1552 sibi
3247 1497 3417 1555 fuisse
3449 1515 3610 1555 cont-

2036 1595 2330 1642 memorat.
2383 1585 2645 1642 Remedia
2711 1601 2866 1654 vero,
2923 1602 3045 1659 quae
3099 1588 3263 1645 facile
3328 1602 3612 1660 parantur,

356 1682 690 1748 συναγαγεῖν
735 1680 968 1749 είσάγει,
997 1672 1074 1734 ὧν
1122 1681 1219 1736 καὶ
1244 1681 1344 1753 τὴν
1386 1683 1737 1738 διδασκαλίαν
1784 1685 1932 1754 τρισὶ

2038 1680 2255 1735 tradere
2284 1680 2387 1735 sibi
2429 1680 2765 1751 propositum
2811 1681 2888 1736 ait
2918 1697 2932 1736 :
2960 1696 3124 1755 quam
3169 1683 3335 1738 etiam
3401 1685 3611 1741 doctri-

351 1742 629 1841 διέρχεται
658 1742 904 1841 τρόποις,
935 1742 1017 1823 ένὶ
1049 1771 1149 1843 μὲν
1171 1772 1270 1836 τάς
1298 1742 1358 1825 τε
1391 1772 1624 1826 καθόλου
1669 1742 1929 1843 δυνάμεις

2038 1788 2162 1826 nam
2189 1772 2385 1843 triplici
2416 1773 2528 1830 fere
2556 1773 2714 1828 modo
2738 1772 2979 1829 conﬁcit.
3031 1774 3275 1830 Primum
3306 1777 3450 1830 enim
3480 1778 3612 1831 sim-

352 1865 450 1918 καὶ
499 1863 597 1928 τὰς
655 1863 750 1917 ἐπὶ
810 1863 1011 1935 μέρους
1057 1865 1287 1935 χρήσεις
1334 1865 1565 1919 ἑκάστου
1601 1866 1711 1920 τῶν
1744 1865 1933 1920 ἁπλῶν

351 1954 550 2014 ἐπιὼν.
575 1954 705 2028 [564
739 1954 836 2028 8.]
863 1955 1107 2028 δευτέρῳ
1133 1956 1191 2010 δὲ
1223 1956 1433 2021 πάθους
1481 1957 1712 2012 ἑκάστου
1754 1957 1824 2012 τὰ
1850 1959 1933 2013 ίά-

353 2065 504 2119 ματα
542 2047 884 2102 συντάττων·
948 2049 1034 2119 ἐφ’
1068 2044 1151 2111 οἷς
1198 2049 1299 2119 τήν
1350 2065 1411 2102 τε
1468 2048 1804 2119 κατανόησιν
1836 2050 1931 2105 τοῦ

351 2138 686 2203 πεπονθότος
714 2138 906 2210 μορίου
946 2138 1042 2193 καὶ
1066 2138 1166 2211 τὴν
1194 2139 1451 2211 διήγησιν
1475 2141 1537 2205 ἐξ
1563 2133 1638 2195 ὧν
1668 2140 1737 2195 ἂν
1766 2142 1931 2214 θερα-

350 2231 611 2301 πευθείη.
653 2232 936 2304 Τετάρτην
992 2231 1051 2286 δὲ
1080 2232 1340 2287 ὑπόθεσιν
1377 2232 1840 2305 μεταχειρίζεται,
1866 2234 1934 2306 ἢν

346 2324 443 2377 καὶ
478 2322 589 2376 τῶν
622 2323 932 2393 εἰρημένων
964 2323 1282 2394 προτάττει,
1320 2322 1415 2378 τοῦ
1446 2325 1687 2393 ὑγιεινοῦ
1739 2325 1935 2395 τυγχά-

347 2431 548 2469 νουσαν
599 2415 819 2486 μέρους.
863 2415 977 2468 Καὶ
1029 2413 1261 2485 ἄρχεται
1303 2415 1360 2469 δὲ
1411 2417 1608 2470 αὐτίκα
1641 2416 1699 2483 ἐξ
1730 2411 1807 2470 ὧν
1839 2417 1934 2470 καὶ

344 2509 379 2577 ἡ
413 2505 607 2576 φύσις,
636 2506 764 2577 περὶ
793 2505 1008 2559 παιδίου
1050 2504 1194 2574 λέγω
1223 2509 1453 2577 τροφῆς.

408 2596 573 2650 Ἔστι
602 2596 701 2667 μὲν
715 2592 858 2665 οὖνὴ
886 2596 1024 2667 πρὸς
1046 2596 1319 2649 Εὐνάπιον
1346 2596 1498 2667 αὐτῷ
1524 2596 1932 2668 συντεταγμένη

349 2686 560 2757 σπουδὴ
578 2686 766 2758 σχεδὸν
791 2689 826 2757 ὴ
863 2687 1002 2758 αὑτὴ
1015 2689 1082 2758 τῇ
1106 2685 1471 2759 γεγραμμένῃ
1499 2688 1633 2757 πρὸς
1656 2687 1748 2741 τὸν
1779 2686 1895 2740 υἱόν
1916 2703 1933 2719 ο

348 2780 467 2833 Τῶν
488 2796 553 2832 τε
574 2780 681 2851 γὰρ
698 2779 1200 2853 χειρουργουμὲνων
1228 2779 1479 2849 οὐδετέρα
1499 2779 1656 2850 λόγον
1683 2780 1816 2850 ἔχει,
1831 2782 1935 2834 κάν

346 2872 457 2934 τοῖς
473 2869 661 2934 ἄλλοις
687 2871 745 2924 δὲ
760 2872 1118 2944 συμφέρεται,
1146 2871 1287 2941 πλὴν
1308 2872 1406 2925 ὅσα
1434 2870 1533 2942 τὴν
1569 2870 1721 2936 τάξιν
1746 2872 1808 2926 οὐ
1835 2873 1934 2944 τὴν

350 2964 471 3034 ἴσην
506 2964 608 3017 καὶ
646 2961 841 3034 ὁμοίαν
878 2961 1157 3027 διασώζει.
1204 2960 1326 3015 Ἐπ’
1355 2960 1519 3025 ἐνίοις
1548 2961 1605 3014 δὲ
1637 2962 1834 3032 μικρόν
1870 2977 1930 3015 τι

2033 1861 2255 1931 plicium
2308 1859 2594 1918 facultates
2638 1863 2912 1929 universe,
2947 1873 3001 1919 et
3065 1865 3381 1936 singulatim
3451 1883 3607 1921 usum

2034 1952 2299 2022 cujusque
2326 1961 2598 2009 recenset.
2639 1952 2846 2010 Deinde
2875 1954 3050 2011 morbi
3074 1956 3341 2026 cujusque
3363 1964 3601 2014 curatio-

2033 2056 2156 2095 nem
2175 2045 2352 2096 docet.
2367 2040 2554 2098 Tertio
2571 2052 2768 2114 praeter
2797 2045 2968 2113 partis
2990 2043 3194 2102 all'ectze
3219 2049 3607 2118 cognitionem,

2032 2132 2199 2188 etiam
2234 2132 2542 2189 medicandi
2573 2134 2841 2190 rationem
2904 2138 3148 2206 exponit.
3206 2138 3415 2206 Quarto
3455 2143 3611 2200 deni-

2033 2237 2140 2292 que
2178 2221 2299 2277 loco
2327 2222 2458 2278 illud
2494 2232 2875 2289 argumentum
2928 2234 3149 2291 tractat,
3177 2231 3320 2297 quod
3352 2232 3419 2285 ad
3462 2234 3611 2287 sani-

2036 2322 2201 2369 tatem
2226 2316 2523 2368 curandam
2554 2323 2795 2384 spectat:
2830 2318 2972 2385 quod
3002 2328 3057 2371 et
3085 2320 3299 2376 caeteris
3319 2321 3429 2391 jam
3467 2338 3604 2378 eitu-

2035 2406 2258 2461 meratis
2288 2405 2593 2477 praemittit.
2626 2406 2750 2462 Mox
2777 2424 2908 2477 ergo
2939 2424 3064 2464 cum
3097 2421 3289 2473 natura
3320 2416 3389 2469 ab
3424 2415 3608 2471 infan—

2038 2498 2106 2551 tis
2132 2499 2455 2553 educatione
2504 2499 2835 2567 auspicatur.

2106 2587 2375 2642 Caeterum
2409 2587 2501 2642 hic
2560 2588 2628 2643 ad
2670 2588 2976 2659 Eunapium
3005 2591 3158 2647 labor
3187 2594 3331 2649 idem
3390 2596 3503 2653 fere
3540 2613 3609 2655 ac

2035 2678 2286 2748 geminus
2312 2688 2542 2735 estcum
2582 2695 2649 2735 eo
2689 2695 2873 2750 opere,
2901 2684 3044 2751 quod
3072 2685 3139 2737 ad
3172 2686 3339 2740 lilium
3366 2689 3602 2759 scripsit.

2034 2768 2299 2824 Neutrum
2329 2769 2473 2824 enim
2518 2770 2810 2841 chirurgia:
2842 2773 3111 2828 rationem
3141 2776 3289 2831 ducit
3323 2792 3341 2844 ;
3390 2789 3447 2832 et
3479 2794 3603 2835 verc

2037 2860 2091 2916 in
2117 2861 2332 2915 caeteris
2379 2874 2601 2931 quoque
2658 2863 3004 2933 conspirant,
3040 2866 3144 2920 nisi
3183 2871 3327 2937 quod
3360 2870 3603 2926 ordinem

2037 2953 2218 3022 aliqua
2243 2954 2492 3009 eumdem
2524 2953 2611 3009 vel
2638 2953 2872 3009 similem
2898 2972 3005 3011 non
3027 2970 3273 3014 servant.
3308 2959 3365 3015 in
3383 2962 3608 3033 quibus-

346 3057 441 3109 καὶ
464 3057 638 3129 ἑτέρα
670 3056 771 3125 τῆς
808 3056 1006 3127 ἑτέρας
1036 3054 1368 3120 πλεονεκτεῖ,
1404 3053 1594 3124 ὥσπερ
1622 3056 1682 3108 ὲν
1714 3054 1929 3117 πολλοῖς

2036 3045 2158 3100 dam
2222 3044 2350 3100 item
2404 3044 2637 3101 alterum
2666 3045 2840 3102 altero
2887 3048 3134 3104 nonnihil
3165 3061 3405 3121 praestat,
3459 3055 3604 3108 utin

344 3148 451 3205 τῶν
476 3148 629 3203 κατὰ
655 3149 783 3212 τοὺς
811 3148 1014 3213 τόπους
1044 3147 1236 3202 παθῶν
1266 3148 1299 3219 ἠ
1332 3146 1475 3217 πρὸς
1508 3146 1801 3212 Εύνάπιον,
1834 3146 1927 3199 καὶ

2033 3136 2309 3207 plerisque
2342 3137 2587 3192 locorum
2624 3138 2853 3206 morbis,
2882 3148 2939 3195 et
2965 3153 3233 3210 quantum
3268 3145 3335 3198 ad
3396 3145 3607 3215 simpli-

345 3244 427 3306 εἰς
455 3243 566 3313 τὴν
604 3240 715 3295 τῶν
758 3239 951 3297 ἁπλῶν
995 3240 1306 3311 φαρμάκων
1354 3239 1681 3307 διάγνωσιν*
1710 3238 1825 3290 ἔστι
1872 3237 1929 3291 δὲ

343 3328 406 3389 οὖ
436 3335 540 3387 καὶ
571 3332 605 3403 ἡ
631 3331 768 3403 πρὸς
798 3331 1096 3387 Εύστάθιον
1134 3330 1250 3402 ἔχει
1279 3348 1333 3385 τι
1388 3330 1591 3401 ταύτης
1624 3328 1785 3383 πλέον
1833 3345 1926 3382 σε-

346 3424 816 3496 μνολογήσασθαι.
863 3424 1026 3480 Ἀλλά
1051 3441 1115 3493 γε
1145 3423 1315 3495 ίχάρις
1340 3422 1482 3493 ὑπὲρ
1524 3422 1792 3491 ἑκατέρας
1822 3420 1930 3473 τῶν

342 3519 529 3571 πόνων
579 3515 656 3587 τῷ
697 3515 889 3587 ἀνδρί·
924 3514 987 3569 τὸ
1034 3517 1142 3585 γὰρ
1172 3513 1338 3569 αὐτοῦ
1396 3514 1563 3585 μέρος
1611 3514 1672 3566 οὐ
1722 3511 1928 3581 βλάϐης

342 3608 553 3674 οὐδενὶ,
598 3607 714 3661 ἀλλ’
742 3607 1014 3678 ὠφελείας
1061 3604 1321 3676 ἑκατέρα,
1355 3604 1544 3674 ὥσπερ
1590 3603 1656 3673 δὴ
1697 3604 1793 3656 καὶ
1832 3603 1931 3666 τὰς

342 3701 453 3768 πρὸ
498 3698 714 3753 τούτων
764 3697 1076 3763 συνέταξεν.
1105 3697 1363 3769 Φράσεως
1387 3695 1443 3749 δὲ
1480 3695 1804 3766 χαρακτῆρα
1845 3693 1934 3747 λέ-

343 3805 465 3857 γειν
517 3788 621 3842 τοῦ
664 3789 823 3859 λόγου
868 3789 986 3859 ἃμα
1026 3805 1086 3842 τε
1132 3789 1337 3859 ἄπορον
1385 3786 1481 3840 καὶ
1509 3786 1763 3857 περιττὸν
1791 3782 1931 3840 εῖναι

340 3882 519 3937 δοκεῖ·
567 3881 631 3935 ἔκ
657 3900 716 3939 τε
736 3882 784 3915 τ’
812 3882 917 3954 γάρ
956 3881 1227 3952 διαφόρων
1260 3881 1356 3933 καὶ
1383 3878 1745 3933 παντοδαπῶν
1772 3875 1924 3947 αὐτῷ

341 3976 411 4028 τά
466 3976 833 4045 συντάγματα
881 3973 1289 4045 συνήθροισται,
1325 3975 1420 4025 καλ⁸
1475 3971 1658 4040 ίατρὸς
1701 3968 1838 4041 ἀνὴρ
1867 3968 1929 4022 ού

340 4064 451 4133 τοῦ
470 4067 535 4118 ὲν
572 4064 717 4136 λόγῳ
744 4064 975 4128 κάλλους
998 4064 1091 4116 καὶ
1118 4061 1220 4133 τῆς
1248 4061 1438 4130 σοφίας
1466 4058 1694 4121 εὐθύνας
1723 4061 1789 4112 ἄν
1822 4075 1932 4112 τινι

341 4156 453 4209 τῶν
504 4154 934 4226 σωφρονούντων
980 4151 1275 4223 παράσχοι,
1311 4148 1428 4205 ἀλλ’
1458 4149 1590 4201 εἴτι
1647 4148 1757 4201 τῶν
1790 4148 1933 4201 κατὰ

340 4248 443 4317 τὴν
477 4245 737 4318 ἰατρικὴν
771 4243 949 4315 ἔργων
978 4242 1080 4297 οὐκ
1105 4242 1283 4314 ὀρθῶς
1326 4237 1681 4311 διῆλθενυούδ⁹
1719 4239 1930 4293 ἐπεδεί-

341 4338 498 4402 ξατο.

415 4596 581 4654 Εἶδον
612 4599 670 4653 δὲ
715 4598 892 4671 ἔγωγε
923 4598 1019 4654 τοῦ
1063 4599 1255 4672 ἀνδρὸς
1290 4600 1385 4652 καὶ
1429 4597 1629 4668 ἑτέραν
1675 4615 1935 4669 πραγμα-

338 4692 501 4745 τείαν
551 4694 612 4745 ὲν
654 4690 696 4744 δ’
740 4691 921 4759 λόγοις
972 4691 1421 4761 συντεθειμένην.
1466 4690 1813 4759 Εὑπόριστα
1869 4688 1925 4742 δὲ

342 4784 708 4854 ἐπεγράφετο
742 4783 803 4835 τὸ
845 4783 1068 4853 βιϐλίον,
1114 4782 1330 4836 καὶτὸν
1373 4782 1635 4850 Εὑγένιον
1672 4781 1932 4834 ὑπόθεσιν

342 4870 447 4929 τοῦ
498 4876 886 4944 συντάγματος
940 4876 1200 4928 ἐποιεῖτο.
1232 4875 1578 4943 Λογιώτατον
1607 4873 1666 4926 δὲ
1711 4874 1808 4927 καὶ
1841 4875 1932 4928 τὸν

340 4966 617 5034 Εὐγένιον
662 4965 956 5036 ὀνομάζειο
1004 4966 1100 5021 καὶ
1147 4964 1506 5035 χρησιμεύειν
1552 4963 1681 5036 [290
1711 4963 1805 5036 H.]
1835 4964 1934 5035 τὴν

342 5057 753 5129 πραγματείαν
798 5058 940 5113 κατά
989 5075 1049 5111 τε
1097 5057 1302 5130 ἀγροὺς
1336 5058 1432 5111 καὶ
1478 5055 1790 5126 ὁδοιπορίας
1839 5056 1933 5108 καὶ

2029 3228 2172 3282 cium
2221 3227 2741 3283 medicamentorum
2767 3231 3142 3301 cognitionem
3177 3233 3493 3304 illud,un
3532 3238 3604 3292 ad

2029 3317 2330 3387 Eunapium
2375 3318 2655 3385 scribitur,
2712 3335 2868 3390 opus.
2896 3321 2964 3377 Et
2993 3322 3156 3379 habet
3184 3323 3424 3382 vicissim
3475 3326 3604 3383 alibi

2029 3411 2308 3480 quidpiam
2339 3409 2406 3463 ad
2432 3408 2775 3466 Eustathium
2806 3412 2967 3478 liber,
2998 3414 3063 3470 de
3079 3429 3188 3484 quo
3220 3431 3332 3487 pra:
3362 3418 3454 3474 illo
3482 3419 3603 3487 glo—

2034 3503 2110 3555 ria
2122 3502 2162 3555 ri
2190 3502 2383 3571 possit.
2399 3498 2597 3557 Verum
2622 3517 2719 3572 pro
2751 3513 2984 3573 utroque
3009 3517 3267 3579 suscepto
3288 3508 3602 3581 lahoretSS)

2032 3592 2277 3647 habenda
2297 3593 2500 3647 homini
2518 3593 2688 3664 gratia
2703 3603 2805 3649 est.
2823 3594 2974 3662 Quod
2990 3597 3136 3651 enim
3153 3598 3206 3653 in
3225 3600 3491 3669 scriptore
3503 3600 3606 3658 fuit

2033 3697 2142 3737 non
2191 3682 2527 3739 incommodi
2556 3682 2878 3755 cuiuspiam,
2915 3687 3012 3743 sed
3044 3690 3395 3746 emolumenti
3421 3694 3605 3762 potius

2032 3788 2197 3829 causa
2224 3774 2339 3845 (56)
2370 3782 2662 3844 utrumque
2688 3775 2772 3845 (ut
2806 3787 2863 3832 et
2920 3792 3041 3849 quae
3082 3790 3242 3837 antea
3285 3784 3616 3856 scripserat).

2032 3866 2350 3923 elaboravit.
2373 3865 2528 3934 Quod
2556 3875 2739 3923 autem
2764 3869 2833 3924 ad
2867 3868 3083 3928 dicendi
3105 3873 3482 3931 characterem
3520 3888 3603 3932 at-

2035 3960 2191 4024 tinet,
2259 3960 2480 4014 dubium
2529 3975 2650 4017 esse
2680 3975 2747 4017 ac
2823 3975 3286 4033 supervacaneum
3332 3966 3604 4033 videatur,

2033 4049 2329 4120 quidquam
2359 4049 2623 4118 judicare.
2648 4050 2783 4107 Nam
2815 4068 2894 4108 eae
2945 4057 3114 4112 variis
3150 4066 3315 4128 atque
3360 4061 3607 4130 omnige-

2036 4137 2121 4192 nis
2149 4136 2341 4208 17Gb
2372 4137 2489 4193 haec
2508 4148 2635 4194 sunt
2659 4141 2728 4197 ab
2751 4154 2817 4195 eo
2839 4140 3067 4198 collecta
3124 4147 3433 4202 volumina:
3458 4160 3510 4204 et
3524 4149 3608 4204 vir

2037 4230 2280 4286 medicus
2307 4245 2417 4284 non
2449 4232 2723 4287 sermonis
2743 4232 3025 4303 elegantia;
3046 4238 3359 4306 peritiaeque
3380 4238 3606 4294 reddere

2038 4322 2309 4377 rationem
2344 4322 2702 4390 prudentibus
2728 4324 2908 4392 debet,
2930 4327 3024 4381 sed
3045 4326 3091 4381 si
3121 4341 3283 4396 quam
3321 4327 3461 4384 forte
3491 4344 3607 4383 me-

1966 4422 2009 4478 D
2039 4414 2283 4468 dicarum
2310 4413 2646 4470 functionum
2689 4415 2872 4471 minus
2921 4428 3071 4474 recte
3108 4428 3202 4474 aut
3230 4420 3484 4489 reddidit,
3515 4428 3609 4473 aut

2030 4506 2443 4561 demonstravit.

2105 4595 2228 4649 Vidi
2256 4610 2360 4664 ego
2391 4596 2622 4651 alterum
2655 4596 2896 4666 ejusdem
2930 4598 3173 4653 auctoris
3194 4613 3351 4667 opus,
3379 4600 3604 4653 totidem

2030 4688 2190 4742 libris
2217 4689 2561 4753 distinctum,
2592 4689 3601 4761 inscriptumqueParata-facilia(57).

2031 4775 2086 4834 ld
2114 4780 2181 4833 ad
2212 4779 2515 4848 Eugenium
2535 4782 2824 4848 quemdam
2849 4792 3231 4848 argumentum
3266 4798 3421 4837 suum
3456 4783 3604 4837 refc-

2036 4870 2213 4933 rebat,
2239 4885 2399 4939 quem
2431 4882 2486 4927 et
2515 4871 2779 4926 disertum
2842 4871 3112 4928 nominat.
3165 4872 3362 4929 Utilem
3391 4889 3605 4943 quoque

2038 4963 2394 5032 scriptionem
2450 4961 2570 5021 fore
2646 4962 3044 5020 rusticantibus
3104 4965 3342 5029 additur,
3400 4966 3606 5035 iterque

2038 5056 2347 5123 agentibus,
2379 5066 2435 5111 et
2462 5056 2773 5126 ubicunque
2805 5055 3047 5113 locorum
3083 5058 3276 5115 medici
3313 5057 3464 5127 copia
3498 5073 3604 5113 non

1616 5190 1851 5247 νΑιιιΑῑ
1884 5189 2286 5247 LECTIONES.

371 5286 872 5353 ·”τεΑ;γες.

1880 5395 2112 5454 NOT/E.

521 5558 542 5628 )
571 5555 680 5611 Per
713 5557 886 5626 capita
911 5555 1002 5612 62.

521 5559 542 5628 )
572 5559 680 5611 Per
713 5559 886 5626 capita
911 5559 1002 5612 62.

416 5559 543 5701 gs,
567 5627 974 5701 E_tnendo,61rsp
997 5624 1263 5697 ἑκατέρας
1278 5622 1388 5677 τῶν
1410 5623 1676 5693 σπονδῶν,
1695 5635 1787 5681 aut
1808 5627 1935 5687 ἐκα-

348 5698 522 5773 τέρου
544 5698 662 5762 τῷν
691 5698 889 5756 πόνων.

2112 5553 2224 5628 (ὅθ)
2264 5554 2465 5628 ’ξΕνεκα
2499 5567 2701 5628 repono
2730 5570 2833 5628 pro
2856 5558 3115 5628 ἑκατέρα.

2115 5624 2364 5700 (57)-οιιί
2391 5625 2778 5700 ιὶιιιιμεριηοάο
2824 5624 3081 5684 libroruin
3130 5630 3196 5686 ad
3226 5628 3527 5700 Eunaptum
3546 5629 3602 5688 in

2044 5695 2289 5752 excussis
2318 5695 2741 5764 exemplaribus.
