4030 6248
396 349 504 416 719

1517 345 1777 406 ΡΗΟΤΙΙ
1817 346 2321 406 ΡΑΤΒΙΑΗΕΗΑΞ
2366 347 2475 406 CP.

3525 347 3630 411 7'20

402 466 751 530 suppeteret:
787 465 1155 512 verumtamen
1219 456 1309 510 hic
1357 455 1496 510 liber
1537 455 1640 510 etsi
1689 455 1867 519 titulo,
1908 464 1962 510 et

2067 453 2317 526 ἀλλαχοῦ,
2354 455 2462 526 ὅπῃ
2513 453 2787 525 παρουσία
2847 455 3035 527 ἰατροῦ
3088 457 3188 511 οὐκ
3219 457 3627 528 ιὲπιχωριάζει.

398 548 647 622 apposita
712 547 1036 604 dedicationi
1097 561 1351 616 persona,
1413 545 1656 599 nonnihil
1710 544 1955 607 dillcrat,

396 652 591 698 cetera
639 651 820 695 tamen
876 639 1087 694 nonnisi
1147 638 1479 706 descriptum
1531 652 1652 693 esse
1685 636 1866 706 operis
1895 636 1998 690 ad-

397 733 700 804 Eunapium
731 733 865 787 satis
926 729 1210 786 manifeste
1263 737 1509 800 apparet.
1555 730 1734 796 Quare
1765 729 1816 782 in
1845 742 1962 781 eam

399 823 688 894 cogitando
709 821 1036 876 sententiam
1067 820 1210 887 veni,
1235 835 1344 874 non
1367 833 1491 875 esse
1528 819 1581 872 id
1633 832 1866 886 unquam
1897 815 1964 870 ab

401 914 651 970 Oriba'sio
675 913 878 970 factum
923 931 936 967 :
972 912 1065 966 sed
1100 911 1182 964 vel
1215 926 1456 966 errorem
1485 908 1622 978 ejus,
1648 909 1740 979 qui
1770 908 1836 962 ab
1858 907 1965 961 ini-

404 1008 480 1062 tio
505 1006 731 1062 missum
762 1007 830 1060 ad
850 1004 1150 1074 Eunapium
1195 1004 1389 1058 librum
1425 1001 1805 1066 describendo,
1837 1001 1965 1054 titu-

403 1100 512 1154 lum
543 1099 760 1168 quidem
791 1098 845 1152 in
868 1096 1298 1165 Parata-{acilia
1337 1095 1710 1159 commutarit,
1739 1109 1837 1164 pro
1857 1095 1965 1146 Eu-

404 1195 566 1264 napio
596 1207 730 1247 vero
770 1192 1067 1260 Eugenium
1109 1189 1402 1258 subiecerit
1433 1205 1448 1243 :
1483 1188 1585 1242 vel-
1614 1187 1776 1241 alium
1817 1197 1965 1241 certe

403 1285 714 1355 quempiam
743 1282 968 1353 gloriam
1001 1282 1102 1336 sibi
1126 1295 1194 1334 ex
1239 1280 1576 1336 dedicatione
1607 1287 1962 1349 qumrentem,

402 1379 470 1431 ad
513 1376 619 1430 hoc
667 1374 976 1445 confugisse
1025 1383 1411 1439 commentum,
1457 1381 1516 1426 ut
1571 1387 1668 1441 pro
1721 1371 1965 1438 Eunapio

405 1466 730 1538 Eugenium,
756 1475 812 1522 et
837 1480 939 1538 pro
981 1465 1189 1534 scripto
1232 1464 1305 1520 ibi
1368 1464 1527 1520 titulo
1555 1462 1964 1532 Parata-facilia

402 1559 689 1617 scriberet.

1084 1730 1287 1789 CCXX.

825 1825 1050 1881 Theonis
1077 1823 1336 1879 archiatri
1363 1821 1549 1878 Homo.

478 1919 605 1990 Legi
633 1919 875 1974 Theonis
899 1918 1155 1972 archiatri
1192 1916 1539 1970 Alexandrini
1577 1913 1772 1970 librum
1796 1913 1964 1969 medi-

403 2027 550 2078 cum,
578 2009 860 2077 quiHomo
886 2010 1223 2072 inscribitur,
1249 2006 1629 2063 etTheoctisto
1660 2005 1960 2061 dedicatur.

404 2106 725 2160 Curationes
746 2114 924 2158 autem
957 2103 1270 2174 auSpicatur
1291 2103 1360 2156 ab
1399 2101 1634 2156 hominis
1669 2099 1845 2169 capite
1869 2112 1965 2153 us-

405 2213 510 2266 que
547 2197 613 2252 ad
635 2195 1151 2264 pedes,all'ectorum
1181 2193 1426 2247 omnium
1456 2192 1681 2246 humani
1713 2188 1958 2260 corporis

406 2292 638 2363 partium
657 2291 858 2345 morbis
885 2287 1126 2344 remedia
1168 2285 1412 2356 quaedam
1440 2283 1692 2338 alfcrcns.
1728 2283 1842 2337 Non
1883 2292 1964 2336 ta-

405 2399 529 2439 men
554 2391 648 2436 aut
674 2381 848 2435 morbi
881 2389 1156 2438 naturam,
1183 2377 1285 2430 nisi
1310 2377 1362 2429 in
1398 2376 1584 2445 paucis
1609 2377 1766 2438 forte,
1790 2375 1964 2444 expli~

406 2485 516 2540 cat,
551 2473 798 2526 autsatis
848 2470 1102 2524 distincte
1127 2468 1247 2521 illas
1317 2482 1404 2521 res
1447 2467 1613 2520 tradit
1661 2467 1726 2520 dc
1765 2465 1961 2535 quibus

406 2567 674 2619 disserere
747 2561 1022 2632 prorionit.
1083 2558 1381 2627 Descriptis
1431 2572 1558 2611 vero
1612 2557 1723 2626 jam
1773 2570 1961 2610 eorum

407 2657 720 2709 morborum
759 2651 1035 2714 remediis,
1056 2649 1148 2718 qui
1181 2649 1341 2719 pedes
1379 2658 1543 2718 atque
1591 2647 1848 2702 articulos
1878 2648 1963 2701 in-

408 2744 605 2798 vadere
639 2741 835 2806 solent,
898 2739 967 2794 de
1030 2739 1388 2808 purgantibus
1467 2737 1660 2790 deinde
1725 2735 1964 2789 medica-

408 2834 604 2889 mentis
676 2831 1013 2901 simplicibus
1065 2830 1198 2900 agit,
1254 2836 1587 2896 conaturque
1651 2835 1706 2880 et
1760 2840 1960 2882 causas

409 2925 668 2994 quasdam
718 2923 945 2978 reddere
972 2922 1154 2990 idque,
1207 2930 1263 2973 ut
1302 2920 1432 2974 mihi
1473 2918 1686 2988 quidem
1729 2917 1958 2982 videtur,

410 3031 514 3069 non
555 3024 720 3078 recte,
773 3025 946 3080 neque
995 3011 1277 3064 veritatem
1306 3021 1547 3072 secutus,
1577 3023 1672 3062 cur
1700 3007 1962 3079 purgandi

409 3104 720 3161 facultatem
751 3104 1164 3174 pharmacorum
1215 3110 1407 3156 natura
1449 3107 1655 3154 exerat.
1689 3097 1826 3153 Hinc
1851 3113 1964 3154 me-

411 3200 859 3256 dicamentorum»
897 3193 1074 3249 omnis
1129 3191 1341 3262 generis
1369 3189 1806 3259 compositionem
1841 3203 1965 3259 per-

415 3299 638 3350 tractat,
685 3301 806 3356 quaa
829 3283 1185 3338 subicientem
1214 3282 1280 3334 ad
1307 3295 1470 3348 supra
1505 3277 1806 3333 nominatos
1829 3292 1966 3332 mor-

408 3382 528 3444 bos,
553 3389 889 3446 casterasque
924 3374 1145 3430 humani
1173 3371 1418 3442 corporis
1449 3368 1768 3425 affectiones
1803 3383 1963 3424 usum

410 3477 710 3548 praebeant,
744 3472 976 3542 singulis
1039 3469 1307 3524 morbosis
1356 3465 1621 3536 partibus,
1647 3478 1783 3534 quas
1832 3463 1968 3518 0mi-

409 3578 574 3634 serat,
603 3567 842 3622 remedia
876 3563 1070 3633 177a
1135 3559 1438 3615 ascribeus.
1465 3555 1769 3626 Emplastra
1805 3554 1966 3610 iusti-

407 3675 527 3729 per,
583 3667 638 3712 et
696 3658 959 3711 adversus
1011 3649 1378 3706 lassitudinem
1435 3646 1694 3711 remedia,
1744 3645 1966 3716 collyria

412 3751 561 3814 item,
599 3763 664 3801 ac
693 3746 873 3799 varias
924 3744 1195 3797 antidotus
1221 3757 1250 3794 a
1275 3739 1443 3794 variis
1474 3737 1816 3808 praescriptas
1851 3751 1969 3791 me-

412 3839 548 3893 dicis
578 3835 755 3892 affert.
789 3835 906 3900 Qua
939 3834 992 3886 in
1028 3846 1165 3899 opus
1209 3830 1337 3883 illud
1395 3828 1754 3883 con-sumitur.
1809 3826 1972 3881 Liber

411 3943 590 3984 autem
624 3929 710 3982 hic
737 3925 981 3980 eamdem
1011 3924 1124 3978 fere
1179 3921 1486 3986 utilitatem,
1521 3935 1685 3990 quam
1733 3917 1966 3975 Oribasii

410 4022 680 4093 sympsis,
711 4018 921 4073 aﬂ'erat.

1105 4190 1337 4250 CCXXI.

627 4288 763 4343 Astii
794 4286 1036 4342 Amidem'
1071 4284 1254 4355 Operi:
1281 4283 1466 4338 medici
1492 4281 1615 4335 libri
1647 4295 1756 4335 nt.

482 4381 738 4451 Legimus
765 4379 902 4434 Aetii
932 4378 1176 4432 Διηίάοηὶ
1215 4375 1292 4430 De
1311 4391 1368 4429 re
1384 4373 1587 4428 medica
1616 4374 1782 4429 libros
1814 4373 1970 4429 sede-

411 4477 515 4530 cim
547 4476 680 4544 (58).
715 4473 944 4541 Collegit
969 4483 1150 4524 autem
1200 4477 1370 4522 totum
1402 4466 1570 4521 hocce
1601 4481 1738 4534 opus
1774 4479 1880 4518 non
1899 4477 1967 4518 ex

412 4568 478 4621 iis
521 4577 728 4618 tantum
789 4561 1170 4632 scriptoribus,
1204 4575 1235 4612 e
1286 4557 1482 4626 quibus
1512 4556 1798 4609 Oribusius
1839 4569 1968 4609 suos

411 4659 527 4712 sive
561 4657 628 4710 ad
653 4653 926 4709 lulianum
962 4652 1342 4720 imperatorem
1375 4649 1489 4704 sive
1533 4648 1600 4703 ad
1627 4647 1966 4702 Eustathium

410 4761 465 4803 et
485 4749 788 4815 Eunapium
819 4745 1008 4809 libros,
1041 4743 1136 4796 sed
1197 4755 1263 4796 ex
1298 4740 1681 4808 tberapeutieis
1711 4748 1969 4808 praeterea

410 4839 597 4894 Galeni
637 4836 813 4901 libris,
845 4844 1008 4904 atque
1043 4847 1108 4888 ex
1125 4833 1426 4902 Archigene
1455 4839 1510 4886 et
1533 4829 1696 4884 Rufo.
1725 4830 1805 4883 Ad
1855 4831 1970 4885 haec

409 4949 441 4986 c
474 4929 803 4993 Dioscoride,
847 4924 1139 4992 Herodoto,
1189 4923 1417 4989 Sorano,
1461 4920 1757 4992 Philagrio,
1785 4919 1972 4975 Philo-

411 5033 588 5082 mene,
618 5015 932 5080 Posidonio,
967 5014 1196 5083 aliisque
1261 5012 1558 5076 uetmuilis,
1589 5011 1680 5080 qui
1714 5010 1965 5066 medendi

409 5121 526 5165 arte
558 5123 755 5165 nomen
794 5108 895 5162 sibi
919 5105 1254 5177 gloriamque
1285 5113 1628 5174 pepererunt.
1658 5102 1704 5156 Δ
1733 5101 1965 5157 faculta-

410 5204 554 5259 tibus
578 5213 757 5257 autem
793 5199 1120 5270 simplicium
1156 5197 1698 5258 medicamentorum,
1729 5208 1793 5250 ac
1816 5193 1964 5248 cibo—

408 5312 525 5350 rum
561 5309 592 5351 e
618 5294 824 5350 Caleno
854 5293 1092 5348 breviter
1119 5291 1233 5345 hmc
1259 5301 1712 5349 commemorans,
1748 5286 1963 5340 initium

1989 1799 2037 1860 B

2076 545 2236 598 Ἀλλὰ
2264 545 2422 598 τοῦτο
2451 547 2511 598 τὸ
2540 545 2742 615 βιϐλίον
2767 547 2907 600 κατὰ
2941 549 3039 618 μὲν
3062 548 3161 619 τὴν
3189 549 3503 620 ἐπιγραφὴν
3533 546 3630 602 κάι

2065 638 2124 690 τὸ
2167 637 2598 708 ὑποϐαλλόμενον
2649 640 2728 702 εἲς
2770 642 2870 711 τὴν
2900 639 3284 712 προσφώνησιν
3336 643 3630 711 πρόσωπον

2063 731 2328 802 διαφορὰν
2383 731 2518 800 ἔχει,
2565 731 2633 784 τὰ
2681 731 2724 784 δ’
2751 732 2884 786 ἄλλα
2918 731 3064 802 μάλα
3114 731 3429 802 περιφανῶς
3465 749 3633 802 μετα-

2065 818 2250 888 γραφὴ
2287 818 2420 888 μόνη
2461 819 2577 870 ἐστὶ
2605 818 2705 888 τῆς
2736 819 2872 888 πρὸς
2899 819 3170 872 Εὐνάπιον
3217 820 3628 891 πραγματείας,

2064 905 2204 961 ὥστε
2229 909 2406 977 ἔγωγε
2433 910 2526 961 καὶ
2551 909 2631 971 εἰς
2654 908 2946 978 λογισμοὺς
2973 910 3247 980 ἀφικόμην
3267 911 3352 974 ὡς
3379 911 3485 981 ἄρα
3521 912 3630 979 μή·

2069 1015 2200 1052 ποτε
2226 999 2326 1051 οὑκ
2355 998 2441 1067 εἴη
2465 997 2623 1050 τοῦτο
2651 997 2971 1069 Ὀρειϐασίῳ
2991 999 3490 1070 διαπεπραγμένον,
3512 1000 3627 1054 ἀλλ’

2065 1089 2098 1160 ἢ
2137 1089 2443 1160 ἁμάρτημα
2472 1089 2565 1142 τοῦ
2597 1089 2691 1141 ἀπ’
2720 1090 2892 1159 ἀρχῆς
2925 1091 3233 1161 γράψαντος
3257 1093 3317 1144 τὸ
3349 1092 3484 1161 πρὸς
3524 1094 3628 1144 Εὑ-

2065 1182 2255 1236 νάπιον
2305 1180 2528 1250 βιϐλίον,
2561 1179 2620 1242 ὃς
2646 1181 2744 1249 τήν
2775 1197 2836 1232 τε
2874 1181 3184 1252 ἐπιγραφὴν
3211 1183 3290 1244 είς
3327 1180 3398 1233 τὰ
3431 1181 3629 1234 Εὐπό-

2055 1291 2238 1343 ριστα
2267 1273 2595 1345 μετετάξατο
2624 1273 2720 1326 καὶ
2753 1273 2874 1326 ἀντὶ
2907 1273 3176 1326 Εύναπὶου
3209 1274 3462 1342 Εὐγένιον
3520 1275 3628 1327 ὑπ-

2065 1365 2308 1432 εϐάλετο,
2343 1364 2376 1436 ἢ
2410 1364 2596 1436 ἕτερόν
2615 1381 2737 1418 τινα
2759 1363 2915 1430 δόξαν
2948 1364 3125 1435 ἐαυτῷ
3157 1365 3222 1418 ἐκ
3248 1365 3348 1434 τῆς
3375 1383 3632 1437 προσφω-

2062 1459 2270 1530 νήσεως
2318 1456 2602 1527 μνώμενον
2645 1457 2725 1519 είς
2764 1455 2865 1525 τὴν
2910 1455 3170 1526 τοιαύτην
3214 1457 3633 1528 περιενεχθῆναι

2064 1547 2330 1613 ἐπίνοιαν,
2365 1547 2458 1600 καὶ¹
2489 1546 2721 1617 ἀμεῖψαι
2750 1547 2845 1600 τόν
2873 1563 2934 1600 τε
2965 1547 3234 1600 Εὐνάπιον
3262 1549 3342 1610 είς
3373 1547 3633 1615 Εὑγένιον

2061 1641 2160 1695 καὶ
2186 1639 2284 1711 τὴν
2313 1639 2573 1710 κειμένην
2606 1639 2914 1710 ἐπιγραφὴν
2935 1639 3040 1705 Είς
3069 1639 3400 1709 εὐπόριστα
3420 1639 3489 1694 ’³.

2771 1727 2918 1781 .ΣΚ’.
2994 1743 3000 1750 ”

2311 1819 2542 1886 Θέωνος
2589 1817 2909 1889 ἀρχιατροῦ
2955 1819 2991 1872 ὀ
3024 1818 3384 1886 Ἄνθρωπος.

2150 1912 2492 1982 ’Δνεγνώσθη
2523 1913 2731 1975 Θέωνος
2762 1909 3062 1983 ἀρχιητροῢ
3103 1910 3495 1980 Ἀλεξανδρέως
3549 1910 3634 1963 ία-

2064 2005 2252 2076 τρικὸν
2286 2004 2511 2074 βιϐλίον,
2539 2003 2568 2056 ὃ
2619 2004 2914 2072 ἐπιγράφει
2941 2004 3299 2071 Ἄνθρωπον.
3329 2002 3635 2070 Θεοκτέστῳ

2070 2094 2168 2163 μὲν
2196 2093 2258 2146 τὸ
2289 2093 2573 2162 σύνταγμα
2606 2096 2941 2163 προσφωνεῖ,
2989 2093 3301 2166 ἀπάρχεται
3330 2091 3385 2144 δὲ
3419 2093 3518 2160 τῆς
3546 2092 3636 2144 θε-

2071 2187 2304 2258 ραπείας
2342 2186 2451 2240 ἀπὸ
2483 2184 2725 2256 κεφαλῆς
2752 2185 2845 2239 καὶ
2871 2185 3050 2257 διήκει
3079 2185 3240 2255 μέχρι
3271 2184 3468 2247 ποδῶν,
3499 2183 3635 2235 πάν-

2064 2295 2173 2331 των
2203 2277 2312 2330 τῶν
2349 2275 2699 2330 πεπονθότων
2750 2277 2958 2347 μορίων
3010 2275 3107 2329 τοῦ
3163 2276 3412 2346 σώματος
3467 2274 3632 2346 θερα-

2067 2369 2226 2433 πείας
2252 2369 2406 2432 τινὰς
2435 2371 2787 2439 ἀναγράφων.
2821 2367 2959 2421 Οὔτε
2987 2368 3045 2422 δὲ
3073 2370 3174 2439 τὴν
3205 2367 3298 2421 τοῦ
3328 2370 3635 2438 νοσήματος·

2065 2461 2231 2532 φύσιν
2285 2461 2425 2533 πλὴν
2467 2461 2559 2514 ὲπί
2607 2478 2670 2529 γε
2719 2461 2968 2532 βραχέων
3004 2461 3335 2527 ἐκδιδάσκει,
3365 2460 3488 2513 οὔτε
3525 2461 3637 2524 τοῖς

2065 2554 2339 2625 πρέπουσι
2375 2553 2819 2624 προσδιορισμοῖς
2836 2553 2903 2618 ⁷⁸,
2935 2553 3066 2623 περὶ
3097 2547 3175 2606 ὧν
3203 2551 3505 2623 προάγεται
3547 2551 3638 2603 λέ-

2065 2663 2205 2716 γειν,
2233 2649 2333 2718 τὴν
2358 2647 2708 2701 διδασκαλίαν
2737 2647 2960 2713 ὑπάγει.
2995 2646 3152 2700 Μετὰ
3180 2645 3236 2699 δέ
3279 2662 3344 2714 γε
3390 2645 3451 2697 τὸ
3504 2643 3637 2714 γρά-

2064 2739 2231 2808 ψαιτ⁵
2259 2738 2368 2792 τῶν
2401 2737 2746 2808 ποδαγρικῶν
2787 2738 2885 2790 καὶ
2931 2736 3266 2808 ἀρθριτικῶν
3319 2734 3506 2789 παθῶν
3555 2734 3638 2788 ιά-

2069 2847 2233 2900 ματα,
2289 2829 2506 2895 διέξεισι
2551 2831 2649 2899 μὲν
2703 2830 2828 2898 περὶ
2887 2828 2997 2880 τῶν
3051 2828 3238 2881 ἁπλῶν
3289 2824 3636 2898 καθαρτικῶν

2065 2921 2394 2992 φαρμάκων,
2428 2922 2688 2994 πειρᾶται
2711 2920 2769 2974 δὲ
2795 2919 2892 2974 καὶ
2922 2921 3102 2984 αἰτίας
3127 2919 3278 2982 τινάς
3301 2906 3633 2981 ἀποδιδόναι,

2068 3012 2196 3086 [565
2249 3013 2342 3078 IL]
2377 3014 2477 3068 οὐκ
2518 3013 2707 3085 ἔμοιγε
2762 3011 2953 3066 δοκοῦν
3002 3013 3179 3084 ὀρθῶς
3209 3013 3330 3065 οὐδὲ
3357 3012 3455 3080 τῆς
3499 3010 3634 3080 ἁλη-

2069 3104 2217 3168 θείις
2254 3104 2583 3176 ἐξημμένος,
2615 3107 2686 3160 δι’
2715 3103 2784 3169 ἃς
2818 3104 2918 3176 τὴν
2965 3104 3298 3176 καθαρτικὴν
3345 3103 3571 3172 δύναμιν
3600 3103 3634 3173 ἡ

2065 3197 2173 3250 τῶν
2201 3199 2506 3268 φαρμάκιον
2548 3197 2881 3251 ὶπιδείκνυσι
2935 3198 3114 3267 φύσις,
3149 3196 3280 3250 Εἶτα
3330 3196 3458 3267 περὶ
3512 3213 3636 3249 συν-

2067 3287 2268 3351 θέσεως
2303 3288 2655 3342 παντοδαπῶν
2682 3289 3034 3359 διαλαμϐάνει
3068 3289 3396 3360 φαρμάκων,
3451 3287 3549 3339 ὅσα
3572 3303 3634 3339 τε

2068 3379 2218 3450 αὐτῷ
2248 3380 2383 3451 πρὸς
2410 3381 2482 3433 τά
2508 3379 2885 3452 προειρημένα
2929 3381 3046 3434 τῶν
3095 3379 3416 3450 νοσημάτων
3447 3376 3634 3448 ἱκανὴν

2067 3471 2368 3540 παρέχεται
2399 3470 2498 3542 τὴν
2525 3471 2738 3542 χρείαν,
2770 3471 2865 3525 καὶ
2887 3472 3023 3544 πρὸς
3043 3471 3115 3524 τά
3147 3470 3309 3524 λοιπά
3337 3471 3516 3524 πάντα
3537 3470 3634 3522 τοῦ

2071 3560 2321 3632 σώματος
2366 3563 2537 3633 πάθη,
2577 3563 2614 3618 ἃ
2646 3567 2864 3635 παρῆκε
2907 3565 3008 3634 τὴν
3035 3563 3181 3617 κατά
3215 3563 3284 3617 τά
3331 3563 3634 3616 πεπονθότα

2071 3653 2234 3724 μόρια
2264 3652 2563 3723 θεραπείαν
2605 3655 2961 3724 ἀναγράφων,
3010 3653 3394 3724 ὲμπλὰστρους
3439 3669 3498 3704 τε
3537 3652 3634 3705 καὶ

2067 3743 2249 3798 ἄκοπα
2285 3745 2379 3799 καὶ
2420 3745 2741 3816 κουλλούρια
2769 3747 2865 3801 καὶ⁸
2907 3746 3214 3809 άντιδότους
3247 3745 3537 3816 διαφόρους
3568 3745 3634 3798 ὲκ

2067 3835 2339 3906 διαφόρων
2367 3837 2578 3904 ἀνδρῶν
2601 3840 3115 3909 κατεσκευασμένας
3169 3838 3496 3909 ἀναγράφει.
3524 3838 3633 3892 Καὶ

2067 3928 2126 3978 ὲν
2149 3926 2360 3990 τούτοις
2411 3927 2560 3996 αὑτῷ
2588 3929 2622 3998 ὴ
2647 3927 2874 3998 τοιαύτη
2901 3927 3334 3998 συμπεραίνεται
3367 3943 3632 3998 πραγμα-

2067 4017 2209 4072 τεία.
2253 4018 2410 4070 Ἐστι
2455 4019 2636 4088 μέντοι
2671 4018 2770 4089 τὴν
2819 4019 3005 4089 χρείαν
3034 4019 3095 4071 τὸ
3142 4018 3345 4088 βιϐλίον
3372 4021 3491 4081 ταῖς
3536 4015 3632 4071 τοῦ

2081 4107 2420 4178 ὀρειϐασίου
2451 4108 2706 4179 συνόψεσι
2742 4108 3118 4178 παρεχόμενον
3144 4107 3554 4179 παραπλησίαν.

2715 4199 2886 4252 ΣΚΑ’.

2255 4288 2480 4344 ’Δετίου
2515 4287 2830 4358 Ἀμιδηινοῦ
2873 4286 3142 4358 Ἰατρικοῑ
3185 4287 3352 4359 λόγοι
3377 4285 3473 4352 ις’.

2149 4378 2494 4450 Ἀνεγνὼσθη
2532 4380 2739 4434 Ἀετίου
2770 4378 3056 4452 Ἀμιδηνοῦ
3098 4380 3342 4435 Βιϐλίων
3370 4378 3634 4448 ἰατρικὸν

2071 4472 2129 4524 ὲν
2163 4470 2342 4539 λόγοις
2367 4469 2463 4536 ις’.
2498 4473 2656 4525 Ἔστι
2684 4473 2785 4542 μὲν
2813 4471 2904 4526 οὖν
2931 4474 3082 4543 αύτῷ
3112 4474 3263 4527 πᾶσα
3291 4474 3324 4543 ἡ
3363 4488 3628 4543 πραγμα-

2071 4563 2189 4615 τεία
2212 4563 2615 4634 συντεταγμένη
2650 4563 2713 4616 ἔκ
2740 4581 2799 4616 τε
2821 4558 2896 4616 ὦν
2937 4565 3273 4636 Ὀρειϐάσιος
3305 4563 3441 4634 πρὸς
3505 4562 3633 4615 Ἰουο

2071 4653 2253 4706 λιανὺν
2278 4652 2484 4723 ἔγραψε
2513 4654 2648 4725 πρός
2665 4670 2726 4706 τε
2749 4654 3045 4708 Εὐστάθιον
3083 4657 3180 4709 καὶ
3220 4655 3509 4720 Εὺνάπιον,
3552 4653 3632 4706 ἔτι

2073 4747 2132 4801 δὲ
2156 4747 2250 4800 καὶ
2274 4748 2338 4799 ὲκ
2369 4746 2478 4799 τῶν
2509 4729 2933 4815 θεραπευτικῶν
2965 4745 3183 4815 βιϐλίων
3226 4744 3490 4815 Γαληνοῦ,
3539 4744 3635 4798 καὶ

2079 4837 2185 4907 μὴν
2211 4837 2302 4889 καὶ
2330 4836 2677 4906 ’Δρχιγένους
2708 4836 2800 4887 καὶ
2842 4832 3092 4902 Ῥούφου,
3129 4833 3211 4886 ἐτι
3235 4832 3292 4886 δὲ
3317 4831 3632 4902 Διοσκουρί-

2069 4928 2161 4981 δου
2187 4968 2202 4994 ,
2236 4927 2332 4982 καὶ
2372 4925 2655 4996 Ἡροδότου
2684 4925 2780 4978 καὶ
2814 4922 3087 4995 Μρανοῦ,
3121 4922 3412 4993 Φιλαγρίου
3445 4937 3505 4974 τε
3538 4922 3632 4974 καὶ

2069 5016 2400 5086 Φιλουμὲνου
2433 5016 2529 5068 καὶ
2553 5013 2911 5068 Ποσειδωνίου
2941 5014 3037 5066 καὶ
3060 5013 3264 5084 ἐτέρων
3312 5012 3477 5066 τινῶν
3518 5011 3632 5064 τῶν

2071 5108 2163 5159 ἐπὶ
2193 5111 2258 5178 τῇ
2286 5108 2454 5178 τέχνῃ
2489 5109 2588 5178 τῆς
2647 5105 2898 5176 ἰατρικῆς
2953 5105 3124 5176 ὄνομα
3182 5103 3469 5159 λιπόντων.
3519 5104 3634 5157 Καὶ

2071 5199 2378 5270 ἀπάρχεται
2408 5201 2506 5269 μὲν
2556 5196 2666 5251 ἀπὸ
2691 5195 2790 5266 τῆς
2823 5196 2931 5250 τῶν
2979 5197 3165 5250 ἁπλῶν
3211 5197 3522 5270 φαρμάκων
3571 5212 3633 5249 τε

2072 5289 2167 5341 καὶ
2190 5289 2406 5360 τροφῶν
2453 5288 2736 5359 δυνάμεως
2783 5286 3049 5358 Γαληνοῦ,
3081 5288 3140 5342 ὲν
3179 5286 3402 5357 συνόψει
3461 5283 3634 5340 ταῦτα
3686 5287 3694 5335 ἰ

1655 5395 1893 5451 VARUE
1930 5396 2338 5456 LECTIONES.

475 5499 522 5530 ⁷³
589 5507 708 5566 post
728 5497 1021 5566 εὐπόριστα
1065 5492 1125 5566 in
1160 5493 1217 5566 A_
1244 5491 1400 5566 vacui
1447 5488 1736 5566 {$89898-
1761 5503 1884 5566 cum
1915 5488 2110 5566 pagina
2151 5491 2374 5547 adversa
2399 5491 2450 5546 in
2472 5490 2513 5547 C
2557 5507 2738 5548 versus
2764 5489 2800 5543 2
2831 5489 2955 5561 1/2.
3027 5489 3073 5522 ’⁵
3100 5489 3368 5561 πρέπουσι
3393 5487 3504 5552 τοῖς
3524 5485 3632 5540 διο-

411 5571 620 5636 ρισμοῖς
649 5585 707 5632 ς.

784 5567 832 5599 ⁸⁸⁸
863 5559 920 5618 δέ
947 5582 1007 5634 γε
1029 5563 1090 5615 τὸ
1119 5561 1324 5633 γράψαι
1348 5562 1392 5613 Α
1419 5579 1432 5615 :
1467 5560 1523 5616 δὲ
1550 5559 1610 5612 τὸ
1638 5559 1844 5631 γράψαι
1903 5559 1998 5612 καὶ
2029 5576 2088 5622 ς.

1909 5671 2044 5726 ΝΟΤ
2055 5672 2143 5728 ΑΞ.

481 5775 589 5834 (38)
629 5775 866 5840 Quorum
895 5773 1111 5842 priores
1144 5768 1208 5822 18
1272 5766 1455 5824 Graece
1497 5769 1704 5839 pridem
1762 5765 2004 5822 Venetiis
2034 5765 2237 5822 excusi.

3683 5365 3692 5398 l
