4030 6248
446 278 548 343 ’121
1360 281 1879 361 BIBLIOTHECA.
1915 308 1983 318 -
2019 281 2236 345 CODD.
2276 282 2491 358 CCXX,
2522 282 2768 345 CCXXI.
3594 278 3703 344 .722

447 388 663 454 διεξιών
687 391 704 409 ⁶
737 385 1245 461 συμπεραίνεταιδὲ
1278 392 1430 463 αὐτῷ
1460 394 1523 449 τὸ
1539 392 1662 466 [29!
1694 391 1789 464 ιι]
1818 392 1990 462 βιϐλίο

2097 393 2292 460 .duclt,
2329 394 2617 464 ﬁniturque
2641 410 2777 465 opus
2825 393 2963 449 libro
3010 402 3163 450 sexto
3216 391 3447 459 decimo,
3497 396 3585 465 qui
3635 395 3703 450 de

447 484 529 543 εἰς
552 481 644 535 τὸν
690 488 765 547 ις’
795 481 973 551 λόγον,
1004 485 1133 557 περὶ
1163 485 1492 554 γυναικείων
1524 487 1624 557 τὴν
1671 485 1991 540 διδασκαλία

2122 486 2405 541 mulierum
2457 488 2661 543 morbis
2690 498 2955 558 praecepta
2981 489 3147 541 tradit
3176 503 3190 540 :
3227 488 3425 557 quibus
3445 501 3566 541 cum
3594 488 3701 541 alia

448 574 774 645 ποιούμενον
824 576 1037 631 παθῶν.
1080 572 1175 640 Οἷς
1220 578 1314 631 καὶ⁸
1356 578 1520 649 ἕτερά
1576 595 1697 631 τινα
1740 578 1991 631 συντάττε

2122 576 2575 649 adnectitcapita,
2606 590 2719 634 tum
2750 580 3019 650 tergendaa
3048 578 3231 647 faciei,
3258 580 3560 649 reliquique
3574 594 3700 634 cor-

448 666 744 736 κεφάλαια,
787 670 1090 740 σμήγματά
1115 686 1177 723 τε
1205 669 1379 740 ὅψεως
1399 670 1731 741 παραδιδοὺς
1783 670 1879 723 καὶ
1923 686 1985 722 το

2117 668 2268 737 poris
2298 670 2564 725 rationem
2588 666 2771 737 docet,
2807 671 3279 725 mnantbariorum
3313 670 3534 739 insuper
3561 684 3699 738 pne-

448 756 635 809 λοιποῦ
688 755 960 828 σώματος,
1017 758 1316 824 σκευασίας
1365 777 1426 815 τε
1489 758 1869 831 οίνανθαρίων,
1923 777 1991 814 κα

2118 759 2427 828 paratione,
2446 771 2499 817 et
2538 763 2591 818 id
2620 776 2787 832 genus
2809 762 2930 817 aliis
2945 761 3269 833 quibusdam
3306 760 3552 828 adjectis.
3583 761 3699 826 Sic,

446 847 533 901 l'rs
542 850 610 919 ρά
636 867 761 904 τινα
792 851 1203 923 τοιουτότροπα.

2115 854 2193 906 uti
2232 851 2510 921 diximus,
2542 869 2680 923 opus
2734 856 3046 909 universum
3113 862 3168 910 et
3214 849 3403 922 incipit
3462 860 3515 907 et
3555 851 3699 907 desi-

450 941 551 993 nit.
592 941 923 1013 Singulatim
976 954 1206 1013 autem;
1262 943 1475 1015 primus
1529 942 1668 1001 liber
1710 939 2035 1014 simplicium
2063 941 2450 1002 alimentorum
2499 960 2563 1002 ac
2611 945 3131 1001 medicamentorum
3211 940 3502 1000 facultates
3573 944 3699 998 bre-

446 1032 589 1085 viter
622 1036 965 1105 perstringit.

527 1126 592 1178 Ἦ
620 1128 720 1197 μὲν
750 1124 842 1184 οῦν
863 1130 957 1203 ὅλη
985 1131 1135 1203 αὐτῷ
1173 1134 1529 1205 πραγματεία
1559 1133 1620 1201 ἐξ
1643 1125 1720 1188 ῶν
1743 1149 1805 1186 τε
1851 1130 1988 1205 ἄρχε

2187 1128 2338 1207 Alter
2364 1127 2488 1184 dein
2518 1126 2907 1185 metallicorum
2936 1124 3248 1184 facultatem
3283 1137 3338 1182 et
3368 1142 3547 1192 usmn,
3571 1124 3695 1179 ani-

444 1232 553 1281 ται,
577 1216 814 1289 εἴρηται,
835 1220 932 1273 καὶ
968 1222 1026 1274 ἐν
1053 1217 1134 1285 οἷς
1167 1222 1428 1293 τὰπέρας
1458 1222 1837 1294 ἀπολαμϐάνει
1855 1237 1870 1253 ⁶
1913 1239 1991 1276 και

2116 1221 2497 1291 mantiumque
2528 1220 2613 1276 vel
2638 1223 2970 1291 integrorum
2998 1221 3082 1275 vel
3108 1218 3340 1288 partium
3371 1233 3560 1274 eorum
3589 1214 3697 1271 uti-

442 1307 513 1360 τά
539 1309 707 1379 μέρος
739 1310 797 1363 δὲ
825 1312 885 1366 τὸ
915 1314 1015 1384 μὲν
1045 1312 1092 1368 α’
1122 1314 1271 1386 αὒτῷ
1295 1315 1501 1385 βιϐλίον
1529 1316 1638 1371 τῶν
1675 1314 1861 1370 ἁπλῶν
1889 1330 1991 1383 τρο

2114 1311 2325 1368 litatem
2358 1315 2552 1383 paucis
2588 1314 2641 1370 in
2691 1316 2929 1371 medium
2962 1310 3160 1369 alYert:
3204 1311 3377 1382 possit
3404 1323 3580 1365 autem
3612 1321 3694 1364 to—

443 1396 559 1464 φῶν
604 1401 839 1454 καὶτῶν
881 1404 1191 1475 φαρμάκων
1237 1407 1297 1459 ἐν
1347 1406 1567 1477 συνόψει
1602 1409 1703 1471 τὰς
1751 1404 1991 1476 δυνάμει‹

2114 1404 2222 1459 tius
2246 1405 2311 1459 de
2334 1405 2671 1473 simplicibus
2723 1404 3135 1461 medicamentis
3188 1402 3532 1460 tractationis
3566 1417 3693 1473 pars

441 1489 753 1557 καταλέγει,
776 1492 806 1544 ὁ
833 1494 889 1547 δὲ
925 1494 971 1564 β’
990 1495 1091 1559 τὰς
1122 1495 1234 1551 τῶν
1265 1496 1608 1565 μεταλλικῶν
1632 1497 1896 1568 δυνάμεις
1916 1494 1991 1548 κα

2117 1494 2236 1550 haec
2269 1512 2374 1551 non
2408 1498 2619 1551 modica
2661 1498 2894 1551 censeri.

438 1582 665 1653 χρήσεις
686 1586 781 1638 καὶ
809 1586 905 1650 τὰς
937 1588 1045 1641 ἀπὸ
1072 1587 1182 1643 τῶν
1210 1589 1364 1654 ζώων
1385 1590 1523 1645 ὅλων
1564 1610 1622 1646 τε
1652 1592 1747 1646 καὶ
1788 1589 1997 1663 μορίων
2028 1587 2297 1657 ὠφελείας
2321 1593 2379 1645 ἐν
2412 1592 2632 1663 συνόψει
2675 1590 3033 1664 παρατίθεται
3055 1606 3069 1619 °
3120 1592 3208 1662 εἴη
3274 1589 3333 1644 δὲ
3364 1588 3462 1643 καὶ
3533 1586 3693 1643 τοῦτο

438 1674 537 1744 τῆς
565 1676 696 1745 περὶ
726 1677 834 1732 τῶν
853 1679 1039 1733 ἁπλῶν
1062 1681 1371 1752 φαρμάκων
1413 1684 1797 1755 πραγματείας
1843 1682 2008 1754 μέρος
2037 1681 2137 1733 οὐκ
2162 1682 2465 1754 ἐλάχιστον.

518 1765 579 1819 '0
607 1768 665 1822 δέ
693 1774 742 1837 γ’
769 1769 918 1841 αὐτῷ
936 1771 1096 1841 λόγος
1117 1774 1249 1843 περί
1275 1792 1337 1827 τε
1368 1776 1689 1847 γυμνασίων
1736 1777 1991 1832 παντοδα-

2174 1772 2392 1831 Tertius
2425 1774 2541 1846 ejus
2568 1775 2704 1831 liber
2730 1776 2841 1847 agit
2894 1776 2961 1831 de
3014 1775 3190 1830 omnis
3220 1772 3439 1846 generis
3474 1774 3689 1828 exerci-

435 1858 558 1911 πῶν
590 1859 966 1931 διαλαμϐάνει,
994 1851 1089 1918 καλ
1116 1864 1218 1919 ὅσα
1238 1868 1657 1937 παρασκευάζει
1686 1868 1751 1923 τὸ
1798 1871 2011 1941 γυμνά·

2115 1869 2436 1934 tationibus,
2475 1884 2703 1939 quaeque
2769 1864 3221 1924 exercitationem
3283 1874 3497 1933 parent.
3551 1863 3689 1920 Hinc

435 1967 573 2006 σιον.
606 1946 741 2006 Εἶτα
787 1955 927 2024 μετὰ
977 1957 1076 2020 τὰς
1108 1959 1432 2030 κενώσειςῆ
1501 1961 1601 2025 τὰς
1655 1961 1991 2033 διαφορήσεις

2110 1971 2233 2032 post
2254 1962 2660 2027 evacuationes,
2700 1975 2794 2015 seu
2846 1962 3133 2015 bumorum
3193 1959 3506 2014 eductiones
3568 1955 3692 2011 illas

431 2042 639 2108 ταύτας
662 2046 758 2109 τὰς
788 2048 890 2101 οὐκ
910 2049 1201 2123 ἐπιδήλους
1224 2053 1354 2125 περὶ
1380 2051 1743 2124 φλεϐοτομίας
1788 2054 2009 2125 διαλαμι

431 2136 606 2202 ϐἀνει,
639 2138 948 2208 τρόπουςτε
965 2142 1068 2212 τῆς
1094 2146 1266 2216 τομῆς
1307 2146 1651 2218 διευκρινῶν,
1695 2148 1789 2201 καὶ
1846 2148 2008 2218 μεγέ-

2109 2052 2377 2117 occultas,
2408 2052 2476 2106 de
2502 2066 2652 2106 venae
2676 2050 2916 2105 sectione
2947 2056 3264 2119 pertractat,
3297 2061 3401 2102 non
3428 2044 3687 2101 sectionis

2107 2152 2322 2199 tantum
2358 2142 2548 2198 modos
2588 2142 2928 2204 discernens,
2957 2141 3053 2194 sed
3080 2138 3246 2193 etiam
3273 2132 3691 2206 magnitudinis,

429 2223 559 2288 θους
587 2229 681 2281 καὶ
704 2232 1000 2300 σχημάτων
1020 2236 1117 2286 καὶ
1145 2234 1338 2306 καιροῦ
1364 2238 1459 2290 καλ
1479 2237 1683 2310 μέτρου
1717 2238 1991 2303 κενώσεως

2110 2233 2432 2299 formarum,
2504 2233 2763 2302 temporis
2799 2229 3114 2300 opportuni,
3168 2239 3333 2298 atque
3386 2224 3684 2281 evacuandi

427 2318 739 2388 ἀναγράφει
766 2337 783 2352 ο
815 2323 943 2393 περί
972 2341 1032 2376 τε
1056 2326 1479 2397 ἀρτηριοτομίας
1520 2328 1615 2382 καὶ
1661 2330 2001 2401 ἀρτηριακοῦ

429 2410 709 2481 ίσχαίμου,
740 2414 837 2467 κα)⁸
859 2416 1072 2481 σικύας,
1104 2418 1199 2471 καὶ
1235 2420 1600 2492 ἐγχαράξεως,
1637 2423 1731 2475 καὶ
1764 2422 1995 2492 βδελλῶν

424 2503 657 2576 ἐκλογῆς
676 2523 737 2559 τε
757 2507 803 2538 ⁷⁸
826 2509 920 2562 καὶ
943 2509 1152 2581 διαίτης
1181 2514 1277 2567 καὶ
1310 2514 1583 2584 χρήσεως,
1622 2515 1748 2586 περί
1770 2533 1829 2567 τε
1860 2516 1999 2569 καθ-

425 2597 695 2667 αιρόντων
741 2601 1069 2671 φαρμάκων,
1102 2604 1197 2656 καὶ
1251 2606 1407 2659 οἴνων
1436 2606 1786 2677 καθαρτικῶν
1809 2606 1998 2677 διαφό-

424 2705 553 2759 ρους
577 2691 621 2721 ⁷⁷
659 2691 975 2757 σκευασίας,
1001 2696 1099 2748 καὶ
1139 2695 1475 2765 οἰνομέλιτος
1527 2697 1860 2769 καθαρτικοῦ
1903 2697 1999 2752 καὶ

423 2780 667 2834 κονδίτου
693 2783 787 2836 καὶ
812 2783 1107 2853 ἀψινθάτου
1140 2786 1233 2839 καὶ
1262 2786 1511 2857 ροσάτου,
1535 2790 1630 2841 καὶ
1655 2788 1997 2859 ῥοδομέλιτος

422 2873 521 2925 κα)⁸
548 2872 887 2944 ὀξυμέλιτος,
922 2877 1091 2947 γάρου
1126 2894 1185 2929 τε
1245 2877 1578 2949 καθαρτικοῦ
1625 2881 1721 2934 καὶ
1780 2880 1996 2950 μέλιτος

421 2964 518 3015 καὶ
548 2966 830 3036 οἰνογάρου
863 2968 907 2999 ⁷⁸
942 2969 1037 3021 καὶ
1065 2966 1357 3036 όξυγάρου,
1396 2968 1582 3038 ζωμοῦ
1633 2988 1691 3023 τε
1725 2971 1996 3041 μαλακτι-

421 3052 525 3111 κοῦ
559 3056 653 3108 καὶ
686 3057 953 3125 γάλακτος
978 3058 1072 3112 καὶ
1097 3059 1293 3112 ἐλαιῶν
1318 3059 1692 3130 καθαρτικῶν,
1718 3063 1847 3132 περὶ
1870 3061 1994 3116 τού-

418 3164 528 3200 των
552 3147 811 3202 άπάντων
842 3149 940 3219 τὴν
989 3150 1338 3206 διδασκαλίαν
1369 3152 1624 3223 προάγει.
1653 3154 1776 3206 Ἔτι
1818 3154 1876 3206 δὲ
1901 3155 1994 3207 καὶ

422 3239 551 3307 περὶ
576 3239 847 3294 συνθέτων
871 3239 1178 3313 ὀξυπορίων
1229 3242 1327 3296 καὶ
1374 3242 1765 3316 καθαρτηρίων
1809 3245 1995 3317 διαφό-

421 3346 553 3399 ρων,
586 3331 682 3384 καὶ
716 3332 1025 3387 παστίλλων
1051 3334 1144 3387 καὶ
1201 3335 1576 3405 βουκελλάτων
1616 3336 1989 3408 καθαρτικῶν.

417 3422 740 3495 ’Λλοηδάριά
786 3442 844 3478 τε
895 3426 1201 3499 καθαρτικὰ
1242 3429 1586 3498 ἀναγράφει,
1649 3430 1744 3483 καὶ
1821 3429 1993 3486 eam

420 3518 641 3588 ὁμοίως,
673 3521 769 3575 καὶ
800 3520 899 3584 τὰς
947 3521 989 3575 ε’
1019 3521 1189 3594 ἱεράς,
1236 3523 1365 3591 [568
1397 3522 1492 3596 IL]
1545 3524 1873 3595 βοηθήματά
1930 3543 1990 3580 τε

418 3614 532 3674 τοῖς
554 3611 781 3666 λαϐοῦσι
805 3612 866 3665 τὸ
889 3614 1259 3686 καθαρτήριον
1299 3615 1391 3669 καὶ
1424 3616 1485 3668 οὑ
1545 3617 1987 3687 καθαιρομένοις,

415 3705 636 3766 καὶτοῖς
665 3704 808 3776 ὑπὲρ
842 3704 1044 3778 μέτρον
1066 3706 1371 3761 κενωθεῖσι.
1398 3706 1535 3777 Περί
1554 3724 1611 3760 τε
1632 3708 1865 3779 ἐμέτων,
1898 3710 1991 3763 καὶ

417 3793 531 3846 τίσι
562 3794 742 3847 δοτέον
772 3795 862 3849 τὸν
893 3796 1200 3867 ἐλλέϐορον,
1226 3798 1321 3852 καὶ
1348 3798 1402 3851 τί
1433 3798 1688 3865 δύναται,
1721 3802 1815 3853 καὶ
1846 3801 1990 3865 τίνες

416 3885 553 3954 πρὸς
585 3886 746 3941 αὑτὸν
808 3888 1133 3957 ἐπιτήδειοι,
1186 3889 1508 3959 δοκιμασίας
1554 3908 1615 3943 τε
1675 3890 1987 3963 ἐλλεϐόρου,

415 3974 510 4027 mi.
543 3979 1001 4048 προπαρασκευὰς
1023 3979 1117 4033 τοῦ
1160 3980 1445 4050 μέλλοντος
1473 3982 1638 4035 αὑτὸν
1666 3982 1865 4051 πίνειν,
1890 3984 1989 4048 τάς

410 4082 471 4118 τε
516 4066 779 4139 διαφορὰς
831 4069 931 4139 τῆς
970 4069 1064 4123 τοῦ
1120 4071 1407 4141 ἐλλεϐόρου
1442 4074 1711 4143 χρήσεως,
1748 4075 1843 4128 καὶ
1888 4075 1989 4146 τὴν

415 4158 545 4226 περὶ
572 4158 697 4222 τοὺς
729 4161 951 4224 πιόντας
974 4162 1137 4215 αὐτὸν
1172 4162 1507 4234 ἐπιμέλειαν.
1537 4165 1673 4235 Περί
1718 4183 1777 4219 τε
1804 4167 1990 4220 ἐπιθε-

413 4247 599 4325 μάτων
654 4250 1003 4322 καὼρτικῶν
1043 4253 1393 4325 διαλαμϐάνει
1416 4271 1431 4285 ’
1480 4256 1577 4309 καὶ
1643 4258 1743 4311 ὅσα
1775 4257 1883 4311 τῶν
1929 4260 1987 4311 ἐν

411 4343 547 4410 ἡμῖν
582 4343 790 4411 μορίων
836 4344 953 4397 ἐστὶ
982 4345 1313 4417 καθαρτικὰ,
1355 4346 1648 4417 ὀφθαλμῶν
1706 4349 1849 4417 λέγω
1890 4350 1986 4404 καὶ

2104 2340 2372 2380 mensurae
2397 2325 2734 2380 describens.
2770 2323 2893 2377 Mox
2921 2322 2987 2377 de
3003 2320 3220 2376 arteriae
3243 2320 3511 2384 sectione,
3541 2326 3595 2372 et
3618 2318 3686 2372 de

2103 2416 2420 2485 sanguinem
2441 2415 2670 2469 sistente
2692 2414 3021 2469 arteriarum
3060 2411 3478 2476 medicamento,
3502 2412 3568 2466 de
3589 2425 3683 2465 cu-

2105 2506 2342 2569 curbita,
2402 2504 2826 2569 scariﬁcatione,
2858 2511 2913 2557 et
2964 2499 3278 2556 birttdinum
3344 2496 3685 2555 delectu.De

2100 2597 2275 2651 victus
2312 2595 2524 2650 ratione
2548 2602 2603 2650 et
2629 2609 2750 2659 usu,
2786 2592 2855 2648 de
2873 2592 3225 2663 purgantibus
3251 2587 3679 2655 medicamentis,

2101 2700 2157 2747 et
2184 2691 2435 2745 vinorum
2475 2688 2825 2759 purgantium
2877 2687 3026 2739 vario
3085 2692 3372 2753 apparatu.
3433 2679 3511 2735 De
3562 2696 3683 2749 pur-

2099 2793 2265 2856 gante
2318 2781 2443 2837 vino
2491 2779 2688 2846 mulso,
2770 2779 3011 2841 condito,
3065 2775 3413 2840 absintltiato,
3473 2785 3676 2835 rosato,

2098 2875 2257 2931 melle
2290 2887 2531 2936 rosaceo,
2567 2880 2724 2926 aceto
2777 2869 2976 2931 mulso,
3012 2868 3250 2936 itemque
3288 2867 3354 2922 de
3390 2881 3519 2935 garo
3553 2882 3681 2934 pur-

2096 2977 2278 3033 gante.
2312 2967 2386 3021 De
2418 2963 2596 3029 melle,
2636 2964 2765 3018 vino
2813 2963 3009 3027 mulso,
3041 2970 3314 3030 oxygato,
3366 2975 3427 3013 ac
3462 2958 3683 3028 jusculo

2099 3056 2409 3112 molliente:
2442 3056 2510 3109 de
2562 3054 2725 3120 lacte,
2777 3064 2944 3121 atque
3004 3050 3163 3105 olivis
3197 3049 3571 3120 purgantibus.
3603 3049 3680 3105 De

2100 3150 2297 3220 quibus
2319 3147 2536 3218 quidem
2564 3143 2822 3202 omnibus
2881 3143 3274 3213 praeceptiones
3314 3140 3498 3195 tradit.
3538 3134 3681 3195 Prte-

2108 3257 2256 3301 terea
2287 3254 2347 3299 et
2396 3244 2465 3297 de
2497 3240 2812 3308 compositis
2842 3238 3032 3309 177b
3072 3236 3350 3308 oxyporis,
3403 3250 3468 3290 ac
3508 3235 3678 3291 variis

2096 3334 2443 3406 purgatoriis,
2474 3334 2647 3402 deque
2678 3331 2926 3400 pastillis,
2946 3339 3013 3390 .et
3051 3329 3365 3385 buccellatis
3398 3329 3679 3398 purganti-

2096 3426 2217 3481 bus.
2250 3423 2532 3479 Aloedaria
2562 3438 2776 3493 quoque
2804 3419 3089 3492 purgantia
3123 3420 3404 3487 describit,
3431 3418 3663 3474 similia-

2097 3532 2201 3587 que
2227 3530 2258 3571 e
2278 3516 2414 3580 sale,
2438 3521 2495 3569 et
2520 3514 2639 3569 illas
2677 3510 2913 3581 quinque
2942 3512 3244 3567 celebratas
3289 3511 3491 3566 bieras.
3518 3510 3685 3565 Auxi-

2097 3608 2280 3663 liantia
2312 3620 2528 3678 quoque
2550 3606 2617 3661 iis
2651 3620 2789 3674 quos
2812 3620 3050 3676 purgans
3085 3598 3536 3659 medicamentum
3567 3620 3677 3660 non

2095 3701 2366 3771 purgavit,
2385 3709 2477 3753 aut
2500 3698 2590 3767 qui
2612 3711 2771 3765 supra
2798 3698 3035 3762 modum,
3052 3695 3294 3750 evacuati
3316 3703 3465 3749 sunt.
3491 3694 3563 3750 De
3581 3710 3683 3750 von

2096 3794 2252 3861 mitu,
2272 3800 2325 3847 et
2341 3792 2540 3862 quibus
2560 3790 2796 3845 dandum
2826 3788 2898 3843 sit
2918 3795 3213 3854 veratrum,
3234 3787 3362 3858 quid
3384 3787 3513 3842 illud
3544 3801 3673 3857 pos-

2096 3882 2189 3949 sit,
2203 3898 2266 3938 ac
2287 3884 2375 3953 qui
2397 3881 2462 3935 ad
2480 3877 2799 3937 sumendum
2817 3879 2943 3948 apti.
2962 3876 3037 3933 De
3056 3878 3424 3948 exploratione
3450 3878 3671 3944 veratri,

2094 3987 2149 4031 et
2163 3975 2555 4045 praeparatione
2572 3976 2814 4031 bibituri.
2838 3976 2911 4030 De
2934 3974 3086 4029 vario
3110 3974 3330 4030 ellebori
3357 3989 3449 4029 seu
3470 3973 3677 4029 veratri

2094 4083 2195 4125 usu
2217 4077 2376 4136 atque
2390 4067 2742 4131 exhibitione,
2763 4067 2895 4122 etde
2914 4081 3042 4121 Cura
3055 4082 3242 4121 eorum
3262 4064 3352 4136 qui
3376 4065 3505 4121 illud
3519 4065 3673 4121 bibe-

2092 4171 2240 4217 runt.
2270 4162 2345 4216 De
2398 4159 2749 4228 epithematis
2790 4159 3148 4229 purgantibus
3208 4158 3579 4228 prosequitur,
3619 4165 3674 4211 et

2093 4265 2428 4323 quaecunque
2459 4250 2514 4305 in
2543 4250 2700 4305 nobis
2720 4258 2905 4318 partes
2935 4258 3264 4319 purgentur,
3304 4258 3432 4317 puta
3460 4248 3670 4312 oculos,

2094 4359 2276 4411 aures,
2300 4352 2357 4399 et
2374 4342 2633 4411 reliquas.
2664 4340 2739 4395 De
2796 4339 3106 4395 sullimento
3135 4340 3202 4393 ad
3258 4338 3511 4393 eumdem
3544 4336 3674 4391 elle-

410 4430 565 4485 ῶτων
593 4434 687 4485 καὶ
721 4433 829 4487 τῶν
883 4435 1113 4505 ἐφεξῆςο
1166 4437 1293 4507 περί
1326 4454 1385 4491 τε
1421 4438 1842 4510 ὑποκαπνισμοῦ
1906 4443 1986 4504 εἰς

2097 4448 2239 4492 ctum
2274 4435 2604 4505 pertinente,
2642 4442 2697 4488 et
2756 4433 2824 4487 de
2877 4432 2946 4486 iis
2996 4446 3117 4500 quas
3161 4430 3342 4484 tenuia
3388 4429 3671 4493 intestina,

407 4523 508 4592 τὴν
537 4524 706 4594 αὐτὴν
728 4526 1009 4595 ἐνέργειαν
1042 4527 1425 4593 συντελοῦντος
1454 4546 1468 4560 ο
1501 4531 1596 4584 καὶ
1631 4532 1762 4601 περὶ
1814 4549 1987 4586 κενω-

408 4615 599 4675 τικῶν.
632 4614 843 4669 λεπτῶν
868 4635 927 4670 τε
958 4620 1197 4690 ἐντέρων
1230 4619 1326 4674 καὶ
1354 4620 1461 4674 τῶν
1505 4620 1685 4692 σιμῶν
1707 4622 1803 4676 τοῦ
1839 4626 1987 4695 ἤπα-

406 4722 498 4767 τος
536 4707 631 4759 καὶ
658 4708 765 4759 τῶν
786 4710 1204 4781 παραπλησίων.
1246 4712 1382 4784 Περί
1407 4730 1465 4766 τε
1500 4712 1677 4784 ἀέρων
1721 4716 1816 4768 καὶ
1858 4717 1986 4771 ἀνέ-

410 4814 527 4866 μων
550 4800 643 4851 καὶ
663 4801 1064 4870 ἐπισημασιῶν,
1108 4804 1317 4859 ὑδάτων
1359 4822 1417 4858 τε
1450 4806 1547 4859 καὶ
1583 4806 1845 4877 λουτρῶν,
1871 4808 1982 4861 τῶν

403 4905 464 4941 τε
478 4891 544 4943 ἐκ
564 4890 755 4961 τέχνης
784 4893 878 4947 καὶ
908 4895 1009 4947 ὅσα
1039 4896 1072 4964 ἡ
1103 4895 1264 4964 φύσις
1312 4897 1623 4968 προήγαγε,
1677 4897 1979 4969 ψυχρολου-

407 4978 529 5043 σίας
552 4997 615 5032 τε
640 4982 856 5053 καὶτῆς
886 4986 966 5046 είς
999 4984 1178 5039 ἔλαιον
1208 4986 1524 5057 ἐμϐάσεωςο
1556 4989 1654 5042 καὶ
1695 4990 1821 5059 περὶ
1868 4988 1978 5042 τῶν

404 5070 501 5123 τοῦ
556 5072 853 5142 προσώπου
908 5073 1259 5146 κλυσμάτων,
1316 5078 1719 5148 καταιονήσεώς
1768 5096 1828 5131 τε
1878 5080 1973 5132 καὶ

410 5163 815 5235 ἐγκαθίσματος
860 5167 956 5222 καὶ
1002 5168 1280 5241 ἐμϐροχῆς
1336 5172 1431 5224 καὶ
1480 5171 1817 5242 πυριάσεως.
1879 5170 1990 5225 Καὶ

2093 4543 2381 4597 semasque
2429 4526 2628 4596 iecoris
2669 4534 2879 4594 partes,
2933 4533 2989 4579 et
3019 4524 3104 4578 bis
3137 4521 3338 4577 similia
3383 4532 3669 4575 evacuaut.

2095 4621 2169 4677 De
2201 4636 2348 4684 aere,
2383 4620 2559 4675 ventis
2623 4633 2687 4671 ac
2741 4617 3019 4671 stellarum
3053 4614 3557 4683 significationibus.
3600 4615 3673 4669 De

2090 4712 2247 4780 aquis
2279 4711 2409 4766 item
2441 4719 2497 4763 et
2518 4709 2748 4773 balneis,
2775 4709 2973 4775 partim
3008 4706 3242 4760 artiﬁcio
3284 4707 3523 4774 paratis,
3549 4720 3673 4772 par-

2094 4804 2189 4857 tim
2223 4812 2419 4857 natura
2452 4801 2754 4871 productis.
2817 4796 2892 4854 De
2960 4798 3155 4868 frigida
3200 4797 3427 4861 lotioue,
3495 4796 3671 4864 deque

2094 4896 2309 4963 insessu
2361 4894 2481 4949 solii
2535 4910 2601 4948 ex
2656 4894 2803 4958 oleo,
2838 4892 2969 4947 etde
3020 4892 3176 4945 faciei
3224 4890 3562 4960 aspersione.
3605 4890 3672 4942 de

2085 4987 2416 5058 perfusione,
2462 4986 2877 5049 inscssiouibus,
2938 4985 3365 5046 lunnectatione,
3412 4992 3468 5036 et
3525 4981 3673 5035 sicco

2088 5081 2351 5135 fomento.
2400 5080 2476 5133 De
2516 5079 2684 5131 variis
2729 5078 3177 5145 cataplasmatum
3222 5074 3529 5144 generibus.
3599 5073 3673 5125 De

2092 5173 2344 5240 dropace,
2383 5171 2678 5239 picatioue,
2736 5170 3060 5237 sinapismo,
3122 5165 3511 5227 rnbricatione,
3537 5173 3591 5217 et
3619 5163 3669 5215 in

408 5256 537 5326 περὶ
564 5256 833 5329 διαφόρων
864 5259 1377 5331 ξκαταπλασμάτων,
1434 5262 1726 5332 δροπάκων
1784 5279 1843 5314 τε
1897 5262 1991 5314 καὶ

2097 5264 2291 5333 quibus
2343 5264 2415 5318 sit
2459 5262 2938 5332 metasyncriticis.
2990 5262 3105 5316 sive
3150 5260 3407 5312 humores
3458 5270 3522 5308 ex
3561 5255 3670 5307 alto

406 5346 723 5413 πιττώσεως
747 5350 840 5404 καὶ⁵
876 5352 1202 5423 σιναπισμοῦ
1250 5355 1344 5407 καὶ
1374 5353 1663 5425 φοινιγμοῦ
1686 5371 1700 5385 ·
1753 5355 1849 5407 καὶ
1881 5354 1974 5407 ἐπὶ

410 5436 519 5489 τίσι
551 5438 819 5509 χρηστέον
851 5439 978 5512 [292
1020 5441 1113 5513 Η.]
1164 5444 1277 5506 τοῖς
1313 5447 1825 5514 μετασυγκριτικοίς
1859 5444 1984 5514 βοη-

410 5527 641 5597 θήμασι.
697 5530 879 5586 Ταῦτα
914 5532 1014 5603 μὲν
1041 5534 1135 5587 καὶ
1158 5536 1187 5587 ὁ
1230 5541 1279 5605 γ’
1324 5534 1471 5606 αὐτῷ
1495 5535 1775 5589 συντάττει
1809 5535 1988 5603 λόγος.

2096 5354 2452 5408 evocantibus
2481 5353 2722 5417 auxiliis,
2760 5354 3037 5406 utendum.
3078 5344 3144 5403 Et
3196 5349 3312 5403 lucc
3356 5346 3570 5417 quidem
3604 5345 3671 5399 li-

2099 5447 2196 5499 bro
2228 5444 2392 5499 tertio
2417 5445 2788 5500 continentur.

1714 5626 1945 5681 νΑΙιΙΑε
1974 5623 2377 5680 LECTIONES.

480 5713 526 5745 "
548 5729 608 5767 τε
639 5715 765 5771 add.
803 5716 867 5771 A.
940 5718 983 5750 ⁷⁷
1018 5717 1275 5791 διαφόρου
1335 5738 1396 5786 ς.
1475 5723 1517 5754 ⁷⁸
1545 5720 1825 5793 οἰνογὰρου
1860 5722 1897 5775 Α
1949 5742 1958 5776 ;
1988 5720 2311 5789 οἰνομέλιτος
2366 5735 2423 5782 ς.
