4030 6248
384 296 489 361 723

453 409 693 480 Quartus
708 410 867 480 liber,
885 426 1005 483 qua:
1033 411 1102 467 ad
1135 411 1390 468 tuendam
1422 411 1789 471 valetudinem
1833 430 1957 485 per—
1983 418 2030 474 Α

386 507 583 572 tinent,
624 506 851 574 colligit.
884 506 1208 578 Auspicatus
1247 522 1379 578 ergo
1404 505 1474 565 ab
1505 509 1796 565 infantium
1826 511 1963 567 edu—

385 599 621 664 catione,
644 598 837 654 borqu
872 614 995 654 cum
1026 600 1269 666 morbos,
1307 610 1421 657 tum
1449 602 1687 657 remedia
1715 601 1959 673 exponit.

383 690 512 761 Agit
541 701 595 746 et
622 693 689 745 de
723 692 966 747 omnium
1010 702 1229 747 :etatum
1276 709 1341 749 ac
1374 695 1748 750 conditionum
1784 696 1960 752 victus

383 784 614 837 ratione.
640 783 716 839 De
746 784 993 838 carnium
1021 784 1151 839 item
1184 784 1568 853 diminutione,
1597 796 1652 841 et
1678 786 1959 856 gracilium

383 873 800 930 instauratione.
832 874 909 931 De
957 876 1280 934 lassitudine
1328 878 1396 934 ab
1450 878 1957 942 exercitationibus,

383 966 556 1034 deque
582 964 741 1035 hujus
774 964 1133 1035 diﬂ‘erentiis;
1160 968 1226 1024 de
1251 983 1312 1022 ea
1341 969 1626 1039 item,qu:e
1655 985 1720 1024 ex
1744 968 1961 1025 Venere

381 1057 579 1123 oritur,
609 1067 663 1113 et
679 1056 833 1125 cujus
866 1075 1033 1116 causa
1077 1061 1384 1131 ignoratur,
1413 1077 1573 1131 quam
1620 1072 1959 1133 spontaneum

380 1148 686 1205 nominant.
741 1149 856 1218 Qua
899 1165 1029 1206 cura
1088 1152 1154 1207 ad
1204 1156 1508 1208 coctionem
1571 1155 1827 1209 utendum
1864 1156 1956 1220 sit,

380 1249 439 1294 et
474 1241 541 1295 de
560 1242 801 1298 densetae
830 1243 972 1298 cutis
995 1244 1305 1313 curatione,
1329 1255 1491 1316 atque
1514 1245 1580 1299 de
1602 1256 1838 1303 aestuoso
1867 1263 1959 1302 ar-

391 1331 525 1386 dore
554 1341 607 1387 et
640 1332 892 1389 frictione
927 1344 1254 1404 opportuna.
1294 1334 1369 1392 De
1421 1338 1713 1403 cruditate,
1743 1356 1807 1396 ac
1836 1355 1958 1396 cra-

377 1422 525 1493 pula,
553 1431 606 1478 et
642 1424 837 1494 aequali
871 1432 1261 1495 temperatura.
1302 1424 1506 1496 Optimi
1532 1440 1792 1497 praeterea
1820 1441 1959 1487 tem-

379 1516 678 1584 peramenti
714 1515 1073 1584 dinotionem,
1110 1528 1167 1574 et
1221 1519 1383 1575 calidi
1435 1522 1798 1592 aliorumque,
1832 1539 1954 1579 cum

378 1605 733 1674 simplicium,
764 1616 879 1662 tum
920 1611 1345 1680 compositorum
1400 1620 1953 1680 temperamentorum

377 1707 534 1752 notas
557 1698 740 1769 (idque
782 1714 891 1755 non
926 1700 1090 1756 modo
1134 1704 1379 1771 corporis
1415 1704 1604 1770 totius,
1654 1706 1749 1760 sed
1782 1714 1838 1759 et
1862 1719 1956 1759 ca—

378 1791 506 1859 pitis
531 1791 763 1858 cerebri,
794 1796 1021 1861 ventris,
1070 1796 1278 1860 cordis,
1299 1795 1529 1866 jecoris.
1569 1811 1633 1853 ac
1666 1796 1951 1853 testiculo-

382 1884 527 1952 rum)
557 1884 750 1940 edocet
783 1885 1126 1959 :horumque
1158 1890 1421 1955 omnium,
1466 1890 1513 1946 si
1547 1890 1689 1948 forte
1721 1907 1752 1948 a
1794 1902 1955 1949 natu-

384 1976 483 2033 rali
520 1989 663 2034 statu
703 1978 1047 2049 deﬂexerint,
1081 1986 1322 2041 remedia
1357 1986 1528 2057 ponit.

448 2245 680 2313 Quintus
708 2248 850 2304 Aetii
891 2248 1052 2312 liber,
1106 2249 1171 2304 de
1200 2250 1424 2316 morbis,
1458 2262 1513 2308 et
1556 2254 1610 2308 in
1663 2252 1852 2324 primis
1888 2257 1954 2314 de

378 2337 620 2394 febribus
660 2339 941 2408 disputat,
981 2341 1181 2412 178a
1233 2358 1463 2413 quorum
1510 2345 1705 2414 signa,
1736 2362 1951 2416 praeno-

379 2429 577 2494 tiones,
605 2428 933 2495 dinotiones,
979 2433 1291 2488 curationes
1328 2434 1619 2503 diligenter
1667 2452 1798 2492 sane
1831 2454 1954 2508 per-

379 2530 597 2586 tractat,
626 2531 681 2576 et
707 2537 1045 2594 quaecunque
1091 2534 1353 2593 praeterea
1387 2528 1454 2580 ad
1498 2527 1637 2581 hanc
1688 2530 1951 2586 medicam

376 2612 890 2683 contemplationem
927 2623 1177 2685 spectant
1218 2619 1528 2684 :quodnam
1585 2616 1759 2673 morbi
1802 2622 1955 2690 priu-

374 2704 572 2772 ripium
603 2706 674 2759 sit
699 2704 1076 2775 iudicandum,
1122 2706 1496 2777 trifariamque
1522 2709 1792 2766 illuddici.
1824 2714 1953 2779 Quae

376 2799 504 2852 item
536 2798 777 2853 accessio
824 2798 1022 2863 morbi,
1057 2813 1286 2868 quaeque
1317 2801 1567 2857 remiSsio
1600 2821 1613 2857 :
1643 2802 1795 2872 vigor
1821 2804 1949 2859 item

374 2898 538 2956 atque
566 2888 877 2953 declinatio,
916 2905 1038 2943 cum
1070 2891 1315 2959 partialis
1384 2893 1557 2948 morbi
1616 2896 1946 2956 accessione.

375 2990 487 3033 tum
514 2983 759 3048 corporis
782 2982 1045 3037 universi.
1080 2985 1209 3050 Quae
1226 2983 1335 3039 sint
1365 2986 1619 3041 sanitatis
1650 2987 1827 3055 signa,
1864 2988 1947 3042 vel

1503 299 1732 361 PHOTI
1739 299 1767 360 Ι
1803 299 2306 362 PATRIARCHIE
2346 301 2455 362 (ΞΡ.

3537 295 3643 364 724

2138 414 2196 468 '0
2224 414 2281 469 δὲ
2314 414 2357 468 δ’
2386 414 2708 485 συναγωγήν
2739 428 2800 471 τε
2822 411 2931 467 τῶν
2957 409 3217 480 ὑγιεινῶν
3242 410 3513 484 περιέχει,
3538 413 3639 483 ἀρ-

2065 506 2292 578 χόμενος
2324 505 2433 561 ἀπὸ
2458 505 2558 576 τῆς
2602 503 2699 559 τοῦ
2730 503 2966 578 βρέφους
3000 504 3233 574 διαίτης,
3294 502 3365 558 τά
3419 520 3481 557 τε
3513 504 3642 574 περὶ

2063 598 2126 654 rb
2155 598 2358 671 βρέφος
2389 596 2540 668 πάθη
2594 597 2690 651 καὶ
2739 596 2840 662 τὰς
2897 596 3201 667 θεραπείας
3244 595 3490 661 διέξεισι,
3543 595 3641 649 καὶ

2065 695 2192 760 περὶ
2218 692 2432 763 διαίτης
2457 690 2650 746 πασῶν
2671 690 2778 744 τῶν
2804 690 3033 761 ἡλικιῶν
3068 690 3167 743 καὶ
3215 688 3326 743 τῶν
3362 689 3641 761 διαφόρων

2066 783 2219 854 βίων,
2252 782 2473 854 σαρκῶν
2496 798 2555 835 τε
2584 781 2967 853 καθαιρέσεως
2996 783 3089 855 καὶ
3145 780 3342 844 ἐνδεῶς
3397 782 3641 852 ἐχουσῶν

2062 874 2384 944 ἀναλήψεως
2408 888 2423 904 ⁸
2459 873 2591 944 περί
2614 890 2677 925 τε
2700 872 2887 925 κόπων
2913 871 3022 925 τῶν
3052 872 3144 926 ἐπὶ
3171 871 3520 942 γυμνασίοις,
3545 872 3639 924 καὶ

2060 968 2160 1038 τῆς
2191 966 2457 1035 διαφορᾶς
2481 963 2684 1029 αὐτῶν,
2714 962 2928 1019 καὶτοῦ
2979 963 3039 1028 ἐξ
3069 963 3402 1036 ἀφροδισίων
3445 963 3637 1027 κόπου,

2060 1057 2289 1114 καὶτῶν
2317 1058 2511 1129 ἄδηλον
2543 1056 2779 1127 ἐχόντων
2820 1055 2920 1126 τὴν
2949 1055 3131 1109 αἰτίαν
3166 1057 3373 1119 κόπων,
3411 1054 3505 1119 οὓς
3553 1054 3641 1108 λέ·-

2058 1168 2248 1220 γουσιν
2283 1148 2691 1221 αὐτομάτουςο
2737 1148 2870 1202 ποία
2895 1164 2956 1201 τε
3010 1147 3300 1218 ἐπιμέλεια
3348 1147 3486 1217 πρὸς
3536 1149 3636 1212 τὰς

2059 1242 2254 1314 πέψεις
2290 1241 2564 1313 χρησίμη,
2644 1239 2740 1293 καὶ
2792 1237 2887 1293 τοῦ
2936 1238 3319 1303 πυκνωθέντος
3368 1239 3635 1309 δέρματος

2027 1334 2349 1408 ,θεραπεία,
2378 1334 2473 1389 κα)⁵
2510 1332 2641 1405 περὶ
2697 1332 3037 1403 ὲγκαύσεως,
3075 1333 3171 1386 καὶ
3216 1333 3349 1404 περὶ
3395 1332 3637 1405 τρίψεως

2056 1425 2602 1498 εὐκαίρου,ἀπεψίας
2642 1442 2703 1480 τε
2747 1424 2843 1480 καὶ
2882 1425 3199 1498 κραιπάλης
3244 1426 3342 1479 καὶ
3393 1424 3633 1494 ὁμαλοῦς

2056 1518 2392 1587 δυσκρασίας
2424 1532 2438 1546 ο
2479 1516 2713 1588 ἀρίστης
2764 1532 2825 1569 τε
2877 1516 3130 1587 κράσεως
3176 1516 3483 1570 ἐκδιδάσκει
3515 1514 3634 1579 διᾴ-

2057 1628 2284 1681 γνωσιν,
2341 1609 2438 1664 καὶ
2483 1609 2695 1680 θερμῆς
2741 1608 3125 1679 γνωρίσματα,
3163 1608 3257 1661 καὶ
3303 1606 3414 1662 τῶν
3459 1606 3635 1661 ἄλλων

2059 1703 2447 1774 ἁπλουστέρων
2493 1718 2554 1755 τε
2583 1701 2678 1755 καὶ
2722 1700 2995 1754 συνθέτων
3026 1700 3301 1771 κράσεων,
3356 1700 3457 1771 οὐχ
3507 1700 3633 1753 ὅλου

2062 1797 2225 1867 μόνον
2262 1793 2361 1847 τοῦ
2384 1792 2432 1826 ⁶¹⁹
2473 1791 2747 1864 σώματος,
2779 1792 2916 1846 ἀλλά
2954 1793 3051 1846 καὶ
3072 1791 3318 1861 κεφαλῆς
3346 1793 3441 1845 καὶ
3466 1793 3630 1860 ἐγκε-

2057 1887 2229 1959 φάλου
2257 1887 2352 1941 καὶ
2382 1885 2621 1956 γαστρὸς
2646 1885 2742 1939 καὶ
2770 1884 3074 1955 πνεύμονος
3106 1884 3202 1938 καὶ
3247 1884 3476 1952 καρδίας
3528 1883 3625 1937 καὶ

2056 1982 2267 2053 ἥπατος
2298 1979 2395 2034 καὶ¹
2433 1979 2664 2051 ὄρχεων,
2713 1976 2810 2031 καὶ
2863 1976 2964 2047 τῆς
2989 1975 3196 2029 τούτων
3228 1975 3483 2030 ἁπάντων
3522 1974 3631 2030 άπὸ

2053 2074 2155 2146 τῆς
2183 2071 2279 2127 τοῦ
2316 2071 2458 2127 κατὰ
2487 2069 2655 2141 φύσιν
2692 2070 2775 2134 είς
2797 2069 2860 2123 rb
2892 2068 3046 2141 παρὰ
3074 2067 3239 2139 φύσιν
3269 2067 3633 2141 παρατροπῆς

2058 2166 2287 2238 ίάματα.

2136 2256 2197 2314 Ὀ
2218 2257 2275 2311 δὲ
2304 2263 2346 2311 ε’
2372 2256 2519 2327 αὐτῷ
2552 2256 2711 2326 λόγος
2741 2255 2870 2327 περὶ
2901 2253 3223 2325 νοσημάτων
3248 2251 3629 2323 διαλαμϐάνει,

2054 2351 2151 2405 καὶ
2184 2350 2291 2422 πρὸ
2327 2350 2438 2404 τῶν
2488 2349 2665 2404 ἄλλων
2709 2348 2839 2419 περὶ
2898 2346 3226 2416 πυρετωδῶν
3281 2345 3629 2416 νοσημάτων,

2053 2442 2152 2507 τάς
2178 2460 2238 2496 τε
2268 2442 2596 2514 σημειώσεις
2624 2439 2806 2494 αὐτῶν
2848 2440 2945 2494 καὶ
2975 2437 3315 2510 προγνώσεις
3374 2438 3468 2491 καὶ
3512 2436 3632 2490 δια-

2053 2532 2287 2603 γνώσεις
2321 2535 2415 2589 καὶ
2443 2533 2742 2604 θεραπείας
2790 2533 2851 2587 οὐ
2886 2533 3184 2604 παρέργως
3231 2530 3487 2598 ἐπεξιὼν,
3536 2532 3632 2583 καὶ

2053 2628 2152 2681 ὅσα
2180 2628 2316 2682 ἄλλα
2335 2628 2382 2660 ⁸ο
2412 2627 2551 2698 πρὸς
2578 2628 2677 2698 τὴν
2725 2625 2977 2699 ἰατρικὴν
3004 2626 3210 2696 ταύτην
3243 2622 3474 2693 θεωρίαν
3496 2640 3630 2676 συν-

2050 2722 2198 2775 τελεῖ
2221 2738 2235 2753 ο
2272 2722 2395 2776 τίνα
2420 2738 2481 2774 τε
2511 2720 2593 2774 δεῖ
2618 2719 2713 2774 τοῦ
2737 2720 3041 2790 νοσήματος
3069 2718 3247 2788 ἀρχὴν
3292 2718 3495 2786 λέγειν,
3532 2718 3628 2769 καὶ

2050 2815 2133 2869 ὅτι
2163 2814 2366 2885 τριχῶς
2390 2813 2633 2882 λέγεται.
2670 2811 2783 2865 Καὶ
2810 2812 2896 2875 τίς
2924 2813 2953 2865 ό
2979 2810 3354 2882 παροξυσμὸς,
3389 2809 3485 2863 καὶ
3541 2809 3627 2874 τίς

2049 2909 2083 2978 ή
2115 2908 2300 2973 ἄνεσις
2330 2907 2424 2963 καὶ⁹
2449 2909 2483 2978 ἡ
2512 2906 2666 2979 ἀκμὴ
2702 2906 2847 2978 καὶὴ
2880 2904 3154 2976 παρακμὴ
3169 2903 3263 2958 τοῦ
3300 2921 3360 2957 τε
3399 2901 3628 2974 μερικοῧ

2050 2997 2408 3071 παροξυσμοῦ
2437 2997 2536 3052 καὶ
2560 2998 2685 3051 ὅλου
2705 2995 2802 3051 τοῦ
2841 2995 3128 3066 σώματος’
3156 2993 3279 3048 τίνα
3337 3011 3397 3047 τε
3428 2995 3630 3063 σημεῖα

376 3072 564 3125 mortis
597 3070 651 3125 in
678 3080 976 3140 aegrotante
1003 3087 1018 3127 :
1042 3082 1096 3127 et
1117 3088 1366 3141 quaenam
1386 3072 1593 3143 borum
1616 3074 1826 3130 tardius
1857 3087 1947 3131 aut

2056 3090 2331 3160 σωτηρίας
2351 3088 2446 3143 τοῦ
2468 3088 2771 3154 νοσοῦντος,
2792 3088 2890 3143 καὶ
2941 3088 3063 3143 τίνα
3094 3086 3340 3158 ὀλέθρια,
3390 3088 3523 3141 ποῖά
3568 3103 3627 3138 τε

373 3162 537 3216 citius
568 3161 653 3217 vel
704 3163 880 3217 medio
913 3164 1093 3224 modo,
1128 3164 1195 3217 ad
1236 3165 1522 3219 sanitatem
1551 3165 1633 3221 vel
1664 3165 1943 3220 interitum

372 3255 650 3323 pertinere
677 3253 1015 3321 iudicentur.
1055 3255 1128 3309 De
1163 3257 1414 3325 pulsuum
1448 3257 1621 3326 signis
1663 3268 1719 3313 et
1753 3258 1942 3313 urina-

370 3361 489 3397 rum
524 3346 800 3400 dinotioue
830 3364 843 3399 :
872 3361 935 3401 ac
980 3348 1108 3416 quid
1141 3348 1254 3403 haec
1292 3349 1595 3420 designent.
1629 3350 1705 3405 De
1754 3366 1946 3407 excre—

373 3445 675 3490 tuentorutn
716 3438 878 3505 notis,
907 3439 1251 3509 vomitusque
1284 3442 1622 3508 przeuotione
1670 3456 1735 3496 ac
1778 3442 1944 3512 signi-

369 3525 638 3582 ficatione.
697 3527 774 3582 De
831 3530 1108 3598 sanguinis
1166 3546 1197 3586 e
1252 3534 1480 3588 naribus
1525 3534 1829 3601 eruptione.
1887 3545 1943 3590 et

369 3616 618 3673 muliebri
639 3620 977 3689 purgatione.
1005 3620 1079 3676 De
1093 3622 1236 3678 notis
1257 3624 1467 3680 criticis
1493 3624 1753 3680 sudorum
1776 3634 1942 3694 atque

368 3712 717 3775 abscessuum
755 3729 770 3770 :
808 3723 861 3768 et
885 3714 951 3769 de
986 3716 1185 3771 indicio
1212 3730 1243 3771 e
1287 3728 1467 3786 sputo.
1509 3716 1773 3774 Medicum
1804 3734 1944 3788 prae-

372 3812 517 3857 terea
544 3803 682 3859 bene
717 3804 956 3873 peritum
989 3807 1358 3877 cogniturum,
1391 3808 1682 3864 morbusne
1702 3808 1941 3878 perfecte

370 3894 577 3948 solutus
607 3895 699 3961 sit,
733 3911 938 3964 annon,
978 3899 1193 3953 etiamsi
1230 3898 1368 3954 forte
1398 3899 1604 3956 solutus
1652 3901 1937 3958 videatur:

369 3985 509 4038 diem
526 3986 690 4040 etiam
716 3997 880 4057 atque
911 3986 1045 4043 adeo
1072 3988 1285 4056 horam,
1321 4004 1425 4059 qua
1449 3990 1521 4045 sit
1554 4000 1789 4061 aegrotus
1825 4005 1940 4046 mo-

371 4074 593 4129 riturus.
617 4073 694 4130 De
714 4076 1071 4146 popularibus
1091 4087 1146 4131 et
1179 4078 1561 4134 communibus
1586 4095 1652 4134 ac
1668 4079 1940 4148 pestiferis

370 4166 576 4222 morbis
614 4169 893 4233 tractatio,
926 4180 983 4224 et
1013 4171 1081 4225 de
1108 4170 1174 4226 iis
1205 4172 1298 4240 qui
1329 4171 1497 4227 variis
1525 4188 1589 4228 ex
1619 4174 1799 4229 causis
1814 4190 1940 4245 syn-

366 4272 497 4328 cope
528 4260 915 4329 corripiuntur,
938 4262 1115 4331 deque
1152 4263 1319 4316 animi
1353 4264 1609 4333 deliquio,
1651 4266 1794 4332 quod
1848 4282 1938 4320 va-

367 4350 461 4405 riis
485 4352 610 4405 item
647 4365 713 4404 ex
746 4353 931 4407 causis
964 4354 1225 4410 animanti
1251 4356 1489 4410 obvenit.
1518 4357 1591 4411 De
1619 4357 1936 4413 febricitan-

2050 3180 2234 3235 αὐτῶν
2268 3179 2488 3252 βράδιον
2518 3179 2553 3250 ἢ
2585 3180 2772 3252 τάχιον
2811 3180 2844 3252 ἧ
2880 3180 2969 3235 διὰ
3016 3179 3112 3233 τοῦ
3160 3180 3328 3251 μέσου
3383 3178 3628 3249 κρίνεται

2052 3272 2194 3345 πρὸς
2217 3272 2316 3343 τὴν
2341 3271 2531 3341 ὑγείαν
2587 3272 2621 3343 ἢ
2649 3272 2743 3326 καὶ
2768 3273 2906 3342 πρὸς
2961 3271 3054 3326 τὸν
3085 3271 3339 3327 θάνατον.
3398 3269 3535 3340 Περί
3565 3286 3625 3321 τε

2051 3364 2325 3437 σφυγμῶν
2355 3364 2712 3435 σημειώσεως
2762 3365 2858 3418 καὶ
2885 3362 3066 3435 οὔρων
3111 3362 3474 3431 διαγνώσεως,
3531 3362 3629 3415 καὶ

2048 3454 2103 3509 τί
2125 3454 2348 3525 δηλοῦσι
2372 3454 2547 3510 ταῦτα
2579 3471 2595 3487 ⁸
2624 3456 2719 3509 καὶ
2751 3455 2882 3527 περὶ
2897 3454 3339 3527 διαχωρημάτων
3376 3452 3624 3524 σημειώ-

2050 3563 2190 3611 σεως
2210 3547 2421 3618 ἐμέτων
2447 3564 2509 3601 τε
2538 3545 2919 3619 προγνώσεως.
2948 3547 3044 3602 καὶ
3067 3547 3170 3618 τῆς
3215 3546 3274 3614 ἐξ
3303 3546 3485 3600 αὐτῶν
3522 3563 3592 3615 στι
3612 3573 3624 3582 -

2056 3640 2341 3709 μειώσεως
2372 3654 2389 3669 ⁶
2413 3638 2787 3711 αἱμορῤαγίας
2814 3656 2875 3692 τε
2914 3641 2979 3693 ἐκ
3017 3637 3202 3710 ῥινῶν,
3237 3638 3333 3693 καὶ
3382 3639 3482 3705 τῆς
3529 3654 3627 3704 γυ-

2048 3731 2293 3796 ναικείας
2341 3730 2702 3801 καθάρσεως⁶
2771 3730 2899 3802 περί
2947 3748 3009 3783 τε
3045 3729 3155 3783 τῶν
3218 3727 3484 3800 κριτικῶν
3531 3744 3628 3796 ση-

2051 3821 2219 3891 μείων
2239 3820 2350 3875 τῶν
2382 3821 2524 3876 κατά
2538 3822 2667 3885 τοὺς
2700 3820 2931 3893 ἱδρῶτας
2972 3819 3068 3875 καὶ
3111 3819 3213 3884 τὰς
3268 3818 3622 3881 ἀποστάσεις,

2046 3912 2145 3966 καὶ¹
2174 3910 2277 3982 τῆς
2302 3911 2412 3967 ἀπὸ
2448 3911 2561 3965 τῶν
2578 3911 2825 3966 πτυέλων
2856 3910 3284 3983 τεκμηριώσεως
3306 3928 3320 3941 ·
3354 3911 3453 3965 καὶ
3486 3911 3569 3964 ὅτι
3596 3911 3625 3963 ὁ

2045 4004 2269 4074 ἄριστος
2298 4004 2483 4075 ἰατρὸς
2504 4003 2712 4058 εἵσεται
2735 4006 2784 4058 εί
2808 4004 3042 4075 βεϐαίως
3072 4005 3135 4059 rb
3160 4005 3377 4077 νόσημα
3402 4003 3621 4057 λέλυται

2046 4097 2140 4150 καὶ
2170 4097 2221 4148 εί
2253 4095 2328 4166 μὴ
2345 4095 2586 4162 λέλυται,
2612 4096 2717 4150 κᾶν
2757 4096 2888 4167 δοκῇ
2906 4097 2977 4163 ⁸¹,
3007 4097 3110 4167 τήν
3162 4114 3224 4150 τε
3279 4096 3493 4167 ἡμέραν
3526 4100 3623 4151 καὶ

2044 4188 2194 4260 ὥραν
2215 4188 2274 4241 ὲν
2361 4189 2391 4241 ό
2421 4188 2596 4242 νοσῶν
2615 4188 2708 4241 τὸν
2741 4188 2858 4258 βίον
2884 4188 3192 4260 ἀπολείψει.
3224 4188 3353 4261 [569
3379 4187 3471 4260 3.]
3491 4187 3625 4260 Περί

2043 4295 2103 4331 τε
2131 4278 2431 4349 πανδήμων
2464 4279 2559 4331 καὶ
2593 4278 2877 4349 ὲπιδήμων
2920 4280 3015 4333 καὶ
3046 4278 3330 4351 λοιμωδῶν
3378 4280 3623 4348 νοσημάο

2042 4386 2153 4423 των
2178 4370 2396 4424 ἔκθεσιν
2428 4371 2688 4436 ποιεῖτα.,
2719 4371 2817 4424 καὶ
2869 4372 3001 4443 περὶ
3031 4372 3141 4427 τῶν
3164 4373 3304 4426 κατὰ
3332 4372 3622 4443 διαφόρους

365 4442 498 4494 tiutu
554 4443 771 4514 capitis,
819 4446 1055 4511 aurium,
1133 4456 1294 4516 atque
1372 4450 1653 4505 oculorum
1728 4449 1934 4516 dolore,

2050 4462 2224 4526 αἰτίας
2246 4463 2734 4534 συγκοπτομένων,
2765 4463 2861 4517 καὶ
2891 4442 3021 4536 περὶ
3051 4466 3152 4535 τῆς
3170 4465 3312 4519 κατὰ
3332 4442 3622 4535 διαφόρους

363 4537 656 4601 insomnia,
700 4538 925 4594 luminis
952 4539 1318 4608 hebetatinne,
1350 4556 1416 4597 ac
1446 4544 1514 4597 de
1546 4558 1732 4597 eorum
1779 4558 1927 4599 cura-

364 4630 509 4682 tione
529 4630 727 4698 quibus
742 4631 1061 4700 sanguinem
1087 4647 1181 4701 per
1195 4648 1353 4687 nares
1384 4633 1436 4688 in
1460 4632 1702 4689 febribus
1726 4632 1945 4690 efﬂuere

360 4708 651 4788 contingit,
678 4729 734 4773 et
762 4721 1035 4788 quomodo
1077 4722 1149 4777 sit
1204 4723 1593 4791 providendum
1624 4721 1943 4778 febricitan-

364 4807 528 4862 tibus.
560 4808 637 4864 De
664 4811 867 4875 vesica,
920 4811 1090 4867 urinae
1132 4812 1465 4877 difﬁcultate,
1493 4813 1797 4869 lumborum
1837 4816 1938 4869 do-

362 4899 591 4964 loribus,
626 4901 694 4956 de
740 4904 983 4957 ulcerato
1008 4904 1120 4974 jam
1168 4920 1293 4960 osse
1338 4918 1519 4970 sacro,
1574 4919 1638 4960 ac
1686 4905 1932 4970 testibus,

360 4998 415 5043 et
454 5006 579 5043 auo.
616 4989 690 5045 De
749 4993 981 5061 pustulis
1014 5009 1111 5062 per
1149 5003 1318 5048 totum
1350 5010 1548 5064 corpus
1578 4994 1813 5060 diﬁ'usis,
1845 4999 1933 5051 vel

361 5088 414 5140 iu
440 5086 687 5155 corporis
717 5096 871 5157 parte
897 5089 1063 5153 natis,
1082 5104 1147 5144 ac
1179 5092 1247 5144 de
1268 5090 1616 5156 tremoribus,
1643 5101 1697 5145 et
1721 5092 1937 5145 convul-

357 5176 626 5232 sionibus.
664 5177 870 5244 Quibus
906 5179 1034 5235 item
1073 5180 1257 5236 dulces
1302 5181 1554 5251 potiones
1595 5182 1649 5235 in
1695 5180 1934 5238 febribus

360 5271 593 5325 maxime
627 5270 790 5327 utiles
821 5270 954 5346 sint,
987 5272 1329 5342 praescribit:
1371 5272 1552 5343 ibique
1597 5271 1734 5328 liber
1777 5274 1937 5344 quin-

360 5370 444 5415 tus
479 5363 701 5419 desiuit.

2040 4553 2221 4618 αἰτίας
2243 4554 2748 4627 ὲπισυμϐαινούσης
2767 4555 2844 4628 τῷ
2865 4555 2990 4626 ζώῳ
3009 4557 3229 4611 λειποθυ
3239 4557 3391 4621 μίας,
3406 4554 3536 4626 περί
3558 4573 3617 4609 τε

2039 4646 2139 4715 τῆς
2192 4648 2251 4700 ὲν
2281 4648 2538 4718 πυρετοῖς
2582 4648 2954 4719 κεφαλαλγίας
3018 4650 3111 4702 καὶ
3156 4648 3465 4719 ἀγρυπνίας
3525 4653 3619 4699 καὶ

2041 4736 2320 4806 ὠταλγίας
2346 4739 2440 4793 καὶ
2474 4739 2781 4812 ὀφθαλμίας
2806 4740 2900 4794 καὶ
2937 4738 3335 4811 ἀμαυρώσεως,
3384 4738 3479 4792 καὶ
3530 4738 3616 4805 ἐφ’

2041 4820 2118 4883 ὧν
2152 4829 2386 4901 αἵματος
2440 4831 2597 4904 ῥύσις
2628 4834 2689 4887 ὲν
2714 4834 2968 4904 πυρετοῖς
3012 4830 3317 4903 συμϐαίνει,
3355 4834 3455 4900 τῆς
3491 4828 3616 4883 τού-

2039 4932 2149 4969 των
2180 4917 2611 4990 ἀποθεραπείας,
2646 4920 2797 4985 ὅπως
2828 4937 2890 4974 τε
2935 4919 3263 4993 προνοητέον
3309 4919 3453 4972 κατὰ
3490 4921 3615 4983 τοὺς

2040 5010 2311 5079 πυρετοὺς
2334 5010 2580 5077 κύστεώς
2606 5030 2666 5066 τε
2700 5014 2794 5067 καὶ⁵
2814 5012 3125 5085 δυσουρίας,
3182 5013 3277 5066 καὶ
3316 5011 3425 5065 τῶν
3487 5011 3617 5081 περὶ

2037 5101 2211 5171 ὀσφὺν
2231 5103 2567 5174 ἀλγημάτων
2599 5105 2932 5169 έλκωθέντος
2980 5106 3075 5160 τοῦ
3110 5106 3255 5177 ἱεροῦ
3299 5104 3460 5159 ὀστοῦ
3519 5104 3616 5158 καὶ

2040 5190 2234 5261 όσχέου
2266 5193 2313 5226 ⁸³
2337 5196 2371 5266 ἢ
2402 5195 2709 5252 δακτυλίου.
2741 5199 2852 5253 Καὶ
2886 5200 3014 5270 περὶ
3046 5199 3438 5270 ἐξανθημάτων
3493 5198 3615 5253 καθ’
3708 5256 3711 5257 ,

2041 5281 2164 5338 ὅλον
2193 5285 2255 5338 rb
2275 5286 2435 5357 σῶμα
2458 5288 2491 5360 ἢ
2529 5288 2621 5342 καὶ
2645 5289 2788 5344 κατά
2811 5289 2940 5362 [295
2966 5290 3061 5364 H.]
3092 5292 3256 5363 μέρος
3292 5291 3618 5362 συμϐαινόν-

2043 5390 2153 5427 των
2201 5378 2343 5430 κατά
2370 5378 2499 5443 τοὺς
2548 5383 2818 5451 πυρετοὺς
2835 5378 2906 5447 ⁸³,
2961 5383 3219 5453 καὶπερὶ
3264 5384 3483 5453 τρόμων
3520 5382 3616 5435 καὶ

359 5457 668 5525 σπασμῶνσ
697 5454 783 5523 οἷς
830 5460 1053 5530 πόματα
1106 5457 1238 5529 ἡδέα
1290 5461 1431 5513 κατά
1476 5462 1602 5526 τοὺς
1655 5465 1923 5534 πυρετοὺς
1973 5467 2209 5537 μάλιστα
2272 5474 2676 5544 χρησιμεύοντα
2728 5479 3035 5534 συντάττει.
3088 5479 3177 5532 Ἐν
3251 5476 3427 5548 τούτῳ
3514 5475 3613 5549 μὲν

359 5544 454 5597 καὶ
473 5545 503 5599 ὁ
533 5544 574 5599 ε’
597 5548 777 5619 λόγος.

1675 5642 1909 5699 νΑιιιΑῑ
1945 5643 2240 5702 LECTION
2247 5646 2350 5704 ES.

429 5727 473 5759 ⁷³
501 5727 595 5783 τοῦ
626 5732 749 5789 add.
780 5733 846 5789 A.
922 5733 967 5767 ⁸ο
994 5734 1130 5791 ἄλλα
1165 5736 1290 5792 add.
1321 5737 1388 5794 A.
1479 5739 1519 5770 ⁸⁸
1557 5739 1733 5794 δοκεῖν
1791 5757 1850 5804 ς.
1928 5740 1974 5776 ³⁸
1992 5742 2197 5813 όσχέων
2225 5760 2285 5807 ς.
2335 5743 2411 5818 ’⁸³
2446 5759 2584 5799 κατα
2609 5745 2733 5809 τοὺς
2772 5747 3037 5819 πυρετοὺς
3087 5746 3210 5803 add.
3248 5748 3313 5803 Δ.
