4030 6248
403 300 508 363 725

1494 306 2017 369 BIBLIOTHECA.
2045 331 2116 344 σ-
2148 307 2311 369 COD.
2342 306 2587 368 CCXXI.

3534 288 3645 361 726‘

486 407 575 461 Ἐν
593 407 653 462 δὲ
676 406 754 479 τῷ
782 426 828 475 ςτ
866 410 1009 481 λόγῳ
1028 410 1154 484 περὶ
1173 411 1281 467 τῶν
1315 411 1418 483 τῆς
1447 414 1687 486 κεφαλῆς
1724 416 1818 470 καὶ
1855 416 1949 470 τοῦ

2125 415 2292 471 Sexto
2347 430 2509 485 porro
2544 413 2680 468 libro
2714 411 2780 468 de
2830 410 3027 479 capitis
3087 418 3141 464 et
3169 404 3377 465 cerebri
3439 407 3639 462 morbis

402 500 707 569 ἐγκεφάλου
734 502 1006 555 παντοίων
1033 502 1255 567 διέξεισι
1282 505 1490 574 παθῶν,
1520 507 1696 561 ταῦτά
1733 526 1793 562 τε
1836 513 1973 566 ἀνα-

400 593 669 647 διδάσκων
701 594 917 659 καὶτὰς
951 595 1247 667 θεραπείας
1270 598 1451 651 αὐτῶν
1525 599 1751 665 Διέξεισι
1778 602 1837 656 δὲ
1872 605 1971 659 καὶ⁹

400 684 532 754 περὶ
562 684 963 757 λυσσοδήκτων,
993 690 1087 742 καὶ
1120 689 1248 760 περὶ
1288 690 1631 762 ἀποπληξίας
1665 695 1760 747 καί
1793 713 1973 768 παρα-

401 773 633 839 λύσεως,
665 777 955 846 παρέσεώς
981 796 1042 832 τε
1058 777 1261 850 ὀφρύος
1288 781 1321 851 ἢ
1351 780 1636 853 βλεφάρων
1667 786 1761 838 καὶ
1789 785 1971 854 γλώσ-

404 882 505 936 σης
534 869 629 922 καὶ
667 869 762 923 τοῦ
798 871 1105 941 φωνητικοῦ
1136 873 1365 943 ὀργάνου
1391 875 1488 927 καὶ
1510 878 1865 941 καταπόσεως
1892 878 1974 950 τῷ

405 958 558 1029 αὐτῷ
580 961 1029 1031 κατασχεθέντων
1059 964 1223 1019 πάθει
1243 981 1259 998 ο
1301 966 1396 1020 καὶ
1447 964 1577 1037 περὶ
1633 968 1732 1039 τῆς
1765 968 1971 1023 τούτων

403 1048 703 1120 θεραπείας
731 1068 743 1081 ⁶
777 1053 904 1124 περί
927 1072 987 1107 τε
1016 1056 1238 1109 κυνικοῦ
1261 1058 1540 1129 σπασμοῦ,
1594 1061 1691 1115 καὶ
1720 1064 1849 1133 περὶ
1889 1063 1973 1117 θε-

409 1140 641 1207 ραπείας
674 1141 919 1208 κύστεως
964 1145 1318 1217 παρεθείσης,
1349 1148 1553 1203 καυλοῦ
1581 1167 1642 1203 τε
1676 1151 1772 1205 καὶ
1798 1152 1973 1206 ἀπευ-

405 1229 679 1301 θυσμένου
703 1236 797 1288 καὶ
824 1236 1048 1299 σκέλους
1080 1239 1173 1291 καὶ
1212 1240 1401 1309 ἑτέρου
1435 1241 1578 1306 τινὸς
1620 1242 1793 1298 κώλου
1814 1261 1829 1276 ο
1875 1244 1971 1299 καὶ

406 1323 536 1392 περὶ
572 1326 818 1391 τετάνου,
849 1328 944 1380 καὶ
992 1330 1122 1399 περὶ
1157 1329 1427 1401 διαφόρων
1472 1334 1853 1403 κεφαλαλγιῶν
1905 1338 1972 1390 ἐκ

405 1414 676 1508 διαφόρων
707 1418 898 1471 αἰτιῶν
924 1420 1364 1490 συμϐαινουσῶν,
1392 1424 1520 1495 περί
1553 1442 1614 1479 τε
1662 1427 1966 1496 κεφαλαίοις

407 1505 501 1557 καὶ
532 1505 888 1580 ήμικραίρας.
928 1511 1276 1567 Ἀλωπεκιῶν
1299 1532 1360 1567 τε
1391 1515 1685 1587 θεραπείας
1722 1519 1970 1591 ἀναγρά-

405 1612 497 1662 φει
521 1598 615 1650 καὶ
630 1599 832 1669 τριχῶν
851 1602 1091 1672 ῥεουσῶν
1108 1605 1203 1657 καὶ
1218 1605 1436 1675 ὀφρύων
1458 1606 1887 1680 λιποτριχουσῶν
1901 1612 1969 1680 ⁸⁸,

2074 508 2185 579 agit
2210 508 2478 563 universis
2498 546 2515 572 ,
2548 520 2654 561 non
2691 504 2788 560 ltos
2814 503 2988 559 solum
3021 503 3285 565 edocens,
3340 500 3433 554 sed
3470 512 3645 552 reme-

2072 600 2158 654 dia
2188 612 2402 669 quoque
2425 600 2686 668 ipsorum.
2719 595 2843 665 Agit
2871 604 2926 649 et
2952 594 3016 647 de
3045 590 3369 646 commorsis
3397 603 3427 641 a
3458 587 3647 640 rabido

2070 705 2238 755 cane,
2274 698 2330 745 et
2362 690 2429 743 de
2462 685 2742 757 ap0plexia
2772 693 2936 753 atque
2962 680 3217 752 paralysi.
3249 679 3324 733 De
3372 676 3645 746 supercilii

2074 789 2164 835 aut
2195 778 2575 849 palpebrarum
2623 774 2985 838 resolutione,
3032 771 3272 839 itemque
3326 770 3392 822 de
3425 768 3644 835 lingua,

2021 862 2027 871 ’
2074 879 2126 925 et
2148 870 2316 924 vocali
2370 869 2769 930 instrumento,
2809 880 2873 919 ac
2900 864 3023 933 gula
3062 863 3188 916 dntn
3223 862 3326 916 hoc
3357 860 3475 929 ipso
3507 857 3651 912 malo

2072 964 2435 1025 infestantur,
2455 969 2511 1014 et
2534 960 2601 1014 de
2629 958 2824 1013 horum
2852 955 3153 1010 curatione.
3185 951 3261 1006 De
3290 949 3483 1005 canina
3516 961 3653 1002 cou-

2069 1055 2354 1120 vulsione,
2400 1060 2455 1107 et
2483 1051 2761 1106 curatione
2794 1046 3045 1102 resolutae
3101 1043 3331 1106 vesicae,
3368 1039 3524 1109 penis
3596 1048 3653 1092 et

2071 1144 2309 1202 intestini
2362 1142 2519 1198 recti.
2554 1143 2628 1196 lie
2650 1143 2865 1202 cruris,
2916 1136 3206 1190 alteriusve
3273 1117 3651 1201 cujuscunque

2065 1229 2299 1294 'rnembri
2326 1233 2625 1300 medicina;
2656 1246 2721 1287 ac
2761 1232 2828 1285 de
2859 1238 3037 1284 tetano
3068 1240 3164 1280 seu
3195 1223 3544 1279 distentione.
3572 1220 3651 1275 De

2070 1330 2260 1400 capitis
2281 1327 2473 1398 17gb
2506 1326 2667 1380 variis
2689 1323 2961 1379 doloribus
2978 1336 3009 1375 e
3024 1319 3251 1374 diversis
3267 1316 3444 1371 causis
3468 1322 3650 1369 ortum

2071 1420 2410 1486 ducentibus,
2458 1432 2523 1473 ac
2553 1418 2619 1472 de
2648 1413 2917 1485 cepltalaaa
2948 1421 3003 1467 et
3039 1408 3392 1465 ltemicrania.
3440 1404 3652 1460 Descri-

2071 1515 2151 1571 bit
2176 1521 2231 1570 et
2273 1511 2581 1569 curationes
2613 1507 2977 1578 alopeciarum
3003 1544 3018 1570 ,
3054 1501 3373 1570 capillorum
3406 1497 3651 1554 deﬂuen-

2073 1609 2240 1672 tium,
2272 1615 2327 1661 et
2352 1603 2607 1675 depilium
2636 1598 3073 1670 superciliorum.
3100 1595 3232 1661 Quae
3260 1594 3389 1645 item
3429 1588 3652 1658 capillos

404 1688 608 1759 τριχῶν
631 1708 689 1744 τε
710 1681 995 1764 βάμματα,
1026 1697 1122 1750 καὶ
1148 1698 1353 1753 τούτων
1377 1700 1654 1766 οὑλοποιὰ,
1681 1705 1971 1772 άφανιστι-

2074 1700 2303 1769 tingunt,
2325 1698 2589 1767 crispent,
2614 1694 2935 1762 exstirpent,
2955 1688 3264 1745 delabentes
3280 1685 3489 1756 juvent,
3513 1690 3652 1753 atte-

407 1782 482 1833 κά
511 1798 570 1834 τε
602 1762 838 1854 τριχῶν,
880 1787 972 1841 καί
1022 1788 1437 1861 ἀφανιζομένων
1484 1762 1826 1866 βοηθήματα,
1878 1800 1971 1852 καὶ

2076 1799 2263 1856 nuent,
2288 1762 2508 1858 unaque
2534 1787 2725 1841 borum
2758 1782 3000 1853 psilotra.
3032 1779 3106 1834 De
3146 1775 3466 1837 furfuribus,
3507 1787 3654 1826 mor—

404 1871 674 1943 ψὶλωθρα,
699 1876 794 1929 καὶ
823 1877 1152 1935 λεπτυντικὰ
1176 1882 1402 1952 τριχῶν.
1448 1886 1583 1956 Περί
1620 1904 1679 1940 τε
1721 1890 1975 1961 πιτυριάο

407 1980 546 2028 σεως
592 1966 683 2019 καὶ
709 1966 1093 2039 φθειριάσεως,
1142 1973 1373 2045 άχώρων
1396 1993 1480 2041 τε,
1521 1976 1617 2030 καὶ
1645 1979 1756 2032 τῶν
1819 1982 1879 2034 ὲν
1902 1984 1971 2055 τῇ

402 2059 615 2129 κεφαλῇ
639 2061 1047 2131 συμϐαινόντων
1077 2065 1207 2119 ἄνευ
1234 2069 1546 2138 προφανοῦς
1582 2072 1765 2137 αἰτίας
1815 2074 1973 2140 ἑξαν-
1997 2118 2009 2129 .

402 2148 667 2220 θημάτων
693 2167 707 2181 ·
738 2154 833 2208 καὶ
860 2155 1066 2210 τούτων
1091 2159 1345 2215 ἁπάντων
1403 2162 1496 2214 καὶ
1524 2161 1635 2215 τῶν
1681 2165 1974 2237 παραπλη-

399 2241 537 2295 σίων
556 2243 828 2315 διέρχεται
856 2246 1173 2318 θεραπείας.
1212 2252 1323 2305 Kal.
1342 2252 1452 2307 τῶν
1486 2255 1545 2308 ὲν
1568 2255 1671 2309 ὠσὶ
1697 2257 1973 2329 διαφόρων

394 2349 459 2385 τε
483 2336 576 2388 καὶ
602 2337 665 2389 ἐκ
689 2336 947 2408 διαφόρου
978 2343 1156 2406 αἰτίας
1193 2346 1615 2413 συμπιπτόντων
1637 2348 1846 2413 παθῶν,
1876 2350 1971 2404 καὶ

395 2425 541 2495 πρὸς
584 2426 682 2488 τὰς
723 2428 782 2495 ἐξ
855 2431 1034 2485 αὐτῶν
1072 2435 1467 2507 αἰμοῤῥαγίας,
1523 2438 1617 2491 καί
1675 2441 1803 2508 περί
1840 2458 1974 2511 παρ-

402 2517 635 2582 ωτξδων,
664 2522 758 2575 καὶ
788 2521 889 2579 ὅσα
933 2526 1077 2580 κατὰ
1108 2528 1207 2600 τὴν
1264 2532 1386 2600 ῥῖνα
1444 2531 1754 2587 συνίσταται
1799 2536 1968 2607 πάθη,

402 2610 535 2681 περί
557 2628 616 2665 τε
650 2617 997 2685 πταρμικῶν,
1022 2621 1115 2674 καί
1145 2622 1204 2688 ἐξ
1256 2618 1331 2677 ὧν
1359 2624 1473 2679 ἔστι
1514 2627 1737 2692 τούτους
1779 2629 1971 2684 πλεον-

394 2701 635 2793 άζοντας
674 2707 901 2762 παῦσαι.
940 2711 1076 2783 Περὶ
1103 2713 1307 2769 τούτων
1336 2718 1590 2773 ἁπάντων
1621 2721 1822 2793 ἰάματα
1875 2727 1969 2781 καὶ

393 2790 697 2862 θεραπείας
728 2797 787 2848 ὲν
813 2798 892 2868 τῷ
923 2798 975 2865 ς’
1016 2803 1310 2873 καταλέγει
1339 2808 1502 2878 λόγῳ.

471 2883 627 2937 Κατὰ
649 2885 707 2939 δὲ
737 2888 831 2939 τὸν
864 2887 929 2955 ζ’,
961 2893 1083 2945 ἐπεὶ
1103 2894 1148 2927 ⁸⁵
1176 2896 1204 2948 ὀ
1232 2895 1391 2961 ἕκτος
1420 2900 1569 2972 αὐτῷ
1600 2902 1672 2957 τὰ
1718 2905 1825 2959 ἀπὸ
1871 2924 1966 2961 κε-

390 2974 577 3044 φαλῆς
601 2977 748 3050 πάθη
779 2981 940 3050 μέχρι
990 2982 1144 3039 ὤτων
1172 2987 1267 3040 καὶ
1302 2989 1450 3059 ῥινὸς
1500 2994 1594 3046 καὶ
1626 2993 1729 3058 τάς
1760 2998 1968 3053 τούτων

392 3068 574 3186 ﬁdius
613 3070 825 3186 διεξιὼμ
870 3074 1086 3178 ἱσταται
1113 3118 1128 3145 ,
1190 3081 1321 3150 περὶ
1388 3083 1604 3152 φύσεως
1659 3088 1965 3162 ἀπάρχεται
1992 3125 2039 3186 c

385 3158 695 3231 ὀφθαλμῶν
717 3164 939 3219 καὶτῶν
967 3171 1375 3241 συνισταμένων
1391 3176 1519 3246 περί
1548 3177 1747 3243 αὐτοὺς
1768 3158 1966 3235 παντοε

385 3251 582 3306 δαπῶν
613 3254 825 3321 παθῶν,
874 3257 1078 3314 ἐσωθέν
1122 3278 1181 3315 τε
1237 3263 1337 3335 τὴν
1372 3266 1551 3320 αἰτίαν
1586 3271 1967 3343 προϐαλλομέο

387 3359 526 3406 νων,
564 3346 659 3399 καὶ
683 3347 783 3400 ὅσα
822 3351 887 3403 ὲκ
910 3351 1018 3404 τῶν
1049 3352 1208 3418 ἐκτὸς
1253 3358 1636 3429 ὲπισυμϐαίνει
1683 3365 1778 3419 καὶ
1826 3365 1961 3420 ἀπο-

385 3435 659 3530 τίκτεται.
685 3440 821 3512 Περί
844 3460 903 3497 τε
937 3445 1364 3519 άρτηριοτομίας
1393 3451 1658 3517 διδάσκει,
1712 3459 1806 3511 καὶ
1837 3459 1967 3530 περὶ

388 3528 706 3615 σκυθισμοῦ
739 3536 833 3587 καὶ
863 3534 1279 3611 ὑποσπαθισμοῦ
1301 3543 1397 3595 καὶ
1429 3544 1807 3615 ἀγγειολογίας
1835 3564 1849 3579 ·
1906 3528 1967 3604 έν

384 3614 479 3683 οἷς
496 3622 869 3713 έπιχρίσματά
898 3630 1072 3713 τεκαὶ
1097 3632 1539 3704 καταπλάσματα
1596 3614 1700 3691 καί
1733 3638 1968 3713 διάφορα

386 3710 723 3783 κουλλούρια
742 3714 811 3780 ’⁸,
840 3716 908 3770 δι’
932 3712 1008 3771 ὧν
1034 3719 1103 3773 τά
1131 3721 1240 3776 τῶν
1270 3722 1564 3795 ὀφθαλμῶν
1588 3710 1959 3798 θεραπεύεται

386 3802 568 3873 πάθη,
595 3808 894 3864 συντάττει.
927 3809 1113 3865 Ταῦτα
1133 3813 1232 3884 μὲν
1262 3818 1405 3871 κατά
1428 3817 1519 3871 τὸν
1542 3816 1588 3883 ζ’
1637 3819 1786 3892 αὐτῷ
1809 3822 1967 3893 λόγον

387 3893 787 3964 φιλοπονεῖται.

478 4072 571 4127 Ἐν
587 4075 645 4129 δὲ
671 4076 749 4149 τῷ
782 4076 834 4149 η’
855 4076 1008 4148 λέγει·
1034 4080 1132 4151 μέν
1152 4098 1205 4135 τι
1233 4082 1354 4137 κατ’
1386 4084 1564 4155 ἀρχὰς
1621 4087 1751 4157 περὶ
1785 4087 1965 4142 διακοο

390 4160 662 4228 νεμήσεως
691 4162 934 4233 ὀφρύων,
961 4166 1016 4219 τί
1042 4185 1101 4220 τε
1142 4168 1257 4223 ἔστι
1284 4170 1377 4224 καὶ
1424 4173 1573 4236 ὅπως
1631 4175 1841 4242 γίνεται
1898 4177 1981 4232 τά

390 4248 644 4313 ὑπώπια,
680 4253 773 4304 καὶ
793 4255 942 4318 ὅπως
970 4255 1109 4311 αὐτὰ
1136 4258 1519 4329 θεραπευτέον.
1541 4264 1731 4330 Ὅπως
1760 4284 1819 4321 τε
1855 4267 1968 4322 ὑπὸ

390 4338 549 4407 ἡλίου
580 4339 614 4409 ἣ
649 4342 854 4412 ἀνέμου
889 4346 963 4417 μὴ
993 4348 1357 4405 ὲπικάοιτο.τὸ
1382 4353 1697 4424 πρόσωπον,
1752 4357 1846 4411 καὶ
1894 4358 1977 4413 δι’·

2075 1882 2144 1936 bo
2174 1879 2463 1949 pediculari
2484 1916 2500 1942 ,
2529 1875 2822 1932 achoribus
2842 1911 2859 1939 ,
2921 1882 3155 1941 qumque
3206 1865 3369 1935 capiti
3401 1864 3655 1918 accidunt

2075 1980 2191 2035 sine
2221 1992 2385 2033 causa
2422 1973 2711 2030 manifesta
2775 1969 3043 2041 pustulis,
3073 1975 3127 2022 et
3180 1963 3373 2021 horum
3409 1957 3652 2014 omnium

2074 2079 2236 2139 atque
2290 2066 2548 2123 similium
2605 2062 2955 2120 incidentium
2985 2058 3298 2113 morborum
3360 2050 3652 2107 medicina.

2071 2137 2204 2215 Item
2248 2172 2369 2229 qua:
2400 2156 2621 2211 auribus
2672 2152 2823 2208 varia
2871 2148 3147 2217 variisque
3191 2144 3258 2199 de
3293 2141 3471 2197 causis
3514 2137 3653 2193 mala

2073 2253 2354 2315 accidunt,
2382 2258 2436 2304 et
2459 2248 2719 2302 adversus
2740 2238 3019 2311 sanguinis
3045 2252 3111 2292 ex
3138 2233 3269 2304 ipsis
3293 2229 3607 2302 eruptiones
3636 2243 3650 2282 :

2070 2361 2135 2401 ac
2157 2346 2224 2400 de
2246 2341 2603 2413 parotidibus.
2625 2336 2700 2392 De
2717 2330 3093 2391 aﬂ‘ectionibus
3116 2329 3354 2396 insuper,
3372 2338 3492 2393 qua:
3509 2320 3651 2413 nari-

2070 2436 2172 2491 bus
2211 2411 2567 2502 contingunt,
2627 2436 2686 2483 et
2736 2425 2801 2480 de
2850 2416 3290 2481 sternutatoriis,
3351 2428 3415 2467 ac
3458 2411 3655 2482 quibus

2069 2525 2412 2597 potissimum
2490 2516 2746 2575 remediis
2813 2510 3177 2569 redundantes
3233 2502 3652 2561 sternutationes

2068 2594 2511 2689 sedari-possint.
2545 2610 2749 2667 Horum
2801 2605 3044 2663 omnium
3072 2598 3309 2657 medelas
3337 2604 3393 2653 et
3420 2594 3667 2651 curatio-t

2069 2727 2165 2769 nes
2181 2711 2319 2767 libro
2331 2718 2487 2766 sexto
2511 2710 2781 2764 recenset.

2140 2892 2384 2963 Septimo
2417 2897 2541 2960 post
2579 2887 2694 2942 lucc
2727 2883 2866 2940 libro
2894 2880 3058 2953 (quod
3106 2887 3260 2934 sexto
3299 2873 3492 2945 capitis
3522 2870 3655 2927 all'e—

2070 2988 2281 3041 ctiones
2307 2993 2362 3039 et
2400 2982 2617 3036 morbos
2642 2978 2706 3033 ad
2733 2991 2891 3032 aures
2936 2986 3103 3042 usque
3126 2982 3181 3026 et
3217 2983 3408 3033 nares,
3439 2978 3657 3018 earum-

2068 3076 2302 3143 d‘emque
2351 3073 2585 3143 partium
2647 3067 2959 3123 curationes
3010 3070 3155 3118 esset
3204 3055 3540 3132 persecutus)
3591 3054 3657 3108 de

2067 3165 2348 3222 oculorum
2375 3178 2518 3218 nunc
2542 3170 2729 3215 natura
2751 3158 2983 3221 orditur,
3015 3164 3069 3210 et
3100 3151 3399 3221 omnigenis
3432 3146 3657 3202 morbiso

2066 3260 2157 3331 qui
2191 3258 2336 3314 circa
2371 3255 2520 3324 ipsos
2541 3252 2729 3309 oculos
2747 3248 3123 3311 concitantur,
3158 3244 3271 3299 sive
3289 3255 3507 3297 causam
3558 3237 3660 3291 ali-

2067 3328 2228 3423 quam
2284 3349 2597 3404 iuteriorem
2642 3343 2716 3398 illi
2766 3338 3145 3412 praetendant,
3176 3335 3289 3389 sive
3315 3332 3383 3386 ab
3414 3328 3655 3385 externis

2068 3442 2396 3515 proveniant
2427 3447 2591 3508 atque
2623 3437 2935 3505 gignantur.
2973 3430 3046 3485 De
3082 3426 3405 3481 arteriarum
3436 3433 3653 3490 quoque

2068 3510 2311 3591 sectione
2364 3537 2631 3601 praecepta
2682 3524 2875 3588 tradit,
2920 3531 2977 3576 et
3015 3520 3080 3575 de
3129 3516 3465 3588 scythismo,
3505 3526 3569 3565 ac
3592 3510 3662 3565 de

2069 3623 2265 3681 frontis
2322 3636 2420 3692 per
2473 3617 2803 3674 submissum
2870 3609 3186 3680 scalpellum
3266 3603 3657 3669 excoriatione,

2068 3726 2436 3782 venat-umque
2460 3710 2667 3767 delectu
2694 3726 2708 3764 :
2736 3706 2825 3762 ubi
2847 3714 2905 3761 et
2924 3705 3180 3759 illitiones
3198 3741 3215 3767 ,
3242 3698 3656 3782 cataplasmata,

2067 3805 2217 3860 varia
2275 3780 2623 3874 collyriorutn
2652 3811 2883 3869 genera,
2918 3795 3113 3863 quibus
3165 3789 3443 3847 oculorum
3484 3780 3659 3841 morb‘

2070 3906 2363 3961 curantur,
2423 3890 2745 3965 praescribit.
2798 3888 2930 3956 Quae
2959 3885 3179 3957 quidem
3235 3882 3373 3937 libro
3429 3879 3660 3950 septimo

2068 4004 2192 4047 cum
2221 4002 2353 4044 cura
2383 3992 2601 4041 tractat.

2139 4077 2345 4136 Octavo
2383 4082 2565 4130 autem
2616 4072 2758 4128 libro
2781 4069 2949 4126 refert
2975 4069 3044 4125 ab
3097 4066 3252 4123 initio
3307 4065 3555 4135 quantam
3593 4062 3661 4118 de

2071 4172 2155 4228 his
2192 4184 2311 4241 quae
2364 4164 2652 4237 supercilia
2688 4171 2993 4221 exornent:
3041 4160 3166 4231 quid
3225 4157 3531 4229 suggillatio
3555 4155 3659 4210 sub

2069 4264 2229 4320 oculo
2273 4262 2348 4317 sit
2382 4278 2399 4317 :
2429 4274 2643 4330 quaque
2670 4257 2787 4313 haec
2807 4256 3019 4312 ratione
3065 4263 3120 4307 et
3154 4251 3266 4313 ﬁat,
3322 4260 3376 4304 et
3415 4258 3657 4303 curetur.

2071 4357 2348 4426 Quomodo
2381 4370 2412 4410 a
2443 4354 2555 4410 sole
2578 4361 2633 4408 et
2660 4361 2819 4407 vento
2852 4365 2958 4407 non
2991 4348 3248 4402 aduratur
3271 4345 3535 4407 facies,ac
3562 4356 3661 4411 per

386 4424 466 4483 ὧν
496 4430 645 4485 ἔστιν
674 4436 1041 4506 άῤῥυτίδωτον
1075 4442 1205 4493 αὐτὸ
1237 4448 1523 4516 συντηρεῖν
1554 4447 1648 4501 καὶ
1698 4449 1960 4520 μελανίας

2071 4463 2189 4520 quae
2221 4449 2336 4503 haec
2368 4445 2557 4501 eadem
2598 4442 2721 4497 sine
2757 4442 2906 4511 rugis
2930 4436 3278 4502 conservari;
3305 4444 3481 4488 atrum
3509 4432 3659 4487 colo-

388 4524 760 4626 ἀπαλλάττειν
783 4529 877 4582 καὶ
898 4531 1071 4596 άλλως
1099 4533 1226 4605 [572
1246 4534 1343 4607 IL]
1375 4538 1718 4610 ἐπικοσμεῖν,
1741 4544 1836 4596 καὶ
1869 4544 1964 4597 τὸν

386 4616 489 4667 τοῦ
546 4616 796 4687 σώματος
851 4623 1037 4693 χρῶτα
1107 4627 1244 4695 πρὸς
1300 4628 1527 4683 εὐωδίαν
1573 4632 1961 4700 μεταϐάλλειν.

404 4705 689 4760 Ἐντεῦθεν
702 4710 828 4779 περὶ
847 4712 1066 4767 πάντων
1093 4714 1205 4768 τῶν
1237 4715 1379 4769 κατὰ
1407 4718 1472 4770 τὸ
1513 4719 1807 4789 πρόσωπον
1864 4721 1962 4775 καὶ

320 4842 323 4845 ,
390 4794 633 4863 στόμα⁸⁸
667 4798 758 4850 καὶ
776 4800 1089 4869 παρίσθμια
1140 4804 1547 4874 συνισταμένων
1605 4806 1965 4878 διαλαμϐάνει

389 4884 523 4957 [294
550 4886 645 4959 HC]
669 4890 876 4955 παθῶν,
905 4893 1006 4945 ὃσα
1031 4910 1091 4946 τε
1118 4894 1337 4966 πρόεισι
1383 4896 1482 4966 τὴν
1530 4899 1708 4953 αἰτίαν
1762 4898 1966 4954 ἔσωθεν

385 4978 649 5042 λαϐόντα,
690 4984 786 5035 καὶ
814 4983 914 5037 ὅσα
938 4986 1003 5038 ἐκ
1026 4986 1135 5039 τῶν
1160 4989 1318 5052 ἐκτὸς
1344 4990 1752 5061 ὲπισυμϐαίνει,
1788 4986 1900 5046 οἷον
1918 4994 1965 5026 ⁸⁸

384 5069 625 5125 ὀδόντων
648 5090 707 5125 τε
744 5076 1057 5145 περιέχεται
1088 5079 1309 5133 ποικίλα
1335 5080 1483 5151 πάθη
1542 5082 1636 5135 καί¹
1670 5082 1961 5153 θεραπεία,

387 5162 488 5213 καὶ
522 5163 796 5235 γλώσσης,
828 5168 923 5220 καὶ
952 5170 1358 5240 γαργαρεῶνος,
1384 5173 1480 5226 καὶ
1503 5173 1693 5239 ἁπλῶς
1743 5174 1845 5227 ὃσα
1896 5177 1965 5247 τῇ

386 5258 711 5327 περιγραφῇ
741 5259 1173 5330 συμπεραίνεται
1203 5263 1250 5295 ⁸³
1286 5261 1383 5317 τοῦ
1414 5264 1682 5337 στόματος
1703 5281 1721 5299 ο
1751 5259 1826 5321 ὧν
1849 5267 1970 5321 ἐστὶ

2070 4553 2183 4594 rem
2210 4549 2443 4599 exuere,
2471 4541 2564 4587 aut
2594 4530 2697 4586 alia
2728 4531 2940 4584 ratione
2975 4525 3201 4580 nitidior
3236 4523 3389 4577 reddi
3415 4561 3431 4587 ,
3466 4536 3660 4590 corpo-

2068 4631 2254 4699 risque
2276 4628 2445 4697 ipsius
2471 4627 2612 4681 cutis
2646 4623 2812 4679 odora
2835 4618 2974 4676 eiIici
2999 4618 3186 4689 possit.
3226 4614 3362 4671 Hinc
3386 4614 3455 4670 de
3485 4615 3660 4669 omni-

2066 4723 2168 4778 bus
2199 4723 2265 4779 iis
2317 4722 2519 4777 morbis
2545 4719 2636 4789 qui
2676 4718 2743 4773 ad
2770 4716 2958 4771 faciem
3011 4722 3067 4769 et
3116 4726 3179 4768 os
3205 4720 3368 4780 atque
3414 4707 3665 4764 tonsillas

2065 4815 2390 4880 excitantur,
2420 4819 2734 4883 pertractat,
2764 4807 2878 4864 sive
2906 4806 2983 4860 illi
3009 4805 3077 4860 ab
3108 4802 3400 4859 iutrinseco
3436 4807 3660 4870 accepta

2062 4916 2225 4957 causa
2257 4902 2523 4972 prodeant
2548 4938 2563 4962 ,
2587 4898 2700 4953 sive
2727 4899 2795 4950 ab
2832 4893 3150 4951 extrinsecis
3172 4889 3394 4947 evenire
3424 4886 3657 4943 soleant.

2064 4992 2314 5047 Dentium
2348 5005 2482 5063 ergo
2528 4989 2619 5045 bic
2661 4987 2813 5043 varia
2872 4985 3222 5041 continentur
3279 4977 3661 5036 incommoda.

2068 5098 2365 5155 eorumque
2392 5082 2603 5138 curatio
2657 5088 2773 5135 :ut
2800 5086 2856 5134 et
2902 5078 3119 5149 linguae,
3178 5071 3538 5145 gurgulionis,
3596 5084 3660 5121 ac

2073 5186 2392 5231 ceterorum
2420 5173 2662 5229 omnium
2695 5185 2818 5242 quae
2847 5171 2959 5225 oris
3003 5166 3235 5223 termino
3266 5161 3599 5217 definiuntur
3631 5171 3651 5211 ι

2077 5281 2184 5337 quo
2217 5266 2272 5321 in
2303 5279 2528 5322 numero
2577 5271 2869 5320 censentur
2902 5260 3193 5333 Cynanclte
3220 5257 3333 5329 (39)
3360 5264 3525 5323 atque
3556 5250 3656 5318 Sy-

1698 5374 1937 5433 ἾΑΒΙᾹΞ
1962 5377 2366 5437 LECTIONES.

387 5480 751 5609 ϐάῖεξῖιῖιὲί
822 5485 1008 5540 una"
1033 5489 1169 5541 καὶὸ
1195 5505 1258 5552 ς’
1327 5489 1375 5522 ⁸⁸
1399 5489 1548 5547 κολλ·
1575 5491 1643 5547 Α⁶
1717 5493 1762 5527 ⁸⁷
1790 5492 1886 5549 καῖ
1911 5493 2087 5565 στόμα
2104 5509 2215 5552 om.
2252 5497 2318 5555 A.
2387 5494 2435 5529 ⁸⁸
2457 5487 2569 5549 οἷον
2599 5508 2683 5566 pr.
2704 5490 2752 5547 Α
2778 5509 2793 5546 :
2829 5485 3016 5542 εἴωθεν
3046 5501 3106 5550 ς.
3180 5484 3224 5520 ⁸³
3259 5477 3663 5552 συμπαραλαμ.

1908 5632 2140 5693 ΝΟΤιΕ.

465 5708 575 5781 ι39)
606 5712 879 5771 Βίεῑίηοιεο
910 5725 1035 5773 sunt
1057 5718 1266 5790 angina:
1300 5719 1526 5787 species.
