4030 6248
307 259 414 327 72⁸7

1471 253 1734 314 ΡΗΟΤΙΙ
1770 244 2276 311 PATRIARCH/E
2315 244 2426 304 ΟΡ.

3445 232 3552 295 728

310 373 525 432 aancba
564 374 618 430 in
644 351 894 432 faucibus
921 373 1280 429 consistentes
1307 367 1482 423 morbi
1507 381 1523 420 :
1553 366 1661 421 imo
1686 372 1740 419 et
1763 372 1882 417 ton-

2008 358 2142 427 ιαὶή
2197 355 2445 426 κυνάγχη
2509 353 2603 408 καὶ
2662 352 2930 422 συνάγχη,
2979 351 3110 420 περὶ
3163 345 3258 402 τὸν
3301 344 3560 412 φάρυγγα

307 468 548 524 sillarum
581 475 820 523 tumores
851 463 1228 535 suprascriptis
1249 460 1529 517 accedunt.
1563 456 1730 512 Docet
1759 455 1884 508 item

307 573 414 629 qua
440 558 649 615 ratione
685 557 879 627 179a
896 555 1235 626 strangulati,
1268 552 1502 607 nondum
1533 561 1712 603 tamen
1743 559 1888 599 mor-

312 647 412 710 tui,
443 645 742 702 refocillari
773 643 979 710 possint
1003 681 1018 708 ,
1046 652 1156 697 tum
1191 641 1260 696 de
1289 641 1611 694 arteriarum
1640 633 1885 688 affectio-

308 738 474 792 nibus
507 752 572 792 ac
599 736 851 792 remediis
877 736 1137 804 diSputat.
1190 733 1266 789 De
1295 732 1553 787 catharro
1585 740 1802 798 quoque
1824 739 1889 780 ac

311 829 445 883 tussi
467 843 654 898 agens,
684 827 980 898 pharmaca
1009 825 1171 890 simul
1202 824 1372 880 tussis
1391 821 1630 878 dolorem
1654 815 1890 872 levantia

306 919 568 974 describit
584 961 602 986 ,
631 935 754 975 cum
773 918 1132 974 auditionibus
1156 928 1212 972 et
1227 914 1594 986 epithetnatis.
1614 910 1689 965 De
1709 908 1894 964 ortho-

307 1009 514 1076 pnoicis
527 1010 785 1080 posthac,
801 1021 856 1066 et
867 1009 1157 1076 anbelosis,
1175 1022 1421 1078 aegreque
1447 1005 1692 1074 spiritum
1705 1002 1897 1056 ducen-

309 1099 453 1156 tibus
482 1100 740 1166 disserit,
796 1116 861 1156 ac
897 1102 964 1157 de
995 1099 1435 1171 palpitationibns
1489 1096 1632 1149 circa
1675 1107 1791 1148 cor.
1821 1091 1896 1148 De

311 1189 585 1256 pulmonis
645 1192 882 1265 denique
931 1206 996 1246 ac
1051 1190 1286 1260 pectoris
1347 1184 1548 1241 morbis
1612 1186 1906 1252 postquam’

311 1280 812 1346 tractavit,librum
850 1281 1065 1336 tandem
1115 1279 1369 1334 claudunt
1415 1274 1804 1346 praeceptiones
1831 1274 1898 1326 de

312 1369 631 1437 pleuritide,
657 1382 766 1426 tam
798 1387 920 1441 qua:
947 1386 1074 1426 vere
1119 1371 1306 1432 adest,
1346 1381 1509 1437 quam
1540 1378 1660 1436 quae
1701 1363 1898 1417 adesse

313 1472 572 1530 putatur,
625 1464 912 1534 utriusque
966 1464 1154 1518 harum
1207 1458 1602 1529 descriptione,
1671 1467 1898 1525 quaeque

314 1551 382 1605 ad
401 1567 498 1608 eas
529 1553 798 1608 curandas
823 1551 1047 1620 faciunt,
1073 1551 1325 1620 adjectis.

1997 449 2364 518 συνιστάμενα
2403 443 2572 515 πάθη.
2600 445 2782 498 Κα“ιαὶ
2815 441 3064 504 ἀντιάδες
3083 441 3130 474 ⁹⁰
3170 439 3229 493 δὲ
3252 438 3364 500 τοῖς
3409 437 3560 506 εἰρη-

1998 539 2181 610 μένοις
2208 535 2690 607 συμπεριέχονται.
2714 534 2838 596 Πῶς
2863 533 2924 586 τέ
2955 533 3075 586 εστι
3105 527 3330 584 δυνατὸν
3352 528 3560 580 ἀνακα-

1993 629 2254 684 λέσασθαι
2308 629 2438 690 τοὺς
2496 625 2914 696 ἀπαγχομένους
2936 665 2951 690 ,
3005 622 3174 694 μήπω
3225 619 3303 690 τῷ
3352 615 3558 686 θανάτῳ

1999 721 2490 794 παραδεδομένους.
2509 719 2645 790 Περί
2656 735 2717 771 τε
2735 715 3082 788 άρτηριακῶν
3100 711 3290 767 παθῶν
3307 710 3404 764 καὶ
3422 725 3558 781 φαρ-

2000 816 2190 884 μάκων
2219 812 2544 882 ἀναγραφὴν
2574 813 2833 872 ποιεῖται,
2865 808 2959 864 καί⁹
2979 807 3109 878 περὶ
3136 804 3418 876 κατάρρου
3468 801 3566 856 καὶ

1999 909 2166 981 βηχός
2187 926 2203 941 ο
2231 910 2328 962 καὶ
2363 907 2606 961 ἀνώδυνα
2637 903 2839 975 βηχικά
2869 904 3137 975 φάρμακα
3165 898 3394 970 γράφει,
3429 897 3566 951 ὑπο..

1999 1000 2342 1071 καπνισμούς
2381 1017 2442 1052 τε
2491 1000 2586 1052 καὶ
2627 997 2955 1066 ὲπιθέματα.
3016 992 3155 1065 Περὶ
3193 989 3565 1062 ὀρθοπνοῖκῶν

1999 1111 2059 1148 τε
2086 1094 2178 1148 καὶ
2201 1091 2554 1162 ἀσθματικῶν
2571 1093 2665 1144 καὶ
2687 1086 3028 1142 δυσπνοῖκῶν
3050 1083 3434 1154 διαλαμϐάνει,
3460 1097 3561 1134 πε-

2005 1185 2056 1252 ρί
2079 1201 2139 1237 τε
2179 1183 2409 1253 παλμῶν
2438 1182 2547 1234 τῶν
2573 1181 2717 1235 κατά
2741 1182 2840 1250 τὴν
2866 1178 3094 1250 καρδίαν
3117 1193 3134 1210 ο
3181 1177 3278 1230 καὶ⁴
3307 1173 3390 1228 ἔτι
3432 1171 3564 1244 περί

2004 1275 2108 1348 [τε]
2137 1277 2245 1330 τῶν
2269 1274 2365 1330 τοῦ
2394 1273 2694 1344 πνεύμονος
2715 1272 2811 1326 καὶ
2845 1271 3094 1340 Θώρακος
3115 1268 3305 1323 παθῶν
3348 1263 3564 1331 διεξιὼν

2005 1365 2364 1436 συμπεραίνει
2382 1364 2476 1420 τὸν
2501 1364 2659 1432 λόγον
2682 1364 2763 1426 είς
2785 1361 2883 1433 τὴν
2909 1360 3260 1414 διδασκαλίαν
3273 1358 3375 1427 τῆς
3395 1356 3567 1409 πλευ-

2006 1454 2224 1526 ρίτιδος,
2258 1455 2356 1524 τῆς
2377 1472 2441 1508 τε
2478 1453 2644 1524 οὔσης
2691 1453 2911 1522 καὶτῆς
2937 1450 3322 1522 νομιζομένης,
3373 1447 3458 1512 τίς
3502 1463 3567 1500 τε

2005 1546 2242 1617 ἑκατέρα
2267 1545 2494 1611 τούτων,
2512 1543 2869 1616 ὑπογράφων,
2901 1542 2998 1597 καλ⁵
3029 1543 3130 1596 ὅσα
3161 1541 3241 1604 είς
3270 1536 3569 1611 θεραπείαν

2005 1639 2187 1693 αὐτῶν
2226 1637 2490 1693 συντελεῖ.

385 1718 540 1776 Νοηο
564 1721 701 1777 libro
734 1723 923 1793 incipit
955 1723 1022 1778 de
1047 1722 1312 1779 cardiacis
1351 1721 1584 1786 morbis,
1617 1723 1898 1793 pergitque

2069 1728 2227 1783 Κατά
2251 1729 2311 1782 δὲ
2347 1729 2439 1783 τὸν
2475 1727 2520 1782 θ’
2551 1727 2712 1796 λόγον
2767 1725 3078 1799 ἀπάρχεται
3126 1723 3226 1794 μὲν
3261 1721 3391 1793 περὶ
3433 1739 3571 1794 καρα-

318 1826 478 1879 porro
533 1812 602 1867 de
632 1812 716 1867 bis
773 1828 967 1884 agere,
1013 1814 1211 1884 quibus
1270 1822 1386 1868 atra
1425 1814 1532 1870 bile
1588 1818 1901 1870 stomachus

319 1903 703 1970 perturbatur:
756 1913 848 1957 aut
895 1905 1054 1973 siqui
1100 1915 1362 1974 praetcrea
1413 1906 1583 1960 morbi
1614 1905 1899 1960 ventriculi

317 2009 380 2049 ns
443 1988 719 2048 infestant.
775 1994 1174 2065 Cataplasmata
1225 1997 1290 2052 iis
1322 2007 1485 2069 atque
1518 1996 1760 2061 auxilia,
1809 1998 1902 2066 qui

317 2083 487 2138 variis
514 2086 780 2140 stomachi
839 2087 994 2142 malis
1022 2097 1341 2157 torquentur
1363 2128 1383 2156 ,
1419 2103 1765 2144 enumerans.
1798 2087 1902 2142 lbi-

316 2174 438 2230 dem
469 2179 537 2232 de
573 2177 641 2232 iis
659 2193 873 2248 quoque
913 2179 1056 2248 agit,
1081 2181 1227 2250 quia
1268 2182 1554 2236 stomacho
1588 2180 1902 2250 epileptico-

317 2281 434 2320 rum
455 2281 605 2324 more
630 2268 1026 2335 convellantur;
1055 2271 1291 2340 itemque
1321 2271 1385 2326 de
1419 2270 1804 2341 inappetentia;
1836 2271 1903 2326 de

315 2359 510 2414 canino
539 2360 816 2428 appetitu,
875 2363 1183 2426 cruditate,
1249 2371 1304 2416 et
1359 2363 1549 2416 horum
1598 2363 1900 2418 curatione.

325 2451 490 2506 Docet
514 2451 581 2505 ad
605 2453 718 2506 haec
745 2468 849 2523 qua
883 2453 1093 2508 ratione
1115 2453 1334 2523 crapula
1365 2453 1739 2509 laborantibus
1782 2454 1904 2522 opi-

315 2540 592 2596 tulandum
618 2543 710 2607 sit,
736 2550 791 2597 et
817 2541 919 2598 alvi
937 2543 1175 2599 astricta:
1198 2558 1383 2598 curam
1399 2543 1747 2613 praescripsit.
1778 2542 1916 2612 Agit,

316 2631 536 2701 insuper
567 2633 632 2687 de
669 2634 975 2700 inflatione,
1004 2641 1060 2688 et.
1126 2633 1340 2689 volvulo
1365 2674 1380 2699 ,
1437 2649 1532 2688 seu
1585 2634 1890 2704 gracilioris

316 2725 556 2780 intestini
585 2725 953 2780 obstructione
972 2767 988 2793 ,
1016 2741 1080 2782 ac
1107 2727 1340 2796 denique
1371 2728 1435 2782 de
1488 2725 1740 2780 omnibus
1764 2767 1781 2792 ,
1811 2725 1903 2795 qui

315 2815 504 2872 colicis
540 2815 814 2872 doloribus
853 2817 1184 2872 cruciantur.
1210 2816 1287 2871 De
1315 2817 1522 2872 ventris
1550 2817 1802 2883 fluxione,
1825 2800 1906 2871 at-

315 2921 421 2978 que
449 2907 515 2961 de
544 2907 789 2971 cmliaca,
818 2922 980 2976 quam
1009 2915 1241 2971 vocant',
1296 2904 1597 2960 aﬂ'ecﬁone.
1643 2905 1719 2958 De
1755 2905 1905 2959 colli-

316 2997 574 3066 quatione
605 3013 621 3052 :
682 2998 748 3052 de
778 2996 1058 3052 lumbricis
1083 3012 1205 3052 cum
1260 2996 1510 3051 rotundis
1531 3037 1547 3064 ,
1590 3006 1700 3049 tum
1731 2995 1856 3050 latis
1887 3015 1900 3051 :

317 3090 384 3143 de
419 3088 485 3143 iis
505 3104 624 3158 qua:
643 3091 920 3145 ascarides
936 3091 1302 3156 nominantur,
1328 3089 1499 3157 deque
1529 3090 1904 3144 intestinorum

319 3179 892 3245 passionibus.Eorum
936 3195 1151 3252 quoque
1196 3181 1434 3234 remedia
1488 3180 1770 3246 describit,
1817 3181 1908 3250 qui

317 3287 528 3339 aurum,
564 3273 656 3342 qui
679 3289 785 3338 res,
817 3272 901 3327 vel
941 3274 1043 3327 tale
1077 3273 1203 3340 quid
1235 3272 1630 3342 deglutiverunt
1661 3291 1674 3326 :
1707 3273 1910 3343 dyseno

321 3362 504 3417 tericis
525 3365 653 3418 item
682 3380 802 3433 qua:
826 3363 908 3418 vel
926 3379 1162 3433 superne
1194 3363 1278 3419 vel
1315 3363 1526 3420 inferne
1553 3365 1914 3429 immittantur

320 3454 556 3509 remedia
575 3463 968 3511 commemorat
987 3469 1004 3510 :
1021 3453 1282 3523 pastillos,
1305 3456 1600 3524 supposita,
1620 3465 1910 3525 unguenta,

319 3554 648 3623 epithemata
670 3593 685 3618 ,
725 3551 898 3606 donec
928 3549 1143 3606 tandem
1176 3551 1232 3606 in
1265 3565 1515 3608 sermone
1570 3551 1816 3607 lienteria
1831 3551 1912 3622 ,Ιί-

317 3647 473 3700 brum
510 3643 678 3698 finiat.

390 3820 663 3876 Decimum
707 3820 905 3876 librum
934 3821 1246 3891 auspicatur
1279 3822 1346 3875 ab
1372 3821 1914 3898 imbecillitatejeco-

325 3914 420 3978 ris,
454 3915 679 3980 indeque
704 3912 769 3966 de
791 3911 1038 3965 omnibus
1089 3913 1299 3981 hepatis
1333 3914 1559 3978 morbis,
1590 3921 1646 3967 et
1684 3929 1778 3981 per
1795 3928 1917 3982 qua:

325 4012 514 4062 horum
555 4003 669 4056 ﬁeri
716 4001 977 4056 medicina
1013 4010 1193 4071 queat,
1222 4002 1400 4057 tradit.
1439 4002 1576 4058 Hinc
1609 4003 1679 4057 ad
1718 4001 1918 4072 splenis

1997 1819 2229 1886 διακῶν,
2268 1819 2626 1890 διαλαμϐάνει
2671 1819 2728 1872 δὲ
2773 1817 2970 1888 ἐφεξῆς
3018 1816 3148 1887 περί
3195 1831 3256 1868 τε
3307 1814 3417 1867 τῶν
3465 1812 3572 1867 ὑπὸ

2001 1912 2262 1982 μελαίνης
2301 1911 2467 1981 χολῆς
2512 1909 2919 1981 ἐνοχλουμένων
2943 1907 3036 1962 τὸν
3058 1908 3103 1939 ’⁸
3131 1906 3430 1976 στόμαχον,
3474 1905 3571 1958 καὶ

2000 2002 2186 2066 ἁπλῶς
2215 2003 2317 2056 ὅσα
2362 2003 2510 2072 πάθη
2545 2004 2688 2058 κατά
2727 2001 2787 2054 τὺ
2831 2000 3006 2070 στόμα
3044 1998 3144 2068 τῆς
3187 1996 3397 2060 κοιλίας
3445 2011 3573 2048 συν-

2002 2096 2231 2159 ίσταται,
2255 2093 2692 2163 καταπλάσματά
2725 2109 2784 2146 τε
2817 2092 2912 2145 καὶ
2945 2089 3268 2160 βοηθήματα
3294 2090 3408 2150 τοῖς
3429 2084 3573 2141 κατά

1999 2185 2231 2258 διάφορα
2277 2184 2423 2254 πάθη
2465 2185 2556 2237 τὸν
2603 2184 2874 2254 στόμαχον
2905 2179 3315 2250 κεκακωμένοις
3349 2193 3576 2247 συναρι-

2001 2278 2174 2349 θμῶν.
2218 2278 2305 2330 Ἐν
2334 2271 2414 2339 οἷς
2444 2277 2538 2330 καὶ
2566 2275 2696 2346 περὶ
2720 2274 2832 2328 τῶν
2857 2275 2964 2327 ἀπὸ
2994 2272 3266 2342 στομάχου
3290 2269 3576 2339 ἐπιληπτι-

2001 2369 2113 2433 κῶς
2143 2368 2445 2438 σπωμένων
2473 2366 2746 2432 διέξεισιν,
2774 2365 3056 2435 ἀνορεξίας
3084 2380 3144 2416 τε
3175 2362 3269 2416 καὶ
3307 2360 3577 2425 κυνώδους

2001 2458 2232 2530 ὀρέξεως
2262 2457 2356 2511 καὶ
2389 2456 2660 2525 ἀπεψίας,
2705 2455 2802 2508 καὶ
2838 2453 3134 2524 θεραπείας
3163 2451 3388 2505 τούτων.
3418 2449 3576 2503 Διδά-

2004 2567 2124 2602 σκει
2175 2548 2232 2601 δὲ
2287 2549 2382 2603 καὶ
2440 2549 2590 2612 ὅπως
2656 2545 2948 2617 βοηθητέον
3006 2547 3118 2608 τοῖς
3177 2541 3574 2614 κραιπαλῶσιν.

2016 2638 2352 2709 Ἐπεχομένῃ
2375 2655 2434 2690 τε
2465 2637 2663 2707 γαστρὶ
2688 2635 2960 2690 διατάττει
2993 2633 3332 2704 ἐπιμέλειαν,
3367 2631 3495 2704 περί
3516 2647 3577 2683 τε

2004 2728 2516 2800 ὲμπνευματώσεως
2553 2730 2650 2782 καὶ
2697 2727 2874 2792 ίλεοῦ,
2921 2727 3014 2780 καὶ
3063 2725 3249 2788 ἁπλῶς
3295 2725 3422 2795 περὶ
3467 2721 3578 2775 τῶν

2003 2819 2354 2890 όδυνωμὲνων
2391 2819 2454 2872 τὸ
2498 2817 2692 2872 κῶλον·
2729 2818 2824 2871 καὶ
2856 2818 2987 2888 περὶ
3016 2816 3224 2878 κοιλίας
3253 2813 3579 2886 ῥευματιζο-

2011 2912 2200 2982 μένης,
2233 2913 2331 2980 τῆς
2378 2928 2438 2962 τε
2485 2909 2766 2980 κοιλιακῆς
2808 2908 3108 2979 λεγομένης
3141 2907 3452 2970 διαθέσεως,
3484 2905 3581 2958 καὶ

2007 3002 2136 3073 περὶ
2169 2999 2494 3072 συντήξεως,
2524 3000 2651 3071 περί
2685 3017 2745 3053 τε
2769 2998 3058 3069 ἑλμίνθων,
3087 2997 3195 3050 τῶν
3222 3015 3280 3050 τε
3316 2993 3583 3065 στρογγύ-

2009 3093 2116 3146 λων
2141 3093 2234 3145 καὶ
2265 3090 2361 3160 τῆς
2393 3090 2654 3154 πλατείας
2672 3089 2897 3143 καὶτῶν
2918 3087 3225 3159 ἀσκαρίδων
3251 3087 3578 3156 λεγομένων.

2010 3183 2144 3254 Περί
2177 3200 2235 3236 τε
2269 3180 2380 3236 τῶν
2423 3182 2565 3235 κατά
2603 3183 2672 3235 τὰ
2706 3181 2900 3253 ἔντερα
2933 3178 3338 3249 συνισταμένων
3370 3175 3581 3242 παθῶν,

2010 3274 2107 3328 καὶ
2144 3275 2288 3335 ὅσοις
2323 3271 2522 3342 χρυσὸς
2561 3271 2595 3342 ἢ
2639 3271 2840 3342 χαλκὸς
2869 3271 2906 3342 ἡ
2948 3287 3002 3324 τι
3042 3269 3285 3324 τοιοῦτον
3313 3268 3360 3299 ’⁸
3387 3267 3580 3338 ἐπόθη.

2012 3367 2228 3419 Τούτων
2247 3382 2305 3417 τε
2343 3364 2664 3435 βοηθήματα
2693 3362 3022 3434 ἀναγράφει,
3065 3362 3157 3416 καὶ
3189 3361 3586 3431 δυσεντερικοῖς

2012 3457 2082 3510 τά
2131 3455 2400 3526 λεγόμενα
2453 3453 2762 3524 ἀνωτερικὰ
2812 3454 2907 3508 καὶ
2950 3451 3294 3522 κατωτερικά
3345 3453 3587 3519 ὲνέματα

2015 3547 2302 3616 καταλέγει
2331 3545 2396 3610 9³,
2435 3547 2757 3615 τροχίσκους
2781 3562 2841 3597 τε
2870 3545 2964 3597 καὶ
2995 3542 3234 3596 ὑποθετά
3261 3542 3356 3595 καὶ
3381 3541 3589 3611 ἐπιχρί-

2017 3655 2199 3708 σματα
2231 3638 2325 3690 καὶ
2348 3635 2675 3707 ὲπιθὲματα,
2709 3637 2802 3689 καὶ
2825 3635 3010 3690 λοιπὸν
3035 3634 3114 3696 είς
3134 3633 3227 3686 τὸν
3255 3632 3382 3702 περὶ
3414 3633 3588 3684 λειενο

2014 3733 2203 3805 τερίας
2234 3733 2530 3803 καταλήγει
2568 3733 2745 3800 λόγον.

2099 3827 2156 3879 ὐ
2183 3823 2238 3878 δὲ
2264 3832 2292 3878 ι’
2324 3825 2474 3896 αύτῷ
2504 3824 2551 3856 ³⁸
2577 3824 2732 3891 λόγος
2760 3822 3068 3892 ἀπάρχεται
3097 3818 3196 3889 μὲν
3225 3818 3353 3887 περὶ
3378 3817 3588 3886 ἥπατος

2017 3917 2255 3982 ἀτονίας,
2306 3914 2558 3970 κάκεῖθεν
2604 3915 2732 3984 περὶ
2776 3913 2990 3966 πάντων
3031 3909 3192 3963 αὑτοῦ
3229 3908 3337 3960 τῶν
3378 3906 3586 3971 παθῶν,

2019 4010 2115 4064 καὶ
2138 4009 2204 4064 δι’
2231 4005 2308 4063 ὧν
2337 4008 2403 4063 ἂν
2436 4006 2799 4080 θεραπευθείη
2821 4005 3014 4070 ταῦτα,
3049 4001 3424 4071 διαλαμϐάνει.
3455 3992 3589 4051 Εἶτα

324 4101 498 4168 pergit
523 4093 833 4148 aﬂ‘ectiones
855 4131 871 4158 ,
903 4090 1128 4161 ejusque
1154 4093 1752 4162 variamlintemperiem
1795 4110 1906 4148 cum

2023 4102 2337 4175 μεταϐαίνει
2363 4100 2497 4171 πρὸς
2519 4099 2616 4162 τὰς
2638 4101 2695 4151 ὲν
2723 4099 2918 4167 σπληνὶ
2943 4096 3232 4158 διαθέσεις,
3253 4089 3590 4162 δυσκρασίας

324 4189 545 4243 curandi
573 4187 744 4242 modis
765 4188 927 4242 refert
955 4184 1167 4259 :[tales]
1191 4184 1506 4248 inﬂationes,
1547 4185 1906 4244 inflammatio-

2020 4213 2081 4250 τε
2128 4194 2290 4249 αὑτοῦ
2343 4195 2438 4247 καὶ
2478 4191 2771 4262 θεραπείας
2815 4188 3048 4255 διεξιὼν,
3106 4184 3591 4257 ἐμπνευματώσεις

326 4279 665 4345 nes,scirrht,
688 4289 925 4334 tumores
937 4287 1128 4350 praeter
1146 4284 1391 4330 naturam
1416 4283 1575 4344 atque
1592 4273 1832 4332 durities.
1848 4277 1906 4332 Ο(

2023 4287 2118 4340 καὶ
2168 4284 2475 4354 φλεγμονὰς
2506 4283 2604 4336 καὶ
2633 4282 2892 4352 σκίῤῥους
2912 4280 2956 4311 9⁸
2979 4278 3072 4332 καὶ
3099 4278 3226 4339 τοὺς
3252 4273 3404 4345 παρᾶ
3427 4273 3591 4344 φύσιν

327 4374 493 4426 ictero
525 4381 634 4422 tum
679 4370 808 4438 agit,
843 4383 936 4423 seu
972 4368 1158 4422 morbo
1182 4375 1427 4435 arquato,
1452 4376 1506 4420 et
1540 4367 1604 4421 de
1634 4367 1771 4421 mala
1795 4383 1906 4423 cor-

2020 4379 2214 4448 ὄγκους
2246 4378 2340 4433 καὶ
2371 4378 2468 4442 τάς
2501 4376 2792 4446 σκληρίας’
2827 4373 2954 4445 περί
2993 4389 3053 4425 τε
3094 4371 3305 4440 ἰκτέρου
3336 4371 3430 4422 καὶ
3459 4384 3593 4437 καχ-

327 4465 470 4534 poris
491 4464 801 4520 habitudine
824 4477 840 4516 :
865 4463 1096 4531 itemque
1124 4461 1188 4515 de
1209 4459 1598 4529 bydrope.sive
1621 4476 1758 4531 aqua
1784 4463 1921 4518 inter

325 4566 504 4610 cutem
525 4573 538 4608 :
561 4556 701 4609 unde
723 4553 916 4622 singuli
943 4553 999 4608 hi
1027 4550 1198 4606 morbi
1225 4560 1538 4611 nascantur.
1557 4559 1612 4605 et
1651 4553 1922 4620 quomodo

326 4645 506 4701 iurari
529 4645 739 4716 possint
768 4646 854 4699 via
879 4659 942 4699 ac
971 4643 1175 4696 ratione
1211 4642 1373 4696 tradit
1407 4658 1424 4694 :
1455 4655 1566 4711 quo
1586 4641 1709 4696 libri
1725 4642 1921 4698 decimi

327 4741 476 4794 labor
510 4739 848 4791 terminatur.

406 4829 597 4901 179b
647 4827 945 4882 Undecimo
971 4827 1110 4881 libro
1148 4826 1212 4881 de
1238 4827 1451 4881 diabelc
1485 4824 1610 4888 (hoc
1637 4824 1731 4890 {est
1756 4825 1923 4881 urina:

329 4919 615 4992 proﬂuvio)
644 4927 874 4981 tractat,
909 4929 958 4972 et
992 4919 1059 4972 de
1098 4933 1283 4972 renum
1317 4917 1683 4970 imbecillitate
1727 4925 1926 4970 cruen"

332 5030 438 5066 tam
497 5011 704 5065 urinam
769 5008 1192 5064 excernentinm.
1235 5007 1370 5062 llinc
1393 5011 1457 5062 de
1484 5008 1760 5060 calculosis
1792 5008 1929 5060 reni-

333 5110 465 5165 hns.
509 5103 777 5158 calculosa
807 5102 1020 5166 vesica,
1051 5115 1113 5155 ac
1148 5101 1213 5152 de
1260 5115 1444 5152 renum
1492 5097 1932 5163 inflammatione,

335 5196 554 5258 duritia,
586 5194 990 5263 suppuratione.
1016 5193 1087 5245 De
1109 5189 1323 5261 dysuria
1351 5203 1562 5258 quoque
1596 5200 1644 5242 et
1678 5198 1927 5258 strangu-

337 5287 452 5352 ria,
479 5295 639 5356 atque
675 5284 932 5340 ischuria.
973 5283 1047 5336 De
1095 5280 1327 5336 resoluta
1362 5280 1538 5334 vesica
1562 5319 1578 5343 ,
1601 5279 1793 5342 dehis,
1833 5282 1924 5346 qui

339 5391 398 5432 se
457 5378 513 5432 in
567 5377 775 5432 somnis
818 5374 1207 5446 permingunt:
1255 5373 1322 5425 de
1377 5369 1704 5425 inﬂammata
1746 5371 1921 5423 vesica

2024 4471 2192 4536 εξίας,
2233 4470 2328 4523 καὶ
2359 4470 2489 4539 περὶ
2521 4467 2748 4536 ὑδέρων,
2787 4464 2908 4518 ὅθεν
2942 4481 3001 4516 τε
3032 4463 3236 4516 τούτων
3272 4459 3590 4512 συνίσταται

2022 4565 2250 4616 ἕκαστον
2277 4561 2371 4614 καὶ
2403 4559 2520 4622 πῶς
2555 4558 2621 4612 ἂν
2648 4557 3032 4627 θεραπευθείη,
3070 4553 3323 4624 μεθόδους
3357 4549 3591 4620 παραδι-

2023 4655 2165 4717 δούς.
2195 4654 2286 4708 Ἐν
2319 4646 2400 4714 οἷς
2429 4651 2581 4721 αὑτῷ
2613 4649 2705 4704 και
2731 4650 2760 4703 ὁ
2790 4655 2818 4701 ι’
2847 4645 3276 4718 συμπεραίνεται
3301 4645 3482 4705 πόνος.

2103 4829 2190 4881 Ἐν
2223 4827 2278 4880 δὲ
2311 4827 2390 4898 τῷ
2418 4835 2486 4881 ια’
2517 4829 2647 4899 περί
2689 4845 2750 4880 τε
2788 4827 3044 4895 διαϐήτου
3071 4823 3462 4894 διαλαμϐάνει,
3499 4822 3595 4874 καὶ

2025 4921 2241 4984 ἀτονίας
2285 4921 2516 4990 νεφρῶν,
2561 4920 2792 4990 αἵματός
2832 4919 2960 4992 [295
2990 4917 3085 4989 HJ
3127 4935 3188 4970 τε
3229 4918 3590 4985 ἐξουρήσεως,

2027 5012 2122 5064 καὶ
2168 5011 2295 5081 περὶ
2320 5010 2615 5064 λιθιώντων
2648 5012 2861 5081 νεφρῶν
2907 5012 3002 5064 καὶ
3036 5009 3297 5079 λιθιώσης
3329 5008 3590 5069 κύστεως,

2030 5101 2338 5172 φλεγμονῆς
2363 5119 2422 5155 τε
2455 5102 2665 5173 νεφρῶν
2695 5103 2788 5155 καὶ
2818 5102 3081 5172 σκληρίας
3108 5101 3203 5154 καὶ
3231 5100 3591 5169 διαπυήσεως,

2025 5192 2309 5261 δυσουρίας
2339 5209 2399 5244 τε
2437 5194 2530 5246 καὶ
2567 5191 2970 5263 στραγγουρίας
3008 5193 3102 5246 καὶ
3137 5188 3435 5260 ἰσχουρίας,
3466 5185 3594 5254 περί

2023 5299 2084 5333 τε
2111 5283 2518 5354 παραλυθείσης
2545 5284 2807 5347 κύστεως,
2829 5285 2922 5336 καὶ
2943 5283 3053 5336 τῶν
3077 5281 3216 5336 κατά
3241 5282 3365 5343 τοὺς
3393 5277 3595 5340 ὕπνους

2024 5373 2086 5425 ού
2117 5373 2452 5445 κατεχόντων
2485 5373 2613 5447 [575
2634 5373 2723 5445 R.]
2752 5375 2812 5428 τὸ
2833 5376 2881 5408 ’⁸
2901 5375 3081 5446 οὖρονο
3111 5371 3239 5443 περί
3262 5387 3322 5424 τε
3351 5368 3595 5429 κύστεως

1563 5501 1649 5555 VA
1661 5499 1798 5553 ΜΞ
1836 5500 2237 5561 LECTIONES.

409 5604 456 5637 ’°
475 5603 801 5672 armat-4;,
850 5603 904 5672 οξ
933 5600 1026 5652 τὸν
1065 5598 1188 5672 add.
1235 5597 1304 5672 _A.
1399 5576 1442 5672 if
1473 5594 1731 5672 τοιοῦτον]
1760 5593 2006 5672 ’τοιοῦτον
2049 5595 2238 5669 ἓτερον
2298 5599 2668 5672 apographum
2717 5598 2998 5669 Stephani.

339 5675 484 5745 λέγει
507 5690 567 5738 ς.
663 5665 908 5726 ³⁵ίαύτοῦ
936 5687 994 5733 ς.
1071 5668 1118 5704 θ’
1158 5668 1373 5736 σκίρους
1411 5665 1470 5718 Λ.
1537 5667 1582 5698 ³)
1617 5665 1674 5717 τὸ
1705 5665 1827 5718 add.
1855 5670 1919 5718 Α.

3102 5597 3149 5631 ⁸³
3184 5596 3477 5668 καταλέγει
3503 5597 3542 5652 Α
3575 5613 3590 5650 z
