4030 6248
276 244 388 313 ’129Δ
1361 246 1880 310 BIBLIOTH'ECA.
1898 273 1969 284 -
1995 250 2156 311 COD.
2197 251 2444 314 CCXXI.
3422 257 3535 318 730

276 361 706 431 φλεγμαινούσης
728 399 745 425 ,
790 362 885 416 καὶ
918 359 1021 432 τῆς
1066 360 1186 414 κατ’
1235 359 1402 430 αὐτὴν
1433 360 1831 432 αἰμορῤαγίας,
1863 411 1867 421 .

1940 375 2000 415 ac
2020 363 2085 416 de
2105 365 2380 434 sanguinis
2403 379 2500 436 per
2527 379 2646 421 eam
2691 363 2972 436 eruptione
2990 405 3006 432 ,
3036 365 3212 435 deque
3270 367 3531 421 exsisten-

275 453 366 506 καὶ
417 453 525 506 τῶν
586 453 988 522 συνισταμένων
1035 453 1094 504 ἐν
1143 452 1279 520 αὐτῇ
1329 452 1584 522 θρόμϐων
1636 468 1696 505 τε
1744 453 1837 505 καὶ

1938 452 2080 507 tibus
2107 455 2160 507 in
2200 471 2264 511 ea
2294 458 2534 526 grumis,
2567 459 2863 514 tuberculis
2887 498 2903 524 ,
2935 459 3202 512 ulceribus
3228 475 3241 512 :
3295 459 3529 529 itemque

279 543 536 614 φυμάτων
577 547 670 599 καὶ
699 545 871 599 ἑλκῶν
897 561 911 578 ο
945 545 1040 598 καὶ
1079 544 1208 612 περὶ
1239 545 1703 615 ρευματιζομένης
1743 544 1838 599 καὶ

1939 545 2000 599 de
2033 549 2220 602 vesicae
2251 549 2484 604 liuxione
2528 565 2591 604 ac
2625 552 2824 605 scabie.
2869 553 2944 605 De
2988 551 3268 620 satyriasi.
3332 550 3530 618 priapi—

278 635 566 706 ψωριὼσης
601 636 877 700 κύστεως⁶
910 635 1036 706 περί
1055 652 1115 688 τε
1149 636 1519 705 σατυριάσεως
1555 637 1650 690 καὶ
1671 653 1840 706 πριαο

1938 643 2090 716 smo,
2124 636 2346 690 seminis
2391 635 2533 691 ﬂuxu
2557 678 2572 704 ,
2601 653 2662 692 ac
2688 639 2739 691 in
2774 639 2976 693 somnis
3023 637 3304 707 proﬂuvio.
3331 637 3529 690 llornm

281 724 481 795 πισμοῦ
542 725 638 778 καὶ
687 724 1002 798 γονορροίας
1052 724 1148 778 καὶ
1216 724 1566 793 ὀνειρώξεως.
1622 725 1840 778 Τούτων

1937 723 2174 777 omnium
2227 726 2538 781 morborum
2569 743 2763 783 causas
2784 769 2799 794 ,
2829 728 3001 798 quoad
3023 727 3141 795 ejus
3170 728 3283 781 ﬁeri
3319 736 3528 794 potest,

282 818 531 871 ἀπάντων
557 814 666 870 τῶν
709 816 1016 887 εἰρημένων
1060 813 1249 868 παθῶν
1281 814 1380 878 τάς
1415 831 1475 867 τε
1519 814 1727 879 αἰτίας,
1763 812 1842 877 ὡς

1948 813 2211 882 explicat,
2249 826 2307 870 et
2340 818 2617 874 cautiones
2643 819 3058 888 curationesque
3101 833 3306 873 eorum.
3344 817 3532 869 Extre-

281 905 387 961 οἷόν
427 907 486 961 τὲ
532 907 670 971 ἔστι,
717 907 1038 974 καταλέγει,
1079 907 1175 960 καὶ
1213 906 1312 970 τὰς
1352 905 1704 976 προφυλακάς
1745 906 1844 960 καὶ

1947 919 2038 959 mo
2055 919 2184 960 vero
2213 907 2348 969 libro
2379 909 2446 966 iis
2490 924 2727 981 quoque,
2759 911 2849 980 qui
2890 909 3100 966 Venere
3131 911 3209 964 uti
3241 918 3530 977 nequeunt,

285 998 576 1070 θεραπείας
610 997 812 1054 αὐτῶν.
848 999 982 1051 Κατ’
1013 997 1146 1051 αὐτὸ
1173 998 1231 1051 δὲ
1272 997 1334 1050 τὸ
1364 997 1514 1060 τέλος
1552 996 1642 1049 τοῦ
1682 996 1842 1065 λόγου

1297 997 1334 1050 τὸ
1364 997 1514 1060 τέλος
1552 996 1642 1049 τοῦ
1682 996 1842 1065 λόγου
1949 998 2204 1054 exercitia
2233 1001 2646 1072 curationesque
2682 1003 2888 1057 statuit.

283 1098 376 1149 καὶ
404 1098 533 1168 περί
561 1095 670 1150 τῶν
706 1096 780 1167 μὴ
816 1093 1126 1164 δυναμένων
1159 1092 1461 1163 χρήσασθαι
1497 1091 1850 1163 ἀφροδισίοις,
1882 1093 2188 1163 γυμνασίας
2215 1112 2274 1148 τε
2305 1096 2484 1152 αὐτῶν
2517 1099 2612 1151 καὶ
2639 1097 2936 1170 θεραπείας
2970 1097 3267 1152 διατάττει.

365 1187 452 1240 Ἑν
475 1187 532 1241 δὲ
553 1187 633 1257 τῷ
658 1186 720 1256 ιβ’
744 1185 887 1256 λόγῳ
908 1185 1036 1256 περί
1061 1183 1296 1254 ἰσχιάδος
1319 1183 1412 1236 καὶ
1433 1185 1562 1254 περὶ
1582 1182 1856 1253 ποδάγρας

2034 1185 2362 1242 Duodecimn
2412 1189 2551 1245 libro
2591 1191 2657 1244 de
2704 1189 2946 1244 ischiade
2975 1197 3031 1242 et
3081 1191 3317 1258 podagra
3373 1195 3533 1254 atque

286 1278 381 1331 καὶ
427 1277 732 1348 ἀρθρίτιδος
781 1274 1167 1345 διαλαμϐάνει,
1223 1271 1404 1336 αἰτίας
1453 1289 1514 1324 τε
1561 1271 1854 1332 καθολικάς

1962 1278 2254 1333 arthritide
2303 1280 2420 1336 sive
2475 1281 2757 1336 articulari
2821 1281 3011 1334 morbo
3037 1282 3149 1350 agit
3183 1297 3197 1333 :
3230 1281 3420 1332 horum
3462 1279 3534 1329 si-

285 1369 392 1421 τῶν
422 1368 609 1422 παθῶν
632 1366 838 1420 τούτων
865 1364 1201 1433 καταλέγων,
1235 1361 1332 1415 καὶ
1359 1363 1482 1416 ὅσαι
1509 1361 1602 1414 ἐπὶ
1635 1363 1858 1432 μέρους,

1965 1369 2075 1423 mul
2101 1385 2298 1428 causas
2327 1387 2449 1426 cum
2489 1375 2793 1442 generales,
2864 1383 2975 1428 tum
3028 1373 3330 1442 singulares
3365 1389 3534 1427 exuu-

287 1462 384 1515 καὶ
419 1459 765 1522 παντοδαπάς
799 1456 1094 1530 θεραπείας
1143 1453 1322 1509 αὐτῶν
1368 1469 1428 1506 τε
1464 1453 1560 1507 καὶ
1598 1454 1698 1506 ὅσα
1737 1453 1859 1507 κατ’

1965 1475 2121 1528 nens,
2151 1477 2257 1518 una
2288 1477 2412 1519 cum
2442 1465 2611 1520 variis
2639 1465 3033 1526 curationibus,
3060 1473 3113 1517 et
3136 1465 3180 1519 si
3216 1466 3305 1532 qui
3346 1465 3410 1516 ad
3436 1464 3535 1520 hos

286 1554 427 1606 αύτά
478 1549 860 1622 έπισυμδαίνει
907 1550 1189 1618 νοσήματα
1234 1545 1433 1615 ἕτερα,
1492 1541 1752 1606 κενώσεις
1798 1559 1860 1596 τε

1966 1554 2226 1610 accedere
2273 1556 2367 1611 alii
2418 1557 2592 1613 morbi
2651 1557 2848 1612 solent.
2919 1556 3112 1612 Varias
3148 1557 3276 1610 item
3343 1558 3531 1609 horum

286 1643 469 1698 αὐτῶν
490 1642 804 1714 διαφόρους,
839 1639 933 1694 καὶ
965 1638 1240 1709 χρίσματα
1274 1637 1371 1690 καὶ
1401 1632 1735 1706 μαλάγματα
1767 1633 1861 1687 καὶ

1962 1647 2366 1714 evacuationes,
2406 1650 2717 1715 unctiones,
2753 1649 3098 1720 malagmata,
3124 1634 3529 1715 perunctioues,

289 1733 680 1805 συγχρίσματα
723 1731 819 1786 καὶ
845 1731 1028 1785 ἄκοπα
1055 1728 1150 1781 καὶ
1177 1725 1490 1797 ἀλείμματα
1531 1721 1860 1787 συντάττων,

1963 1751 2154 1806 πονε,
2189 1749 2464 1809 unguenta
2485 1740 2788 1810 prtescribit
2818 1755 2834 1793 :
2862 1739 3143 1807 purgantis
3174 1753 3389 1807 quoque
3429 1738 3535 1792 illis

287 1823 600 1893 καθαρτικὰ
623 1839 681 1876 τε
715 1821 1026 1894 ἁρμόζοντα
1049 1819 1257 1878 τούτοις
1283 1817 1379 1868 καὶ
1407 1813 1736 1880 ἀντιδότους,
1768 1814 1863 1867 καὶ

1964 1830 2369 1884 accommodata
2397 1839 2454 1885 et
2485 1831 2779 1895 antidotos,
2829 1831 3045 1900 aliaque
3093 1830 3348 1900 plurima,
3411 1845 3531 1898 quae

289 1919 392 1972 ὅσα
421 1915 559 1970 ἄλλα
589 1915 724 1986 πρὸς
761 1913 861 1984 τὴν
896 1912 1006 1965 τῶν
1049 1909 1354 1982 εἰρημένων
1384 1908 1706 1980 νοσημάτων
1739 1905 1867 1977 βοή-

1410 1908 1706 1980 ὀσημάτων
1739 1905 1867 1977 βοή-
1965 1934 2124 1991 Opem
2166 1921 2270 1977 illis
2298 1923 2505 1979 morbis
2531 1922 2729 1980 aﬂ'erre
2769 1925 3001 1993 possint.

293 2007 449 2061 θειαν
478 2007 678 2078 ἀφορᾷ.
2386 2029 2388 2032 ν

373 2097 468 2150 Ἐν
511 2097 568 2150 δὲ
611 2095 688 2168 τῷ
732 2095 800 2167 ιγ’
851 2095 996 2166 λόγῳ
1045 2098 1176 2169 περὶ
1221 2093 1463 2149 δακετῶν
1513 2087 1871 2161 διαλαμδάνει

2048 2100 2231 2160 Tertio
2253 2101 2463 2157 decimo
2493 2100 2634 2156 libro
2672 2095 2739 2156 de
2795 2115 2977 2155 morsu
3012 2099 3222 2155 infestis
3248 2098 3538 2152 animanti-

295 2187 474 2254 ζώων,
505 2186 571 2251 ἃς
603 2187 814 2242 ποιοῦσι
851 2187 1118 2252 διαθέσεις
1149 2189 1242 2242 καὶ
1276 2186 1424 2256 πάθη
1458 2183 1587 2254 περὶ
1616 2183 1741 2244 τοὺς
1775 2180 1863 2250 δηο

1972 2199 2072 2254 hus
2102 2211 2290 2267 agens,
2329 2195 2491 2249 simul
2515 2209 2650 2262 quas
2682 2195 2797 2249 haec
2829 2195 3024 2248 morsis
3067 2193 3148 2246 vel
3201 2191 3537 2252 affectiones,

293 2281 530 2352 χθέντας
550 2318 564 2341 ,
595 2281 690 2333 καὶ
720 2281 820 2342 τὰς
847 2279 1052 2332 τούτων
1089 2279 1261 2342 ἰάσεις
1290 2273 1730 2346 ἐκδιηγούμενος.
1765 2271 1874 2324 Καὶ

1973 2289 2057 2343 vel
2088 2290 2304 2342 morbos
2330 2283 2583 2349 aﬂeraut,
2619 2285 3067 2354 singulorumque
3112 2283 3346 2336 medelas
3374 2297 3541 2344 expo-

295 2374 359 2446 δὴ
394 2375 493 2426 καλ⁸
519 2373 647 2443 περί
672 2373 779 2425 τῶν
812 2371 1031 2424 ἰοϐόλων
1060 2371 1264 2441 θηρίων
1291 2370 1391 2438 τὴν
1413 2365 1606 2439 ὁμοίαν
1635 2366 1876 2419 ποιεῖται

1975 2382 2078 2435 nit.
2112 2379 2246 2433 lliuc
2270 2391 2324 2432 et
2349 2380 2415 2431 de
2441 2377 2568 2430 l‘eris
2592 2391 2858 2430 venenum
2882 2373 3277 2444 ejaculantibns
3310 2372 3547 2426 similem

297 2463 674 2520 διδασκαλίαν.
705 2464 782 2516 Οὐ
815 2464 972 2533 μόνον
999 2463 1078 2528 δὲ,
1101 2463 1236 2516 άλλά
1260 2461 1354 2515 καὶ
1382 2461 1482 2513 ὅσα
1503 2459 1612 2512 τῶν
1637 2455 1815 2526 φυτῶν
1841 2456 1874 2525 ἦ

1979 2471 2280 2525 doctrinam
2307 2469 2488 2523 tradit.
2519 2467 2656 2534 Quin
2684 2476 2738 2521 et
2758 2467 2967 2535 plantas
2994 2478 3156 2534 atque
3186 2467 3400 2527 herbas,
3428 2479 3553 2533 qua:

274 2556 547 2628 -βοτανῶν
586 2555 890 2625 δηλητήρια
931 2555 1138 2622 γίνεται
1187 2555 1299 2615 τοῖς
1342 2549 1666 2623 χρωμένοις,
1705 2545 1865 2614 δηλῶ-

1980 2579 2183 2617 venena
2217 2563 2344 2624 sint,
2401 2572 2456 2614 et
2493 2561 2769 2614 utentibus
2824 2561 3006 2622 noxia,
3074 2561 3186 2627 pari
3228 2559 3407 2612 studin
3447 2559 3539 2611 de-

303 2663 394 2698 σαι
428 2646 475 2678 ⁹⁷
513 2645 748 2712 σπουδὴν
799 2645 1054 2697 ποιεῖται.
1080 2643 1191 2696 Καὶ
1223 2643 1352 2713 περὶ
1398 2640 1653 2710 μυκήτων
1692 2636 1748 2688 δὲ
1788 2635 1882 2688 καὶ

1981 2663 2270 2706 monstrat.
2306 2651 2382 2704 De
2434 2649 2616 2714 {lingis
2648 2650 2836 2712 etiam,
2875 2665 2937 2701 ac
2983 2649 3244 2718 sanguine
3316 2649 3550 2708 taurino,

301 2738 538 2807 αἵματος
581 2734 833 2806 ταυρείου
877 2735 973 2788 καὶ
1018 2733 1428 2805 θρομϐωθέντος
1472 2733 1531 2784 ὲν
1576 2732 1641 2800 τῇ
1687 2727 1884 2797 γαστρὶ

1985 2743 2158 2808 deque
2221 2740 2358 2794 lacte
2407 2739 2462 2792 in
2511 2749 2695 2792 ventre
2755 2727 2943 2792 coacto
2991 2739 3265 2806 ingrutuos
3323 2739 3551 2805 amplius

304 2827 581 2896 γάλακτος
615 2823 1014 2894 παραπλησίως
1046 2823 1092 2856 ⁸⁸
1129 2821 1486 2891 διαλαμόάνει
1507 2833 1523 2850 ⁶
1560 2819 1660 2872 ὅσα
1688 2835 1746 2870 τε
1773 2817 1883 2869 τῶν

1987 2834 2163 2888 docet.
2201 2833 2332 2899 Quae
2358 2832 2484 2884 item
2536 2829 2806 2884 metallica
2863 2830 3123 2884 anitnanti
3180 2831 3336 2882 noxia
3398 2829 3441 2882 si
3502 2829 3555 2882 in

308 2916 654 2989 μεταλλικῶν
681 2917 953 2988 φθαρτικά
975 2915 1054 2986 τῷ
1088 2914 1210 2984 ζώῳ
1237 2914 1448 2982 γίνεται
1476 2909 1618 2964 κατά
1642 2909 1883 2978 γαστέρα

1984 2935 2225 2980 ventrem
2262 2924 2568 2986 mittantur,
2615 2932 2668 2977 et
2713 2924 2906 2977 horum
2955 2922 3287 2992 explanatio.
3337 2922 3415 2975 Ad
3447 2922 3561 2975 lucc

305 3013 626 3084 ληφθέντα,
670 3011 764 3066 καὶ
817 3010 942 3079 περὶ
991 3008 1168 3060 αὐτῶν
1214 3005 1428 3059 ἔκθεσιν
1475 3003 1726 3055 ποιεῖται.
1778 3000 1886 3051 Καὶ

1988 3020 2052 3074 de
2097 3017 2304 3088 frigida;
2362 3016 2443 3071 vel
2474 3015 2581 3069 vini
2625 3026 2776 3083 poni,
2809 3014 2902 3083 qui
2944 3015 3148 3068 homini
3207 3022 3417 3067 noceat.
3485 3012 3560 3066 De

307 3106 441 3176 περὶ
475 3101 848 3174 ψυχροποσίας
878 3101 912 3171 ἢ
954 3098 1261 3161 οἰνοποσίας
1295 3093 1625 3157 ὲπιϐλαϐοὖς
1654 3092 1731 3162 τῷ
1765 3089 1889 3163 ζώῳ

1990 3109 2356 3180 strangulatis,
2397 3117 2452 3164 et
2477 3108 2568 3177 qui
2597 3107 2649 3160 in
2686 3106 2840 3175 aquis
2875 3122 2905 3158 ιι
2961 3103 3312 3160 suffocatione
3342 3101 3561 3172 pericli-

309 3198 720 3267 γεγενημένης·
757 3194 884 3264 περί
926 3210 985 3245 τε
1032 3191 1140 3244 τῶν
1191 3189 1610 3261 ἀπαγχομένων,
1645 3185 1740 3240 καὶ
1778 3185 1892 3237 ὅσοι

1993 3211 2194 3266 tantur,
2227 3211 2319 3255 aut
2347 3216 2412 3254 ex
2447 3201 2596 3254 edito
2626 3199 2746 3252 loco
2774 3197 3201 3266 praecipitarunt.
3240 3195 3313 3249 De
3337 3209 3562 3262 preser-

311 3294 369 3343 ὲν
408 3290 571 3343 ὕδασι
615 3287 1017 3343 κινδυνεύουσιν
1060 3285 1463 3354 ἀποπνιγῆναι,
1504 3283 1599 3335 καὶ
1634 3281 1743 3334 τῶν
1786 3279 1894 3334 ἀπὸ

1994 3293 2246 3347 vantibus
2286 3307 2350 3344 ac
2410 3292 2662 3360 prznsagis
2703 3291 3088 3350 animantibus,
3135 3285 3434 3356 praesertim
3467 3285 3566 3337 do-

316 3382 605 3454 μετεώρου
636 3399 785 3444 τινος
818 3379 1182 3434 πεπτωκότων
1203 3420 1218 3444 ,
1252 3376 1349 3430 καλ⁸
1396 3375 1460 3445 δὴ
1495 3375 1588 3428 καὶ
1633 3375 1761 3444 περὶ
1789 3371 1897 3423 τῶν

1997 3385 2258 3440 mesticis.
2303 3383 2438 3436 Hinc
2492 3383 2557 3434 de
2596 3379 2959 3434 Andromachi
3015 3378 3255 3432 theriaca
3301 3391 3368 3430 ex
3421 3377 3569 3444 vipeo

315 3473 783 3547 προφυλακτικῶν
823 3474 918 3524 καί
959 3468 1383 3540 προγνωστικῶν
1428 3465 1584 3530 ζώων
1615 3465 1724 3518 τῶν
1759 3461 1902 3516 κατά

2001 3475 2097 3539 ris,
2123 3475 2392 3544 quomodo
2452 3480 2764 3539 apparetur,
2798 3470 2994 3539 180a
3019 3471 3140 3539 quis
3181 3483 3329 3531 usus,
3355 3467 3579 3536 quando

314 3565 415 3626 τὰς
473 3563 649 3625 οἰκίας
678 3563 726 3594 ⁹¹⁹
758 3559 1126 3632 τρεφομένων.
1190 3558 1312 3610 Ἐπὶ
1360 3555 1568 3619 τούτοις
1625 3554 1753 3626 περί
1804 3555 1903 3624 τῆς

2004 3567 2283 3628 utendum,
2323 3565 2588 3633 quomodo
2627 3561 2983 3631 exploranda,
3021 3576 3124 3628 qua
3178 3574 3435 3612 mensura
3477 3572 3573 3609 ex-

315 3655 550 3724 ὲχιδνῶν
581 3645 851 3723 θηρίακῆς
895 3649 1259 3721 Ἀνδρομάχου
1294 3645 1678 3717 διαλαμϐάνει,
1716 3646 1816 3716 τήν
1844 3661 1904 3695 τε

2006 3658 2262 3721 hibenda,
2303 3655 2498 3725 quibus
2533 3655 2764 3722 denique
2794 3653 2997 3706 morbis
3045 3651 3384 3720 potissimum
3440 3663 3576 3702 ron-

318 3747 677 3817 κατασκευὴν
710 3746 877 3815 αὐτῆς
904 3745 998 3798 καὶ
1027 3745 1124 3811 τὴν
1157 3743 1353 3812 χρῆσιν
1390 3741 1485 3794 καὶ
1515 3739 1604 3791 τὸν
1633 3737 1733 3806 τῆς
1767 3737 1908 3807 χρή·-

2009 3749 2211 3813 veniat,
2243 3746 2522 3802 describit.
2556 3747 2633 3800 De
2657 3746 2777 3800 aliis
2807 3745 2932 3798 item
2968 3743 3247 3804 theriacis,
3307 3741 3418 3810 agit
3448 3755 3579 3794 vero

321 3860 472 3906 σεως
497 3841 710 3910 χρόνον,
737 3836 1058 3907 δοκιμασίας
1084 3852 1143 3888 τε
1176 3835 1268 3887 καὶ
1297 3833 1494 3903 μέτρον
1524 3831 1540 3862 ⁸
1575 3829 1790 3892 δόσεως.
1817 3827 1911 3881 καὶ

2011 3837 2080 3892 de
2143 3836 2391 3891 antidoto
2446 3834 2805 3889 Mithridatica
2855 3832 2994 3903 (40),
3033 3831 3260 3899 ejusque
3307 3845 3580 3899 praepara-

320 3935 478 3988 τίσιν
508 3930 740 4002 ἁρμόζει
771 3928 879 3982 τῶν
910 3927 1256 3998 νοσημάτων,
1291 3923 1642 3993 ἀναγράφων.
1686 3920 1819 3991 Περί
1850 3936 1911 3972 τε

2017 3930 2184 3989 tione,
2216 3944 2335 3992 usu,
2362 3939 2525 3994 atque
2556 3927 2607 3979 in
2639 3926 2834 3995 quibus
2864 3927 3032 3994 prosit
3059 3942 3073 3978 :
3109 3923 3194 3978 cui
3231 3923 3396 3976 etiam
3439 3921 3576 3974 alias

322 4024 512 4078 ἄλλων
556 4021 875 4092 θηριακῶν,
921 4019 1014 4071 καὶ
1057 4019 1155 4087 τῆς
1196 4013 1580 4085 Μιθριδατείου
1615 4011 1913 4075 ἀντιδότου,

2017 4021 2243 4074 antidoti
2275 4019 2481 4088 species
2512 4019 2790 4088 subjuugit
2818 4035 2834 4084 ;
2867 4016 2937 4072 de
2987 4016 3199 4070 duobus
3240 4013 3363 4068 inde
3409 4011 3595 4083 (Σῖριιὶ

327 4113 682 4183 κατασκευῆς
712 4129 772 4165 τε
799 4114 893 4164 καὶ
922 4113 1192 4181 χρήσεως,
1221 4109 1318 4160 καὶ
1347 4105 1432 4175 ἐφ’
1460 4102 1534 4158 ὧν
1566 4103 1914 4175 χρησιμεύει.

2016 4111 2305 4180 generibus
2336 4107 2544 4163 scribit.
2576 4105 2713 4160 Hinc
2763 4106 2830 4161 de
2872 4103 3254 4174 elephantiasi,
3307 4103 3372 4156 de
3404 4103 3595 4170 pruri-.

341 4207 580 4278 Ἐτέρας
626 4222 690 4258 τε
739 4203 1028 4273 διαφόρους
1081 4199 1386 4262 ἀντιδότους
1437 4196 1749 4265 καταλέγει.
1802 4195 1918 4249 Καὶ

2023 4201 2228 4270 ginosis
2251 4202 2646 4269 eruptionibus,
2680 4201 2747 4254 de
2777 4197 3057 4269 psydracis
3111 4195 3363 4266 pustulis,
3421 4206 3587 4262 atque

331 4300 472 4370 περὶ
509 4298 620 4351 τῶν
661 4296 755 4350 δύο
795 4295 1037 4371 κύφεων,
1081 4292 1178 4346 καὶ
1209 4291 1272 4362 δὴ
1305 4292 1400 4344 καὶ
1442 4291 1570 4362 περὶ
1601 4289 1917 4358 έλεφαντιά-

2021 4295 2276 4348 esudore
2321 4291 2562 4346 subortis
2594 4291 2825 4359 papulis,
2884 4288 2952 4343 de
3010 4289 3263 4342 tibiarum
3329 4286 3593 4338 ulcerosis

333 4408 484 4450 σεως
521 4391 618 4443 καὶ
648 4386 982 4460 κνησμωδῶν
1009 4387 1030 4416 ³
1058 4383 1447 4454 ἐξανθημάτων
1468 4423 1483 4448 ,
1523 4383 1615 4434 καὶ
1655 4381 1782 4451 περί
1817 4379 1922 4450 ψυ-

2020 4383 2414 4452 cruptionibus,
2440 4392 2493 4437 et
2524 4385 2591 4436 de
2640 4380 3007 4442 cicatricibus,
3039 4393 3158 4446 qua:
3199 4391 3264 4430 ex
3323 4375 3595 4434 ulceribus

332 4485 564 4557 δράκων
594 4482 688 4534 καὶ
723 4478 1029 4549 ἰδρωτίδων,
1059 4478 1153 4530 καί
1176 4477 1302 4546 περί
1327 4475 1435 4529 τῶν
1460 4475 1518 4526 ἐν
1540 4476 1660 4537 ταῖς
1688 4473 1923 4541 κνήμαις

2022 4478 2234 4529 relicta:
2260 4491 2459 4545 corpus
2491 4475 2814 4541 denigrant;
2846 4473 2912 4525 de
2936 4472 3145 4524 duobus
3193 4455 3469 4533 vitiliginis
3500 4479 3596 4518 seu

335 4573 602 4629 ὲλκωδῶν
649 4571 1067 4642 ὲκὸρασμάτων,
1113 4569 1210 4622 καὶ
1251 4568 1380 4637 περί
1416 4565 1523 4620 τῶν
1558 4565 1729 4618 οὐλῶν
1771 4563 1824 4616 αἳ
1861 4567 1926 4617 ἐκ

2022 4567 2163 4636 alphi
2199 4565 2646 4635 generibusmgit,
2677 4574 2732 4618 et
2757 4565 2822 4617 de
2857 4563 3030 4622 leuce,
3086 4574 3150 4612 ac
3181 4557 3400 4610 tandem
3430 4556 3494 4608 de
3525 4555 3599 4608 le-

334 4665 456 4718 τῶν
509 4661 683 4716 ἑλκῶν
732 4661 1040 4731 μελαίνουσι
1073 4657 1133 4710 τὸ
1175 4655 1356 4726 σῶμα.
1405 4655 1528 4708 Ἐπὶ
1559 4653 1766 4716 τούτοις
1796 4652 1925 4722 περὶ

2021 4675 2138 4729 pra,
2169 4674 2350 4711 earum
2373 4666 2549 4711 ortum
2576 4665 2632 4710 et
2655 4669 2871 4719 causas,
2903 4651 3047 4707 unde
3067 4650 3330 4718 originem
3357 4651 3597 4709 trahant,

339 4757 458 4811 τῶν
493 4754 589 4808 δύο
619 4752 774 4806 εἰδῶν
801 4750 928 4823 [996
962 4749 1053 4821 H.]
1083 4748 1177 4802 τοῦ
1212 4746 1381 4816 ἀλφοῦ
1414 4745 1796 4816 διαλαμϐάνει,
1833 4745 1929 4797 καὶ

2036 4750 2476 4819 curationemque
2499 4748 2759 4802 referens.
2789 4747 2967 4814 Atque
2993 4745 3110 4799 haec
3137 4742 3379 4798 decimus
3412 4738 3602 4794 tertius

340 4849 485 4915 περὶ
518 4843 721 4914 λεύκης
741 4884 756 4908 ,
793 4843 888 4896 καὶ
913 4841 974 4894 τὸ
1000 4841 1307 4893 τελευταῖον
1339 4837 1469 4905 περί
1500 4835 1706 4903 λέπρας
1727 4878 1740 4900 ,
1776 4836 1929 4899 γενέ-

793 4843 888 4896 καὶ
913 4841 974 4894 τὸ
1000 4841 1307 4893 τελευταῖον
1339 4837 1469 4905 περί
1500 4835 1706 4903 λέπρας
1727 4878 1740 4900 ,
1776 4836 1929 4899 γενέ·
2035 4842 2172 4895 liber
2203 4843 2379 4895 docet.

346 4945 473 5005 σεις
502 4957 564 4993 τε
593 4939 773 4992 αὐτῶν
807 4937 900 4991 καὶ
928 4936 1106 4999 αἰτίας
1135 4935 1202 4988 δι’
1232 4934 1298 4997 ἀς
1331 4931 1684 5002 συμϐαίνουσι
1722 4933 2062 5004 καταλέγων,
2100 4938 2195 4991 καὶ
2236 4935 2337 5000 τὰς
2377 4934 2579 4990 τούτων
2644 4931 2960 5004 θεραπείας.
3041 4929 3208 4984 Τοῦτο
3280 4926 3380 4999 μὲν
3431 4923 3524 4978 καὶ
3578 4925 3608 4978 ὁ

351 5039 426 5103 ιγ’
461 5032 645 5099 λόγος.

441 5097 552 5178 Ἐν-
578 5123 636 5178 δὲ
676 5123 754 5194 τῷ
796 5121 855 5176 ιδ’
902 5120 1031 5193 περί
1068 5137 1129 5174 τε
1165 5119 1275 5172 τῶν
1315 5119 1372 5171 ὲν
1407 5116 1540 5189 ἕδρᾳ
1582 5113 1948 5186 φιλοπονείται

2128 5116 2331 5182 Quarto
2364 5113 2574 5168 decimo
2602 5110 2740 5166 libro
2771 5109 2839 5164 de
2869 5108 3017 5165 sedis
3045 5105 3212 5161 variis
3260 5101 3462 5158 morbis
3491 5097 3610 5153 dili-

1656 5269 1892 5326 VARUE
1937 5269 2342 5328 LECTIUNES.

436 5377 490 5412 ³⁷
515 5374 754 5446 δηλῶσαι
793 5371 1028 5446 σπουδὴν
1079 5374 1315 5446 ποιεῖται
1366 5371 1410 5423 Α
1449 5367 1591 5440 ετὴν
1642 5367 1763 5438 ισην
1814 5369 2090 5422 δείκνυται
2147 5370 2382 5440 σπουδήν
2415 5383 2474 5430 ς’.
2571 5365 2615 5398 ’⁸
2647 5361 3022 5435 παραπλήσιον
3080 5373 3142 5421 ς.
3236 5355 3280 5386 ⁹⁹
3312 5349 3516 5412 οἰκείας
3545 5363 3619 5414 τι.

358 5447 380 5483 ⁸
411 5447 548 5502 libri
567 5443 800 5516 μέτρον.
877 5445 896 5474 ⁸
922 5459 1113 5512 κνισμ.
1142 5443 1208 5495 Α.

1895 5572 2128 5631 ΝΟΤΑΞ.

363 5676 500 5749 (40)
538 5674 672 5734 Vide
713 5675 851 5733 Gell.
887 5675 981 5732 lib.
1010 5689 1143 5739 xvn,
1182 5687 1299 5742 cap.
1333 5670 1419 5726 16.
