  <div class='ocr_page' id='page_1' title='image "/cluster/home/n/w/nwhite01/storage/ocr_20150623/103 pt.3/mdp.39015061933738/375.png"; bbox 0 0 4030 6248; ppageno 0'>
   <div class='ocr_carea' id='block_1_1' title="bbox 427 308 532 375">
    <p class='ocr_par' dir='ltr' id='par_1_1' title="bbox 427 308 532 375">
     <span class='ocr_line' id='line_1_1' title="bbox 427 308 532 375; baseline 0.038 -4"><span class='ocrx_word' id='word_1_1' title='bbox 427 308 532 375; x_wconf 81' lang='grc'><strong>’131</strong></span> 
     </span>
    </p>
   </div>
   <div class='ocr_carea' id='block_1_2' title="bbox 1597 304 2556 368">
    <p class='ocr_par' dir='ltr' id='par_1_2' title="bbox 1597 304 2556 368">
     <span class='ocr_line' id='line_1_2' title="bbox 1597 304 2556 368; baseline -0.002 -2"><span class='ocrx_word' id='word_1_2' title='bbox 1597 305 1862 368; x_wconf 85' lang='grc' dir='ltr'><strong>ΡΗΟΤΙΙ</strong></span> <span class='ocrx_word' id='word_1_3' title='bbox 1901 304 2406 367; x_wconf 71' lang='lat' dir='ltr'><strong>PATRIARCH/E</strong></span> <span class='ocrx_word' id='word_1_4' title='bbox 2443 305 2556 364; x_wconf 77' lang='grc' dir='ltr'><strong>ΟΡ.</strong></span> 
     </span>
    </p>
   </div>
   <div class='ocr_carea' id='block_1_3' title="bbox 3575 294 3684 358">
    <p class='ocr_par' dir='ltr' id='par_1_3' title="bbox 3575 294 3684 358">
     <span class='ocr_line' id='line_1_3' title="bbox 3575 294 3684 358; baseline -0.018 0"><span class='ocrx_word' id='word_1_5' title='bbox 3575 294 3684 358; x_wconf 74' lang='lat'><strong>732</strong></span> 
     </span>
    </p>
   </div>
   <div class='ocr_carea' id='block_1_4' title="bbox 427 407 2023 491">
    <p class='ocr_par' dir='ltr' id='par_1_4' title="bbox 427 413 2016 491">
     <span class='ocr_line' id='line_1_4' title="bbox 427 413 2016 491; baseline -0.005 -15"><span class='ocrx_word' id='word_1_6' title='bbox 427 429 622 491; x_wconf 72' lang='lat' dir='ltr'><strong>genter</strong></span> <span class='ocrx_word' id='word_1_7' title='bbox 646 417 883 486; x_wconf 89' lang='lat' dir='ltr'><strong>disserit,</strong></span> <span class='ocrx_word' id='word_1_8' title='bbox 912 425 969 474; x_wconf 88' lang='lat' dir='ltr'><strong>et</strong></span> <span class='ocrx_word' id='word_1_9' title='bbox 988 416 1055 474; x_wconf 90' lang='lat' dir='ltr'><strong>de</strong></span> <span class='ocrx_word' id='word_1_10' title='bbox 1078 413 1281 488; x_wconf 84' lang='lat' dir='ltr'><strong>thymis</strong></span> <span class='ocrx_word' id='word_1_11' title='bbox 1324 413 1378 469; x_wconf 91' lang='lat' dir='ltr'><strong>in</strong></span> <span class='ocrx_word' id='word_1_12' title='bbox 1419 413 1706 484; x_wconf 80' lang='lat' dir='ltr'><strong>pudendis.</strong></span> <span class='ocrx_word' id='word_1_13' title='bbox 1763 417 1829 470; x_wconf 90' lang='lat' dir='ltr'><strong>de</strong></span> <span class='ocrx_word' id='word_1_14' title='bbox 1863 415 2016 470; x_wconf 89' lang='lat' dir='ltr'><strong>rimis</strong></span> 
     </span>
    </p>
   </div>
   <div class='ocr_carea' id='block_1_5' title="bbox 2123 407 3685 491">
    <p class='ocr_par' dir='ltr' id='par_1_5' title="bbox 2123 407 3685 485">
     <span class='ocr_line' id='line_1_5' title="bbox 2123 407 3685 485; baseline -0.004 -17"><span class='ocrx_word' id='word_1_15' title='bbox 2123 413 2473 469; x_wconf 77' lang='grc' dir='ltr'>παντοδαπῶν</span> <span class='ocrx_word' id='word_1_16' title='bbox 2498 411 2710 474; x_wconf 86' lang='grc' dir='ltr'>παθῶν,</span> <span class='ocrx_word' id='word_1_17' title='bbox 2742 412 2836 466; x_wconf 73' lang='grc' dir='ltr'>καὶ</span> <span class='ocrx_word' id='word_1_18' title='bbox 2868 410 2997 485; x_wconf 68' lang='grc' dir='ltr'>περὶ</span> <span class='ocrx_word' id='word_1_19' title='bbox 3024 410 3132 464; x_wconf 85' lang='grc' dir='ltr'><strong>τῶν</strong></span> <span class='ocrx_word' id='word_1_20' title='bbox 3163 412 3222 465; x_wconf 86' lang='grc' dir='ltr'><strong>ἐν</strong></span> <span class='ocrx_word' id='word_1_21' title='bbox 3249 407 3466 472; x_wconf 70' lang='grc' dir='ltr'>αἰδοίοις</span> <span class='ocrx_word' id='word_1_22' title='bbox 3495 407 3685 479; x_wconf 83' lang='grc' dir='ltr'>θύμων</span> 
     </span>
    </p>
   </div>
   <div class='ocr_carea' id='block_1_6' title="bbox 430 507 2003 585">
    <p class='ocr_par' dir='ltr' id='par_1_6' title="bbox 430 507 2003 585">
     <span class='ocr_line' id='line_1_6' title="bbox 430 507 2003 585; baseline -0.003 -18"><span class='ocrx_word' id='word_1_23' title='bbox 430 525 594 585; x_wconf 88' lang='lat' dir='ltr'><strong>atque</strong></span> <span class='ocrx_word' id='word_1_24' title='bbox 652 510 1100 574; x_wconf 75' lang='lat' dir='ltr'><strong>inflammatione,</strong></span> <span class='ocrx_word' id='word_1_25' title='bbox 1127 509 1193 563; x_wconf 91' lang='lat' dir='ltr'><strong>de</strong></span> <span class='ocrx_word' id='word_1_26' title='bbox 1223 521 1382 562; x_wconf 86' lang='lat' dir='ltr'><strong>noma</strong></span> <span class='ocrx_word' id='word_1_27' title='bbox 1424 517 1480 562; x_wconf 88' lang='lat' dir='ltr'><strong>et</strong></span> <span class='ocrx_word' id='word_1_28' title='bbox 1531 507 1898 574; x_wconf 79' lang='lat' dir='ltr'><strong>carbunculis,</strong></span> <span class='ocrx_word' id='word_1_29' title='bbox 1947 517 2003 562; x_wconf 87' lang='lat' dir='ltr'><strong>et</strong></span> 
     </span>
    </p>
   </div>
   <div class='ocr_carea' id='block_1_7' title="bbox 427 596 2004 667">
    <p class='ocr_par' dir='ltr' id='par_1_7' title="bbox 427 596 2004 667">
     <span class='ocr_line' id='line_1_7' title="bbox 427 596 2004 667; baseline -0.003 -12"><span class='ocrx_word' id='word_1_30' title='bbox 427 605 495 657; x_wconf 87' lang='lat' dir='ltr'><strong>de</strong></span> <span class='ocrx_word' id='word_1_31' title='bbox 551 601 823 656; x_wconf 85' lang='lat' dir='ltr'><strong>ulceribus</strong></span> <span class='ocrx_word' id='word_1_32' title='bbox 863 599 1140 652; x_wconf 88' lang='lat' dir='ltr'><strong>urinarum</strong></span> <span class='ocrx_word' id='word_1_33' title='bbox 1184 606 1422 652; x_wconf 89' lang='lat' dir='ltr'><strong>meatum</strong></span> <span class='ocrx_word' id='word_1_34' title='bbox 1455 596 1872 667; x_wconf 90' lang='lat' dir='ltr'><strong>occupantibus.</strong></span> <span class='ocrx_word' id='word_1_35' title='bbox 1929 597 2004 650; x_wconf 87' lang='lat' dir='ltr'><strong>De</strong></span> 
     </span>
    </p>
   </div>
   <div class='ocr_carea' id='block_1_8' title="bbox 429 687 2002 761">
    <p class='ocr_par' dir='ltr' id='par_1_8' title="bbox 429 687 2002 761">
     <span class='ocr_line' id='line_1_8' title="bbox 429 687 2002 761; baseline -0.004 -12"><span class='ocrx_word' id='word_1_36' title='bbox 429 695 683 750; x_wconf 85' lang='lat' dir='ltr'><strong>scabioso</strong></span> <span class='ocrx_word' id='word_1_37' title='bbox 712 707 779 746; x_wconf 89' lang='lat' dir='ltr'><strong>ac</strong></span> <span class='ocrx_word' id='word_1_38' title='bbox 811 691 1160 761; x_wconf 80' lang='lat' dir='ltr'><strong>pruriginoso</strong></span> <span class='ocrx_word' id='word_1_39' title='bbox 1207 699 1410 748; x_wconf 88' lang='lat' dir='ltr'><strong>scroto.</strong></span> <span class='ocrx_word' id='word_1_40' title='bbox 1439 687 1667 759; x_wconf 85' lang='lat' dir='ltr'><strong>ejusque</strong></span> <span class='ocrx_word' id='word_1_41' title='bbox 1697 697 1752 742; x_wconf 91' lang='lat' dir='ltr'><strong>et</strong></span> <span class='ocrx_word' id='word_1_42' title='bbox 1782 687 2002 743; x_wconf 86' lang='lat' dir='ltr'><strong>testium</strong></span> 
     </span>
    </p>
   </div>
   <div class='ocr_carea' id='block_1_9' title="bbox 431 780 2006 852">
    <p class='ocr_par' dir='ltr' id='par_1_9' title="bbox 431 780 2006 852">
     <span class='ocr_line' id='line_1_9' title="bbox 431 780 2006 852; baseline -0.004 -13"><span class='ocrx_word' id='word_1_43' title='bbox 431 785 878 848; x_wconf 72' lang='lat' dir='ltr'><strong>inflammatione,</strong></span> <span class='ocrx_word' id='word_1_44' title='bbox 910 792 1073 852; x_wconf 89' lang='lat' dir='ltr'><strong>atque</strong></span> <span class='ocrx_word' id='word_1_45' title='bbox 1106 784 1171 835; x_wconf 87' lang='lat' dir='ltr'><strong>de</strong></span> <span class='ocrx_word' id='word_1_46' title='bbox 1199 782 1230 834; x_wconf 84' lang='lat' dir='ltr'><strong>Il</strong></span> <span class='ocrx_word' id='word_1_47' title='bbox 1250 781 1418 834; x_wconf 71' lang='lat' dir='ltr'><strong>ernia:</strong></span> <span class='ocrx_word' id='word_1_48' title='bbox 1444 781 1750 850; x_wconf 81' lang='lat' dir='ltr'><strong>speciebus.</strong></span> <span class='ocrx_word' id='word_1_49' title='bbox 1791 780 1866 835; x_wconf 89' lang='lat' dir='ltr'><strong>De</strong></span> <span class='ocrx_word' id='word_1_50' title='bbox 1893 795 2006 834; x_wconf 62' lang='lat' dir='ltr'><strong>emo</strong></span> 
     </span>
    </p>
   </div>
   <div class='ocr_carea' id='block_1_10' title="bbox 436 872 2002 947">
    <p class='ocr_par' dir='ltr' id='par_1_10' title="bbox 436 872 2002 947">
     <span class='ocr_line' id='line_1_10' title="bbox 436 872 2002 947; baseline -0.004 -16"><span class='ocrx_word' id='word_1_51' title='bbox 436 878 772 947; x_wconf 85' lang='lat' dir='ltr'><strong>plastrorum</strong></span> <span class='ocrx_word' id='word_1_52' title='bbox 809 874 1171 940; x_wconf 81' lang='lat' dir='ltr'><strong>confectione,</strong></span> <span class='ocrx_word' id='word_1_53' title='bbox 1203 881 1260 928; x_wconf 89' lang='lat' dir='ltr'><strong>et</strong></span> <span class='ocrx_word' id='word_1_54' title='bbox 1286 887 1476 927; x_wconf 87' lang='lat' dir='ltr'><strong>eorum</strong></span> <span class='ocrx_word' id='word_1_55' title='bbox 1506 872 1771 942; x_wconf 88' lang='lat' dir='ltr'><strong>coquendi</strong></span> <span class='ocrx_word' id='word_1_56' title='bbox 1824 873 2002 936; x_wconf 88' lang='lat' dir='ltr'><strong>modo,</strong></span> 
     </span>
    </p>
   </div>
   <div class='ocr_carea' id='block_1_11' title="bbox 430 964 2008 1036">
    <p class='ocr_par' dir='ltr' id='par_1_11' title="bbox 430 964 2008 1036">
     <span class='ocr_line' id='line_1_11' title="bbox 430 964 2008 1036; baseline -0.001 -15"><span class='ocrx_word' id='word_1_57' title='bbox 430 985 553 1036; x_wconf 65' lang='lat' dir='ltr'><strong>quae</strong></span> <span class='ocrx_word' id='word_1_58' title='bbox 587 969 670 1022; x_wconf 88' lang='lat' dir='ltr'><strong>bis</strong></span> <span class='ocrx_word' id='word_1_59' title='bbox 695 967 1036 1036; x_wconf 80' lang='lat' dir='ltr'><strong>injiciuntur.</strong></span> <span class='ocrx_word' id='word_1_60' title='bbox 1071 965 1152 1020; x_wconf 86' lang='lat' dir='ltr'><strong>Ad</strong></span> <span class='ocrx_word' id='word_1_61' title='bbox 1181 967 1295 1021; x_wconf 70' lang='lat' dir='ltr'><strong>haec</strong></span> <span class='ocrx_word' id='word_1_62' title='bbox 1337 965 1406 1020; x_wconf 90' lang='lat' dir='ltr'><strong>de</strong></span> <span class='ocrx_word' id='word_1_63' title='bbox 1451 965 1632 1020; x_wconf 80' lang='lat' dir='ltr'><strong>nervis</strong></span> <span class='ocrx_word' id='word_1_64' title='bbox 1663 964 1921 1020; x_wconf 88' lang='lat' dir='ltr'><strong>sauciatis</strong></span> <span class='ocrx_word' id='word_1_65' title='bbox 1944 979 2008 1019; x_wconf 91' lang='lat' dir='ltr'><strong>ac</strong></span> 
     </span>
    </p>
   </div>
   <div class='ocr_carea' id='block_1_12' title="bbox 428 1055 2008 1129">
    <p class='ocr_par' dir='ltr' id='par_1_12' title="bbox 428 1055 2008 1129">
     <span class='ocr_line' id='line_1_12' title="bbox 428 1055 2008 1129; baseline -0.004 -15"><span class='ocrx_word' id='word_1_66' title='bbox 428 1059 672 1114; x_wconf 90' lang='lat' dir='ltr'><strong>contusis</strong></span> <span class='ocrx_word' id='word_1_67' title='bbox 703 1075 716 1111; x_wconf 91' lang='lat'><strong>:</strong></span> <span class='ocrx_word' id='word_1_68' title='bbox 747 1067 803 1112; x_wconf 93' lang='lat' dir='ltr'><strong>et</strong></span> <span class='ocrx_word' id='word_1_69' title='bbox 832 1060 898 1112; x_wconf 89' lang='lat' dir='ltr'><strong>de</strong></span> <span class='ocrx_word' id='word_1_70' title='bbox 929 1057 1193 1129; x_wconf 87' lang='lat' dir='ltr'><strong>glandulis</strong></span> <span class='ocrx_word' id='word_1_71' title='bbox 1215 1056 1468 1128; x_wconf 84' lang='lat' dir='ltr'><strong>inguinis,</strong></span> <span class='ocrx_word' id='word_1_72' title='bbox 1501 1056 1672 1126; x_wconf 86' lang='lat' dir='ltr'><strong>deque</strong></span> <span class='ocrx_word' id='word_1_73' title='bbox 1707 1055 2008 1111; x_wconf 81' lang='lat' dir='ltr'><strong>inﬂamma-</strong></span> 
     </span>
    </p>
   </div>
   <div class='ocr_carea' id='block_1_13' title="bbox 434 1147 2009 1220">
    <p class='ocr_par' dir='ltr' id='par_1_13' title="bbox 434 1147 2009 1220">
     <span class='ocr_line' id='line_1_13' title="bbox 434 1147 2009 1220; baseline -0.001 -16"><span class='ocrx_word' id='word_1_74' title='bbox 434 1154 580 1206; x_wconf 81' lang='lat' dir='ltr'><strong>tione</strong></span> <span class='ocrx_word' id='word_1_75' title='bbox 639 1149 963 1218; x_wconf 71' lang='lat' dir='ltr'><strong>generatim.</strong></span> <span class='ocrx_word' id='word_1_76' title='bbox 1019 1147 1098 1203; x_wconf 93' lang='lat' dir='ltr'><strong>De</strong></span> <span class='ocrx_word' id='word_1_77' title='bbox 1152 1150 1505 1220; x_wconf 89' lang='lat' dir='ltr'><strong>apostematis</strong></span> <span class='ocrx_word' id='word_1_78' title='bbox 1565 1149 1715 1212; x_wconf 90' lang='lat' dir='ltr'><strong>item,</strong></span> <span class='ocrx_word' id='word_1_79' title='bbox 1771 1156 1827 1202; x_wconf 89' lang='lat' dir='ltr'><strong>et</strong></span> <span class='ocrx_word' id='word_1_80' title='bbox 1859 1147 2009 1203; x_wconf 86' lang='lat' dir='ltr'><strong>cavis</strong></span> 
     </span>
    </p>
   </div>
   <div class='ocr_carea' id='block_1_14' title="bbox 433 1239 2006 1310">
    <p class='ocr_par' dir='ltr' id='par_1_14' title="bbox 433 1239 2006 1310">
     <span class='ocr_line' id='line_1_14' title="bbox 433 1239 2006 1310; baseline -0.001 -16"><span class='ocrx_word' id='word_1_81' title='bbox 433 1241 708 1296; x_wconf 77' lang='lat' dir='ltr'><strong>ulceribus</strong></span> <span class='ocrx_word' id='word_1_82' title='bbox 741 1260 755 1296; x_wconf 88' lang='lat'><strong>:</strong></span> <span class='ocrx_word' id='word_1_83' title='bbox 783 1241 914 1310; x_wconf 92' lang='lat' dir='ltr'><strong>quid</strong></span> <span class='ocrx_word' id='word_1_84' title='bbox 951 1240 1334 1310; x_wconf 69' lang='lat' dir='ltr'><strong>praedictorum</strong></span> <span class='ocrx_word' id='word_1_85' title='bbox 1379 1255 1545 1294; x_wconf 92' lang='lat' dir='ltr'><strong>unum</strong></span> <span class='ocrx_word' id='word_1_86' title='bbox 1607 1240 1862 1310; x_wconf 89' lang='lat' dir='ltr'><strong>quodque</strong></span> <span class='ocrx_word' id='word_1_87' title='bbox 1911 1239 2006 1304; x_wconf 85' lang='lat' dir='ltr'><strong>sit,</strong></span> 
     </span>
    </p>
   </div>
   <div class='ocr_carea' id='block_1_15' title="bbox 433 1328 2013 1400">
    <p class='ocr_par' dir='ltr' id='par_1_15' title="bbox 433 1328 2013 1400">
     <span class='ocr_line' id='line_1_15' title="bbox 433 1328 2013 1400; baseline 0 -16"><span class='ocrx_word' id='word_1_88' title='bbox 433 1331 691 1397; x_wconf 82' lang='lat' dir='ltr'><strong>subjectis</strong></span> <span class='ocrx_word' id='word_1_89' title='bbox 719 1330 1048 1400; x_wconf 82' lang='lat' dir='ltr'><strong>singulorum</strong></span> <span class='ocrx_word' id='word_1_90' title='bbox 1113 1328 1388 1392; x_wconf 88' lang='lat' dir='ltr'><strong>remediis,</strong></span> <span class='ocrx_word' id='word_1_91' title='bbox 1429 1333 1767 1399; x_wconf 82' lang='lat' dir='ltr'><strong>exponendo.</strong></span> <span class='ocrx_word' id='word_1_92' title='bbox 1813 1329 2013 1384; x_wconf 63' lang='lat' dir='ltr'><strong>Praeter</strong></span> 
     </span>
    </p>
   </div>
   <div class='ocr_carea' id='block_1_16' title="bbox 436 1421 2014 1483">
    <p class='ocr_par' dir='ltr' id='par_1_16' title="bbox 436 1421 2014 1483">
     <span class='ocr_line' id='line_1_16' title="bbox 436 1421 2014 1483; baseline 0.001 -8"><span class='ocrx_word' id='word_1_93' title='bbox 436 1423 552 1476; x_wconf 80' lang='lat' dir='ltr'><strong>lucc</strong></span> <span class='ocrx_word' id='word_1_94' title='bbox 593 1436 728 1475; x_wconf 90' lang='lat' dir='ltr'><strong>vero</strong></span> <span class='ocrx_word' id='word_1_95' title='bbox 757 1422 946 1483; x_wconf 90' lang='lat' dir='ltr'><strong>etiam,</strong></span> <span class='ocrx_word' id='word_1_96' title='bbox 978 1423 1240 1476; x_wconf 85' lang='lat' dir='ltr'><strong>adversus</strong></span> <span class='ocrx_word' id='word_1_97' title='bbox 1263 1435 1474 1475; x_wconf 79' lang='lat' dir='ltr'><strong>vermes</strong></span> <span class='ocrx_word' id='word_1_98' title='bbox 1513 1421 1567 1474; x_wconf 92' lang='lat' dir='ltr'><strong>in</strong></span> <span class='ocrx_word' id='word_1_99' title='bbox 1599 1421 1873 1476; x_wconf 89' lang='lat' dir='ltr'><strong>ulceribus</strong></span> <span class='ocrx_word' id='word_1_100' title='bbox 1893 1435 2014 1476; x_wconf 86' lang='lat' dir='ltr'><strong>ena-</strong></span> 
     </span>
    </p>
   </div>
   <div class='ocr_carea' id='block_1_17' title="bbox 443 1511 2010 1582">
    <p class='ocr_par' dir='ltr' id='par_1_17' title="bbox 443 1511 2010 1582">
     <span class='ocr_line' id='line_1_17' title="bbox 443 1511 2010 1582; baseline 0.003 -19"><span class='ocrx_word' id='word_1_101' title='bbox 443 1525 548 1577; x_wconf 87' lang='lat' dir='ltr'><strong>tos,</strong></span> <span class='ocrx_word' id='word_1_102' title='bbox 579 1522 634 1568; x_wconf 91' lang='lat' dir='ltr'><strong>et</strong></span> <span class='ocrx_word' id='word_1_103' title='bbox 665 1514 730 1566; x_wconf 90' lang='lat' dir='ltr'><strong>ad</strong></span> <span class='ocrx_word' id='word_1_104' title='bbox 758 1527 946 1568; x_wconf 87' lang='lat' dir='ltr'><strong>nomas</strong></span> <span class='ocrx_word' id='word_1_105' title='bbox 971 1527 1034 1568; x_wconf 89' lang='lat' dir='ltr'><strong>ac</strong></span> <span class='ocrx_word' id='word_1_106' title='bbox 1060 1512 1373 1580; x_wconf 88' lang='lat' dir='ltr'><strong>putredines</strong></span> <span class='ocrx_word' id='word_1_107' title='bbox 1395 1511 1658 1577; x_wconf 87' lang='lat' dir='ltr'><strong>ulcerum,</strong></span> <span class='ocrx_word' id='word_1_108' title='bbox 1683 1513 1922 1582; x_wconf 88' lang='lat' dir='ltr'><strong>itemque</strong></span> <span class='ocrx_word' id='word_1_109' title='bbox 1945 1513 2010 1568; x_wconf 90' lang='lat' dir='ltr'><strong>ad</strong></span> 
     </span>
    </p>
   </div>
   <div class='ocr_carea' id='block_1_18' title="bbox 355 1602 2016 1675">
    <p class='ocr_par' dir='ltr' id='par_1_18' title="bbox 355 1602 2016 1675">
     <span class='ocr_line' id='line_1_18' title="bbox 355 1602 2016 1675; baseline 0.001 -17"><span class='ocrx_word' id='word_1_110' title='bbox 355 1623 358 1630; x_wconf 64' lang='grc'><em>“</em></span> <span class='ocrx_word' id='word_1_111' title='bbox 437 1605 722 1675; x_wconf 84' lang='lat' dir='ltr'><strong>sanguinis</strong></span> <span class='ocrx_word' id='word_1_112' title='bbox 751 1604 1093 1674; x_wconf 86' lang='lat' dir='ltr'><strong>eruptionem</strong></span> <span class='ocrx_word' id='word_1_113' title='bbox 1134 1604 1372 1660; x_wconf 90' lang='lat' dir='ltr'><strong>remedia</strong></span> <span class='ocrx_word' id='word_1_114' title='bbox 1417 1604 1661 1674; x_wconf 90' lang='lat' dir='ltr'><strong>apponit.</strong></span> <span class='ocrx_word' id='word_1_115' title='bbox 1713 1602 1915 1659; x_wconf 90' lang='lat' dir='ltr'><strong>Scribit</strong></span> <span class='ocrx_word' id='word_1_116' title='bbox 1959 1614 2016 1659; x_wconf 89' lang='lat' dir='ltr'><strong>et</strong></span> 
     </span>
    </p>
   </div>
   <div class='ocr_carea' id='block_1_19' title="bbox 439 1691 2013 1761">
    <p class='ocr_par' dir='ltr' id='par_1_19' title="bbox 439 1691 2013 1761">
     <span class='ocr_line' id='line_1_19' title="bbox 439 1691 2013 1761; baseline 0.003 -17"><span class='ocrx_word' id='word_1_117' title='bbox 439 1694 506 1744; x_wconf 90' lang='lat' dir='ltr'><strong>de</strong></span> <span class='ocrx_word' id='word_1_118' title='bbox 544 1692 774 1754; x_wconf 89' lang='lat' dir='ltr'><strong>sinibus,</strong></span> <span class='ocrx_word' id='word_1_119' title='bbox 811 1691 1030 1754; x_wconf 78' lang='lat' dir='ltr'><strong>ﬁstulis,</strong></span> <span class='ocrx_word' id='word_1_120' title='bbox 1066 1706 1379 1761; x_wconf 70' lang='lat' dir='ltr'><strong>gangraena,</strong></span> <span class='ocrx_word' id='word_1_121' title='bbox 1408 1693 1683 1760; x_wconf 85' lang='lat' dir='ltr'><strong>spltacelo,</strong></span> <span class='ocrx_word' id='word_1_122' title='bbox 1709 1693 2013 1748; x_wconf 83' lang='lat' dir='ltr'><strong>tumoribus</strong></span> 
     </span>
    </p>
   </div>
   <div class='ocr_carea' id='block_1_20' title="bbox 442 1777 2087 1856">
    <p class='ocr_par' dir='ltr' id='par_1_20' title="bbox 442 1777 2087 1856">
     <span class='ocr_line' id='line_1_20' title="bbox 442 1777 2087 1856; baseline -0.001 -21"><span class='ocrx_word' id='word_1_123' title='bbox 442 1783 770 1850; x_wconf 71' lang='lat' dir='ltr'><strong>canreratis,</strong></span> <span class='ocrx_word' id='word_1_124' title='bbox 807 1783 1172 1846; x_wconf 87' lang='lat' dir='ltr'><strong>carbunculis,</strong></span> <span class='ocrx_word' id='word_1_125' title='bbox 1221 1783 1568 1854; x_wconf 86' lang='lat' dir='ltr'><strong>erysipelate,</strong></span> <span class='ocrx_word' id='word_1_126' title='bbox 1599 1795 1804 1852; x_wconf 87' lang='lat' dir='ltr'><strong>erpete,</strong></span> <span class='ocrx_word' id='word_1_127' title='bbox 1830 1785 2012 1856; x_wconf 83' lang='lat' dir='ltr'><strong>epiny-</strong></span> <span class='ocrx_word' id='word_1_128' title='bbox 2043 1777 2087 1834; x_wconf 85' lang='grc' dir='ltr'><strong>Β</strong></span> 
     </span>
    </p>
   </div>
   <div class='ocr_carea' id='block_1_21' title="bbox 444 1873 2011 1944">
    <p class='ocr_par' dir='ltr' id='par_1_21' title="bbox 444 1873 2011 1944">
     <span class='ocr_line' id='line_1_21' title="bbox 444 1873 2011 1944; baseline 0.003 -19"><span class='ocrx_word' id='word_1_129' title='bbox 444 1877 608 1938; x_wconf 74' lang='lat' dir='ltr'><strong>ctide,</strong></span> <span class='ocrx_word' id='word_1_130' title='bbox 638 1873 952 1933; x_wconf 82' lang='lat' dir='ltr'><strong>termintlto.</strong></span> <span class='ocrx_word' id='word_1_131' title='bbox 982 1885 1037 1927; x_wconf 88' lang='lat' dir='ltr'><strong>et</strong></span> <span class='ocrx_word' id='word_1_132' title='bbox 1083 1873 1295 1943; x_wconf 87' lang='lat' dir='ltr'><strong>papulis</strong></span> <span class='ocrx_word' id='word_1_133' title='bbox 1346 1874 1460 1929; x_wconf 88' lang='lat' dir='ltr'><strong>sive</strong></span> <span class='ocrx_word' id='word_1_134' title='bbox 1515 1876 1770 1944; x_wconf 90' lang='lat' dir='ltr'><strong>pustulis,</strong></span> <span class='ocrx_word' id='word_1_135' title='bbox 1822 1877 2011 1931; x_wconf 90' lang='lat' dir='ltr'><strong>horum</strong></span> 
     </span>
    </p>
   </div>
   <div class='ocr_carea' id='block_1_22' title="bbox 443 1965 2015 2034">
    <p class='ocr_par' dir='ltr' id='par_1_22' title="bbox 443 1965 2015 2034">
     <span class='ocr_line' id='line_1_22' title="bbox 443 1965 2015 2034; baseline 0.003 -16"><span class='ocrx_word' id='word_1_136' title='bbox 443 1977 598 2021; x_wconf 88' lang='lat' dir='ltr'><strong>ortus</strong></span> <span class='ocrx_word' id='word_1_137' title='bbox 639 1965 798 2021; x_wconf 87' lang='lat' dir='ltr'><strong>simul</strong></span> <span class='ocrx_word' id='word_1_138' title='bbox 833 1975 888 2022; x_wconf 91' lang='lat' dir='ltr'><strong>et</strong></span> <span class='ocrx_word' id='word_1_139' title='bbox 935 1975 1060 2034; x_wconf 85' lang='lat' dir='ltr'><strong>apta</strong></span> <span class='ocrx_word' id='word_1_140' title='bbox 1110 1965 1347 2020; x_wconf 89' lang='lat' dir='ltr'><strong>remedia</strong></span> <span class='ocrx_word' id='word_1_141' title='bbox 1389 1980 1702 2022; x_wconf 91' lang='lat' dir='ltr'><strong>recensens.</strong></span> <span class='ocrx_word' id='word_1_142' title='bbox 1752 1966 2015 2024; x_wconf 76' lang='lat' dir='ltr'><strong>Medelam</strong></span> 
     </span>
    </p>
   </div>
   <div class='ocr_carea' id='block_1_23' title="bbox 445 2058 2020 2134">
    <p class='ocr_par' dir='ltr' id='par_1_23' title="bbox 445 2058 2020 2134">
     <span class='ocr_line' id='line_1_23' title="bbox 445 2058 2020 2134; baseline 0.006 -22"><span class='ocrx_word' id='word_1_143' title='bbox 445 2058 634 2130; x_wconf 80' lang='lat' dir='ltr'><strong>adjicit</strong></span> <span class='ocrx_word' id='word_1_144' title='bbox 666 2060 788 2130; x_wconf 92' lang='lat' dir='ltr'><strong>igne</strong></span> <span class='ocrx_word' id='word_1_145' title='bbox 847 2071 942 2116; x_wconf 89' lang='lat' dir='ltr'><strong>aut</strong></span> <span class='ocrx_word' id='word_1_146' title='bbox 987 2077 1122 2132; x_wconf 88' lang='lat' dir='ltr'><strong>aqua</strong></span> <span class='ocrx_word' id='word_1_147' title='bbox 1154 2061 1549 2131; x_wconf 86' lang='lat' dir='ltr'><strong>ambustorum,</strong></span> <span class='ocrx_word' id='word_1_148' title='bbox 1611 2063 1795 2134; x_wconf 81' lang='lat' dir='ltr'><strong>ﬂagris</strong></span> <span class='ocrx_word' id='word_1_149' title='bbox 1851 2081 2020 2122; x_wconf 70' lang='lat' dir='ltr'><strong>caeso-</strong></span> 
     </span>
    </p>
   </div>
   <div class='ocr_carea' id='block_1_24' title="bbox 449 2151 2014 2226">
    <p class='ocr_par' dir='ltr' id='par_1_24' title="bbox 449 2151 2014 2226">
     <span class='ocr_line' id='line_1_24' title="bbox 449 2151 2014 2226; baseline 0.004 -21"><span class='ocrx_word' id='word_1_150' title='bbox 449 2166 590 2217; x_wconf 84' lang='lat' dir='ltr'><strong>rum,</strong></span> <span class='ocrx_word' id='word_1_151' title='bbox 623 2151 993 2217; x_wconf 85' lang='lat' dir='ltr'><strong>abrasionnm,</strong></span> <span class='ocrx_word' id='word_1_152' title='bbox 1039 2154 1465 2226; x_wconf 90' lang='lat' dir='ltr'><strong>intertriginum,</strong></span> <span class='ocrx_word' id='word_1_153' title='bbox 1515 2157 1697 2212; x_wconf 91' lang='lat' dir='ltr'><strong>carnis</strong></span> <span class='ocrx_word' id='word_1_154' title='bbox 1752 2167 2014 2223; x_wconf 62' lang='lat' dir='ltr'><strong>contusae,</strong></span> 
     </span>
    </p>
   </div>
   <div class='ocr_carea' id='block_1_25' title="bbox 447 2241 2018 2310">
    <p class='ocr_par' dir='ltr' id='par_1_25' title="bbox 447 2241 2018 2310">
     <span class='ocr_line' id='line_1_25' title="bbox 447 2241 2018 2310; baseline 0.006 -18"><span class='ocrx_word' id='word_1_155' title='bbox 447 2241 532 2294; x_wconf 88' lang='lat' dir='ltr'><strong>vel</strong></span> <span class='ocrx_word' id='word_1_156' title='bbox 559 2251 748 2308; x_wconf 67' lang='lat' dir='ltr'><strong>ruptae,</strong></span> <span class='ocrx_word' id='word_1_157' title='bbox 787 2243 1178 2310; x_wconf 80' lang='lat' dir='ltr'><strong>convulsionis,</strong></span> <span class='ocrx_word' id='word_1_158' title='bbox 1206 2244 1592 2309; x_wconf 89' lang='lat' dir='ltr'><strong>contorsionis,</strong></span> <span class='ocrx_word' id='word_1_159' title='bbox 1621 2256 1678 2301; x_wconf 88' lang='lat' dir='ltr'><strong>et</strong></span> <span class='ocrx_word' id='word_1_160' title='bbox 1721 2246 1789 2302; x_wconf 87' lang='lat' dir='ltr'><strong>de</strong></span> <span class='ocrx_word' id='word_1_161' title='bbox 1823 2246 2018 2302; x_wconf 82' lang='lat' dir='ltr'><strong>luxatis</strong></span> 
     </span>
    </p>
   </div>
   <div class='ocr_carea' id='block_1_26' title="bbox 449 2333 2020 2412">
    <p class='ocr_par' dir='ltr' id='par_1_26' title="bbox 449 2333 2020 2412">
     <span class='ocr_line' id='line_1_26' title="bbox 449 2333 2020 2412; baseline 0.004 -26"><span class='ocrx_word' id='word_1_162' title='bbox 449 2333 716 2398; x_wconf 87' lang='lat' dir='ltr'><strong>articulis,</strong></span> <span class='ocrx_word' id='word_1_163' title='bbox 747 2349 812 2388; x_wconf 89' lang='lat' dir='ltr'><strong>ac</strong></span> <span class='ocrx_word' id='word_1_164' title='bbox 842 2335 1212 2404; x_wconf 84' lang='lat' dir='ltr'><strong>pernionibus.</strong></span> <span class='ocrx_word' id='word_1_165' title='bbox 1243 2335 1374 2392; x_wconf 90' lang='lat' dir='ltr'><strong>Item</strong></span> <span class='ocrx_word' id='word_1_166' title='bbox 1407 2339 1474 2393; x_wconf 91' lang='lat' dir='ltr'><strong>de</strong></span> <span class='ocrx_word' id='word_1_167' title='bbox 1513 2339 1799 2409; x_wconf 77' lang='lat' dir='ltr'><strong>digitorum</strong></span> <span class='ocrx_word' id='word_1_168' title='bbox 1836 2350 2020 2412; x_wconf 86' lang='lat' dir='ltr'><strong>ptery-</strong></span> 
     </span>
    </p>
   </div>
   <div class='ocr_carea' id='block_1_27' title="bbox 450 2425 2018 2502">
    <p class='ocr_par' dir='ltr' id='par_1_27' title="bbox 450 2425 2018 2502">
     <span class='ocr_line' id='line_1_27' title="bbox 450 2425 2018 2502; baseline 0.007 -25"><span class='ocrx_word' id='word_1_169' title='bbox 450 2425 573 2494; x_wconf 84' lang='lat' dir='ltr'><strong>giis,</strong></span> <span class='ocrx_word' id='word_1_170' title='bbox 618 2427 684 2481; x_wconf 91' lang='lat' dir='ltr'><strong>de</strong></span> <span class='ocrx_word' id='word_1_171' title='bbox 742 2428 1110 2499; x_wconf 87' lang='lat' dir='ltr'><strong>paronycbiis,</strong></span> <span class='ocrx_word' id='word_1_172' title='bbox 1165 2429 1234 2485; x_wconf 91' lang='lat' dir='ltr'><strong>de</strong></span> <span class='ocrx_word' id='word_1_173' title='bbox 1277 2432 1548 2502; x_wconf 88' lang='lat' dir='ltr'><strong>unguibus</strong></span> <span class='ocrx_word' id='word_1_174' title='bbox 1581 2435 1848 2500; x_wconf 85' lang='lat' dir='ltr'><strong>contusis,</strong></span> <span class='ocrx_word' id='word_1_175' title='bbox 1886 2435 2018 2488; x_wconf 92' lang='lat' dir='ltr'><strong>sub-</strong></span> 
     </span>
    </p>
   </div>
   <div class='ocr_carea' id='block_1_28' title="bbox 450 2518 2022 2597">
    <p class='ocr_par' dir='ltr' id='par_1_28' title="bbox 450 2518 2022 2597">
     <span class='ocr_line' id='line_1_28' title="bbox 450 2518 2022 2597; baseline 0.008 -27"><span class='ocrx_word' id='word_1_176' title='bbox 450 2518 714 2582; x_wconf 84' lang='lat' dir='ltr'><strong>cruentis,</strong></span> <span class='ocrx_word' id='word_1_177' title='bbox 746 2533 851 2572; x_wconf 92' lang='lat' dir='ltr'><strong>non</strong></span> <span class='ocrx_word' id='word_1_178' title='bbox 905 2520 1049 2584; x_wconf 72' lang='lat' dir='ltr'><strong>lixis,</strong></span> <span class='ocrx_word' id='word_1_179' title='bbox 1104 2521 1313 2578; x_wconf 84' lang='lat' dir='ltr'><strong>scabris</strong></span> <span class='ocrx_word' id='word_1_180' title='bbox 1356 2536 1420 2577; x_wconf 89' lang='lat' dir='ltr'><strong>ac</strong></span> <span class='ocrx_word' id='word_1_181' title='bbox 1484 2522 1711 2591; x_wconf 87' lang='lat' dir='ltr'><strong>leprosis</strong></span> <span class='ocrx_word' id='word_1_182' title='bbox 1757 2544 1772 2581; x_wconf 88' lang='lat'><strong>:</strong></span> <span class='ocrx_word' id='word_1_183' title='bbox 1826 2527 2022 2597; x_wconf 89' lang='lat' dir='ltr'><strong>quibus</strong></span> 
     </span>
    </p>
   </div>
   <div class='ocr_carea' id='block_1_29' title="bbox 451 2609 2019 2687">
    <p class='ocr_par' dir='ltr' id='par_1_29' title="bbox 451 2609 2019 2687">
     <span class='ocr_line' id='line_1_29' title="bbox 451 2609 2019 2687; baseline 0.008 -26"><span class='ocrx_word' id='word_1_184' title='bbox 451 2609 614 2664; x_wconf 82' lang='lat' dir='ltr'><strong>etiam</strong></span> <span class='ocrx_word' id='word_1_185' title='bbox 644 2611 900 2668; x_wconf 84' lang='lat' dir='ltr'><strong>remediis</strong></span> <span class='ocrx_word' id='word_1_186' title='bbox 922 2612 1060 2669; x_wconf 72' lang='lat' dir='ltr'><strong>ellici</strong></span> <span class='ocrx_word' id='word_1_187' title='bbox 1085 2614 1278 2681; x_wconf 91' lang='lat' dir='ltr'><strong>possit,</strong></span> <span class='ocrx_word' id='word_1_188' title='bbox 1308 2624 1366 2667; x_wconf 90' lang='lat' dir='ltr'><strong>ut</strong></span> <span class='ocrx_word' id='word_1_189' title='bbox 1395 2630 1494 2684; x_wconf 89' lang='lat' dir='ltr'><strong>pro</strong></span> <span class='ocrx_word' id='word_1_190' title='bbox 1538 2617 1773 2687; x_wconf 79' lang='lat' dir='ltr'><strong>delapsis</strong></span> <span class='ocrx_word' id='word_1_191' title='bbox 1822 2621 2019 2686; x_wconf 78' lang='lat' dir='ltr'><strong>ungui-</strong></span> 
     </span>
    </p>
   </div>
   <div class='ocr_carea' id='block_1_30' title="bbox 2107 499 3684 576">
    <p class='ocr_par' dir='ltr' id='par_1_30' title="bbox 2107 499 3684 576">
     <span class='ocr_line' id='line_1_30' title="bbox 2107 499 3684 576; baseline -0.004 -17"><span class='ocrx_word' id='word_1_192' title='bbox 2107 521 2168 559; x_wconf 86' lang='grc' dir='ltr'><strong>τε</strong></span> <span class='ocrx_word' id='word_1_193' title='bbox 2229 504 2324 558; x_wconf 73' lang='grc' dir='ltr'>καὶ</span> <span class='ocrx_word' id='word_1_194' title='bbox 2377 501 2629 576; x_wconf 75' lang='grc' dir='ltr'>ῥαγάδων</span> <span class='ocrx_word' id='word_1_195' title='bbox 2681 502 2777 556; x_wconf 74' lang='grc' dir='ltr'>καὶ</span> <span class='ocrx_word' id='word_1_196' title='bbox 2839 501 3149 574; x_wconf 78' lang='grc' dir='ltr'>φλεγμονῆς</span> <span class='ocrx_word' id='word_1_197' title='bbox 3211 500 3306 556; x_wconf 76' lang='grc' dir='ltr'>καὶ</span> <span class='ocrx_word' id='word_1_198' title='bbox 3362 499 3534 570; x_wconf 82' lang='grc' dir='ltr'><strong>νομῆς</strong></span> <span class='ocrx_word' id='word_1_199' title='bbox 3588 501 3684 553; x_wconf 72' lang='grc' dir='ltr'>καὶ</span> 
     </span>
    </p>
   </div>
   <div class='ocr_carea' id='block_1_31' title="bbox 2109 592 3686 668">
    <p class='ocr_par' dir='ltr' id='par_1_31' title="bbox 2109 592 3686 668">
     <span class='ocr_line' id='line_1_31' title="bbox 2109 592 3686 668; baseline -0.005 -16"><span class='ocrx_word' id='word_1_200' title='bbox 2109 595 2418 668; x_wconf 75' lang='grc' dir='ltr'><strong>ἀνθράκων,</strong></span> <span class='ocrx_word' id='word_1_201' title='bbox 2451 597 2545 651; x_wconf 75' lang='grc' dir='ltr'>καὶ</span> <span class='ocrx_word' id='word_1_202' title='bbox 2573 598 2680 652; x_wconf 83' lang='grc' dir='ltr'>τῶν</span> <span class='ocrx_word' id='word_1_203' title='bbox 2709 596 2852 651; x_wconf 88' lang='grc' dir='ltr'><strong>κατά</strong></span> <span class='ocrx_word' id='word_1_204' title='bbox 2886 595 2984 666; x_wconf 83' lang='grc' dir='ltr'>τὴν</span> <span class='ocrx_word' id='word_1_205' title='bbox 3024 593 3299 665; x_wconf 83' lang='grc' dir='ltr'>οὐρήθραν</span> <span class='ocrx_word' id='word_1_206' title='bbox 3329 592 3525 646; x_wconf 60' lang='grc' dir='ltr'>ἑλκῶν</span> <span class='ocrx_word' id='word_1_207' title='bbox 3557 593 3686 664; x_wconf 88' lang='grc' dir='ltr'>περί</span> 
     </span>
    </p>
   </div>
   <div class='ocr_carea' id='block_1_32' title="bbox 2109 684 3687 760">
    <p class='ocr_par' dir='ltr' id='par_1_32' title="bbox 2109 684 3687 760">
     <span class='ocr_line' id='line_1_32' title="bbox 2109 684 3687 760; baseline -0.004 -17"><span class='ocrx_word' id='word_1_208' title='bbox 2109 707 2170 743; x_wconf 87' lang='grc' dir='ltr'><strong>τε</strong></span> <span class='ocrx_word' id='word_1_209' title='bbox 2197 689 2514 760; x_wconf 84' lang='grc' dir='ltr'>ψωριῶντος</span> <span class='ocrx_word' id='word_1_210' title='bbox 2546 690 2757 759; x_wconf 88' lang='grc' dir='ltr'>όσχέου,</span> <span class='ocrx_word' id='word_1_211' title='bbox 2797 688 2893 742; x_wconf 78' lang='grc' dir='ltr'>καὶ</span> <span class='ocrx_word' id='word_1_212' title='bbox 2937 685 3248 757; x_wconf 81' lang='grc' dir='ltr'><strong>φλεγμονῆς</strong></span> <span class='ocrx_word' id='word_1_213' title='bbox 3288 684 3454 738; x_wconf 78' lang='grc' dir='ltr'>αὐτοῦ</span> <span class='ocrx_word' id='word_1_214' title='bbox 3490 701 3549 737; x_wconf 84' lang='grc' dir='ltr'><strong>τε</strong></span> <span class='ocrx_word' id='word_1_215' title='bbox 3590 684 3687 738; x_wconf 63' lang='grc' dir='ltr'><strong>καί⁷</strong></span> 
     </span>
    </p>
   </div>
   <div class='ocr_carea' id='block_1_33' title="bbox 2110 777 3688 854">
    <p class='ocr_par' dir='ltr' id='par_1_33' title="bbox 2110 777 3688 854">
     <span class='ocr_line' id='line_1_33' title="bbox 2110 777 3688 854; baseline -0.004 -19"><span class='ocrx_word' id='word_1_216' title='bbox 2110 781 2348 854; x_wconf 78' lang='grc' dir='ltr'>δρχεων’</span> <span class='ocrx_word' id='word_1_217' title='bbox 2377 781 2476 835; x_wconf 74' lang='grc' dir='ltr'>καὶ</span> <span class='ocrx_word' id='word_1_218' title='bbox 2517 783 2644 852; x_wconf 82' lang='grc' dir='ltr'>περὶ</span> <span class='ocrx_word' id='word_1_219' title='bbox 2681 779 2790 834; x_wconf 86' lang='grc' dir='ltr'><strong>τῶν</strong></span> <span class='ocrx_word' id='word_1_220' title='bbox 2836 779 2937 851; x_wconf 78' lang='grc' dir='ltr'>τῆς</span> <span class='ocrx_word' id='word_1_221' title='bbox 2991 778 3167 850; x_wconf 87' lang='grc' dir='ltr'>κήλης</span> <span class='ocrx_word' id='word_1_222' title='bbox 3214 777 3411 832; x_wconf 76' lang='grc' dir='ltr'>εἱδῶν·</span> <span class='ocrx_word' id='word_1_223' title='bbox 3449 777 3579 848; x_wconf 91' lang='grc' dir='ltr'>περί</span> <span class='ocrx_word' id='word_1_224' title='bbox 3626 793 3688 829; x_wconf 87' lang='grc' dir='ltr'><strong>τε</strong></span> 
     </span>
    </p>
   </div>
   <div class='ocr_carea' id='block_1_34' title="bbox 2114 868 3690 946">
    <p class='ocr_par' dir='ltr' id='par_1_34' title="bbox 2114 868 3690 946">
     <span class='ocr_line' id='line_1_34' title="bbox 2114 868 3690 946; baseline -0.003 -19"><span class='ocrx_word' id='word_1_225' title='bbox 2114 873 2413 938; x_wconf 79' lang='grc' dir='ltr'>συνθέσεως</span> <span class='ocrx_word' id='word_1_226' title='bbox 2459 873 2853 946; x_wconf 87' lang='grc' dir='ltr'>ἐμπλάστρων,</span> <span class='ocrx_word' id='word_1_227' title='bbox 2897 872 2995 926; x_wconf 82' lang='grc' dir='ltr'>καὶ</span> <span class='ocrx_word' id='word_1_228' title='bbox 3035 872 3238 943; x_wconf 80' lang='grc' dir='ltr'><strong>τρόπου</strong></span> <span class='ocrx_word' id='word_1_229' title='bbox 3273 868 3384 924; x_wconf 88' lang='grc' dir='ltr'><strong>τῶν</strong></span> <span class='ocrx_word' id='word_1_230' title='bbox 3427 868 3690 941; x_wconf 83' lang='grc' dir='ltr'>ἐμϐαλλο-</span> 
     </span>
    </p>
   </div>
   <div class='ocr_carea' id='block_1_35' title="bbox 2116 961 3690 1038">
    <p class='ocr_par' dir='ltr' id='par_1_35' title="bbox 2116 961 3690 1038">
     <span class='ocr_line' id='line_1_35' title="bbox 2116 961 3690 1038; baseline -0.001 -20"><span class='ocrx_word' id='word_1_231' title='bbox 2116 967 2294 1037; x_wconf 81' lang='grc' dir='ltr'>μένων</span> <span class='ocrx_word' id='word_1_232' title='bbox 2329 965 2594 1038; x_wconf 81' lang='grc' dir='ltr'>ἐψήσεως.</span> <span class='ocrx_word' id='word_1_233' title='bbox 2632 967 2752 1019; x_wconf 86' lang='grc' dir='ltr'><strong>Ἔτι</strong></span> <span class='ocrx_word' id='word_1_234' title='bbox 2796 965 2854 1020; x_wconf 82' lang='grc' dir='ltr'>δὲ</span> <span class='ocrx_word' id='word_1_235' title='bbox 2897 965 3026 1036; x_wconf 77' lang='grc' dir='ltr'>περὶ</span> <span class='ocrx_word' id='word_1_236' title='bbox 3073 964 3182 1018; x_wconf 86' lang='grc' dir='ltr'><strong>τῶν</strong></span> <span class='ocrx_word' id='word_1_237' title='bbox 3225 963 3296 1018; x_wconf 82' lang='grc' dir='ltr'><strong>τά</strong></span> <span class='ocrx_word' id='word_1_238' title='bbox 3339 961 3510 1034; x_wconf 81' lang='grc' dir='ltr'>νεῦρα</span> <span class='ocrx_word' id='word_1_239' title='bbox 3545 978 3690 1033; x_wconf 87' lang='grc' dir='ltr'>τρω-</span> 
     </span>
    </p>
   </div>
   <div class='ocr_carea' id='block_1_36' title="bbox 2114 1053 3691 1129">
    <p class='ocr_par' dir='ltr' id='par_1_36' title="bbox 2114 1053 3691 1129">
     <span class='ocr_line' id='line_1_36' title="bbox 2114 1053 3691 1129; baseline -0.003 -19"><span class='ocrx_word' id='word_1_240' title='bbox 2114 1058 2315 1113; x_wconf 83' lang='grc' dir='ltr'>θέντων</span> <span class='ocrx_word' id='word_1_241' title='bbox 2365 1059 2401 1129; x_wconf 66' lang='lat' dir='ltr'><strong>ﬂ</strong></span> <span class='ocrx_word' id='word_1_242' title='bbox 2459 1057 2832 1122; x_wconf 84' lang='grc' dir='ltr'>θλασθὲντων,</span> <span class='ocrx_word' id='word_1_243' title='bbox 2892 1056 2987 1111; x_wconf 72' lang='grc' dir='ltr'>καὶ</span> <span class='ocrx_word' id='word_1_244' title='bbox 3041 1056 3170 1127; x_wconf 80' lang='grc' dir='ltr'>περὶ</span> <span class='ocrx_word' id='word_1_245' title='bbox 3224 1054 3545 1125; x_wconf 84' lang='grc' dir='ltr'>βουϐώνων,</span> <span class='ocrx_word' id='word_1_246' title='bbox 3593 1053 3691 1106; x_wconf 74' lang='grc' dir='ltr'>καὶ</span> 
     </span>
    </p>
   </div>
   <div class='ocr_carea' id='block_1_37' title="bbox 2115 1133 3691 1222">
    <p class='ocr_par' dir='ltr' id='par_1_37' title="bbox 2115 1133 3691 1222">
     <span class='ocr_line' id='line_1_37' title="bbox 2115 1133 3691 1222; baseline -0.005 -19"><span class='ocrx_word' id='word_1_247' title='bbox 2115 1149 2428 1222; x_wconf 76' lang='grc' dir='ltr'>φλεγμονῆς</span> <span class='ocrx_word' id='word_1_248' title='bbox 2483 1148 2716 1205; x_wconf 84' lang='grc' dir='ltr'>καθόλου</span> <span class='ocrx_word' id='word_1_249' title='bbox 2743 1189 2759 1211; x_wconf 88' lang='grc'><strong>,</strong></span> <span class='ocrx_word' id='word_1_250' title='bbox 2821 1133 2954 1220; x_wconf 86' lang='grc' dir='ltr'>περί</span> <span class='ocrx_word' id='word_1_251' title='bbox 3007 1165 3068 1200; x_wconf 90' lang='grc' dir='ltr'><strong>τε</strong></span> <span class='ocrx_word' id='word_1_252' title='bbox 3129 1143 3533 1216; x_wconf 80' lang='grc' dir='ltr'><strong>ἀποστημάτων</strong></span> <span class='ocrx_word' id='word_1_253' title='bbox 3590 1143 3691 1197; x_wconf 72' lang='grc' dir='ltr'>καὶ</span> 
     </span>
    </p>
   </div>
   <div class='ocr_carea' id='block_1_38' title="bbox 2117 1236 3690 1309">
    <p class='ocr_par' dir='ltr' id='par_1_38' title="bbox 2117 1236 3690 1309">
     <span class='ocr_line' id='line_1_38' title="bbox 2117 1236 3690 1309; baseline -0.005 -12"><span class='ocrx_word' id='word_1_254' title='bbox 2117 1241 2312 1297; x_wconf 84' lang='grc' dir='ltr'>κοίλων</span> <span class='ocrx_word' id='word_1_255' title='bbox 2349 1242 2556 1309; x_wconf 86' lang='grc' dir='ltr'>ἐλκῶν,</span> <span class='ocrx_word' id='word_1_256' title='bbox 2587 1242 2641 1295; x_wconf 88' lang='grc' dir='ltr'><strong>τί</strong></span> <span class='ocrx_word' id='word_1_257' title='bbox 2670 1242 2731 1295; x_wconf 83' lang='grc' dir='ltr'><strong>τέ</strong></span> <span class='ocrx_word' id='word_1_258' title='bbox 2763 1242 2911 1295; x_wconf 87' lang='grc' dir='ltr'>ἐστιν</span> <span class='ocrx_word' id='word_1_259' title='bbox 2943 1239 3176 1295; x_wconf 75' lang='grc' dir='ltr'>ἕκαστον</span> <span class='ocrx_word' id='word_1_260' title='bbox 3206 1238 3314 1292; x_wconf 84' lang='grc' dir='ltr'>τῶν</span> <span class='ocrx_word' id='word_1_261' title='bbox 3347 1236 3651 1307; x_wconf 77' lang='grc' dir='ltr'>εἰρημένων</span> <span class='ocrx_word' id='word_1_262' title='bbox 3673 1277 3690 1301; x_wconf 91' lang='grc'><strong>,</strong></span> 
     </span>
    </p>
   </div>
   <div class='ocr_carea' id='block_1_39' title="bbox 2116 1327 3692 1404">
    <p class='ocr_par' dir='ltr' id='par_1_39' title="bbox 2116 1327 3692 1404">
     <span class='ocr_line' id='line_1_39' title="bbox 2116 1327 3692 1404; baseline -0.005 -17"><span class='ocrx_word' id='word_1_263' title='bbox 2116 1333 2212 1387; x_wconf 83' lang='grc' dir='ltr'>καὶ</span> <span class='ocrx_word' id='word_1_264' title='bbox 2235 1333 2530 1403; x_wconf 77' lang='grc' dir='ltr'>θεραπείας</span> <span class='ocrx_word' id='word_1_265' title='bbox 2561 1333 2740 1388; x_wconf 84' lang='grc' dir='ltr'>αὐτῶν</span> <span class='ocrx_word' id='word_1_266' title='bbox 2773 1331 3027 1395; x_wconf 88' lang='grc' dir='ltr'>ἐκτιθείς.</span> <span class='ocrx_word' id='word_1_267' title='bbox 3063 1329 3192 1404; x_wconf 83' lang='grc'><strong>[576</strong></span> <span class='ocrx_word' id='word_1_268' title='bbox 3221 1329 3316 1402; x_wconf 83' lang='lat' dir='ltr'><strong>R.]</strong></span> <span class='ocrx_word' id='word_1_269' title='bbox 3353 1331 3476 1382; x_wconf 86' lang='grc' dir='ltr'><strong>Ἔτι</strong></span> <span class='ocrx_word' id='word_1_270' title='bbox 3509 1327 3565 1382; x_wconf 86' lang='grc' dir='ltr'><strong>δέ</strong></span> <span class='ocrx_word' id='word_1_271' title='bbox 3597 1327 3692 1380; x_wconf 76' lang='grc' dir='ltr'>καὶ</span> 
     </span>
    </p>
   </div>
   <div class='ocr_carea' id='block_1_40' title="bbox 2117 1419 3693 1498">
    <p class='ocr_par' dir='ltr' id='par_1_40' title="bbox 2117 1419 3693 1498">
     <span class='ocr_line' id='line_1_40' title="bbox 2117 1419 3693 1498; baseline -0.006 -18"><span class='ocrx_word' id='word_1_272' title='bbox 2117 1427 2254 1498; x_wconf 77' lang='grc' dir='ltr'>πρὸς</span> <span class='ocrx_word' id='word_1_273' title='bbox 2280 1427 2406 1490; x_wconf 80' lang='grc' dir='ltr'>τοὺς</span> <span class='ocrx_word' id='word_1_274' title='bbox 2449 1427 2507 1480; x_wconf 89' lang='grc' dir='ltr'><strong>ἐν</strong></span> <span class='ocrx_word' id='word_1_275' title='bbox 2550 1425 2733 1479; x_wconf 72' lang='grc' dir='ltr'>ἕλκεσι</span> <span class='ocrx_word' id='word_1_276' title='bbox 2772 1424 3080 1494; x_wconf 82' lang='grc' dir='ltr'>σκώληκας,</span> <span class='ocrx_word' id='word_1_277' title='bbox 3113 1421 3206 1477; x_wconf 77' lang='grc' dir='ltr'>καὶ</span> <span class='ocrx_word' id='word_1_278' title='bbox 3239 1421 3374 1493; x_wconf 84' lang='grc' dir='ltr'>πρὸς</span> <span class='ocrx_word' id='word_1_279' title='bbox 3402 1419 3570 1490; x_wconf 89' lang='grc' dir='ltr'>νομάς</span> <span class='ocrx_word' id='word_1_280' title='bbox 3598 1419 3693 1471; x_wconf 55' lang='grc' dir='ltr'><strong>καὶ¹</strong></span> 
     </span>
    </p>
   </div>
   <div class='ocr_carea' id='block_1_41' title="bbox 2117 1509 3692 1589">
    <p class='ocr_par' dir='ltr' id='par_1_41' title="bbox 2117 1509 3692 1589">
     <span class='ocr_line' id='line_1_41' title="bbox 2117 1509 3692 1589; baseline -0.006 -17"><span class='ocrx_word' id='word_1_281' title='bbox 2117 1519 2186 1572; x_wconf 78' lang='grc' dir='ltr'><strong>τά</strong></span> <span class='ocrx_word' id='word_1_282' title='bbox 2219 1516 2563 1589; x_wconf 86' lang='grc' dir='ltr'>σηπεδονὼδη</span> <span class='ocrx_word' id='word_1_283' title='bbox 2596 1516 2704 1570; x_wconf 84' lang='grc' dir='ltr'>τῶν</span> <span class='ocrx_word' id='word_1_284' title='bbox 2737 1515 2911 1570; x_wconf 85' lang='grc' dir='ltr'>ἐλκῶν</span> <span class='ocrx_word' id='word_1_285' title='bbox 2932 1554 2951 1581; x_wconf 91' lang='grc'><strong>,</strong></span> <span class='ocrx_word' id='word_1_286' title='bbox 2999 1514 3098 1569; x_wconf 79' lang='grc' dir='ltr'>καὶ</span> <span class='ocrx_word' id='word_1_287' title='bbox 3145 1513 3282 1584; x_wconf 82' lang='grc' dir='ltr'>πρὸς</span> <span class='ocrx_word' id='word_1_288' title='bbox 3325 1509 3692 1582; x_wconf 73' lang='grc' dir='ltr'>αἱμορραγίας</span> 
     </span>
    </p>
   </div>
   <div class='ocr_carea' id='block_1_42' title="bbox 2123 1600 3695 1678">
    <p class='ocr_par' dir='ltr' id='par_1_42' title="bbox 2123 1600 3695 1678">
     <span class='ocr_line' id='line_1_42' title="bbox 2123 1600 3695 1678; baseline -0.008 -14"><span class='ocrx_word' id='word_1_289' title='bbox 2123 1611 2296 1674; x_wconf 73' lang='grc' dir='ltr'>ἰάσεις</span> <span class='ocrx_word' id='word_1_290' title='bbox 2355 1608 2810 1678; x_wconf 85' lang='grc' dir='ltr'>συγκατατάττει.</span> <span class='ocrx_word' id='word_1_291' title='bbox 2874 1605 3241 1675; x_wconf 88' lang='grc' dir='ltr'>Διαλαμϐάνει</span> <span class='ocrx_word' id='word_1_292' title='bbox 3293 1603 3352 1658; x_wconf 86' lang='grc' dir='ltr'><strong>δέ</strong></span> <span class='ocrx_word' id='word_1_293' title='bbox 3408 1603 3501 1656; x_wconf 75' lang='grc' dir='ltr'>καὶ</span> <span class='ocrx_word' id='word_1_294' title='bbox 3563 1600 3695 1672; x_wconf 77' lang='grc' dir='ltr'>περὶ</span> 
     </span>
    </p>
   </div>
   <div class='ocr_carea' id='block_1_43' title="bbox 2119 1691 3692 1772">
    <p class='ocr_par' dir='ltr' id='par_1_43' title="bbox 2119 1691 3692 1772">
     <span class='ocr_line' id='line_1_43' title="bbox 2119 1691 3692 1772; baseline -0.008 -16"><span class='ocrx_word' id='word_1_295' title='bbox 2119 1701 2337 1756; x_wconf 79' lang='grc' dir='ltr'>κόλπων</span> <span class='ocrx_word' id='word_1_296' title='bbox 2366 1701 2463 1754; x_wconf 78' lang='grc' dir='ltr'>καὶ</span> <span class='ocrx_word' id='word_1_297' title='bbox 2490 1700 2787 1772; x_wconf 87' lang='grc' dir='ltr'>συρίγγων,</span> <span class='ocrx_word' id='word_1_298' title='bbox 2814 1696 3158 1768; x_wconf 86' lang='grc' dir='ltr'>γαγγραίνης</span> <span class='ocrx_word' id='word_1_299' title='bbox 3188 1711 3248 1749; x_wconf 89' lang='grc' dir='ltr'><strong>τε</strong></span> <span class='ocrx_word' id='word_1_300' title='bbox 3280 1695 3373 1749; x_wconf 71' lang='grc' dir='ltr'>καὶ</span> <span class='ocrx_word' id='word_1_301' title='bbox 3402 1691 3692 1763; x_wconf 82' lang='grc' dir='ltr'>σφακέλου,</span> 
     </span>
    </p>
   </div>
   <div class='ocr_carea' id='block_1_44' title="bbox 2115 1782 3697 1864">
    <p class='ocr_par' dir='ltr' id='par_1_44' title="bbox 2115 1782 3697 1864">
     <span class='ocr_line' id='line_1_44' title="bbox 2115 1782 3697 1864; baseline -0.009 -15"><span class='ocrx_word' id='word_1_302' title='bbox 2115 1794 2210 1849; x_wconf 73' lang='grc' dir='ltr'>καὶ</span> <span class='ocrx_word' id='word_1_303' title='bbox 2263 1793 2392 1864; x_wconf 75' lang='grc' dir='ltr'>περὶ</span> <span class='ocrx_word' id='word_1_304' title='bbox 2445 1793 2630 1862; x_wconf 86' lang='grc' dir='ltr'>δγκων</span> <span class='ocrx_word' id='word_1_305' title='bbox 2687 1788 3041 1863; x_wconf 84' lang='grc' dir='ltr'>καρκινωδῶν</span> <span class='ocrx_word' id='word_1_306' title='bbox 3101 1788 3194 1842; x_wconf 78' lang='grc' dir='ltr'>καὶ</span> <span class='ocrx_word' id='word_1_307' title='bbox 3253 1785 3540 1857; x_wconf 83' lang='grc' dir='ltr'>ἀνθράκων</span> <span class='ocrx_word' id='word_1_308' title='bbox 3599 1782 3697 1836; x_wconf 75' lang='grc' dir='ltr'><strong>καὶΙ</strong></span> 
     </span>
    </p>
   </div>
   <div class='ocr_carea' id='block_1_45' title="bbox 2116 1877 3695 1958">
    <p class='ocr_par' dir='ltr' id='par_1_45' title="bbox 2116 1877 3695 1958">
     <span class='ocr_line' id='line_1_45' title="bbox 2116 1877 3695 1958; baseline -0.009 -17"><span class='ocrx_word' id='word_1_309' title='bbox 2116 1886 2502 1958; x_wconf 78' lang='grc' dir='ltr'>ἐρυσιπέλατος</span> <span class='ocrx_word' id='word_1_310' title='bbox 2524 1927 2540 1950; x_wconf 91' lang='grc'><strong>,</strong></span> <span class='ocrx_word' id='word_1_311' title='bbox 2577 1883 2816 1956; x_wconf 80' lang='grc' dir='ltr'>ἐρπητός</span> <span class='ocrx_word' id='word_1_312' title='bbox 2845 1899 2908 1936; x_wconf 79' lang='grc' dir='ltr'><strong>τε</strong></span> <span class='ocrx_word' id='word_1_313' title='bbox 2941 1881 3036 1936; x_wconf 83' lang='grc' dir='ltr'>καὶ</span> <span class='ocrx_word' id='word_1_314' title='bbox 3065 1878 3404 1942; x_wconf 85' lang='grc' dir='ltr'>ἐπινυκτίδος</span> <span class='ocrx_word' id='word_1_315' title='bbox 3443 1877 3538 1930; x_wconf 76' lang='grc' dir='ltr'>καὶ</span> <span class='ocrx_word' id='word_1_316' title='bbox 3567 1891 3695 1946; x_wconf 88' lang='grc' dir='ltr'>τερ-</span> 
     </span>
    </p>
   </div>
   <div class='ocr_carea' id='block_1_46' title="bbox 2119 1966 3698 2048">
    <p class='ocr_par' dir='ltr' id='par_1_46' title="bbox 2119 1966 3698 2048">
     <span class='ocr_line' id='line_1_46' title="bbox 2119 1966 3698 2048; baseline -0.008 -17"><span class='ocrx_word' id='word_1_317' title='bbox 2119 1977 2307 2048; x_wconf 79' lang='grc' dir='ltr'>μίνθου</span> <span class='ocrx_word' id='word_1_318' title='bbox 2361 1978 2455 2032; x_wconf 73' lang='grc' dir='ltr'>καὶ</span> <span class='ocrx_word' id='word_1_319' title='bbox 2492 1973 2856 2047; x_wconf 81' lang='grc' dir='ltr'>φλυκταινῶν,</span> <span class='ocrx_word' id='word_1_320' title='bbox 2901 1973 3000 2037; x_wconf 87' lang='grc' dir='ltr'><strong>τάς</strong></span> <span class='ocrx_word' id='word_1_321' title='bbox 3031 1988 3092 2026; x_wconf 89' lang='grc' dir='ltr'><strong>τε</strong></span> <span class='ocrx_word' id='word_1_322' title='bbox 3120 1971 3363 2042; x_wconf 83' lang='grc' dir='ltr'>γενέσεις</span> <span class='ocrx_word' id='word_1_323' title='bbox 3397 1966 3577 2022; x_wconf 70' lang='grc' dir='ltr'>αὐτῶν</span> <span class='ocrx_word' id='word_1_324' title='bbox 3613 1966 3698 2018; x_wconf 90' lang='grc' dir='ltr'>δι-</span> 
     </span>
    </p>
   </div>
   <div class='ocr_carea' id='block_1_47' title="bbox 2115 2057 3696 2138">
    <p class='ocr_par' dir='ltr' id='par_1_47' title="bbox 2115 2057 3696 2138">
     <span class='ocr_line' id='line_1_47' title="bbox 2115 2057 3696 2138; baseline -0.011 -12"><span class='ocrx_word' id='word_1_325' title='bbox 2115 2069 2297 2137; x_wconf 80' lang='grc' dir='ltr'>εξιὼν,</span> <span class='ocrx_word' id='word_1_326' title='bbox 2335 2069 2431 2124; x_wconf 77' lang='grc' dir='ltr'>καὶ</span> <span class='ocrx_word' id='word_1_327' title='bbox 2466 2070 2588 2125; x_wconf 84' lang='grc' dir='ltr'>ὅσαι</span> <span class='ocrx_word' id='word_1_328' title='bbox 2615 2066 2827 2130; x_wconf 85' lang='grc' dir='ltr'>τούτοις</span> <span class='ocrx_word' id='word_1_329' title='bbox 2851 2065 3155 2138; x_wconf 77' lang='grc' dir='ltr'>ἀρμόξουσι</span> <span class='ocrx_word' id='word_1_330' title='bbox 3181 2061 3203 2094; x_wconf 88' lang='grc'>³</span> <span class='ocrx_word' id='word_1_331' title='bbox 3238 2060 3547 2131; x_wconf 87' lang='grc' dir='ltr'>θεραπεῖαι.</span> <span class='ocrx_word' id='word_1_332' title='bbox 3575 2057 3696 2110; x_wconf 87' lang='grc' dir='ltr'>Ἔτι</span> 
     </span>
    </p>
   </div>
   <div class='ocr_carea' id='block_1_48' title="bbox 2117 2149 3702 2235">
    <p class='ocr_par' dir='ltr' id='par_1_48' title="bbox 2117 2149 3702 2235">
     <span class='ocr_line' id='line_1_48' title="bbox 2117 2149 3702 2235; baseline -0.012 -17"><span class='ocrx_word' id='word_1_333' title='bbox 2117 2165 2174 2218; x_wconf 90' lang='grc' dir='ltr'><strong>δέ</strong></span> <span class='ocrx_word' id='word_1_334' title='bbox 2204 2163 2296 2218; x_wconf 82' lang='grc' dir='ltr'>καὶ</span> <span class='ocrx_word' id='word_1_335' title='bbox 2323 2161 2453 2235; x_wconf 58' lang='grc' dir='ltr'><strong>περὶ⁵</strong></span> <span class='ocrx_word' id='word_1_336' title='bbox 2479 2161 2502 2194; x_wconf 70' lang='grc' dir='ltr'>δ</span> <span class='ocrx_word' id='word_1_337' title='bbox 2533 2160 2644 2215; x_wconf 84' lang='grc' dir='ltr'><strong>τῶν</strong></span> <span class='ocrx_word' id='word_1_338' title='bbox 2684 2160 2750 2212; x_wconf 83' lang='grc' dir='ltr'><strong>ἐκ</strong></span> <span class='ocrx_word' id='word_1_339' title='bbox 2787 2158 2957 2231; x_wconf 83' lang='grc' dir='ltr'>πυρὸς</span> <span class='ocrx_word' id='word_1_340' title='bbox 2985 2158 3020 2228; x_wconf 76' lang='grc' dir='ltr'><strong>ἢ</strong></span> <span class='ocrx_word' id='word_1_341' title='bbox 3051 2155 3244 2218; x_wconf 77' lang='grc' dir='ltr'>ὓδατος</span> <span class='ocrx_word' id='word_1_342' title='bbox 3285 2149 3702 2211; x_wconf 74' lang='grc' dir='ltr'>κατακαέντων,</span> 
     </span>
    </p>
   </div>
   <div class='ocr_carea' id='block_1_49' title="bbox 2121 2242 3696 2324">
    <p class='ocr_par' dir='ltr' id='par_1_49' title="bbox 2121 2242 3696 2324">
     <span class='ocr_line' id='line_1_49' title="bbox 2121 2242 3696 2324; baseline -0.012 -15"><span class='ocrx_word' id='word_1_343' title='bbox 2121 2257 2218 2309; x_wconf 79' lang='grc' dir='ltr'>καὶ</span> <span class='ocrx_word' id='word_1_344' title='bbox 2245 2253 2542 2322; x_wconf 83' lang='grc' dir='ltr'>θεραπείας</span> <span class='ocrx_word' id='word_1_345' title='bbox 2571 2252 2679 2307; x_wconf 83' lang='grc' dir='ltr'><strong>τῶν</strong></span> <span class='ocrx_word' id='word_1_346' title='bbox 2715 2248 3167 2324; x_wconf 85' lang='grc' dir='ltr'>μαστιγωθέντων</span> <span class='ocrx_word' id='word_1_347' title='bbox 3195 2243 3292 2300; x_wconf 75' lang='grc' dir='ltr'>καὶ</span> <span class='ocrx_word' id='word_1_348' title='bbox 3319 2242 3428 2297; x_wconf 83' lang='grc' dir='ltr'><strong>τῶν</strong></span> <span class='ocrx_word' id='word_1_349' title='bbox 3451 2242 3696 2309; x_wconf 79' lang='grc' dir='ltr'>ἀποσυρ-</span> 
     </span>
    </p>
   </div>
   <div class='ocr_carea' id='block_1_50' title="bbox 2123 2331 3836 2421">
    <p class='ocr_par' dir='ltr' id='par_1_50' title="bbox 2123 2331 3836 2421">
     <span class='ocr_line' id='line_1_50' title="bbox 2123 2331 3836 2421; baseline -0.013 -17"><span class='ocrx_word' id='word_1_350' title='bbox 2123 2349 2309 2421; x_wconf 89' lang='grc' dir='ltr'>μάτων</span> <span class='ocrx_word' id='word_1_351' title='bbox 2331 2347 2442 2402; x_wconf 85' lang='grc' dir='ltr'><strong>τῶν</strong></span> <span class='ocrx_word' id='word_1_352' title='bbox 2462 2364 2522 2401; x_wconf 89' lang='grc' dir='ltr'><strong>τε</strong></span> <span class='ocrx_word' id='word_1_353' title='bbox 2539 2343 3010 2418; x_wconf 86' lang='grc' dir='ltr'>παρατριμμάτων</span> <span class='ocrx_word' id='word_1_354' title='bbox 3032 2340 3127 2395; x_wconf 75' lang='grc' dir='ltr'><strong>καὶ</strong></span> <span class='ocrx_word' id='word_1_355' title='bbox 3153 2336 3353 2411; x_wconf 78' lang='grc' dir='ltr'>σαρκὸς</span> <span class='ocrx_word' id='word_1_356' title='bbox 3376 2331 3704 2400; x_wconf 81' lang='grc' dir='ltr'>θλασθείσης</span> <span class='ocrx_word' id='word_1_357' title='bbox 3821 2379 3836 2386; x_wconf 84' lang='lat'><strong>_.</strong></span> 
     </span>
    </p>
   </div>
   <div class='ocr_carea' id='block_1_51' title="bbox 2119 2423 3706 2514">
    <p class='ocr_par' dir='ltr' id='par_1_51' title="bbox 2119 2423 3706 2514">
     <span class='ocr_line' id='line_1_51' title="bbox 2119 2423 3706 2514; baseline -0.013 -17"><span class='ocrx_word' id='word_1_358' title='bbox 2119 2441 2154 2514; x_wconf 77' lang='grc' dir='ltr'>ἢ</span> <span class='ocrx_word' id='word_1_359' title='bbox 2198 2441 2492 2514; x_wconf 79' lang='grc' dir='ltr'>ῥαγείσης,</span> <span class='ocrx_word' id='word_1_360' title='bbox 2537 2441 2632 2494; x_wconf 73' lang='grc' dir='ltr'>καὶ</span> <span class='ocrx_word' id='word_1_361' title='bbox 2672 2438 2995 2508; x_wconf 86' lang='grc' dir='ltr'>σπάσματος</span> <span class='ocrx_word' id='word_1_362' title='bbox 3038 2433 3134 2489; x_wconf 78' lang='grc' dir='ltr'>καὶ</span> <span class='ocrx_word' id='word_1_363' title='bbox 3183 2429 3567 2502; x_wconf 79' lang='grc' dir='ltr'>στρέμματος,</span> <span class='ocrx_word' id='word_1_364' title='bbox 3604 2423 3706 2480; x_wconf 72' lang='grc' dir='ltr'>καὶ</span> 
     </span>
    </p>
   </div>
   <div class='ocr_carea' id='block_1_52' title="bbox 2121 2515 3700 2606">
    <p class='ocr_par' dir='ltr' id='par_1_52' title="bbox 2121 2515 3700 2606">
     <span class='ocr_line' id='line_1_52' title="bbox 2121 2515 3700 2606; baseline -0.013 -19"><span class='ocrx_word' id='word_1_365' title='bbox 2121 2534 2250 2606; x_wconf 76' lang='grc' dir='ltr'>περὶ</span> <span class='ocrx_word' id='word_1_366' title='bbox 2273 2531 2696 2604; x_wconf 82' lang='grc' dir='ltr'>κεχαλασμὲνων</span> <span class='ocrx_word' id='word_1_367' title='bbox 2727 2529 2964 2602; x_wconf 80' lang='grc' dir='ltr'>ἄρθρων,</span> <span class='ocrx_word' id='word_1_368' title='bbox 2987 2524 3083 2580; x_wconf 83' lang='grc' dir='ltr'>καὶ</span> <span class='ocrx_word' id='word_1_369' title='bbox 3103 2541 3155 2595; x_wconf 90' lang='grc' dir='ltr'><strong>χι</strong></span> <span class='ocrx_word' id='word_1_370' title='bbox 3164 2520 3376 2594; x_wconf 82' lang='grc' dir='ltr'>μὲθλων</span> <span class='ocrx_word' id='word_1_371' title='bbox 3393 2515 3700 2588; x_wconf 89' lang='grc' dir='ltr'>πτερυγίων</span> 
     </span>
    </p>
   </div>
   <div class='ocr_carea' id='block_1_53' title="bbox 2119 2607 3704 2690">
    <p class='ocr_par' dir='ltr' id='par_1_53' title="bbox 2119 2607 3704 2690">
     <span class='ocr_line' id='line_1_53' title="bbox 2119 2607 3704 2690; baseline -0.014 -8"><span class='ocrx_word' id='word_1_372' title='bbox 2119 2645 2180 2681; x_wconf 90' lang='grc' dir='ltr'><strong>τε</strong></span> <span class='ocrx_word' id='word_1_373' title='bbox 2233 2627 2345 2681; x_wconf 83' lang='grc' dir='ltr'>τῶν</span> <span class='ocrx_word' id='word_1_374' title='bbox 2397 2628 2457 2680; x_wconf 88' lang='grc' dir='ltr'><strong>ἐν</strong></span> <span class='ocrx_word' id='word_1_375' title='bbox 2508 2622 2793 2686; x_wconf 79' lang='grc' dir='ltr'>δακτύλοις</span> <span class='ocrx_word' id='word_1_376' title='bbox 2843 2620 2941 2674; x_wconf 74' lang='grc' dir='ltr'>καὶ</span> <span class='ocrx_word' id='word_1_377' title='bbox 2983 2615 3372 2690; x_wconf 84' lang='grc' dir='ltr'>παρωνυχίας,</span> <span class='ocrx_word' id='word_1_378' title='bbox 3423 2610 3521 2666; x_wconf 74' lang='grc' dir='ltr'>καὶ</span> <span class='ocrx_word' id='word_1_379' title='bbox 3572 2607 3704 2678; x_wconf 76' lang='grc' dir='ltr'>περὶ</span> 
     </span>
    </p>
   </div>
   <div class='ocr_carea' id='block_1_54' title="bbox 453 2701 2023 2788">
    <p class='ocr_par' dir='ltr' id='par_1_54' title="bbox 453 2703 2022 2780">
     <span class='ocr_line' id='line_1_54' title="bbox 453 2703 2022 2780; baseline 0.006 -24"><span class='ocrx_word' id='word_1_380' title='bbox 453 2703 574 2767; x_wconf 88' lang='lat' dir='ltr'><strong>bus,</strong></span> <span class='ocrx_word' id='word_1_381' title='bbox 599 2704 689 2758; x_wconf 87' lang='lat' dir='ltr'><strong>alii</strong></span> <span class='ocrx_word' id='word_1_382' title='bbox 745 2706 1160 2762; x_wconf 88' lang='lat' dir='ltr'><strong>subnascantnr.</strong></span> <span class='ocrx_word' id='word_1_383' title='bbox 1217 2707 1292 2761; x_wconf 91' lang='lat' dir='ltr'><strong>De</strong></span> <span class='ocrx_word' id='word_1_384' title='bbox 1326 2708 1542 2762; x_wconf 90' lang='lat' dir='ltr'><strong>annulis</strong></span> <span class='ocrx_word' id='word_1_385' title='bbox 1573 2723 1706 2775; x_wconf 90' lang='lat' dir='ltr'><strong>quos</strong></span> <span class='ocrx_word' id='word_1_386' title='bbox 1733 2710 2022 2780; x_wconf 84' lang='lat' dir='ltr'><strong>aliquando</strong></span> 
     </span>
    </p>
   </div>
   <div class='ocr_carea' id='block_1_55' title="bbox 2123 2701 3703 2788">
    <p class='ocr_par' dir='ltr' id='par_1_55' title="bbox 2123 2701 3703 2788">
     <span class='ocr_line' id='line_1_55' title="bbox 2123 2701 3703 2788; baseline -0.013 -14"><span class='ocrx_word' id='word_1_387' title='bbox 2123 2717 2499 2788; x_wconf 76' lang='grc' dir='ltr'>τεθλασμίνων</span> <span class='ocrx_word' id='word_1_388' title='bbox 2539 2716 2750 2786; x_wconf 74' lang='grc' dir='ltr'>ὀνύχων</span> <span class='ocrx_word' id='word_1_389' title='bbox 2789 2713 2885 2767; x_wconf 71' lang='grc' dir='ltr'>καὶ</span> <span class='ocrx_word' id='word_1_390' title='bbox 2914 2710 3171 2782; x_wconf 82' lang='grc' dir='ltr'>ὑφαίμων</span> <span class='ocrx_word' id='word_1_391' title='bbox 3201 2707 3296 2760; x_wconf 80' lang='grc' dir='ltr'>καὶ</span> <span class='ocrx_word' id='word_1_392' title='bbox 3327 2701 3703 2772; x_wconf 84' lang='grc' dir='ltr'>σαλευομένων</span> 
     </span>
    </p>
   </div>
   <div class='ocr_carea' id='block_1_56' title="bbox 452 2791 2023 2881">
    <p class='ocr_par' dir='ltr' id='par_1_56' title="bbox 452 2796 2020 2868">
     <span class='ocr_line' id='line_1_56' title="bbox 452 2796 2020 2868; baseline 0.003 -18"><span class='ocrx_word' id='word_1_393' title='bbox 452 2797 717 2867; x_wconf 90' lang='lat' dir='ltr'><strong>contingit</strong></span> <span class='ocrx_word' id='word_1_394' title='bbox 745 2796 929 2866; x_wconf 84' lang='lat' dir='ltr'><strong>digitis</strong></span> <span class='ocrx_word' id='word_1_395' title='bbox 949 2798 1118 2868; x_wconf 85' lang='lat' dir='ltr'><strong>inllgi.</strong></span> <span class='ocrx_word' id='word_1_396' title='bbox 1155 2798 1232 2854; x_wconf 88' lang='lat' dir='ltr'><strong>De</strong></span> <span class='ocrx_word' id='word_1_397' title='bbox 1280 2799 1451 2854; x_wconf 84' lang='lat' dir='ltr'><strong>clavis</strong></span> <span class='ocrx_word' id='word_1_398' title='bbox 1501 2809 1557 2854; x_wconf 89' lang='lat' dir='ltr'><strong>et</strong></span> <span class='ocrx_word' id='word_1_399' title='bbox 1604 2801 1798 2868; x_wconf 92' lang='lat' dir='ltr'><strong>pedum</strong></span> <span class='ocrx_word' id='word_1_400' title='bbox 1846 2803 2020 2868; x_wconf 86' lang='lat' dir='ltr'><strong>rimis,</strong></span> 
     </span>
    </p>
   </div>
   <div class='ocr_carea' id='block_1_57' title="bbox 2123 2791 3704 2881">
    <p class='ocr_par' dir='ltr' id='par_1_57' title="bbox 2123 2791 3704 2881">
     <span class='ocr_line' id='line_1_57' title="bbox 2123 2791 3704 2881; baseline -0.011 -16"><span class='ocrx_word' id='word_1_401' title='bbox 2123 2812 2217 2864; x_wconf 86' lang='grc' dir='ltr'>καὶ</span> <span class='ocrx_word' id='word_1_402' title='bbox 2241 2808 2574 2881; x_wconf 80' lang='grc' dir='ltr'>ψωριῶντων</span> <span class='ocrx_word' id='word_1_403' title='bbox 2603 2808 2638 2879; x_wconf 75' lang='grc' dir='ltr'><strong>ἢ</strong></span> <span class='ocrx_word' id='word_1_404' title='bbox 2669 2803 3039 2875; x_wconf 85' lang='grc' dir='ltr'>λεπριώντων,</span> <span class='ocrx_word' id='word_1_405' title='bbox 3067 2801 3162 2856; x_wconf 74' lang='grc' dir='ltr'>καὶ</span> <span class='ocrx_word' id='word_1_406' title='bbox 3191 2800 3256 2854; x_wconf 82' lang='grc' dir='ltr'><strong>δι’</strong></span> <span class='ocrx_word' id='word_1_407' title='bbox 3283 2791 3358 2854; x_wconf 77' lang='grc' dir='ltr'>ὧν</span> <span class='ocrx_word' id='word_1_408' title='bbox 3387 2796 3503 2850; x_wconf 77' lang='grc' dir='ltr'>ἔστι</span> <span class='ocrx_word' id='word_1_409' title='bbox 3525 2810 3704 2865; x_wconf 81' lang='grc' dir='ltr'>παρα-</span> 
     </span>
    </p>
   </div>
   <div class='ocr_carea' id='block_1_58' title="bbox 454 2887 2023 2967">
    <p class='ocr_par' dir='ltr' id='par_1_58' title="bbox 454 2889 2021 2967">
     <span class='ocr_line' id='line_1_58' title="bbox 454 2889 2021 2967; baseline 0.004 -24"><span class='ocrx_word' id='word_1_410' title='bbox 454 2904 547 2944; x_wconf 81' lang='lat' dir='ltr'><strong>seu</strong></span> <span class='ocrx_word' id='word_1_411' title='bbox 569 2889 798 2954; x_wconf 80' lang='lat' dir='ltr'><strong>ﬁssuris,</strong></span> <span class='ocrx_word' id='word_1_412' title='bbox 829 2901 886 2947; x_wconf 86' lang='lat' dir='ltr'><strong>et</strong></span> <span class='ocrx_word' id='word_1_413' title='bbox 913 2891 979 2946; x_wconf 91' lang='lat' dir='ltr'><strong>de</strong></span> <span class='ocrx_word' id='word_1_414' title='bbox 1009 2892 1303 2948; x_wconf 90' lang='lat' dir='ltr'><strong>varicibus.</strong></span> <span class='ocrx_word' id='word_1_415' title='bbox 1343 2893 1534 2964; x_wconf 74' lang='grc' dir='ltr'><strong>18οὺ</strong></span> <span class='ocrx_word' id='word_1_416' title='bbox 1576 2893 1704 2961; x_wconf 69' lang='lat' dir='ltr'><strong>Quae</strong></span> <span class='ocrx_word' id='word_1_417' title='bbox 1739 2905 2021 2967; x_wconf 85' lang='lat' dir='ltr'><strong>postquam</strong></span> 
     </span>
    </p>
   </div>
   <div class='ocr_carea' id='block_1_59' title="bbox 2123 2887 3702 2967">
    <p class='ocr_par' dir='ltr' id='par_1_59' title="bbox 2125 2887 3702 2965">
     <span class='ocr_line' id='line_1_59' title="bbox 2125 2887 3702 2965; baseline -0.011 -8"><span class='ocrx_word' id='word_1_418' title='bbox 2125 2903 2387 2958; x_wconf 78' lang='grc' dir='ltr'>σκευάσαι</span> <span class='ocrx_word' id='word_1_419' title='bbox 2412 2901 2532 2956; x_wconf 78' lang='grc' dir='ltr'>ἀντὶ</span> <span class='ocrx_word' id='word_1_420' title='bbox 2561 2900 2671 2953; x_wconf 85' lang='grc' dir='ltr'><strong>τῶν</strong></span> <span class='ocrx_word' id='word_1_421' title='bbox 2709 2895 3049 2952; x_wconf 76' lang='grc' dir='ltr'>ἐκπεσόντων</span> <span class='ocrx_word' id='word_1_422' title='bbox 3079 2892 3285 2965; x_wconf 83' lang='grc' dir='ltr'>ὀνύχων</span> <span class='ocrx_word' id='word_1_423' title='bbox 3331 2890 3528 2952; x_wconf 85' lang='grc' dir='ltr'>ἄλλους</span> <span class='ocrx_word' id='word_1_424' title='bbox 3567 2887 3702 2941; x_wconf 89' lang='grc' dir='ltr'>ἀνα-</span> 
     </span>
    </p>
   </div>
   <div class='ocr_carea' id='block_1_60' title="bbox 457 2979 2023 3065">
    <p class='ocr_par' dir='ltr' id='par_1_60' title="bbox 457 2980 2023 3056">
     <span class='ocr_line' id='line_1_60' title="bbox 457 2980 2023 3056; baseline 0.005 -23"><span class='ocrx_word' id='word_1_425' title='bbox 457 2980 661 3034; x_wconf 88' lang='lat' dir='ltr'><strong>utiliter</strong></span> <span class='ocrx_word' id='word_1_426' title='bbox 687 2981 890 3048; x_wconf 89' lang='lat' dir='ltr'><strong>onmia,</strong></span> <span class='ocrx_word' id='word_1_427' title='bbox 918 2991 1081 3050; x_wconf 88' lang='lat' dir='ltr'><strong>atque</strong></span> <span class='ocrx_word' id='word_1_428' title='bbox 1103 2999 1167 3037; x_wconf 81' lang='lat' dir='ltr'><strong>ex</strong></span> <span class='ocrx_word' id='word_1_429' title='bbox 1201 2983 1448 3039; x_wconf 87' lang='lat' dir='ltr'><strong>medendi</strong></span> <span class='ocrx_word' id='word_1_430' title='bbox 1476 2987 1608 3042; x_wconf 87' lang='lat' dir='ltr'><strong>artis</strong></span> <span class='ocrx_word' id='word_1_431' title='bbox 1651 2985 1862 3056; x_wconf 87' lang='lat' dir='ltr'><strong>legibus</strong></span> <span class='ocrx_word' id='word_1_432' title='bbox 1890 3002 2023 3056; x_wconf 70' lang='lat' dir='ltr'><strong>pra:-</strong></span> 
     </span>
    </p>
   </div>
   <div class='ocr_carea' id='block_1_61' title="bbox 2123 2979 3702 3065">
    <p class='ocr_par' dir='ltr' id='par_1_61' title="bbox 2125 2979 3702 3065">
     <span class='ocr_line' id='line_1_61' title="bbox 2125 2979 3702 3065; baseline -0.012 -16"><span class='ocrx_word' id='word_1_433' title='bbox 2125 2995 2309 3065; x_wconf 81' lang='grc' dir='ltr'>φΰναι·</span> <span class='ocrx_word' id='word_1_434' title='bbox 2344 2993 2472 3064; x_wconf 87' lang='grc' dir='ltr'>περί</span> <span class='ocrx_word' id='word_1_435' title='bbox 2509 3009 2570 3046; x_wconf 89' lang='grc' dir='ltr'><strong>τε</strong></span> <span class='ocrx_word' id='word_1_436' title='bbox 2602 2991 2710 3045; x_wconf 84' lang='grc' dir='ltr'><strong>τῶν</strong></span> <span class='ocrx_word' id='word_1_437' title='bbox 2749 2987 3159 3060; x_wconf 87' lang='grc' dir='ltr'>συμϐαινόντων</span> <span class='ocrx_word' id='word_1_438' title='bbox 3205 2981 3556 3056; x_wconf 81' lang='grc' dir='ltr'>ἐσφηνῶσθαι</span> <span class='ocrx_word' id='word_1_439' title='bbox 3607 2979 3702 3032; x_wconf 84' lang='grc' dir='ltr'>δα-</span> 
     </span>
    </p>
   </div>
   <div class='ocr_carea' id='block_1_62' title="bbox 459 3067 2023 3177">
    <p class='ocr_par' dir='ltr' id='par_1_62' title="bbox 459 3069 2020 3142">
     <span class='ocr_line' id='line_1_62' title="bbox 459 3069 2020 3142; baseline 0.004 -19"><span class='ocrx_word' id='word_1_440' title='bbox 459 3070 624 3138; x_wconf 89' lang='lat' dir='ltr'><strong>cepit,</strong></span> <span class='ocrx_word' id='word_1_441' title='bbox 659 3069 713 3125; x_wconf 91' lang='lat' dir='ltr'><strong>in</strong></span> <span class='ocrx_word' id='word_1_442' title='bbox 764 3070 913 3125; x_wconf 90' lang='lat' dir='ltr'><strong>illam</strong></span> <span class='ocrx_word' id='word_1_443' title='bbox 957 3073 1172 3126; x_wconf 89' lang='lat' dir='ltr'><strong>tandem</strong></span> <span class='ocrx_word' id='word_1_444' title='bbox 1225 3073 1443 3128; x_wconf 71' lang='lat' dir='ltr'><strong>medica:</strong></span> <span class='ocrx_word' id='word_1_445' title='bbox 1499 3073 1759 3129; x_wconf 74' lang='lat' dir='ltr'><strong>doctrina:</strong></span> <span class='ocrx_word' id='word_1_446' title='bbox 1813 3083 2020 3142; x_wconf 90' lang='lat' dir='ltr'><strong>partem</strong></span> 
     </span>
    </p>
   </div>
   <div class='ocr_carea' id='block_1_63' title="bbox 2123 3067 3705 3177">
    <p class='ocr_par' dir='ltr' id='par_1_63' title="bbox 2126 3067 3705 3172">
     <span class='ocr_line' id='line_1_63' title="bbox 2126 3067 3705 3172; baseline -0.01 -36"><span class='ocrx_word' id='word_1_447' title='bbox 2126 3081 2360 3136; x_wconf 89' lang='grc' dir='ltr'>κτυλίων</span> <span class='ocrx_word' id='word_1_448' title='bbox 2401 3081 2531 3151; x_wconf 70' lang='grc' dir='ltr'>περὶ</span> <span class='ocrx_word' id='word_1_449' title='bbox 2567 3080 2693 3143; x_wconf 82' lang='grc' dir='ltr'>τοὺς</span> <span class='ocrx_word' id='word_1_450' title='bbox 2736 3077 3059 3141; x_wconf 80' lang='grc' dir='ltr'>δακτύλουςο</span> <span class='ocrx_word' id='word_1_451' title='bbox 3105 3075 3201 3130; x_wconf 70' lang='grc' dir='ltr'>καὶ</span> <span class='ocrx_word' id='word_1_452' title='bbox 3252 3072 3382 3143; x_wconf 71' lang='grc' dir='ltr'>περὶ</span> <span class='ocrx_word' id='word_1_453' title='bbox 3423 3071 3571 3141; x_wconf 79' lang='grc' dir='ltr'>ἥλων</span> <span class='ocrx_word' id='word_1_454' title='bbox 3613 3067 3705 3172; x_wconf 68' lang='grc' dir='ltr'>καὶ</span> 
     </span>
    </p>
   </div>
   <div class='ocr_carea' id='block_1_64' title="bbox 461 3159 2023 3245">
    <p class='ocr_par' dir='ltr' id='par_1_64' title="bbox 461 3160 2020 3230">
     <span class='ocr_line' id='line_1_64' title="bbox 461 3160 2020 3230; baseline 0.006 -18"><span class='ocrx_word' id='word_1_455' title='bbox 461 3160 680 3225; x_wconf 77' lang='lat' dir='ltr'><strong>desinit,</strong></span> <span class='ocrx_word' id='word_1_456' title='bbox 722 3176 842 3230; x_wconf 66' lang='lat' dir='ltr'><strong>qua:</strong></span> <span class='ocrx_word' id='word_1_457' title='bbox 869 3163 936 3218; x_wconf 92' lang='lat' dir='ltr'><strong>de</strong></span> <span class='ocrx_word' id='word_1_458' title='bbox 960 3161 1308 3218; x_wconf 88' lang='lat' dir='ltr'><strong>brachiorum</strong></span> <span class='ocrx_word' id='word_1_459' title='bbox 1341 3179 1405 3219; x_wconf 90' lang='lat' dir='ltr'><strong>ac</strong></span> <span class='ocrx_word' id='word_1_460' title='bbox 1428 3179 1648 3220; x_wconf 90' lang='lat' dir='ltr'><strong>crurum</strong></span> <span class='ocrx_word' id='word_1_461' title='bbox 1675 3165 2020 3222; x_wconf 89' lang='lat' dir='ltr'><strong>dracunculis</strong></span> 
     </span>
    </p>
   </div>
   <div class='ocr_carea' id='block_1_65' title="bbox 2123 3159 3706 3245">
    <p class='ocr_par' dir='ltr' id='par_1_65' title="bbox 2130 3159 3706 3245">
     <span class='ocr_line' id='line_1_65' title="bbox 2130 3159 3706 3245; baseline -0.008 -17"><span class='ocrx_word' id='word_1_462' title='bbox 2130 3173 2378 3245; x_wconf 80' lang='grc' dir='ltr'>ραγάδων</span> <span class='ocrx_word' id='word_1_463' title='bbox 2424 3174 2532 3226; x_wconf 86' lang='grc' dir='ltr'><strong>τῶν</strong></span> <span class='ocrx_word' id='word_1_464' title='bbox 2576 3170 2719 3226; x_wconf 79' lang='grc' dir='ltr'>κατὰ</span> <span class='ocrx_word' id='word_1_465' title='bbox 2765 3171 2893 3232; x_wconf 78' lang='grc' dir='ltr'>τοὺς</span> <span class='ocrx_word' id='word_1_466' title='bbox 2929 3168 3129 3234; x_wconf 88' lang='grc' dir='ltr'>πόδας,</span> <span class='ocrx_word' id='word_1_467' title='bbox 3169 3165 3269 3222; x_wconf 79' lang='grc' dir='ltr'>καὶ</span> <span class='ocrx_word' id='word_1_468' title='bbox 3313 3164 3442 3236; x_wconf 74' lang='grc' dir='ltr'>περὶ</span> <span class='ocrx_word' id='word_1_469' title='bbox 3479 3159 3706 3233; x_wconf 87' lang='grc' dir='ltr'>κιρσῶν.</span> 
     </span>
    </p>
   </div>
   <div class='ocr_carea' id='block_1_66' title="bbox 458 3251 2023 3331">
    <p class='ocr_par' dir='ltr' id='par_1_66' title="bbox 458 3251 2010 3327">
     <span class='ocr_line' id='line_1_66' title="bbox 458 3251 2010 3327; baseline 0.008 -25"><span class='ocrx_word' id='word_1_470' title='bbox 458 3251 570 3320; x_wconf 89' lang='lat' dir='ltr'><strong>agit</strong></span> <span class='ocrx_word' id='word_1_471' title='bbox 601 3267 616 3304; x_wconf 92' lang='lat'><strong>:</strong></span> <span class='ocrx_word' id='word_1_472' title='bbox 652 3260 812 3318; x_wconf 86' lang='lat' dir='ltr'><strong>atque</strong></span> <span class='ocrx_word' id='word_1_473' title='bbox 840 3253 912 3308; x_wconf 89' lang='lat' dir='ltr'><strong>ibi</strong></span> <span class='ocrx_word' id='word_1_474' title='bbox 947 3253 1160 3308; x_wconf 90' lang='lat' dir='ltr'><strong>decimo</strong></span> <span class='ocrx_word' id='word_1_475' title='bbox 1192 3263 1387 3322; x_wconf 89' lang='lat' dir='ltr'><strong>quarto</strong></span> <span class='ocrx_word' id='word_1_476' title='bbox 1415 3254 1553 3310; x_wconf 91' lang='lat' dir='ltr'><strong>libro</strong></span> <span class='ocrx_word' id='word_1_477' title='bbox 1579 3256 1738 3311; x_wconf 82' lang='lat' dir='ltr'><strong>linem</strong></span> <span class='ocrx_word' id='word_1_478' title='bbox 1767 3259 2010 3327; x_wconf 91' lang='lat' dir='ltr'><strong>imponit.</strong></span> 
     </span>
    </p>
   </div>
   <div class='ocr_carea' id='block_1_67' title="bbox 2123 3251 3708 3331">
    <p class='ocr_par' dir='ltr' id='par_1_67' title="bbox 2123 3251 3708 3331">
     <span class='ocr_line' id='line_1_67' title="bbox 2123 3251 3708 3331; baseline -0.008 -15"><span class='ocrx_word' id='word_1_479' title='bbox 2123 3261 2311 3316; x_wconf 80' lang='grc' dir='ltr'>Ταῦτα</span> <span class='ocrx_word' id='word_1_480' title='bbox 2369 3261 2548 3316; x_wconf 86' lang='grc' dir='ltr'>πάντα</span> <span class='ocrx_word' id='word_1_481' title='bbox 2596 3259 2886 3331; x_wconf 81' lang='grc' dir='ltr'>ὠφελίμως</span> <span class='ocrx_word' id='word_1_482' title='bbox 2931 3258 3028 3313; x_wconf 72' lang='grc' dir='ltr'>καὶ</span> <span class='ocrx_word' id='word_1_483' title='bbox 3071 3256 3214 3311; x_wconf 84' lang='grc' dir='ltr'>κατὰ</span> <span class='ocrx_word' id='word_1_484' title='bbox 3260 3255 3386 3320; x_wconf 75' lang='grc' dir='ltr'>τοὺς</span> <span class='ocrx_word' id='word_1_485' title='bbox 3436 3251 3708 3323; x_wconf 77' lang='grc' dir='ltr'>ίατρικοὺς</span> 
     </span>
    </p>
   </div>
   <div class='ocr_carea' id='block_1_68' title="bbox 459 3341 3715 3425">
    <p class='ocr_par' dir='ltr' id='par_1_68' title="bbox 459 3341 3715 3425">
     <span class='ocr_line' id='line_1_68' title="bbox 459 3341 3715 3425; baseline -0.001 -29"><span class='ocrx_word' id='word_1_486' title='bbox 459 3344 656 3412; x_wconf 79' lang='grc' dir='ltr'>νόμους</span> <span class='ocrx_word' id='word_1_487' title='bbox 679 3342 915 3410; x_wconf 77' lang='grc' dir='ltr'>διεξιὼν,</span> <span class='ocrx_word' id='word_1_488' title='bbox 949 3344 1176 3416; x_wconf 79' lang='grc' dir='ltr'>τελευτᾷ</span> <span class='ocrx_word' id='word_1_489' title='bbox 1203 3345 1284 3410; x_wconf 87' lang='grc' dir='ltr'><strong>είς</strong></span> <span class='ocrx_word' id='word_1_490' title='bbox 1304 3344 1404 3416; x_wconf 81' lang='grc' dir='ltr'><strong>τήν</strong></span> <span class='ocrx_word' id='word_1_491' title='bbox 1428 3346 1558 3420; x_wconf 76' lang='grc' dir='ltr'>περὶ</span> <span class='ocrx_word' id='word_1_492' title='bbox 1586 3347 1697 3402; x_wconf 86' lang='grc' dir='ltr'><strong>τῶν</strong></span> <span class='ocrx_word' id='word_1_493' title='bbox 1722 3348 1781 3403; x_wconf 84' lang='grc' dir='ltr'><strong>ἐν</strong></span> <span class='ocrx_word' id='word_1_494' title='bbox 1814 3350 2029 3407; x_wconf 81' lang='grc' dir='ltr'>σκέλεσι</span> <span class='ocrx_word' id='word_1_495' title='bbox 2076 3353 2172 3408; x_wconf 77' lang='grc' dir='ltr'>καὶ</span> <span class='ocrx_word' id='word_1_496' title='bbox 2197 3352 2446 3425; x_wconf 85' lang='grc' dir='ltr'>βραχίοσι</span> <span class='ocrx_word' id='word_1_497' title='bbox 2482 3350 2846 3423; x_wconf 88' lang='grc' dir='ltr'>δρακοντείων</span> <span class='ocrx_word' id='word_1_498' title='bbox 2906 3346 3160 3420; x_wconf 75' lang='grc' dir='ltr'>ἰατρικήν</span> <span class='ocrx_word' id='word_1_499' title='bbox 3197 3343 3592 3400; x_wconf 62' lang='grc' dir='ltr'>διδασκαλίαν·</span> <span class='ocrx_word' id='word_1_500' title='bbox 3649 3341 3715 3393; x_wconf 85' lang='grc' dir='ltr'><strong>ἐν</strong></span> 
     </span>
    </p>
   </div>
   <div class='ocr_carea' id='block_1_69' title="bbox 459 3429 1473 3507">
    <p class='ocr_par' dir='ltr' id='par_1_69' title="bbox 459 3429 1473 3507">
     <span class='ocr_line' id='line_1_69' title="bbox 459 3429 1473 3507; baseline 0 -16"><span class='ocrx_word' id='word_1_501' title='bbox 459 3429 541 3499; x_wconf 77' lang='grc' dir='ltr'>οἷς</span> <span class='ocrx_word' id='word_1_502' title='bbox 563 3436 660 3489; x_wconf 75' lang='grc' dir='ltr'>καὶ</span> <span class='ocrx_word' id='word_1_503' title='bbox 683 3437 712 3489; x_wconf 88' lang='grc' dir='ltr'>ὁ</span> <span class='ocrx_word' id='word_1_504' title='bbox 742 3434 802 3488; x_wconf 86' lang='grc' dir='ltr'>ιδ’</span> <span class='ocrx_word' id='word_1_505' title='bbox 833 3434 1266 3507; x_wconf 80' lang='grc' dir='ltr'>συμπεραίνεται</span> <span class='ocrx_word' id='word_1_506' title='bbox 1295 3437 1473 3506; x_wconf 91' lang='grc' dir='ltr'>λόγος.</span> 
     </span>
    </p>
   </div>
   <div class='ocr_carea' id='block_1_70' title="bbox 533 3527 2023 3604">
    <p class='ocr_par' dir='ltr' id='par_1_70' title="bbox 533 3533 2023 3604">
     <span class='ocr_line' id='line_1_70' title="bbox 533 3533 2023 3604; baseline 0.005 -16"><span class='ocrx_word' id='word_1_507' title='bbox 533 3533 750 3590; x_wconf 90' lang='lat' dir='ltr'><strong>Decimo</strong></span> <span class='ocrx_word' id='word_1_508' title='bbox 771 3534 960 3604; x_wconf 91' lang='lat' dir='ltr'><strong>quinto</strong></span> <span class='ocrx_word' id='word_1_509' title='bbox 1010 3533 1149 3588; x_wconf 90' lang='lat' dir='ltr'><strong>libro</strong></span> <span class='ocrx_word' id='word_1_510' title='bbox 1223 3543 1526 3604; x_wconf 85' lang='lat' dir='ltr'><strong>pertractat</strong></span> <span class='ocrx_word' id='word_1_511' title='bbox 1608 3535 1676 3591; x_wconf 91' lang='lat' dir='ltr'><strong>de</strong></span> <span class='ocrx_word' id='word_1_512' title='bbox 1731 3539 2023 3597; x_wconf 81' lang='lat' dir='ltr'><strong>tumoribus</strong></span> 
     </span>
    </p>
   </div>
   <div class='ocr_carea' id='block_1_71' title="bbox 2123 3527 3713 3604">
    <p class='ocr_par' dir='ltr' id='par_1_71' title="bbox 2207 3527 3713 3604">
     <span class='ocr_line' id='line_1_71' title="bbox 2207 3527 3713 3604; baseline -0.011 -9"><span class='ocrx_word' id='word_1_513' title='bbox 2207 3537 2365 3595; x_wconf 79' lang='grc' dir='ltr'>Κατὰ</span> <span class='ocrx_word' id='word_1_514' title='bbox 2395 3536 2454 3592; x_wconf 84' lang='grc' dir='ltr'><strong>δέ</strong></span> <span class='ocrx_word' id='word_1_515' title='bbox 2483 3536 2575 3591; x_wconf 84' lang='grc' dir='ltr'>τὸν</span> <span class='ocrx_word' id='word_1_516' title='bbox 2598 3541 2658 3590; x_wconf 82' lang='grc' dir='ltr'>ιε’</span> <span class='ocrx_word' id='word_1_517' title='bbox 2683 3532 3038 3604; x_wconf 88' lang='grc' dir='ltr'>διαλαμϐάνει</span> <span class='ocrx_word' id='word_1_518' title='bbox 3065 3531 3224 3600; x_wconf 86' lang='grc' dir='ltr'>λόγον</span> <span class='ocrx_word' id='word_1_519' title='bbox 3247 3529 3379 3601; x_wconf 72' lang='grc' dir='ltr'>περὶ</span> <span class='ocrx_word' id='word_1_520' title='bbox 3405 3527 3713 3599; x_wconf 76' lang='grc' dir='ltr'>οἰδημάτων</span> 
     </span>
    </p>
   </div>
   <div class='ocr_carea' id='block_1_72' title="bbox 463 3619 2023 3702">
    <p class='ocr_par' dir='ltr' id='par_1_72' title="bbox 463 3625 2023 3695">
     <span class='ocr_line' id='line_1_72' title="bbox 463 3625 2023 3695; baseline 0.006 -16"><span class='ocrx_word' id='word_1_521' title='bbox 463 3626 620 3681; x_wconf 75' lang='lat' dir='ltr'><strong>laxis.</strong></span> <span class='ocrx_word' id='word_1_522' title='bbox 653 3625 729 3682; x_wconf 90' lang='lat' dir='ltr'><strong>De</strong></span> <span class='ocrx_word' id='word_1_523' title='bbox 785 3626 1176 3691; x_wconf 82' lang='lat' dir='ltr'><strong>inﬂationibus,</strong></span> <span class='ocrx_word' id='word_1_524' title='bbox 1204 3627 1272 3682; x_wconf 93' lang='lat' dir='ltr'><strong>de</strong></span> <span class='ocrx_word' id='word_1_525' title='bbox 1308 3627 1610 3684; x_wconf 84' lang='lat' dir='ltr'><strong>tumoribus</strong></span> <span class='ocrx_word' id='word_1_526' title='bbox 1655 3630 1822 3695; x_wconf 90' lang='lat' dir='ltr'><strong>duris,</strong></span> <span class='ocrx_word' id='word_1_527' title='bbox 1878 3633 2023 3689; x_wconf 88' lang='lat' dir='ltr'><strong>athe-</strong></span> 
     </span>
    </p>
   </div>
   <div class='ocr_carea' id='block_1_73' title="bbox 2123 3619 3715 3702">
    <p class='ocr_par' dir='ltr' id='par_1_73' title="bbox 2136 3619 3715 3702">
     <span class='ocr_line' id='line_1_73' title="bbox 2136 3619 3715 3702; baseline -0.01 -16"><span class='ocrx_word' id='word_1_528' title='bbox 2136 3649 2198 3686; x_wconf 83' lang='grc' dir='ltr'><strong>τε</strong></span> <span class='ocrx_word' id='word_1_529' title='bbox 2251 3632 2349 3686; x_wconf 76' lang='grc' dir='ltr'><strong>καὶ</strong></span> <span class='ocrx_word' id='word_1_530' title='bbox 2390 3627 2836 3702; x_wconf 85' lang='grc' dir='ltr'>ἐμφυσημάτων,</span> <span class='ocrx_word' id='word_1_531' title='bbox 2891 3625 3096 3697; x_wconf 85' lang='grc' dir='ltr'>σκίρων</span> <span class='ocrx_word' id='word_1_532' title='bbox 3148 3641 3210 3678; x_wconf 89' lang='grc' dir='ltr'><strong>τε</strong></span> <span class='ocrx_word' id='word_1_533' title='bbox 3268 3623 3364 3678; x_wconf 73' lang='grc' dir='ltr'>καὶ</span> <span class='ocrx_word' id='word_1_534' title='bbox 3417 3619 3715 3692; x_wconf 78' lang='grc' dir='ltr'>χοιράδων,</span> 
     </span>
    </p>
   </div>
   <div class='ocr_carea' id='block_1_74' title="bbox 465 3711 2023 3797">
    <p class='ocr_par' dir='ltr' id='par_1_74' title="bbox 465 3719 2023 3786">
     <span class='ocr_line' id='line_1_74' title="bbox 465 3719 2023 3786; baseline 0.001 -10"><span class='ocrx_word' id='word_1_535' title='bbox 465 3721 685 3776; x_wconf 88' lang='lat' dir='ltr'><strong>romatis</strong></span> <span class='ocrx_word' id='word_1_536' title='bbox 709 3763 724 3786; x_wconf 92' lang='lat'><strong>,</strong></span> <span class='ocrx_word' id='word_1_537' title='bbox 750 3720 992 3782; x_wconf 83' lang='lat' dir='ltr'><strong>strumis,</strong></span> <span class='ocrx_word' id='word_1_538' title='bbox 1023 3719 1418 3784; x_wconf 85' lang='lat' dir='ltr'><strong>bronchocelis,</strong></span> <span class='ocrx_word' id='word_1_539' title='bbox 1443 3720 1862 3786; x_wconf 84' lang='lat' dir='ltr'><strong>meliceridibus,</strong></span> <span class='ocrx_word' id='word_1_540' title='bbox 1892 3733 2023 3780; x_wconf 84' lang='lat' dir='ltr'><strong>stea-</strong></span> 
     </span>
    </p>
   </div>
   <div class='ocr_carea' id='block_1_75' title="bbox 2123 3711 3707 3797">
    <p class='ocr_par' dir='ltr' id='par_1_75' title="bbox 2141 3711 3707 3797">
     <span class='ocr_line' id='line_1_75' title="bbox 2141 3711 3707 3797; baseline -0.01 -18"><span class='ocrx_word' id='word_1_541' title='bbox 2141 3722 2520 3797; x_wconf 83' lang='grc' dir='ltr'>βρογχοκηλῶν</span> <span class='ocrx_word' id='word_1_542' title='bbox 2552 3739 2612 3776; x_wconf 90' lang='grc' dir='ltr'><strong>τε</strong></span> <span class='ocrx_word' id='word_1_543' title='bbox 2645 3721 2739 3775; x_wconf 74' lang='grc' dir='ltr'>καὶ</span> <span class='ocrx_word' id='word_1_544' title='bbox 2770 3718 3162 3790; x_wconf 88' lang='grc' dir='ltr'>ἀθερωμάτων,</span> <span class='ocrx_word' id='word_1_545' title='bbox 3208 3715 3303 3770; x_wconf 85' lang='grc' dir='ltr'>καὶ</span> <span class='ocrx_word' id='word_1_546' title='bbox 3343 3711 3707 3786; x_wconf 87' lang='grc' dir='ltr'>μελικηρίδων</span> 
     </span>
    </p>
   </div>
   <div class='ocr_carea' id='block_1_76' title="bbox 468 3805 2023 3886">
    <p class='ocr_par' dir='ltr' id='par_1_76' title="bbox 468 3811 2023 3886">
     <span class='ocr_line' id='line_1_76' title="bbox 468 3811 2023 3886; baseline 0.003 -19"><span class='ocrx_word' id='word_1_547' title='bbox 468 3813 780 3872; x_wconf 85' lang='lat' dir='ltr'><strong>tomatibns.</strong></span> <span class='ocrx_word' id='word_1_548' title='bbox 816 3811 1064 3880; x_wconf 85' lang='lat' dir='ltr'><strong>gangliis,</strong></span> <span class='ocrx_word' id='word_1_549' title='bbox 1122 3822 1524 3880; x_wconf 81' lang='lat' dir='ltr'><strong>aneurysmate,</strong></span> <span class='ocrx_word' id='word_1_550' title='bbox 1560 3812 1719 3880; x_wconf 80' lang='lat' dir='ltr'><strong>favis,</strong></span> <span class='ocrx_word' id='word_1_551' title='bbox 1748 3825 1800 3870; x_wconf 90' lang='lat' dir='ltr'><strong>et</strong></span> <span class='ocrx_word' id='word_1_552' title='bbox 1833 3816 2023 3886; x_wconf 88' lang='lat' dir='ltr'><strong>hydro-</strong></span> 
     </span>
    </p>
   </div>
   <div class='ocr_carea' id='block_1_77' title="bbox 2123 3805 3708 3886">
    <p class='ocr_par' dir='ltr' id='par_1_77' title="bbox 2132 3805 3708 3886">
     <span class='ocr_line' id='line_1_77' title="bbox 2132 3805 3708 3886; baseline -0.009 -15"><span class='ocrx_word' id='word_1_553' title='bbox 2132 3816 2228 3871; x_wconf 75' lang='grc' dir='ltr'>καὶ</span> <span class='ocrx_word' id='word_1_554' title='bbox 2260 3815 2659 3886; x_wconf 86' lang='grc' dir='ltr'>στεατωμάτων</span> <span class='ocrx_word' id='word_1_555' title='bbox 2691 3813 2786 3868; x_wconf 84' lang='grc' dir='ltr'>καὶ</span> <span class='ocrx_word' id='word_1_556' title='bbox 2817 3811 3117 3882; x_wconf 88' lang='grc' dir='ltr'>γαγγλίων,</span> <span class='ocrx_word' id='word_1_557' title='bbox 3151 3805 3566 3881; x_wconf 84' lang='grc' dir='ltr'>ἀνευρύσματός</span> <span class='ocrx_word' id='word_1_558' title='bbox 3597 3805 3619 3836; x_wconf 87' lang='grc'><strong><em>⁵</em></strong></span> <span class='ocrx_word' id='word_1_559' title='bbox 3646 3821 3708 3858; x_wconf 87' lang='grc' dir='ltr'><strong>τε</strong></span> 
     </span>
    </p>
   </div>
   <div class='ocr_carea' id='block_1_78' title="bbox 466 3897 2023 3979">
    <p class='ocr_par' dir='ltr' id='par_1_78' title="bbox 466 3904 2023 3974">
     <span class='ocr_line' id='line_1_78' title="bbox 466 3904 2023 3974; baseline 0.002 -15"><span class='ocrx_word' id='word_1_560' title='bbox 466 3906 708 3974; x_wconf 78' lang='lat' dir='ltr'><strong>eepltalis</strong></span> <span class='ocrx_word' id='word_1_561' title='bbox 743 3922 758 3957; x_wconf 93' lang='lat'><strong>:</strong></span> <span class='ocrx_word' id='word_1_562' title='bbox 788 3906 980 3958; x_wconf 86' lang='lat' dir='ltr'><strong>borum</strong></span> <span class='ocrx_word' id='word_1_563' title='bbox 1011 3917 1229 3972; x_wconf 85' lang='lat' dir='ltr'><strong>quoque</strong></span> <span class='ocrx_word' id='word_1_564' title='bbox 1252 3904 1515 3973; x_wconf 88' lang='lat' dir='ltr'><strong>origines.</strong></span> <span class='ocrx_word' id='word_1_565' title='bbox 1567 3921 1784 3971; x_wconf 86' lang='lat' dir='ltr'><strong>causas,</strong></span> <span class='ocrx_word' id='word_1_566' title='bbox 1821 3907 2023 3962; x_wconf 87' lang='lat' dir='ltr'><strong>chirur-</strong></span> 
     </span>
    </p>
   </div>
   <div class='ocr_carea' id='block_1_79' title="bbox 2123 3897 3718 3979">
    <p class='ocr_par' dir='ltr' id='par_1_79' title="bbox 2133 3897 3718 3979">
     <span class='ocr_line' id='line_1_79' title="bbox 2133 3897 3718 3979; baseline -0.008 -16"><span class='ocrx_word' id='word_1_567' title='bbox 2133 3909 2228 3963; x_wconf 74' lang='grc' dir='ltr'>καὶ</span> <span class='ocrx_word' id='word_1_568' title='bbox 2268 3908 2477 3979; x_wconf 88' lang='grc' dir='ltr'>κηρίων</span> <span class='ocrx_word' id='word_1_569' title='bbox 2527 3907 2624 3961; x_wconf 73' lang='grc' dir='ltr'>καὶ</span> <span class='ocrx_word' id='word_1_570' title='bbox 2674 3903 3076 3976; x_wconf 82' lang='grc' dir='ltr'>ὐδροκεφάλων,</span> <span class='ocrx_word' id='word_1_571' title='bbox 3131 3902 3376 3966; x_wconf 82' lang='grc' dir='ltr'>γένεσεις</span> <span class='ocrx_word' id='word_1_572' title='bbox 3425 3917 3486 3954; x_wconf 89' lang='grc' dir='ltr'><strong>τε</strong></span> <span class='ocrx_word' id='word_1_573' title='bbox 3534 3897 3718 3954; x_wconf 80' lang='grc' dir='ltr'>αὐτῶν</span> 
     </span>
    </p>
   </div>
   <div class='ocr_carea' id='block_1_80' title="bbox 468 3991 2023 4071">
    <p class='ocr_par' dir='ltr' id='par_1_80' title="bbox 468 3997 2023 4068">
     <span class='ocr_line' id='line_1_80' title="bbox 468 3997 2023 4068; baseline 0.001 -15"><span class='ocrx_word' id='word_1_574' title='bbox 468 4000 631 4068; x_wconf 89' lang='lat' dir='ltr'><strong>giam,</strong></span> <span class='ocrx_word' id='word_1_575' title='bbox 690 3999 932 4066; x_wconf 84' lang='lat' dir='ltr'><strong>aliasque</strong></span> <span class='ocrx_word' id='word_1_576' title='bbox 984 3997 1295 4052; x_wconf 90' lang='lat' dir='ltr'><strong>curationes</strong></span> <span class='ocrx_word' id='word_1_577' title='bbox 1371 4000 1715 4068; x_wconf 83' lang='lat' dir='ltr'><strong>exponendo,</strong></span> <span class='ocrx_word' id='word_1_578' title='bbox 1759 4015 1865 4054; x_wconf 91' lang='lat' dir='ltr'><strong>una</strong></span> <span class='ocrx_word' id='word_1_579' title='bbox 1910 4014 2023 4056; x_wconf 88' lang='lat' dir='ltr'><strong>cum</strong></span> 
     </span>
    </p>
   </div>
   <div class='ocr_carea' id='block_1_81' title="bbox 2123 3991 3719 4071">
    <p class='ocr_par' dir='ltr' id='par_1_81' title="bbox 2143 3991 3719 4071">
     <span class='ocr_line' id='line_1_81' title="bbox 2143 3991 3719 4071; baseline -0.007 -17"><span class='ocrx_word' id='word_1_580' title='bbox 2143 3999 2488 4071; x_wconf 75' lang='grc' dir='ltr'>ἐκτιθέμενος</span> <span class='ocrx_word' id='word_1_581' title='bbox 2512 3999 2608 4053; x_wconf 80' lang='grc' dir='ltr'>καὶ</span> <span class='ocrx_word' id='word_1_582' title='bbox 2635 3997 2814 4062; x_wconf 88' lang='grc' dir='ltr'>αίτίας</span> <span class='ocrx_word' id='word_1_583' title='bbox 2840 3997 2941 4068; x_wconf 84' lang='grc' dir='ltr'>τῆς</span> <span class='ocrx_word' id='word_1_584' title='bbox 2960 3995 3249 4065; x_wconf 81' lang='grc' dir='ltr'>γενέσεως,</span> <span class='ocrx_word' id='word_1_585' title='bbox 3280 3991 3627 4065; x_wconf 82' lang='grc' dir='ltr'>χειρουργίας</span> <span class='ocrx_word' id='word_1_586' title='bbox 3656 4005 3719 4044; x_wconf 79' lang='grc' dir='ltr'><strong>τε</strong></span> 
     </span>
    </p>
   </div>
   <div class='ocr_carea' id='block_1_82' title="bbox 468 4082 2023 4163">
    <p class='ocr_par' dir='ltr' id='par_1_82' title="bbox 468 4089 2023 4163">
     <span class='ocr_line' id='line_1_82' title="bbox 468 4089 2023 4163; baseline 0.002 -18"><span class='ocrx_word' id='word_1_587' title='bbox 468 4091 758 4145; x_wconf 87' lang='lat' dir='ltr'><strong>multorum</strong></span> <span class='ocrx_word' id='word_1_588' title='bbox 791 4089 1038 4161; x_wconf 87' lang='lat' dir='ltr'><strong>variique</strong></span> <span class='ocrx_word' id='word_1_589' title='bbox 1067 4089 1281 4160; x_wconf 85' lang='lat' dir='ltr'><strong>generis</strong></span> <span class='ocrx_word' id='word_1_590' title='bbox 1314 4089 1734 4160; x_wconf 85' lang='lat' dir='ltr'><strong>emplastrorum</strong></span> <span class='ocrx_word' id='word_1_591' title='bbox 1761 4107 2023 4163; x_wconf 71' lang='lat' dir='ltr'><strong>praepara-</strong></span> 
     </span>
    </p>
   </div>
   <div class='ocr_carea' id='block_1_83' title="bbox 2123 4082 3720 4163">
    <p class='ocr_par' dir='ltr' id='par_1_83' title="bbox 2144 4082 3720 4162">
     <span class='ocr_line' id='line_1_83' title="bbox 2144 4082 3720 4162; baseline -0.005 -17"><span class='ocrx_word' id='word_1_592' title='bbox 2144 4093 2240 4145; x_wconf 80' lang='grc' dir='ltr'>καὶ</span> <span class='ocrx_word' id='word_1_593' title='bbox 2267 4093 2366 4155; x_wconf 83' lang='grc' dir='ltr'>τὰς</span> <span class='ocrx_word' id='word_1_594' title='bbox 2405 4091 2571 4155; x_wconf 82' lang='grc' dir='ltr'>ἄλλας</span> <span class='ocrx_word' id='word_1_595' title='bbox 2608 4088 2905 4162; x_wconf 88' lang='grc' dir='ltr'>θεραπείας</span> <span class='ocrx_word' id='word_1_596' title='bbox 2931 4087 3026 4141; x_wconf 79' lang='grc' dir='ltr'>καὶ</span> <span class='ocrx_word' id='word_1_597' title='bbox 3058 4086 3422 4158; x_wconf 81' lang='grc' dir='ltr'>ἐμπλάστρων</span> <span class='ocrx_word' id='word_1_598' title='bbox 3459 4082 3720 4138; x_wconf 85' lang='grc' dir='ltr'>ποικίλων</span> 
     </span>
    </p>
   </div>
   <div class='ocr_carea' id='block_1_84' title="bbox 473 4181 2023 4254">
    <p class='ocr_par' dir='ltr' id='par_1_84' title="bbox 473 4185 637 4238">
     <span class='ocr_line' id='line_1_84' title="bbox 473 4185 637 4238; baseline -0.006 0"><span class='ocrx_word' id='word_1_599' title='bbox 473 4185 637 4238; x_wconf 75' lang='lat' dir='ltr'><strong>none.</strong></span> 
     </span>
    </p>
   </div>
   <div class='ocr_carea' id='block_1_85' title="bbox 2123 4181 2971 4254">
    <p class='ocr_par' dir='ltr' id='par_1_85' title="bbox 2147 4181 2971 4254">
     <span class='ocr_line' id='line_1_85' title="bbox 2147 4181 2971 4254; baseline -0.005 -16"><span class='ocrx_word' id='word_1_600' title='bbox 2147 4199 2206 4238; x_wconf 89' lang='grc' dir='ltr'><strong>τε</strong></span> <span class='ocrx_word' id='word_1_601' title='bbox 2237 4183 2332 4238; x_wconf 67' lang='grc' dir='ltr'><strong>καλ⁵</strong></span> <span class='ocrx_word' id='word_1_602' title='bbox 2359 4183 2628 4254; x_wconf 83' lang='grc' dir='ltr'>διαφόρων</span> <span class='ocrx_word' id='word_1_603' title='bbox 2658 4181 2971 4245; x_wconf 89' lang='grc' dir='ltr'>σκευασίας.</span> 
     </span>
    </p>
   </div>
   <div class='ocr_carea' id='block_1_86' title="bbox 542 4269 2023 4345">
    <p class='ocr_par' dir='ltr' id='par_1_86' title="bbox 542 4273 2019 4341">
     <span class='ocr_line' id='line_1_86' title="bbox 542 4273 2019 4341; baseline 0.003 -15"><span class='ocrx_word' id='word_1_604' title='bbox 542 4273 704 4328; x_wconf 88' lang='lat' dir='ltr'><strong>Libro</strong></span> <span class='ocrx_word' id='word_1_605' title='bbox 752 4273 965 4329; x_wconf 92' lang='lat' dir='ltr'><strong>decimo</strong></span> <span class='ocrx_word' id='word_1_606' title='bbox 999 4283 1152 4328; x_wconf 83' lang='lat' dir='ltr'><strong>sexto</strong></span> <span class='ocrx_word' id='word_1_607' title='bbox 1233 4283 1288 4330; x_wconf 89' lang='lat' dir='ltr'><strong>et</strong></span> <span class='ocrx_word' id='word_1_608' title='bbox 1343 4274 1569 4341; x_wconf 91' lang='lat' dir='ltr'><strong>ultimo,</strong></span> <span class='ocrx_word' id='word_1_609' title='bbox 1615 4273 1684 4330; x_wconf 89' lang='lat' dir='ltr'><strong>de</strong></span> <span class='ocrx_word' id='word_1_610' title='bbox 1721 4275 1862 4330; x_wconf 89' lang='lat' dir='ltr'><strong>uteri</strong></span> <span class='ocrx_word' id='word_1_611' title='bbox 1914 4275 2019 4332; x_wconf 89' lang='lat' dir='ltr'><strong>situ</strong></span> 
     </span>
    </p>
   </div>
   <div class='ocr_carea' id='block_1_87' title="bbox 2123 4269 3724 4345">
    <p class='ocr_par' dir='ltr' id='par_1_87' title="bbox 2229 4269 3724 4345">
     <span class='ocr_line' id='line_1_87' title="bbox 2229 4269 3724 4345; baseline -0.006 -17"><span class='ocrx_word' id='word_1_612' title='bbox 2229 4275 2320 4328; x_wconf 89' lang='grc' dir='ltr'>Ἐν</span> <span class='ocrx_word' id='word_1_613' title='bbox 2349 4273 2405 4328; x_wconf 82' lang='grc' dir='ltr'>δὲ</span> <span class='ocrx_word' id='word_1_614' title='bbox 2432 4273 2511 4345; x_wconf 82' lang='grc' dir='ltr'><strong>τῷ</strong></span> <span class='ocrx_word' id='word_1_615' title='bbox 2537 4273 2832 4344; x_wconf 84' lang='grc' dir='ltr'>τελευταίῳ</span> <span class='ocrx_word' id='word_1_616' title='bbox 2857 4289 2918 4326; x_wconf 91' lang='grc' dir='ltr'><strong>τε</strong></span> <span class='ocrx_word' id='word_1_617' title='bbox 2947 4271 3040 4326; x_wconf 77' lang='grc' dir='ltr'>καὶ</span> <span class='ocrx_word' id='word_1_618' title='bbox 3067 4269 3142 4336; x_wconf 81' lang='grc' dir='ltr'>ις’</span> <span class='ocrx_word' id='word_1_619' title='bbox 3167 4270 3312 4341; x_wconf 85' lang='grc' dir='ltr'>λόγῳ</span> <span class='ocrx_word' id='word_1_620' title='bbox 3344 4269 3476 4339; x_wconf 72' lang='grc' dir='ltr'>περὶ</span> <span class='ocrx_word' id='word_1_621' title='bbox 3507 4269 3724 4339; x_wconf 85' lang='grc' dir='ltr'>μήτρας</span> 
     </span>
    </p>
   </div>
   <div class='ocr_carea' id='block_1_88' title="bbox 471 4361 2023 4437">
    <p class='ocr_par' dir='ltr' id='par_1_88' title="bbox 471 4362 2023 4435">
     <span class='ocr_line' id='line_1_88' title="bbox 471 4362 2023 4435; baseline 0 -16"><span class='ocrx_word' id='word_1_622' title='bbox 471 4364 864 4435; x_wconf 88' lang='lat' dir='ltr'><strong>magnitudine,</strong></span> <span class='ocrx_word' id='word_1_623' title='bbox 902 4362 1072 4419; x_wconf 80' lang='lat' dir='ltr'><strong>forma</strong></span> <span class='ocrx_word' id='word_1_624' title='bbox 1096 4363 1306 4421; x_wconf 89' lang='lat' dir='ltr'><strong>scribit.</strong></span> <span class='ocrx_word' id='word_1_625' title='bbox 1333 4363 1572 4433; x_wconf 83' lang='lat' dir='ltr'><strong>Tempus</strong></span> <span class='ocrx_word' id='word_1_626' title='bbox 1615 4364 1744 4419; x_wconf 91' lang='lat' dir='ltr'><strong>item</strong></span> <span class='ocrx_word' id='word_1_627' title='bbox 1781 4379 1888 4434; x_wconf 91' lang='lat' dir='ltr'><strong>quo</strong></span> <span class='ocrx_word' id='word_1_628' title='bbox 1917 4380 2023 4435; x_wconf 69' lang='lat' dir='ltr'><strong>pun</strong></span> 
     </span>
    </p>
   </div>
   <div class='ocr_carea' id='block_1_89' title="bbox 2123 4361 3723 4437">
    <p class='ocr_par' dir='ltr' id='par_1_89' title="bbox 2147 4361 3723 4437">
     <span class='ocr_line' id='line_1_89' title="bbox 2147 4361 3723 4437; baseline -0.004 -19"><span class='ocrx_word' id='word_1_629' title='bbox 2147 4364 2350 4429; x_wconf 80' lang='grc' dir='ltr'>θέσεὼς</span> <span class='ocrx_word' id='word_1_630' title='bbox 2389 4383 2448 4419; x_wconf 89' lang='grc' dir='ltr'><strong>τε</strong></span> <span class='ocrx_word' id='word_1_631' title='bbox 2479 4366 2574 4419; x_wconf 73' lang='grc' dir='ltr'>καὶ</span> <span class='ocrx_word' id='word_1_632' title='bbox 2607 4364 2872 4437; x_wconf 84' lang='grc' dir='ltr'>μεγέθους</span> <span class='ocrx_word' id='word_1_633' title='bbox 2915 4364 3010 4418; x_wconf 78' lang='grc' dir='ltr'>καὶ</span> <span class='ocrx_word' id='word_1_634' title='bbox 3043 4363 3141 4432; x_wconf 80' lang='grc' dir='ltr'>τῆς</span> <span class='ocrx_word' id='word_1_635' title='bbox 3180 4362 3347 4432; x_wconf 82' lang='grc' dir='ltr'>ἄλλης</span> <span class='ocrx_word' id='word_1_636' title='bbox 3379 4361 3723 4418; x_wconf 76' lang='grc' dir='ltr'>διαπλάσεως</span> 
     </span>
    </p>
   </div>
   <div class='ocr_carea' id='block_1_90' title="bbox 472 4447 2023 4526">
    <p class='ocr_par' dir='ltr' id='par_1_90' title="bbox 472 4453 2023 4526">
     <span class='ocr_line' id='line_1_90' title="bbox 472 4453 2023 4526; baseline 0 -18"><span class='ocrx_word' id='word_1_637' title='bbox 472 4455 610 4526; x_wconf 89' lang='lat' dir='ltr'><strong>gari,</strong></span> <span class='ocrx_word' id='word_1_638' title='bbox 643 4469 707 4509; x_wconf 89' lang='lat' dir='ltr'><strong>ac</strong></span> <span class='ocrx_word' id='word_1_639' title='bbox 739 4454 1013 4508; x_wconf 89' lang='lat' dir='ltr'><strong>seminare</strong></span> <span class='ocrx_word' id='word_1_640' title='bbox 1043 4453 1246 4508; x_wconf 76' lang='lat' dir='ltr'><strong>femina</strong></span> <span class='ocrx_word' id='word_1_641' title='bbox 1285 4454 1444 4509; x_wconf 91' lang='lat' dir='ltr'><strong>solet.</strong></span> <span class='ocrx_word' id='word_1_642' title='bbox 1481 4455 1555 4510; x_wconf 89' lang='lat' dir='ltr'><strong>De</strong></span> <span class='ocrx_word' id='word_1_643' title='bbox 1607 4465 1903 4524; x_wconf 91' lang='lat' dir='ltr'><strong>conceptus</strong></span> <span class='ocrx_word' id='word_1_644' title='bbox 1939 4469 2023 4508; x_wconf 86' lang='lat' dir='ltr'><strong>ea-</strong></span> 
     </span>
    </p>
   </div>
   <div class='ocr_carea' id='block_1_91' title="bbox 2123 4447 3722 4526">
    <p class='ocr_par' dir='ltr' id='par_1_91' title="bbox 2147 4447 3722 4526">
     <span class='ocr_line' id='line_1_91' title="bbox 2147 4447 3722 4526; baseline -0.004 -20"><span class='ocrx_word' id='word_1_645' title='bbox 2147 4453 2472 4526; x_wconf 81' lang='grc' dir='ltr'>ἀναγράφει,</span> <span class='ocrx_word' id='word_1_646' title='bbox 2509 4453 2604 4507; x_wconf 80' lang='grc' dir='ltr'>καὶ</span> <span class='ocrx_word' id='word_1_647' title='bbox 2634 4452 2725 4506; x_wconf 84' lang='grc' dir='ltr'>τὸν</span> <span class='ocrx_word' id='word_1_648' title='bbox 2760 4453 2949 4524; x_wconf 77' lang='grc' dir='ltr'>καιρὸν</span> <span class='ocrx_word' id='word_1_649' title='bbox 2990 4451 3112 4505; x_wconf 84' lang='grc' dir='ltr'>καθ’</span> <span class='ocrx_word' id='word_1_650' title='bbox 3160 4451 3220 4504; x_wconf 86' lang='grc' dir='ltr'>ὄν</span> <span class='ocrx_word' id='word_1_651' title='bbox 3257 4467 3315 4505; x_wconf 90' lang='grc' dir='ltr'><strong>τε</strong></span> <span class='ocrx_word' id='word_1_652' title='bbox 3361 4447 3722 4520; x_wconf 85' lang='grc' dir='ltr'>καθαίρεσθαι</span> 
     </span>
    </p>
   </div>
   <div class='ocr_carea' id='block_1_92' title="bbox 472 4540 2023 4618">
    <p class='ocr_par' dir='ltr' id='par_1_92' title="bbox 472 4545 2023 4615">
     <span class='ocr_line' id='line_1_92' title="bbox 472 4545 2023 4615; baseline -0.001 -14"><span class='ocrx_word' id='word_1_653' title='bbox 472 4561 592 4601; x_wconf 86' lang='lat' dir='ltr'><strong>rum</strong></span> <span class='ocrx_word' id='word_1_654' title='bbox 634 4556 897 4615; x_wconf 89' lang='lat' dir='ltr'><strong>tempore,</strong></span> <span class='ocrx_word' id='word_1_655' title='bbox 938 4555 994 4600; x_wconf 88' lang='lat' dir='ltr'><strong>et</strong></span> <span class='ocrx_word' id='word_1_656' title='bbox 1051 4545 1253 4602; x_wconf 89' lang='lat' dir='ltr'><strong>indicio</strong></span> <span class='ocrx_word' id='word_1_657' title='bbox 1310 4561 1433 4601; x_wconf 92' lang='lat' dir='ltr'><strong>cum</strong></span> <span class='ocrx_word' id='word_1_658' title='bbox 1490 4545 1855 4605; x_wconf 83' lang='lat' dir='ltr'><strong>fecunditatis.</strong></span> <span class='ocrx_word' id='word_1_659' title='bbox 1926 4555 2023 4601; x_wconf 86' lang='lat' dir='ltr'><strong>tun</strong></span> 
     </span>
    </p>
   </div>
   <div class='ocr_carea' id='block_1_93' title="bbox 2123 4540 3723 4618">
    <p class='ocr_par' dir='ltr' id='par_1_93' title="bbox 2146 4540 3723 4618">
     <span class='ocr_line' id='line_1_93' title="bbox 2146 4540 3723 4618; baseline -0.005 -18"><span class='ocrx_word' id='word_1_660' title='bbox 2146 4547 2239 4600; x_wconf 78' lang='grc' dir='ltr'>καὶ</span> <span class='ocrx_word' id='word_1_661' title='bbox 2285 4545 2640 4618; x_wconf 87' lang='grc' dir='ltr'>σπερμαίνειν</span> <span class='ocrx_word' id='word_1_662' title='bbox 2684 4547 2804 4610; x_wconf 84' lang='grc' dir='ltr'>ταῖς</span> <span class='ocrx_word' id='word_1_663' title='bbox 2859 4545 3077 4614; x_wconf 77' lang='grc' dir='ltr'>γυναιξὶ</span> <span class='ocrx_word' id='word_1_664' title='bbox 3126 4543 3433 4613; x_wconf 89' lang='grc' dir='ltr'>συμϐαίνει.</span> <span class='ocrx_word' id='word_1_665' title='bbox 3482 4540 3619 4611; x_wconf 87' lang='grc' dir='ltr'>Περί</span> <span class='ocrx_word' id='word_1_666' title='bbox 3661 4556 3723 4592; x_wconf 83' lang='grc' dir='ltr'><strong>τε</strong></span> 
     </span>
    </p>
   </div>
   <div class='ocr_carea' id='block_1_94' title="bbox 473 4632 2023 4711">
    <p class='ocr_par' dir='ltr' id='par_1_94' title="bbox 473 4636 2023 4708">
     <span class='ocr_line' id='line_1_94' title="bbox 473 4636 2023 4708; baseline 0.001 -18"><span class='ocrx_word' id='word_1_667' title='bbox 473 4653 542 4690; x_wconf 88' lang='lat' dir='ltr'><strong>an</strong></span> <span class='ocrx_word' id='word_1_668' title='bbox 604 4636 713 4706; x_wconf 85' lang='lat' dir='ltr'><strong>jam</strong></span> <span class='ocrx_word' id='word_1_669' title='bbox 757 4638 1148 4707; x_wconf 86' lang='lat' dir='ltr'><strong>conceperint,</strong></span> <span class='ocrx_word' id='word_1_670' title='bbox 1214 4637 1391 4707; x_wconf 87' lang='lat' dir='ltr'><strong>deque</strong></span> <span class='ocrx_word' id='word_1_671' title='bbox 1464 4637 1584 4692; x_wconf 90' lang='lat' dir='ltr'><strong>aliis</strong></span> <span class='ocrx_word' id='word_1_672' title='bbox 1647 4639 2023 4708; x_wconf 76' lang='lat' dir='ltr'><strong>przegnantiun</strong></span> 
     </span>
    </p>
   </div>
   <div class='ocr_carea' id='block_1_95' title="bbox 2123 4632 3727 4711">
    <p class='ocr_par' dir='ltr' id='par_1_95' title="bbox 2144 4632 3727 4711">
     <span class='ocr_line' id='line_1_95' title="bbox 2144 4632 3727 4711; baseline -0.004 -18"><span class='ocrx_word' id='word_1_673' title='bbox 2144 4638 2441 4711; x_wconf 82' lang='grc' dir='ltr'>κυοφορίας</span> <span class='ocrx_word' id='word_1_674' title='bbox 2495 4639 2696 4701; x_wconf 79' lang='grc' dir='ltr'>αὐτῶν,</span> <span class='ocrx_word' id='word_1_675' title='bbox 2741 4637 2867 4710; x_wconf 70' lang='lat'><strong>[297</strong></span> <span class='ocrx_word' id='word_1_676' title='bbox 2913 4635 3006 4710; x_wconf 66' lang='lat' dir='ltr'><strong>IL]</strong></span> <span class='ocrx_word' id='word_1_677' title='bbox 3055 4637 3150 4690; x_wconf 71' lang='grc' dir='ltr'>καὶ</span> <span class='ocrx_word' id='word_1_678' title='bbox 3206 4635 3560 4706; x_wconf 85' lang='grc' dir='ltr'>σημειώσεως</span> <span class='ocrx_word' id='word_1_679' title='bbox 3617 4632 3727 4686; x_wconf 85' lang='grc' dir='ltr'>τῶν</span> 
     </span>
    </p>
   </div>
   <div class='ocr_carea' id='block_1_96' title="bbox 475 4728 2044 4786">
    <p class='ocr_par' dir='ltr' id='par_1_96' title="bbox 475 4728 2044 4786">
     <span class='ocr_line' id='line_1_96' title="bbox 475 4728 2044 4786; baseline 0.001 -5"><span class='ocrx_word' id='word_1_680' title='bbox 475 4728 871 4784; x_wconf 82' lang='lat' dir='ltr'><strong>all&#39;ectionibus.</strong></span> <span class='ocrx_word' id='word_1_681' title='bbox 909 4730 984 4784; x_wconf 89' lang='lat' dir='ltr'><strong>De</strong></span> <span class='ocrx_word' id='word_1_682' title='bbox 1016 4743 1144 4784; x_wconf 86' lang='lat' dir='ltr'><strong>cura</strong></span> <span class='ocrx_word' id='word_1_683' title='bbox 1169 4729 1298 4784; x_wconf 87' lang='lat' dir='ltr'><strong>item</strong></span> <span class='ocrx_word' id='word_1_684' title='bbox 1331 4744 1395 4784; x_wconf 91' lang='lat' dir='ltr'><strong>ac</strong></span> <span class='ocrx_word' id='word_1_685' title='bbox 1435 4729 1800 4786; x_wconf 88' lang='lat' dir='ltr'><strong>sollicitudine</strong></span> <span class='ocrx_word' id='word_1_686' title='bbox 1845 4728 1913 4782; x_wconf 88' lang='lat' dir='ltr'><strong>iis</strong></span> <span class='ocrx_word' id='word_1_687' title='bbox 1947 4729 2044 4782; x_wconf 83' lang='lat' dir='ltr'><strong>ad-</strong></span> 
     </span>
    </p>
   </div>
   <div class='ocr_carea' id='block_1_97' title="bbox 478 4820 2045 4892">
    <p class='ocr_par' dir='ltr' id='par_1_97' title="bbox 478 4820 2045 4892">
     <span class='ocr_line' id='line_1_97' title="bbox 478 4820 2045 4892; baseline 0.001 -18"><span class='ocrx_word' id='word_1_688' title='bbox 478 4820 734 4887; x_wconf 85' lang='lat' dir='ltr'><strong>hibenda,</strong></span> <span class='ocrx_word' id='word_1_689' title='bbox 767 4831 876 4874; x_wconf 91' lang='lat' dir='ltr'><strong>tum</strong></span> <span class='ocrx_word' id='word_1_690' title='bbox 917 4835 1037 4890; x_wconf 59' lang='lat' dir='ltr'><strong>qua}</strong></span> <span class='ocrx_word' id='word_1_691' title='bbox 1074 4823 1243 4892; x_wconf 86' lang='lat' dir='ltr'><strong>magis</strong></span> <span class='ocrx_word' id='word_1_692' title='bbox 1281 4821 1346 4875; x_wconf 89' lang='lat' dir='ltr'><strong>ad</strong></span> <span class='ocrx_word' id='word_1_693' title='bbox 1379 4821 1696 4891; x_wconf 89' lang='lat' dir='ltr'><strong>pariendum</strong></span> <span class='ocrx_word' id='word_1_694' title='bbox 1733 4830 1891 4891; x_wconf 64' lang='lat' dir='ltr'><strong>aptae,</strong></span> <span class='ocrx_word' id='word_1_695' title='bbox 1925 4835 2045 4890; x_wconf 69' lang='lat' dir='ltr'><strong>qua:</strong></span> 
     </span>
    </p>
   </div>
   <div class='ocr_carea' id='block_1_98' title="bbox 476 4912 2042 4985">
    <p class='ocr_par' dir='ltr' id='par_1_98' title="bbox 476 4912 2042 4985">
     <span class='ocr_line' id='line_1_98' title="bbox 476 4912 2042 4985; baseline 0.003 -19"><span class='ocrx_word' id='word_1_696' title='bbox 476 4912 713 4982; x_wconf 70' lang='lat' dir='ltr'><strong>ineptae;</strong></span> <span class='ocrx_word' id='word_1_697' title='bbox 780 4914 847 4968; x_wconf 89' lang='lat' dir='ltr'><strong>de</strong></span> <span class='ocrx_word' id='word_1_698' title='bbox 880 4929 1024 4984; x_wconf 68' lang='lat' dir='ltr'><strong>aegro</strong></span> <span class='ocrx_word' id='word_1_699' title='bbox 1077 4925 1258 4983; x_wconf 87' lang='lat' dir='ltr'><strong>partu,</strong></span> <span class='ocrx_word' id='word_1_700' title='bbox 1308 4926 1362 4970; x_wconf 93' lang='lat' dir='ltr'><strong>et</strong></span> <span class='ocrx_word' id='word_1_701' title='bbox 1394 4930 1514 4985; x_wconf 81' lang='lat' dir='ltr'><strong>quae</strong></span> <span class='ocrx_word' id='word_1_702' title='bbox 1542 4926 1737 4985; x_wconf 73' lang='lat' dir='ltr'><strong>praeter</strong></span> <span class='ocrx_word' id='word_1_703' title='bbox 1793 4925 2042 4971; x_wconf 87' lang='lat' dir='ltr'><strong>naturam</strong></span> 
     </span>
    </p>
   </div>
   <div class='ocr_carea' id='block_1_99' title="bbox 477 5003 2046 5069">
    <p class='ocr_par' dir='ltr' id='par_1_99' title="bbox 477 5003 2046 5069">
     <span class='ocr_line' id='line_1_99' title="bbox 477 5003 2046 5069; baseline 0.003 -13"><span class='ocrx_word' id='word_1_704' title='bbox 477 5013 813 5069; x_wconf 89' lang='lat' dir='ltr'><strong>nascuntur;</strong></span> <span class='ocrx_word' id='word_1_705' title='bbox 870 5004 936 5058; x_wconf 90' lang='lat' dir='ltr'><strong>de</strong></span> <span class='ocrx_word' id='word_1_706' title='bbox 988 5003 1212 5058; x_wconf 85' lang='lat' dir='ltr'><strong>infantis</strong></span> <span class='ocrx_word' id='word_1_707' title='bbox 1259 5005 1593 5069; x_wconf 82' lang='lat' dir='ltr'><strong>exsectione,</strong></span> <span class='ocrx_word' id='word_1_708' title='bbox 1623 5013 1677 5059; x_wconf 91' lang='lat' dir='ltr'><strong>et</strong></span> <span class='ocrx_word' id='word_1_709' title='bbox 1710 5005 1923 5060; x_wconf 82' lang='lat' dir='ltr'><strong>defectu</strong></span> <span class='ocrx_word' id='word_1_710' title='bbox 1960 5020 2046 5060; x_wconf 86' lang='lat' dir='ltr'><strong>se-</strong></span> 
     </span>
    </p>
   </div>
   <div class='ocr_carea' id='block_1_100' title="bbox 477 5093 2046 5162">
    <p class='ocr_par' dir='ltr' id='par_1_100' title="bbox 477 5093 2046 5162">
     <span class='ocr_line' id='line_1_100' title="bbox 477 5093 2046 5162; baseline 0.003 -15"><span class='ocrx_word' id='word_1_711' title='bbox 477 5093 687 5159; x_wconf 57' lang='lat' dir='ltr'><strong>cundae,</strong></span> <span class='ocrx_word' id='word_1_712' title='bbox 729 5110 825 5150; x_wconf 88' lang='lat' dir='ltr'><strong>seu</strong></span> <span class='ocrx_word' id='word_1_713' title='bbox 855 5097 1164 5150; x_wconf 87' lang='lat' dir='ltr'><strong>secundarii</strong></span> <span class='ocrx_word' id='word_1_714' title='bbox 1202 5096 1490 5151; x_wconf 89' lang='lat' dir='ltr'><strong>involucri.</strong></span> <span class='ocrx_word' id='word_1_715' title='bbox 1529 5094 1740 5162; x_wconf 87' lang='lat' dir='ltr'><strong>Quibus</strong></span> <span class='ocrx_word' id='word_1_716' title='bbox 1801 5097 1928 5150; x_wconf 88' lang='lat' dir='ltr'><strong>item</strong></span> <span class='ocrx_word' id='word_1_717' title='bbox 1980 5098 2046 5151; x_wconf 90' lang='lat' dir='ltr'><strong>de</strong></span> 
     </span>
    </p>
   </div>
   <div class='ocr_carea' id='block_1_101' title="bbox 477 5186 2043 5244">
    <p class='ocr_par' dir='ltr' id='par_1_101' title="bbox 477 5186 2043 5244">
     <span class='ocr_line' id='line_1_101' title="bbox 477 5186 2043 5244; baseline 0.001 -2"><span class='ocrx_word' id='word_1_718' title='bbox 477 5189 657 5243; x_wconf 87' lang='lat' dir='ltr'><strong>causis</strong></span> <span class='ocrx_word' id='word_1_719' title='bbox 681 5188 764 5243; x_wconf 89' lang='lat' dir='ltr'><strong>vir</strong></span> <span class='ocrx_word' id='word_1_720' title='bbox 807 5199 900 5242; x_wconf 89' lang='lat' dir='ltr'><strong>aut</strong></span> <span class='ocrx_word' id='word_1_721' title='bbox 922 5189 1118 5242; x_wconf 71' lang='lat' dir='ltr'><strong>l&#39;enﬁna</strong></span> <span class='ocrx_word' id='word_1_722' title='bbox 1149 5188 1363 5244; x_wconf 91' lang='lat' dir='ltr'><strong>steriles</strong></span> <span class='ocrx_word' id='word_1_723' title='bbox 1394 5189 1523 5243; x_wconf 90' lang='lat' dir='ltr'><strong>sint.</strong></span> <span class='ocrx_word' id='word_1_724' title='bbox 1566 5186 1768 5242; x_wconf 90' lang='lat' dir='ltr'><strong>llorum</strong></span> <span class='ocrx_word' id='word_1_725' title='bbox 1803 5188 2043 5243; x_wconf 89' lang='lat' dir='ltr'><strong>omnium</strong></span> 
     </span>
    </p>
   </div>
   <div class='ocr_carea' id='block_1_102' title="bbox 480 5279 2044 5350">
    <p class='ocr_par' dir='ltr' id='par_1_102' title="bbox 480 5279 2044 5350">
     <span class='ocr_line' id='line_1_102' title="bbox 480 5279 2044 5350; baseline 0 -17"><span class='ocrx_word' id='word_1_726' title='bbox 480 5281 862 5350; x_wconf 80' lang='lat' dir='ltr'><strong>praedictorum</strong></span> <span class='ocrx_word' id='word_1_727' title='bbox 894 5281 1130 5337; x_wconf 84' lang='lat' dir='ltr'><strong>remedia</strong></span> <span class='ocrx_word' id='word_1_728' title='bbox 1166 5281 1266 5335; x_wconf 87' lang='lat' dir='ltr'><strong>hoc</strong></span> <span class='ocrx_word' id='word_1_729' title='bbox 1289 5279 1426 5335; x_wconf 91' lang='lat' dir='ltr'><strong>libro</strong></span> <span class='ocrx_word' id='word_1_730' title='bbox 1451 5290 1823 5345; x_wconf 86' lang='lat' dir='ltr'><strong>recensentur,</strong></span> <span class='ocrx_word' id='word_1_731' title='bbox 1860 5288 1918 5334; x_wconf 92' lang='lat' dir='ltr'><strong>ut</strong></span> <span class='ocrx_word' id='word_1_732' title='bbox 1945 5295 2044 5349; x_wconf 86' lang='lat' dir='ltr'><strong>po-</strong></span> 
     </span>
    </p>
   </div>
   <div class='ocr_carea' id='block_1_103' title="bbox 482 5371 2047 5442">
    <p class='ocr_par' dir='ltr' id='par_1_103' title="bbox 482 5371 2047 5442">
     <span class='ocr_line' id='line_1_103' title="bbox 482 5371 2047 5442; baseline 0.001 -17"><span class='ocrx_word' id='word_1_733' title='bbox 482 5371 676 5438; x_wconf 83' lang='lat' dir='ltr'><strong>tiones,</strong></span> <span class='ocrx_word' id='word_1_734' title='bbox 711 5372 853 5441; x_wconf 87' lang='lat' dir='ltr'><strong>pessi</strong></span> <span class='ocrx_word' id='word_1_735' title='bbox 888 5382 944 5428; x_wconf 88' lang='lat' dir='ltr'><strong>et</strong></span> <span class='ocrx_word' id='word_1_736' title='bbox 979 5373 1187 5427; x_wconf 84' lang='lat' dir='ltr'><strong>sullitus</strong></span> <span class='ocrx_word' id='word_1_737' title='bbox 1244 5373 1310 5425; x_wconf 92' lang='lat' dir='ltr'><strong>ad</strong></span> <span class='ocrx_word' id='word_1_738' title='bbox 1338 5372 1771 5442; x_wconf 88' lang='lat' dir='ltr'><strong>concipiendum.</strong></span> <span class='ocrx_word' id='word_1_739' title='bbox 1813 5371 1950 5425; x_wconf 89' lang='lat' dir='ltr'><strong>Hinc</strong></span> <span class='ocrx_word' id='word_1_740' title='bbox 1979 5371 2047 5426; x_wconf 81' lang='lat' dir='ltr'><strong>de</strong></span> 
     </span>
    </p>
   </div>
   <div class='ocr_carea' id='block_1_104' title="bbox 483 5460 2045 5532">
    <p class='ocr_par' dir='ltr' id='par_1_104' title="bbox 483 5460 2045 5532">
     <span class='ocr_line' id='line_1_104' title="bbox 483 5460 2045 5532; baseline -0.001 -16"><span class='ocrx_word' id='word_1_741' title='bbox 483 5465 735 5530; x_wconf 89' lang='lat' dir='ltr'><strong>uberum,</strong></span> <span class='ocrx_word' id='word_1_742' title='bbox 769 5477 1232 5532; x_wconf 85' lang='lat' dir='ltr'><strong>tnannnarumque</strong></span> <span class='ocrx_word' id='word_1_743' title='bbox 1287 5461 1490 5516; x_wconf 89' lang='lat' dir='ltr'><strong>morbis</strong></span> <span class='ocrx_word' id='word_1_744' title='bbox 1543 5460 1797 5517; x_wconf 91' lang='lat' dir='ltr'><strong>omnibus</strong></span> <span class='ocrx_word' id='word_1_745' title='bbox 1845 5475 2045 5516; x_wconf 88' lang='lat' dir='ltr'><strong>conve-</strong></span> 
     </span>
    </p>
   </div>
   <div class='ocr_carea' id='block_1_105' title="bbox 2141 4725 3728 4804">
    <p class='ocr_par' dir='ltr' id='par_1_105' title="bbox 2141 4725 3728 4804">
     <span class='ocr_line' id='line_1_105' title="bbox 2141 4725 3728 4804; baseline -0.003 -20"><span class='ocrx_word' id='word_1_746' title='bbox 2141 4732 2464 4804; x_wconf 77' lang='grc' dir='ltr'>πεφυκυιῶν</span> <span class='ocrx_word' id='word_1_747' title='bbox 2496 4729 2803 4794; x_wconf 86' lang='grc' dir='ltr'>συλλαϐεῖν,</span> <span class='ocrx_word' id='word_1_748' title='bbox 2833 4729 2926 4782; x_wconf 67' lang='grc' dir='ltr'><strong>καί⁵</strong></span> <span class='ocrx_word' id='word_1_749' title='bbox 2954 4730 3003 4783; x_wconf 82' lang='grc' dir='ltr'><strong>εί</strong></span> <span class='ocrx_word' id='word_1_750' title='bbox 3029 4730 3129 4799; x_wconf 69' lang='grc' dir='ltr'>ἤδη</span> <span class='ocrx_word' id='word_1_751' title='bbox 3161 4727 3474 4781; x_wconf 80' lang='grc' dir='ltr'>συνέλαϐον·</span> <span class='ocrx_word' id='word_1_752' title='bbox 3510 4727 3605 4780; x_wconf 82' lang='grc' dir='ltr'>καὶ</span> <span class='ocrx_word' id='word_1_753' title='bbox 3625 4725 3728 4780; x_wconf 78' lang='grc' dir='ltr'>ὅσα</span> 
     </span>
    </p>
   </div>
   <div class='ocr_carea' id='block_1_106' title="bbox 2141 4816 3729 4893">
    <p class='ocr_par' dir='ltr' id='par_1_106' title="bbox 2141 4816 3729 4893">
     <span class='ocr_line' id='line_1_106' title="bbox 2141 4816 3729 4893; baseline -0.006 -14"><span class='ocrx_word' id='word_1_754' title='bbox 2141 4822 2276 4879; x_wconf 83' lang='grc' dir='ltr'>ἄλλα</span> <span class='ocrx_word' id='word_1_755' title='bbox 2308 4825 2427 4887; x_wconf 90' lang='grc' dir='ltr'>ταῖς</span> <span class='ocrx_word' id='word_1_756' title='bbox 2459 4820 2858 4893; x_wconf 81' lang='grc' dir='ltr'>κυοφορούσαις</span> <span class='ocrx_word' id='word_1_757' title='bbox 2888 4821 3035 4890; x_wconf 86' lang='grc' dir='ltr'>πάθη</span> <span class='ocrx_word' id='word_1_758' title='bbox 3068 4821 3404 4888; x_wconf 85' lang='grc' dir='ltr'>ἐπιγίνεται·</span> <span class='ocrx_word' id='word_1_759' title='bbox 3437 4817 3474 4889; x_wconf 76' lang='grc' dir='ltr'><strong>ἦ</strong></span> <span class='ocrx_word' id='word_1_760' title='bbox 3502 4834 3564 4870; x_wconf 90' lang='grc' dir='ltr'><strong>τε</strong></span> <span class='ocrx_word' id='word_1_761' title='bbox 3598 4816 3729 4888; x_wconf 77' lang='grc' dir='ltr'>περὶ</span> 
     </span>
    </p>
   </div>
   <div class='ocr_carea' id='block_1_107' title="bbox 2133 4907 3728 4987">
    <p class='ocr_par' dir='ltr' id='par_1_107' title="bbox 2133 4907 3728 4987">
     <span class='ocr_line' id='line_1_107' title="bbox 2133 4907 3728 4987; baseline -0.004 -20"><span class='ocrx_word' id='word_1_762' title='bbox 2133 4913 2313 4979; x_wconf 81' lang='grc' dir='ltr'>ἀὐτὰς</span> <span class='ocrx_word' id='word_1_763' title='bbox 2351 4913 2667 4987; x_wconf 77' lang='grc' dir='ltr'>ἐπιμέλεια,</span> <span class='ocrx_word' id='word_1_764' title='bbox 2700 4912 2797 4967; x_wconf 80' lang='grc' dir='ltr'>καὶ</span> <span class='ocrx_word' id='word_1_765' title='bbox 2828 4914 2976 4966; x_wconf 88' lang='grc' dir='ltr'>ποῖαι</span> <span class='ocrx_word' id='word_1_766' title='bbox 3009 4911 3210 4983; x_wconf 84' lang='grc' dir='ltr'>μᾶλλον</span> <span class='ocrx_word' id='word_1_767' title='bbox 3249 4910 3550 4981; x_wconf 84' lang='grc' dir='ltr'>ἐπιτήδειοι</span> <span class='ocrx_word' id='word_1_768' title='bbox 3590 4907 3728 4978; x_wconf 77' lang='grc' dir='ltr'>πρὸς</span> 
     </span>
    </p>
   </div>
   <div class='ocr_carea' id='block_1_108' title="bbox 2143 5000 3726 5075">
    <p class='ocr_par' dir='ltr' id='par_1_108' title="bbox 2143 5000 3726 5075">
     <span class='ocr_line' id='line_1_108' title="bbox 2143 5000 3726 5075; baseline -0.005 -15"><span class='ocrx_word' id='word_1_769' title='bbox 2143 5006 2321 5073; x_wconf 90' lang='grc' dir='ltr'>τόκον,</span> <span class='ocrx_word' id='word_1_770' title='bbox 2355 5008 2509 5059; x_wconf 86' lang='grc' dir='ltr'>ποῖαι</span> <span class='ocrx_word' id='word_1_771' title='bbox 2557 5005 2614 5060; x_wconf 84' lang='grc' dir='ltr'>δὲ</span> <span class='ocrx_word' id='word_1_772' title='bbox 2663 5004 3058 5075; x_wconf 84' lang='grc' dir='ltr'>ἀνεπιτήδειοι·</span> <span class='ocrx_word' id='word_1_773' title='bbox 3091 5005 3186 5058; x_wconf 73' lang='grc' dir='ltr'>καὶ</span> <span class='ocrx_word' id='word_1_774' title='bbox 3231 5003 3363 5074; x_wconf 76' lang='grc' dir='ltr'>περὶ</span> <span class='ocrx_word' id='word_1_775' title='bbox 3417 5000 3726 5064; x_wconf 85' lang='grc' dir='ltr'>δυστοκίας,</span> 
     </span>
    </p>
   </div>
   <div class='ocr_carea' id='block_1_109' title="bbox 2143 5089 3730 5168">
    <p class='ocr_par' dir='ltr' id='par_1_109' title="bbox 2143 5089 3730 5168">
     <span class='ocr_line' id='line_1_109' title="bbox 2143 5089 3730 5168; baseline -0.006 -18"><span class='ocrx_word' id='word_1_776' title='bbox 2143 5096 2241 5150; x_wconf 62' lang='grc' dir='ltr'><strong>καὶ⁵</strong></span> <span class='ocrx_word' id='word_1_777' title='bbox 2270 5097 2372 5150; x_wconf 84' lang='grc' dir='ltr'>ὃσα</span> <span class='ocrx_word' id='word_1_778' title='bbox 2401 5095 2554 5168; x_wconf 88' lang='grc' dir='ltr'>παρὰ</span> <span class='ocrx_word' id='word_1_779' title='bbox 2583 5095 2746 5166; x_wconf 80' lang='grc' dir='ltr'>φύσιν</span> <span class='ocrx_word' id='word_1_780' title='bbox 2775 5094 3040 5160; x_wconf 86' lang='grc' dir='ltr'>τίκτεται,</span> <span class='ocrx_word' id='word_1_781' title='bbox 3074 5093 3204 5166; x_wconf 83' lang='grc' dir='ltr'>περί</span> <span class='ocrx_word' id='word_1_782' title='bbox 3231 5109 3293 5146; x_wconf 88' lang='grc' dir='ltr'><strong>τε</strong></span> <span class='ocrx_word' id='word_1_783' title='bbox 3321 5089 3730 5163; x_wconf 89' lang='grc' dir='ltr'>ἐμϐρυοτομίας</span> 
     </span>
    </p>
   </div>
   <div class='ocr_carea' id='block_1_110' title="bbox 2147 5183 3727 5262">
    <p class='ocr_par' dir='ltr' id='par_1_110' title="bbox 2147 5183 3727 5262">
     <span class='ocr_line' id='line_1_110' title="bbox 2147 5183 3727 5262; baseline -0.008 -16"><span class='ocrx_word' id='word_1_784' title='bbox 2147 5191 2243 5246; x_wconf 74' lang='grc' dir='ltr'>καὶ</span> <span class='ocrx_word' id='word_1_785' title='bbox 2276 5189 2570 5261; x_wconf 71' lang='grc' dir='ltr'>ἐκλείψεως</span> <span class='ocrx_word' id='word_1_786' title='bbox 2602 5191 2786 5262; x_wconf 88' lang='grc' dir='ltr'>χορίου</span> <span class='ocrx_word' id='word_1_787' title='bbox 2811 5205 2826 5220; x_wconf 76' lang='grc'>³</span> <span class='ocrx_word' id='word_1_788' title='bbox 2859 5189 2955 5244; x_wconf 82' lang='grc' dir='ltr'>καὶ</span> <span class='ocrx_word' id='word_1_789' title='bbox 2985 5187 3128 5242; x_wconf 84' lang='grc' dir='ltr'>κατὰ</span> <span class='ocrx_word' id='word_1_790' title='bbox 3158 5188 3333 5249; x_wconf 84' lang='grc' dir='ltr'>πόσας</span> <span class='ocrx_word' id='word_1_791' title='bbox 3373 5183 3555 5247; x_wconf 81' lang='grc' dir='ltr'>αἰτίας</span> <span class='ocrx_word' id='word_1_792' title='bbox 3587 5183 3727 5250; x_wconf 80' lang='grc' dir='ltr'>ἀνὴρ</span> 
     </span>
    </p>
   </div>
   <div class='ocr_carea' id='block_1_111' title="bbox 2150 5271 3726 5352">
    <p class='ocr_par' dir='ltr' id='par_1_111' title="bbox 2150 5271 3726 5352">
     <span class='ocr_line' id='line_1_111' title="bbox 2150 5271 3726 5352; baseline -0.008 -18"><span class='ocrx_word' id='word_1_793' title='bbox 2150 5283 2246 5336; x_wconf 77' lang='grc' dir='ltr'>καὶ</span> <span class='ocrx_word' id='word_1_794' title='bbox 2277 5281 2417 5352; x_wconf 79' lang='grc' dir='ltr'>γυνὴ</span> <span class='ocrx_word' id='word_1_795' title='bbox 2461 5281 2558 5351; x_wconf 83' lang='grc' dir='ltr'>τῆς</span> <span class='ocrx_word' id='word_1_796' title='bbox 2587 5280 2932 5343; x_wconf 85' lang='grc' dir='ltr'>παιδοποιίας</span> <span class='ocrx_word' id='word_1_797' title='bbox 2977 5278 3372 5349; x_wconf 82' lang='grc' dir='ltr'>στερίσκονται.</span> <span class='ocrx_word' id='word_1_798' title='bbox 3405 5274 3632 5328; x_wconf 71' lang='grc' dir='ltr'>Πάντων</span> <span class='ocrx_word' id='word_1_799' title='bbox 3670 5271 3726 5322; x_wconf 76' lang='grc' dir='ltr'>δὲ</span> 
     </span>
    </p>
   </div>
   <div class='ocr_carea' id='block_1_112' title="bbox 2152 5362 3724 5447">
    <p class='ocr_par' dir='ltr' id='par_1_112' title="bbox 2152 5362 3724 5447">
     <span class='ocr_line' id='line_1_112' title="bbox 2152 5362 3724 5447; baseline -0.007 -21"><span class='ocrx_word' id='word_1_800' title='bbox 2152 5372 2438 5447; x_wconf 83' lang='grc' dir='ltr'>θεραπεῖαι</span> <span class='ocrx_word' id='word_1_801' title='bbox 2463 5373 2572 5427; x_wconf 85' lang='grc' dir='ltr'><strong>τῶν</strong></span> <span class='ocrx_word' id='word_1_802' title='bbox 2599 5375 2721 5445; x_wconf 83' lang='grc' dir='ltr'>είρη</span> <span class='ocrx_word' id='word_1_803' title='bbox 2729 5373 2905 5444; x_wconf 85' lang='grc' dir='ltr'>μένων</span> <span class='ocrx_word' id='word_1_804' title='bbox 2938 5373 2996 5426; x_wconf 87' lang='grc' dir='ltr'><strong>ἐν</strong></span> <span class='ocrx_word' id='word_1_805' title='bbox 3022 5370 3195 5440; x_wconf 84' lang='grc' dir='ltr'>τούτῳ</span> <span class='ocrx_word' id='word_1_806' title='bbox 3221 5368 3298 5440; x_wconf 82' lang='grc' dir='ltr'><strong>τῷ</strong></span> <span class='ocrx_word' id='word_1_807' title='bbox 3326 5368 3470 5438; x_wconf 88' lang='grc' dir='ltr'>λόγῳ</span> <span class='ocrx_word' id='word_1_808' title='bbox 3499 5362 3724 5420; x_wconf 76' lang='grc' dir='ltr'>καταλέ-</span> 
     </span>
    </p>
   </div>
   <div class='ocr_carea' id='block_1_113' title="bbox 2152 5455 3722 5535">
    <p class='ocr_par' dir='ltr' id='par_1_113' title="bbox 2152 5455 3722 5535">
     <span class='ocr_line' id='line_1_113' title="bbox 2152 5455 3722 5535; baseline -0.006 -19"><span class='ocrx_word' id='word_1_809' title='bbox 2152 5479 2363 5532; x_wconf 79' lang='grc' dir='ltr'>γονται,</span> <span class='ocrx_word' id='word_1_810' title='bbox 2411 5463 2503 5517; x_wconf 77' lang='grc' dir='ltr'>καὶ</span> <span class='ocrx_word' id='word_1_811' title='bbox 2543 5461 2764 5535; x_wconf 84' lang='grc' dir='ltr'>πόματα</span> <span class='ocrx_word' id='word_1_812' title='bbox 2797 5463 2896 5518; x_wconf 76' lang='grc' dir='ltr'>καὶ</span> <span class='ocrx_word' id='word_1_813' title='bbox 2935 5460 3127 5517; x_wconf 75' lang='grc' dir='ltr'>πεσσοὶ</span> <span class='ocrx_word' id='word_1_814' title='bbox 3163 5460 3259 5514; x_wconf 81' lang='grc' dir='ltr'>καὶ</span> <span class='ocrx_word' id='word_1_815' title='bbox 3299 5455 3722 5527; x_wconf 76' lang='grc' dir='ltr'>ὐποθνμιάματα</span> 
     </span>
    </p>
   </div>
   <div class='ocr_carea' id='block_1_114' title="bbox 1791 5612 2475 5677">
    <p class='ocr_par' dir='ltr' id='par_1_114' title="bbox 1791 5612 2475 5677">
     <span class='ocr_line' id='line_1_114' title="bbox 1791 5612 2475 5677; baseline 0.009 -7"><span class='ocrx_word' id='word_1_816' title='bbox 1791 5613 2030 5670; x_wconf 65' lang='lat' dir='ltr'><strong>VARUS</strong></span> <span class='ocrx_word' id='word_1_817' title='bbox 2067 5612 2475 5677; x_wconf 80' lang='lat' dir='ltr'><strong>LECTIONES.</strong></span> 
     </span>
    </p>
   </div>
   <div class='ocr_carea' id='block_1_115' title="bbox 558 5730 2106 5808">
    <p class='ocr_par' dir='ltr' id='par_1_115' title="bbox 558 5730 2106 5808">
     <span class='ocr_line' id='line_1_115' title="bbox 558 5730 2106 5808; baseline -0.003 -16"><span class='ocrx_word' id='word_1_818' title='bbox 558 5735 577 5768; x_wconf 85' lang='grc'><strong><em>³</em></strong></span> <span class='ocrx_word' id='word_1_819' title='bbox 600 5737 932 5808; x_wconf 73' lang='grc' dir='ltr'>ἀρμόζουσαι</span> <span class='ocrx_word' id='word_1_820' title='bbox 968 5754 1028 5801; x_wconf 82' lang='grc' dir='ltr'><strong>ς.</strong></span> <span class='ocrx_word' id='word_1_821' title='bbox 1102 5737 1122 5770; x_wconf 75' lang='grc'>⁸</span> <span class='ocrx_word' id='word_1_822' title='bbox 1153 5733 1280 5806; x_wconf 77' lang='grc' dir='ltr'>περὶ</span> <span class='ocrx_word' id='word_1_823' title='bbox 1299 5733 1424 5791; x_wconf 82' lang='lat' dir='ltr'><strong>add.</strong></span> <span class='ocrx_word' id='word_1_824' title='bbox 1457 5733 1525 5788; x_wconf 83' lang='lat' dir='ltr'><strong>A.</strong></span> <span class='ocrx_word' id='word_1_825' title='bbox 1599 5733 1620 5764; x_wconf 81' lang='grc'><strong><em>⁵</em></strong></span> <span class='ocrx_word' id='word_1_826' title='bbox 1645 5730 2016 5802; x_wconf 79' lang='grc' dir='ltr'>ἁνευρύματος</span> <span class='ocrx_word' id='word_1_827' title='bbox 2045 5747 2106 5796; x_wconf 83' lang='grc' dir='ltr'><strong>ς.</strong></span> 
     </span>
    </p>
   </div>
  </div>
