4030 6248
309 264 410 326 733

1394 265 1918 340 BIBLIOTHECA.
1959 306 2029 317 --
2068 281 2230 343 COD.
2266 281 2513 343 CCXXI.

3467 274 3574 339 734

309 376 670 445 συλληπτικά.
716 379 959 435 Ἐκεῖθέν
1000 399 1060 438 τε
1092 383 1222 457 περὶ
1262 386 1373 441 τῶν
1415 389 1475 443 ἐν
1513 391 1627 454 τοῖς
1671 394 1892 461 μαστοῖς

2001 395 2173 450 nienti
2202 396 2327 450 huic
2352 397 2456 451 arti
2488 394 2715 451 scientia
2758 400 3079 465 pertractat,
3115 404 3412 460 eorumque
3439 403 3574 446 ccu-

306 470 498 525 παθῶν
553 472 810 528 ἁπάντων
869 476 1008 546 μετὰ
1061 477 1163 548 τῆς
1212 480 1529 552 πρεπούσης
1592 485 1659 554 τῇ
1720 484 1888 556 τέχνῃ

306 564 493 632 σοφίας
523 565 825 635 διηγεῖται,
860 568 1148 633 συστάσεις
1181 587 1243 626 τε
1271 572 1476 627 τούτων
1512 575 1608 628 καὶ
1645 577 1891 644 γενέσεις

307 657 400 709 καὶ
445 659 793 728 χειρουργίας
838 660 934 713 καὶ
962 661 1061 733 τὴν
1087 662 1109 695 ⁸
1141 662 1309 735 άλλην
1339 668 1680 734 συνυφαίνων
1721 667 1889 739 θερα-

306 749 483 804 πείαν.
539 749 679 803 Μεθ’
723 750 759 805 ά
792 752 813 783 ⁷
850 753 976 823 περὶ
1023 754 1134 809 τῶν
1179 756 1329 811 κατὰ
1378 757 1667 829 διαφόρους
1710 758 1891 822 αίτίας

316 841 664 911 ἑπεχομένων
689 845 812 906 ταῖς
832 845 1080 912 γυναιξὶν
1102 847 1364 919 ἐμμήνων
1390 849 1731 919 καθάρσεων,
1759 849 1890 922 περί

306 950 363 986 τε
419 934 888 1006 ύπερκαθάρσεως
940 939 1036 991 καὶ
1100 942 1411 1009 γυναικείου
1477 942 1572 1012 ροὗ
1595 984 1612 1007 ,
1670 944 1765 998 τοῦ
1827 961 1889 998 τε

305 1024 535 1094 ἐρυθροῦ
567 1026 662 1080 καλ⁸
691 1026 785 1079 τοῦ
819 1025 1051 1096 λευκοῦ,
1086 1032 1215 1102 περί
1261 1050 1321 1086 τε
1369 1034 1667 1102 ύστερικῆς
1696 1036 1889 1105 πνιγὸς

304 1118 559 1190 καὶπερὶ
610 1122 931 1193 γονορῤοίας
983 1125 1376 1197 διαλαμϐάνει,
1423 1129 1522 1200 τὴν
1569 1131 1778 1185 τούτων
1826 1127 1888 1187 εὖ

309 1211 455 1280 μάλα
509 1213 772 1278 διατιθεὶς
800 1215 822 1247 ⁸
855 1217 1170 1288 θεραπείαν·
1228 1222 1324 1274 καὶ
1372 1223 1503 1293 περὶ
1549 1223 1659 1277 τῶν
1712 1225 1890 1280 ἄλλων

306 1299 407 1368 τῆς
443 1302 656 1373 μήτρας
686 1305 1045 1359 παντοδαπῶν
1077 1308 1288 1375 παθῶν,
1313 1309 1717 1381 ἀποστημάτων
1743 1312 1889 1383 λέγω

305 1391 397 1444 καὶ
422 1392 715 1463 οἰδήματος
741 1396 833 1449 καὶ
860 1396 1034 1466 μύλης
1059 1400 1154 1452 καὶ
1189 1398 1440 1470 ύδρωπος
1460 1403 1554 1456 καὶ
1578 1402 1771 1466 ἕλκους
1795 1405 1890 1459 καὶ

303 1484 416 1537 τῶν
449 1486 850 1558 παραπλησίων
870 1505 883 1518 ⁸
913 1490 970 1542 ἐν
1002 1483 1084 1554 οἷς
1112 1492 1241 1562 περί
1265 1510 1325 1546 τε
1352 1492 1644 1564 φιμώσεως
1676 1496 1887 1567 μήτρας

305 1577 401 1630 καὶ
430 1578 664 1649 άτρήτου
695 1579 931 1651 ὑστέρας
959 1583 1055 1634 καὶ
1087 1582 1194 1637 τῶν
1225 1585 1624 1655 παραπλησίων
1657 1588 1888 1652 ἐπεξιὼν

303 1669 508 1738 γράφει
542 1671 750 1725 τούτων
791 1672 1107 1745 θεραπείας.
1142 1677 1278 1745 Περί
1301 1695 1364 1731 τε
1392 1681 1765 1749 νυμφοτομίας
1794 1682 1890 1736 καὶ

1990 487 2325 551 stitutiones,
2359 497 2531 553 ortus,
2564 486 2916 557 chirurgiam,
2970 485 3213 553 aiiasque
3262 483 3573 538 curationes

1991 577 2205 633 attexit.
2238 576 2366 631 Mox
2398 577 2466 630 de
2507 577 2677 630 variis
2703 577 2812 646 agit
2838 575 3042 638 causis,
3094 588 3194 628 cur
3252 573 3308 627 itt
3343 572 3566 626 feminis

1992 679 2271 725 menstrua
2297 669 2523 724 sistatur
2552 668 2824 739 purgatio.
2862 670 2936 723 De
2967 666 3134 721 nimia
3170 680 3385 735 quoque
3420 680 3572 719 men-

1994 762 2137 816 sium
2202 762 2547 832 purgatione,
2575 769 2630 815 et
2661 759 2911 814 muliebri
2946 759 3092 813 ﬂuxu
3146 758 3345 827 partim
3379 757 3569 824 rubro,

1992 854 2191 922 partim
2227 852 2349 908 albo
2388 871 2402 907 :
2441 861 2551 907 tum
2585 853 2654 907 de
2692 851 2833 905 uteri
2866 849 3321 921 strangulatione,
3369 846 3437 902 de
3475 862 3568 901 se—

2000 941 2165 998 minis
2198 943 2383 1009 ﬂuxu;
2417 943 2707 999 admodum
2739 942 2876 997 bona
2904 942 2989 997 his
3022 950 3223 996 statuta
3258 940 3566 994 curatione.

1988 1034 2070 1089 Ad
2092 1033 2225 1089 alias
2252 1049 2467 1104 quoque
2498 1034 2754 1088 matricis
2788 1033 2968 1087 varias
3014 1033 3187 1103 pergit
3233 1029 3570 1093 aﬂectiones,

1990 1135 2121 1198 puta
2186 1135 2564 1196 apostemata,
2622 1135 2910 1187 tumorem,
2968 1123 3187 1188 molam,
3251 1122 3570 1192 hydropem,

1990 1223 2196 1285 ulcera,
2226 1227 2283 1273 et
2329 1218 2382 1272 id
2414 1232 2585 1287 genus
2625 1217 2774 1271 alia:
2814 1215 2901 1269 ubi
2950 1216 3016 1269 de
3049 1224 3207 1269 utero
3263 1214 3566 1278 obstructo,

1992 1327 2096 1366 non
2133 1313 2432 1382 perforato,
2462 1309 2691 1379 aliisque
2733 1309 3002 1364 similibus
3051 1307 3281 1370 locutus,
3347 1307 3570 1360 medici-

1991 1419 2091 1458 nas
2152 1418 2371 1473 quoque
2432 1403 2641 1471 adiicit.
2702 1402 2833 1458 Item
2883 1402 2950 1455 de
3001 1400 3251 1470 nympha:
3308 1400 3568 1461 sectione,

1991 1500 2185 1563 cauda,
2221 1500 2468 1553 varicosa
2506 1498 2721 1562 hernia,
2782 1493 3002 1567 thymis,
3036 1492 3409 1560 similibusque
3440 1491 3568 1561 agit,

1990 1602 2045 1645 et
2079 1591 2267 1645 eadem
2300 1590 2369 1645 iis
2404 1589 2657 1644 methodo
2687 1586 2920 1642 remedia
2958 1583 3281 1654 praescribit.
3346 1583 3439 1636 llis
3490 1582 3571 1634 fa-

1992 1684 2117 1746 ciei,
2177 1692 2610 1750 ceterarumque
2683 1677 2928 1748 corporis
2992 1678 3224 1745 partium
3275 1681 3571 1739 smegmata

302 1762 436 1829 περὶ
467 1762 794 1833 κερκώσεως
836 1768 1173 1838 κιρσοκήλης
1208 1786 1267 1822 τε
1297 1771 1392 1824 καὶ
1429 1770 1618 1842 θύμων
1652 1774 1744 1826 καὶ
1779 1776 1887 1827 τῶν

1997 1773 2179 1843 iungit,
2208 1782 2264 1828 et
2298 1771 2531 1826 militum
2584 1768 3027 1838 compositiones.
3089 1766 3270 1833 Atque
3325 1764 3413 1817 hic
3454 1763 3574 1814 nni-

300 1854 507 1923 ὁμοίων
532 1856 673 1909 κατὰ
694 1855 794 1926 τὴν
823 1856 944 1926 ἴσην
974 1857 1198 1927 μέθοδον
1225 1859 1322 1923 τὰς
1354 1862 1525 1925 ίάσεις
1551 1864 1883 1934 ἀναγράφει.

301 1941 397 2009 Οἷς
430 1947 739 2017 σμῆγματά
767 1966 825 2001 τε
863 1947 1040 2018 ὅψεως
1071 1953 1165 2004 καὶ
1191 1951 1284 2005 τοῦ
1318 1954 1478 2007 ἄλλου
1511 1954 1760 2024 σώματος
1788 1958 1885 2011 καὶ

1993 1879 2214 1917 versum
2283 1863 2507 1918 medicae
2545 1858 2822 1916 facultatis
2854 1872 2992 1928 opus
3026 1870 3186 1911 suum
3238 1853 3428 1908 Aetius
3474 1852 3569 1905 ab-

1989 1956 2171 2010 Slthil.

300 2039 668 2109 θυμιαμάτων
712 2042 1005 2106 σκευασίας
1034 2041 1165 2113 [577
1199 2042 1292 2117 3.]
1325 2048 1627 2111 συντάττει,
1660 2047 1720 2101 τὸ
1760 2048 1880 2101 ὅλον
1916 2047 2153 2102 ἐνταῦθα
2174 2047 2276 2118 τῆς
2308 2043 2741 2117 σπουδασθείσης
2807 2039 2957 2114 αύτῷ
3001 2040 3252 2113 ἰατρικῆς
3306 2057 3568 2115 πραγμα-

298 2132 455 2196 τείας
484 2135 975 2204 συμπερανάμενος
1008 2136 1234 2207 βιόλίον.

370 2227 489 2303 Καὶ.
515 2228 617 2281 ὅσα
648 2245 713 2296 γε
743 2229 842 2299 ἐμὲ
872 2230 1097 2295 ειδέναι,
1127 2233 1156 2285 ὁ
1187 2234 1549 2303 προκείμενος
1582 2234 1674 2290 τοῦ
1703 2237 1892 2307 ἀνδρὸς

2062 2235 2262 2305 ιεια
2310 2232 2411 2301 Qui
2458 2233 2678 2304 quidem
2729 2228 2891 2297 hujus
2951 2228 3053 2283 viri
3084 2229 3237 2284 labor
3280 2227 3569 2300 (quantum

300 2318 469 2380 πόνος
507 2319 625 2372 ,τῶν
684 2319 784 2389 μὲν
830 2320 1169 2392 Ὀρεισασίου
1217 2324 1511 2393 συνόψεων,
1548 2322 1625 2396 ἦν’
1657 2344 1719 2380 τε
1764 2329 1892 2398 πρὸς

1998 2339 2097 2394 ego
2114 2337 2445 2393 cognoscere
2474 2323 2648 2392 potui)
2672 2320 2919 2391 :Oribasii
2944 2334 3227 2392 syuopses,
3254 2319 3369 2374 sive
3408 2333 3568 2388 quam

298 2409 605 2464 Εὑστάθιον
655 2410 750 2463 καὶ
776 2411 845 2482 ἣν
876 2413 1012 2483 πρὸς
1042 2413 1313 2469 Εύνάπιον
1345 2415 1575 2488 ἔγραψε,
1619 2422 1733 2483 τοῖς
1762 2423 1892 2474 πᾶσι

2000 2416 2302 2480 Eustatbio,
2336 2415 2454 2469 sive
2484 2429 2650 2484 quam
2701 2413 2946 2481 Eunapio
2998 2407 3297 2480 inscripsit,
3334 2410 3387 2463 in
3448 2422 3568 2461 om-

299 2502 532 2568 κρατεῖ·
564 2501 919 2569 αἰτιολογίαις
947 2520 1009 2556 τε
1036 2505 1147 2573 γάρ
1173 2504 1398 2575 προέχει
1432 2507 1531 2560 καὶ
1573 2508 1892 2576 διαγνώσεσι

1998 2506 2157 2561 nibus
2176 2513 2414 2574 superat.
2451 2504 2633 2565 Neque
2662 2501 2806 2558 enim
2837 2502 3091 2558 eosolum
3119 2500 3396 2571 praecedit,
3427 2498 3569 2568 quod

298 2591 392 2643 καὶ
428 2587 777 2658 προγνώσεσι
805 2590 901 2643 καὶ
918 2594 1363 2664 προσδιορισμοῖς
1390 2596 1485 2650 καὶ
1506 2596 1584 2665 τῷ
1607 2598 1708 2666 τῆς
1739 2597 1892 2668 θερα-

2007 2611 2198 2653 causas
2226 2596 2437 2659 reddat,
2464 2596 2716 2666 quodque
2742 2592 3073 2656 dinotiones,
3108 2591 3480 2662 pernotiones,
3508 2605 3573 2645 ac

296 2682 465 2745 πείας
523 2682 733 2737 πλάτει.
764 2683 840 2739 Οὐ
875 2683 1080 2741 τούτων
1112 2686 1168 2740 δὲ
1192 2688 1352 2757 μόνον
1382 2689 1440 2740 ἐν
1474 2689 1714 2760 ὑπεροχῇ
1765 2690 1892 2759 ὁρᾶ-

2004 2686 2348 2741 delinitiones
2384 2685 2571 2740 atterat
2601 2701 2617 2741 :
2651 2699 2840 2740 verum
2872 2698 2939 2737 eo
2995 2683 3184 2749 etiam,
3224 2682 3368 2752 quod
3401 2696 3564 2736 cura-

295 2792 405 2837 ται,
481 2774 617 2828 ἀλλά
665 2777 760 2828 καὶ
796 2777 962 2846 ἥτις⁹
1008 2778 1157 2847 αὐτῷ
1213 2777 1321 2831 τῶν
1377 2778 1620 2850 Γαληνοῦ
1675 2780 1892 2851 βιὸλίων

2002 2781 2178 2834 tiones
2209 2777 2480 2848 copiosius
2530 2777 2727 2830 tradat.
2763 2774 2947 2845 Neque
2990 2789 3204 2829 rursum
3259 2773 3360 2827 bos
3412 2772 3575 2826 nmdo

298 2865 531 2935 σύνοψις
578 2866 966 2938 ἐφιλοπονήθη,
1030 2868 1125 2924 καὶ⁹
1176 2867 1383 2941 ταύτης
1417 2872 1710 2942 ἐπικρατεῖ
1730 2872 1807 2943 τῷ
1832 2889 1892 2928 τε

2003 2879 2266 2924 tractatus
2286 2868 2618 2938 conspicitur
2639 2881 2918 2937 superare,
2958 2866 3054 2921 sed
3082 2876 3137 2920 et
3175 2879 3510 2935 quaecunque
3541 2883 3571 2919 ο

295 2961 373 3023 είς
429 2959 698 3015 ἐλάττονα
747 2961 911 3029 ὄγκον
959 2961 1168 3033 ταύτην
1224 2964 1627 3028 συνεστάλθαι,
1681 2965 1776 3019 καὶ
1817 2964 1892 3036 τῷ

2002 2961 2210 3017 Caleno
2232 2960 2320 3015 ille
2344 2962 2399 3015 in
2428 2960 2697 3027 epitomen
2721 2967 2978 3013 accurate
3000 2956 3210 3029 redegit
3243 2979 3256 3012 :
3292 2966 3405 3011 tum
3431 2959 3571 3027 quod

298 3053 646 3123 σαφεστέραν
695 3024 963 3124 παρέχειν
1022 3024 1133 3124 τὴν,
1167 3054 1542 3121 διδασκαλίαν,
1599 3024 1695 3111 καὶ
1725 3057 1769 3090 ¹⁰
1813 3024 1892 3128 τά)

2000 3053 2206 3123 majore
2257 3066 2381 3108 cum
2416 3050 2811 3122 perspicuitate
2865 3024 3019 3105 suam
3082 3024 3385 3105 doctrinam
3442 3024 3572 3119 pro-

296 3146 424 3215 περὶ
479 3143 745 3197 πλειόνων
792 3144 981 3198 παθῶν
1038 3145 1428 3217 διαλαμϐάνειν
1460 3146 1666 3218 ταύτην
1692 3146 1893 3219 μᾶλλον

297 3234 331 3306 ἢ
362 3236 607 3307 ἐκείνην.
673 3236 786 3305 Τῆς
814 3236 873 3290 δέ
895 3237 973 3304 τῷ
1003 3237 1157 3308 αύτῷ
1216 3239 1375 3311 άνδρὶ
1407 3239 1486 3303 είς
1517 3240 1894 3312 ἐϐδομήκοντα

301 3324 486 3393 βιὸλία
547 3326 986 3397 συντεταγμένης
1013 3327 1112 3398 τὴν
1134 3326 1301 3397 ἄλλην
1342 3329 1580 3399 ἅμιλλαν
1608 3331 1710 3383 οὐκ
1732 3331 1894 3386 εύλα-

299 3414 568 3486 6ουμένη,
593 3417 725 3479 ἴσως
752 3416 820 3471 ἂν
852 3417 1184 3490 ἐλαττωθείη
1207 3416 1290 3484 οἷς
1317 3437 1377 3474 τε
1401 3421 1472 3474 τὰ
1494 3423 1593 3492 τῆς
1634 3422 1894 3492 ἀνατομι-

298 3508 400 3577 κῆς
465 3508 827 3578 ἐγχειρίσεως
853 3509 927 3581 μὴ
961 3511 1434 3584 παραδραμούσης
1485 3513 1703 3585 ἐκείνης
1754 3515 1894 3586 αὕτη

298 3599 649 3670 παρατρέχει
680 3638 696 3661 ,
759 3600 853 3654 καὶ
911 3599 1013 3672 τὴν
1062 3601 1299 3674 θεωρίαν
1360 3604 1461 3675 τῆς
1516 3604 1626 3658 τῶν
1687 3604 1895 3677 μορίων

298 3689 512 3760 χρείας,
570 3690 860 3761 φιλοσόφου
913 3692 1113 3763 μᾶλλον
1159 3693 1327 3748 οὖσαν
1380 3695 1678 3767 σπουδῆςῆ
1728 3696 1894 3767 θερα-

299 3782 458 3844 πείας
485 3780 672 3851 ἔργον,
693 3783 959 3849 ὡσαύτως
988 3785 1258 3856 παρῆλθε.
1288 3788 1416 3851 Τοῖς
1452 3788 1635 3852 αὐτοῖς
1669 3788 1727 3842 δέ
1763 3789 1892 3842 τού-

297 3889 409 3936 τοις
437 3874 541 3926 xui.
563 3874 663 3943 τῆς
685 3878 1095 3950 προειρημένης
1126 3878 1236 3933 τῶν
1262 3880 1570 3952 Γαληνείων
1624 3881 1899 3952 συνόψεως

297 3963 393 4017 τοῦ
450 3968 681 4035 κρατεῖν
740 3967 807 4020 ἂν
884 3968 1325 4041 ὑπαναχωροῦσα
1381 3970 1489 4041 είη.
1559 3970 1722 4025 Ἀλλὰ
1789 3972 1898 4044 γὰρ

296 4055 473 4125 ἔγωγε
510 4056 680 4127 φαίην
712 4057 779 4112 ἂν
804 4059 880 4123 ὡς
919 4061 1063 4115 κατά
1089 4061 1189 4131 τὴν
1228 4061 1512 4134 παροῦσαν
1538 4064 1648 4117 τῶν
1680 4064 1895 4139 ἀνθρώ-

299 4166 419 4202 πων
482 4149 762 4220 ῥᾳθυμίαν
802 4153 898 4205 καὶ
946 4152 1044 4225 τὴν
1074 4157 1203 4225 περὶ
1231 4155 1300 4207 τά
1333 4156 1468 4211 ἄλλα
1497 4156 1698 4222 μᾶλλον
1722 4156 1899 4229 ὁρμὴν

297 4242 330 4311 ἢ
365 4243 501 4311 περὶ
534 4234 609 4295 ὧν
644 4246 676 4313 ἡ
705 4244 966 4315 θεραπεία
1014 4246 1384 4319 κατορθωθείη
1452 4251 1567 4312 τοῖς
1604 4250 1895 4319 κάμνουσι,

297 4332 511 4401 ταύτην
549 4335 612 4385 ἐκ
624 4334 854 4406 μελετᾷν
885 4339 985 4405 τὴν
1012 4338 1330 4408 συναγωγὴν
1353 4339 1463 4393 τῶν
1490 4339 1666 4394 ἄλλων
1694 4339 1898 4411 μᾶλλον

299 4424 746 4495 σπουδασμάτων
790 4426 919 4498 χρὴ,
975 4420 1212 4499 μάλιστά
1236 4447 1297 4499 γε
1335 4431 1480 4495 ὅσοις
1538 4430 1615 4503 μὴ
1678 4432 1816 4502 πρὸς
1838 4431 1901 4485 τὸ

300 4514 469 4584 βάθος
534 4515 637 4585 τῆς
693 4518 945 4590 ἰατρικῆς
979 4521 1215 4593 θεωρίας
1258 4521 1449 4577 ἐλάσαι
1487 4522 1582 4576 καὶ
1625 4522 1724 4594 τὴν
1755 4524 1899 4576 κατά

297 4607 661 4676 φυσιολογίαν
719 4612 913 4679 σοφίαν
938 4628 995 4665 τε
1030 4613 1125 4666 καὶ
1173 4612 1434 4683 ἀλήθειαν
1498 4613 1702 4676 σκοπός
1749 4614 1896 4666 ἐστιν

298 4698 581 4766 ἀνευρεῖν,
622 4698 763 4769 πρὸς
798 4702 967 4770 μόνην
1001 4701 1057 4754 δέ
1085 4701 1182 4773 τὴν
1208 4702 1316 4755 τῶν
1339 4702 1464 4774 [298
1492 4701 1587 4773 IL]
1622 4701 1897 4772 σωμάτων

299 4787 611 4857 θεραπείαν
641 4790 675 4858 ή
704 4790 963 4860 πρόθεσις
1026 4793 1225 4863 ἀφορᾷ,
1280 4792 1376 4847 καὶ
1442 4793 1606 4864 μηδὲν
1634 4792 1742 4846 τῶν
1769 4793 1898 4865 περὶ

301 4878 479 4961 αύτὴν
506 4878 603 4932 ἐπὶ
641 4878 744 4948 τῆς
768 4881 957 4951 χρείας
986 4882 1254 4952 ὑστερεῖν.
1283 4884 1409 4946 Τοῖς
1440 4884 1548 4955 γὰρ
1587 4883 1686 4947 τὰς
1726 4884 1898 4946 ίάσεις

302 4969 480 5021 νόσων
536 4971 831 5037 ἀπελάσεις
905 4973 1183 5044 ἑλομένοις
1234 4975 1552 5045 ἐμφανίζειν
1601 4975 1671 5029 δι’
1714 4978 1894 5047 ἐργων

298 5061 467 5114 τούτο
490 5063 556 5114 τδ
591 5062 798 5132 βιϐλίον
844 5064 1123 5135 ἐπιμελῶς
1151 5066 1626 5137 μεταχειρίζεσθαι
1669 5067 1769 5133 δεῖ,
1802 5068 1897 5121 καὶ

298 5153 400 5221 τὴν
424 5153 625 5226 σχολὴν
660 5158 739 5221 εἰς
763 5156 899 5210 αὐτὸ
932 5158 1337 5229 συντεταμένην
1361 5160 1400 5191 ¹¹
1454 5159 1619 5228 ἐχειν,
1658 5160 1753 5213 καὶ
1778 5160 1805 5213 ὃ
1831 5176 1895 5229 γε

1997 3154 2176 3215 ponat,
2210 3154 2324 3199 tum
2358 3144 2520 3200 etiam
2537 3145 2679 3213 quod
2701 3143 2769 3198 de
2798 3142 3042 3213 pluribus
3093 3151 3215 3212 agat
3248 3142 3474 3196 morbis.
3504 3143 3570 3197 At

1999 3252 2123 3291 cum
2158 3234 2396 3291 Oribasii
2448 3236 2792 3301 collectione,
2845 3251 2965 3306 quae
3013 3235 3356 3305 septuaginta
3403 3234 3573 3288 libros

1996 3329 2393 3399 complectitur,
2427 3329 2771 3384 committere
2807 3343 2867 3383 se
2895 3342 3058 3382 ausus
3114 3327 3255 3382 Aetii
3290 3326 3462 3394 labor,
3495 3327 3574 3380 in-

1997 3420 2170 3476 ferior
2222 3419 2457 3476 fortasse
2482 3418 2797 3488 iudicetur:
2835 3429 2949 3474 tum
2982 3418 3125 3488 quod
3181 3419 3570 3474 tractationem

1998 3513 2067 3568 de
2101 3512 2376 3567 anatomia
2412 3521 2723 3581 prati-real,
2748 3525 2914 3582 quam
2948 3510 3035 3564 illa
3072 3510 3367 3581 explicavit
3395 3526 3411 3565 :
3452 3518 3570 3564 tmn

1997 3607 2140 3676 quod
2163 3605 2655 3661 considerationem
2685 3605 2753 3659 tle
2797 3619 2894 3658 usu
2928 3604 3184 3674 partium.
3238 3620 3359 3675 quae
3390 3604 3566 3674 philo-

1996 3697 2152 3766 sophi
2176 3697 2356 3767 potius
2382 3705 2526 3762 erat,
2550 3711 2712 3767 quam
2748 3696 2937 3752 medici
2955 3696 3200 3751 curantis
3227 3712 3381 3767 optts,
3415 3696 3569 3751 sinti—

2000 3788 2125 3843 liter
2156 3789 2244 3843 hic
2292 3788 2665 3856 praetermisit.
2708 3786 2848 3854 Quin
2880 3797 2935 3842 et
2961 3789 3177 3842 easdem
3229 3788 3457 3842 forsitan
3493 3787 3567 3843 ob

1997 3894 2193 3936 causas
2253 3878 2501 3934 nonnihil
2550 3878 2731 3944 cedat,
2778 3888 2839 3933 ut
2888 3880 3066 3933 minus
3122 3878 3266 3934 illam
3298 3894 3329 3933 e
3381 3878 3567 3935 Gnletti

1998 3972 2218 4042 scriptis
2244 3970 2530 4027 collectam
2552 3970 2845 4039 epitomatn
2876 3970 3085 4026 vincat.
3120 3970 3315 4027 Verum
3338 3972 3568 4025 dixerim

1999 4063 2248 4130 equidem
2305 4060 2705 4131 (animadversa
2762 4074 2883 4127 qute
2936 4074 3082 4115 nunc
3151 4071 3237 4116 est
3293 4062 3568 4116 hominum

2003 4152 2355 4222 negligentia,
2386 4160 2441 4206 et
2471 4151 2827 4206 inclinatione
2876 4155 3089 4223 majore
3121 4152 3173 4205 in
3219 4152 3322 4205 alia
3359 4153 3563 4215 omnia,

2003 4258 2165 4312 quam
2197 4245 2247 4297 in
2273 4259 2357 4310 ea,
2392 4242 2593 4313 quibus
2641 4258 2913 4310 atgrorum
2960 4244 3172 4298 curatio
3226 4244 3563 4313 perﬁciatur)

2004 4336 2144 4391 hanc
2171 4336 2546 4391 collectionem
2582 4351 2694 4405 prae
2721 4335 2842 4389 aliis
2864 4337 3084 4404 scriptis
3115 4337 3169 4389 in
3204 4350 3359 4391 usum
3392 4335 3564 4389 dedu-

2006 4429 2208 4483 cenda:
2236 4429 2302 4483 iis
2336 4430 2667 4498 prtesertim,
2711 4428 2908 4496 quibus
2969 4428 3359 4482 abstrusiorem
3397 4426 3570 4480 medi-

2004 4524 2183 4579 cinam
2201 4524 2456 4591 scrutari,
2476 4534 2569 4577 aut
2585 4521 2933 4593 physiologia?
2950 4520 3193 4575 subsidio
3210 4519 3568 4587 cognitionem

2004 4624 2058 4669 et
2094 4616 2380 4670 veritatem
2411 4614 2692 4683 consequi,
2721 4611 3057 4683 propositum
3097 4625 3200 4664 non
3235 4620 3339 4675 est,
3373 4609 3469 4663 sed
3504 4609 3569 4661 ad

2002 4707 2171 4763 solam
2224 4721 2515 4775 corporum
2574 4705 2908 4760 medicinam
2961 4712 3268 4772 respectum
3345 4701 3569 4765 habere,

2005 4798 2258 4866 nulloque
2289 4796 2431 4867 quod
2457 4797 2523 4851 ad
2557 4797 2674 4867 ejus
2707 4812 2861 4849 usum
2900 4795 3168 4864 pertineat
3197 4794 3438 4849 destitui.
3469 4793 3571 4859 Qui

2004 4892 2147 4945 enim
2165 4892 2338 4959 reipsa
2353 4890 2730 4944 demonstrare
2748 4891 2933 4942 volent
2956 4885 3331 4941 curationibus
3357 4886 3573 4940 morbos

2003 4982 2217 5051 depelli,
2249 4997 2343 5035 eos
2361 4982 2504 5035 hunc
2533 4980 2733 5036 librum
2757 4979 3007 5032 manibus
3038 4977 3329 5049 diligenter
3374 4988 3570 5041 terere,

2002 5074 2284 5141 eidemque
2327 5088 2547 5142 cperam
2588 5089 2651 5127 ac
2707 5069 2951 5125 studium
3014 5082 3218 5122 navare
3277 5068 3568 5135 oportebit.

2008 5166 2105 5220 Cui
2143 5165 2501 5219 admonitioni
2536 5164 2782 5234 quisquis
2824 5159 3057 5229 parebit,
3096 5176 3177 5213 na:
3202 5159 3290 5215 ille
3314 5173 3437 5212 mox
3475 5170 3573 5212 ex-

305 5245 554 5311 μεισοεὶς
588 5248 653 5317 τῇ
687 5248 1002 5320 παραινέσει
1034 5251 1092 5303 ἐν
1125 5250 1264 5321 αὐτῇ
1305 5253 1371 5322 τῇ
1405 5251 1570 5323 πείρᾳ
1609 5250 1670 5305 τὸ
1711 5252 1892 5324 κέρδος

2008 5257 2273 5324 periundo
2310 5253 2511 5309 laboris
2542 5254 2625 5307 sui
2665 5252 2897 5306 fructum
2932 5249 3154 5305 referet.

301 5335 562 5406 εὑρήσει.

1609 5517 1843 5573 VARle
1885 5516 2174 5574 LECTION
2184 5517 2288 5574 ES.

375 5625 397 5652 °
429 5624 686 5705 za‘l'ﬁ‘jvi
712 5626 813 5685 κάν
833 5630 932 5703 τὴν
960 5632 1025 5687 Α.
1103 5632 1122 5666 ⁷
1153 5630 1187 5686 ἃ
1217 5632 1259 5687 Α
1290 5626 1386 5688 ςιῖι
1422 5649 1480 5698 ς’.
1558 5632 1579 5665 ³
1612 5630 1873 5697 διατεθεὶς
1904 5649 1966 5697 ς.
2040 5634 2060 5665 ⁹
2113 5629 2256 5705 ἣτις]
2289 5632 2420 5697 εἴτις

303 5694 654 5767 τεταγμένην
674 5694 741 5762 “ς.

2474 5648 2616 5690 corr.
2650 5634 2718 5690 Α.
2797 5629 2841 5664 ⁸³
2874 5631 2991 5706 καὶ]
3020 5632 3140 5692 libri
3172 5633 3291 5688 κάν.
3370 5631 3411 5665 υ
3449 5649 3572 5687 1w-
