4030 6248
499 286 602 346 735

1178 393 1386 452 CXXII.

725 485 870 540 Jobii
901 486 1146 540 monac/tt
1180 486 1563 543 Commentarii
1597 489 1723 544 libri
1749 507 1826 546 Ix.

571 575 788 630 Lectum
821 575 963 629 Jobii
999 578 1249 630 monachi
1300 593 1440 646 Opus
1475 578 1631 634 libris
1659 596 1876 648 novem,
1912 583 2064 652 capi-

503 667 644 720 tibus
662 681 788 719 vero
817 667 1052 734 quinque
1086 666 1301 733 quidem
1340 668 1447 722 illis
1488 683 1648 738 supra
1681 670 2063 741 quadraginta,

499 756 594 809 sed
624 756 823 824 quibus
849 756 950 808 alia
970 757 1228 812 nonnulla
1259 759 1657 828 iuterjiciantur
1686 780 1701 827 ;
1727 763 1841 831 ipse
1870 772 2065 820 auctor

501 847 713 900 titulum
753 849 891 902 libro
917 849 1108 904 dedit:
1150 851 1225 904 De
1269 849 1434 904 Verbo
1479 853 1762 906 incuruata
1801 870 2065 910 commen-

497 939 691 992 larius.
725 939 1016 1008 Propterea
1076 942 1357 1008 nimirmu,
1390 943 1534 1010 quod
1595 944 1677 1016 (ut
1706 944 1807 1017 ait)
1864 946 2067 1002 multas

501 1031 589 1085 hic
617 1032 682 1086 de
727 1029 864 1085 Filio
899 1034 990 1086 Del
1022 1033 1240 1088 homine
1273 1036 1604 1103 quaestiones
1655 1047 1974 1105 pertractet.
2008 1038 2066 1092 In

502 1124 802 1176 tractamlis
836 1123 1000 1193 igitur
1062 1128 1454 1181 controversiis
1504 1129 1572 1197 (si
1629 1132 1934 1198 generatim
1979 1132 2063 1186 lo-

500 1217 708 1282 quaris)
744 1232 850 1270 non
907 1219 1251 1284 paenitendus
1303 1220 1518 1287 quidem
1566 1221 1653 1274 ille
1720 1233 1821 1288 est,
1854 1232 1948 1276 aut
1979 1239 2067 1279 re-

501 1305 736 1359 missus:
799 1316 850 1360 at
899 1322 1004 1366 non
1061 1308 1132 1359 ita
1185 1308 1350 1361 etiam
1411 1319 1557 1363 recte
1599 1311 1651 1364 in
1704 1313 2070 1368 solutionibus

502 1397 768 1463 procedit.
794 1396 926 1450 Nam
962 1406 1020 1451 ut
1049 1399 1284 1453 maxime
1341 1399 1664 1454 solutionem
1696 1401 1750 1455 in
1794 1404 2070 1473 plerisque

502 1486 770 1557 vestiget:
820 1487 872 1541 in
918 1489 1241 1557 quibusdam
1299 1491 1515 1544 interim
1565 1494 1678 1548 sola
1717 1495 1816 1561 illi,
1875 1496 2068 1566 1816

502 1593 621 1645 qua:
656 1589 901 1646 apparet,
941 1583 1150 1649 species
1202 1581 1493 1647 satisfacit,
1527 1595 1586 1637 ut
1619 1585 1751 1638 nihil
1781 1585 1945 1641 altius
2003 1586 2069 1641 ad

502 1670 792 1722 certiorem
829 1671 1109 1725 veritatem
1147 1682 1394 1741 penetret
1420 1691 1435 1727 :
1464 1675 1592 1742 quin
1621 1687 1675 1729 et
1695 1676 1798 1732 hoc
1819 1675 2072 1732 fortassis

1690 287 1958 348 PHOTII
1997 285 2508 347 PATRIARCHIE
2544 284 2656 345 (ΞΡ.

2103 419 2153 473 Α
2840 393 3010 450 me.

3635 273 3742 334 736

2540 491 2767 545 Ἰωϐιου
2803 484 3073 556 μαντικοῦ
3095 485 3266 554 λόγοι
3292 485 3364 539 θ’.

2252 581 2591 652 ’Δνεγνώσθη
2641 581 2844 652 βιϐλίον
2913 578 3116 632 Ἰωϐίου
3169 572 3404 649 μοναχοῦ
3456 572 3517 626 ὲν
3566 571 3742 641 λόγοις

2174 676 2273 747 μὲν
2306 674 2372 741 θ’,
2425 673 2741 743 κεφαλαίοις
2798 671 2857 724 δὲ
2914 677 2965 741 μ’
2989 670 3083 722 καὶ
3107 673 3170 732 ε’,
3222 661 3303 730 οἷς
3355 662 3744 718 συνυποϐἀλλει

2148 771 2264 824 ’καί
2296 786 2422 822 τινα
2453 768 2636 837 ἕτερα.
2664 765 2776 836 Τὴν
2805 765 2864 818 δὲ
2893 763 2986 817 τοῦ
3013 760 3217 832 βιϐλίου
3243 755 3556 828 ἐπιγραφὴν
3576 758 3744 809 Οίκος

2169 859 2429 930 νομικὴν
2453 857 2766 929 ἐπέγραψεν
2785 857 2815 908 ό
2844 852 3110 919 συντάξας
3132 848 3563 919 Πρατματείαν,
3589 845 3744 910 διότι,

2173 953 2359 1023 φησὶν,
2401 955 2459 1005 ὲν
2497 949 2646 1019 αύτῷ
2709 946 2882 1001 πολλά
2930 943 3040 998 τῶν
3099 943 3228 1014 περὶ
3278 940 3379 1010 τῆς
3437 937 3747 1007 οἰκονομίας

2174 1046 2487 1116 περιέχεται
2547 1041 2906 1114 ζητημάτων.
2953 1039 3044 1092 Ἐν
3083 1036 3182 1103 μὲν
3219 1032 3313 1088 οὖν
3338 1033 3459 1096 ταῖς
3493 1030 3749 1100 ἀπορίαις

2173 1139 2404 1192 καθόλου
2441 1137 2608 1204 φάναι
2633 1139 2662 1189 ό
2687 1132 3040 1204 συγγραφεὺς
3064 1129 3166 1182 ούκ
3191 1127 3422 1195 ἀγεννής
3451 1125 3604 1177 ἐστιν
3623 1120 3751 1177 οὔτε

2174 1232 2361 1293 ἄτονος
2387 1247 2402 1262 ·
2431 1229 2529 1299 ούχ
2560 1226 2761 1298 ὁμοίως
2791 1226 2850 1279 δὲ
2902 1223 2994 1277 διὰ
3053 1220 3162 1275 τῶν
3211 1217 3421 1270 λύσεων
3480 1213 3748 1284 πρόεισιν,

2175 1320 2288 1375 ἀλλ’
2320 1321 2378 1372 ἐν
2404 1319 2618 1380 πολλοῖς
2653 1315 2752 1386 μὲν
2777 1311 3078 1385 ίχνηλατῶν
3102 1308 3361 1380 τυγχάνει
3397 1305 3495 1375 τῆς
3520 1303 3751 1368 λύσεως,

2175 1413 2288 1465 ἔστι
2306 1411 2350 1464 δ’
2385 1409 2469 1478 ἐφ’
2500 1402 2575 1462 ὧν
2615 1409 2727 1471 τοῖς
2757 1403 3102 1474 φαινομένοις
3131 1401 3402 1471 ἀρκεῖται,
3438 1393 3752 1464 περαιτέρω

2180 1504 2344 1574 μηδὲν
2381 1501 2516 1572 πρὸς
2541 1500 2641 1570 τὴν
2659 1499 2759 1567 τῆς
2779 1494 3036 1565 ἀληθείας
3076 1488 3404 1562 ὲμϐαθύνων
3436 1484 3748 1556 ἀκρίϐειαν.

2177 1597 2330 1663 Τάχα
2365 1593 2410 1646 δ’
2438 1593 2504 1648 ἀν
2551 1607 2636 1654 τις
2685 1589 2874 1658 ἕτερος
2917 1586 3062 1638 εἴποι
3123 1583 3219 1636 καὶ
3271 1579 3366 1634 τοῦ
3429 1577 3758 1648 φαινομένου

2178 1686 2438 1748 πολλάκις
2468 1684 2568 1754 τὴν
2616 1679 2780 1736 αὑτοῦ
2819 1676 3056 1746 σπουδὴν
3078 1671 3459 1741 καθυφίεσθαι.
3482 1669 3595 1737 Τῆς
3624 1668 3755 1736 μέν-

505 1759 649 1813 alius
702 1762 973 1830 quispiam
1035 1763 1257 1828 dixerit,
1294 1765 1393 1833 ipsi
1443 1767 1607 1819 etiam
1653 1782 1775 1823 sese
1822 1766 2069 1823 offerenti

2172 1797 2251 1833 τοι
2273 1795 2337 1847 γε
2379 1775 2682 1838 εὐσεϐείας,
2733 1773 2834 1826 ὅσα
2862 1787 2927 1839 γε
2965 1769 3065 1839 ἐμὲ
3091 1766 3314 1828 εἰδέναι,
3341 1762 3397 1815 εν
3423 1779 3482 1814 τε
3510 1761 3589 1826 τῷ
3613 1776 3753 1830 παρ-

505 1852 704 1917 speciei
735 1862 987 1908 conatum
1004 1854 1121 1922 ejus
1143 1859 1360 1912 cedere.
1395 1858 1505 1913 Etsi
1538 1874 1658 1913 cum
1689 1859 1741 1912 in
1761 1860 1861 1914 hoc
1882 1875 2070 1929 Opere,

508 1953 619 1996 tum
658 1945 710 1998 in
756 1960 822 1998 eo
850 1947 994 2015 quod
1023 1957 1215 2002 contra
1249 1947 1512 2004 Severum
1541 1951 1784 2020 scripsit,
1817 1963 1875 2007 et
1911 1963 2074 2008 rectae

507 2036 786 2104 religionis
816 2049 901 2091 est
949 2038 1113 2108 (quod
1143 2043 1358 2109 quidem
1393 2044 1824 2114 observaverim)
1857 2059 2071 2111 amans,

507 2126 774 2195 landeque
801 2130 1014 2198 dignus,
1061 2140 1115 2184 et
1148 2133 1445 2198 diligentiae
1491 2151 1600 2189 non
1657 2137 2074 2190 contemnendae

505 2227 671 2286 atque
708 2219 760 2273 in
787 2236 1068 2275 sacrarum
1096 2233 1356 2292 prmterea
1380 2222 1783 2292 Scripturarum
1803 2240 2078 2280 commen-

511 2311 715 2366 tatione
774 2313 1060 2383 insigniter
1103 2317 1458 2371 exercitatus.
1523 2315 1684 2372 Jussu
1743 2327 1927 2371 autem
1973 2317 2078 2370 viri

505 2402 783 2470 cujusdam
845 2406 1046 2461 virtute
1089 2407 1257 2473 gelari
1326 2409 1394 2462 ad
1447 2409 1595 2464 hunc
1668 2424 1790 2464 sese
1839 2409 2080 2466 laborem

505 2509 822 2564 aggressum
853 2496 1040 2553 refert.

2174 1871 2288 1925 όντι
2346 1868 2488 1936 λόγῳ
2528 1867 2622 1920 καὶ
2686 1865 2743 1919 ὲν
2785 1865 2851 1934 τῇ
2911 1859 3054 1915 κατὰ
3104 1857 3344 1927 Σεϐήρου
3402 1852 3756 1925 πραγματείᾳ

2173 1960 2408 2030 ἐραστής
2437 1957 2497 2009 τέ
2521 1960 2669 2009 ἐστιν
2698 1954 3034 2018 ἀξιέπαινος,
3103 1949 3198 2002 καὶ
3227 1945 3288 2000 τὸ
3316 1945 3603 2014 φιλόπονον
3653 1941 3757 1996 οὐκ

2173 2051 2453 2120 ἀδόκιμος,
2498 2046 2594 2101 καὶ
2622 2048 2720 2116 τῆς
2767 2043 2872 2097 τῶν
2905 2041 3064 2114 ἱερῶν
3097 2036 3331 2110 Γραφῶν
3388 2035 3620 2106 μελέτης
3654 2032 3757 2123 οὐκ

2171 2147 2417 2212 ἄπειρος.
2473 2140 2561 2206 Ἐξ
2617 2137 2989 2205 ἐπιτάγματος
3047 2133 3144 2204 μὲν
3191 2127 3284 2186 οὖν
3325 2127 3471 2190 τινὸς
3515 2125 3624 2179 τῶν
3667 2124 3740 2176 ὲπ

2171 2237 2342 2306 ἀρετῇ
2399 2231 2690 2304 γνωρίμων
2757 2229 2848 2282 τὸν
2895 2225 3254 2298 προκείμενον
3299 2217 3552 2275 ὑπελθεῖν
3593 2215 3756 2268 πόνον

2173 2329 2462 2398 διηγεῖται.

947 2630 1064 2685 Lib.
1106 2647 1123 2686 ι
1154 2643 1209 2686 et
1229 2649 1290 2687 ιι.
1322 2663 1396 2677 --
1427 2633 1537 2690 Cur
1555 2633 1656 2689 Dei
1693 2632 1868 2690 Filius
1904 2677 1919 2702 ,
1946 2651 2047 2690 non
2083 2632 2263 2699 Pater,
2290 2643 2380 2687 aut
2413 2631 2640 2702 Spiritus
2665 2636 2877 2682 sanctus
2904 2625 3076 2695 factus
3111 2622 3306 2677 homo?

575 2747 628 2801 1.
656 2744 890 2798 Primam
943 2746 1126 2814 itaque
1173 2747 1435 2800 librorum
1461 2764 1683 2802 suorum
1713 2749 2069 2818 quaestionem

507 2838 760 2907 proponit
787 2855 799 2890 ε
837 2835 946 2890 Cur
969 2835 1065 2890 Dei
1093 2836 1271 2892 Filius
1302 2850 1349 2893 et
1391 2857 1494 2892 non
1527 2838 1710 2905 Pater,
1741 2858 1901 2912 neque
1953 2841 2073 2909 Spi-

505 2931 637 2983 ritus
669 2939 882 2983 sanctus
911 2929 1196 2982 humanam
1223 2931 1449 2998 formam
1473 2931 1745 2985 induerit?
1779 2934 1930 3003 cujus
1951 2947 2072 2987 esse

502 3022 820 3091 qumslionis
891 3021 1214 3077 solutionem
1265 3023 1408 3076 hanc
1467 3024 1781 3079 arbitratur.
1843 3024 2071 3092 Quando

503 3111 674 3165 Filius
698 3110 931 3166 Verbum
959 3121 1040 3167 est
1066 3123 1119 3167 et
1171 3112 1333 3166 homo
1381 3111 1564 3167 Verbo
1613 3126 1777 3183 atque
1833 3115 2071 3184 imagine

2248 2745 2481 2818 Πρώτην
2522 2744 2580 2798 δὲ
2613 2743 2825 2811 τίθησιν
2872 2738 3037 2795 αὑτοῦ
3092 2738 3201 2791 τῶν
3221 2739 3394 2805 λόγων
3432 2738 3475 2769 ¹¹
3502 2738 3757 2806 ἀπορίαν,

2175 2838 2279 2891 Διά
2336 2838 2392 2890 τί
2424 2839 2455 2891 ό
2486 2835 2618 2900 Υἱὸς
2659 2833 2787 2906 [580
2809 2830 2902 2903 R.]
2944 2829 3138 2898 καὶμὴ
3187 2833 3222 2884 ὁ
3257 2829 3460 2896 Πατὴρ
3490 2829 3643 2898 μηδὲ
3695 2829 3758 2883 τὸ

2177 2928 2349 2998 ἅγιον
2379 2927 2617 2996 Πνεῦμα
2648 2925 2761 2992 τὴν
2787 2923 3080 2993 ἡμετέραν
3127 2921 3366 2990 μορφὴν
3397 2920 3610 2975 ὑπέδυ.
3649 2921 3760 2973 Καὶ

2176 3021 2365 3074 τούτου
2405 3019 2500 3072 τοῦ
2560 3018 2916 3086 ἀπορήματος
2971 3014 3123 3076 λύσις
3168 3011 3315 3082 αὐτῷ
3339 3011 3640 3081 νομίζεται,
3680 3012 3758 3063 ὅτι

2177 3113 2362 3180 ἐπειδὴ
2386 3110 2554 3176 Λόγος
2587 3112 2614 3163 6
2638 3107 2784 3175 Υἱὸς,
2811 3108 2839 3159 6
2876 3107 2932 3158 δὲ
2963 3105 3248 3176 ἄνθρωπος
3270 3103 3430 3172 Λόγῳ
3457 3106 3549 3155 καὶ
3591 3102 3762 3155 εἰκόνι

503 3202 596 3258 Dei
625 3204 752 3258 olim
777 3204 1180 3270 cohonestatus,
1216 3205 1365 3259 hisce
1395 3216 1579 3276 postea
1613 3207 1818 3263 excidit
1849 3225 1864 3262 :
1909 3207 2068 3262 Com-

2172 3202 2303 3256 Θεού
2335 3203 2582 3273 τιμηθεὶς
2601 3198 2802 3254 τούτων
2830 3217 2889 3251 τε
2916 3199 3262 3252 δια-πέπτωκε
3317 3194 3414 3248 καὶ
3460 3210 3764 3261 παρεσυν-

500 3306 820 3363 paratusque
882 3296 1242 3365 estjumentia
1319 3297 1708 3365 insipientibus,
1771 3310 1820 3355 et
1879 3303 2071 3356 similis

502 3388 674 3453 [actus
691 3397 766 3440 est
789 3387 914 3452 ipsis
927 3387 1003 3453 1“’;
1036 3397 1321 3457 propterea
1347 3389 1598 3443 nimirum
1625 3390 1956 3468 Verbum‘ad
1980 3409 2074 3449 eos

501 3477 590 3546 qui
617 3478 670 3531 in
692 3478 1222 3532 irrationabilitatem
1243 3479 1376 3549 lapsi
1399 3492 1555 3534 erant
1572 3484 1826 3548 accessit,
1854 3487 2069 3540 ruinam

499 3580 740 3623 nostram
797 3585 1082 3640 reparans,
1119 3587 1183 3625 ac
1212 3587 1309 3625 nos
1335 3572 1386 3625 in
1417 3574 1698 3642 pristinam
1754 3576 2071 3646 dignitatem

500 3659 834 3727 postliminio
867 3676 1129 3717 revocans
1161 3679 1174 3714 :
1252 3661 1479 3718 Verbum
1523 3667 1683 3730 enim,
1717 3669 1912 3739 inquit,
1945 3688 2070 3726 caro

502 3751 697 3818 factum
724 3764 796 3806 est
830 3754 907 3821 (id
946 3763 1052 3819 est,
1106 3765 1358 3810 naturam
1405 3769 1653 3814 nostram
1687 3761 1740 3814 in
1780 3763 2072 3818 irrationa-

501 3841 762 3895 bilitatem
797 3844 1125 3912 prolapsam,
1158 3858 1213 3901 et
1243 3849 1373 3902 nihil
1406 3848 1516 3917 jam
1562 3852 1938 3919 intelligentia:
1971 3855 2070 3909 ha-

502 3933 740 3998 bentem,
775 3934 870 3987 sed
907 3944 1073 3989 totam
1106 3937 1171 3990 ad
1215 3953 1300 3997 ea.
1334 3954 1454 4006 qua:
1489 3941 1673 3995 carnis
1708 3953 1857 4009 sunt,
1909 3945 2070 3999 incli-

502 4033 705 4086 natam,
741 4026 1056 4097 assumpsit)
1091 4038 1141 4081 et
1188 4030 1443 4084 habitavit
1472 4033 1526 4085 in
1553 4035 1701 4089 nobis
1717 4037 1783 4089 9“.
1841 4037 1896 4090 2.
1934 4036 2068 4093 Nam

506 4115 647 4167 hanc
683 4115 850 4168 etiam
879 4118 948 4171 ob
980 4132 1228 4183 causam,
1266 4120 1366 4184 ait,
1403 4123 1675 4191 virgineos
1703 4140 1891 4180 recens
1920 4127 2070 4183 sinus

501 4217 779 4272 egressum
817 4205 1052 4262 Verbum
1096 4213 1313 4280 excepit
1369 4216 1715 4283 praesepium,
1780 4219 2068 4272 brutorum

503 4310 708 4361 mensa,
762 4299 930 4376 bobus
971 4309 1133 4370 atque
1197 4304 1366 4358 asinis
1419 4305 1739 4358 alimentum
1796 4309 2064 4376 praebens.

499 4387 680 4441 Bobus
709 4389 950 4456 quidem,
994 4393 1138 4461 quod
1171 4394 1290 4462 puri
1346 4409 1468 4448 eum
1495 4395 1620 4458 sint,
1646 4397 1850 4450 veteris
1882 4397 2065 4466 populi

499 4477 712 4534 lsraelis
742 4481 1045 4550 symbolum
1079 4484 1405 4551 praeferant;
1446 4487 1615 4541 asinis
1649 4503 1800 4554 vero,
1827 4491 1968 4557 quod
1999 4490 2069 4544 ob

2171 3294 2391 3363 εϐλήθη
2417 3295 2458 3327 ⁸⁸
2492 3292 2615 3359 τοῖς
2657 3291 2907 3357 κτήνεσι
2945 3289 3067 3355 τοῖς
3106 3287 3405 3354 ἀνοήτοις,
3427 3287 3523 3339 καί
3544 3285 3763 3355 ὡμοιώ-

2173 3390 2245 3456 θη
2299 3386 2534 3452 αὑτοῒςο
2587 3384 2679 3438 διὰ
2731 3382 2889 3436 τοῦτο
2917 3383 2946 3434 6
2996 3381 3168 3448 Λόγος
3215 3382 3327 3442 τοῖς
3399 3380 3478 3442 είς
3537 3379 3764 3445 ἀλογίαν

2172 3481 2430 3534 πεσοῦσιν
2466 3477 2837 3548 ἐπεδήμησεν,
2863 3474 2924 3527 τό
2956 3492 3015 3526 τε
3043 3471 3312 3542 ὀλίσθημα
3336 3472 3493 3542 ήμῶν
3523 3469 3762 3539 ἐξιώμε-

2173 3591 2261 3635 νος
2281 3573 2375 3626 καὶ
2409 3573 2546 3643 πρὸς
2561 3571 2622 3623 τὸ
2645 3571 2870 3640 ἀρχαῖον
2900 3567 3139 3620 ἀνέλκων
3170 3565 3409 3635 ἀξίωμα.
3427 3564 3489 3616 Ὀ
3507 3564 3700 3633 Λόγος
3720 3562 3764 3594 ¹⁸

2172 3663 2279 3734 γάρ
2304 3680 2458 3732 φησι,
2489 3660 2644 3730 σὰρξ
2672 3659 2932 3729 ἐγένετο,
2984 3658 3233 3710 τουτέστι
3256 3656 3353 3727 τὴν
3423 3657 3503 3718 είς
3537 3655 3765 3722 ἀλογίαν

2172 3753 2586 3809 καταπεσοῦσαν
2622 3752 2785 3821 φύσιν
2822 3747 3004 3822 ἡμῶν,
3053 3747 3149 3800 καὶ
3187 3747 3350 3818 μηδὲν
3381 3747 3517 3817 πρὸς
3543 3747 3606 3800 τὸ
3645 3764 3763 3800 νοε-

2176 3847 2288 3918 ρὸν,
2345 3847 2473 3915 ὅλην
2503 3845 2558 3898 δὲ
2585 3844 2721 3912 πρὸς
2745 3843 2806 3895 τὸ
2842 3839 3105 3911 σαρκικδν
3131 3837 3532 3900 ἀπονεύσασαν,
3568 3838 3764 3891 ἀνελά-

2173 3938 2318 4002 ϐετο,
2349 3939 2446 3990 καὶ
2479 3935 2835 4004 ἐσκήνωσεν
2866 3933 2936 3986 ἐν
2964 3932 3128 4001 ἡμῖν.
3189 3931 3288 3984 Διά
3347 3947 3428 3982 τοι
3473 3927 3587 3998 γάρ
3627 3945 3764 3996 φησι

2171 4027 2328 4082 τοῦτο
2381 4027 2474 4082 καὶ
2504 4028 2610 4080 τῶν
2660 4024 3005 4096 παρθενικῶν
3031 4022 3246 4076 κόλπων
3281 4021 3406 4091 ἄρτι
3428 4018 3766 4090 προελθόντα

2170 4123 2263 4176 τὸν
2297 4119 2467 4185 Λόγον
2495 4119 2670 4188 φάτνη
2703 4116 3043 4186 ὑποδέχεται,
3065 4117 3098 4185 ἡ
3132 4112 3241 4165 τῶν
3269 4113 3478 4179 ἀλόγων
3511 4107 3766 4180 τράπεζα

2171 4215 2266 4268 καὶ
2295 4212 2432 4283 βοῶν
2451 4190 2528 4263 ’τε
2554 4210 2647 4263 καὶ
2678 4210 2813 4262 ὄνων
2835 4209 3055 4280 τροφὸς,
3087 4209 3196 4260 τῶν
3232 4208 3330 4274 μὲν
3360 4204 3456 4258 ἀτε
3487 4201 3551 4271 δὴ
3585 4201 3762 4254 καθα-

2175 4306 2284 4377 ρῶν
2323 4302 2567 4374 σύμϐολα
2619 4301 2893 4372 φερόντων
2951 4297 3044 4353 τοῦ
3097 4295 3330 4352 παλαιού
3372 4294 3613 4366 Ἰσραὴλ,
3654 4293 3764 4345 τῶν

2171 4397 2227 4450 δὲ
2249 4396 2336 4448 διὰ
2355 4395 2416 4447 τὸ
2449 4393 2757 4463 ἀκάθαρτον
2780 4391 2838 4444 τὸ
2859 4392 2922 4443 ὲκ
2949 4390 3060 4444 τῶν
3115 4390 3284 4443 ὲθνῶν
3345 4388 3601 4456 σύστημα
3639 4403 3655 4417 ο
3687 4377 3763 4437 ὧν

2173 4488 2431 4556 ἑκάτερον
2462 4484 2644 4556 ἔργοις
2684 4501 2743 4537 τε
2782 4485 2877 4537 καὶ
2906 4482 3170 4553 δόγμασιν
3229 4483 3308 4543 είς
3340 4479 3562 4548 ἀλογίαν
3596 4481 3764 4531 ἀπενς

501 4570 869 4639 impuritatem
924 4574 1165 4642 gentium
1199 4585 1397 4629 coetum
1454 4585 1882 4643 reprmsentent:
1932 4594 2068 4646 quos

2172 4579 2326 4650 εχθὲν
2351 4581 2380 4632 6
2404 4579 2574 4646 Λόγος
2630 4575 3010 4644 ἀνεκαλέσατο,
3047 4574 3121 4636 ὥς
3163 4591 3266 4626 που
3297 4574 3391 4625 καὶ
3419 4574 3447 4624 6
3475 4572 3763 4641 προφήτης

502 4670 761 4730 utrosque
786 4663 898 4731 jam
934 4678 1096 4733 Opere
1123 4673 1286 4734 atque
1321 4666 1670 4735 opinionibus
1700 4669 1752 4720 in
1778 4668 2066 4722 irrationa-

499 4751 760 4806 bilitatem
796 4753 1039 4820 illapsos,
1093 4753 1328 4810 Verbum
1362 4760 1658 4815 revocavit.
1693 4761 2063 4827 Quemadmo-

498 4840 624 4892 dum
654 4850 708 4895 et
734 4842 930 4898 alicubi
987 4847 1252 4914 propheta
1307 4849 1477 4904 Isaias
1501 4853 1782 4918 praedixit:
1819 4853 1932 4923 (41)
1993 4851 2063 4906 In

497 4929 668 4982 medio
706 4932 929 4987 duorum
959 4937 1271 4991 animalium
1305 4943 1431 4994 dum
1468 4942 1806 5009 clamaveris,
1867 4961 2064 4999 memo-

498 5018 736 5085 ruberis;
799 5039 919 5076 cum
962 5029 1434 5098 appropinquarint
1485 5035 1640 5099 anni,
1708 5037 2062 5106 cognosceris.

565 5156 612 5187 ³⁵
639 5153 788 5210 Psal.
821 5173 1010 5226 xcvm,
1051 5161 1140 5218 15.
1215 5161 1437 5219 “Joan.
1464 5166 1621 5233 1,14.

2185 4673 2411 4734 Ἠσαίας
2448 4671 2491 4702 ’³
2554 4671 2952 4740 προεμήνυσεν,
2987 4667 3086 4719 Ἐν
3105 4666 3274 4734 μέσῳ
3303 4665 3413 4719 δύο
3448 4661 3610 4723 ζώων
3633 4663 3761 4716 δια-

2172 4763 2472 4832 κεκραγὼς
2498 4760 2826 4830 μνησθήσῃ
2852 4777 2864 4790 ·
2895 4759 2965 4812 ἐν
3016 4758 3096 4822 τῷ
3120 4757 3371 4828 ἐγγίζειν
3394 4757 3462 4809 τὰ
3484 4757 3589 4822 ἔτη
3633 4755 3762 4807 ἑπι-

2168 4855 2516 4925 γνωσθήσῃ.
2550 4855 2656 4906 Καὶ
2687 4853 2783 4924 τὴν
2812 4853 3056 4921 σαγήνην
3085 4851 3140 4903 δὲ
3173 4851 3271 4919 τὴν
3306 4852 3362 4901 ἐν
3392 4847 3469 4918 τῷ
3511 4848 3762 4913 Εύαγγε-

2168 4947 2330 5017 λίῳ¹⁶
2360 4947 2493 5016 φησὶ
2535 4945 2831 5016 μαρτύριον
2893 4938 3032 4995 εἶναι
3063 4942 3162 5010 τῆς
3220 4940 3453 5010 ἐσχάτης
3511 4937 3761 5003 ἀλογίας,

2168 5041 2249 5102 εἰς
2275 5039 2342 5108 ἣν
2367 5036 2676 5108 κατηνέχθη
2698 5035 2758 5088 τὸ
2785 5034 3147 5107 ἀνθρώπινον,
3210 5031 3354 5085 ὥστε
3408 5030 3502 5085 καὶ
3559 5026 3765 5099 ἰχθύων

1779 5275 2016 5335 VARUE
2046 5276 2451 5334 LECTIONES.

571 5367 626 5449 '1
646 5367 954 5449 τῶχλόγων
983 5370 1149 5449 αὑτοῦ
1181 5390 1241 5449 ς.
1320 5377 1362 5407 ’³
1384 5376 1674 5449 rapacium]
1709 5376 1850 5432 Psal.
1901 5391 2101 5444 )tLVltt,
2131 5375 2216 5428 15.
2295 5375 2335 5406 ³⁸
2379 5377 2408 5428 6
2447 5372 2788 5446 λόγοςμοειιι.
2820 5388 2861 5438 ι,
2894 5372 2981 5428 14.
3059 5372 3102 5404 ³³
3142 5369 3392 5443 Ἠσαίας]
3450 5370 3555 5424 ἱιιιο
3588 5369 3756 5423 Abac.

501 5436 650 5501 nui.
723 5439 767 5470 “
805 5439 1023 5514 εὐαγγ.]
1052 5441 1242 5498 Matth.
1275 5460 1408 5513 xvn,
1434 5436 1526 5502 2'7.

2021 5535 2158 5593 ΝΟΤ
2173 5536 2254 5592 ἐΕ.

575 5626 688 5703 (6])
708 5626 834 5703 _Non
865 5630 978 5684 haec
1010 5629 1417 5703 apudhlsaiam,
1451 5633 1544 5703 sed
1579 5635 1720 5703 apud
1745 5635 2036 5698 Habacum,

2146 5644 2274 5688 sunt
2319 5633 2387 5691 ad
2414 5631 2579 5690 Vetus
2611 5633 3018 5692 Testamentum
3059 5630 3235 5686 Graec.
3259 5645 3366 5687 suc.
3394 5625 3555 5693 LXX,
3587 5625 3748 5681 Rom.

516 5712 575 5763 ιι,
617 5697 674 5765 2,
708 5698 982 5769 leguntur,
1011 5697 1255 5758 nonnihil
1285 5703 1461 5759 aliter.
1500 5697 1630 5761 Vide
1683 5721 1803 5775 quae
1850 5697 2035 5761 notata
2144 5703 2276 5758 edit.
