4030 6248
329 318 427 379 737

1418 308 1939 369 BIBLIOTHECA.
1964 330 2032 342 -
2066 306 2227 366 COD.
2253 305 2532 366 CCXXII.

3485 303 3587 368 733

328 435 435 480 τῶν
460 421 823 492 ἀφωνοτάτων
847 435 909 471 τε
933 417 1027 473 καὶ
1056 416 1416 486 ἀλογωτάτων
1448 417 1614 487 μηδὲν
1669 417 1910 484 διενηνο-

2018 414 2069 467 5.
2104 412 2370 483 Sagenam
2426 426 2643 481 quoque
2676 410 2729 463 in
2775 408 3090 480 evangelica
3150 410 3406 480 parabola
3435 416 3588 467 testi-

328 519 511 590 κέναι·
549 513 643 577 οὒς
674 515 707 581 ὴ
736 510 966 580 σαγήνη,
1021 508 1183 579 δῆλον
1206 509 1264 560 δὲ
1300 509 1375 572 ὡς
1404 509 1558 579 παρά
1600 507 1694 561 τοῦ
1742 508 1917 575 Λόγου

330 608 607 679 βληθεῖσα,
667 603 874 656 ἐκεῖθέν
893 620 953 656 τε
978 603 1274 672 ἀνήγαγεν,
1298 601 1394 654 καὶ
1416 601 1480 652 τὸ
1503 600 1719 667 λογικὸν
1745 598 1918 669 δῶρον

326 702 440 762 τοῖς
492 696 879 767 ἐστερημένοις
928 692 1459 763 ἀπεκατέστησεν¹⁷.
1517 692 1629 745 Καὶ
1655 691 1716 744 τὸ
1756 691 1919 761 πρόσο

327 809 517 862 ταγμα
550 791 607 844 δὲ
634 789 729 842 τοῦ
760 789 958 857 Λόγου,
981 787 1011 840 6
1040 789 1068 840 6
1106 786 1313 858 Πέτρος
1374 783 1555 838 λαϐὼν
1598 784 1694 836 καὶ
1732 784 1793 836 τὸ
1822 781 1917 836 τοῦ

332 883 513 954 ἰχθύος
540 878 813 943 διανοίξας
843 879 1018 948 στόμα
1051 870 1179 947 εὗρε
1216 876 1482 945 στατῆρα,
1537 873 1805 945 σύμϐολον
1843 869 1921 926 εῖ-

327 996 413 1030 ναι
451 973 543 1028 τοῦ
597 972 704 1025 ὑπὸ
748 972 844 1024 τοῦ
874 971 1049 1040 Λόγου
1092 971 1193 1040 τῆς
1215 970 1437 1039 ἀλογίας
1463 967 1797 1038 ἀπολυθῆναι
1828 967 1920 1020 τὸν

328 1068 614 1137 ἄνθρωπον
634 1080 648 1095 ·
671 1062 766 1117 τὸν
802 1064 901 1134 μὲν
933 1064 1047 1134 γὰρ
1081 1063 1324 1133 στατῆρα
1358 1061 1747 1132 ωμὸάλλεινη
1786 1056 1920 1130 φη⁹σὶ

327 1160 390 1213 τὸ
424 1156 704 1229 βασιλικὸν
742 1156 989 1225 νόμισμα
1040 1154 1166 1228 [299
1199 1152 1293 1226 H.]
1347 1154 1467 1224 ἦτοι
1522 1152 1591 1206 τά
1620 1153 1920 1206 δεσποτικὰ

324 1250 484 1318 λόγια
514 1248 607 1319 (τὰ
651 1249 824 1318 λόγια
865 1246 973 1317 γὰρ
1032 1247 1255 1315 Κυρίου
1276 1246 1557 1313 ἀργύριον
1582 1242 1923 1312 πεπυρωμέι

327 1350 490 1421 ⁴νον),
509 1351 572 1403 τὸ
597 1348 654 1403 δὲ
679 1349 737 1403 ἐν
757 1346 835 1418 τῷ
870 1345 1096 1415 στόματι
1122 1338 1428 1409 κεκρύφθαι
1455 1337 1545 1390 τὸν
1569 1336 1809 1406 στατῆρα
1827 1335 1922 1389 τοῦ

329 1442 515 1513 ίχθύος
535 1440 597 1494 τὸ
624 1436 999 1509 συγκεχῶσθαι
1016 1434 1110 1487 καὶ
1135 1429 1556 1502 κατορωρύχθαι
1579 1429 1678 1499 τὴν
1699 1426 1923 1498 λογικὴν

324 1533 555 1603 δύναμιν
584 1533 678 1586 καὶ
708 1531 868 1602 χάριν
897 1530 954 1582 ὲν
979 1529 1090 1590 τοῖς
1125 1524 1329 1601 ἰχθύων
1357 1522 1513 1592 δίκην
1564 1520 1922 1588 ὲξαλογωθεῖ-

324 1640 434 1677 σιν.
471 1617 571 1675 Ὧν
606 1620 714 1675 ὑπὸ
767 1618 864 1673 τοῦ
913 1618 1093 1685 Λόγου
1125 1614 1354 1688 ῥωσθεὶς
1383 1616 1410 1667 6
1438 1612 1641 1684 Πέτρος
1672 1611 1768 1665 καὶ
1795 1610 1921 1664 δια-

321 1713 509 1778 νοίξας
562 1712 624 1765 τὸ
677 1710 899 1781 στόμα,
953 1706 1309 1777 ἀνακαθαίρει
1352 1721 1412 1758 τε
1468 1703 1530 1756 τὸ
1585 1703 1758 1773 δῶρον
1823 1701 1916 1755 καὶ

2020 509 2257 561 monium
2290 520 2415 559 esse
2440 504 2671 558 afﬁrmat
2690 512 2952 557 extrema:
2984 502 3491 562 irrationabilitatis,
3532 505 3585 558 in

2018 612 2180 666 quam
2211 597 2447 650 delatum
2479 595 2552 649 sit
2578 596 2871 647 humanum
2911 609 3104 663 genus.
3138 602 3196 646 ut
3224 596 3307 647 vel
3357 610 3385 645 a
3423 595 3586 661 pisci-

2018 686 2121 741 bus
2150 687 2385 741 maxime
2413 684 2597 751 mutis,
2616 695 2671 738 et
2700 686 3166 739 irrationabilibus
3194 686 3327 739 nihil
3347 686 3585 753 differat,

2018 793 2156 845 quos
2201 793 2421 846 sagena,
2463 792 2625 845 quam
2660 790 2690 829 a
2744 774 2922 831 Verbo
2944 778 3146 845 jactam
3182 793 3303 831 esse
3338 789 3581 845 constat,

2020 863 2145 916 inde
2178 865 2384 928 eduxit,
2408 874 2462 917 et
2522 864 2753 918 rationis
2787 866 2984 918 donum
3015 881 3082 928 eo
3121 868 3395 921 destitutis
3424 873 3585 923 resti-

2022 955 2144 1010 tuit.
2180 954 2234 1007 4.
2264 925 2399 1007 Illud
2452 953 2579 1008 item
2634 954 2793 1008 Verbi
2858 925 3192 1020 nianda‘tum,
3229 974 3336 1026 quo
3371 970 3586 1029 recepto

2019 1041 2236 1107 Petrus,
2273 1054 2328 1097 et
2382 1044 2550 1112 piscis
2581 1059 2675 1097 ore
2731 1055 2943 1112 aperto,
2985 1055 3244 1101 statercm
3285 1050 3584 1116 invenerit,

2019 1144 2394 1202 argumentum
2432 1147 2551 1187 esse
2589 1133 2804 1187 liberati
2838 1150 2934 1202 per
2976 1133 3212 1190 Verbum
3243 1137 3467 1192 humani
3496 1151 3589 1209 ge-

2023 1228 2168 1279 neris
2185 1225 2253 1279 ab
2282 1225 2776 1281 irrationabilitate.
2810 1227 3081 1281 Staterem
3137 1230 3281 1283 enim
3314 1230 3588 1285 indicasse

2020 1318 2218 1372 asserit
2240 1318 2418 1387 regale
2434 1318 2723 1383 numisma,
2752 1319 2834 1373 vel
2854 1329 3002 1373 certe
3026 1320 3300 1375 Dominica
3328 1324 3546 1376 oracula
3569 1338 3584 1377 :

2022 1409 2249 1481 Eloquia
2272 1412 2412 1483 enim
2437 1409 2649 1463 Domini
2676 1420 2951 1479 argentum
3003 1411 3197 1480 182a
3239 1413 3355 1481 igne
3389 1416 3590 1467 exami-

2021 1511 2205 1554 natum
2226 1500 2293 1554 ⁸⁷.
2325 1500 2479 1567 Quod
2515 1506 2696 1554 autem
2734 1501 2787 1553 in
2821 1501 2988 1569 piscis
3021 1516 3117 1555 ore
3166 1512 3338 1556 stater
3361 1486 3588 1557 abscon—

2022 1595 2166 1648 ditus
2199 1593 2378 1657 latuit,
2404 1593 2687 1647 confusam
2716 1605 2880 1661 atque
2911 1592 3183 1648 defossam
3223 1595 3587 1650 ratiocinandi

2022 1684 2131 1737 vim
2151 1694 2203 1737 et
2231 1684 2462 1755 gratiam
2495 1684 2547 1737 in
2580 1684 2665 1747 iis,
2697 1685 2790 1750 qui
2824 1683 3051 1751 piscium
3084 1685 3261 1739 instar
3287 1685 3432 1741 bruti
3456 1702 3589 1741 eva-

318 1772 635 1874 ὲμερανίζει,
691 1772 791 1857 καί
855 1772 935 1865 είς
963 1799 1026 1853 τὸ
1059 1772 1239 1871 μέσον-
1266 1795 1794 1869 προαγαγὼνιθτὴν
1821 1799 1905 1848 ol-

2018 1785 2208 1829 serant
2258 1772 2678 1846 [signiﬁcasse],
2739 1790 2971 1844 quorum
3046 1775 3239 1831 Petrus
3306 1778 3587 1840 donutn,a

322 1896 487 1950 κείαν
522 1895 716 1966 χρῆσιν
741 1896 821 1958 είς
849 1889 1047 1963 πρᾶξιν
1083 1891 1438 1962 προενεγκεῖν
1482 1886 1898 1959 ωνειργάσατο.

323 1987 443 2042 Καὶ
465 1988 527 2039 τὸ
573 1986 667 2039 ἐπὶ
715 1982 925 2039 bvov'“
956 1983 1013 2036 δὲ
1036 1985 1133 2057 και
1179 1981 1360 2035 πῶλον
1413 1978 1637 2033 καθίσαι
1678 1978 1770 2031 τὸν
1804 1994 1898 2030 σε-

324 2078 689 2149 σαρκωμένον
745 2076 919 2146 Λόγον
974 2073 1035 2128 τὸ
1069 2074 1203 2128 αὐτό
1254 2088 1418 2144 φησιν
1471 2068 1901 2124 ὐπαινίττεσθαι.

322 2169 438 2222 Ναὶ
475 2168 539 2241 δὴ
569 2166 665 2222 καὶ
700 2166 793 2221 τὸν
844 2166 982 2237 μετά
1003 2164 1102 2236 τὴν
1134 2164 1431 2218 ἀνάστασιν
1463 2163 1556 2214 ἐπὶ
1581 2159 1684 2232 τῆς
1710 2158 1907 2230 ἀνθρα-

325 2263 460 2324 κιᾶς
481 2259 851 2331 ὀπτώμενον,²¹
891 2257 1126 2329 ίχθῦν²¹⁹
1147 2274 1163 2287 ’
1191 2254 1252 2308 τὸ
1279 2254 1386 2325 γὰρ
1414 2254 1543 2324 πρὶν
1573 2252 1772 2321 ἄλογον
1798 2252 1904 2306 ὑπὸ

324 2350 426 2404 τοῦ
486 2351 659 2419 Λόγου
720 2348 1061 2420 πυρούμενον
1110 2345 1211 2416 τῆς
1233 2362 1293 2398 τε
1322 2344 1548 2410 ἀλογίας
1582 2340 1901 2406 ἐξίστασθαι

324 2445 428 2498 καὶ
464 2441 659 2514 βρῶμα
688 2442 872 2512 νοερὸν
913 2439 1006 2494 τοῦ
1032 2440 1207 2506 Λόγου
1243 2436 1579 2507 καθορᾶσθαι
1600 2434 1906 2504 γινόμενον.

330 2535 463 2588 Ἔτι
484 2535 541 2587 δὲ
570 2533 666 2587 καὶ
701 2534 811 2585 τῶν
857 2530 1120 2601 γλωσσῶν
1136 2531 1182 2561 ²²
1208 2529 1308 2598 τὴν
1334 2528 1495 2599 χάριν
1517 2527 1632 2588 τοῖς
1669 2523 1908 2577 ἀποστό-

328 2626 449 2689 λοις
499 2626 783 2696 διδομένην
826 2624 922 2695 τῆς
953 2621 1315 2690 ἀπστολικῆς
1348 2618 1529 2673 αὐτῶν
1573 2616 1913 2689 χειροτονίας

333 2719 569 2789 μηνύειν
598 2717 659 2770 τὸ
683 2716 963 2787 ψήφισμα,
992 2714 1070 2778 ὡς
1100 2713 1166 2766 ἂν
1198 2713 1294 2765 καὶ
1316 2710 1393 2782 τῷ
1425 2711 1662 2781 σχήματι
1690 2708 1913 2778 μάθοιεν

329 2810 410 2872 ὡς
437 2807 517 2879 τῷ
545 2809 705 2878 Λόγῳ
722 2808 791 2861 τά
805 2805 900 2859 τοῦ
920 2805 1096 2873 Λόγου
1130 2802 1565 2874 ὑπηρετήσοντες
1593 2797 1915 2869 ἀπήλαυσαν

328 2899 431 2954 τοῦ
492 2898 736 2953 τοιούτου
789 2896 1145 2968 χαρίσματος.
1206 2894 1319 2948 Καὶ
1363 2892 1455 2946 τὸν
1475 2890 1791 2963 Πρόδρομον
1833 2886 1913 2953 δὲ,

331 2991 552 3061 φωνὴν
569 2992 617 3022 ’³
650 2987 899 3055 ,ϐοιῖισαν
941 2987 1049 3042 τοῦ
1076 2986 1270 3055 Λόγου
1295 2983 1446 3054 παρά
1480 2981 1590 3035 τῶν
1629 2978 1791 3052 ἱερῶν
1816 2995 1917 3046 κη-

334 3084 671 3156 ρυττόμενον
714 3080 1084 3151 Γραμμάτων,
1131 3077 1230 3130 οὐκ
1264 3075 1391 3128 ἄλλο
1421 3091 1474 3128 τι
1505 3071 1654 3143 παρά
1675 3072 1745 3124 τὰ
1767 3072 1918 3140 εἰρη-

2013 1867 2189 1922 Verbo
2215 1869 2402 1937 utique
2431 1867 2809 1933 confirmatus,
2848 1877 3042 1936 aperto
3072 1869 3238 1937 piscis
3268 1884 3387 1933 ore,
3424 1870 3586 1933 tollit,

2008 1960 2364 2029 conspicuum
2448 1959 2693 2024 exhibet,
2751 1970 2804 2013 et
2861 1960 2914 2014 in
2980 1960 3215 2015 medium
3266 1963 3587 2031 productum

2009 2067 2207 2107 munus
2235 2061 2294 2105 ut
2321 2059 2722 2119 exsequeretur
2754 2065 2909 2103 suum
2944 2050 3125 2105 efficit.
3154 2050 3209 2105 5.
3247 2052 3397 2106 Idem
3432 2062 3487 2107 et
3520 2066 3588 2106 ex

2008 2159 2074 2201 eo
2104 2143 2402 2214 signiﬁcari
2436 2144 2535 2205 ait,
2583 2143 2728 2210 quod
2757 2140 2992 2196 Verbum
3026 2143 3368 2197 lncarnatum
3418 2146 3588 2197 asinae

2010 2251 2071 2292 ac
2103 2236 2248 2306 pullo
2278 2235 2535 2290 insederit
2567 2234 2632 2287 ⁸⁸.
2692 2234 2746 2289 6.
2782 2234 3036 2301 Quinimo
3061 2243 3116 2288 et
3168 2250 3235 2288 ex
3268 2235 3360 2290 illo
3414 2236 3584 2305 pisce,

2009 2332 2099 2399 qui
2132 2339 2255 2399 post
2310 2326 2766 2382 resurrectionem
2826 2328 3014 2395 prunis
3072 2326 3357 2394 impositus
3412 2337 3587 2379 torre-

2010 2422 2171 2477 batur
2196 2422 2265 2473 9°.
2302 2420 2355 2474 Id
2381 2420 2527 2475 enim
2545 2420 2688 2489 quod
2720 2419 2873 2488 prius
2898 2427 3018 2472 erat
3041 2418 3437 2481 irrationabile,
3456 2419 3583 2472 dum

2013 2528 2042 2567 a
2060 2514 2223 2567 verbo
2245 2512 2390 2566 velut
2405 2510 2474 2566 ab
2496 2511 2619 2582 igne
2637 2519 2894 2573 torretur,
2920 2526 3025 2564 non
3050 2509 3579 2563 irrationabilitatem

2012 2604 2187 2661 solum
2218 2604 2490 2667 amittere,
2525 2602 2619 2658 sed
2664 2602 2970 2672 Spiritalem
2999 2602 3164 2655 etiam
3191 2599 3357 2655 Verbi
3399 2602 3578 2656 cibum

2014 2695 2303 2751 manifeste
2338 2695 2474 2749 fieri.
2508 2694 2559 2750 7.
2589 2694 2924 2764 Linguarum
2962 2694 3182 2762 insuper
3215 2693 3343 2747 illud
3370 2704 3586 2762 aposto-

2012 2788 2081 2844 lis
2106 2789 2360 2844 donatum
2414 2803 2633 2851 munus,
2682 2786 2816 2839 nihil
2895 2785 3141 2839 indicare
3194 2784 3362 2848 aliud,
3420 2800 3583 2853 quam

2013 2882 2327 2953 apostolicae
2353 2881 2714 2937 ordinationis
2737 2882 3036 2943 decretum,
3072 2887 3130 2932 ut
3159 2878 3364 2933 scilicet
3394 2878 3477 2931 vel
3515 2894 3585 2932 ex

2014 2975 2129 3044 ipsa
2159 2974 2329 3043 ﬁgura
2360 2975 2654 3035 discerent,
2688 2982 2973 3042 propterea
2998 2986 3056 3025 se
3076 2970 3207 3024 illud
3239 2986 3357 3025 esse
3384 2971 3587 3024 domnn

2017 3074 2357 3127 consecutos,
2421 3073 2530 3131 quo
2573 3063 2757 3117 verbis
2805 3061 2968 3117 Verbi
3023 3063 3277 3114 mandata
3326 3062 3588 3115 submini-

336 3139 482 3249 μένα
511 3139 741 3246 ὶδηλοῦν,
762 3139 893 3226 Idl-1;
940 3171 1024 3224 ὅτι
1053 3139 1114 3222 τὸ
1141 3169 1242 3237 τῆς
1292 3166 1517 3233 ἀλογίας
1566 3139 1910 3235 άρῥώστημα

2018 3165 2277 3212 strarent.
2297 3156 2349 3210 8.
2383 3156 2779 3210 Praecursorem
2807 3155 2969 3209 etiam
2999 3154 3173 3219 illiilli,
3202 3169 3378 3206 vocem
3400 3156 3585 3222 utique

332 3270 362 3320 6
392 3267 574 3336 Λόγος
626 3264 971 3334 ἐπεδήμησεν
1021 3258 1356 3325 ὲξιάσασθαι.
1390 3258 1455 3310 Ὃ
1480 3255 1577 3309 καὶ
1608 3254 1703 3307 τὸν
1749 3252 1914 3306 Δαὸὶδ

334 3358 522 3425 λέγειν
553 3371 569 3388 ο
626 3353 1044 3419 Ἐξαπέοτειλε
1081 3353 1133 3385 ’⁵
1168 3342 1276 3405 τόν
1323 3350 1521 3417 Λόγον
1577 3343 1785 3411 αὐτοῦ,
1813 3345 1913 3398 καί

335 3447 557 3502 ἰάσατο
585 3446 831 3511 αὐτούς.

414 3713 539 3788 [581
582 3712 674 3786 IL]
726 3711 915 3767 Ταῦτα
967 3710 1069 3781 μὲν
1108 3704 1203 3764 οὗν
1246 3710 1304 3763 ἐν
1348 3709 1462 3771 τοῖς
1501 3704 1623 3761 δυσὶ
1676 3702 1914 3774 πρώτοις

337 3808 681 3877 διεξέρχεται
708 3845 723 3871 ,
778 3804 952 3873 ἀγῶνι
1017 3801 1402 3873 προαγωνιστῇ
1454 3796 1913 3864 νεανιευσάμενος

338 3901 488 3952 κατά
527 3897 636 3951 τῶν
691 3897 958 3966 λεγόντων
1006 3893 1094 3947 διὰ
1146 3891 1303 3946 τοῦτο
1354 3890 1449 3943 τὸν
1476 3887 1605 3941 Υιὺν
1628 3885 1913 3955 ἄνθρωπον

338 3989 603 4061 γενέσθαι
624 3990 719 4042 καὶ
741 3988 973 4058 Σωτῆρα
1020 3981 1446 4056 παραγενέσθαι,
1475 3979 1610 4034 διότι
1633 3978 1748 4040 τοῖς
1774 3976 1914 4046 πρὸς

340 4084 620 4139 υἱοθεσίαν
657 4081 1014 4152 καλουμένοις
1042 4078 1135 4132 τὸν
1163 4076 1295 4130 Υίδν
1320 4074 1449 4139 ἔδει,
1476 4071 1612 4128 άλλά
1645 4070 1721 4141 μὴ
1754 4068 1914 4123 ἄλλον

341 4175 491 4239 τινὰ,
526 4172 880 4243 καθηγεμόνα
923 4171 1019 4223 καὶ
1067 4166 1454 4237 ἀνακαινιστήν
1487 4166 1609 4236 τῆς
1633 4160 1914 4223 υἱοθεσίας

344 4267 442 4321 καὶ
476 4263 809 4335 γεγενῆσθαι
840 4261 938 4317 καὶ
958 4257 1347 4332 κηρύττεσθαι.

2014 3247 2325 3302 clamantem
2363 3247 2518 3301 Verbi
2550 3248 2591 3312 ί,
2627 3261 2786 3315 quem
2811 3261 2979 3300 sacrae
3017 3244 3235 3299 Litterae
3267 3246 3581 3313 praedicant,

2017 3340 2150 3394 nihil
2177 3340 2319 3393 aliud
2342 3354 2438 3408 per
2468 3354 2531 3393 ea
2565 3355 2685 3409 qua:
2717 3338 2873 3402 dixit,
2907 3338 3146 3391 indicare
3167 3377 3182 3402 ,
3234 3353 3392 3406 quam
3443 3339 3584 3404 quod

2019 3431 2253 3485 Verbum
2307 3430 2373 3483 ad
2413 3429 2709 3483 curandum
2781 3426 3272 3481 irrationabilitatis
3339 3429 3584 3480 morbum

2018 3521 2329 3575 accesserit.
2372 3519 2485 3574 Hoc
2531 3528 2589 3573 et
2641 3515 2902 3571 Davidem
2942 3517 3120 3586 ipsum
3182 3517 3583 3586 pronuntiare:

2020 3610 2168 3665 Misit
2202 3609 2422 3664 Verbum
2439 3627 2618 3674 suum,
2646 3619 2693 3663 el
2719 3610 2921 3662 sanavit
2955 3625 3042 3663 eos
3071 3611 3116 3664 ’.

2087 3700 2215 3757 Haec
2236 3702 2397 3769 igitur
2416 3702 2625 3755 duobus
2646 3700 2834 3770 primis
2861 3700 3016 3755 libris
3044 3701 3126 3756 sic
3161 3700 3498 3770 exsequitur,
3530 3708 3589 3753 ut

2020 3792 2193 3847 altero
2215 3793 2514 3849 certamine
2539 3790 2855 3859 praelusorio
2872 3793 3185 3861 iuveniliter
3202 3793 3376 3861 egerit
3401 3802 3589 3846 contra

2022 3880 2389 3945 adversarios,
2417 3880 2703 3935 dicentes:
2739 3878 3033 3949 Propterea
3067 3880 3160 3934 Dei
3195 3880 3388 3935 Filium
3416 3882 3590 3936 homi-

2022 3990 2143 4028 nem
2180 3973 2403 4037 factum,
2436 3984 2603 4040 atque
2654 3971 2991 4028 Salva’torem
3028 3973 3331 4036 advenisse,
3363 3988 3426 4027 eo
3448 3974 3591 4041 quod

2023 4061 2076 4115 in
2108 4061 2449 4131 ad0ptionem
2477 4059 2705 4124 vocatis,
2742 4076 2850 4115 non
2890 4062 3055 4115 alium
3113 4062 3346 4132 aliquem
3398 4073 3593 4131 praeter

2023 4154 2200 4222 ipsum
2232 4152 2429 4207 Filium
2459 4163 2737 4223 oporteret
2763 4157 2953 4209 ducem
2979 4162 3144 4226 atque
3176 4155 3592 4209 instauratorcm

2020 4247 2329 4317 adoptionis
2354 4255 2570 4312 etesse,
2590 4256 2645 4301 et
2675 4245 2960 4317 appellari.

1401 4393 1518 4451 Lib.
1548 4409 1631 4448 ιιι.
1658 4420 1728 4433 -
1748 4390 1856 4445 Cur
1880 4388 1977 4443 Dei
2017 4384 2189 4440 Filius
2216 4387 2284 4440 sit
2312 4386 2465 4440 homo
2488 4385 2659 4456 {actus
2690 4384 2715 4437 7

430 4516 524 4571 Ἐν
545 4513 606 4568 δὲ
637 4512 716 4584 τῷ
743 4519 794 4582 γ’
815 4509 935 4587 [καὶ
964 4509 1032 4584 β’]
1050 4510 1195 4581 λόγῳ
1243 4508 1423 4565 αἰτίαν
1464 4506 1653 4577 ὑπέχει
1676 4504 1755 4557 Δι’
1787 4500 1867 4570 ἢν
1888 4504 1914 4555 d

2096 4497 2343 4555 9.Tertio
2364 4514 2492 4553 vero
2516 4498 2657 4552 libro
2671 4511 2889 4553 causam
2922 4496 3095 4551 reddit
3120 4512 3134 4549 :
3168 4494 3278 4549 Cur
3296 4495 3391 4549 Dei
3419 4495 3596 4551 Filius

345 4609 482 4675 Υἱὸς
508 4605 882 4676 σεσάρκωται
900 4645 916 4672 ,
944 4604 1037 4659 καί
1068 4618 1231 4673 φησιν
1246 4600 1320 4664 ὡς
1345 4598 1510 4669 ἐχρῆν
1537 4598 1628 4650 τὸν
1651 4597 1921 4665 Δημιουρ-

345 4702 447 4771 γὸν
504 4701 602 4752 καὶ
633 4697 882 4768 πλάστην
913 4695 1076 4749 αὐτὸν
1107 4692 1203 4747 καὶ
1227 4688 1542 4747 ἀναπλάσαι
1563 4688 1657 4741 καὶ
1684 4686 1918 4739 ἀνακαι-

345 4792 499 4845 νίσαι
557 4789 840 4860 συντριὸὲν
897 4788 959 4842 τὸ
1008 4784 1420 4858 δημιούργημα.
1480 4781 1543 4835 Ei
1589 4779 1696 4850 γὰρ
1758 4778 1854 4831 καὶ
1889 4776 1919 4828 6

346 4877 547 4948 Πατὴρ
610 4874 872 4939 ὡσαύτως
925 4872 1266 4945 Δημιουργδς
1317 4870 1413 4924 καὶ¹
1461 4868 1526 4921 τὸ
1573 4865 1800 4936 Πνεῦμα
1857 4864 1919 4918 τὸ

348 4970 534 5038 ἅγιον,
564 4969 703 5040 πλὴν
735 4968 872 5023 ἀλλὰ
899 4967 1077 5022 πάντα
1098 4964 1165 5018 δι’
1186 4963 1317 5019 Υἱοῦ
1342 4959 1666 5031 γεγενῆσθαι
1693 4958 1755 5012 τὸ
1775 4957 1918 5028 ἱερὸν

350 5061 597 5132 συνεχῶς
650 5058 1084 5131 ἑπιμαρτύρεται
1129 5058 1385 5129 γράμμα.
1417 5053 1563 5107 Ἔδει
1593 5052 1773 5106 τοίνυν
1828 5048 1919 5102 τὸν

349 5152 753 5222 πλαστουργὸν,
800 5149 1144 5223 διαῤῥυέντος
1191 5146 1285 5203 τοῦ
1322 5146 1662 5216 πλάσματος,
1694 5140 1827 5196 αὑτό
1857 5154 1919 5199 τε

348 5248 438 5308 εἰς
466 5244 664 5301 ἑαυτὸν
696 5241 988 5300 ἀναλαϐεῖν
1014 5242 1107 5296 καὶ
1139 5238 1417 5294 ἀνασῶσαι
1445 5238 1513 5292 δι’
1539 5233 1914 5298 ἀναπλάσεως.

428 5375 639 5431 "Psal.
665 5393 728 5444 ιι,
766 5376 820 5432 7.
890 5376 938 5410 ⁸⁸
962 5374 1150 5431 Matth.
1193 5391 1306 5439 xxi,
1336 5374 1391 5429 7.
1481 5374 1531 5407 ”
1567 5370 1839 5428 Joan.xxt
1874 5413 1891 5438 ,

2046 5371 2065 5404 ³
2095 5371 2201 5427 lsa.
2230 5386 2322 5439 ιιι,
2351 5370 2406 5424 5.

2024 4590 2179 4643 Ιιοιιιο
2214 4588 2431 4657 fartus?
2462 4587 2638 4656 Ipsum
2676 4600 2807 4655 ergo
2833 4586 2911 4639 ait
2939 4585 3245 4653 oportuisse
3276 4584 3592 4639 Creatorem

2027 4698 2091 4737 ac
2135 4683 2488 4736 formatorem
2548 4684 2863 4747 corruptam
2922 4686 3229 4731 creaturam
3299 4677 3593 4732 reformare

2024 4784 2188 4843 atque
2230 4774 2508 4826 innovare.
2546 4770 2658 4825 Etsi
2686 4781 2866 4824 autem
2893 4768 3052 4822 Pater
3076 4782 3291 4837 qucque
3333 4769 3446 4833 ipse
3472 4782 3591 4836 per-

2024 4865 2151 4919 inde
2179 4873 2393 4918 creator
2424 4871 2592 4927 eet,ut
2618 4870 2674 4914 et
2696 4859 2930 4929 Spiritus
2962 4870 3198 4919 sanctus,
3222 4858 3389 4911 nihilo
3412 4868 3592 4911 tamen

2026 4958 2203 5012 minus
2231 4955 2412 5009 omnia
2443 4970 2540 5023 per
2598 4951 2794 5008 Filium
2826 4951 2966 5006 facta
2994 4966 3115 5007 esse
3174 4964 3341 5004 sacrae
3370 4948 3590 5004 Littera:

2025 5059 2284 5117 perpetuo
2352 5047 2569 5103 docent.
2620 5045 2802 5112 Quare
2854 5044 3239 5112 plasmatorem
3303 5040 3591 5112 oportebat

2026 5138 2233 5210 lapsam
2276 5148 2581 5195 creaturam
2618 5140 2687 5193 ad
2716 5153 2777 5193 se
2815 5137 3081 5206 recipere,
3113 5144 3169 5192 et
3202 5149 3297 5204 per
3329 5133 3589 5188 reforma-

2026 5233 2227 5289 tionem
2257 5246 2499 5288 servare.
2532 5231 2671 5299 Quid
2700 5244 2831 5288 vero
2862 5229 2929 5286 de
2970 5228 3058 5285 bis
3109 5241 3280 5285 sacra:
3330 5224 3589 5280 Litterae?

2482 5372 2503 5401 ³
2529 5367 2671 5423 Psal.
2726 5381 2837 5433 cvr,
2861 5364 2951 5420 20.

1652 5502 1880 5559 VABIAS
1917 5502 2321 5560 LECTIONES.

432 5600 477 5630 "
504 5599 1031 5667 ὲπεκατέστησενΑε
1054 5597 1490 5667 ἀποκατέστησεν
1514 5615 1575 5662 ς’.

356 5669 575 5744 ’ξ’-επὶ
602 5669 745 5744 ὄνον]
793 5669 1121 5744 [lattb_._x_xt,
1170 5670 1243 5744 _7.

357 5737 483 5813 γὴν]
543 5739 644 5794 lsa.
680 5737 766 5807 xi,
800 5741 854 5797 5.
928 5740 973 5772 ³⁸
998 5738 1179 5813 ﬁgam]
1224 5740 1362 5794 Psal.
1385 5753 1489 5803 CVI,
1521 5744 1607 5792 ’20.

1651 5597 1695 5630 ¹⁸
1720 5596 2105 5669 συμϐαλεῖνΑΛ.

1320 5656 1681 5737 “ambissint;
1716 5656 1805 5731 ς.’
1833 5668 1924 5725 ,³⁸⁸
1951 5665 2129 5741 ἰχθύν]
2162 5663 2320 5722 Joan.
2360 5656 2475 5732 xxi,
2518 5656 2570 5720 θ’.
2646 5664 2693 5694 η
2720 5660 2828 5716 τῶν
2849 5656 2963 5730 γλ.]
3018 5659 3141 5713 Δοι.
3173 5656 3241 5721 ιι,
3272 5657 3328 5712 5.
3401 5658 3446 5689 ”
3478 5672 3590 5725 φω·

2211 5595 2256 5628 ⁸⁸
2288 5594 2357 5648 τά
2382 5592 2560 5665 λόγια]
2600 5591 2862 5665 Psal._xt,
2886 5588 2961 5665 ΓΙ.-
3031 5588 3097 5665 _“
3149 5583 3493 5665 παραγαγῲν
3526 5601 3585 5647 ς.
