4030 6248
442 279 555 343 739

1624 274 1886 337 ΡΠΟΤΠ
1926 267 2431 333 ΡΛΤΒῙΑΒΟΗᾸΞ
2463 268 2578 330 CP.

3596 266 3708 332 740

447 388 664 452 Omnia,
692 387 892 458 inquit,
941 403 1037 456 per
1065 388 1238 458 ipsum
1278 385 1422 457 facta
1473 393 1617 450 sunt,
1645 395 1694 438 et
1738 385 1850 438 sine
1882 380 2007 452 ipsa

2114 380 2179 432 Ti
2208 379 2265 433 δὲ
2292 379 2363 433 τὰ
2392 379 2514 450 ἱερά
2541 377 2714 448 Λόγια
2739 395 2755 446 ;
2779 375 2984 432 Πάντα
3010 376 3056 409 ⁸³
3091 373 3224 447 φησί
3264 373 3340 430 δι’
3368 377 3557 432 αὐτοῦ
3576 378 3706 449 ἐγέ-

439 478 640 552 [actum
669 488 746 534 est
777 479 908 534 nihil
935 480 978 534 ³.
1011 480 1077 534 Et
1104 498 1119 533 :
1149 477 1233 532 Ex
1259 479 1398 548 ipso,
1423 477 1522 540 ait,
1544 493 1635 544 per
1667 479 1842 544 ipsum
1874 484 1922 528 et
1954 474 2008 526 in

439 587 554 635 ipso
583 579 706 624 sunt
738 568 971 622 omnia‘.
1012 569 1287 637 Itemque:
1325 565 1428 620 Per
1460 582 1612 635 quem
1656 564 1780 634 fecit
1819 572 1869 617 et
1910 577 2008 616 sa:-

447 662 568 715 rula
585 664 630 716 ⁸.
663 663 824 716 Certe
857 661 947 729 qui
989 660 1117 714 inde
1145 669 1308 714 natus
1333 670 1415 713 est
1454 671 1664 729 patrmn
1697 666 2007 710 nostrorum

441 753 664 816 t-liorus,
703 767 800 820 per
829 752 1025 807 Filium
1054 751 1239 807 omnia
1265 749 1481 805 Patrem
1517 749 1718 812 facere,
1747 747 2010 802 divinitus

441 845 795 898 tradiderunt.

507 1023 601 1078 Sic
625 1023 716 1078 illa
745 1023 1044 1091 quaestione
1068 1021 1371 1092 proﬂigata,
1397 1037 1519 1076 mox
1549 1021 1616 1076 ad
1633 1021 1858 1076 alteram
1883 1019 2009 1075 huic

433 1117 687 1170 adustam
717 1115 945 1170 accedit.
988 1113 1076 1168 10.
1109 1116 1332 1180 Qumrit,
1369 1114 1741 1180 Quamobrem,
1769 1129 1886 1166 cum
1902 1127 2009 1165 una

441 1217 598 1275 atque
624 1205 806 1260 eadem
831 1206 1077 1276 efﬁcacia,
1101 1205 1296 1275 gloria,
1320 1207 1555 1275 potentia
1584 1206 1641 1258 in
1679 1211 1864 1258 sancta
1899 1201 2010 1256 Tri-

437 1299 600 1352 nitate
655 1297 1012 1351 consideretur
1066 1313 1130 1350 ac
1173 1297 1501 1350 celebretur:
1559 1305 1806 1366 perpetuo
1836 1305 2011 1347 tamen

437 1405 556 1442 tum
584 1405 739 1443 sacra
771 1388 1074 1456 Scriptura,
1113 1397 1226 1442 tum
1263 1386 1368 1442 SS.
1417 1385 1633 1453 Patres,
1684 1402 1776 1454 per
1809 1384 2010 1438 Filium

433 1481 646 1551 quidem
676 1480 893 1536 Patrem
925 1481 1104 1535 omnia
1150 1481 1335 1549 fecisse
1368 1479 1648 1550 aﬁirment,
1679 1493 1783 1532 non
1833 1486 2010 1530 autem

442 1571 652 1640 ("ilium
686 1589 779 1642 per
813 1571 1069 1626 Patrem?
1105 1573 1256 1625 Adeo
1299 1572 1370 1626 ibi
1433 1570 1637 1625 acriter
1685 1570 1824 1624 hanc
1851 1583 2004 1638 quae-

435 1666 667 1720 stionem
697 1664 852 1718 texit.
893 1664 1088 1734 lszb
1147 1662 1413 1717 Cancrum
1463 1664 1578 1732 ipsa
1625 1663 1824 1718 solutio
1862 1676 2008 1716 com-

2113 485 2272 531 νετο,
2307 469 2405 523 καὶ
2441 469 2623 538 χωρὶς
2655 468 2843 522 αὐτοῦ
2879 467 3115 538 ἐγένετο
3136 467 3340 530 οὐδὲν.
3371 470 3467 521 καὶ
3489 509 3505 530 ,
3531 468 3635 535 Ἐξ
3659 473 3707 505 ’⁸

2113 560 2320 626 αὑτοῦ,
2345 562 2501 632 φησὶ,
2539 560 2640 614 καί
2660 561 2734 614 δι’
2763 561 2969 626 αὐτοῦ,
2992 561 3092 615 καί
3119 563 3206 627 είς
3237 560 3428 617 αὑτὸν
3451 562 3525 616 τὰ
3551 550 3704 618 πάν-

2113 667 2206 717 τα,
2240 651 2332 704 καὶ
2353 645 2524 706 Διόὗ
2545 651 2591 682 ’⁷
2609 651 2753 718 τοὺς
2777 650 2999 719 αἰῶνας
3024 653 3294 721 ἐποίησε.
3325 654 3434 707 Ναὶ
3460 655 3525 724 δὴ
3557 659 3705 711 καὶοέ

2114 739 2328 796 ἐκεῖθεν
2352 743 2513 813 φυεὶς
2543 743 2652 796 τῶν
2683 743 2934 816 πατέρων
2963 745 3119 815 ἡμῶν
3146 746 3306 817 χορὸς
3331 747 3420 800 διὰ
3437 747 3530 801 τοῦ
3563 749 3697 804 Υίοῦ

2114 833 2185 887 τὰ
2230 833 2409 888 πάντα
2458 834 2553 888 τὸν
2603 835 2824 906 Πατέρα
2857 835 3123 907 πράττειν
3167 836 3487 909 θεοπρεπῶς
3515 840 3694 894 ἀνεδί-

2116 925 2295 992 δαξεν.

2186 1016 2342 1071 Οὖτω
2377 1016 2480 1089 τὴν
2516 1017 2673 1072 λύσιν
2709 1019 2811 1090 τῆς
2866 1021 3238 1093 προκειμένης
3289 1021 3525 1088 ἀποδοὺς
3553 1024 3698 1078 ἀπο-

2120 1107 2263 1181 ρίας,
2292 1109 2379 1178 ἐφ’
2408 1109 2604 1180 ἑτέραν
2653 1109 2932 1180 φυομένην
2975 1110 3036 1176 ὲξ
3056 1111 3230 1184 αὐτῆς
3259 1111 3528 1166 διαϐαίνει
3547 1152 3563 1179 ,
3601 1113 3700 1168 καὶ

2131 1200 2310 1270 ζητεῖ,
2347 1202 2453 1256 Διὰ
2477 1201 2534 1255 τί
2553 1199 2694 1272 μιᾶς
2719 1202 2819 1256 καὶ
2862 1201 2975 1272 τῆς
3000 1202 3194 1273 αὐτῆς
3244 1203 3548 1274 ἐνεργείας
3599 1205 3700 1260 καί

2115 1290 2302 1359 δόξης
2357 1291 2458 1346 καί
2513 1293 2728 1362 ἰσχύος
2770 1292 2871 1346 ἐπὶ
2913 1292 3024 1363 τῆς
3063 1293 3238 1364 ἁγίας
3289 1295 3529 1364 Τριὰδος
3560 1299 3701 1352 θεω-

2111 1383 2416 1453 ρουμένης
2454 1384 2554 1438 καὶ
2582 1383 2968 1454 ὑμνουμένης
3019 1384 3296 1455 συνεχῶς
3354 1387 3453 1441 καί
3483 1388 3557 1442 τὰ
3590 1390 3700 1442 Λό-

2116 1491 2216 1545 για
2246 1475 2347 1530 καὶ
2382 1478 2437 1530 οί
2466 1475 2730 1544 Πατέρες
2756 1474 2855 1529 διὰ
2883 1474 3001 1545 μὲν
3023 1476 3132 1530 τοῦ
3168 1477 3305 1532 Υἱοῦ
3335 1478 3445 1533 τὸν
3468 1478 3701 1547 Πατέρα

2116 1567 2314 1622 πάντα
2362 1567 2755 1638 πεποιηκέναι
2787 1569 3001 1638 φασιν,
3035 1571 3109 1625 οὐ
3143 1569 3274 1640 μὴν
3300 1571 3409 1625 τὸν
3430 1573 3568 1626 r167-
3594 1572 3693 1627 διὰ

2118 1653 2228 1707 τοῦ
2261 1657 2510 1724 Πατρός.
2545 1656 2659 1725 Τὴν
2697 1656 2796 1727 μὲν
2846 1651 2942 1710 οὖν
2978 1657 3216 1728 ἀπορίαν
3267 1657 3410 1712 οὕτω
3453 1660 3696 1731 δριμέως

437 1757 618 1810 munia
645 1769 765 1810 esse
791 1756 943 1821 dicit,
971 1769 1307 1824 quaecunque
1335 1755 1452 1822 sive
1507 1755 1562 1809 in
1590 1752 1771 1818 Patre,
1804 1753 1918 1807 sive
1955 1753 2007 1806 in

2114 1745 2416 1813 διαπλέκει,
2449 1749 2483 1818 ἠ
2521 1747 2580 1801 δὲ
2602 1746 2758 1812 λύσις
2812 1748 2962 1820 αὺτῷ
3012 1749 3167 1803 κοινά
3195 1750 3296 1822 μὲν
3323 1748 3464 1808 εἶναι
3510 1754 3686 1824 λέγει,

436 1848 574 1902 Filio
627 1848 862 1901 divinam
905 1848 1099 1901 decent
1147 1846 1519 1914 maiestatem,
1570 1855 1626 1899 et
1672 1859 1801 1898 vero
1852 1842 2000 1898 Patri

435 1939 602 1992 etiam
653 1938 905 2003 attribui,
934 1953 1274 2008 quaecunque
1303 1940 1369 1993 de
1421 1937 1560 1991 Filio
1612 1937 1998 2006 praedicantur,

437 2031 703 2099 siquidem
761 2030 878 2100 ipse
931 2026 1104 2085 Filius
1161 2045 1266 2084 non
1327 2029 1538 2098 repellit
1574 2027 1793 2082 Patrem
1838 2027 1909 2083 ab
1940 2028 2007 2082 iis

436 2120 713 2190 operibus,
748 2135 872 2190 qua:
925 2120 1128 2176 dicitur
1207 2120 1392 2176 facere
1438 2120 1643 2176 Filius:
1701 2120 1832 2190 quin
1900 2135 2004 2174 una

435 2213 618 2280 potius
655 2212 861 2267 inducit
888 2221 1048 2280 atque
1077 2211 1364 2268 collaudat.
1399 2212 1627 2278 Quando
1651 2213 1776 2267 item
1813 2210 2006 2266 Dexte-

439 2319 500 2358 ra
533 2302 718 2360 Patris
763 2314 848 2360 est
887 2303 1084 2368 Filius,
1113 2316 1168 2360 et
1196 2303 1486 2360 Bracltium
1505 2306 1547 2370 ⁸,
1577 2315 1634 2359 et
1658 2303 1935 2374 Sapientia
1959 2303 2003 2372 ⁷,

436 2403 492 2448 et
532 2393 789 2457 Verbum,
828 2405 883 2449 et
908 2393 1157 2450 Potentia
1178 2395 1223 2457 ⁸.
1257 2394 1440 2459 Pater,
1480 2395 1618 2450 nihil
1665 2395 1856 2450 borum
1884 2409 2008 2450 esse

437 2485 635 2538 dicitur
666 2482 787 2538 Filii
816 2501 832 2539 :
866 2487 1061 2541 merito
1092 2501 1186 2554 per
1217 2485 1418 2540 Filium
1440 2488 1625 2542 omnia
1653 2486 1830 2542 facere
1849 2485 2008 2541 Pater

437 2573 544 2627 tlici
577 2574 748 2644 possit
776 2574 920 2644 (cum
963 2584 1018 2628 et
1049 2575 1101 2628 in
1133 2575 1289 2629 nobis
1319 2576 1508 2631 eadem
1527 2585 1786 2632 cernatur
1818 2572 2004 2645 ratio),

439 2682 543 2721 non
578 2681 608 2720 e
640 2667 856 2722 diverso
879 2665 1051 2722 Filius
1075 2683 1170 2738 per
1206 2667 1448 2722 Patrem.

509 2836 681 2892 Aﬂ'ert
716 2849 772 2893 et
797 2839 957 2894 aliam
990 2855 1211 2896 causam
1261 2843 1390 2913 (non
1411 2841 1524 2910 jam
1560 2843 1740 2898 allatae
1773 2854 2007 2900 contro-

440 2930 658 2995 versiae,
687 2934 784 2986 sed
829 2933 1076 3001 proxime
1117 2935 1496 3007 praecedentis)
1529 2950 1635 2990 non
1659 2935 1793 2992 satis
1831 2936 2006 3004 illam,

438 3031 499 3076 ut
558 3023 692 3084 mihi
743 3023 981 3090 videtur,
1037 3035 1484 3082 consentaneam.
1544 3028 1756 3084 Asserit
1812 3030 2002 3085 enim:

439 3113 889 3185 Quandoquidem
921 3118 1102 3172 omnia
1145 3133 1240 3188 per
1263 3117 1458 3174 Filium
1485 3118 1627 3174 facta
1657 3135 1780 3177 esse
1811 3121 2004 3178 dicun-

2109 1836 2210 1890 ὅσα
2260 1836 2564 1910 θεοπρεπῆ,
2597 1838 2812 1910 Πατρός
2854 1856 2913 1894 τε
2939 1840 3035 1894 καὶ
3065 1840 3222 1910 Υίοῦ,
3265 1844 3358 1897 ἐπὶ
3388 1844 3574 1915 μέντοι
3603 1848 3697 1900 τὸν

2121 1926 2341 1998 Πατέρα
2371 1927 2667 1998 ἀνάγεσθαι
2699 1931 2796 1984 καὶ
2829 1930 2929 1986 ὅσα
2961 1929 3180 2000 λέγεται
3211 1936 3342 2006 περὶ
3383 1935 3479 1988 τοῦ
3542 1936 3698 2005 Υίοῠ,

2109 2017 2269 2090 εῖπερ
2325 2018 2420 2073 καὶ
2469 2020 2683 2086 αὐτδςδ
2713 2021 2875 2087 Υίός·
2907 2022 3106 2077 οὐκοῦν
3142 2025 3243 2079 οὐκ
3286 2027 3533 2098 ἐξίστησι
3584 2029 3697 2083 τῶν

2107 2110 2287 2182 ἔργων
2316 2111 2408 2166 τὸν
2435 2113 2677 2184 Πατέρα,
2707 2113 2744 2169 ἀ
2775 2114 2996 2184 λέγεται
3042 2117 3306 2189 πράττειν
3338 2121 3367 2172 6
3396 2120 3544 2186 Υίὸς,
3575 2139 3699 2177 συνο

2107 2202 2316 2271 εισάγει
2369 2202 2427 2256 δὲ
2442 2203 2488 2235 ’⁸
2521 2204 2724 2274 μᾶλλον
2767 2207 2864 2260 καὶ
2915 2212 3264 2281 συνανυμνεῖ.
3298 2212 3420 2266 Ἔτι
3466 2212 3523 2267 δὲ
3565 2215 3695 2268 ἐπεὶ

2106 2293 2256 2362 δεξιά
2279 2294 2370 2349 τοῦ
2389 2295 2601 2366 Πατρδς
2619 2297 2810 2368 ὀΥίδς,
2839 2301 2934 2353 καὶ¹
2963 2301 3231 2372 Βραχίων,
3258 2303 3352 2357 καὶ
3377 2305 3565 2374 Σοφία,
3603 2308 3698 2360 καὶ

2106 2386 2297 2454 Λόγος,
2327 2387 2423 2440 καὶ
2450 2387 2690 2459 Δύναμις
2717 2405 2732 2420 ·
2765 2391 2794 2443 6
2819 2384 2878 2466 δὲ
2909 2391 3102 2464 Πατὴρ
3123 2393 3330 2458 τούτων
3353 2393 3508 2449 οὐδὲν
3557 2391 3698 2450 εἶναι

2105 2476 2322 2546 λέγεται
2358 2478 2452 2532 τοῦ
2482 2479 2636 2545 Υίοῦ,
2669 2481 2895 2546 εἰκότως
2931 2482 3021 2537 διὰ
3053 2483 3153 2555 μὲν
3188 2483 3283 2537 τοῦ
3322 2485 3456 2539 Υίοῦ
3511 2486 3693 2541 πάντα

2107 2571 2280 2623 ποιεῖν
2297 2571 2325 2622 6
2350 2569 2540 2642 Πατὴρ
2571 2572 2764 2644 ῥηθείη
2782 2573 2868 2640 ἂν,
2906 2575 3030 2628 ἐπεὶ
3061 2576 3158 2628 καὶ
3189 2577 3277 2646 ἐφ’
3306 2577 3466 2646 ἡμῶν
3488 2579 3522 2650 ἡ
3541 2580 3682 2651 αὐτὴ

2108 2657 2391 2731 θεωρεῖται
2433 2661 2611 2730 τάξις,
2661 2663 2721 2716 οὐ
2757 2663 2866 2736 μὴν
2907 2666 3177 2723 ἀνάπαλιν
3217 2667 3247 2718 6
3275 2665 3401 2733 Υίὺς
3451 2667 3542 2724 διὰ
3587 2670 3685 2724 τοῦ

2108 2751 2342 2824 Πατρός.

2191 2845 2420 2915 Ἐπάγει
2446 2845 2505 2899 δὲ
2528 2849 2622 2901 καὶ
2648 2847 2844 2920 ἑτέραν
2873 2847 3074 2915 αἰτίαν,
3106 2849 3169 2903 οὐ
3200 2849 3300 2920 τῆς
3330 2847 3428 2904 νῦν
3455 2852 3693 2922 siprius-

2109 2952 2207 3008 νης
2235 2937 2490 3008 ἀπορίας,
2517 2938 2619 3010 τῆς
2637 2939 2694 2993 δὲ
2717 2939 2823 3010 πρὸ
2855 2938 3105 3010 βραχέος,
3137 2941 3236 2994 οὐκ
3265 2942 3388 3011 ἐμοὶ
3414 2942 3686 2998 δοκοῦσαν

2108 3029 2169 3083 τὸ
2188 3030 2482 3085 ἀκόλουθον
2532 3031 2748 3098 σώζειν.
2783 3033 2948 3101 Λέγει
2980 3033 3086 3107 γὰρ
3115 3033 3190 3098 ὡς
3224 3035 3348 3088 ἐπεὶ
3372 3037 3558 3109 ,πάντα
3597 3037 3687 3090 διὰ

2106 3121 2200 3176 τοῦ
2232 3120 2363 3177 Υἱοῦ
2391 3123 2723 3194 γεγενῆσθαι
2751 3123 2990 3194 λέγεται,
3024 3127 3076 3180 εί
3111 3126 3187 3198 μὴ
3223 3127 3318 3181 καὶ
3342 3128 3376 3199 ἡ
3404 3127 3683 3198 σάρκωσις

439 3214 553 3268 tur,
587 3205 690 3262 nisi
733 3207 899 3262 etiam
933 3208 1242 3265 incarnatio
1271 3224 1371 3280 per
1424 3209 1577 3266 illum
1628 3214 2006 3283 processisset,

2114 3216 2171 3270 it'
2199 3214 2364 3268 αὐτοῦ
2387 3215 2648 3288 προῆλθε,
2679 3214 2908 3287 ψεύδους
2926 3216 2994 3272 ἂν
3021 3219 3050 3272 6
3077 3218 3255 3287 Λόγος
3310 3218 3534 3292 ἔλεγχον
3568 3221 3682 3275 ἐδί-

436 3293 690 3350 lalsitatis
713 3296 900 3367 utique
927 3312 1306 3370 argumentum
1331 3304 1470 3359 banc
1497 3306 1817 3360 sententiam
1838 3305 2009 3364 fuisse

437 3391 710 3446 daturam.
747 3389 816 3445 At
849 3406 954 3448 non
981 3393 1075 3462 qui
1123 3393 1272 3450 dicat
1297 3409 1396 3466 per
1443 3395 1638 3452 Filium
1697 3397 1841 3454 facta
1884 3413 2008 3456 esse

435 3479 643 3545 omnia,
695 3479 870 3550 ipsum
931 3497 1057 3537 mox
1091 3487 1331 3540 onmium
1378 3498 1601 3544 naturas
1650 3489 1883 3546 subiisse
1925 3491 2010 3545 di-

437 3569 618 3635 xerit;
649 3570 794 3626 absit
825 3573 840 3628 l
877 3570 982 3629 Sed
1028 3571 1159 3646 [hoc
1219 3574 1418 3650 solum]
1473 3578 1642 3648 ipsius
1680 3579 1795 3634 haec
1843 3578 2010 3636 fuisse

437 3671 738 3720 creaturas.

511 3753 801 3824 Sapienter
832 3755 1028 3812 deinde
1073 3760 1330 3813 mundum
1365 3761 1435 3815 ab
1457 3761 1648 3817 eodem
1676 3774 1924 3819 creatum
1955 3771 2012 3818 et

441 3855 751 3900 recreatum
800 3851 1024 3903 asserit.
1087 3850 1486 3922 Argumentum
1539 3857 1686 3909 enim
1735 3855 1839 3911 hoc
1886 3870 2012 3912 esse

437 3938 684 4002 evidens,
711 3952 820 4006 quo
872 3941 961 4008 qui
995 3939 1232 3996 nanctis
1274 3944 1501 3999 insania:
1549 3947 1884 4013 adhaereant,
1925 3964 2010 4002 re-

436 4027 626 4096 dargui
666 4029 896 4097 possint.
948 4029 1080 4086 Nam
1109 4034 1153 4087 si
1193 4034 1356 4104 impia
1436 4035 1523 4090 illa
1573 4035 1998 4092 Manichaeorum

439 4119 620 4184 turba,
650 4135 773 4174 cum
788 4123 855 4176 ab
876 4123 1064 4178 eodem
1093 4137 1382 4197 utrumque
1405 4142 1558 4183 sacra
1585 4127 1864 4200 Scriptura
1895 4143 2012 4200 per-

437 4207 639 4264 fectum
703 4212 926 4278 clamat,
971 4223 1151 4280 tamen
1200 4218 1438 4274 universi
1461 4220 1733 4288 opiﬁcium
1765 4219 1885 4276 Filii
1923 4222 2014 4274 ad-

438 4305 680 4359 versario
714 4307 899 4362 nescio
919 4310 1003 4363 cui
1035 4311 1322 4369 attribuit:
1354 4314 1422 4368 ad
1475 4329 1597 4384 quae
1647 4330 1754 4369 non
1803 4313 2009 4388 [putas]

2105 3305 2220 3360 δου.
2276 3306 2352 3360 Οὐ
2378 3305 2487 3378 γὰρ
2537 3307 2758 3362 ἐπειδὰν
2786 3307 2920 3380 λέγῃ
2948 3307 3038 3362 διά
3059 3307 3155 3363 τοῦ
3184 3308 3316 3363 Υίοῦ
3361 3310 3693 3382 γεγενῆσθαι

2105 3399 2306 3464 πάντα,
2351 3399 2514 3452 αὐτὸν
2541 3398 2640 3470 τὴν
2665 3397 2891 3453 ἐκείνων
2920 3398 3082 3468 φύσιν
3115 3401 3456 3472 ὑποδραμεῖν
3495 3401 3684 3471 λέγοι·

2111 3488 2189 3562 μὴ
2220 3491 2464 3560 γένοιτο·
2512 3489 2628 3544 ἀλλ’
2663 3491 2748 3545 ὅτι
2797 3489 2965 3545 αὐτοῦ
3027 3490 3490 3565 δημιουργήματα
3536 3495 3697 3563 γέγο.

2115 3597 2228 3636 νεν.

2179 3757 2314 3815 Εἶτα
2368 3759 2550 3830 σοφῶς
2575 3759 2634 3815 δὲ
2664 3761 2767 3834 τήν
2809 3776 2871 3815 τε
2895 3760 3265 3833 δημιουργίαν
3305 3762 3402 3816 καὶ
3429 3761 3530 3832 τὴν
3558 3763 3696 3817 ἀνάο

2109 3853 2304 3908 πλασιν
2339 3853 2407 3908 δι’
2433 3852 2600 3908 αὐτοῦ
2649 3853 2788 3925 φησὶ
2814 3852 3098 3924 προελθεῖν
3118 3870 3134 3886 ·
3167 3853 3388 3925 ἔλεγχον
3413 3855 3521 3926 γὰρ
3557 3849 3698 3909 εἶναι

2108 3945 2299 4000 τοῦτον
2315 3945 2362 3978 ⁸⁸
2420 3945 2568 4016 σαφῆ
2595 3945 2706 3999 τῶν
2753 3946 2864 4000 ἀπὸ
2909 3945 3013 4017 τῆς
3041 3947 3086 3979 ³⁸
3139 3947 3420 4011 Μανέντος
3467 3946 3692 4018 μανίας.

2110 4035 2303 4107 Είγάρ
2363 4037 2457 4090 καὶ
2484 4035 2554 4089 δι’
2583 4034 2750 4091 αὑτοῦ
2785 4035 3047 4106 ἑκάτερον
3098 4036 3202 4106 τῆς
3255 4039 3410 4108 ίερᾶς
3462 4037 3692 4108 Γραφῆς

2109 4127 2439 4199 γεγενῆσθαι
2496 4127 2709 4199 βοώσης
2752 4128 2903 4200 ὅμως
2928 4129 3028 4201 τὴν
3057 4129 3152 4184 τοῦ
3184 4131 3387 4192 παντὸς
3413 4131 3689 4200 δημιουρ-

2110 4221 2236 4289 γίαν
2285 4221 2366 4285 είς
2420 4221 2799 4292 ἀντικείμενόν
2845 4239 2968 4278 τινα
3020 4220 3102 4294 τῷ
3157 4221 3272 4293 Υίῷ
3314 4222 3377 4276 τὸ
3427 4222 3692 4286 δυσσεὸὲς

2110 4313 2288 4366 ἐκεῖνο
2345 4313 2535 4381 στῖφος
2562 4311 2921 4385 ἀναφέρουσι,
2964 4311 3102 4385 πρὸς
3123 4312 3248 4367 τίνα
3279 4311 3346 4367 ἀν
3367 4311 3686 4383 δυσφημίαν

436 4393 723 4449 maledicta
754 4397 1153 4470 confugissent,
1180 4401 1228 4457 si
1278 4403 1347 4458 ab
1401 4403 1573 4457 altero
1602 4403 1804 4459 factum
1845 4419 2005 4458 mun-

2114 4404 2212 4459 οὐκ
2264 4403 2473 4474 ἦλασαν
2497 4443 2513 4469 ,
2568 4403 2618 4456 εί
2657 4402 2726 4457 δι’
2792 4403 2985 4476 ἑτέρου
3055 4402 3158 4474 μὲν
3213 4402 3314 4475 τὴν
3357 4403 3560 4456 πλάσιν
3611 4403 3683 4458 δι’

433 4483 584 4549 dum,
637 4487 708 4543 ab
744 4488 918 4546 altero
967 4493 1228 4548 relectum
1263 4509 1436 4550 sacra:
1488 4495 1707 4551 Litterae
1755 4509 2002 4566 pronun-

2114 4499 2297 4566 ἑτέρου
2317 4496 2375 4550 δὲ
2393 4495 2494 4567 τὴν
2536 4494 2844 4552 ἀνάπλασιν
2869 4495 2941 4551 τὰ
2969 4495 3093 4569 ῑερά
3155 4495 3291 4568 ἡμῖν
3343 4493 3688 4567 ἐχρησμῴδει

435 4577 665 4634 tiassent
681 4579 706 4634 τ

501 4671 583 4726 Ad
611 4687 676 4727 ea
721 4688 842 4744 qua:
895 4677 1056 4731 modo
1090 4676 1373 4733 retulimus
1413 4678 1594 4748 capita
1651 4678 1997 4734 undecimum

434 4760 564 4814 illud
589 4761 793 4830 adjicit.
830 4763 995 4829 Cum,
1030 4766 1205 4836 inquit
1241 4765 1448 4834 Jobius,
1486 4767 1770 4838 Scriptura
1805 4768 2002 4824 Filium

434 4868 530 4920 per
544 4854 920 4911 excellentiam
937 4859 1225 4927 quamdam
1244 4859 1564 4915 Creatorem
1591 4875 1788 4916 vocare
1813 4860 2004 4924 soleat,

427 4945 578 5010 justa
613 4945 773 5001 simul
816 4948 1220 5016 distributione,
1251 4961 1308 5007 et
1357 4966 1426 5006 ex
1481 4952 1836 5022 consequenti
1884 4967 2010 5008 cum

427 5035 737 5118 iudicandi,
776 5050 888 5093 tum
941 5039 1087 5110 leges
1140 5042 1348 5098 ferendi
1386 5053 1711 5112 potestatem
1758 5043 2013 5113 privatim

431 5123 536 5196 'psi
561 5129 829 5197 decernit,
863 5146 928 5188 ac
961 5132 1130 5188 multo
1183 5135 1348 5188 etiam
1400 5135 1571 5206 magis
1623 5132 1866 5205 (quando
1895 5135 2014 5189 haec

431 5217 734 5276 deformata
776 5221 918 5293 erat)
955 5234 1224 5280 creatura:
1279 5225 1612 5280 renovandae
1665 5223 2003 5281 facultatem.

2105 4591 2216 4659 Λόγ
2221 4606 2276 4644 ια
2290 4605 2307 4655 ;

2189 4682 2314 4735 Ἐπὶ
2341 4680 2401 4735 δὲ
2440 4682 2554 4744 τοῖς
2586 4681 2900 4753 εἰρημένοις
2949 4681 3267 4752 κεφαλαίοις
3329 4685 3568 4736 ποιεῖται
3592 4679 3681 4750 ια’,

2108 4775 2184 4840 ῶς
2209 4775 2334 4848 [584
2353 4773 2444 4848 ιι]
2461 4774 2751 4845 συνήθωςὴ
2777 4775 2967 4846 Γραφὴ
2985 4777 3105 4830 κατ’
3118 4774 3396 4846 ἐξαίρετον
3412 4779 3685 4847 Δημιουρ-

2113 4868 2211 4936 γὸν
2243 4865 2486 4920 καλοῦσα
2509 4865 2605 4918 τὸν
2659 4864 2790 4918 Υίὸν
2841 4866 3204 4934 οἰκονομικῶς
3251 4867 3403 4936 αὐτῷ
3453 4865 3596 4918 κατά
3623 4865 3686 4916 τὸ

2112 4953 2406 5010 ἀκόλουθον
2426 4953 2521 5007 καὶ
2535 4952 2634 5024 τὴν
2659 4952 2840 5025 κρίσιν
2865 4955 2959 5008 καὶ
2981 4956 3081 5024 τὴν
3099 4954 3423 5026 νομοθεσίαν
3456 4955 3682 5025 ἐξαιρεῖ,

2115 5044 2298 5117 πολλῷ
2341 5045 2401 5098 δὲ
2443 5044 2644 5116 μᾶλλον
2692 5044 2791 5098 καὶ
2837 5043 2937 5114 τὴν
3010 5046 3158 5114 (ἐπεὶ
3218 5045 3537 5117 συνετρίϐη)
3587 5045 3684 5098 τοῦ

2119 5137 2438 5208 πλάσματος
2489 5136 2810 5190 ἀνανέωσιν.
2840 5135 3190 5206 Δημιουργοῦ
3215 5137 3317 5208 μὲν
3344 5136 3455 5208 γὰρ
3484 5136 3683 5190 εἰδέναι

2112 5229 2212 5298 τὴν
2231 5225 2418 5297 φύσιν,
2448 5224 2627 5279 εἰδότα
2643 5223 2702 5278 δὲ
2731 5223 2876 5278 κατά
2903 5223 3063 5293 λόγον
3093 5225 3205 5279 τῶν
3228 5224 3536 5297 δεχομένων
3555 5221 3684 5286 τοὺς

503 5377 702 5453 'Joan.
723 5395 764 5450 ι,
786 5382 841 5438 5.
916 5382 940 5416 ⁸
973 5384 1131 5440 Rom.
1162 5400 1223 5452 ιι,
1259 5383 1348 5441 56.
1426 5385 1450 5417 ⁵
1480 5383 1648 5441 Hebr.
1680 5401 1722 5453 ι,
1747 5384 1805 5440 2.
1881 5386 1903 5418 ⁸
1928 5383 2007 5440 Ps:

2114 5384 2355 5448 xun,3.
2430 5379 2645 5436 'lCor.
2685 5397 2722 5447 I,
2745 5381 2837 5438 21.
2911 5380 3115 5439 'Joan.
3152 5398 3194 5448 ι,
3249 5383 3274 5436 1
3335 5379 3678 5452 seqq.;Psal.

437 5462 612 5516 axx",
637 5451 693 5506 8.

1725 5541 1955 5600 VARl/E
1997 5541 2402 5600 LECTIONES.

501 5654 768 5729 ”_1:tiv1:a]
822 5655 975 5714 Joan.
1011 5674 1048 5722 ι,
1083 5657 1136 5713 5.

439 5723 488 5756 '°
511 5725 611 5796 τῆς
638 5723 842 5782 οιιι.Ἀ.

1085 5657 1136 5713 5.
1216 5657 1262 5691 ¹⁶
1299 5653 1380 5728 ἐξ]
1418 5655 1572 5712 Rom.
1609 5671 1684 5723 xl,
1717 5656 1806 5710 '56.
1901 5657 1946 5689 "
1980 5647 2153 5726 διὀὗῖ
2217 5655 2378 5709 ιιιιιπ.
2429 5670 2466 5721 t,
2496 5653 2550 5708 ‘2.
2658 5655 2703 5687 ’⁸
2728 5655 2788 5709 δὲ
2828 5653 2867 5708 Α
2907 5674 2920 5709 :
2959 5654 3014 5709 δὲ
3059 5653 3154 5709 καὶ
3202 5673 3264 5720 ς.
3367 5656 3410 5690 ⁸³
3431 5655 3586 5710 τοῦτο
3611 5656 3674 5711 Α.
