4030 6248
339 271 442 334 ’741
759 267 764 269 ⁷
1422 270 1899 341 ΒΙΒΙᾸΟΤΗΕΕΆ

2002 294 2033 306 -
2058 268 2219 331 COD.
2248 267 2530 331 CCXXII.
3478 270 3583 331 742

339 384 540 450 νόμους
568 379 863 450 εἰσφέρειν,
895 381 1184 451 νομοθέτου
1228 380 1285 434 δὲ
1315 382 1409 435 καὶ
1442 382 1540 451 τὴν
1566 380 1747 450 κρίσιν
1786 379 1899 449 ἔχει

2031 376 2336 432 Conditoris
2383 379 2579 431 etenim
2619 384 2703 432 est
2741 384 3048 432 creaturam
3082 391 3266 442 nosse.
3296 389 3349 432 et
3370 380 3459 434 ubi
3488 399 3584 435 no-

340 472 453 523 τῶν
490 487 553 523 τε
585 471 627 502 ³⁸
662 473 787 535 τοὺς
812 471 1008 542 νόμους
1042 472 1404 542 ὑπεριδόντων
1447 473 1544 525 καὶ
1559 472 1673 525 ὅσοι
1701 469 1820 524 κατ’
1849 470 1899 524 αἰ

2022 468 2187 531 verit,
2218 481 2314 536 pro
2334 469 2740 536 suscipientiqu
2771 470 3082 524 conditione
3107 469 3251 538 leges
3282 472 3441 525 ferre.
3476 471 3577 526 Le-

340 563 470 624 τοὺς
504 561 939 617 ἐπολιτεύσαντο.
965 563 1056 615 Διὸ
1073 564 1169 617 καὶ⁸
1193 561 1438 631 ὁΠατὴρ
1454 563 1497 594 ³²
1526 562 1678 633 φησὶ,
1705 560 1899 628 κρίνει-

2020 557 2297 626 gislatoris
2330 560 2525 630 183a
2560 575 2686 616 vero
2712 569 2795 615 est
2847 559 3112 628 judicium
3164 560 3328 626 ferre,
3358 578 3478 615 cum
3525 564 3579 616 in

341 650 585 716 οὐδένα,
612 652 773 707 ἀλλὰ
796 651 910 721 τὴν
951 654 1153 721 κρίσιν
1178 653 1385 708 πᾶσαν
1410 652 1630 707 δέδωκε
1648 651 1729 717 τῷ
1765 647 1876 715 ΥῙῷ

2018 661 2114 701 eos
2138 648 2229 715 qui
2250 648 2420 717 legem
2444 651 2773 718 spreverint,
2791 659 2902 704 tum
2936 651 2988 704 in
3011 665 3127 713 eos,
3159 651 3252 720 qui
3289 652 3581 706 secundum

340 742 440 795 καὶ
466 742 649 805 πάλιν,
666 741 728 795 '0
764 743 966 810 Πατὴρ
991 742 1035 775 ³³
1051 742 1254 812 ἀγαπᾷ
1288 742 1394 797 τὸν
1421 743 1577 807 Υίὸν,
1597 740 1698 795 καί
1721 741 1899 793 mira

2017 736 2165 791 illam
2198 738 2475 813 vixerint:
2516 742 2714 806 Quare,
2751 742 2947 811 inquit,
2996 740 3160 796 Pater
3222 760 3323 796 non
3370 743 3583 812 judicat

336 834 599 889 δέδωκεν
622 835 692 888 ἐν
729 834 805 904 τῇ
853 834 1003 905 χειρὶ
1047 836 1253 891 αὑτοῦ.
1303 836 1399 898 Ὃς
1453 833 1809 888 ἀναπλάττων
1856 847 1899 885 τι

2012 843 2345 898 quemquam,
2400 832 2489 883 sed
2535 848 2683 885 omne
2730 832 2993 899 judicium
3050 835 3194 887 dedit
3246 832 3465 888 Filio’.
3521 834 3585 887 Et

337 928 569 997 πλάσμα
591 926 659 979 δι’
686 927 902 992 ἑαυτοῦ,
950 927 1047 982 καὶ
1075 927 1292 997 πρῶτος
1317 927 1445 989 τοὺς
1478 926 1676 996 νόμους
1707 923 1914 994 ἐκπλη-

342 1019 474 1089 ρῶν,
504 1019 865 1090 ὑπογραμμὸν
909 1022 1039 1090 ἡμῖν
1067 1021 1262 1074 ἑαυτὸν
1289 1022 1583 1091 προτάττει
1612 1018 1910 1082 πολιτείας,

335 1110 405 1182 ἢν
427 1111 488 1163 οὐ
525 1110 869 1182 κατορθῶσαι
918 1113 1154 1183 χαλεπὸν
1204 1113 1341 1184 πρὸς
1391 1112 1483 1165 τὸν
1536 1110 1775 1181 ἀρχηγὸν
1808 1111 1909 1177 ἀφο

334 1202 581 1273 ορῶντας
612 1204 705 1257 καὶ
730 1205 1090 1274 χειραγωγόν.
1125 1206 1381 1275 ’Ἄριστος
1415 1204 1474 1258 δὲ
1502 1203 1822 1274 νομοθέτης,
1848 1200 1909 1263 ὃς

337 1294 415 1364 μὴ
445 1295 589 1365 λόγῳ
636 1295 796 1365 μόνον
838 1297 901 1349 τὸ
940 1297 1249 1368 πρακτέον,
1314 1297 1495 1367 ἔργοις
1510 1298 1557 1329 ³⁸
1598 1296 1654 1350 δὲ
1705 1295 1903 1366 μᾶλλον

332 1386 644 1454 νομοθετεῖ*
675 1387 755 1441 διὸ
793 1389 887 1444 καί
929 1405 1095 1459 φησιν
1115 1406 1131 1422 ·
1163 1382 1279 1445 Ὧν
1293 1389 1338 1422 ³⁸
1361 1389 1586 1459 ἤρξατο
1606 1390 1639 1444 ὁ
1673 1386 1905 1457 Ἰησοῦς

332 1477 531 1532 ποιεῖν
561 1495 625 1532 τε
660 1479 764 1534 καὶ
796 1472 1129 1535 διδάσκειν.

2012 917 2251 974 iterum:
2310 918 2474 973 Pater
2519 922 2687 992 diligit
2734 921 2960 990 Filium,
3011 934 3058 977 et
3118 926 3295 978 omnia
3342 927 3485 978 dedit
3530 928 3583 978 in

2011 1028 2173 1065 manu
2197 1011 2315 1080 ejus
2340 1012 2407 1067 ¹⁰.
2442 1012 2542 1079 Qui
2571 1025 2879 1068 creaturam
2906 1029 3005 1084 per
3061 1024 3238 1071 semet
3289 1016 3580 1086 refingens,

2008 1114 2062 1157 et
2091 1104 2298 1172 primus
2332 1101 2477 1174 leges
2504 1104 2750 1172 implens,
2783 1107 3087 1175 exetnplum
3122 1108 3277 1161 nobis
3321 1108 3579 1176 degendae

2006 1193 2132 1248 vita;
2172 1194 2410 1263 seipsum
2471 1197 2820 1265 praescribit:
2857 1212 3017 1266 quam
3051 1199 3218 1253 vitam
3276 1198 3432 1253 facile
3501 1210 3582 1253 est

2009 1295 2157 1339 recte
2202 1284 2510 1347 instituere.
2562 1286 2611 1339 si
2666 1286 2828 1341 modo
2881 1288 2932 1340 in
2993 1288 3581 1357 principem,etmanu

2009 1376 2296 1430 ducentem
2341 1376 2717 1445 respiciamus.
2759 1376 3005 1445 Optimus
3046 1380 3241 1449 quippe
3298 1381 3577 1448 legislator

2008 1464 2118 1528 ille,
2152 1465 2242 1534 qui
2270 1478 2375 1520 nOn
2398 1465 2576 1520 verbis
2596 1468 2752 1519 modo
2775 1468 2901 1536 quid
2923 1473 3212 1537 agendum,
3244 1471 3339 1524 sed
3368 1472 3582 1527 actione

2006 1556 2183 1627 potius
2215 1558 2328 1625 ipsa
2359 1557 2535 1625 pmeit,
2567 1572 2725 1627 quam
2748 1561 2910 1612 etiam
2934 1560 3004 1614 ob
3032 1574 3147 1614 rem
3190 1562 3419 1617 dicitur:
3448 1562 3580 1628 Quae

2005 1649 2156 1717 erepit
2183 1647 2337 1702 Jesus
2360 1648 2531 1716 facere
2553 1656 2602 1701 et
2623 1648 2804 1702 docere
2828 1651 2892 1705 “.

420 1740 651 1812 Ἐφεξῆς
676 1742 733 1796 δὲ
767 1741 921 1813 ζητεῖ
949 1741 1053 1797 Διὰ
1082 1741 1244 1812 τίμὴ
1268 1739 1345 1796 δι’
1371 1739 1687 1810 ἀνθρώπου
1716 1741 1755 1809 ἠ
1788 1754 1899 1793 σω-

2080 1736 2167 1800 11,
2202 1733 2410 1801 Quterit
2438 1735 2659 1789 deinde:
2694 1734 2872 1800 Quare
2923 1754 3027 1792 non
3083 1754 3178 1806 per
3214 1739 3474 1792 hominem
3507 1739 3573 1789 sit

330 1833 551 1899 Inpia;
578 1832 612 1901 ἢ
640 1832 743 1886 Διὰ
773 1834 832 1886 τί
859 1831 941 1901 μὴ
988 1832 1244 1903 ἅγγελος
1292 1829 1759 1900 ἐνηνθρώπησε;
1786 1829 1897 1883 Καί

332 1940 503 1992 φησιν
535 1924 609 1987 ὡς
640 1925 1131 1997 πεπραγμάτευται
1168 1924 1269 1995 μὲν
1296 1923 1559 1986 πολλάκις
1584 1922 1652 1976 δι’
1691 1920 1901 1994 ἀνθρὼ-

329 2031 452 2067 πων
485 2014 593 2068 τῶν
628 2016 907 2087 ὁμογενῶν
947 2018 980 2087 ή
1009 2016 1274 2087 σωτηρία,
1303 2015 1497 2087 ὥσπερ
1531 2014 1619 2069 διά
1656 2014 1898 2078 Μωσέως

330 2109 429 2159 καὶ
457 2105 545 2159 διά
570 2107 677 2159 τῶν
704 2106 1018 2180 προφητῶν,
1040 2107 1153 2161 ἀλλ’
1180 2107 1302 2161 οὐδὲ
1330 2106 1388 2160 ἓν
1407 2106 1699 2177 ὁλόκληρον
1722 2105 1895 2173 ἔθνος,

328 2196 441 2250 τῶν
479 2198 748 2252 Ἰουδαίων
786 2199 947 2268 λέγω,
976 2198 1071 2251 τοῦ
1098 2197 1278 2253 κοινοῦ
1300 2198 1621 2270 ἀνερῤώσθη
1656 2199 1898 2270 νοσήμα-

330 2305 444 2352 τος.
464 2288 589 2351 Πῶς
613 2288 671 2341 δὲ
693 2290 786 2343 καὶ
807 2288 1096 2362 ἀνθρώπου
1124 2288 1185 2343 τὸ
1210 2290 1333 2344 ὅλον
1354 2290 1584 2361 φύραμα
1608 2292 1900 2364 νενοσηκὸς

329 2380 673 2447 ὲξιάσασθαι,
707 2380 741 2452 ἢ
774 2380 863 2434 τὸν
906 2380 1124 2453 ίσχυρὸν
1148 2380 1341 2451 δῆσαι,
1387 2382 1484 2435 καὶ
1518 2382 1709 2436 τούτου
1742 2382 1899 2455 διαρ-

329 2472 507 2525 πάσαι
535 2475 603 2526 τά
634 2471 836 2543 σκεύη;
862 2470 986 2544 [501
1017 2472 1112 2544 [1.]
1140 2473 1264 2536 Πῶς
1297 2472 1353 2525 δὲ
1374 2473 1468 2527 καὶ
1503 2472 1655 2543 ψιλὸς
1687 2474 1900 2544 ἄνθρω-

330 2580 436 2625 πος
461 2563 522 2615 τὸ
547 2562 806 2634 ὁμογενὲς
840 2562 1196 2635 ἐξεκάθηρεν,
1231 2563 1394 2627 αὐτὸς
1436 2563 1661 2635 μέτοχος
1699 2562 1777 2617 ὣν
1803 2563 1897 2617 τοῦ

331 2656 721 2727 ρυπάσματος;
768 2656 976 2723 Οὐδεὶς
1005 2656 1050 2688 ³⁸
1087 2658 1198 2727 γὰρ
1234 2657 1350 2713 ἀπὸ
1376 2657 1577 2725 ῥύπου
1617 2658 1896 2725 καθαρός.

331 2748 458 2802 Οὐδ’
487 2747 717 2817 ἀγγέλου
767 2748 825 2801 δέ
870 2765 1015 2812 τινος
1054 2743 1144 2819 ἦν,
1176 2749 1226 2801 εί
1255 2746 1352 2819 τὴν
1398 2749 1675 2819 σάρκωσιν
1707 2746 1898 2801 ἐπετέ-

328 2856 562 2909 τραπτο,
583 2838 683 2902 τὰς
710 2839 885 2910 ἀρχὰς
913 2839 1009 2893 καὶ
1036 2839 1134 2902 τὰς
1168 2838 1417 2906 ἐξουσίας
1450 2837 1812 2910 θριαμϐεῦσαι
1838 2856 1898 2893 τε

331 2933 431 2986 καὶ
471 2932 992 3005 παραδειγματίσαι.
1029 2931 1152 2996 Πῶς
1178 2932 1223 2985 δ’
1269 2931 1335 2987 ἂν
1381 2932 1564 2997 δοῦλος
1597 2931 1673 2985 ὢν
1718 2932 1786 2985 τά
1815 2932 1899 2985 δε·-

332 3023 567 3076 σποτικά
595 3023 688 3076 καὶ
711 3023 863 3093 βασιλ
873 3022 985 3089 ικὰ,
1002 3020 1095 3076 τοῦ
1124 3023 1289 3095 νόμου
1313 3022 1477 3091 λέγω,
1502 3022 1900 3095 προστάγματα

2005 1824 2151 1894 facta
2183 1823 2410 1877 saluatio
2444 1822 2627 1877 ?aut:
2668 1823 2843 1889 Quare
2896 1842 2999 1879 non
3046 1827 3261 1897 angelus
3316 1829 3580 1899 quispiam

2003 1929 2212 1967 carnem
2231 1913 2513 1967 induerit?
2544 1913 2874 1984 Respondet,
2911 1925 3169 1970 tentatam
3211 1918 3427 1986 quidem
3478 1922 3577 1971 lm-

2005 2002 2210 2055 minutn
2257 2002 2484 2057 salutem
2519 2016 2614 2071 per
2633 2003 2879 2058 homines
2900 2019 3004 2058 non
3043 2005 3231 2069 semel,
3256 2022 3351 2076 per
3376 2004 3578 2060 Mosen!

2007 2092 2263 2148 nimirum
2318 2102 2375 2147 et
2428 2093 2746 2163 prophetas:
2809 2096 2904 2149 sed
2972 2110 3246 2163 nunquam
3296 2096 3380 2150 vel
3418 2112 3579 2150 unam

2003 2186 2240 2257 aliquam
2315 2197 2554 2258 gentem,
2604 2197 2770 2242 totam
2820 2186 3126 2243 Iudaeorum
3171 2200 3323 2258 puta,
3364 2191 3432 2243 ab
3485 2191 3576 2244 illo

2006 2279 2280 2336 communi
2304 2280 2497 2336 morbo
2522 2280 2865 2335 convaluisse
2901 2297 2916 2335 :
2951 2282 3222 2351 quomodo
3255 2283 3421 2353 igitur
3472 2282 3573 2337 hu-

2004 2389 2221 2428 manum
2272 2389 2443 2444 genus
2472 2374 2782 2428 universum
2813 2412 2830 2438 ,
2884 2375 3074 2430 morbo
3119 2384 3451 2445 correptum,
3486 2392 3573 2432 sa-

2002 2473 2247 2530 nassent,
2279 2474 2374 2519 aut
2435 2463 2630 2519 fortem
2677 2465 2937 2536 ligassent
2965 2467 3031 2533 ¹³,
3065 2477 3229 2536 atque
3266 2468 3383 2540 ejus
3424 2485 3575 2524 arma

2004 2554 2402 2610 abstulissent?
2436 2555 2716 2623 Quomodo
2756 2572 2885 2612 vero
2917 2573 3087 2629 purus
3122 2561 3283 2613 homo
3326 2561 3571 2629 ejusdem

2002 2660 2189 2702 secum
2239 2656 2445 2701 natura:
2503 2647 2778 2703 hominem
2829 2659 3205 2719 expurgasset,
3252 2653 3566 2707 earumdem

2004 2737 2121 2806 ipse
2144 2740 2409 2807 particeps
2429 2740 2714 2794 sordium?
2748 2739 2913 2795 Nemo
2946 2743 3088 2795 enim
3116 2761 3147 2797 a
3197 2746 3351 2798 sorde
3398 2762 3559 2798 mun-

2003 2828 2102 2881 dus
2132 2827 2195 2882 “.
2233 2827 2418 2898 Neque
2444 2844 2631 2883 rursus
2663 2830 2837 2900 angeli
2868 2830 3028 2886 ullius
3058 2841 3198 2900 erat,
3230 2835 3275 2889 si
3324 2834 3399 2889 illi
3423 2849 3574 2889 com-

2002 2920 2164 2973 missa
2198 2916 2387 2973 fuisset
2405 2921 2729 2985 lncaruatio,
2751 2922 3083 2992 principatus
3111 2935 3166 2979 et
3205 2934 3502 2995 potestates
3525 2926 3571 2957 ¹⁸

2002 3008 2057 3063 in
2113 3010 2443 3081 triumphum
2500 3012 2720 3075 ducere,
2761 3028 2824 3068 ac
2857 3015 3033 3085 palam
3067 3017 3383 3071 traducere.
3414 3016 3563 3083 Quo-

328 3116 471 3187 πρὸς
496 3115 598 3186 τὴν
625 3114 994 3185 εὐαγγελικὴν
1019 3113 1318 3181 πολιτείαν,
1340 3115 1409 3167 δι’
1439 3110 1508 3187 ἦς
1539 3115 1670 3185 ἡμῖν
1699 3116 1733 3185 ἡ
1762 3115 1897 3185 πρὸς

2002 3100 2163 3153 modo
2209 3100 2373 3155 etiam
2428 3116 2620 3156 servus
2655 3104 2920 3171 potuisset
2973 3103 3248 3160 Dominica
3298 3122 3362 3162 ac
3426 3108 3572 3178 regia

326 3208 592 3280 οὐρανοὺς
626 3208 833 3273 ἄνοδος,
881 3206 1284 3280 μετερρύθμιζέ
1317 3224 1381 3262 τε
1427 3209 1524 3264 καὶ
1548 3207 1896 3280 periturae»),

324 3298 520 3369 ῶσπερ
543 3301 571 3352 ὁ
594 3297 1080 3371 Σωτὴρ,Ἐρῤέθη,
1105 3297 1151 3331 ³⁷
1181 3297 1374 3367 λέγων,
1393 3296 1477 3363 τῷ
1525 3297 1689 3367 νόμῳ
1732 3296 1898 3364 τάδε,

325 3389 445 3461 ἐγὼ
475 3390 544 3443 δὲ
571 3390 729 3461 λέγω
752 3389 896 3461 ὑμῖν
934 3390 1099 3457 τάδε,
1129 3390 1247 3455 πῶς
1278 3389 1322 3443 δ’
1363 3390 1430 3445 ἄν
1470 3389 1762 3460 ὁμοδούλου
1800 3407 1897 3444 κε-

326 3481 577 3546 λεύοντος
621 3482 694 3537 τὰ
731 3482 985 3555 δαιμόνια
1038 3483 1135 3536 καλ⁵
1177 3484 1207 3537 ὁ
1261 3480 1467 3536 τούτων
1505 3482 1688 3553 ἄρχων
1722 3482 1803 3547 είς
1837 3478 1905 3535 τὺ

328 3573 522 3637 σκότος
564 3574 945 3645 ἀπεπέμπετο,
981 3575 1116 3629 ὅπου
1161 3592 1226 3644 γε
1260 3575 1291 3627 ὁ
1333 3574 1671 3646 ἀρχάγγελος
1713 3574 1758 3606 ³⁸
1794 3574 1900 3627 Μι-

326 3662 490 3734 χαὴλ,
539 3663 665 3733 περὶ
704 3663 822 3727 ἑνὸς
869 3663 1121 3731 σώματος
1152 3663 1248 3717 τοῦ
1283 3664 1551 3729 Μωσέως,
1591 3663 1687 3717 καὶ
1727 3663 1897 3716 ταῦτα

325 3754 559 3818 δικαίου,
603 3754 682 3826 τῷ
730 3753 962 3826 διαϐόλῳ
1019 3754 1446 3826 διαφερόμενος,
1485 3754 1586 3809 οὐκ
1628 3753 1898 3826 ἐτόλμησε

328 3846 464 3917 παρ’
492 3846 685 3898 ἑαυτοῦ
720 3844 1042 3916 βλάσφημον
1075 3843 1379 3913 ἐξενεγκεῖν
1410 3845 1530 3900 κατ’
1569 3844 1736 3901 αὐτοῦ
1771 3844 1898 3916 κρί-

330 3954 454 4004 σιν;
492 3938 635 4009 Πρὸς
678 3936 953 4011 υἱοθεσίαν
983 3937 1040 3991 δὲ
1084 3936 1188 3990 ποῦ
1233 3936 1299 3990 ἂν
1343 3935 1504 4000 αὐτὸς
1536 3938 1686 4007 ἡμᾶς
1712 3934 1899 4001 δοῦλος

327 4027 406 4081 ὣν
430 4029 704 4099 ἀνήγαγεν
726 4028 808 4096 ³⁹;
846 4027 881 4100 ἢ
936 4026 1055 4091 πῶς
1102 4026 1170 4081 ἂν
1227 4026 1481 4100 σύνεδρον
1528 4027 1607 4099 τῷ
1644 4026 1897 4099 πατρικῷ

330 4119 506 4191 θρόνῳ
535 4120 594 4174 τὸ
622 4118 910 4192 ἡμέτερον,
929 4120 1004 4184 ὼς
1040 4117 1133 4173 νῦν
1155 4117 1243 4172 διὰ
1272 4118 1365 4172 τοῦ
1395 4116 1549 4187 Υἱοῦ,
1574 4119 1898 4191 ὲγνωρίξετο

328 4229 581 4283 φυραμα.

1999 3199 2292 3259 praecepta,
2346 3191 2500 3262 legis,
2532 3193 2774 3264 inquam,
2807 3194 2861 3249 in
2904 3196 3099 3251 melius
3149 3197 3279 3250 illud
3336 3212 3573 3267 evange-

2001 3278 2162 3335 licum
2191 3281 2501 3337 institutum
2536 3283 2655 3357 (per
2680 3286 2821 3355 quod
2852 3286 3008 3342 nobis
3034 3285 3255 3359 [solum]
3283 3289 3333 3341 in
3359 3288 3556 3342 cmlum

1999 3386 2263 3427 ascensus
2288 3372 2468 3433 datur)
2501 3375 2785 3430 immutato
2834 3378 3028 3431 ordine
3065 3378 3385 3442 reformare,
3425 3380 3567 3445 quntl

1998 3462 2245 3519 Salvator
2295 3464 2446 3528 fecit,
2474 3481 2595 3521 cum
2614 3467 2850 3523 diceret:
2886 3468 3040 3522 Dicta
3073 3478 3192 3522 sunt
3216 3468 3326 3523 hwc
3363 3470 3415 3522 in
3441 3469 3573 3538 lege,

1997 3564 2051 3609 at
2097 3571 2189 3625 ego
2211 3556 2329 3610 dico
2361 3557 2506 3611 vobis
2536 3557 2598 3612 η.
2661 3557 2945 3624 Quomodo
2991 3561 3119 3615 item
3168 3559 3392 3630 jubeute
3438 3575 3572 3614 con-

1996 3659 2177 3712 servo,
2226 3646 2488 3701 daemonia
2545 3661 2842 3719 eorumque
2901 3650 3151 3720 princeps
3205 3652 3259 3705 in
3319 3652 3572 3708 tenebras

1997 3734 2345 3792 mitterentur
2370 3775 2386 3803 ,
2420 3740 2879 3810 quandoquidem,
2929 3741 3157 3797 Michael
3212 3742 3571 3811 archangelus

1996 3842 2096 3896 pro
2131 3827 2247 3884 solo
2302 3828 2491 3895 Mosis,
2543 3838 2599 3885 et
2646 3831 2860 3899 quidem
2910 3833 3069 3903 justi,
3116 3848 3368 3905 corpore,
3431 3851 3553 3890 cum

1997 3918 2212 3973 diabolo
2235 3920 2538 3989 disputans,
2571 3935 2668 3990 per
2694 3938 2753 3977 se
2776 3939 2881 3977 non
2910 3933 2999 3979 est
3021 3940 3191 3981 ausus
3218 3926 3479 3996 judicium
3503 3928 3558 3981 ei

1998 4004 2202 4061 inferre
2256 4008 2669 4081 blasphemiae"
2697 4013 2721 4066 Ὶ
2749 4010 3031 4079 Quomodo
3090 4030 3279 4070 servus
3314 4016 3427 4086 ipse
3465 4034 3568 4072 nos

1995 4098 2063 4153 ad
2095 4098 2345 4154 ordinem
2400 4103 2779 4173 adoptivornm
2837 4106 3070 4162 evehere
3123 4108 3425 4177 potuisset?
3476 4119 3569 4163 aut

1994 4192 2264 4259 quomodo
2323 4202 2382 4245 ut
2429 4208 2572 4248 nunc
2629 4211 2727 4265 per
2782 4182 2992 4262 Filium,
3056 4200 3331 4268 cognitqu
3378 4198 3572 4255 fuisset

1994 4296 2165 4351 genus
2187 4293 2433 4337 nostrum
2465 4301 2570 4339 una
2592 4286 2904 4341 consideudi
2943 4288 2996 4342 in
3023 4291 3199 4358 patrio
3229 4291 3425 4343 throno
3467 4306 3567 4360 po-

2000 4380 2249 4427 testatem
2286 4387 2410 4428 esse
2445 4375 2706 4430 nactum?

398 4469 586 4523 Ταῦτα
628 4469 850 4524 διελθὼν
896 4468 1280 4539 αἰτιολογεῖται
1331 4469 1405 4534 ὡς
1449 4470 1478 4523 ὁ
1509 4468 1781 4540 Ἰορδάνης
1808 4471 1899 4523 καὶ

2079 4460 2205 4516 Haec
2231 4463 2321 4516 uhi
2360 4464 2638 4527 disseruit,
2670 4479 2887 4519 causam
2925 4464 3118 4527 reddit,
3166 4480 3263 4518 cur
3306 4465 3571 4521 Jonlaues

327 4562 363 4631 ἡ
387 4559 626 4631 Ἐρυθρὰ
659 4560 901 4614 θάλασσα
927 4560 1118 4615 Μωσεί
1147 4561 1246 4631 μὲν
1284 4562 1378 4618 καὶ
1404 4560 1561 4633 Ἠλίᾳ
1596 4561 1689 4614 καὶ
1720 4559 1899 4613 Ἐλισ-

327 4649 466 4720 σαίῳ
509 4649 844 4703 διαϐαίνουσι
890 4648 1189 4720 σχίζονται,
1226 4649 1321 4703 κα)⁸
1366 4648 1491 4701 τότε
1533 4648 1595 4701 τὸ
1630 4647 1678 4679 ⁸⁸
1719 4647 1900 4710 αὐτοῖς

327 4741 658 4814 πρόσταγμα
712 4739 806 4793 τοῦ
838 4742 1109 4794 Δεσπότω
1161 4739 1587 4809 δυσωπούμενα;
1636 4737 1797 4809 ἔργον
1843 4736 1900 4789 δὲ

327 4832 545 4901 φύσεως
571 4831 633 4884 τὸ
660 4830 860 4902 βάρους
885 4830 1217 4900 ἐμπεσόντος
1240 4828 1318 4899 τῷ
1346 4827 1499 4882 ὕδατι
1531 4825 1899 4897 διασχίζεσθαί

323 4941 382 4977 τε
405 4924 502 4977 καὶ
541 4922 864 4989 διίστασθαι,
896 4922 1038 4977 ὥστε
1092 4922 1153 4975 τὸ
1205 4920 1481 4993 ὑπερφυὲς
1518 4920 1586 4973 δι’
1616 4918 1797 4972 αὐτῶν
1832 4918 1894 4971 οὐ

328 5016 714 5087 βελτιουμένης
752 5014 1051 5068 ἐτελειοῦτο
1087 5014 1187 5084 τῆς
1217 5013 1429 5083 φύσεως
1452 5028 1467 5044 ’
1509 5010 1812 5081 δεσποτικῷ
1837 5010 1896 5063 δὲ

326 5107 452 5161 ποδὶ
494 5105 831 5161 ὲπιόαίνοντι
874 5106 1063 5159 οὐκέτι
1111 5104 1211 5175 μὲν
1258 5105 1292 5174 ἡ
1344 5104 1587 5158 θάλασσα
1624 5105 1690 5173 τῇ
1738 5103 1900 5173 φύσει

325 5196 654 5252 δουλεύουσα
687 5196 952 5269 σχίζεται,
1002 5193 1299 5266 ὑπερφυῶς
1340 5194 1397 5248 δὲ
1429 5193 1773 5265 συντηροῦσα
1800 5194 1900 5266 τὴν

398 5343 421 5374 ⁹
445 5339 600 5395 Joan.
634 5338 800 5402 v,22.
878 5338 920 5368 ¹⁰
946 5335 1101 5392 Joan.
1134 5352 1214 5399 ιιι,
1248 5335 1340 5390 55.

326 5412 457 5470 loss.
500 5426 561 5477 ll,
583 5410 666 5464 15.

744 5409 787 5440 ιι
820 5406 1011 5462 Matth.
1038 5423 1089 5471 v,
1122 5406 1211 5460 ea.
1247 5405 1286 5437 ιτ
1320 5402 1472 5459 Judae
1508 5405 1561 5458 ε.
1596 5405 1639 5437 ιε
1671 5405 1839 5460 Exod.
1862 5406 1954 5472 δι,
1977 5406 2066 5460 at.

1996 4560 2052 4606 et
2084 4567 2239 4606 mare
2293 4550 2556 4617 Rubrum,
2610 4554 2755 4609 Mose
2784 4556 2827 4587 ⁸⁸
2873 4555 3087 4624 quidem
3136 4566 3296 4625 atque
3345 4556 3461 4610 Elia
3516 4568 3569 4611 et

1997 4642 2193 4697 Elisaao
2247 4645 2652 4700 transeuntibus
2678 4646 2719 4677 '9
2778 4646 3121 4700 dividantur:
3179 4657 3306 4701 tunc
3363 4664 3566 4718 praece-

1997 4745 2147 4807 ptum
2200 4736 2437 4800 Domini,
2469 4738 2611 4805 quod
2668 4737 2719 4791 in
2754 4738 2885 4807 ipsis
2913 4745 3055 4804 erat,
3083 4739 3312 4792 reverita
3343 4742 3569 4809 (naturae

1997 4830 2195 4899 quippe
2226 4845 2363 4899 opus
2396 4840 2502 4896 est,
2544 4829 2783 4899 pondere
2810 4830 3019 4899 illapso,
3049 4846 3249 4900 aquam
3288 4832 3459 4886 scindi
3498 4848 3565 4889 ac

2002 4919 2317 4985 discedere;
2354 4920 2541 4991 183b
2583 4920 2717 4973 sicut
2744 4934 2839 4989 per
2871 4921 3187 4975 miraculum
3220 4923 3288 4977 ab
3333 4922 3440 4979 illis
3474 4939 3567 4993 pa-

2006 5019 2206 5065 tratum
2242 5012 2412 5065 nihilo
2481 5010 2647 5065 fuerit
2704 5022 2897 5065 natura
2952 5015 3300 5082 praestantior
3353 5015 3566 5083 ell'ecta)

2007 5100 2220 5155 Domini
2255 5116 2385 5157 vero
2416 5103 2549 5171 pede
2578 5102 2843 5168 calcante,
2903 5119 3010 5158 non
3047 5104 3160 5172 jam
3206 5105 3438 5174 amplius
3470 5120 3566 5174 pe-

2008 5194 2162 5264 lagus
2202 5204 2412 5250 natura:
2464 5209 2572 5249 sua:
2605 5196 2850 5251 serviens
2897 5196 3206 5250 dividatur:
3250 5199 3345 5252 sed
3399 5210 3565 5267 supra

1418 5335 1456 5366 "
1489 5333 1508 5388 1
1538 5332 1684 5389 Petr.
1718 5350 1779 5399 ll,
1817 5334 1899 5389 2L

2002 5336 2029 5366 ³
2055 5335 2173 5389 Act.
2212 5352 2248 5398 ι,
2292 5335 2343 5388 1.
2422 5334 2617 5390 “Luc.
2646 5351 2706 5402 It,
2744 5334 2835 5391 ‘22.
2913 5336 2958 5368 “
2978 5335 3078 5392 Job
3124 5353 3233 5400 XIV,
3258 5338 3315 5391 4.
3392 5338 3434 5370 ¹⁸
3463 5338 3567 5394 Co-

2144 5407 2186 5438 "
2216 5404 2282 5461 IV
2306 5405 2437 5476 Reg.
2481 5421 2542 5473 tt,
2566 5405 2619 5461 8.

1589 5523 1822 5580 VARlAﬂ
1862 5522 2269 5580 LECTIONES.

400 5626 444 5659 ⁸⁸
474 5643 533 5678 τε
568 5625 691 5678 add.
723 5624 788 5694 ᾼ.
812 5690 832 5694 _
865 5622 908 5694 ξ’
937 5622 966 5675 ὁ
997 5620 1207 5694 Πατὴρ]
1237 5618 1395 5694 ἔρδῃ.
1420 5634 1475 5694 v,
1503 5619 1627 5694 2‘2._
1673 5619 1770 5694 ³³μὸ
1799 5617 2008 5694 Πατὴρ]
2033 5616 2413 5694 Joan._ttt,_55.
2474 5618 2532 5694 _“
2555 5618 2740 5694 lim/0:;
2758 5616 2820 5694 es
2838 5631 3009 5694 otnpr.
3047 5619 3111 5671 A.

325 5697 384 5756 1.
458 5695 509 5730 ⁸⁸
559 5691 756 5765 οὐδεὶς]
806 5690 926 5749 Job.
961 5702 1073 5757 xiv,
1104 5688 1166 5747 4'.‘
1190 5688 1207 5694 ”
1235 5692 1277 5724 ³⁷
1306 5688 1526 5762 ἐρρέθη]
1581 5688 1766 5743 Matth.
1808 5705 1859 5753 ν,
1888 5688 1977 5742 2-2.

3187 5619 3231 5689 ³¹ῗ
3259 5617 3354 5689 ων]
3387 5620 3502 5670 Art.
3522 5633 3563 5685 ι,

2056 5688 2099 5719 ³⁸
2126 5689 2153 5737 ὁ
2187 5687 2427 5756 ἀρχάγγ.
2464 5687 2587 5741 Jud.
2624 5689 2677 5741 9.
2756 5686 2798 5716 ”
2830 5686 3027 5755 ἀνῆγεν
3060 5706 3118 5751 ς’.
3195 5688 3239 5719 ⁵ο
3265 5689 3324 5741 τὸ
3339 5686 3467 5744 add.
3493 5690 3558 5745 A.
