4030 6248
487 293 590 358 743

1633 279 1895 342 ΡΗΟΤΙΙ
1933 274 2439 338 ΡΑΤΒῙΑΒΟΗΕ
2473 277 2582 338 CP.

3636 271 3743 336 744

485 409 763 466 naturam,
789 401 873 456 sui
911 397 1324 456 continuatione
1352 402 1590 458 servata,
1609 393 1916 447 subserviat
1943 389 2046 444 Do-

2165 387 2436 459 τυνέχειαν
2473 389 2827 460 ὑπηρετεῖται
2848 387 2927 458 τῷ
2943 387 3208 460 Δεσπότῃ,
3233 387 3370 458 προς
3397 386 3460 441 τὸ
3496 389 3742 458 κρεῖττον

486 497 658 557 mino,
693 493 876 560 seipso
910 490 1142 544 validius
1168 487 1444 542 eﬂ‘ectum.
1477 485 1648 554 igitur
1680 497 1833 538 mare
1885 484 2059 538 lmbe-

488 585 734 640 cillitatis
779 598 888 637 sua:
926 581 1178 645 oblitum,
1217 588 1463 632 naturam
1531 578 1747 646 quidem
1805 590 1914 630 non
1963 575 2061 628 ab-

491 682 682 743 negat;
714 688 900 726 verum
937 671 1198 726 miraculo
1231 678 1453 723 reteutze
1494 667 1924 722 continuationis
1949 664 2060 719 Do-

491 767 643 830 mini,
670 779 767 834 per
805 763 931 816 illud
974 761 1398 815 ambulationem
1430 760 1576 814 clare
1610 761 1744 813 satis
1784 759 2058 826 praedicat.

487 858 666 924 Quare
722 871 825 910 non
869 856 1119 916 absurde,
1163 854 1257 916 ait,
1305 852 1562 921 conjiciat
1611 852 1809 922 aliquis
1872 853 2064 906 indivi-

489 948 802 1001 sibilitatem
825 947 969 999 illam
1003 948 1052 1000 in
1079 945 1290 998 Domini
1326 960 1423 1014 per
1445 961 1639 1012 aquam
1672 944 2062 1007 ambulatione,

493 1039 716 1093 Deitatis
799 1031 1326 1104 indivisibilitatem,
1382 1037 1698 1091 divisionem
1757 1051 1902 1102 vero,
1946 1051 2066 1105 qua:

488 1129 676 1192 Mosis,
707 1138 760 1182 et
819 1128 1047 1182 aliorum
1096 1128 1431 1196 temporibus
1486 1125 1702 1189 accidit,
1775 1126 2062 1178 humanam

492 1220 914 1275 crassitudinem
972 1220 1285 1289 signiﬁcare
1348 1219 1598 1287 quodque
1642 1231 1803 1272 nosc
1858 1216 2065 1271 duobus

492 1313 663 1366 simus
706 1310 1014 1380 compositi,
1053 1310 1281 1364 materia
1332 1319 1386 1364 ct
1422 1309 1617 1375 forma,
1667 1323 1699 1362 e
1751 1307 1946 1378 quibus
2011 1315 2067 1362 et

482 1405 670 1457 Omnia
697 1412 953 1457 constant
995 1417 1246 1471 corpora.

564 1500 651 1552 13.
680 1495 972 1560 Hisdictis,
1001 1495 1066 1548 ad
1102 1494 1317 1547 tertium
1349 1491 1617 1547 decimum
1670 1492 1863 1545 transit
1885 1500 2064 1560 caput,

493 1604 601 1657 quo
622 1588 815 1654 qumril
847 1603 862 1640 :
898 1584 1009 1640 Cur
1038 1585 1305 1638 hominum
1335 1600 1494 1653 genus
1523 1587 1718 1637 nudam
1751 1598 1844 1652 per
1875 1582 2069 1636 divini-

493 1689 650 1732 tatem
691 1678 920 1733 Verbum
956 1694 1059 1730 non
1102 1677 1394 1732 redemerit.
1435 1674 1513 1730 Ac
1559 1675 1789 1742 primum
1847 1673 2062 1744 quidem

495 1771 669 1826 dicit:
707 1769 933 1824 Etiamsi
969 1769 1204 1822 maxime
1235 1768 1336 1822 hoc
1361 1767 1432 1821 ita
1463 1766 1665 1822 factum
1694 1766 1904 1830 fuisset,
1931 1765 2063 1820 nihil

485 1874 672 1919 tamen
738 1862 1042 1932 impediret,
1101 1861 1387 1930 quominus
1432 1860 1751 1928 stultiloqui,
1786 1869 1842 1913 et
1883 1859 2063 1912 omnia

484 1957 757 2012 audentes
789 1956 808 2027 (
839 1955 1102 2025 siquidem
1150 1969 1216 2006 ex
1264 1970 1325 2007 re
1367 1953 1604 2022 qualibet
1651 1951 1836 2007 vesani
1866 1950 1937 2004 illi
1968 1951 2068 2004 lio-

488 2048 670 2103 -mines
687 2048 954 2102 rationem
984 2061 1013 2100 a
1039 2045 1150 2100 Deo
1182 2059 1464 2114 reposcere
1489 2043 1783 2099 insolenter
1809 2041 2064 2112 audeant)

492 2143 656 2194 alium
721 2155 913 2195 rursus
979 2139 1197 2193 modum
1255 2137 1446 2193 salutis
1495 2138 1797 2207 requirant,
1856 2150 1920 2189 eo
1973 2135 2063 2204 qui

491 2232 691 2288 fuisset
729 2247 838 2286 non
872 2230 1134 2294 contenti,
1173 2243 1502 2298 rursumque
1532 2229 1642 2282 alio
1674 2228 1824 2290 dato,
1861 2235 1915 2281 et
1939 2240 2061 2280 eum

495 2324 938 2394 reprehendant,
1001 2331 1057 2376 ct
1108 2320 1272 2375 alium
1329 2322 1704 2375 inconcessum
1764 2319 2062 2389 inquirant.

493 2415 714 2480 Deinde,
750 2428 868 2482 quae
896 2413 996 2466 hac
1027 2412 1200 2481 major
1223 2425 1343 2465 esse
1389 2410 1660 2465 dementia
1688 2411 1876 2478 possit,
1905 2424 2063 2478 quam

489 2505 544 2559 id
571 2505 909 2570 existimare,
948 2519 1008 2558 se
1030 2507 1171 2572 quod
1197 2503 1462 2566 conferat,
1499 2515 1658 2554 nosse
1684 2515 1793 2570 pra:
1819 2499 1949 2565 Deo,
1975 2499 2064 2567 qui

492 2610 550 2652 ut
581 2599 831 2653 universa
862 2596 917 2652 in
948 2594 1216 2667 sapientia
1246 2593 1524 2664 produxit,
1556 2593 1632 2648 ita
1649 2593 1821 2658 etiam
1846 2606 2067 2648 conser-

489 2699 579 2742 vat
609 2691 633 2744 τ

563 2781 804 2834 Solvitur
845 2793 973 2833 vero
1008 2779 1169 2833 etiam
1210 2776 1338 2831 illud
1389 2776 1524 2831 hic:
1573 2773 1854 2843 Quomodo
1895 2773 2064 2829 Deum

491 2886 601 2926 tum
633 2871 936 2926 communis
965 2884 1181 2932 sensus,
1208 2879 1318 2922 tum
1347 2868 1525 2922 divina
1560 2866 1842 2936 Scriptura
1882 2866 2065 2921 omni-

2163 481 2367 550 ἑαυτῆς
2419 480 2880 552 διακρατουμένη.
2937 481 3029 534 Διὸ
3083 481 3180 532 καὶ
3236 480 3300 532 τδ
3371 478 3515 533 κατὰ
3574 481 3743 548 φύσιν

2163 574 2434 643 ἀγνοοῦσα
2451 575 2623 637 πάθος
2647 573 2745 644 τὴν
2767 574 2931 642 φύσιν
2961 573 3056 643 μὲν
3073 573 3174 625 οὑκ
3191 572 3460 642 ἀρνεῖται,
3499 571 3627 644 [585
3645 573 3738 646 8.]

2161 665 2238 735 τῷ
2258 663 2315 718 .δ’
2351 665 2621 736 ὑπερφυεῖ
2643 667 2744 734 τῆς
2780 664 3058 733 συνεχείας
3099 665 3198 730 τὴν
3240 663 3577 732 Δεσποτικὴν
3613 664 3742 717 σαλ-

2165 758 2312 822 πίζει
2354 757 2602 828 πορείαν.
2661 756 2936 824 Συμϐάλοι
2968 755 3015 810 δ’
3056 757 3122 810 ἄν
3156 773 3242 818 τις
3283 755 3352 821 ⁶¹,
3405 755 3593 825 φησιν,
3639 756 3741 808 οὐκ

2162 849 2470 914 ἀπεικότως
2497 849 2558 904 τὸ
2587 849 2683 919 μὲν
2711 849 2952 920 ἄτμητον
2982 850 3080 918 τῆς
3110 848 3444 916 Δεσποτικῆς
3474 847 3618 902 κατά
3643 849 3739 902 τοῦ

2165 941 2334 1013 ὑγροῦ
2387 941 2751 1012 πεζοπορείας
2789 943 2849 995 τὸ
2890 944 2988 1012 τῆς
3018 941 3280 1012 Θεότητος
3323 941 3648 1011 ἀδιαίρετον,
3677 939 3739 994 τὸ

2164 1032 2222 1086 δὲ
2252 1033 2543 1104 διαιρεθὲν,
2577 1033 2655 1096 ὡς
2703 1034 2796 1086 ἐπὶ
2826 1033 3073 1096 Μωσέως
3114 1035 3211 1086 καὶ
3253 1032 3363 1086 τῶν
3397 1033 3595 1096 ἄλλων,
3639 1033 3740 1103 τὴν

2166 1126 2522 1197 ἀνθρωπίνην
2551 1125 2841 1197 παχύτητα
2873 1127 2968 1179 καὶ
3001 1126 3080 1178 ὅτι
3129 1125 3285 1194 ἡμῶν
3315 1128 3379 1178 ὲκ
3409 1124 3504 1178 δύο
3543 1127 3576 1195 ἡ
3613 1125 3741 1178 σύν-

2167 1217 2338 1283 θεσις,
2389 1216 2522 1289 ὑλης
2554 1234 2615 1271 τε
2645 1218 2740 1272 καὶ
2783 1217 2979 1284 εἴδους,
3009 1217 3070 1282 ἐξ
3119 1213 3194 1274 ὧν
3219 1219 3316 1271 xa‘t
3355 1219 3422 1271 τὰ
3469 1217 3604 1271 ἄλλα
3636 1217 3742 1271 σῶ-

2169 1325 2337 1379 ματα.

2238 1488 2426 1543 Ταῦτα
2453 1488 2622 1542 εἰπὼν
2663 1490 2755 1543 ἐπὶ
2783 1489 2844 1543 τὸ
2875 1496 2944 1559 ιγ’
2988 1491 3285 1560 κεφάλαιον
3315 1492 3573 1562 μέτεισιν,
3606 1497 3665 1547 ὲν
3693 1489 3738 1564 ᾧ

2168 1581 2325 1652 ζητεῖ
2375 1581 2478 1635 Διὰ
2516 1583 2574 1635 τί
2619 1581 2706 1651 μὴ
2750 1582 2948 1652 γυμνῇ
2980 1582 3055 1654 τῇ
3111 1585 3347 1652 θεότητι
3377 1589 3410 1639 d
3439 1589 3629 1652 Λόγος
3668 1590 3736 1642 τὸ

2169 1674 2546 1743 ἀνθρώπινον
2572 1677 2827 1730 ἔσωσεν·
2865 1676 2975 1730 Καὶ
3004 1676 3218 1748 πρῶτον
3253 1677 3351 1748 μέν
3380 1695 3544 1748 φησιν
3581 1678 3657 1744 ὼς
3687 1681 3738 1734 εί

2169 1767 2262 1820 καὶ
2301 1765 2461 1820 τοῦτο
2491 1767 2766 1838 διήνυστο,
2803 1766 2954 1821 οὐδὲν
2991 1766 3057 1820 ἂν
3087 1766 3326 1821 ἐκώλυσε
3349 1771 3477 1834 τοὺς
3507 1786 3734 1840 ματαιο-

2167 1857 2360 1926 λόγους
2405 1858 2500 1913 καὶ
2548 1860 2725 1914 πάντα
2763 1859 3098 1929 τολμῶντας,
3129 1860 3286 1931 εἴπερ
3331 1861 3398 1914 ἐκ
3439 1860 3639 1924 παντὸς
3674 1861 3738 1914 τὺ

2166 1948 2322 2002 Θεῖον
2351 1951 2402 2002 οἱ
2437 1949 2802 2020 παραπλῆγες
2833 1950 3138 2019 λογοθετεῖν
3158 1951 3544 2023 ἐφρυάττοντο,
3576 1951 3738 2005 πάλιν

2164 2042 2326 2096 ἄλλον
2367 2043 2574 2113 τρόπον
2617 2043 2898 2113 ἐπιζητεῖν
2933 2043 3240 2114 σωτηρίας,
3281 2042 3344 2096 τὸ
3372 2044 3737 2114 γεγενημένον

2166 2135 2226 2187 οὑ
2288 2134 2637 2205 στέργοντας,
2683 2135 2777 2188 καὶ
2834 2135 2997 2188 πάλιν
3042 2127 3202 2189 ἄλλον
3241 2135 3490 2200 δοθέντος
3541 2136 3604 2190 τὸ
3638 2138 3738 2208 μὲν

2170 2228 2500 2297 μωμεῖσθαι,
2526 2226 2708 2298 ζητεῖν
2740 2227 2797 2280 δὲ
2826 2229 2964 2298 ὅπερ
2991 2228 3065 2300 μὴ
3095 2229 3322 2284 δέδοται.
3353 2230 3585 2283 Ἔπειτα
3613 2231 3738 2284 τίνα

2165 2320 2344 2374 λείπει
2383 2322 2576 2391 μανίας
2610 2323 2941 2394 ὑπερϐολὴν,
2976 2324 3202 2388 ἑαυτοὺς
3233 2325 3477 2395 νομίζειν
3512 2325 3573 2378 τὸ
3602 2343 3739 2396 συμ-

2166 2414 2332 2485 φέρον
2361 2414 2563 2469 εἱδέναι
2608 2416 2812 2485 μᾶλλον
2844 2416 2938 2470 τοῦ
2977 2418 3156 2473 πάντα
3191 2419 3249 2472 ἐν
3287 2418 3449 2490 σοφίᾳ
3482 2420 3575 2472 καί
3603 2436 3730 2481 προ-

2165 2507 2469 2577 αγαγόντος
2487 2505 2539 2542 ⁸³
2569 2509 2663 2562 καὶ
2696 2509 3046 2580 συνέχοντοςς

2249 2780 2560 2836 Ἐπιλύεται
2589 2780 2647 2834 δὲ
2690 2781 2784 2835 καὶ
2822 2780 2940 2844 πῶς
2972 2782 3071 2851 μὲν
3118 2779 3180 2835 αῖ
3219 2797 3279 2834 τε
3308 2780 3488 2835 κοιναὶ
3535 2797 3736 2834 εννοιαι

2165 2873 2262 2927 καὶ
2291 2873 2353 2926 τὸ
2400 2871 2544 2926 θεῖον
2572 2873 2811 2944 γράμμα
2844 2873 3254 2943 παντοδὺναμον
3297 2872 3528 2944 ὑμνοῦσι
3560 2873 3606 2906 ⁸³
3642 2875 3735 2928 τὸν

488 2973 758 3035 potentem
814 2961 1092 3026 celebret;
1143 2960 1356 3014 divinus
1412 2973 1543 3013 vero
1605 2957 1804 3013 Paulus
1869 2957 2062 3013 dicat:

2166 2963 2320 3030 Θεὸν,
2349 2967 2377 3019 ὁ
2405 2965 2464 3018 δὲ
2512 2964 2800 3028 θεσπέσιος
2825 2964 3038 3030 Παῦλὸς
3071 2981 3235 3035 φησιν
3264 2965 3394 3018 Ὅτι
3432 2964 3482 2996 ⁸⁸
3520 2968 3556 3020 ὁ
3591 2965 3736 3032 Θεὸς

490 3055 632 3108 Deus
667 3053 895 3121 «ipsum
941 3068 1128 3123 negare
1167 3067 1270 3106 non
1309 3061 1471 3118 potest
1499 3050 1632 3122 (ιῖ).
1667 3051 1804 3118 Quin
1840 3049 1942 3104 alia
1972 3050 2058 3104 in-

2165 3055 2542 3126 ἀρνήσασθαι
2579 3055 2625 3089 ⁸⁸
2683 3055 2903 3110 ἑαυτὸν
2960 3057 3032 3110 οὐ
3085 3055 3358 3110 δύναται.
3427 3055 3587 3109 Ἀλλά
3638 3057 3735 3109 καὶ

488 3158 652 3213 super
710 3151 967 3197 sexcenta
1023 3153 1330 3213 suppetere,
1356 3157 1476 3212 quae
1531 3141 1700 3195 Deum
1751 3157 1857 3196 non
1905 3157 2062 3212 posse

2167 3146 2303 3202 ἄλλα
2336 3140 2476 3200 εἶναι
2531 3147 2722 3218 μυρία,
2773 3144 2810 3200 ἃ
2856 3145 2932 3217 μὴ
2977 3145 3240 3199 δύνασθαι
3302 3145 3482 3213 λέγειν
3525 3145 3736 3216 πρέπον

487 3249 701 3304 aequum
736 3233 807 3288 sit
835 3233 1014 3288 dicere
1049 3251 1063 3287 :
1113 3243 1194 3298 ut,
1239 3250 1342 3288 non
1373 3249 1529 3302 posse
1563 3234 1853 3288 bonitatem
1903 3234 2062 3288 amit-

2166 3237 2283 3292 ἐστὶ
2314 3239 2405 3292 τὸν
2457 3237 2611 3304 Θεὸν,
2644 3238 2718 3302 ὡς
2763 3237 2825 3291 τὸ
2852 3237 2927 3308 μὴ
2979 3235 3236 3291 δύνασθαι
3262 3237 3362 3308 τῆς
3397 3237 3735 3306 ἀγαθότητος

490 3335 624 3390 tere,
674 3339 852 3394 neque
887 3325 1171 3378 mutationi
1202 3325 1249 3356 ³⁸
1295 3323 1587 3378 obnoxium
1619 3339 1767 3390 esse,
1791 3333 1848 3380 et
1872 3324 1977 3378 alia
2010 3325 2062 3379 id

2169 3331 2427 3384 ἐκπεσεῖν
2479 3329 2616 3400 μηδὲ
2657 3329 2868 3400 τροπὴν
2917 3327 3249 3398 ὑποστῆναι,
3285 3327 3381 3382 καὶ
3409 3328 3510 3381 ὅσα
3551 3345 3733 3399 παρα-

487 3431 678 3486 genus.
723 3415 824 3471 Cui
875 3415 1091 3486 quidem
1156 3415 1475 3471 dubitationi
1529 3415 1724 3472 solutio
1774 3433 1899 3474 mox
1959 3419 2062 3472 ista

2166 3423 2392 3495 πλήσια.
2427 3421 2552 3496 [502
2577 3422 2674 3496 Η.]
2709 3421 2852 3476 Ἀλλ’
2878 3421 3077 3492 ἀπορεῖ
3105 3421 3205 3492 μὲν
3225 3419 3418 3489 οὕτως,
3455 3421 3734 3475 ὲπιλύεται

487 3509 772 3578 subjicitur
797 3526 812 3564 :
849 3507 981 3575 Qua:
1004 3507 1168 3563 Deum
1196 3523 1301 3562 non
1325 3523 1487 3579 posse
1514 3508 1766 3574 dicimus,
1793 3525 1855 3564 ea
1892 3524 2062 3580 neque

2165 3514 2242 3580 δὲ,
2273 3515 2352 3580 ὡς
2386 3515 2424 3570 ἆ
2453 3531 2632 3586 φαμεν
2671 3513 2746 3586 μὴ
2793 3512 3052 3568 δύνασθαι
3088 3512 3151 3566 τὸ
3187 3512 3366 3578 Θεῖον,
3408 3511 3581 3566 ταῦτα
3623 3513 3734 3567 τῶν

486 3610 634 3666 sunt,
663 3615 837 3670 neque
871 3601 925 3655 in
956 3614 1134 3654 rerum
1166 3609 1410 3654 naturam
1457 3603 1656 3656 cadere
1699 3602 1919 3657 omnino
1941 3617 2062 3674 pos-

2168 3607 2308 3678 μήτε
2349 3605 2520 3660 ὄντων
2568 3605 2685 3658 ἐστὶ
2707 3604 2846 3674 μήτε
2879 3603 3120 3658 δυνατῶν
3161 3603 3300 3668 ὅλως
3350 3604 3626 3674 ὑφέστηκε
3672 3604 3735 3657 τδ

487 3703 638 3746 sunt.
673 3690 770 3746 Ubi
821 3691 966 3745 enim
1003 3689 1278 3760 proditum
1309 3701 1389 3746 est
1419 3708 1677 3762 unquam,
1720 3703 1779 3748 ut
1803 3693 1946 3749 Deus
1980 3693 2062 3750 vel

2165 3697 2507 3768 ἀρνήσασθαι
2546 3697 2640 3748 τὸν
2690 3694 2824 3748 Θεὸν
2875 3693 3088 3760 ἑαυτὸν,
3119 3693 3152 3765 ἢ
3187 3695 3222 3764 ἡ
3255 3693 3453 3764 τροπὴ,
3491 3695 3524 3761 ἢ
3556 3695 3590 3765 ἠ
3629 3693 3734 3763 τῆς

490 3793 714 3852 negaret
742 3782 1002 3852 scipsum,
1033 3782 1121 3837 vel
1170 3792 1494 3847 mutaretur,
1521 3784 1603 3838 vel
1644 3785 1882 3840 bonitate
1912 3785 2062 3840 exci-

2165 3789 2500 3862 ἀγαθότητος
2526 3787 2821 3851 ἔκπτωσις,
2857 3785 2892 3857 ἢ
2923 3784 3023 3857 τὴν
3053 3783 3314 3856 ἀλήθειαν
3351 3783 3546 3855 ψεῦδος
3572 3785 3731 3852 γενέ-

487 3873 683 3937 deret;
735 3879 826 3925 aut
852 3871 994 3939 quod
1027 3886 1212 3927 verum
1245 3882 1388 3938 erat,
1423 3873 1615 3928 falsum
1645 3878 1800 3932 lieret
1829 3876 2062 3931 ?Omni-

2165 3883 2322 3950 σθαι;
2363 3880 2777 3952 Παντοδὺναμος
2800 3879 2858 3934 δὲ
2896 3878 3144 3949 ὑμνεῖται
3173 3877 3270 3931 καὶ
3305 3877 3524 3946 λέγεται
3561 3877 3639 3939 ὡς
3662 3877 3734 3932 τά

494 3975 686 4034 potens
729 3977 859 4018 vero
881 3972 936 4018 et
982 3963 1199 4031 dicitur,
1242 3972 1300 4020 et
1346 3966 1690 4034 prazdicatur,
1738 3969 1880 4038 quod
1940 3984 2062 4040 quae

2165 3991 2222 4029 τε
2251 3972 2533 4046 πρέποντα
2566 3972 2716 4044 αὑτῷ
2743 3971 2838 4027 καὶ
2879 3972 3125 4043 σωτήρια
3168 3970 3278 4024 τῶν
3315 3970 3732 4043 δημιουργημά-

495 4057 666 4125 ipsum
699 4054 913 4120 decent,
961 4064 1016 4110 et
1043 4054 1301 4110 salutaria
1348 4067 1476 4110 sunt
1526 4059 1685 4112 rebus
1733 4060 1954 4122 creatis,
1995 4075 2060 4116 ea

2165 4083 2268 4120 των
2302 4065 2482 4120 πάντα
2509 4065 2824 4137 δυνάμενος,
2843 4063 2932 4118 ὅτε
2967 4061 3236 4132 βούλεται.
3257 4061 3532 4114 Ἀλλωστε
3555 4060 3612 4114 δὲ
3638 4062 3732 4115 καὶ

492 4148 673 4201 facere
706 4147 877 4217 possit
899 4147 1102 4214 omnia,
1139 4163 1259 4201 cum
1301 4147 1438 4204 vult.
1468 4148 1719 4219 Alioquin
1753 4151 1854 4206 hoc
1886 4152 2058 4222 ipsum

2165 4156 2222 4212 τὸ
2273 4157 2454 4226 λέγειν
2493 4156 2570 4228 μὴ
2607 4155 2867 4210 δύνασθαι
2912 4154 2948 4210 ἃ
2983 4155 3058 4227 μὴ
3111 4155 3322 4225 πρέπον
3365 4153 3534 4223 αὐτῷ,
3568 4153 3731 4208 δυνά-

485 4239 666 4293 dicere
701 4257 716 4294 :
770 4237 887 4294 Non
919 4253 1078 4308 posse
1109 4238 1301 4304 Deum,
1333 4254 1453 4309 quae
1479 4256 1585 4295 non
1626 4243 1815 4297 decent
1862 4243 2058 4313 ipsum,

2165 4250 2309 4321 μεώς
2340 4253 2489 4304 ἐστιν
2519 4248 2596 4312 ὡς
2622 4247 2861 4319 ἀληθῶς.
2901 4246 2964 4300 Εἰ
2989 4247 3101 4318 γὰρ
3127 4248 3312 4301 ἐκεῖνα
3331 4247 3512 4300 πάντα
3537 4245 3730 4316 στέρη-

481 4332 549 4385 ad
594 4331 887 4400 potentiam
925 4331 1165 4402 pertinet
1208 4347 1419 4388 revera.
1455 4331 1512 4388 Si
1537 4334 1680 4388 enim
1720 4335 1836 4390 lucc
1871 4336 2053 4391 omnia

2165 4359 2246 4406 σις
2273 4341 2372 4398 καὶ
2397 4340 2674 4404 ἀσθένεια,
2697 4339 2761 4392 τὸ
2785 4337 2992 4393 τούτων
3024 4340 3280 4392 ἁπάντων
3299 4337 3510 4408 ἀπείρῳ
3545 4338 3729 4407 μέτρῳ

482 4425 712 4492 privatio
764 4434 928 4495 atque
959 4425 1274 4497 impotentia
1324 4426 1568 4496 quaedam
1605 4434 1752 4491 sunt,
1781 4430 2052 4498 quomodo

2165 4431 2552 4504 ὑπεριδρῦσθαι
2584 4430 2702 4495 πῶς
2725 4431 2788 4484 οὑ
2815 4430 2917 4496 τῆς
2950 4429 3262 4502 ἀκροτάτης
3297 4427 3393 4484 καὶ
3427 4428 3724 4484 πανσθενε-

479 4532 584 4570 non
639 4531 866 4573 summa:
897 4516 1004 4572 hoc
1052 4517 1160 4570 erit
1190 4517 1441 4585 potentia:
1471 4531 1535 4571 ac
1567 4515 1922 4586 fortitudinis,
1963 4521 2050 4575 in-

2165 4525 2363 4592 στάτης
2387 4524 2706 4594 δυνάμεως;

480 4608 632 4662 linito
673 4608 905 4677 quodam
937 4609 1113 4677 spatio
1160 4620 1325 4679 supra
1363 4607 1479 4663 haec
1519 4609 1700 4664 omnia
1731 4609 2051 4668 collocatum

475 4713 597 4753 esse
626 4700 650 4752 ?

553 4789 746 4863 184a
760 4790 1079 4862 Quanquam
1103 4806 1204 4847 nec
1223 4791 1311 4846 ille
1330 4791 1552 4847 forsitan
1575 4806 1604 4845 a
1621 4801 1767 4848 recto
1788 4793 2048 4863 discedat,

2229 4798 2387 4870 Τάχα
2426 4796 2472 4850 δ’
2501 4795 2567 4850 ἀν
2592 4811 2677 4858 τις
2714 4793 2816 4846 οὑκ
2860 4791 2965 4860 ἔξω
3010 4787 3112 4864 τῆς
3138 4786 3428 4864 ὀρθότητος
3459 4789 3724 4861 προσθείη

477 4885 568 4951 qui
612 4884 752 4940 istud
777 4900 992 4955 quoque
1016 4887 1084 4942 iis
1106 4901 1226 4958 qua:
1257 4885 1369 4956 jam
1389 4887 1556 4950 dicta,
1579 4886 1796 4955 adjiciat
1821 4928 1839 4956 ,
1860 4903 2052 4961 nempe

2165 4894 2271 4954 τοῖς
2320 4887 2658 4960 είρημένοις,
2693 4885 2772 4948 ὡς
2811 4883 2872 4938 τὸ
2907 4884 3064 4953 λόγος
3088 4879 3239 4947 οὗτος
3277 4884 3398 4954 οὐχὶ
3447 4883 3588 4937 κατὰ
3627 4879 3722 4934 τοῦ

479 4973 954 5031 ratiocinationem
1005 4977 1144 5034 hanc
1185 4992 1290 5033 non
1346 4977 1586 5034 divinum
1627 4979 1798 5036 solum
1847 4996 2047 5038 numen

2165 4981 2307 5036 θείου
2341 4979 2502 5052 μόνον
2531 4977 2594 5032 τὸ
2623 4975 3034 5043 παντοδύναμον
3064 4975 3418 5047 περιτρέπειν
3444 4974 3718 5047 πειρᾶται,

551 5114 598 5146 ⁸ο
635 5111 868 5168 Malaclt.
899 5128 982 5182 ιιι,
1018 5113 1091 5180 6;
1142 5111 1260 5169 Jac.
1294 5127 1378 5180 ιιι,
1403 5112 1460 5168 6.

1749 5226 1986 5284 VARUE
2039 5226 2448 5285 LECTIONES.

547 5343 592 5376 “
615 5361 708 5420 ei;
747 5344 960 5420 abesset
1009 5344 1245 5420 melius:
1282 5361 1430 5420 ιιιιιιι⁸
1457 5344 1784 5420 συμϐάλλειν
1818 5366 1850 5402 τ
1907 5357 1990 5420 est
2023 5347 2283 5420 σύμϐολα
2300 5346 2488 5416 φέρειν
2520 5344 2665 5420 τινος
2702 5345 3307 5420 εῑνρηαξνίττεσοσιί-τι.
3335 5345 3408 5404 cf.
3443 5362 3496 5420 p.
3537 5346 3627 5403 181
3662 5347 3712 5399 ι,

476 5413 550 5468 40
564 5424 618 5470 et
639 5415 733 5470 25.
808 5415 854 5447 “
885 5415 1216 5484 πρωγόντος
1251 5432 1314 5480 ς.
1385 5414 1432 5447 ⁵³
1449 5413 1748 5486 ἀνυμνοῦσι
1783 5436 1844 5484 ς.
1919 5419 1966 5452 ⁸⁸
1992 5413 2136 5473 ὃτιλ
2160 5435 2175 5474 :
2202 5413 2341 5473 διότι
2369 5413 2431 5480 ς.
2506 5416 2552 5452 ⁸⁸
2583 5414 2803 5487 dmum]
2831 5414 2870 5469 ll
2903 5416 3040 5471 Tim.
3077 5429 3138 5484 ιι,
3167 5415 3250 5471 15.

1940 5583 2171 5642 NOTAE.

550 5707 663 5780 (42)
694 5710 734 5764 ll
766 5709 906 5767 Tim.
939 5731 995 5781 ιι,
1035 5717 1115 5772 15.
1159 5717 1299 5789 Lege
1343 5735 1460 5789 qttzt'.
1492 5723 1557 5776 de
1586 5723 1684 5777 hac
1719 5728 2016 5792 qttazstiotte
2047 5727 2278 5796 disputat
2317 5723 2377 5778 1).
2413 5727 2662 5781 Ambros.
2694 5725 2851 5796 epist.
2889 5723 2968 5779 57'.
