4030 6248
459 268 562 334 747

1639 279 1900 338 ΡΗΟΤΙΙ
1944 276 2455 338 ΡΑΤΒΙΛΒΟΙΙΕ
2497 276 2607 336 CP.

3605 278 3713 342 748

465 386 710 447 actiones
750 399 808 446 et
843 405 1028 462 opera,
1075 407 1193 446 eam
1233 392 1573 448 instituenda:
1605 395 1730 448 vitae
1774 396 2040 449 rationem

2152 393 2240 445 ὑπ’
2270 392 2434 445 αὑτοῦ
2474 393 2887 464 κηρυττομένην
2934 388 3238 456 πολιτείαν,
3289 393 3357 446 δι’
3390 388 3458 465 ἧς
3499 393 3634 464 ἡμῖν
3684 397 3716 464 ὴ

466 492 901 551 praemonstrare,
935 499 1094 552 quam
1146 483 1233 537 ille
1263 484 1601 552 praedicaret,
1631 501 1695 540 ac
1731 503 1828 557 per
1875 502 2037 555 quam

462 574 618 630 nobis
656 575 802 631 salus
849 575 1136 644 quaerenda
1170 585 1314 628 esset
1344 591 1358 639 ;
1405 575 1483 629 vel
1517 591 1614 631 nos
1645 577 1711 630 ad
1752 578 2039 632 educatum

461 665 741 720 nobiscum
773 681 876 719 una
895 666 1193 735 disciplina:
1218 668 1500 734 exemplar
1519 683 1845 738 componere
1878 677 2042 737 atque

461 755 752 809 moderari.
814 754 992 823 Atque
1041 756 1144 809 hoc
1192 756 1324 811 illud
1383 759 1554 826 ipsmn
1589 773 1711 813 esse
1755 759 1850 824 ait,
1899 758 2041 828 quod

460 846 664 900 relictis
699 845 893 900 ovibus
930 846 1218 914 nonaginta
1279 863 1469 904 novem
1502 851 1568 914 ⁸³,
1603 851 1666 902 ad
1697 867 1854 904 unam
1895 851 2040 906 illam

456 945 728 990 errantem
759 940 1076 1002 accesserit,
1101 953 1261 1007 quam
1286 949 1340 994 et
1369 942 1421 994 in
1453 941 1707 998 humeros
1744 945 2040 999 sustulerit.

457 1025 644 1096 Neque
694 1029 836 1081 enim
888 1034 1162 1086 communi
1210 1032 1297 1086 illa
1331 1043 1386 1087 et
1430 1035 1624 1088 usitata
1661 1037 1892 1101 ratione,
1937 1053 2043 1106 qua

459 1119 773 1174 universum
803 1123 1027 1190 creavit,
1059 1127 1226 1179 verbo
1257 1109 1473 1196 quoque
1509 1138 1761 1182 naturam
1800 1139 2040 1183 nostram

462 1214 777 1272 reformavit
814 1237 828 1275 :
880 1219 974 1274 sed
1015 1223 1159 1290 quod
1193 1236 1291 1290 pro
1337 1237 1396 1274 re
1420 1221 1563 1275 nulla
1597 1223 1697 1276 alia
1738 1223 2042 1287 sustinuit,

460 1324 566 1364 non
619 1325 716 1380 pro
769 1312 1026 1382 angelis,
1070 1329 1174 1367 non
1226 1329 1324 1383 pro
1377 1313 1480 1367 ulla
1516 1313 1620 1368 alia
1672 1325 1886 1380 natura,
1944 1315 2046 1372 hoc

461 1401 528 1455 ad
569 1402 848 1457 hominum
889 1404 1140 1459 toleravit
1184 1404 1437 1469 salutem,
1471 1420 1660 1461 servus
1690 1423 1786 1477 pro
1825 1407 2046 1462 domino

463 1494 861 1552 factuleerito
879 1497 1064 1567 igitur,
1078 1501 1220 1568 quod
1243 1500 1402 1553 modo
1417 1500 1740 1566 referebam,
1762 1499 2048 1570 reliquisse

459 1603 582 1642 eum
623 1603 752 1644 oves
801 1591 1093 1661 nonaginta
1136 1591 1240 1646 dici
1271 1609 1286 1659 ;
1320 1593 1576 1662 parabola
1628 1592 1882 1647 nimirum
1919 1594 2048 1648 aani-

461 1681 691 1749 gmatice
719 1681 1008 1746 indicante,
1030 1699 1130 1738 non
1160 1693 1364 1737 tantum
1402 1684 1467 1739 ad
1505 1686 1836 1753 inopinatum
1873 1686 2046 1754 magis

460 1785 596 1839 opus
613 1773 889 1844 magisque
906 1775 1220 1830 admirabile
1233 1793 1394 1848 quam
1412 1780 1481 1831 sit
1499 1779 1854 1844 creatio,eum
1871 1792 2047 1832 reces-

461 1862 598 1917 sisse
609 1873 773 1933 atque
793 1867 1225 1933 transivisse,sed
1242 1869 1409 1937 ipsam
1423 1869 1585 1922 etiam
1601 1868 2045 1923 consuetudinem

463 1954 772 2021 innovasse,
793 1972 913 2011 cum
944 1973 1048 2012 non
1082 1975 1148 2014 eo
1182 1959 1360 2027 modo,
1390 1976 1494 2028 quo
1522 1961 1674 2016 initio
1705 1961 1808 2016 hoc
1833 1961 2051 2015 univer-

464 2062 584 2104 sum
604 2052 869 2119 condidit,
892 2053 986 2108 sed
1002 2069 1138 2107 novo
1175 2058 1432 2123 quodam,
1453 2055 1652 2125 quique
1677 2055 1816 2108 nulla
1843 2057 2048 2111 oratio-

466 2157 535 2196 ne
557 2142 788 2212 exprimi
818 2146 1008 2214 possit,
1030 2147 1679 2201 renovationemnostram
1711 2146 2022 2218 perfecerit.

533 2232 625 2290 15.
657 2235 824 2290 Addit
855 2239 1094 2305 insuper,
1133 2237 1278 2308 justa
1313 2253 1435 2293 cum
1467 2240 1674 2294 ratione
1704 2255 1767 2295 ac
1800 2254 2051 2294 necessa-

466 2327 548 2381 rio
585 2327 817 2384 Verbum
873 2331 1030 2387 nobis
1057 2347 1154 2400 per
1187 2347 1403 2386 carnem
1448 2333 1678 2388 salutem
1707 2348 1828 2388 esse
1853 2348 2050 2403 opera-

465 2433 601 2476 tum.
644 2421 872 2490 Quando
901 2425 1044 2478 enim
1085 2425 1196 2494 jam
1242 2437 1400 2480 antea
1439 2427 1584 2482 omni
1620 2427 1724 2482 alia
1756 2429 1841 2482 via
1873 2442 1937 2482 ac
1964 2441 2054 2481 ra-

463 2513 608 2568 tione
630 2513 828 2568 frustra
847 2513 1090 2571 adhibita
1143 2515 1367 2588 (etenim
1402 2528 1457 2574 et
1480 2521 1778 2589 prophetas,
1800 2530 1855 2574 et
1873 2520 2053 2590 populi

462 2605 647 2673 duces,
674 2615 729 2661 et
765 2607 994 2662 miriﬁca
1024 2609 1292 2679 prodigia,
1333 2619 1389 2665 et
1427 2601 1715 2676 beneﬁcii,
1755 2613 2050 2680 minaaqne,

463 2713 529 2752 ac
559 2712 751 2768 paenae,
779 2700 862 2754 vel
887 2715 950 2755 ex
978 2711 1131 2772 parte
1153 2702 1236 2756 vel
1268 2703 1431 2756 etiam
1463 2703 1516 2756 in
1550 2703 1862 2758 universum
1889 2702 2056 2774 [prat-

461 2789 801 2864 cesserant])
838 2794 1130 2847 lmmanum
1163 2802 1342 2848 tamen
1384 2808 1555 2864 genus
1575 2794 1626 2848 in
1657 2795 1854 2849 melius
1882 2804 2058 2848 mnta-

2147 481 2418 551 σωτηρία,
2477 481 3024 553 ὑποδειχθῆναι,καὶ
3079 483 3217 554 πρὸς
3281 483 3516 553 μάθησιν
3574 485 3718 554 ἡμᾶς

2151 575 2494 643 καταστῆναι
2527 575 2845 645 σύντροφον.
2877 576 2988 628 Καί
3028 575 3092 644 γέ
3127 592 3260 646 φησι
3291 573 3450 628 τοῦτο
3495 571 3635 628 εἶναι
3662 577 3721 628 τὸ

2146 664 2553 734 καταλείψαντα
2590 665 2638 697 ⁵⁸
2670 666 2738 717 τά
2788 665 2871 732 Lﬁ'
2905 665 3154 736 πρόϐατα
3192 665 3276 734 ἐφ’
3325 664 3383 717 ἓν
3431 664 3604 718 ὲλθείν
3661 668 3721 717 τὸ

2147 755 2528 826 πλανώμενον,
2559 754 2588 808 ὃ
2611 754 2708 808 καὶ
2733 755 2825 807 ἐπὶ
2854 754 2961 808 τῶν
2995 753 3160 825 ὤμων
3185 750 3311 825 ἦρε.
3347 753 3460 808 Καὶ
3505 755 3615 825 γὰρ
3660 756 3722 806 οὑ

2145 849 2290 901 κατὰ
2323 849 2421 919 τὴν
2460 851 2647 919 κοινὴν
2698 847 2793 901 καὶ
2825 846 3027 917 συνήθη
3057 846 3166 898 τῶν
3196 846 3334 899 ὅλων
3363 847 3723 917 δημιουργίαν

2145 941 2292 1010 λόγῳ
2339 941 2434 994 καὶ
2481 940 2582 1008 τὴν
2631 940 2907 1009 ἡμετέραν
2977 936 3140 1007 φύσιν
3200 937 3541 992 ἀνέπλασεν·
3606 937 3722 990 ἀλλ’

2146 1035 2286 1105 ὅπερ
2311 1035 2358 1066 ⁸⁸
2386 1032 2472 1086 ἐπ’
2509 1033 2722 1096 οὑδενὺς
2750 1032 2860 1084 τῶν
2891 1030 3064 1083 ἄλλων
3087 1031 3364 1102 ἠνέσχετο,
3389 1031 3488 1084 οὑκ
3518 1030 3604 1084 ἐπ’
3626 1031 3726 1098 ἁγ-

2146 1126 2340 1194 γέλων,
2388 1126 2489 1178 οὑκ
2538 1125 2626 1177 ἐπ’
2657 1123 2823 1194 ἄλλης
2869 1123 3014 1186 τινὸς
3061 1123 3295 1192 φύσεως,
3333 1121 3490 1176 τοῦτο
3523 1123 3616 1175 ἐπὶ
3654 1125 3723 1192 τῇ

2146 1219 2256 1270 τῶν
2308 1215 2613 1289 ἀνθρώπων
2661 1215 2868 1285 ὑπέστη
2924 1215 3203 1286 σωτηρίᾳ,
3267 1215 3388 1268 ἀντὶ
3447 1215 3724 1267 Δεσπότου

2145 1308 2334 1372 δοῦλος
2366 1308 2734 1380 χρηματίσας.
2768 1306 3008 1369 Εἰκότως
3058 1301 3151 1359 οὖν
3186 1306 3231 1337 ⁸⁸
3259 1305 3353 1360 καὶ
3382 1304 3724 1368 καταλιπεῖν,

2147 1402 2223 1465 ώς
2262 1402 2421 1470 ἔφην,
2453 1400 2521 1453 τά
2573 1401 2657 1468 L_0'
2686 1399 2935 1470 πρόϐατα
2980 1395 3271 1467 λέγεσθαι,
3325 1396 3424 1469 τὴν
3463 1398 3543 1461 είς
3599 1396 3728 1452 ἄλλο

2151 1491 2588 1566 παραδοξότερον
2615 1492 2710 1545 καὶ
2741 1489 3192 1562 θαυμασιώτερον
3233 1489 3334 1560 τῆς
3360 1488 3729 1560 δημιουργίας

2149 1584 2503 1658 ἀναχώρησίν
2542 1602 2600 1638 τε
2658 1585 2753 1638 καὶ
2801 1585 3136 1654 μετάστασιν
3182 1583 3277 1636 καὶ
3315 1581 3415 1654 τὴν
3462 1582 3561 1652 τῆς
3605 1599 3729 1633 συνο

2151 1679 2344 1752 ηθείας
2369 1677 2725 1747 καινοτομίαν
2751 1678 2849 1746 τῆς
2871 1675 3185 1746 παραϐολῆς
3214 1674 3726 1746 αἰνιγματιζοὺσης,

2151 1773 2246 1827 καὶ
2275 1772 2351 1835 ὼς
2375 1772 2437 1824 οὑ
2469 1769 2592 1824 καθ’
2621 1769 2680 1824 ὃν
2711 1770 2912 1840 τρόπον
2938 1768 2998 1820 τὸ
3027 1770 3136 1821 πᾶν
3164 1767 3224 1832 ἐξ
3261 1768 3436 1838 ἀρχῆς
3467 1768 3729 1836 συνεστή-

2153 1882 2304 1927 σατο,
2353 1863 2490 1918 ἀλλὰ
2523 1863 2866 1932 καινοπρεπῆ
2915 1877 2976 1913 τε
3027 1861 3122 1912 καὶ
3155 1859 3294 1930 ὑπὲρ
3341 1860 3519 1913 πάντα
3568 1859 3730 1927 λόγον

2153 1958 2245 2012 τὸν
2272 1958 2540 2028 ἠμέτεοον
2573 1955 2966 2025 ἀνακαινισμδν
2996 1954 3370 2024 ἐξειργάσατο.

2226 2224 2308 2271 ιε’.
2350 2213 2484 2272 Εἶτά
2510 2234 2673 2288 φησιν
2707 2216 2944 2287 εὐλόγως
2969 2234 3028 2269 τε
3052 2217 3144 2271 καὶ
3174 2217 3488 2282 ἀναγκαίως
3516 2215 3612 2286 τὴν
3641 2215 3732 2270 διὰ

2155 2311 2359 2383 σαρκὸς
2385 2311 2661 2384 σωτηρίαν
2692 2311 2784 2365 τὸν
2799 2311 2971 2380 Λόγον
2999 2312 3132 2381 ἡμῖν
3169 2309 3728 2382 πραγματεύσασθαι.

2155 2403 2345 2472 Πάσης
2371 2403 2481 2474 γάρ
2511 2402 2678 2472 ἄλλης
2710 2401 2935 2473 μεθόδου
2961 2401 3503 2472 προκαταϐληθείσης
3531 2401 3577 2432 ⁸⁸
3613 2401 3734 2471 (καὶ

2153 2493 2260 2565 γάρ
2314 2497 2411 2548 καὶ
2461 2495 2740 2565 προφῆται
2789 2495 2883 2548 καὶ
2948 2492 3271 2564 δημαγωγοὶ
3325 2493 3420 2546 καὶ
3475 2493 3732 2562 ὑπερφυῆ

2153 2585 2360 2656 τέρατα
2419 2587 2733 2658 εὐεργεσίαι
2795 2604 2855 2639 τε
2898 2587 2994 2640 καὶ
3037 2585 3258 2640 ἀπειλαὶ
3316 2585 3412 2638 καὶ
3469 2585 3734 2654 τιμωρίαι

2158 2675 2287 2748 [589
2308 2675 2404 2749 IL]
2431 2678 2588 2731 τοῦτο
2611 2679 2709 2749 μὲν
2746 2680 2838 2732 ἐπὶ
2870 2681 3091 2751 μέρους,
3128 2677 3285 2732 τοῦτο
3311 2676 3367 2730 δὲ
3405 2676 3500 2729 καὶ
3524 2677 3733 2743 παγκόο

2159 2772 2330 2840 σμιοι)
2385 2771 2508 2823 ἐπεὶ
2545 2771 2608 2823 τὸ
2661 2770 3006 2843 ἀνθρώπινον
3046 2771 3148 2842 τὴν
3191 2770 3324 2841 πρὸς
3379 2769 3447 2824 τά
3496 2770 3736 2838 κρείττω

465 2880 669 2937 tionem
738 2862 935 2937 nullam
1005 2883 1269 2950 admisit,
1353 2862 1683 2954 morbosque
1742 2886 2045 2941 insanabili:

2164 2863 2470 2932 μεταϐολὴν
2517 2863 2618 2916 οὑκ
2661 2863 2972 2932 ἠσπάσατο,
3017 2863 3078 2916 το
3119 2863 3177 2916 δὲ
3227 2862 3438 2932 νόσημα
3496 2862 3634 2933 πρὸς
3675 2863 3736 2914 τὸ

465 2975 644 3044 potius
677 2973 855 3030 factus
886 2985 968 3031 est
1000 2995 1014 3031 :
1047 2991 1110 3032 ex
1141 2977 1466 3032 necessitate
1489 2977 1697 3032 scilicet
1728 2987 1865 3041 ttnn,
1899 2991 2045 3048 atqui

2161 2955 2377 3007 ἀνίατον
2400 2955 2598 3025 μᾶλλον
2622 2956 2840 3024 ἐχώρει,
2865 2955 3008 3009 κατὰ
3036 2955 3096 3008 τὸ
3125 2957 3457 3023 ἀναγακαῑον
3486 2958 3579 3007 καὶ
3601 2955 3736 3007 ἀκό-

465 3043 879 3138 consequentia,
913 3067 996 3122 vel
1020 3069 1196 3138 potius
1221 3083 1284 3122 ex
1317 3068 1568 3124 ineffabili
1592 3071 1849 3126 bonitatis
1879 3043 2045 3126 abun-

2162 3043 2370 3109 λουθον,
2421 3045 2620 3115 μᾶλλον
2657 3045 2714 3098 δὲ
2760 3046 2984 3118 ἀρρήτῳ
3031 3045 3445 3116 φιλανθρωπίας
3491 3046 3733 3115 πλούτῳ,

465 3158 671 3222 dantia,
727 3156 963 3213 Verbum
1020 3164 1324 3230 (assumpta
1383 3160 1570 3230 carne)
1629 3161 1822 3216 ducem
1876 3178 1937 3218 se
1987 3178 2051 3216 ac

467 3261 878 3323 praeceptorem,
906 3259 1070 3321 atque
1096 3252 1512 3307 instauratorem
1544 3255 1685 3309 bona
1721 3271 1843 3310 cum
1873 3255 2053 3310 Patris

467 3347 764 3411 voluntate,
790 3353 978 3400 sancto
1001 3343 1163 3399 etiam
1189 3343 1396 3413 Spiritu
1421 3356 1770 3414 coope-ante,
1799 3347 2045 3416 praebuit.

467 3441 642 3506 Quam
691 3437 856 3493 etiam
886 3450 1008 3491 esse
1037 3451 1258 3490 causam
1295 3437 1774 3506 contemplationis
1807 3447 2051 3492 amantes

463 3533 778 3596 observant,
809 3543 910 3584 cur
943 3529 1252 3584 novissimis
1295 3529 1514 3583 demum
1553 3530 1903 3597 temporibus.
1939 3546 2047 3585 non

469 3627 538 3679 ab
567 3623 740 3686 initio,
777 3621 844 3676 ad
873 3635 1094 3676 carnem
1135 3636 1306 3690 usque
1341 3619 1572 3676 Verbum
1608 3621 1768 3676 fuerit
1801 3623 2050 3676 exinanio

469 3731 605 3772 tum.
659 3715 793 3770 Cum
823 3714 970 3771 enim
998 3715 1392 3782 praecedentem
1424 3731 1638 3770 onmem
1669 3732 1854 3771 curam
1885 3727 2048 3787 atque

467 3808 865 3880 providentiam
897 3821 1003 3862 non
1035 3807 1390 3862 admitterent
1420 3808 1455 3862 ii
1482 3809 1678 3877 quibus
1699 3809 1814 3865 haec
1838 3809 2045 3879 impen-

466 3900 716 3964 debatur,
764 3907 877 3953 tum
929 3897 1165 3966 denique
1220 3899 1530 3953 novissimis
1577 3900 1910 3969 temporibus
1949 3915 2046 3970 per

465 3991 703 4058 seipsnm
733 3998 975 4043 nostram
1009 4003 1296 4057 reparasse
1326 3998 1598 4043 naturam.

542 4078 737 4150 185a
766 4077 861 4132 His
882 4077 1044 4132 aliam
1061 4077 1350 4145 quamdam
1373 4078 1611 4131 adnectit
1647 4079 1997 4147 quastionem
2023 4119 2040 4146 ,

466 4188 588 4242 quae
644 4179 832 4225 contra
863 4167 1024 4238 objici
1073 4181 1234 4236 posse
1261 4167 1527 4220 videatur.
1577 4165 1684 4222 Sed
1732 4170 2037 4237 oportebat,

2158 3138 2361 3191 ἑαυτὸν
2389 3139 2416 3189 ὁ
2445 3138 2640 3205 Λόγος,
2673 3138 2854 3208 σάρκα
2891 3138 3235 3209 προσλαϐὼν,
3278 3138 3598 3209 καθηγητὴν
3642 3144 3736 3192 καὶ

2154 3229 2477 3283 διδάσκαλον
2525 3231 2619 3284 καὶ
2663 3231 3076 3300 άνακαινιστὴν,
3126 3231 3344 3302 εύδοκίᾳ
3386 3231 3599 3303 [ἰατρὸς
3642 3234 3736 3285 καὶ

2157 3327 2418 3397 συνεργίᾳ
2447 3323 2542 3378 τοῦ
2579 3323 2736 3392 ἁγίου
2778 3321 3122 3392 Πνεύματος,
3158 3323 3513 3394 εἰσηγήσατο.
3548 3326 3612 3376 Ὀ
3641 3327 3736 3376 καὶ

2154 3420 2324 3472 αἴτιον
2353 3421 2464 3481 τοίς
2529 3415 2918 3487 φιλοθεάμοσιν
2961 3417 3157 3489 ὁρᾶται
3202 3415 3297 3468 τοῦ
3345 3416 3432 3469 ἐπ’
3487 3417 3738 3486 ἐσχάτων

2152 3510 2262 3563 τῶν
2294 3509 2540 3581 ἡμερῶν,
2564 3509 2660 3562 καὶ
2702 3509 2779 3580 μὴ
2807 3509 2867 3573 ἐξ
2896 3509 3094 3578 ἀρχῆς,
3118 3509 3200 3571 είς
3237 3507 3414 3578 σάρκα
3439 3509 3530 3561 τὸν
3557 3510 3738 3576 Λόγον

2153 3603 2479 3673 κενωθῆναι,
2515 3601 2652 3655 ἀλλὰ
2684 3601 2864 3670 πάσης
2898 3598 3134 3668 σπουδῆς
3174 3599 3269 3652 καὶ
3306 3601 3564 3668 προνοίας
3589 3603 3736 3671 ἡγη-

2151 3698 2418 3766 σαμένης,
2458 3691 2576 3749 εἶτα
2610 3694 2817 3764 ταύτην
2859 3693 2921 3744 οὑ
2966 3691 3414 3762 προσδεχομένων
3443 3691 3554 3746 τῶν
3594 3709 3736 3763 προ-

2148 3788 2480 3858 νοουμένων,
2525 3785 2670 3838 οὖτω
2724 3782 2909 3836 λοιπὸν
2945 3784 3156 3852 καιροῖς
3185 3783 3438 3852 ἐσχάτοις
3469 3783 3538 3838 δι’
3563 3783 3732 3838 αὑτοῦ

2144 3881 2245 3950 τὴν
2277 3878 2434 3950 ἡμῶν
2459 3877 2645 3931 οὐσίαν
2667 3874 3076 3930 ἀνασώσασθαι.

2216 4079 2440 4142 Τούτοις
2488 4077 2721 4147 ἀπορίαν
2785 4076 3050 4129 συνάπτει
3105 4075 3180 4138 ὡς
3241 4073 3300 4140 ἐξ
3347 4075 3734 4148 ἀνθυποφορᾶς

2142 4171 2587 4244 προτεινομένην.
2624 4170 2764 4224 Ἀλλ’
2796 4170 2924 4235 ἔδει,
2955 4171 3110 4239 φασὶ,
3156 4171 3249 4223 τὸν
3289 4171 3576 4242 ἄνθρωπον
3635 4174 3735 4228 ἀπ’

466 4265 638 4326 aiunt,
687 4262 961 4317 hominem
1007 4259 1078 4314 ab
1110 4260 1344 4328 ipsomet
1393 4257 1658 4327 principio
1709 4259 1935 4328 probum
1974 4275 2040 4315 ac

2152 4265 2318 4336 Ξιρχῆς
2344 4265 2506 4318 καλόν
2530 4281 2589 4316 τε
2610 4263 2704 4317 καὶ
2727 4261 2930 4331 ἀγαθὸν
2951 4262 3265 4331 ὑφεστάναι,
3287 4263 3374 4317 ἵνα
3415 4265 3552 4336 μήτε
3590 4267 3736 4337 πρά-

468 4358 665 4410 bonum
705 4351 964 4408 constitui
998 4367 1014 4416 ;
1071 4366 1180 4420 quo
1207 4364 1382 4418 neque
1426 4349 1794 4404 molestiarum
1830 4360 2036 4404 tantum

2152 4375 2333 4429 γματα
2365 4356 2597 4410 τοσαῦτα
2632 4358 2882 4426 παρεῖχε,
2935 4355 3074 4425 ῥέων
3102 4371 3161 4408 τε
3201 4355 3437 4425 συνεχῶς
3468 4357 3606 4428 πρὸς
3663 4362 3733 4411 τὶ

463 4443 777 4506 lacesseret,
817 4456 938 4496 cmn
965 4440 1031 4493 ad
1053 4437 1321 4492 deteriora
1357 4437 1696 4490 continenter
1735 4435 2040 4498 deﬂuendo,

466 4533 782 4590 multiformi
830 4533 968 4585 adeo
998 4544 1064 4584 ac
1102 4529 1249 4583 varia
1275 4527 1630 4598 gubernantis
1668 4527 1761 4582 Dei
1814 4544 1942 4582 cura
1972 4529 2040 4583 ad

464 4630 694 4684 salutem
739 4623 1162 4695 recuperandam
1203 4622 1507 4691 indigeret:
1551 4637 1726 4690 neque
1759 4637 1854 4691 per
1899 4621 2042 4690 inju-

466 4721 603 4775 riam
638 4717 928 4787 aliquando
953 4715 1270 4778 violaretur,
1302 4713 1445 4782 quod
1475 4712 1642 4767 semel
1683 4713 1748 4766 ad
1781 4713 1872 4768 Dei
1900 4714 2042 4767 ima-

465 4813 646 4883 ginem
686 4811 963 4865 conditum
1007 4808 1216 4863 fuisset.
1275 4803 1447 4871 Objici
1480 4806 1593 4858 hazc
1643 4805 1858 4874 quidem
1891 4806 1967 4858 ait
2023 4820 2040 4859 :

465 4921 655 4962 verum
687 4905 878 4958 audire
913 4899 1218 4970 ltujnsmodi
1245 4897 1493 4952 homines
1519 4896 1588 4950 ab
1616 4897 1726 4965 ipsa
1752 4894 1992 4950 Veritate
2024 4916 2041 4953 :

467 4998 674 5061 Petilia,
721 5007 768 5050 et
817 5012 919 5048 non
968 4993 1228 5058 accipitis,
1281 5007 1340 5042 eo
1368 4989 1508 5059 quod
1557 4988 1696 5041 male
1744 4990 1929 5057 petatis
1974 4989 2043 5044 ".

465 5094 606 5158 Quin
655 5100 711 5146 et
759 5089 888 5142 illud
929 5087 1146 5154 insuper
1170 5099 1234 5137 ex
1284 5083 1366 5136 his
1415 5081 1712 5136 absurdum
1763 5084 2046 5148 consequi,

463 5185 608 5254 quod
664 5183 756 5236 Dei
821 5195 994 5249 neque
1051 5177 1409 5247 providentia,
1474 5190 1648 5241 neque
1692 5175 1895 5242 judicio
1936 5176 2046 5227 nlln

463 5279 624 5331 modo
678 5274 941 5334 cotncnti,
997 5273 1170 5340 ipsum
1210 5269 1547 5321 conditorem
1605 5267 1763 5318 velint
1827 5284 1889 5320 ex
1945 5284 2046 5321 suo

535 5437 580 5465 ’³
609 5433 738 5487 Lur.
785 5449 872 5493 xv,
929 5433 977 5484 ί.
1058 5432 1102 5461 ³⁵
1131 5427 1242 5481 JM'.
1300 5443 1371 5488 μ’,
1405 5426 1456 5477 3.

2147 4451 2314 4522 χείρω
2358 4450 2452 4504 καὶ
2501 4449 2590 4501 διὰ
2619 4447 2778 4501 τοῦτο
2826 4446 3164 4517 πολυτρόπου
3224 4446 3358 4519 [504
3389 4449 3456 4502 Η.
3485 4448 3498 4520 ]
3527 4467 3588 4502 τε
3635 4455 3734 4504 καὶ

2149 4542 2403 4611 ποικίλης
2451 4541 2762 4610 οἰκονομίας
2800 4540 2880 4602 εἰς
2920 4537 2982 4590 τὸ
3042 4539 3390 4610 ἀνασωθῆναι
3447 4540 3729 4612 δεόμενος,

2153 4635 2290 4706 μήτε
2320 4635 2382 4687 τὸ
2419 4633 2567 4697 ἅπαξ
2618 4634 2737 4686 κατ’
2791 4630 2978 4683 εἰκόνα
3020 4629 3155 4684 Θεοῦ
3183 4631 3588 4704 δημιουργηθὲν
3641 4636 3733 4687 ὲν·

2149 4725 2440 4796 ὑϐρίζοιτο.
2492 4723 2631 4776 Ἀλλ’
2665 4723 2698 4792 ἡ
2729 4723 2826 4792 μὲν
2859 4719 3127 4786 ἀντίθεσις
3179 4722 3401 4795 τοιαύτη
3427 4739 3440 4752 ·
3497 4724 3733 4779 ἀκούσε-

2151 4815 2244 4869 σθε
2278 4817 2323 4848 ⁸⁷
2354 4815 2410 4869 δὲ
2445 4815 2574 4884 ἄρα,
2612 4816 2766 4884 φησὶ,
2796 4816 2922 4878 τοὺς
2953 4814 3227 4876 τοιούτους
3253 4815 3405 4886 παρὰ
3436 4817 3536 4885 τῆς
3575 4816 3736 4884 Ἀλη-

2151 4908 2320 4974 θείας,
2348 4907 2422 4970 ώς
2439 4907 2655 4960 Αἰτεῖτε
2670 4906 2715 4938 ⁸⁸
2734 4908 2831 4959 καὶ
2855 4909 2925 4960 οὐ
2940 4908 3288 4976 λαμϐάνετε,
3307 4907 3455 4961 διότι
3478 4909 3676 4975 κακῶς
3687 4909 3735 4941 ⁸⁸

2151 5001 2430 5054 αἰτεῖσθε.
2465 4999 2624 5052 Ἀλλὰ
2653 4998 2746 5051 καὶ
2773 4998 2959 5069 ἕτερον
2984 5000 3166 5062 αὑτοῖς
3197 5001 3394 5053 ἄτοπον
3419 5001 3463 5032 ⁶⁰
3479 5001 3731 5064 ἕπεσθαι,

2152 5093 2213 5144 τὸ
2237 5091 2311 5162 μὴ
2326 5091 2424 5161 τὴν
2445 5091 2700 5161 πρόνοιαν
2721 5091 2816 5144 καὶ
2843 5091 2943 5160 τὴν
2966 5092 3142 5159 κρίσιν
3167 5089 3265 5161 τὴν
3285 5091 3434 5143 θείαν
3454 5092 3730 5160 στέργειν,

2155 5185 2352 5245 αὐτοὺς
2375 5184 2421 5236 δ’
2439 5184 2692 5236 ἀπαιτεῖν
2722 5185 2812 5234 τον
2845 5181 3089 5250 πλάστην
3109 5183 3229 5241 ταῖς
3257 5182 3481 5233 ἐκείνων
3511 5180 3735 5250 βουλαῖς

2153 5291 2210 5324 τε
2234 5274 2326 5324 καὶ
2352 5271 2598 5339 γνώμαις
2627 5271 2927 5324 τυποῦσθαί
2948 5288 3007 5322 τε
3041 5272 3134 5322 καὶ
3155 5269 3616 5340 μεθαρμόζεσθαι,
3638 5274 3733 5323 καὶ

1759 5560 1993 5615 VARIA‘I
2036 5559 2438 5616 LECTIONES.

536 5662 583 5694 ⁸⁸
605 5661 661 5714 τὸ
699 5663 911 5730 mmini
940 5663 1067 5715 an.
1100 5677 1186 5721 xv,
1221 5661 1270 5714 4.
1348 5658 1556 5730 “iam?
1587 5657 1625 5709 A
1669 5675 1681 5708 :
1715 5658 1906 5730 ὅτιπερ
1935 5672 1993 5730 ς.

462 5731 612 5786 libri.
685 5733 730 5763 ⁸⁸
756 5729 1198 5802 αἰτεῖτεμάςοὺ.
1245 5745 1316 5795 Iv,
1386 5729 1440 5781 '5.

2071 5656 2118 5684 ⁵⁵
2152 5650 2246 5706 οὖν
2280 5654 2504 5728 ιιόάηΑ.
2584 5654 2631 5684 ⁸⁸
2661 5657 3166 5728 προκαταλυθείσης
3196 5675 3254 5722 ς.
3325 5658 3367 5688 ⁵⁷
3425 5656 3661 5712 ἀκούεσθ
3679 5669 3727 5702 ιι

1525 5724 1568 5758 ⁵³
1631 5727 1776 5779 κακὰ
1809 5741 1871 5787 ς.
1948 5725 1991 5755 ⁸³⁸
2015 5724 2217 5778 ἄτοπον
2246 5725 2284 5776 A
2322 5741 2336 5777 :
2366 5724 2528 5776 τόπον
2560 5741 2621 5788 ς.
