4030 6248
378 287 488 353 719

1469 275 1994 341 BIBLIOTHECA.
2033 300 2105 312 --
2132 274 2296 335 COD.
2324 271 2591 333 CCXXII

3527 271 3637 336 750

377 399 521 458 κατά
545 397 644 461 τὰς
674 396 900 451 ἐκείνων
931 393 1172 467 ψήφους,
1201 393 1304 449 κᾶν
1329 392 1411 456 είς
1437 392 1609 459 αὐγὰς
1634 389 1787 443 οὔπω
1827 389 1956 458 ἥκα-

2066 384 2297 440 consilio
2326 393 2489 453 atque
2510 381 2785 437 voluntate
2801 390 2851 436 et
2882 380 3128 451 lormari,
3157 392 3212 439 et
3236 383 3632 444 reconcinnari.

378 508 464 548 σιν
495 490 668 562 ἡλίου,
701 490 800 561 τὴν
846 488 1209 560 δημιουργίαν
1242 482 1691 539 κατευθύνεσθαι.
1727 481 1845 533 Ἔτι
1898 480 1955 533 δὲ

378 584 497 654 ἅμα
532 598 592 633 τε
619 580 669 633 οἱ
699 579 855 632 αὐτοὶ
895 576 1057 631 καλὸν
1091 576 1188 631 καὶ
1219 574 1422 645 φαῦλον
1468 572 1580 626 δεῖν
1604 570 1653 604 ⁸⁸
1700 565 1838 623 εἶναι
1866 570 1956 622 τὸν

379 674 667 745 ἄνθρωπον
699 672 1085 742 ἀποφαίνουσι.
1118 670 1192 725 Τὸ
1242 667 1350 739 γὰρ
1380 665 1545 720 καλὸν
1571 663 1670 736 μὲν
1700 658 1839 718 εἶναι
1862 662 1959 733 ζη-

374 769 511 831 τεῖν,
537 764 752 836 ἀνάγκῃ
783 764 840 817 δὲ
875 762 984 837 [τὸ]
1020 760 1260 816 τοιοῦτον
1288 755 1426 813 εἶναι
1456 756 1870 829 προσαπαιτεῖν,
1896 752 1957 807 τό

376 877 435 914 τε
467 857 816 923 αὐτεξούσιόν
864 859 1013 909 ἐστιν
1059 853 1300 923 ἀφελεῖν,
1329 851 1425 905 καὶ
1482 848 1650 919 μηδὲν
1676 841 1751 901 ὧν
1781 845 1957 918 πράτ-

375 966 559 1003 τουσιν
582 947 858 1016 ἄνθρωποι
900 946 1038 1015 μήτε
1071 944 1240 1015 γέρας
1267 938 1406 994 εἶναι
1439 939 1578 1011 μήτε
1630 935 1902 990 ἀντίδοσιν
1933 949 1949 965 ⁶

374 1039 438 1092 τὸ
461 1040 568 1109 γὰρ
585 1037 839 1090 ἀκούσιον
859 1034 980 1088 οὔτε
1003 1034 1270 1105 ἔμμισθον
1289 1030 1411 1085 οὐτε
1434 1029 1757 1085 ὑπεύθυνον.
1773 1027 1955 1092 Ἀλλὰ,

376 1128 510 1193 Ναὶ,
543 1144 677 1197 φησι
703 1144 718 1158 ·
749 1126 803 1179 τί
833 1126 939 1197 γὰρ
976 1123 1201 1189 ἐκώλυε,
1234 1122 1486 1192 καθάπερ
1512 1123 1639 1186 τοὺς
1670 1120 1954 1192 ἀγγέλους,

375 1218 521 1272 οὕτω
550 1218 641 1271 καὶ
696 1217 821 1280 τοὺς
853 1215 1173 1288 ἀνθρώπους
1210 1213 1455 1268 ἐκτίσθαι
1487 1232 1503 1282 ;
1539 1213 1633 1269 καὶ
1663 1213 1769 1284 μὴν
1820 1211 1957 1265 κάπὶ

376 1307 490 1362 τῶν
521 1306 769 1375 ἀγγέλων
792 1308 826 1377 ἡ
853 1304 1047 1376 γνώμη
1076 1308 1286 1375 κρατεῖ,
1339 1305 1431 1359 καὶ
1484 1302 1637 1359 οὐδὲν
1672 1302 1792 1357 κατ’
1821 1301 1955 1355 ἀνά-

377 1417 523 1471 γκην
547 1399 730 1462 αὐτοῖς
755 1399 1074 1470 πράττεται.
1104 1397 1212 1451 Καὶ
1239 1398 1448 1467 μάρτυς
1466 1400 1494 1450 ὁ
1516 1394 1764 1449 ἐκπεσὼν
1786 1395 1955 1447 Ἑωσ-

378 1492 563 1561 φόρος,
601 1491 695 1543 καὶ
724 1490 850 1545 ὅσον
906 1487 1055 1559 αὐτῷ
1095 1488 1405 1561 συναπέστη
1441 1488 1605 1557 φῦλον
1652 1487 1951 1557 δαιμόνιον.

374 1581 504 1644 Πῶς
529 1581 587 1634 δὲ
616 1581 709 1636 καὶ
727 1581 948 1651 ἄμεινον
976 1580 1097 1634 κατ’
1120 1580 1385 1649 ἀγγέλους
1413 1579 1788 1650 προαχθῆναι,
1821 1581 1954 1633 ὅπου

375 1675 440 1728 τὸ
470 1674 571 1745 μὶν
595 1672 936 1744 ἁμαρτάνειν
993 1673 1054 1726 ὲν
1081 1673 1268 1734 αὐτοῖς
1320 1671 1690 1743 ἀμετανόητον
1720 1675 1814 1725 καὶ
1867 1670 1957 1724 διὰ

2064 476 2343 545 ipsamque
2392 473 2529 529 adeo
2562 473 2745 528 mundi
2782 472 3115 529 molitionem
3159 490 3258 531 suo
3280 490 3351 533 ex
3391 476 3633 541 decreto,

2061 568 2276 622 etiamsi
2328 576 2456 620 tunc
2505 565 2678 621 lucem
2733 565 2971 621 nondum
3027 567 3398 637 aspexissent,
3451 569 3631 641 dirigi.

2061 658 2211 714 Idem
2251 655 2449 731 [addit]
2490 657 2619 712 illud
2650 672 2865 727 quoque
2896 658 3044 713 clare
3079 660 3469 725 demonstrant,
3504 676 3631 730 pro-

2064 750 2194 806 bum
2246 750 2408 806 simul
2455 759 2511 806 et
2549 749 2849 819 improbum
2878 764 3000 806 esse
3046 751 3320 807 hominem
3358 762 3610 822 oportere

2066 841 2202 897 Dum
2241 844 2386 897 enim
2441 844 2665 912 probum
2712 842 2927 911 quidem
2976 842 3124 896 illum
3170 857 3293 898 esse
3331 843 3536 910 volunt,
3577 851 3636 900 et

2062 937 2221 991 simul
2252 937 2562 991 necessario
2590 936 2751 990 talem
2778 950 2899 990 esse
2926 936 3219 1004 postulant,
3260 952 3367 991 non
3401 938 3633 994 liberum

2061 1027 2236 1084 solum
2264 1027 2366 1082 hoc
2398 1038 2556 1097 pacto
2582 1026 2776 1082 tollunt
2806 1028 3114 1093 arbitrium,
3141 1030 3236 1084 sed
3269 1029 3474 1084 nullum
3499 1044 3635 1099 quo-

2061 1134 2167 1191 que
2192 1134 2382 1175 eorum
2422 1135 2543 1189 quas
2580 1120 2649 1173 ab
2699 1119 3007 1175 hominibus
3054 1130 3314 1190 gerantur
3350 1125 3631 1192 praemium

2061 1225 2182 1268 esse
2229 1210 2312 1266 vel
2346 1209 2837 1266 remunerationem
2892 1220 3157 1266 statuunt.
3206 1212 3631 1278 Involnntarium

2061 1304 2205 1359 enim
2247 1303 2388 1372 quod
2426 1311 2531 1367 est,
2557 1299 2612 1355 id
2656 1315 2831 1370 neque
2857 1304 3135 1371 praemium
3176 1314 3429 1369 meretur,
3457 1318 3633 1376 neque

2062 1410 2236 1466 preme
2267 1394 2358 1450 ulli
2385 1402 2472 1451 est
2503 1393 2818 1450 obnoxium.
2856 1393 2927 1448 At
2955 1406 3103 1449 certe
3127 1395 3256 1450 nihil
3292 1397 3629 1466 prohibebat,

2063 1487 2260 1556 inquit,
2312 1487 2500 1541 eadem
2569 1484 2820 1541 homines
2864 1484 3175 1540 conditione
3223 1500 3329 1556 qua
3383 1487 3629 1558 angelos,

2061 1578 2243 1632 condi.
2274 1577 2567 1631 Enimvero
2594 1576 2649 1630 in
2678 1575 2884 1646 angelis
2909 1575 3157 1631 voluntas
3180 1576 3348 1631 libera
3382 1579 3630 1634 domina-

2061 1676 2171 1735 tur,
2211 1676 2266 1722 et
2299 1665 2434 1720 nihil
2471 1665 2675 1721 abillis
2711 1662 3019 1720 necessario
3062 1663 3260 1733 agitur.
3319 1664 3497 1721 Testis
3543 1678 3626 1724 est

374 1764 541 1821 τοῦτο
571 1765 755 1834 πάσης
786 1763 1116 1833 συγγνώμης
1163 1762 1467 1834 ἀλλότριον,
1498 1763 1559 1817 τὸ
1581 1763 1640 1818 δὲ
1684 1762 1952 1835 ἡμέτερον

2059 1757 2307 1828 delapsus
2352 1755 2591 1823 Lucifer,
2631 1764 2686 1812 et
2739 1764 3004 1825 quotquot
3043 1771 3165 1810 cum
3212 1755 3326 1824 ipso
3356 1754 3632 1812 daemones

374 1855 533 1926 γένος
556 1857 649 1910 καὶ
674 1858 964 1922 πίπτοντες
994 1858 1082 1912 διά
1104 1858 1391 1929 μετανοίας
1416 1859 1577 1914 πάλιν
1600 1859 1911 1913 ἀνίστανται
1938 1876 1955 1919 ;

373 1947 496 2001 ἐστι
525 1948 710 2019 μέντοι
745 1965 811 2017 γε
835 1949 972 2020 μετὰ
994 1948 1090 2020 τὴν
1123 1950 1460 2021 Δεσποτικὴν
1512 1949 1806 2021 ἐπιδημίαν
1861 1950 1958 2003 καὶ

374 2043 438 2095 ὲν
465 2038 776 2112 ἀνθρώποις
821 2040 961 2110 ἔργα
1020 2041 1194 2111 μείζω
1228 2042 1467 2112 καθορᾷν
1498 2041 1531 2112 ἢ
1558 2043 1657 2095 ὅσα
1687 2041 1955 2113 πράττου-

375 2146 466 2182 σιν
499 2130 723 2198 ἄγγελοι
749 2145 764 2159 ·
803 2129 928 2184 Ἴδε
959 2129 1067 2200 γὰρ
1087 2131 1203 2199 ἐγὼ
1235 2130 1474 2196 Παῦλος
1494 2130 1650 2198 λέγω
1682 2129 1845 2200 ὑμῖν,
1874 2129 1956 2196 ὡς

373 2224 436 2277 ει
462 2222 565 2277 καί
604 2222 649 2254 ⁸³
670 2222 927 2292 ἅγγελος
968 2221 1037 2286 ἐξ
1059 2223 1319 2290 οὐρανοῦ
1341 2221 1776 2293 εὐαγγελίζεται
1812 2220 1957 2291 ὑμῖν

374 2314 518 2383 παρ’
565 2312 597 2368 δ
639 2313 1026 2381 παρελάϐετε,
1055 2311 1323 2383 ἀνάθεμα
1369 2312 1546 2367 ἔστω.
1601 2314 1712 2367 Καὶ
1745 2313 1905 2365 πάλιν
1937 2327 1953 2342 ο

392 2403 459 2457 '0
512 2403 631 2472 μὲν
683 2402 1058 2473 ἀρχάγγελος
1087 2402 1135 2435 ⁸³
1171 2402 1413 2471 Μιχαὴλ
1471 2403 1582 2456 οὐκ
1618 2401 1957 2471 ἐτόλμησεν

376 2480 721 2563 ἐξενεγκεῖν
740 2495 1114 2564 βλάσφημον
1152 2494 1358 2562 κρίσιν
1394 2494 1547 2548 κατὰ
1597 2494 1702 2548 τοῦ
1754 2493 1955 2548 διαϐό-

374 2584 517 2648 λου,
546 2587 708 2655 ἡμεῖς
733 2585 792 2639 δὲ
815 2584 913 2657 τὴν
951 2584 1201 2650 ἐξουσίαν
1216 2584 1264 2617 ⁸*
1293 2578 1559 2654 ἐλάὸομεν
1599 2586 1788 2637 πατεῖν
1818 2584 1954 2638 ἐπά-

384 2692 461 2729 νω
485 2675 664 2743 ὄφεων
693 2675 789 2729 καὶ
833 2675 1111 2746 σκορπίων
1155 2675 1249 2728 καὶ
1278 2675 1370 2727 ἐπὶ
1398 2676 1579 2728 πᾶσαν
1609 2675 1705 2743 τὴν
1727 2672 1955 2740 δύναμιν

378 2765 479 2820 τοῦ
507 2765 724 2838 ἐχθροῦ.
754 2767 866 2821 Καὶ
920 2766 1170 2836 ἀγγέλων
1219 2766 1321 2837 μὲν
1364 2765 1563 2830 οὐδεὶς,
1594 2765 1785 2819 οὐδένα
1829 2764 1955 2819 οὔτε

381 2855 549 2920 αὐτὸς
587 2856 804 2918 ἑαυτὸν,
852 2857 988 2911 Θεὸν
1015 2859 1049 2929 ἢ
1106 2857 1243 2911 Θεοῦ
1273 2856 1400 2911 Υίὸν
1457 2859 1630 2912 εἰπεῖν
1655 2856 1721 2912 ἂν
1756 2857 1957 2930 τολμή-

384 2964 533 3002 σειεν
564 2947 722 3021 ’[592
745 2947 838 3022 Η.]
867 2950 930 3002 τὸ
973 2949 1030 3003 δὲ
1058 2948 1324 3022 ἡμέτερον
1352 2949 1506 3017 γένος
1537 2952 1630 3003 καὶ
1660 2950 1770 3003 θεοὶ
1794 2948 1842 2982 ⁸⁸
1860 2949 1958 3004 καὶ

387 3039 496 3091 υίοὶ
566 3038 822 3108 Ὑψίστου
878 3040 1215 3111 κεκλήμεθα.
1280 3039 1391 3093 Καὶ
1413 3041 1442 3093 ό
1482 3040 1585 3111 μὲν
1624 3041 1683 3094 ὲν
1724 3041 1957 3107 ἐκείνοις

396 3127 703 3199 Ἑωσφόρος
731 3128 777 3162 ⁸⁸
808 3130 1224 3202 ὀνομαζόμενος,
1279 3128 1449 3185 εἰπὼν
1514 3132 1698 3204 ὅμοιος
1742 3132 1963 3188 ἔσεσθαι

384 3216 465 3289 τῷ
504 3218 749 3291 Ὑψίστῳ
774 3220 873 3274 καὶ
918 3221 1010 3275 τὸν
1044 3220 1233 3291 θρόνον
1288 3224 1539 3295 ὑπεράνω
1567 3225 1613 3257 ⁸⁷
1651 3223 1823 3279 θεῖναι
1853 3225 1963 3280 τῶν

382 3311 632 3382 οὐρανῶν
651 3350 669 3377 ,
702 3313 797 3366 καὶ
842 3306 918 3367 ὧν
974 3309 1089 3384 εἶχε
1118 3314 1319 3369 ’καλῶν
1358 3316 1608 3371 ἐκπεσὼν
1650 3317 1744 3372 τὸν
1787 3317 1962 3373 αἰῶνα

384 3403 611 3471 γελᾶται
655 3404 751 3458 καὶ
800 3406 1190 3476 κατακρίνεται
1217 3423 1229 3435 ο
1258 3408 1406 3479 ἡμᾶς
1450 3408 1507 3461 δὲ
1558 3409 1775 3479 ὁμοίους
1820 3406 1961 3463 εἶναι

386 3491 482 3544 τοῦ
535 3493 748 3563 Πατρδς
810 3495 902 3548 καὶ
955 3495 1275 3565 συνθρόνους
1318 3499 1575 3566 γενέσθαι
1626 3499 1672 3532 ⁸⁸
1701 3499 1796 3554 τοῦ
1830 3500 1959 3554 Υίοῦ

386 3583 558 3637 αὐτοῦ
587 3586 621 3655 ἡ
649 3585 751 3655 τῆς
780 3585 1041 3658 ἀληθείας
1068 3586 1247 3658 ψῆφος
1276 3589 1378 3660 τὴν
1412 3589 1596 3645 ἄδειαν
1628 3591 1816 3648 ἔδωκε.
1846 3595 1959 3647 Καὶ

388 3673 451 3725 τὸ
482 3673 664 3743 μεῖζον
692 3690 706 3704 ο
773 3675 1100 3745 Συνήγεερε
1133 3677 1179 3709 ⁶⁹
1205 3677 1304 3731 καί
1360 3679 1768 3735 συνεκάθισεν
1802 3679 1960 3751 ἡμᾶς

387 3764 604 3832 ἐντοῖς
638 3766 1020 3837 ἐπουρανίοις
1061 3768 1130 3823 ἐν
1181 3770 1412 3839 Χριστῷ
1450 3771 1675 3841 Ἰησοῦ.
1711 3772 1844 3837 Καὶ,
1892 3773 1959 3826 El

388 3857 768 3927 ὑπομένομεν
788 3860 856 3923 ⁷⁸,
885 3860 982 3913 καὶ
1015 3863 1601 3933 συμϐασιλεύσομεν.
1625 3864 1753 3929 Καὶ,
1791 3862 1961 3918 Οἴδα-

381 3962 503 4015 μεν
530 3946 599 4014 ",
623 3948 783 4001 πάλιν
812 3948 970 4012 ἄλλος
992 3949 1100 4003 τῶν
1122 3950 1380 4022 μαθητῶν
1397 3952 1847 4026 διαμαρτύρεται,
1869 3953 1959 4009 ὅτι

388 4038 503 4093 ἐὰν
528 4039 863 4109 φανερωθῇ,
914 4039 1105 4109 ὅμοιοι
1138 4041 1299 4108 αὐτῷ
1322 4044 1600 4113 ἐσόμεθα.
1636 4045 1797 4098 Ὥστε
1842 4047 1956 4110 τοῖς

392 4129 736 4199 βουλομένοις
785 4131 930 4201 ἔχειν
958 4134 1052 4186 καὶ
1079 4135 1178 4204 τὴν
1208 4135 1455 4204 ἀγγέλων
1483 4138 1649 4208 τιμὴν
1695 4137 1795 4209 ἤδη
1859 4155 1954 4192 κε-

389 4222 647 4294 χάρισται

2059 1847 2398 1903 del‘ecerunt.
2436 1847 2634 1905 Verum
2662 1845 2931 1916 quomodo
2977 1846 3136 1901 nobis
3171 1845 3425 1914 expedire
3459 1848 3632 1919 magis

2056 1939 2227 2008 possit
2265 1938 2577 2009 angelorum
2614 1937 2924 1994 conditione
2950 1937 3211 2007 produci,
3251 1938 3468 2007 quando
3502 1952 3631 2008 pec-

2057 2042 2236 2088 catum
2290 2032 2528 2101 ipsorum
2574 2030 2947 2099 pcenitentiam
2994 2045 3098 2084 non
3150 2031 3376 2099 recipit,
3406 2038 3463 2086 et
3503 2046 3630 2098 pro-

2055 2135 2240 2191 pterea
2262 2120 2406 2175 omni
2432 2136 2645 2190 quoque
2687 2122 2842 2176 venia
2888 2130 3075 2176 careat
3106 2138 3120 2175 :
3155 2130 3403 2176 nostrum
3448 2131 3629 2178 autem

2059 2216 2282 2270 mortale
2325 2228 2492 2283 genus
2517 2214 2679 2267 etiam
2708 2227 2938 2280 peccans
2969 2227 3064 2280 per
3105 2211 3481 2282 paenitentiam
3514 2229 3632 2269 rur-

2055 2323 2175 2361 sum
2211 2315 2457 2375 resurgat
2481 2306 2505 2359 ‘i
2526 2305 2590 2359 Et
2620 2312 2770 2359 certe
2802 2313 2923 2373 post
2947 2301 3153 2358 Christi
3184 2302 3401 2359 Domini
3431 2305 3633 2361 adven-

2058 2408 2192 2462 tum,
2214 2398 2377 2452 etiam
2414 2398 2467 2453 in
2503 2395 2809 2451 hominibus
2841 2395 3047 2464 majora
3076 2409 3237 2465 Opera
3272 2397 3452 2451 videre
3481 2396 3628 2463 licet,

2054 2507 2216 2561 quam
2269 2504 2603 2562 quacunque
2661 2489 2730 2544 ab
2778 2487 2985 2558 angelis
3012 2486 3149 2542 ﬁunt
3179 2505 3193 2542 :
3231 2486 3363 2542 Ecce
3385 2505 3478 2559 ego
3513 2488 3631 2542 dico

2058 2585 2199 2640 vobis
2223 2583 2419 2656 (inquit
2438 2581 2681 2650 Paulus),
2706 2580 2826 2634 licet
2848 2582 3065 2650 angelus
3091 2579 3156 2634 de
3170 2581 3296 2635 caelo
3320 2580 3631 2650 evangelia:

2055 2678 2222 2740 vobis,
2285 2684 2478 2747 prater
2522 2673 2601 2738 id,
2650 2675 2789 2744 quod
2838 2674 3135 2739 accepistis,
3160 2672 3440 2727 anathema
3466 2673 3532 2725 sit
3563 2672 3631 2725 ⁸⁸.

2056 2769 2125 2824 Ει
2175 2772 2368 2822 iterum
2407 2783 2423 2820 :
2465 2764 2690 2819 Michael
2737 2764 2945 2834 quidem
2997 2764 3343 2834 archangelus
3404 2781 3507 2818 non
3556 2776 3633 2818 est

2056 2878 2218 2916 ausus
2262 2859 2525 2929 judicium
2555 2857 2748 2927 inferre
2789 2856 3120 2925 blasphemia:
3165 2856 3374 2910 diabolo
3405 2857 3450 2888 ²⁰
3486 2875 3501 2925 ;
3540 2873 3636 2913 nos

2055 2966 2189 3007 vero
2244 2950 2552 3019 accepimus
2614 2955 2946 3016 potestatem
2995 2944 3236 3000 calt-andi
3294 2961 3457 3015 supra
3516 2962 3637 3001 ser-

1987 3054 2255 3140 Cpentes
2305 3053 2361 3099 et
2410 3040 2745 3112 scorpiones,
2789 3046 2844 3093 et
2904 3053 3065 3107 super
3114 3054 3328 3094 onmem
3380 3041 3634 3093 virtutem

2068 3135 2271 3191 inimici
2293 3134 2360 3189 ³⁷.
2387 3131 2574 3203 Neque
2599 3132 2914 3202 angelorum
2943 3131 3226 3201 quisquam
3251 3143 3308 3184 se
3343 3129 3426 3183 vel
3469 3130 3633 3183 alium

2067 3242 2230 3283 ausus
2267 3235 2352 3282 est
2391 3227 2581 3291 Deum,
2609 3234 2702 3278 aut
2741 3222 2835 3278 Dei
2859 3222 3054 3277 Filium
3102 3221 3421 3291 appellare:
3466 3223 3639 3277 homi-

2067 3335 2194 3374 num
2239 3333 2368 3374 vero
2419 3324 2609 3386 genus,
2642 3324 2700 3371 et
2725 3314 2798 3371 dii
2825 3323 2880 3370 et
2921 3314 3013 3368 lilii
3058 3312 3150 3369 Dei
3192 3314 3530 3368 nominamur
3567 3314 3635 3369 ".

2067 3410 2200 3466 Cum
2247 3409 2372 3464 item
2423 3408 2670 3474 dixisset,
2705 3407 2795 3476 qui
2838 3406 2980 3461 inter
3005 3405 3125 3459 illos
3179 3403 3396 3461 Lucifer
3443 3406 3636 3477 1856

2068 3502 2382 3565 vocabatur,
2406 3500 2638 3556 similem
2660 3514 2722 3555 se
2753 3498 2990 3553 futurum
3010 3497 3307 3563 Altissimo,
3333 3498 3638 3570 soliumque

2065 3609 2224 3664 supra
2259 3593 2454 3648 caelum
2508 3590 2900 3646 collocaturum
2927 3590 2995 3654 ”,
3029 3589 3136 3644 illis
3189 3590 3340 3659 ipsis,
3375 3605 3495 3661 quae
3524 3602 3634 3645 tum

2065 3684 2395 3755 possidebat,
2445 3681 2601 3737 bonis
2652 3681 2890 3746 amissis,
2929 3681 2982 3735 in
3027 3680 3219 3737 saecula
3265 3679 3495 3736 ludibrio
3530 3693 3632 3742 est.

2067 3785 2230 3846 atque
2267 3775 2658 3832 condemnatus
2702 3784 2927 3828 manet:
2971 3773 3124 3829 nobis
3165 3787 3343 3830 tamen
3394 3775 3636 3830 veritatis

2066 3869 2341 3922 decretum
2395 3874 2714 3935 potestatem
2770 3864 2917 3918 illam
2963 3862 3112 3930 fecit,
3145 3875 3204 3918 ut
3248 3865 3452 3920 similes
3488 3865 3636 3922 Patri

2064 3957 2421 4021 elﬁceremur,
2463 3972 2677 4025 unaque
2705 3972 2828 4011 cum
2860 3954 2982 4022 ejus
3012 3954 3151 4010 Filio
3181 3957 3234 4010 in
3268 3958 3477 4012 thronis
3505 3973 3636 4013 con-

2065 4050 2386 4105 sideremus.
2428 4046 2559 4101 lllud
2600 4048 2828 4114 amplius
2868 4045 3375 4113 :Conresuscitavit,
3425 4059 3472 4101 et
3505 4064 3633 4102 con-

2060 4141 2238 4194 sedere
2272 4153 2365 4192 nos
2389 4137 2510 4207 fecit
2542 4138 2598 4191 in
2621 4137 2912 4192 calestibus
2941 4139 2995 4190 in
3029 4137 3242 4192 Christo
3270 4137 3401 4192 Jesu
3430 4139 3493 4192 ³⁸.
3526 4138 3630 4193 Et:

2061 4230 2120 4286 Si
2161 4229 2556 4293 sustinebimus,
2596 4230 2756 4283 etiam
2791 4232 3219 4300 conregnabimus
3247 4232 3312 4285 υ.
3344 4229 3412 4286 Ει
3451 4248 3465 4284 ι
3514 4232 3632 4289 Sci-

389 4331 509 4368 mus
537 4316 697 4385 (alius
735 4315 933 4370 iterum
971 4318 1246 4387 apostolus
1278 4320 1528 4388 testatur)
1554 4323 1804 4391 quoniam
1830 4340 1948 4377 cum
1971 4321 2513 4395 apparuerit,similes
2539 4324 2587 4379 ei
2638 4325 2835 4378 erimus
2863 4324 2928 4378 ³⁹.
2980 4325 3163 4395 Itaque
3213 4325 3301 4380 his
3347 4324 3498 4393 ipsis,
3541 4324 3631 4395 qui

388 4407 699 4476 angelorum
726 4407 984 4463 honorem
1013 4418 1291 4480 tantopere
1311 4412 1574 4479 ambiunt,
1597 4413 1709 4482 jam
1726 4429 2017 4471 concessus
2049 4416 2140 4472 ille
2172 4425 2278 4472 est.

473 4497 616 4551 Ἀλλ’
677 4498 1064 4568 ἁμαρτάνομεν
1088 4540 1104 4563 ,
1145 4504 1329 4571 φησιν,
1378 4504 1767 4578 εὐχερέστερον
1795 4525 1809 4539 ·
1840 4506 1955 4562 ἀλλ’

2131 4509 2294 4580 Atqui
2314 4524 2618 4580 peccamus.
2650 4508 2847 4578 inquit,
2872 4509 3189 4576 promptius.
3219 4507 3490 4583 [Vermm]
3523 4513 3629 4569 Sed

380 4589 512 4644 ὅσον
543 4591 801 4658 συνεχῶς,
855 4593 1108 4646 τοσοῦτον
1164 4593 1380 4661 θᾶττον,
1410 4598 1479 4651 ἂν
1528 4597 1637 4670 ἄρα
1692 4599 1956 4669 θέλωμεν,

2059 4611 2258 4671 quanto
2277 4600 2327 4656 id
2350 4600 2669 4670 promptius,
2702 4610 2850 4653 tanto
2869 4599 3030 4652 etiam
3050 4600 3212 4653 citius
3243 4603 3569 4673 resurgimus
3600 4624 3614 4672 ;

382 4680 725 4752 ἀνιστάμεθα
753 4694 768 4710 °
819 4684 1019 4755 μυρίας
1066 4685 1174 4758 γὰρ
1206 4688 1251 4717 ⁷¹
1277 4687 1429 4751 ὁδοὺς
1462 4689 1562 4760 τῆς
1597 4690 1956 4761 μεταμελείας

2059 4692 2102 4746 si
2134 4693 2291 4746 modo
2342 4692 2608 4745 volumus.
2644 4690 2787 4745 Mille
2815 4692 2957 4746 enim
2989 4690 3106 4744 vias
3140 4692 3454 4761 pmnitendi,
3501 4713 3625 4750 nos-

385 4773 484 4825 καὶ
517 4772 613 4840 τῆς
650 4774 923 4844 σωτηρίας
949 4777 981 4845 ἡ
992 4776 1107 4844 μῶν
1139 4779 1166 4829 ὁ
1189 4776 1318 4848 [305
1345 4777 1440 4851 Η.]
1467 4780 1771 4850 ὑπέρσοφος
1798 4782 1956 4853 κηδε-

2059 4797 2162 4849 que
2231 4779 2475 4835 solvendi
2534 4780 2969 4848 sapientissimus
3055 4789 3316 4851 patronus
3390 4785 3628 4842 donavit.

393 4860 515 4931 μὼν
544 4862 857 4930 ἐχαρίσατο.
891 4864 1030 4916 Ἀλλ’
1053 4867 1288 4936 ἐραστὴς
1315 4868 1379 4921 σὺ
1401 4867 1501 4937 τῆς
1536 4867 1671 4937 πρὸς
1690 4868 1954 4937 ἀγγέλους

2062 4871 2152 4936 At,
2185 4872 2320 4927 heus
2357 4880 2414 4926 tu
2456 4871 2712 4941 angelicae
2754 4872 3097 4941 cognationis
3140 4884 3350 4927 amator
3380 4893 3395 4927 :
3429 4876 3632 4943 majore

386 4955 730 5020 συγγενείας.
785 4956 896 5009 Καὶ
928 4956 1034 5028 μὴν
1059 4957 1104 4989 ⁷³
1130 4957 1358 5028 ἠξίωσαι
1388 4958 1631 5029 μείζονος
1652 4976 1665 4989 ’
1707 4959 1801 5013 τοῦ
1847 4961 1956 5032 γὰρ

2064 4965 2225 5017 etiam
2265 4976 2489 5017 munere
2535 4962 2728 5032 dignus
2754 4977 2813 5016 es
2848 4962 3083 5017 habitus.
3116 4962 3247 5017 Nam
3282 4967 3491 5037 cognati
3519 4968 3630 5038 jam

380 5045 657 5098 Δεσπότου
695 5051 974 5116 συγγενεῖς
999 5054 1140 5103 κατά
1174 5051 1353 5121 σάρκα
1380 5052 1704 5122 γεγόναμεν.
1736 5054 1858 5107 Ἔτι
1898 5054 1955 5106 δὲ

2062 5054 2266 5111 Christi
2297 5070 2395 5124 per
2422 5068 2639 5109 carnem
2669 5051 2843 5107 elTecti
2872 5066 3081 5110 sumus.
3099 5056 3251 5121 Quod
3284 5057 3408 5111 item
3438 5059 3632 5114 abillis

382 5288 428 5318 ι.
456 5219 507 5318 Ii
529 5218 705 5318 διξξεο
743 5236 785 5318 ξς
811 5219 929 5318 8.2‘
967 5222 1045 5318 9;.
1079 5223 1409 5318 ."..‘.‘!.‘“‘._‘."
1442 5225 1532 5318 ."
1572 5225 1702 5281 ¹⁴¹¹⁰’
1737 5242 1789 5292 "’
1834 5227 1920 5282 ‘9'

2073 5227 2214 5286 Psal.
2277 5244 2462 5293 unt,
2502 5229 2556 5284 6.
2630 5228 2804 5285 "lsa.
2862 5247 2977 5297 xrv,
3013 5233 3100 5287 14.
3178 5230 3223 5263 ⁸⁸
3254 5233 3448 5301 Ephes.
3487 5248 3546 5295 ιι,
3575 5232 3629 5287 6.

405 5291 428 5319 ‘
463 5287 508 5343 ll
565 5288 709 5345 Tim.
742 5307 803 5356 ιι,
839 5291 927 5346 12.
1001 5294 1046 5326 ³¹
1077 5292 1093 5347 Ι
1120 5293 1276 5349 Joan.
1318 5310 1401 5358 ιιι,
1442 5294 1497 5349 2.

1658 5406 1887 5463 VARle
1928 5406 2218 5463 LECTION
2224 5408 2321 5464 ES.

456 5502 693 5605 ῗέῗετὲ·
753 5503 1188 5605 .'.'if-?:°:‘1.‘i't';
1225 5504 1356 5605 ἐξ·
1394 5500 2047 5605 .3’°i:“-:3.EE§:.1_..32‘!:
2097 5503 2190 5605 9..
2213 5505 3146 5605 3..le_.‘53‘.’§£“.31..51'.°°.3:33;.
3200 5508 3628 5605 “negarat;

377 5590 576 5637 Luxu,
619 5571 674 5626 6.
753 5575 800 5607 ⁸⁸
844 5571 1058 5648 ὲωσφῖ]
1110 5575 1211 5631 lsa.
1241 5590 1350 5639 xw,
1385 5574 1481 5657 12.
1556 5571 1598 5605 ⁸⁷
1632 5571 1982 5642 ὑπερανωθεν
2006 5591 2065 5638 ς.
2142 5574 2190 5605 ⁸⁸
2213 5571 2456 5640 γίνεσθαι
2493 5571 2856 5651 apographum
2889 5571 3168 5650 Stephani.
3245 5580 3291 5613 "
3320 5571 3627 5657 συνῆγειρε]

379 5648 584 5714 Ephes.
615 5659 679 5707 Il,
715 5645 772 5701 6.
851 5648 897 5676 ⁷·
920 5645 1190 5714 εἰὺπομ.]
1253 5644 1299 5700 ll
1334 5646 1480 5700 Tim.
1526 5660 1587 5711 ιι,
1623 5644 1712 5698 12.
1787 5644 1829 5676 τί
1869 5643 2116 5714 οἴδαμεν]
2173 5643 2195 5697 l
2253 5645 2411 5701 Joan.
2458 5662 2540 5713 ιιι,
2574 5647 2630 5701 2.
2704 5650 2748 5680 τ’
2804 5652 2912 5714 γὰρ
2961 5653 3087 5706 add.
3141 5653 3209 5707 Α.
3284 5652 3328 5685 ’³
3371 5655 3466 5708 καὶ
3521 5655 3627 5714 μὴν

376 5648 584 5771 fatigat.
615 5659 679 5748 tt,
715 5645 772 5701 6.
851 5648 897 5676 "
920 5643 1190 5721 εἰὺπομ.]
1253 5644 1299 5700 ll
1334 5645 1480 5700 Tim.
1526 5660 1587 5711 ιι,
1623 5644 1712 5698 12.
1787 5644 1829 5676 τί
1869 5643 2116 5716 οἴδαμεν]
2173 5643 2195 5697 l
2253 5645 2411 5701 Joan.
2458 5643 2541 5713 Ill,
2574 5643 2630 5701 2'.
2696 5643 2748 5680 ’τ’
2804 5652 2912 5721 γὰρ
2961 5643 3087 5706 add.
3141 5653 3209 5707 Α.
3284 5652 3329 5745 ’ξ
3371 5643 3480 5708 καῖ
3521 5643 3629 5725 μὴν

530 5750 593 5782 t‘s'
620 5750 681 5779 ’δ’
