4030 6248
462 344 569 408 ’751

1634 351 1899 411 ΡΗΟΤΙΙ
1939 354 2317 453 PATRIAIiC
2327 350 2451 418 ΗᾸΞ
2489 360 2599 423 CP.

3602 363 3709 428 752

464 475 743 536 peccatum
795 472 898 530 est,
946 464 1157 518 tametsi
1210 463 1434 520 forsitan
1467 468 1645 524 minus
1686 482 1765 525 est
1825 482 2027 536 nostro1

2140 474 2202 526 τὸ
2241 474 2339 546 μὲν
2378 476 2506 545 παρ’
2543 477 2769 531 ἐκείνων
2805 478 3130 551 ἁμάρτημα,
3163 480 3263 534 κᾶν
3312 480 3533 535 ἔλαττόν
3587 483 3704 537 ἐστι

467 558 655 627 majori
690 566 865 611 tamen
897 569 1052 625 paena
1078 556 1315 624 punitur.
1357 557 1595 615 Potentes
1626 561 1763 615 enim
1791 570 2027 629 potenter

460 659 720 704 tormenta
741 648 1012 718 patientur
1034 647 1099 703 ”.
1125 648 1333 704 Rursus
1360 652 1500 718 quod
1527 650 1631 706 illis
1652 653 2024 721 gravissimam

463 738 619 793 aﬂert
648 751 880 808 pmnam,
924 754 1025 792 non
1058 754 1240 808 parem
1271 740 1423 795 nobis
1456 742 1506 795 in
1538 743 1654 812 pari
1683 742 1880 798 delicto
1908 756 2025 813 pte-

463 843 545 884 nze
591 828 805 883 adducit
835 828 1173 898 gravitatem.
1220 830 1357 898 Quin
1406 832 1567 887 etiam
1598 833 1651 889 in
1683 835 1839 889 nobis
1865 835 2026 891 citius

460 917 692 981 deletur.
719 933 840 971 cum
879 918 982 972 illis
1006 920 1172 974 semel
1203 919 1436 976 infusum
1478 933 1779 992 peccatum,
1811 934 2029 980 maneat

462 1008 762 1063 indelebile.
823 1008 888 1063 Et
936 1009 1096 1065 nobis
1126 1010 1344 1080 quidem
1392 1023 1577 1068 nostra
1628 1028 1751 1069 cum
1800 1030 2029 1085 corpore

460 1098 789 1168 coniunctio,
813 1100 980 1154 veniae
998 1116 1214 1156 causam
1246 1103 1447 1171 praebet
1477 1120 1491 1171 ;
1524 1104 1629 1160 illis
1648 1120 1799 1171 vero,
1826 1116 2029 1176 quanto

460 1203 686 1261 corpore
705 1192 1103 1259 praestantiores
1152 1194 1436 1260 habentur,
1474 1204 1626 1250 tanto
1657 1197 1819 1251 etiam
1852 1199 2029 1253 minus

459 1281 814 1352 deprecabilis
881 1284 1166 1353 castigatio
1235 1286 1510 1355 inlligitur.
1562 1287 1920 1353 Quamobrem
1976 1297 2031 1343 et

468 1388 564 1428 vas
597 1373 877 1429 electionis
932 1375 1008 1428 ait
1056 1394 1068 1427 :
1126 1375 1352 1445 Angelos
1399 1376 1780 1445 judicabimus,
1834 1387 2029 1447 quanto

460 1469 625 1540 magis
659 1469 939 1524 secularia
969 1469 1035 1524 “.
1071 1468 1155 1535 Et,
1189 1468 1372 1523 Sancti
1402 1472 1656 1524 mundum
1690 1471 2024 1539 judicabant.

465 1561 727 1617 Nimirum
766 1577 964 1617 crassa:
1015 1563 1142 1616 huic
1173 1564 1324 1618 carni
1371 1563 1592 1629 alligati,
1625 1565 1717 1617 sed
1749 1580 1867 1632 quae
1918 1579 2030 1616 tne-

464 1655 597 1709 liora
623 1664 770 1720 sunt,
803 1663 947 1710 recte
966 1666 1307 1726 peragentes,
1330 1654 1525 1709 liberos
1552 1654 1672 1710 illos
1694 1669 1724 1708 a
1748 1654 2028 1724 corporeis

464 1748 711 1811 vinculis,
759 1748 853 1803 sed
889 1747 985 1816 qui
1020 1757 1112 1799 aut
1146 1761 1249 1800 non
1283 1747 1431 1817 paria
1474 1748 1691 1810 nostris,
1718 1757 1813 1803 aut
1850 1747 2029 1817 pejora

461 1839 620 1893 etiam
653 1846 889 1908 patrant,
916 1836 1244 1908 iudicamus,
1284 1845 1446 1905 atque
1475 1837 1890 1907 compescimus,
1922 1838 2024 1890 ml-
2061 1820 2102 1875 Β

464 1946 593 1987 nere
620 1948 741 1987 cum
774 1939 1060 2001 potestate,
1099 1931 1239 1999 quod
1270 1930 1461 1985 melius
1491 1939 1629 1993 erat,
1658 1928 2024 1999 perﬁcientes,

463 2039 572 2091 pro:
604 2022 690 2085 iis,
729 2022 816 2090 qui
852 2021 1109 2089 majorem
1152 2021 1458 2074 facultatem
1488 2022 1830 2076 obtinebant.
1863 2020 2029 2076 Nobis

461 2115 681 2183 insuper
717 2113 1063 2183 peccantibus
1113 2122 1220 2167 tota
1251 2122 1333 2167 est
1380 2114 1489 2167 vita
1539 2114 1606 2168 ad
1657 2113 2027 2183 pmnitentiam

460 2216 622 2274 atque
644 2204 1072 2259 emendationem
1103 2206 1398 2274 proposita,
1445 2219 1566 2259 cum
1612 2204 1832 2274 angelos
1861 2203 2029 2259 semel

461 2298 636 2367 lapsos
653 2309 812 2366 paena
833 2309 954 2350 mox
973 2305 1259 2351 consecuta
1290 2296 1378 2349 sit.
1402 2294 1633 2367 Caligini
1648 2297 1808 2359 enim,
1832 2296 2025 2366 inquit,

459 2388 653 2457 inferni
706 2388 975 2441 immersos
1025 2388 1245 2441 tradidit
1275 2388 1327 2440 in
1352 2387 1618 2458 judicium
1664 2388 2028 2444 custodiendos

462 2497 664 2538 servare
693 2481 831 2552 (45).
857 2480 993 2536 Aliis
1024 2481 1290 2535 sexcentis
1319 2481 1650 2552 argumentis
1689 2480 2029 2550 sapientissi-

464 2591 546 2628 tna
580 2574 673 2630 Dei
702 2589 828 2644 erga
878 2586 978 2629 nos
1006 2572 1337 2643 providentia
1370 2573 1717 2644 perspicitur.
1751 2583 1806 2629 et
1835 2589 2024 2630 eorum

460 2666 550 2734 qui
587 2677 685 2719 nos
713 2662 933 2734 angelos
980 2664 1157 2734 potius
1188 2663 1383 2735 186a
1419 2679 1579 2735 quam
1612 2666 1860 2721 homines
1895 2681 2028 2722 con-

462 2759 603 2810 ditos
630 2754 838 2821 volunt,
868 2755 1136 2810 dementia
1165 2767 1325 2825 atque
1347 2757 1555 2812 insania
1591 2757 1767 2828 palam
1795 2759 2025 2829 exponi-

464 2861 570 2903 tur.
604 2847 942 2918 Quanquam,
997 2849 1041 2904 si
1089 2850 1380 2905 secundum
1411 2851 1719 2921 angelorum
1776 2863 2023 2907 naturam

461 2940 729 2995 hominem
758 2939 1080 2997 fabricasset
1112 2940 1325 3013 [Deus],
1362 2956 1431 2996 ne
1460 2941 1539 2997 sic
1579 2942 1797 3012 quidem
1826 2958 2025 3013 repre-

461 3031 730 3087 hendendi
784 3031 1020 3087 studium
1089 3049 1395 3101 repressum
1447 3032 1587 3090 foret
1632 3051 1648 3102 ;
1708 3035 1801 3090 sed
1863 3035 2023 3092 aliam

463 3136 647 3177 rursus
696 3133 944 3176 naturam
970 3134 1254 3192 quaereret,
1287 3139 1407 3193 quas
1451 3125 1751 3195 angelicum
1788 3127 2024 3183 vinceret

461 3221 679 3268 statum.
730 3212 945 3268 Interim
998 3223 1052 3268 tu
1097 3215 1286 3269 ethoc
1335 3216 1464 3270 mihi
1499 3216 1779 3273 considera
1822 3235 1838 3273 :
1876 3219 1920 3274 si
1958 3219 2025 3273 ad

461 3302 751 3369 imaginem
793 3303 887 3359 Dei
925 3302 1175 3359 conditus
1210 3306 1380 3360 Adam
1407 3307 1717 3374 angelorum
1752 3324 1849 3378 par
1889 3308 2026 3363 fuls-

462 3404 563 3461 set,
606 3404 662 3451 et
716 3411 889 3467 neque
931 3413 1033 3454 nos
1077 3398 1387 3469 angelorum
1428 3400 1597 3469 gloria
1638 3403 2026 3468 caruissemns,

463 3486 550 3542 ille
583 3497 761 3543 tamen
792 3489 953 3559 paulo
982 3489 1118 3544 inl'ra
1147 3491 1364 3560 angelos
1393 3489 1643 3559 eliectus,
1676 3493 1746 3549 ob
1791 3503 2025 3548 mentem

463 3578 669 3635 scilicet
695 3578 912 3646 elatam,
944 3581 1167 3636 minime
1212 3581 1358 3651 quod
1397 3592 1681 3651 acceperat
1712 3597 2030 3639 conservas-

462 3681 564 3736 set,
589 3686 693 3739 quo
734 3670 941 3742 [quaeso
972 3671 1048 3743 te]
1078 3682 1259 3739 pacto,
1293 3675 1337 3727 si
1373 3675 1628 3744 majorem
1667 3687 1856 3731 nactus
1884 3685 2031 3731 esset

462 3766 889 3833 praerogativam,
929 3779 1032 3817 non
1064 3766 1224 3818 etiam
1261 3766 1506 3834 graviore
1522 3767 1668 3837 lapsu
1693 3767 2028 3823 corruisset?

462 3850 647 3920 Neque
708 3852 835 3906 illud
886 3852 1160 3909 omiseris.
1207 3853 1336 3920 Quae
1388 3871 1483 3924 per
1537 3856 1911 3911 necessitatem
1968 3857 2030 3911 iit

444 3944 625 4010 'actio,
669 3959 731 3998 ea
763 3959 867 3999 non
898 3945 1105 3999 ratione
1138 3948 1481 4015 praeditorum
1517 3959 1623 4015 est,
1668 3949 1761 4004 sed
1790 3949 1855 4003 ad
1889 3949 2029 4002 irra-

465 4036 767 4089 tionabilem
799 4048 961 4106 atque
990 4037 1281 4091 inanimant
1301 4051 1550 4092 naturam
1573 4041 1824 4107 pertinet.
1849 4039 2029 4106 Quare

462 4142 580 4197 qua:
610 4129 831 4182 liberum
867 4129 1144 4183 arbitrium
1180 4129 1383 4184 homini
1431 4131 1620 4185 adimit
1666 4131 2024 4198 ratiocinatio,

464 4222 575 4274 lucc
605 4235 801 4288 equum
838 4220 990 4275 nobis
1018 4229 1113 4275 aut
1143 4221 1357 4288 bovem,
1391 4230 1483 4275 aut
1526 4222 1748 4290 piscem,
1785 4232 1878 4276 aut
1909 4237 2029 4290 quae

461 4315 708 4384 stirpium
776 4326 1023 4368 naturam
1088 4315 1325 4377 habent,
1376 4328 1477 4383 pro
1530 4315 1738 4370 ratione
1802 4315 2027 4385 praedito

462 4404 700 4471 animali,
727 4405 950 4460 inducit.
981 4405 1133 4472 Quod
1175 4406 1221 4459 si
1250 4415 1431 4460 autem
1467 4406 1536 4469 is,
1559 4406 1648 4474 qui
1679 4406 1805 4460 talia
1839 4405 2024 4471 sentit,

2131 564 2239 618 τῶν
2267 567 2399 637 παρ’
2437 568 2568 637 ἡμῖν
2597 605 2614 629 ,
2672 569 2891 623 κολάσει
2948 571 3416 626 καθυποϐάλλεται
3475 572 3703 643 μείζονι·

2127 657 2416 724 (Δυνατοὶ
2470 658 2517 689 ⁷⁸
2542 657 2651 727 γὰρ
2682 658 2946 728 δυνατῶς
2970 662 3406 730 ἐτασθήσονται
3426 665 3471 732 ).
3523 665 3590 718 Ὃ
3644 665 3704 719 δι

2128 749 2358 812 ἐκείνοις
2388 750 2585 819 ἐπάγει
2616 752 2715 824 τὴν
2746 752 3054 823 βαρυτάτην
3083 754 3323 816 κόλασιν,
3349 755 3450 826 οὐχ
3508 755 3703 826 ὁμοίαν

2128 841 2257 909 ἡμῖν
2285 843 2379 894 ἐπὶ
2405 844 2517 904 τοῖς
2548 843 2755 911 ὁμοίοις
2787 844 2888 914 τῆς
2918 845 3108 908 ποινῆς
3160 846 3353 913 ἐπάγει
3381 846 3479 918 τὴν
3533 849 3703 919 βαρύο

2126 947 2282 1002 τητα.
2334 932 2494 985 Ἀλλά
2524 936 2616 987 καὶ
2645 935 2778 1003 ἡμῖν
2807 934 2905 1004 μὲν
2936 934 3125 988 θᾶττον
3149 936 3529 1006 ἀπαλείφεται.
3560 939 3703 992 ἐκεί-

2129 1039 2237 1085 νοις
2287 1023 2343 1075 δὲ
2374 1023 2518 1090 ἅπαξ
2559 1025 2782 1078 ἐντακὲν
2820 1025 3065 1095 διαμένει
3117 1026 3501 1093 ἀνεξάλειπτον
3525 1045 3539 1059 ⁸
3610 1032 3706 1083 καὶ

2129 1117 2263 1185 ἡμῖν
2310 1115 2408 1185 μὲν
2440 1118 2473 1185 ἡ
2508 1116 2644 1184 πρὸς
2673 1118 2733 1169 τὸ
2766 1116 2924 1186 σῶμα
2970 1118 3229 1187 συνάφεια
3262 1118 3588 1190 συγγνώμης
3622 1123 3705 1175 αξ-

2129 1207 2247 1258 τίαν
2278 1206 2597 1277 χαρίζεται,
2644 1210 2756 1271 τοῖς
2805 1208 2863 1261 δέ
2894 1208 3003 1278 ὅσῳ
3041 1209 3323 1279 κρείττους
3364 1212 3579 1265 δοκοῦσι
3607 1211 3702 1266 τοῦ

2135 1291 2403 1363 σώματος,
2464 1297 2556 1348 ἐπὶ
2599 1285 2853 1350 τοσοῦτον
2901 1297 3276 1370 ἀπαραίτητος
3307 1301 3415 1372 ⁷⁸η
3466 1302 3703 1372 τιμωρία

2132 1383 2498 1452 περιίσταται.
2535 1385 2626 1438 Διὸ
2645 1387 2736 1440 καὶ
2758 1389 2817 1440 τὺ
2851 1388 3081 1460 ἐκλογῆς
3116 1390 3305 1454 σκεῦος
3332 1390 3535 1461 ἔλεγεν·
3577 1392 3701 1462 Ἀγ-

2129 1473 2347 1542 γέλους
2372 1475 2417 1506 ⁷⁸
2474 1477 2817 1547 κρινοῦμεν,
2849 1480 2994 1548 μήτι
3032 1497 3100 1552 γε
3144 1481 3393 1546 ,βιωτικὰ
3423 1498 3436 1513 ·
3474 1482 3567 1537 καὶ
3592 1524 3606 1546 ,
3637 1486 3701 1539 Οἱ

2130 1564 2283 1635 ἅγιοι
2315 1565 2421 1619 τὸν
2445 1570 2675 1637 κόσμον
2711 1571 3048 1636 κρινοῦσιν,
3086 1570 3198 1625 οἷον
3226 1573 3270 1603 ’⁷
3301 1570 3499 1641 σαρκὸς
3531 1575 3703 1645 παχῦ-

2128 1671 2252 1725 τητι
2282 1653 2624 1719 συνδεθέντες
2654 1657 2748 1710 καὶ
2778 1658 3166 1747 κατορθοῦντες
3186 1658 3253 1711 τά
3269 1658 3557 1730 κρείττονα
3579 1662 3700 1725 τοὺς

2133 1747 2448 1819 ἐλευθέρους
2484 1747 2582 1819 μὲν
2632 1750 2728 1820 τῆς
2783 1750 3107 1821 σωματικῆς
3150 1750 3336 1820 πέδης,
3379 1749 3454 1820 μὴ
3487 1750 3554 1805 τά
3612 1752 3699 1806 ἴσα

2129 1838 2186 1892 δὲ
2214 1839 2247 1909 ἢ
2275 1841 2368 1893 καὶ
2400 1838 2466 1893 τά
2492 1840 2661 1910 χείρω
2702 1842 3040 1912 πράττοντας
3071 1841 3473 1913 κατακρίνομέν
3524 1859 3581 1897 τε
3604 1843 3698 1897 καὶ

2132 1928 2578 2001 ἐπιστομίζομεν,
2617 1930 2858 1985 ἐλάττονι
2885 1932 3115 2003 δυνάμει
3168 1932 3274 1986 τῶν
3306 1935 3535 2005 ἐχόντων
3600 1932 3699 2005 τὴν

2133 2021 2303 2090 μείζω
2336 2021 2535 2091 μᾶλλον
2562 2022 2624 2075 τὸ
2654 2023 2877 2092 ἄμεινον
2909 2022 3378 2094 κατορθώσαντες.
3415 2023 3577 2077 Ἀλλὰ
3604 2023 3700 2078 καὶ

2128 2113 2263 2181 ἡμῖν
2298 2114 2395 2186 μὲν
2426 2111 2547 2176 ὅλος
2592 2114 2621 2167 ό
2658 2112 2771 2184 βίος
2839 2114 3250 2186 ἁμαρτάνουσιν
3284 2118 3365 2179 είς
3417 2115 3699 2187 διόρθωσιν

2128 2219 2187 2256 τε
2217 2204 2310 2257 καὶ
2346 2204 2708 2275 μεταμέλειαν
2751 2206 3056 2277 πρόκειται,
3093 2207 3340 2276 ἀγγέλων
3365 2206 3422 2260 δὲ
3455 2210 3580 2269 τοὺς
3615 2206 3700 2271 ἐξ·

2128 2297 2475 2366 αμαρτόντας
2531 2296 2691 2360 εὐθὺς
2745 2297 2779 2368 ἡ
2833 2296 3073 2370 τιμωρὸς
3125 2296 3284 2351 ἔλαθε
3329 2296 3475 2367 δίκηο
3530 2296 3701 2364 Ζόφῳ

2128 2385 2239 2455 γὰρ
2254 2385 2300 2417 ⁷⁸
2318 2386 2471 2455 φησι,
2495 2385 2878 2455 ταρταρώσας
2896 2386 3239 2456 παρέδωκεν
3257 2388 3343 2453 είς
3370 2388 3571 2455 κρίσιν
3585 2404 3697 2455 εον·

2126 2478 2530 2547 λειπομένους
2552 2478 2772 2548 τηρεῖν.
2800 2478 2910 2531 Καὶ
2940 2479 3152 2549 μυρίοις
3180 2478 3361 2542 ἄλλοις
3389 2479 3425 2550 ἦ
3465 2495 3523 2531 τε
3565 2481 3700 2533 πάν-

2130 2585 2292 2638 σοφος
2317 2568 2412 2622 τοῦ
2446 2568 2582 2624 Θεοῦ
2618 2571 2746 2641 περὶ
2795 2572 2940 2643 ἡμᾶς
2978 2568 3301 2643 γνωρίζεται
3327 2570 3573 2641 πρόνοια,
3604 2571 3701 2623 καὶ

2125 2660 2234 2714 τῶν
2277 2660 2538 2730 ἀγγέλους
2573 2663 2617 2694 ⁷⁸
2649 2661 2846 2731 μᾶλλον
2872 2662 3206 2734 βουλομένων
3256 2662 3403 2732 ἡμᾶς
3433 2661 3578 2733 ἥπερ
3604 2661 3699 2715 ἀνι

2124 2748 2376 2822 θρώπους
2431 2753 2757 2824 γεγενῆσθαι
2805 2754 2865 2807 τὸ
2924 2756 3243 2825 παράφορον
3312 2752 3407 2806 ιιιύ⁸
3458 2751 3698 2823 ἐμμανὲς

2127 2842 2520 2913 στηλιτεύεται.
2547 2845 2610 2898 El
2640 2845 2696 2898 δὲ
2721 2844 2813 2898 καὶ
2839 2845 2980 2899 κατά
3016 2847 3114 2918 τὴν
3152 2845 3396 2916 ἀγγέλων
3426 2844 3584 2914 φύσιν
3610 2844 3700 2897 τὸν

2124 2931 2409 3003 ἄνθρωπον
2435 2931 2692 2996 ἔπλασεν,
2721 2933 2833 2987 οὐδ’
2875 2932 3048 2996 οὓτως
3071 2932 3136 2987 ἂν
3156 2932 3425 3005 ἐπεσχέθη
3449 2930 3510 2984 τὸ
3549 2929 3697 3000 φιλό-

2127 3041 2350 3094 μωμον,
2385 3024 2521 3079 ἀλλά
2569 3024 2730 3094 φύσιν
2761 3024 2924 3078 πάλιν
2969 3024 3135 3096 ἄλλην
3166 3024 3421 3095 ἐπεζήτει
3458 3022 3555 3092 τὴν
3595 3022 3696 3091 ἀγ-

2130 3115 2353 3187 γελικὴν
2411 3114 2648 3171 νικῶσαν
2705 3117 3058 3171 κατάστασιν.
3104 3118 3177 3171 Σὺ
3235 3116 3293 3170 δέ
3330 3131 3422 3185 μοι
3481 3116 3698 3168 κάκεῖνο

2131 3207 2339 3261 σκόπει.
2376 3207 2511 3260 Κατ’
2553 3208 2736 3261 εἰκόνα
2766 3206 2900 3261 Θεοῦ
2935 3206 3195 3271 πλασθεὶς
3237 3209 3265 3261 ὁ
3301 3206 3475 3278 ’Δδάμ
3523 3207 3571 3260 εί
3597 3206 3695 3275 μὲν

2127 3293 2239 3369 εἶχε
2260 3300 2321 3352 τὸ
2353 3299 2660 3368 ίσάγγελον,
2710 3298 2831 3352 οὺδέ
2868 3301 2965 3370 τῆς
2994 3299 3239 3369 ἀγγέλων
3266 3299 3425 3367 δόξης
3467 3299 3694 3369 ἐστερή-

2130 3391 2290 3461 μεθα⁶
2335 3392 2467 3445 είδέ
2502 3391 2672 3463 βραχύ
2701 3409 2753 3445 τι
2795 3390 2926 3463 παρ’
2952 3391 3215 3461 ἀγγέλους
3270 3388 3503 3460 γεγονὼς
3551 3392 3696 3460 ὅμως

2127 3480 2412 3553 ὑπερήρθη
2440 3482 2531 3535 τὸν
2577 3481 2703 3535 νοῦν
2733 3482 2829 3535 καὶ
2858 3481 2965 3534 οὐδ’
2994 3483 3131 3552 ὅπερ
3164 3480 3324 3534 ἔλαϐε
3376 3479 3693 3543 διεσώσατο,

2125 3571 2247 3637 πῶς
2277 3574 2364 3637 ἂν,
2394 3573 2444 3627 εί
2475 3572 2736 3644 μειζόνων
2761 3573 3075 3645 προνομίων
3133 3573 3344 3643 ἔτυχεν,
3377 3572 3496 3643 οὐχὶ
3564 3571 3688 3641 μᾶλ-

2126 3661 2217 3717 λον
2263 3663 2400 3735 πρὸς
2443 3664 2505 3718 τὸ
2537 3662 2918 3736 χαλεπώτερον
2975 3662 3085 3716 τῶν
3114 3664 3423 3733 πτωμάτων
3464 3664 3694 3731 κατενή-

2126 3771 2323 3824 veneto;
2358 3755 2479 3829 μηδ’
2529 3758 2704 3811 ἐκεῖνο
2753 3756 2810 3810 δὲ
2856 3757 3135 3829 παρέλθῃς
3177 3772 3192 3787 ·
3244 3757 3306 3809 Ἢ
3361 3756 3421 3823 ἐξ
3452 3756 3695 3825 ἀνάγκης

2127 3847 2327 3919 πρᾶξις
2361 3850 2422 3902 οὐ
2453 3847 2561 3904 τῶν
2614 3849 2847 3918 λογικῶν
2876 3852 3010 3912 ἐστι,
3042 3850 3142 3919 τῆς
3190 3848 3236 3901 δ’
3262 3848 3461 3917 ἀλόγου
3491 3863 3551 3902 τε
3602 3848 3696 3900 καὶ

2127 3937 2336 4009 ἀψύχου
2360 3936 2591 4008 φύσεως
2612 3936 2739 4010 [595
2761 3935 2854 4010 IL]
2870 3936 3010 3990 ὥστε
3039 3940 3066 3991 ό
3087 3937 3148 3990 τὸ
3164 3936 3509 4002 αὐτεξούσιον
3539 3935 3696 4004 λόγος

2132 4030 2385 4101 ἀφαιρῶν
2441 4029 2764 4101 ἀνθρώπους
2822 4029 3242 4085 ἀνταλλάττεται
3309 4028 3405 4083 τοῦ
3475 4026 3694 4098 λογικοῦ

2127 4120 2267 4187 ζώου
2322 4121 2413 4175 τὸν
2458 4122 2627 4176 ἵππον
2674 4123 2707 4193 ἢ
2766 4122 2859 4176 τὸν
2895 4120 3021 4192 βοῦν
3054 4122 3087 4194 ἢ
3121 4124 3248 4187 τοὺς
3302 4121 3533 4193 ίχθῦς,ἢ
3593 4122 3695 4175 ὅσα

2128 4214 2310 4284 φυτῶν
2338 4213 2609 4284 ἀνιχνεύει
2637 4216 2821 4285 φύσιν.
2862 4215 2924 4269 El
2957 4215 3002 4269 δ’
3032 4215 3113 4268 ὃτι
3141 4214 3365 4268 τοιαῦτα
3391 4209 3547 4277 οὗτος
3581 4213 3695 4266 δια-

2127 4309 2352 4373 νοεῖται,
2378 4306 2622 4361 τοιοῦτον
2650 4306 2799 4378 αὐτῷ
2829 4307 2891 4360 τὸ
2918 4308 3136 4377 τίμημα
3161 4304 3354 4375 ὁρίζει,
3373 4307 3474 4358 οὐκ
3509 4304 3693 4368 ἄδικος

2131 4399 2229 4470 μὲν
2255 4401 2334 4462 είς
2378 4398 2605 4471 κρίσιν(
2642 4395 2767 4471 εὗρε
2814 4399 2923 4469 γάρ
2959 4399 3113 4465 ἀξίαν
3140 4398 3218 4469 τῷ
3266 4396 3692 4467 πλημμελήματι

463 4496 759 4567 hnjusmodi
783 4497 883 4552 sibi
909 4511 1120 4566 pamam
1146 4497 1366 4567 irrogat,
1395 4501 1497 4551 hoc
1517 4510 1690 4565 neque
1720 4497 1918 4565 injuste
1934 4496 2023 4565 ju-

2128 4487 2223 4557 τὴν
2257 4488 2448 4559 ποινὴν
2486 4489 2543 4559 ),
2579 4488 2739 4553 αὐτὸς
2767 4489 2824 4543 δὲ
2870 4489 2938 4542 δι’
2976 4487 3171 4542 ἑαυτοῦ
3205 4488 3264 4541 τὸ
3290 4486 3576 4557 βδελυκτὼ
3601 4484 3691 4539 τοῦ

458 4588 601 4642 dicio
630 4588 688 4642 ﬁt
713 4588 938 4655 (invenit
964 4588 1105 4643 euitn
1123 4604 1305 4654 parem
1334 4587 1529 4642 delicto
1545 4588 1805 4660 poenam),
1830 4599 1885 4643 et
1906 4588 2023 4658 ipse

459 4696 553 4745 per
582 4694 642 4735 se
684 4680 1068 4734 exsecrandum
1084 4694 1235 4735 suam
1286 4679 1592 4749 opinionem
1645 4681 1843 4746 arguit.
1865 4678 2015 4735 Talia

463 4770 626 4835 igitur
651 4770 897 4837 quaedam
935 4768 1022 4821 ubi
1052 4768 1421 4837 disseruit,qui
1447 4770 1718 4838 proposita
1746 4772 1903 4824 modo
1929 4785 2017 4823 ar-

456 4871 708 4928 gumenta
762 4860 983 4929 exponit
1026 4856 1286 4931 [Jobius],
1326 4858 1378 4912 in
1407 4859 1560 4913 liberi
1605 4859 1813 4915 arbitrii
1862 4860 2020 4915 laude

454 4951 700 5019 quintum
728 4951 996 5004 decimum
1023 4959 1183 5019 caput
1210 4949 1498 5004 concludit.

535 5043 617 5099 Ιϐ.
633 5042 803 5112 Caput
823 5056 951 5097 vero
968 5041 1231 5095 decimum
1245 5051 1457 5097 sextum
1474 5057 1578 5096 non
1594 5042 1869 5113 vulgarem
1888 5059 2016 5097 con-

456 5138 586 5190 tinet
613 5136 987 5204 quaestionem.
1012 5133 1216 5201 Quaerit
1252 5134 1395 5188 enim
1446 5134 1731 5188 admodum
1777 5136 2013 5200 curiose,

520 5248 565 5280 ³³
597 5246 726 5317 Sap.
759 5264 835 5311 νι,
870 5247 923 5301 7.
1000 5247 1047 5278 “
1077 5245 1247 5301 lCor.
1289 5261 1363 5308 vr,
1396 5243 1451 5298 ὅ.

2127 4576 2462 4647 δοξάσματος
2488 4578 2718 4649 ἐλέγχει.
2751 4577 2988 4633 Τοιαῦτά
3040 4596 3163 4632 τινα
3196 4577 3481 4643 διεξελθὼν
3522 4578 3552 4630 ό
3585 4577 3693 4629 τῶν

2124 4669 2504 4739 προκειμένων
2539 4670 2849 4724 ὑποθέσεων
2906 4670 3191 4741 ὑφηγητὴς
3221 4672 3300 4731 είς
3339 4669 3559 4723 ἔπαινον
3596 4667 3692 4721 τοῦ

2125 4758 2472 4824 αὐτεξουσίου
2490 4762 2553 4814 τὸ
2584 4767 2642 4813 ιε’
2679 4760 2973 4828 κεφάλαιον
2990 4761 3346 4830 διαπεραίνει.

2192 5045 2264 5098 Τὸ
2292 5044 2351 5099 δέ
2375 5051 2450 5111 ις’
2463 5045 2571 5098 τῶν
2598 5046 2907 5115 κεφαλαίων
2930 5048 2989 5099 οὐ
3010 5046 3116 5099 τῶν
3136 5046 3374 5115 ἀγεννῶν
3392 5045 3505 5097 ἐστι
3526 5042 3689 5115 ζητη-

2126 5137 2328 5207 μάτων·
2351 5136 2795 5208 πολυπραγμονεῖ
2811 5137 2944 5210 γὰρ,
2967 5138 3072 5193 Διὰ
3106 5139 3163 5191 τί
3199 5139 3232 5190 ὁ
3270 5135 3580 5205 ἅνθρωπος
3617 5134 3686 5187 ἐκ

1743 5334 1976 5391 ἾΔΒΙᾹΞ
2007 5335 2413 5395 ιΕοΤιυΝεε.

520 5430 567 5462 ⁷⁸
593 5429 831 5500 δυνατοί]
898 5430 1024 5499 Sap.
1063 5446 1136 5495 νι,
1168 5432 1219 5500 ‘7.
1323 5431 1367 5464 ⁷⁸
1399 5429 1767 5500 ἀπαραίτητον
1800 5417 1943 5485 libri.

974 5445 1024 5499 p.
1063 5446 1136 5495 νι,
1168 5432 1219 5483 7.

456 5499 493 5553 ll
542 5500 686 5554 Petr.
720 5518 778 5564 ιι,
810 5499 862 5553 λι.

2051 5431 2099 5511 ’ξ
2146 5433 2369 5556 gnam;
2411 5436 2432 5490 l
2466 5437 2589 5491 Cur.
2652 5451 2723 5499 γι,
2758 5438 2814 5491 5.

2056 5500 2174 5554 Itbrt
2202 5506 2339 5556 αγγέ
2371 5523 2446 5556 ων
2489 5524 2546 5556 υ..
2582 5506 2814 5556 Βουλοαέη

970 5498 1015 5532 π
1045 5499 1309 5568 ἀγγέλους
1340 5516 1399 5569 μ.
1430 5498 1766 5570 βουλομένων
1789 5514 1898 5570 mg.
1932 5517 1969 5564 ς
2007 5518 2021 5553 :
2056 5500 2174 5554 Iibr'i
2198 5498 2339 5573 ἅγγέ

2926 5439 2969 5469 ττ
2994 5431 3126 5509 οἷον]
3185 5438 3237 5491 οι
3289 5440 3355 5493 Α.
3436 5436 3482 5472 τι
3509 5435 3682 5507 ζόφῳ]

2371 5523 2446 5560 ων
2488 5524 2546 5577 μ.
2581 5506 2953 5578 βουλομένους.

1930 5589 2166 5653 NOTAE.

544 5686 633 5766 Αἲξ)
667 5684 985 5766 ll.Petr._tt,
1012 5685 1063 5738 4.
1096 5685 1264 5737 Aliter
1309 5685 1419 5765 lucc
1460 5685 1707 5755 leguntur
1730 5687 1784 5741 in
1826 5685 1976 5756 Vulg.
2014 5686 2331 5749 [ludentibus
2365 5696 2558 5766 inferni
2598 5698 2858 5752 detractos
2900 5699 2954 5751 in
2994 5708 3249 5752 tartarum
3284 5697 3501 5751 tradidit
3530 5712 3622 5751 cru
3645 5722 3678 5736 -

452 5756 687 5817 ciattdos,
718 5756 1049 5822 injndirirtm
1078 5755 1353 5807 reservari.
