4030 6248
427 237 536 304 753
1468 244 1996 305 BIBLIOTHECA.
2031 266 2103 282 --
2139 244 2305 304 COD.
2338 242 2625 303 CCXXII.
3564 237 3669 304 754

418 355 531 409 δύο
549 348 713 406 πολὺ
724 345 799 420 τῇ
817 348 1000 420 φύσει
1008 349 1340 406 διεστώτων
1360 352 1635 421 συνέστη
1648 351 1716 385 ⁸⁸⁸
1735 353 1829 406 καὶ
1844 351 1998 406 λύσει

2120 350 2213 405 Iur
2233 352 2385 406 homo
2405 367 2435 405 e
2450 349 2653 406 duobus
2677 347 2962 418 plurimum
2978 355 3172 402 natura
3192 346 3510 402 distantibus
3525 366 3671 403 com-

423 442 524 514 μὲν
549 442 783 511 ὑπάγειν
801 442 864 495 τὸ
886 442 1104 514 ζήτημα
1135 445 1415 513 πειρᾶται,
1451 444 1792 516 ἐνδεέστερον
1810 444 1870 496 δὲ
1892 444 1992 513 τῆς

2120 443 2328 497 positum
2339 442 2407 496 sit
2423 441 2449 496 .’
2475 440 2554 496 Ac
2582 437 2865 511 proﬂigare
2885 437 3104 509 quidem
3120 445 3177 493 et
3189 435 3399 492 solvere
3415 439 3673 507 quaestio-

421 535 654 606 ἀπορίας
703 532 831 606 ἷόοϐ
847 531 942 607 H.]
961 535 1206 606 φέρεται.
1240 535 1350 589 Καὶ
1369 535 1585 604 πρῶτον
1609 536 1709 606 μὲν
1746 535 1996 606 Πατρικά

2120 552 2223 590 tem
2243 534 2556 600 nititur,sed
2569 533 2742 603 ipsam
2761 529 3150 587 dubitationem
3168 543 3272 584 non
3286 529 3421 585 satis
3435 532 3671 602 attingit.

427 624 789 680 ὑποϐάλλεται
810 626 1053 697 ῥήματα·
1075 625 1328 701 δεύτερον
1342 627 1399 681 δέ
1422 644 1585 698 φησιν
1605 627 1682 692 ὡς
1701 627 1806 682 ἔδει
1825 627 1905 700 τῷ
1919 628 1999 682 λό-

2120 628 2343 683 >ιίιηοιιι
2389 640 2519 694 ergo
2550 624 2773 680 Patrum
2817 623 2982 678 verba
3013 622 3251 692 subjicit,
3278 622 3480 679 deinde
3509 636 3672 693 opor-

423 737 505 792 γῳ
525 720 938 792 διακοσμεῖσθαι
954 721 1014 776 τὸ
1036 721 1335 794 περίγειον,
1357 721 1547 793 ὥσπερ
1565 725 1687 786 ταῖς
1724 723 1997 796 οὐρανίοις

2120 719 2271 775 uisse
2294 722 2370 772 ait
2394 717 2605 770 ratione
2626 714 2881 771 adornari
2903 724 3177 768 terrenam
3197 713 3526 782 portionem,
3550 727 3676 784 per-

422 812 684 885 δυνάμεσι
703 812 772 867 τά
787 812 1035 882 οὐράνια,
1058 815 1152 868 καὶ
1177 814 1265 869 διὰ
1280 814 1439 868 τοῦτο
1462 814 1719 870 σύνθετον
1746 815 1886 881 ζῶον
1907 815 2001 869 ἐπὶ

2126 811 2229 865 nde
2274 818 2333 864 ut
2370 805 2683 864 cmlestibus
2731 804 3025 861 virtutibus
3064 802 3190 859 cteli
3239 803 3417 858 ornati
3445 802 3669 868 fuerint,

423 906 527 975 γῆς
544 902 814 989 προῆλθεν
837 906 871 959 ό
888 904 1193 976 ἄνθρωπος.
1219 904 1404 960 Ταῦτα
1425 906 1491 978 δὴ
1517 908 1612 962 καὶ
1635 906 1801 979 ἔτερα
1821 905 2004 962 τοιαῦ-

2120 911 2501 973 proptereaque
2551 897 2908 968 compositum
2946 897 3148 951 animal
3191 896 3242 950 in
3297 896 3458 951 terris
3499 895 3677 951 homi-

423 1015 494 1053 τα
521 986 966 1069 συνυφηνάμενος
992 998 1287 1069 ἀπαρτίζει
1312 999 1379 1053 τὸ
1410 999 1727 1069 κεφάλαιον.

2120 1008 2230 1047 nem
2250 991 2536 1060 prodiisse.
2561 986 2688 1043 Haec
2699 996 2755 1040 et
2781 987 2833 1041 id
2855 1000 3025 1057 genus
3050 986 3155 1041 alia
3178 995 3495 1052 contexens,
3513 991 3678 1055 caput

2108 1081 2212 1135 hoc
2243 1079 2495 1134 absolvit.

2181 1174 2271 1228 17.
2298 1172 2503 1238 Quaerit
2532 1171 2678 1235 hinc,
2727 1170 2835 1225 Cur
2871 1166 3009 1222 Deus
3040 1164 3265 1221 Verbum
3306 1168 3460 1221 homo
3486 1167 3554 1221 sit
3590 1165 3677 1235 fa-

2110 1266 2265 1321 ctus?
2307 1264 2587 1332 Solvitqne
2620 1262 3033 1316 dubitationem.
3074 1259 3283 1312 Partim
3310 1258 3555 1329 quidem,
3592 1259 3677 1313 in-

2113 1358 2250 1427 quit,
2283 1365 2339 1408 ut
2361 1354 2519 1410 nobis
2547 1354 2824 1422 exemplar
2871 1350 3091 1405 virtutis
3120 1349 3458 1417 relinqueret
3482 1350 3548 1415 ³⁸,
3585 1363 3683 1418 per

2112 1445 2254 1515 quod
2288 1443 2444 1498 nobis
2476 1456 2538 1496 ea
2574 1441 2806 1497 facultas
2843 1443 3006 1509 adsit,
3047 1458 3153 1513 qua
3195 1459 3302 1499 non
3352 1441 3678 1504 necessario,

2114 1536 2205 1593 sed
2234 1535 2406 1591 libere
2432 1550 2498 1590 ac
2523 1545 2721 1604 sponte
2753 1549 2877 1589 eum
2916 1535 3200 1599 imitando,
3244 1533 3480 1602 ejusdem
3513 1530 3679 1586 vesti-

502 1170 636 1228 Εἶτα
662 1172 839 1245 ζητεῖ,
863 1176 966 1230 Διά
982 1175 1041 1229 τί
1063 1175 1391 1243 σαρκοῦται
1419 1178 1451 1231 ό
1470 1176 1614 1240 Θεὸς
1638 1177 1828 1242 Λόγος
1856 1193 1875 1242 ;
1913 1176 2008 1231 καὶ

426 1262 772 1321 ὲπιλύεταιτὸ
790 1266 1145 1338 ζήτημακαθ⁹
1164 1266 1224 1322 ἓν
1247 1267 1367 1337 μὲν,
1388 1268 1496 1325 ἵνα.
1516 1270 1701 1337 φησὶν,
1725 1270 1859 1338 ἡμῖν
1879 1268 2009 1321 ὐπο-

432 1359 685 1431 γραμμὸν
705 1358 748 1391 ⁸¹
773 1359 972 1431 ἀρετῆς
993 1358 1295 1431 καταλίπῃ,
1314 1358 1384 1413 δι’
1406 1351 1467 1413 οὗ
1489 1361 1599 1422 τοῖς
1622 1360 1824 1429 ἴχνεσιν
1843 1356 2008 1411 αὐτοῦ

427 1449 768 1522 περιγίνεται
787 1452 920 1521 ἡμῖν
941 1450 1041 1503 οὐκ
1061 1449 1123 1515 ἐξ
1146 1450 1413 1521 ἀνάγκης,
1449 1450 1564 1506 ἀλλ’
1586 1449 1847 1512 ἑκουσίως
1869 1448 2010 1502 κατὰ

431 1542 668 1613 μίμησιν
723 1543 1117 1613 περιπατῆσαι.
1168 1541 1480 1597 Ἔπειταδὲ
1520 1542 1581 1595 τὸ
1621 1541 1715 1595 τοῦ
1748 1540 2010 1609 Θεολόγου

429 1629 732 1706 Γρηγορίου
755 1632 940 1705 τίθησι
966 1634 1152 1705 ῥητόν·
1177 1631 1379 1702 Σάρκα
1398 1633 1511 1702 γὰρ
1529 1632 1717 1702 φορεῖ,
1740 1633 1893 1704 φησὶ,
1916 1634 2013 1687 διὰ

2120 1635 2219 1705 giis
2280 1632 2611 1687 insistamus.
2676 1629 2780 1686 Ubi
2848 1645 2971 1685 mox
3029 1629 3275 1701 Gregorii
3326 1635 3683 1699 cognomento

427 1724 546 1792 τὴν
573 1703 729 1794 ἐμὴν
768 1703 999 1794 σάρκα,
1023 1703 1123 1780 καὶ
1152 1723 1326 1794 ψυχῇ
1361 1723 1542 1795 νοερᾷ
1565 1725 1663 1780 διὰ
1719 1703 1836 1793 τὴιρ
1858 1726 2013 1795 ἐμὴν

2120 1703 2378 1795 νίῚιεεοΙοεί
2407 1722 2523 1796 (44)
2551 1723 2717 1777 verba
2775 1723 2998 1793 apponit
3029 1739 3044 1777 :
3076 1720 3304 1777 Carnem
3350 1721 3484 1775 enim
3518 1730 3681 1791 gestat

428 1814 645 1887 ⁸ψυχὴν
653 1816 959 1887 μίγνυται,
974 1814 1057 1884 τῷ
1074 1818 1256 1888 ὁμοίῳ
1269 1817 1337 1871 τὸ
1349 1817 1555 1887 ὅμοιον
1573 1818 2006 1886 ἀνακαθαίρων.

432 1908 543 1962 Καὶ
562 1904 665 1974 ἔτι,
687 1908 779 1962 ἶνα
796 1908 856 1962 τὸ
870 1907 1090 1977 λογικὸν
1109 1909 1214 1963 ὑπὸ
1248 1908 1343 1964 τοῦ
1371 1909 1569 1979 ἀλόγου
1606 1909 2010 1965 καταδουλωθὲν

432 2000 598 2065 αὐτὸς
634 2001 806 2071 Λόγος
827 1999 903 2055 ὢν
944 2000 1291 2074 ἐλευθερώσῃ
1331 2001 1835 2073 ἀνακαλεσάμενος.
1888 2002 2010 2055 Ἐπὶ

432 2093 643 2151 τούτοις
662 2092 720 2144 δὲ
735 2091 833 2147 καὶ
853 2093 978 2146 ἐπεὶ
997 2095 1025 2146 ὁ
1053 2092 1227 2162 ’Δδάμ
1248 2093 1491 2161 νικηθεὶς
1514 2092 1575 2147 τὸ
1598 2095 1656 2147 ἐν
1672 2092 1822 2164 αύτῷ
1843 2092 2012 2147 Becet-

432 2184 649 2250 δδςτοίς
669 2184 771 2253 τῆς
788 2185 992 2256 σαρκὸς
1011 2186 1227 2257 μυρίοις
1242 2185 1521 2255 κατέχωσε
1544 2184 1745 2240 πάθεσι
1781 2186 1875 2240 καὶ
1898 2187 2011 2248 τοῖς

432 2273 496 2341 ὶξ
520 2272 686 2328 αὐτοῦ
720 2272 924 2344 βλάὄην
944 2272 1192 2340 διέδωκε,
1221 2272 1310 2328 διὰ
1328 2273 1487 2327 τοῦτο
1513 2271 1812 2342 σαρκοῦται
1840 2273 1869 2325 ὁ
1899 2272 2011 2326 Κύα-

436 2382 571 2438 ριος,
588 2367 683 2420 καὶ
701 2365 778 2436 τῷ
801 2364 1028 2435 πελάγει
1048 2367 1148 2434 τῆς
1167 2364 1301 2429 ίδίας
1317 2363 1571 2435 θεότητος
1585 2364 1681 2435 τὴν
1697 2365 1794 2435 τῆς
1818 2363 2013 2435 ἡμετέ-

377 2515 387 2524 _
437 2471 537 2524 ρας
563 2453 778 2522 φύσεως
810 2455 1129 2526 ὑποδέχεται
1184 2453 1449 2523 σταγόνα,
1492 2456 1568 2518 ὡς
1616 2454 1683 2509 ἂν
1727 2455 1789 2508 τὸ
1821 2454 2013 2526 θνητὸν

436 2542 544 2598 ὑπὸ
571 2545 670 2615 τῆς
718 2544 865 2615 ζωῆς
896 2545 1181 2618 καταποθῇ
1205 2544 1299 2598 καὶ
1330 2547 1410 2608 είς
1469 2546 1533 2598 τὸ
1562 2545 1721 2613 γένος
1753 2543 1875 2599 ὅλον
1903 2560 2011 2599 πα-

440 2636 705 2708 per:ng
734 2637 796 2690 τὸ
829 2637 1023 2709 δῶρον,
1054 2638 1150 2691 καὶ
1187 2637 1276 2691 ἴνα
1305 2637 1367 2691 τὸ
1398 2636 1604 2706 ἄφατον
1631 2637 1866 2706 πέλαγος
1913 2636 2013 2707 τῆς

435 2727 603 2783 αὑτοῦ
650 2728 789 2802 πρὸς
808 2730 957 2800 ἡμᾶς
1000 2729 1410 2801 φιλανθρωπίας
1438 2729 1764 2800 ἐνδείξηται.
1794 2728 1905 2784 Καὶ
1930 2729 2013 2782 ὅτι

436 2819 530 2875 τὸν
552 2820 888 2893 δημιουργὸν
912 2821 1076 2876 αὐτὸν
1103 2820 1210 2876 ἔδει
1236 2821 1333 2876 καὶ
1357 2822 1452 2875 τοῦ
1505 2820 1708 2876 οίκείου
1758 2821 2013 2892 πλάσμα-

435 2924 529 2975 τος
584 2912 936 2985 διαρῤυέντος
999 2913 1256 2982 γενέσθαι
1308 2914 1721 2985 ἀνακαινιστήν.
1787 2914 2013 2983 Ἐπάγει

436 3004 494 3059 δὲ
517 3003 593 3069 ὡς
642 3005 736 3061 καί
765 3022 889 3059 τινα
915 3007 1025 3060 τῶν
1052 3006 1145 3060 ἐπὶ
1174 3008 1274 3077 τῆς
1302 3007 1533 3079 Τριάδος
1567 3009 1764 3068 κοινῶς
1790 3008 2015 3078 λεγομέ-

437 3109 546 3148 νων
572 3063 854 3160 nouam;
882 3096 946 3153 τὸ
997 3098 1143 3169 ἱερὸν
1175 3063 1412 3169 γραμμα
1456 3063 1533 3162 ὡς
1586 3101 1709 3153 κατ’
1741 3063 2017 3169 ἐξαίρετον
2042 3063 2086 3127 C

440 3186 699 3256 φέρουσιν
726 3190 812 3259 ἔφ’
836 3190 956 3254 ἑνὸς
981 3190 1092 3244 τῶν
1121 3190 1434 3262 σεϐασμίων
1463 3190 1843 3246 ὑποστάσεων.
1868 3190 2017 3244 Ταύ-

439 3291 509 3350 τῃ
540 3297 623 3333 τοι
656 3282 718 3334 τὸ
770 3283 1164 3353 δημιουργικὸν
1212 3285 1307 3337 καὶ
1339 3286 1432 3337 ἐπὶ
1467 3284 1681 3356 Πατρός
1717 3285 1812 3339 καὶ
1846 3284 2018 3340 Πνεύ-

443 3389 618 3439 ματος
647 3374 807 3441 ἁγίου
834 3375 1117 3446 όμοτίμως
1162 3376 1515 3447 ταττόμενον,
1570 3377 1721 3447 ὅμως
1746 3378 2021 3447 οίκονομιο

341 3488 347 3493 -
440 3461 555 3526 κῶς
605 3463 825 3535 τῷΥίῷ
864 3466 1031 3520 πάλιν
1075 3466 1151 3530 ὡς
1194 3465 1471 3537 ἐξαίρετον
1491 3466 1831 3536 ἀφορίζεται.
1863 3464 2019 3519 Οὕτω

441 3551 540 3604 καὶ
564 3552 664 3623 τὴν
719 3555 994 3626 σωτηρίαν
1057 3557 1216 3628 ἡμῶν
1243 3598 1258 3620 ,
1303 3558 1371 3628 ἣν
1417 3560 1448 3611 ὁ
1485 3559 1657 3625 Λόγος
1705 3558 2016 3629 εἰργάσατο,

442 3647 595 3702 ἐστιν
625 3651 807 3723 εὑρεῖν
853 3654 1273 3726 ἀναφερομένην
1312 3659 1392 3719 είς
1421 3656 1513 3710 τὸν
1563 3656 1803 3727 Πατέρα.
1849 3658 2020 3714 Ἐ’λά-

440 3742 599 3808 λησε
617 3740 662 3773 ⁸¹
682 3743 792 3811 γὰρ
806 3744 970 3812 ἡμῖν.
992 3747 1175 3815 φησὶν,
1195 3745 1385 3821 ἐνΥίῷ
1397 3746 1467 3800 ⁸³.
1490 3746 1764 3813 Καὶ,’1νοι
1784 3749 1851 3780 ⁸³⁸
1874 3767 2020 3819 τινω-

439 3832 628 3903 ρισθῇ
654 3834 772 3890 νῦν
797 3838 838 3906 ή
881 3840 1321 3905 πολυποίκιλος
1371 3839 1478 3894 τοῦ
1511 3840 1661 3895 Θεοῦ
1690 3843 1897 3911 σοφία,
1940 3841 2020 3910 ἢν

440 3923 734 3992 ἐποίησεν
761 3926 831 3982 ἐν
862 3928 943 3995 τῷ
961 3929 1211 3998 Χριστῷ·
1245 3931 1360 3996 καὶ,
1396 3932 1595 3986 Αὐτοῦ
1620 3932 1667 3964 ⁸⁸
1694 3932 1806 4001 γάρ
1837 3933 2023 4003 ἐσμεν

444 4016 674 4086 ποίημα
696 4058 712 4083 ,
759 4020 1104 4087 κτισθέντες
1157 4022 1230 4075 ἐν
1264 4022 1498 4090 Χριστῷ
1542 4022 1747 4089 Ἰησοῦ
1777 4024 1876 4078 ἐπὶ
1924 4024 2020 4093 ἔρ-

446 4123 575 4174 γοις
624 4108 891 4178 ἀγαθοῖς,
949 4110 1163 4180 ποίημα
1211 4112 1307 4165 καὶ
1357 4111 1562 4182 κτίσμα
1628 4112 1876 4185 δηλονότι
1925 4115 2023 4186 τὴν

446 4196 756 4253 ἀνάπλασιν
789 4199 889 4269 τῆς
939 4202 1308 4283 ἀποστολικῆς
1329 4203 1515 4273 φωνῆς
1567 4204 1860 4273 καλούσης.
1912 4206 2025 4260 Καὶ

447 4287 632 4341 πάλιν·
654 4290 966 4359 Γνωρίσας
980 4293 1026 4325 ⁸⁸
1048 4292 1189 4361 ἡμῖν
1208 4294 1276 4347 τὸ
1287 4293 1629 4364 μυστήριον
1649 4297 1757 4351 τοῦ
1775 4295 2026 4367 θελήμα-

2058 1838 2077 1861 ι
2116 1822 2318 1895 (inquit
2371 1819 2481 1892 ille)
2531 1827 2742 1888 prapter
2780 1832 2949 1869 meum
2979 1830 3213 1880 carnem,
3256 1823 3304 1868 et
3335 1812 3512 1866 animo
3531 1811 3686 1866 intel-

2116 1915 2305 1984 ligente
2335 1922 2549 1982 propter
2575 1925 2741 1964 meum
2769 1910 3003 1961 animum
3032 1907 3300 1971 miscetur,
3325 1903 3487 1959 simili
3518 1901 3685 1958 simile

2117 2022 2423 2076 repurgant.
2476 2003 2739 2060 Praeterea
2774 2011 2832 2054 ut
2863 1999 3181 2054 rationalem
3213 2006 3418 2068 partem
3447 1997 3516 2052 ab
3546 1998 3683 2050 irra-

2121 2096 2364 2152 tionabili
2416 2097 2468 2151 in
2524 2093 2838 2149 servitutem
2895 2091 3195 2154 redactam,
3246 2089 3361 2159 ipse
3415 2087 3686 2143 rationale

2124 2185 2360 2242 Verbum
2391 2185 2664 2241 exsistens
2715 2187 3031 2250 repararet,
3080 2187 3244 2247 atque
3276 2178 3329 2231 in
3377 2177 3683 2233 libertatem

2119 2278 2449 2333 restitueret.
2494 2274 2575 2329 Ad
2621 2274 2759 2336 llaec,
2814 2267 3006 2340 ιθθι
3045 2266 3482 2338 quandoquidem
3515 2267 3684 2321 Adam

2119 2371 2311 2432 victus,
2340 2368 2434 2422 Dei
2462 2368 2516 2420 in
2539 2380 2601 2420 se
2622 2364 2913 2433 imaginem
2938 2358 3240 2415 innumeris
3266 2358 3448 2414 carnis
3475 2357 3688 2429 passio-

2118 2461 2278 2516 nibus
2320 2459 2521 2523 obruit,
2582 2465 2639 2512 et
2684 2457 2751 2510 ad
2807 2462 3055 2525 posteros
3101 2466 3299 2509 noxam
3347 2452 3687 2515 transmisit,

2118 2556 2240 2609 Ideo
2267 2567 2486 2609 carnem
2520 2549 2780 2604 Dominus
2830 2546 3030 2609 induit,
3088 2554 3146 2600 et
3195 2546 3249 2600 in
3280 2545 3416 2599 mari
3462 2544 3690 2601 Deitatis

2119 2659 2232 2700 suae
2294 2654 2497 2699 nostra:
2545 2640 2877 2697 conditionis
2917 2647 3127 2709 guttam
3175 2641 3434 2710 suscepit,
3468 2654 3590 2695 cum
3630 2645 3690 2691 ut

2121 2737 2350 2793 mortale
2384 2751 2414 2790 a
2445 2737 2555 2790 vita
2606 2734 3018 2797 absorberetur.
3064 2747 3230 2806 atque
3268 2736 3323 2790 in
3371 2734 3684 2787 universum

2119 2846 2289 2899 genus
2316 2832 2638 2889 beneﬁcium
2662 2829 2986 2895 effunderet,
3043 2841 3156 2887 tum
3206 2840 3265 2885 ut
3307 2825 3688 2897 inexplicabile

2120 2924 2341 2997 pelagus
2386 2925 2643 2981 bonitatis
2678 2941 2793 2982 suae
2833 2940 2962 2996 erga
2999 2940 3101 2982 nos
3153 2927 3469 2979 ostenderet
3514 2938 3530 2977 :
3574 2927 3687 2976 tum

2121 3015 2282 3069 etiam
2336 3016 2461 3084 quia
2506 3017 2754 3086 opiﬁcem
2810 3018 2991 3089 ipsum
3033 3014 3319 3086 oportebat
3372 3026 3484 3069 suae
3538 3026 3695 3066 crea-

2120 3115 2289 3176 turae,
2342 3122 2463 3178 quae
2511 3108 2623 3173 lam
2662 3108 3006 3175 dimouerat,
3065 3109 3485 3163 instauratorem
3543 3102 3682 3157 fieri.

2120 3200 2287 3256 Addit
2314 3201 2556 3271 insuper,
2601 3210 2661 3257 ut
2707 3216 2895 3257 eorum
2928 3200 3131 3271 aliqua,
3163 3214 3285 3270 quae
3330 3195 3690 3253 communiter

2121 3294 2188 3348 de
2216 3292 2487 3347 'l'rinitate
2511 3292 2616 3348 dici
2671 3293 2865 3360 solent,
2908 3304 3287 3363 saepenumero
3331 3302 3488 3343 sacra
3534 3284 3689 3342 Scri-

2120 3392 2278 3451 ptura
2302 3383 2368 3436 ad
2397 3395 2557 3436 unam
2596 3380 2942 3451 peculiariter
2982 3378 3377 3436 venerabilium
3427 3388 3690 3447 persona-

2123 3487 2245 3527 rum
2274 3469 2496 3528 referat.
2531 3471 2606 3526 Ita
2633 3486 2766 3527 sane
2812 3471 3038 3527 creandi
3069 3471 3150 3526 vis
3177 3470 3328 3526 Patri
3354 3484 3421 3524 ex
3451 3483 3608 3539 aequo
3630 3483 3696 3522 ac

2120 3575 2313 3621 sancto
2345 3564 2574 3634 Spiritui
2601 3566 2887 3633 attributa,
2915 3575 3065 3622 certa
3098 3563 3451 3620 nihilominus
3484 3563 3694 3618 ratione

2125 3657 2267 3713 Filio
2307 3672 2497 3713 rursus
2539 3670 2599 3713 ut
2648 3659 2918 3714 excellens
2968 3659 3098 3730 quid
3138 3658 3468 3727 assignatur.
3508 3656 3599 3710 Sic
3642 3665 3699 3710 et

2123 3748 2345 3803 humani
2369 3748 2584 3818 generis
2619 3749 3068 3819 redemptionem,
3094 3764 3254 3819 quam
3287 3747 3542 3821 Verbum
3565 3760 3691 3816 per-

2124 3839 2271 3900 fecit,
2306 3840 2546 3909 reperias
2578 3840 2631 3894 in
2667 3840 2880 3895 Patrem
2901 3841 3095 3895 referri
3122 3860 3135 3896 :
3163 3839 3392 3893 Locutus
3423 3847 3498 3892 est
3531 3837 3692 3899 enim,

2125 3932 2321 4001 inquit,
2353 3932 2502 3986 nobis
2525 3933 2579 3985 in
2608 3929 2751 3986 Filio
2777 3933 2881 4000 "5‘;
2911 3941 2964 3986 et
2998 3951 3011 3987 :
3050 3929 3116 3986 Ut
3154 3933 3497 3985 innotesceret
3514 3929 3688 3984 multi-

2123 4021 2311 4091 formis
2342 4024 2602 4089 sapientia
2630 4021 2749 4086 Dei,
2792 4038 2945 4091 quam
2984 4022 3102 4089 fecit
3142 4021 3196 4075 in
3243 4021 3451 4075 Christo
3475 4020 3562 4082 ";
3596 4025 3650 4074 et
3681 4037 3696 4072 :

2125 4113 2304 4183 Ipsius
2330 4115 2466 4167 enim
2495 4128 2675 4167 sumus
2707 4113 2940 4183 factura,
2964 4115 3127 4167 creati
3150 4114 3203 4167 in
3228 4112 3443 4167 Christo
3472 4111 3604 4166 Iesu
3640 4111 3698 4164 in

2125 4207 2365 4274 operibus
2390 4205 2540 4259 bonis
2564 4208 2606 4237 "
2625 4223 2638 4259 :
2656 4206 2918 4275 [acturam
2951 4206 3201 4261 videlicet
3216 4215 3271 4261 ct
3289 4221 3417 4274 opus
3436 4200 3672 4259 reforma
3693 4233 3702 4243 -

2129 4300 2327 4350 tionem
2379 4308 2537 4351 vocat
2591 4298 2897 4365 Apostolus.
2926 4299 2993 4351 Et
3046 4312 3262 4353 rursum
3294 4313 3310 4351 :
3341 4296 3474 4350 Cum
3514 4305 3696 4349 notum

446 4382 551 4444 τος
583 4380 773 4434 αὐτοῦ
792 4383 945 4455 κατὰ
966 4383 1082 4451 τὴν
1095 4384 1381 4439 εὐδοκίαν
1397 4386 1609 4452 αὑτοῦ,
1634 4386 1716 4454 ἦν
1741 4387 2018 4457 προέθετο

2128 4384 2328 4452 [scisset
2362 4401 2499 4439 nunc
2523 4386 2671 4440 nobis
2714 4394 3102 4440 sacramentum
3146 4386 3428 4441 voluntatis
3452 4401 3586 4447 sure,
3617 4399 3700 4438 se—

443 4469 516 4521 ἐν
560 4468 722 4535 αὑτῷ
756 4472 1425 4543 ἀνακεφαλαιώσασθαι,
1482 4480 1557 4531 τὰ
1596 4477 1797 4533 πάντα
1828 4480 1897 4532 ἐν
1941 4478 2022 4544 τῷ

443 4562 700 4628 Χριστῷ,
721 4564 816 4617 καὶ
833 4565 1003 4635 μυρία
1021 4566 1179 4624 ἄλλα.
1198 4565 1324 4639 [5'96
1353 4567 1524 4641 R.]El
1552 4569 1661 4641 γὰρ
1682 4570 1776 4623 καὶ
1798 4568 1866 4622 δι’
1888 4569 2020 4623 Υίοῦ

444 4651 517 4704 τά
541 4652 721 4707 πάντα
746 4654 1000 4723 γενέσθαι
1034 4659 1389 4730 πιστεύομεν,
1424 4661 1539 4715 ἀλλ’
1572 4660 1664 4714 οὖν
1681 4660 1893 4730 ἀνάγκη
1928 4663 2022 4714 καὶ

443 4742 538 4794 τὸν
569 4744 786 4816 Πατέρα
828 4744 1163 4819 δημιουργὸν
1202 4750 1489 4821 ὁμολογεῖν
1514 4751 1561 4784 ⁸⁸
1590 4751 1681 4805 διὰ
1727 4749 1789 4804 τὸ
1823 4752 2024 4805 ταυτὸν

443 4834 547 4903 τῆς
575 4852 635 4888 τε
663 4835 860 4907 βουλῆς
882 4840 976 4893 καὶ
1002 4841 1284 4911 ἐνεργείας
1313 4843 1408 4897 καὶ
1438 4843 1740 4913 δυνάμεως,
1764 4841 2025 4907 ὡσαύτως

448 4925 509 4978 δὲ
537 4931 632 4979 καὶ
661 4928 723 4981 τὸ
753 4931 977 5001 Πνεῦμα
1005 4934 1071 4987 τὸ
1096 4934 1273 5003 ἂγιον.
1300 4935 1414 4990 Καὶ
1444 4934 1681 5005 μάλιστά
1708 4952 1772 5004 γε
1805 4935 1865 4988 τὸ
1893 4935 2027 4988 ἀπο-

447 5019 636 5073 λαύειν
653 5021 779 5084 τοὺς
801 5022 1251 5090 ἀναπλασθέντας
1277 5028 1372 5080 τοῦ
1397 5026 1696 5099 ἀγιασμοῦ,
1715 5028 1808 5081 καὶ
1830 5025 2024 5097 διαμὲο

524 5155 568 5187 ³³
591 5153 610 5207 l
634 5157 785 5211 Petr.
817 5173 878 5226 tt,
916 5160 1007 5215 2|.
1082 5163 1151 5196 ³⁵²
1180 5161 1345 5219 Hebr.
1377 5179 1417 5227 ι,
1447 5162 1503 5217 2.

452 5223 656 5291 [πει-ει
694 5227 849 5299 Vulg.

2129 4477 2357 4530 eundum
2383 4477 2756 4547 beneplacitum
2791 4494 2969 4543 suum,
3017 4482 3156 4550 quod
3190 4482 3464 4549 proposuit
3514 4481 3569 4533 in
3614 4495 3698 4543 eo,

2129 4567 2197 4619 ad
2244 4568 2651 4622 instaurandum
2695 4570 2873 4625 omnia
2912 4571 2971 4623 in
3011 4568 3222 4625 Christo
3244 4568 3310 4624 ⁸⁸.
3367 4570 3596 4640 Aliaque
3647 4571 3701 4625 itl

2129 4672 2297 4729 genus
2318 4659 2568 4728 plurima.
2590 4658 2647 4715 Si
2664 4661 2810 4715 enim
2830 4676 2924 4730 per
2940 4660 3132 4716 Filium
3151 4662 3332 4717 omnia
3349 4676 3471 4718 esse
3487 4662 3709 4718 condita

2131 4750 2421 4815 credimus,
2455 4752 2821 4806 necessarium
2851 4762 3000 4808 certe
3019 4752 3233 4808 Patrem
3252 4767 3467 4823 quoque
3492 4760 3705 4807 creato-

2131 4853 2250 4892 rem
2271 4839 2542 4908 conﬁteri,
2560 4842 2750 4896 saltem
2773 4858 2995 4911 propter
3011 4842 3153 4898 idem
3170 4843 3328 4909 velle,
3349 4857 3530 4912 posse,
3545 4858 3609 4897 ac
3626 4841 3708 4896 fa-

2133 4944 2276 4986 cere.
2330 4928 2595 4987 Similiter
2621 4942 2680 4987 et
2712 4931 2976 5003 Spiritum
3009 4943 3279 4989 sanctum.
3308 4932 3529 5004 Quippe
3560 4935 3705 5004 quod

2127 5019 2238 5090 jam
2271 5022 2549 5078 reformati
2571 5024 2995 5081 sanctimoniam
3021 5037 3443 5097 consequantur,
3465 5027 3703 5097 atquein

1604 5162 1649 5195 ³⁸
1676 5163 1874 5232 Eplies.
1925 5177 2008 5227 tu,

2133 5173 2188 5216 et
2218 5162 2309 5216 Η.
2399 5160 2443 5193 ³⁷
2473 5158 2673 5230 Ephes.
2710 5176 2771 5226 tt,
2823 5162 2906 5217 10.
2976 5163 3021 5195 ⁸⁸
3048 5161 3245 5233 Ephes.
3279 5179 3316 5229 ι,
3351 5163 3407 5227 9,
3447 5173 3503 5216 ut
3530 5173 3713 5215 natum

1716 5313 1947 5369 VARl/E
2002 5314 2412 5374 LECTIONES.

526 5406 582 5487 ’ζ
619 5409 847 5487 συνέστη
877 5409 922 5463 Α
952 5427 965 5463 :
998 5408 1263 5487 συνετέθῃῇ
1289 5427 1385 5487 ς..
1425 5406 1889 5487 ἰκύπογραμμὸν]
1941 5408 2363 5487 [ΑΡοιιξειιηὲίε
2430 5414 2519 5487 ξιγ
2545 5413 2719 5487 ὲλὰλ.]
2757 5415 2917 5487 Hebr.
2974 5432 3030 5481 i,
3056 5418 3112 5471 2.
3189 5416 3235 5449 ⁸³
3266 5418 3336 5487 γὲν
3380 5413 3455 5486 τῷ
3491 5413 3591 5485 υίῷ
3642 5429 3704 5480 ς.

456 5475 522 5509 ⁸³·
560 5477 668 5549 ἵνα]
709 5475 907 5548 Epltes.
952 5496 1035 5544 ut,
1063 5480 1151 5536 10.
1226 5475 1273 5511 ⁸⁸
1328 5478 1516 5552 αὑτοῦ]
1585 5475 1781 5548 Ειῶίιιέδζ
1822 5475 1908 5546 ni,
1942 5478 2028 5533 10.

2113 5481 2159 5512 ⁸⁸
2199 5483 2364 5538 αὑτοῦ
2425 5482 2626 5555 Ephes.
2657 5481 2719 5553 ι,”
2747 5486 2800 5541 9.
2876 5488 2921 5519 ⁸⁸
2946 5487 3101 5557 όμολ.
3138 5489 3232 5541 καὶ
3255 5486 3342 5540 διὰ
3364 5504 3424 5552 ς.

1964 5570 2198 5629 ΝΟΤίΕ.

530 5657 641 5728 (ιι)
680 5656 875 5714 llomil.
913 5661 977 5714 de
1019 5626 1205 5714 Natat.
1242 5660 1462 5714 Christi.
