4030 6248
376 280 488 344 755

1528 281 1791 342 PHOTII
1832 282 2333 342 PATRIARCHXE
2370 286 2478 344 ΕΡ.

3523 281 3629 348 756

384 393 767 447 reformatione
801 403 1174 462 perseverent,
1206 395 1258 449 id
1289 395 1459 448 sancti
1486 394 1724 463 Spiritus
1753 409 1946 448 crean-

2067 411 2159 446 ιειν
2173 395 2231 446 ὲν
2243 397 2309 464 τῇ
2333 394 2760 463 ἀναπλάσει,τῆς
2778 393 2874 447 τοῦ
2894 393 3162 462 παναγίου
3179 392 3494 463 Πνεύματός
3513 395 3630 450 ἔστι

384 483 459 538 Iis
486 493 652 552 alque
673 485 1048 540 conservantis
1097 479 1367 554 praecipue
1415 500 1553 554 opus
1595 495 1701 540 est.
1753 484 1958 552 Spiritu

383 589 622 644 quoque,
653 573 766 648 [de]
795 577 954 631 rebus
989 577 1186 631 creatis
1208 577 1283 629 ait
1313 577 1478 630 David
1505 577 1572 641 ³ο,
1601 577 1771 630 omnis
1797 576 1958 630 virtus

383 682 584 721 eorum.
617 667 680 721 Et
708 683 836 722 vero
866 669 1069 722 clarum
1103 668 1270 737 quod,
1300 669 1425 722 dum
1460 667 1726 736 Propheta
1762 667 1956 721 Ibidem

385 759 562 813 dicit:
603 758 768 812 Verbo
813 753 1026 812 Domini
1054 759 1169 813 caeli
1200 760 1399 828 ﬁrmati
1449 770 1590 823 sunt,
1631 757 1853 812 Verbum
1902 766 1960 809 ut

386 851 632 920 opiﬁcem
660 851 917 905 celebrat.
955 850 1335 905 Firmationem
1365 853 1506 906 enim
1549 861 1705 904 vocat
1729 849 1956 919 primam

391 941 534 994 illam
570 942 1098 1008 coagmentationcm
1156 943 1696 1012 productionemque.
1775 940 1846 994 Ut
1906 948 1960 991 et

390 1033 529 1100 quod
559 1030 819 1086 efﬁciendi
855 1033 1272 1101 perliciendique
1296 1031 1587 1099 potentiam
1613 1029 1835 1098 Spiritui
1864 1029 1962 1082 tri-

394 1126 539 1187 huat,
567 1138 661 1192 per
676 1138 738 1176 ea
768 1139 887 1192 quae
901 1122 1145 1191 adiunxit
1177 1141 1189 1176 :
1224 1123 1288 1174 Et
1313 1123 1498 1190 spiritu
1525 1122 1631 1174 oris
1661 1120 1773 1188 ejus
1795 1121 1961 1173 omnis

391 1216 558 1268 uirtus
586 1231 783 1270 eorum.
819 1215 1114 1284 Gregorius
1146 1215 1256 1286 (45)
1283 1228 1498 1283 quoque
1529 1213 1710 1265 divino
1736 1229 1834 1264 suo
1866 1228 1962 1266 ore

393 1305 521 1361 dicit
544 1323 558 1358 :
584 1304 826 1359 Primum
859 1306 1122 1375 angelicas
1145 1315 1424 1370 potestates
1441 1305 1655 1372 cogitat,
1679 1315 1833 1372 atque
1867 1303 1960 1354 illa

393 1397 640 1466 cogitatio
671 1410 783 1450 erat
813 1413 960 1465 opus,
990 1397 1126 1466 quod
1164 1395 1332 1450 Verbo
1358 1396 1732 1464 complebatur,
1757 1406 1802 1447 et
1837 1393 1962 1461 Spi-

393 1490 498 1542 ritu
529 1487 918 1558 perﬁciebatur,
967 1489 1179 1557 aliaque
1213 1496 1488 1542 sexcenta.
1522 1485 1716 1555 187a
1749 1483 1963 1538 Utiliter

393 1594 544 1646 ergo,
571 1591 624 1633 et
642 1579 705 1632 ad
735 1579 1127 1634 institutionem
1158 1591 1320 1646 atque
1345 1578 1796 1632 introductionetn
1830 1577 1962 1630 satis

395 1671 813 1724 accommodatae
849 1668 1042 1721 divinae
1072 1669 1398 1735 c0gnitionis
1456 1667 1782 1736 praeconium
1835 1679 1954 1732 pro.

2058 485 2420 554 δημιουργίας
2441 501 2501 536 τε
2528 485 2622 536 καὶ
2655 485 2901 555 συνοχῆς.
2942 484 3050 538 Kal
3085 482 3164 548 τῷ
3181 485 3225 516 ⁸⁷
3254 485 3548 552 Πιέὐματι
3575 485 3632 538 δὲ

2057 576 2165 626 τῶν
2203 574 2612 643 παραχθέντων,
2645 577 2809 643 φησὶν
2837 575 2864 625 ό
2900 573 3084 636 Δασὶδ,
3118 572 3286 627 πᾶσα
3313 574 3351 640 ἠ
3380 573 3636 642 δύναμις

2057 664 2276 719 αὐτῶν.
2312 666 2418 718 Καὶ
2448 665 2604 736 δῆλον
2636 665 2712 728 ὡς
2744 665 2809 717 δι’
2836 659 2912 718 ὧν
2951 665 3050 734 μὲν
3080 667 3108 718 ό
3146 666 3432 735 προφήτης
3461 664 3634 733 λέγε-ι,

2062 757 2146 823 Τῷ
2157 759 2322 826 Λόγῳ
2340 758 2561 825 Κυρίου
2575 760 2630 810 oi
2651 758 2893 825 οὐρανοὶ
2915 757 3385 824 ἐστερεώθησαν,
3407 758 3638 828 ποιητὴν

2057 849 2148 901 τὸν
2174 849 2342 916 Λόγον
2366 851 2524 918 ὑμνεί
2549 851 2866 920 (στερέωσιν
2887 851 2994 920 γὰρ
3015 851 3114 918 τὴν
3140 850 3362 918 πρώτην
3383 847 3512 920 [307
3539 848 3635 921 H.]

2060 940 2223 1009 πῆξιν
2253 941 2348 993 καὶ
2380 941 2596 1009 γένεσιν
2642 942 2856 1008 καλεῖ),
2911 942 3260 994 τελειωτικδν
3307 941 3364 994 δὲ
3414 941 3506 994 καὶ
3549 941 3640 994 δυ-

2059 1033 2356 1101 ναμοποιὸν
2378 1031 2440 1084 τὸ
2471 1031 2692 1101 Πνεῦμα
2725 1033 2792 1085 δι’
2811 1026 2884 1085 ὧν
2915 1034 3183 1101 ἐπήγαγε·
3208 1032 3324 1085 Kal
3349 1029 3430 1096 τῷ
3453 1033 3638 1086 πνεύ-

2059 1141 2194 1191 ματι
2219 1123 2324 1177 τοῦ
2344 1125 2643 1192 στόματος
2658 1125 2848 1178 αὑτοῦ
2868 1125 3038 1180 πᾶσα
3064 1126 3105 1193 ἠ
3125 1125 3385 1194 δύναμις
3413 1123 3636 1180 αὐτῶν.

2064 1215 2175 1268 Καὶ
2210 1217 2242 1284 ἡ
2280 1215 2553 1285 Γρήγορος
2595 1214 2652 1266 δὲ
2678 1216 2772 1267 καὶ
2803 1215 2922 1269 θεία
2948 1217 3171 1284 γλῶσσά
3209 1233 3364 1286 φησι⁹
3401 1215 3644 1284 Πρῶτον

2059 1305 2260 1358 ἐννοεῖ
2280 1306 2387 1371 τὰς
2419 1305 2738 1376 (mmmam
2778 1306 3085 1374 δυνάμεις,
3129 1307 3230 1360 καί
3266 1307 3332 1360 τὸ
3377 1307 3642 1379 ἐννόημα

2059 1400 2235 1467 ἔργον
2273 1395 2353 1468 ἦν
2386 1402 2547 1470 λόγῳ
2608 1400 3159 1470 συμπληρούμενον
3195 1399 3294 1452 καὶ
3344 1399 3643 1466 ῙΙνεύματι

2059 1491 2498 1559 τελειούμενον,
2515 1493 2608 1544 καὶ
2628 1493 2798 1563 μυρία
2821 1491 2973 1545 ἄλλα.
2992 1490 3296 1560 Ὠφελίμως
3315 1489 3371 1541 δὲ
3385 1491 3478 1542 καὶ
3495 1489 3644 1544 παιδ-

2061 1580 2308 1648 αγωγίας
2352 1582 2447 1634 καὶ
2491 1585 2800 1651 εἰσαγωγῆς
2840 1581 3054 1642 οίκείως
3095 1582 3156 1633 τὸ
3185 1582 3281 1648 τῆς
3313 1579 3642 1648 θεογνωσίας

2063 1671 2394 1742 προελήλυθε
2427 1675 2712 1744 κήρυγμα.
2749 1673 2860 1726 Καὶ
2889 1657 2998 1744 γάῥ
3021 1672 3109 1726 διὰ
3140 1673 3239 1742 μὲν
3263 1672 3363 1742 τῆς
3401 1672 3645 1734 Παλαιᾶς

393 1761 575 1815 cessit.
615 1761 826 1814 Etenim
859 1761 910 1813 in
939 1758 1120 1816 Veteri
1157 1758 1528 1822 Testamento,
1569 1759 1714 1812 velut
1741 1758 1956 1811 univer-

2067 1762 2136 1824 ὡς
2167 1765 2642 1833 προκαταρκτικὸν
2677 1763 2788 1817 τῶν
2840 1765 2976 1817 ὅλων
3007 1765 3178 1817 αἴτιον
3208 1765 3236 1815 ό
3268 1764 3460 1834 Πατὴρ
3488 1762 3644 1834 πρώ-

393 1869 578 1908 sorum
625 1852 734 1923 (46)
798 1867 965 1908 causa
1029 1854 1283 1922 primaria
1348 1854 1578 1923 primum
1638 1851 1963 1920 praedicatur

393 1947 573 2000 Pater.
614 1945 818 2000 Deinde
845 1943 1016 1998 Filius
1047 1953 1299 2014 tanquam
1349 1946 1624 2015 operatrix
1670 1959 1829 1999 causa
1865 1944 1960 1996 de-

393 2036 654 2090 claratur.
703 2033 889 2089 Tertio
918 2035 1169 2104 denique,
1205 2044 1261 2088 ut
1289 2050 1449 2089 causa
1483 2034 1791 2102 perﬁciens,
1832 2033 1961 2102 Spi-

392 2128 532 2183 ritus
556 2139 797 2184 sanctus.
837 2127 968 2194 Quae
1001 2129 1143 2182 enim
1175 2127 1488 2196 perﬁciendi
1514 2128 1618 2180 vim
1639 2126 1860 2187 habent,
1895 2138 1960 2177 ea

392 2235 492 2289 pro
525 2235 626 2276 suo
679 2220 821 2291 quod
856 2235 888 2274 a
933 2219 1037 2274 ﬁne
1071 2220 1274 2274 habent
1307 2219 1524 2273 nomine
1566 2235 1598 2272 e
1633 2217 1875 2288 proiectu
1905 2223 1964 2269 el.

392 2312 731 2367 incremento
797 2327 978 2368 rerum
1051 2319 1467 2380 temporumque
1523 2309 1961 2370 manifestantur,

392 2419 612 2459 coronae
644 2403 898 2459 videlicet
934 2403 1077 2458 illius
1137 2404 1348 2468 instar,
1405 2417 1526 2469 quae
1560 2402 1630 2453 ob
1677 2399 1962 2453 athleticos

391 2492 622 2549 sudores
669 2494 722 2548 in
787 2493 893 2548 line
949 2494 1261 2546 renuntiato
1329 2491 1569 2564 [victori]
1623 2490 1958 2560 adaptatur:

391 2585 744 2656 quamobrem
768 2585 931 2639 etiam
959 2595 1244 2653 postquam
1275 2584 1546 2638 hominem
1577 2583 1810 2652 pritnutn
1854 2581 1966 2634 lor-

393 2677 558 2732 Inavit
606 2675 770 2738 Deus,
811 2687 872 2729 ut
902 2675 1149 2729 eumdem
1179 2674 1373 2728 deinde
1414 2673 1722 2743 perliceret,
1788 2669 1968 2738 Inspi-

392 2770 523 2822 I'aoit
546 2770 602 2822 in
631 2767 822 2834 [aciem
843 2767 956 2834 ejus
979 2765 1301 2832 spiraculum
1331 2765 1448 2819 vita:
1471 2763 1540 2819 ⁸⁸.

463 2861 551 2916 18.
581 2860 704 2914 Haec
727 2859 941 2928 aliaque
971 2859 1191 2922 similia,
1215 2858 1412 2927 quibus
1435 2856 1696 2925 Spiritum
1719 2867 1964 2911 sanctum

394 2951 765 3020 perﬁcientem
807 2964 930 3004 esse
962 2950 1174 3010 doceat,
1213 2951 1302 3002 ubi
1344 2949 1646 3005 laboriosus
1688 2950 1777 3002 hic
1804 2949 1967 3001 homo

393 3043 636 3096 studiose
665 3041 883 3110 collegit
917 3057 931 3094 :
961 3039 1282 3108 Pr0pterea,
1314 3039 1514 3108 inquit,
1543 3039 1829 3093 illuminati
1875 3054 1969 3093 ca-

397 3131 701 3186 techutneni
733 3131 925 3184 diebus
955 3140 1159 3198 septem
1195 3130 1466 3182 candidati
1523 3130 1800 3182 incedunt.
1831 3127 1962 3193 Qua:

395 3224 524 3278 item
545 3239 710 3277 causa
738 3222 862 3285 fuit,
894 3237 990 3276 cur
1016 3228 1169 3274 vetus
1195 3219 1646 3283 lnstrumentum,
1671 3221 1814 3289 quod
1849 3235 1966 3271 unt-

403 3314 649 3368 bratilem
678 3311 926 3380 baptismi
961 3321 1142 3382 typum
1185 3310 1432 3381 gerebat,
1467 3313 1569 3364 hoc
1607 3309 1747 3363 idem
1776 3310 1965 3363 obser-

397 3413 548 3458 varet
579 3422 592 3457 :
628 3401 893 3457 Comedite
915 3418 1117 3471 quoque
1148 3401 1267 3471 (ait)
1297 3418 1458 3466 panes
1478 3441 1492 3464 ,
1528 3402 1618 3470 qui
1654 3401 1813 3466 positi
1844 3410 1966 3453 sunt

399 3496 452 3548 in
478 3495 710 3548 canistro
751 3494 1156 3546 consecrationis
1188 3493 1258 3546 ⁸⁸.
1295 3493 1370 3546 De
1401 3495 1537 3545 ostio
1570 3507 1771 3561 quoque
1794 3489 1967 3544 taber-

400 3588 574 3640 naculi
606 3587 890 3640 testimonii
937 3603 1037 3638 non
1087 3574 1297 3639 eiibitis
1343 3596 1537 3648 septem
1586 3587 1769 3640 diebus
1798 3585 1868 3640 δ’.
1904 3585 1969 3639 Ει

400 3697 504 3734 non
556 3679 766 3734 dierum
824 3680 1084 3733 duntaxat
1155 3693 1439 3731 numerum
1491 3679 1778 3748 descripsit
1839 3679 1966 3732 olim

402 3771 568 3827 Vetus
623 3772 1054 3833 Testamentum,
1103 3771 1197 3822 sed
1247 3779 1302 3823 et
1342 3785 1676 3838 quzecunque
1718 3771 1821 3824 alia
1883 3770 1970 3824 hic

399 3875 824 3932 consequuntur.
844 3861 1020 3916 Primo
1033 3862 1230 3914 ctenim
1246 3876 1386 3914 nunc
1401 3861 1762 3929 baptizamur,
1781 3863 1970 3916 deinde

402 3962 676 4023 unguento
709 3952 981 4020 ungimur,
1035 3951 1158 4003 inde
1202 3951 1440 4018 pretioso
1486 3951 1750 4019 sanguine
1781 3951 1972 4020 digna-

403 4061 542 4099 mur.
576 4045 666 4098 Sic
701 4059 922 4114 prorsus
951 4053 1007 4096 et
1039 4042 1215 4096 Moses
1248 4043 1361 4097 haec
1393 4043 1746 4109 adumbrans,
1799 4043 1972 4098 abluit

401 4139 576 4207 primo
606 4152 743 4206 aqua
773 4150 866 4189 eos
895 4137 982 4202 qui
1024 4136 1508 4199 consecrabantur,
1553 4151 1678 4190 mox
1715 4135 1890 4189 induit
1916 4146 1971 4190 et

402 4233 591 4301 cingit,
631 4231 823 4285 deinde
847 4228 1058 4284 confert
1095 4229 1199 4283 olei
1241 4228 1579 4292 unctionem,
1605 4238 1660 4281 et
1693 4237 1803 4281 tum
1841 4243 1971 4283 san-

399 4323 560 4389 guine
585 4323 838 4393 aspergit,
869 4332 1032 4390 atque
1062 4322 1125 4372 ad
1167 4319 1320 4386 panis
1346 4318 1707 4386 sumptioncm
1728 4319 1968 4372 adducit.

1991 3087 2037 3150 C

2058 1869 2165 1914 τως
2186 1852 2533 1920 κηρύττεται,
2555 1856 2650 1908 καὶ
2675 1854 2943 1924 δευτέρως
2971 1855 3027 1907 δὲ
3059 1855 3087 1906 ό
3116 1854 3244 1916 Υἱὸς
3273 1853 3348 1916 ὡς
3379 1853 3644 1922 δημιουρ-

2059 1943 2214 2010 γικὸν
2241 1943 2415 1996 αἴτιον
2454 1943 2832 2014 ἐμφανίζεται,
2875 1946 2968 1998 κα)⁸
3019 1945 3219 2016 τρίτως
3252 1944 3328 2006 ὡς
3374 1942 3646 1996 τελειωτι-

2061 2035 2155 2089 κον
2190 2035 2249 2088 τὸ
2284 2035 2508 2105 Πνεῦμα
2545 2037 2605 2089 τὸ
2642 2039 2816 2106 ἅγιον.
2850 2037 2930 2090 Τά
2955 2037 3278 2090 τελειωτικά
3304 2035 3415 2106 γὰρ
3441 2034 3520 2103 τῷ
3551 2034 3635 2087 τέο

2060 2125 2141 2179 λει
2165 2127 2501 2197 φερωνύμως
2531 2129 2890 2199 ἀναφαίνεται
2915 2132 2980 2201 τῇ
3015 2132 3264 2200 προκοπῇ
3296 2130 3389 2183 καὶ
3419 2126 3646 2196 αὐξήσει

2062 2217 2169 2272 τῶν
2216 2235 2274 2270 τε
2298 2219 2344 2250 ⁸⁸
2379 2221 2720 2291 πραγμάτων
2741 2222 2852 2290 ,καὶ
2894 2221 3004 2273 τῶν
3043 2223 3272 2292 χρόνων,
3321 2217 3410 2274 οἷα
3443 2219 3646 2288 στέφα-

2063 2327 2152 2372 νος
2200 2311 2556 2383 ἀναρρήσεως
2617 2312 2715 2364 ἐπὶ
2764 2315 2875 2376 τοῖς
2915 2313 3228 2384 ἀθλητικοῖς
3275 2311 3645 2382 ἱδρῶσι-κατά

2061 2402 2124 2453 τὸ
2153 2401 2306 2464 τέλος
2339 2404 2800 2474 ὲναρμοζόμενος.
2835 2404 2928 2458 Διὸ
2965 2405 3060 2458 καὶ
3080 2404 3172 2457 τὸν
3201 2403 3485 2474 ἄνθρωπον
3516 2402 3650 2456 πλά-

2065 2507 2164 2554 σας
2195 2492 2225 2544 ό
2257 2492 2390 2556 Θεὸς
2425 2494 2661 2564 πρῶτον,
2687 2490 2804 2547 εἶτα
2838 2494 3064 2548 τελειῶν
3111 2495 3177 2558 ⁸⁸,
3226 2495 3652 2563 Ἐνεφύσησεν

2063 2583 2149 2648 είς
2181 2581 2249 2634 τὸ
2281 2582 2608 2649 πρόσωπον
2639 2583 2828 2636 αὑτοῦ
2851 2581 3087 2652 πνεῦμα
3112 2579 3279 2651 ζωῆς.

2141 2851 2328 2905 Ταῦτα
2376 2852 2472 2903 καὶ
2519 2848 2746 2903 τοιαῦτα
2777 2848 2942 2916 ἔτερα
2993 2843 3125 2918 περὶ
3163 2843 3258 2897 τοῦ
3287 2844 3370 2896 ὅτι
3410 2841 3472 2895 τὸ
3517 2859 3652 2895 παν·

2071 2943 2226 3011 ἀγιον
2249 2942 2474 3013 Πνεῦμα
2494 2941 2837 2994 τελειωτικόν
2865 2940 2983 2992 ἐστι
3006 2935 3433 3008 διηγωνισμένος
3448 2935 3479 2988 ό
3501 2932 3654 3003 eos.

2071 3052 2230 3098 πονος
2266 3029 2419 3097 οὗτος
2437 3036 2485 3067 ’°
2515 3033 2674 3105 ἀνὴρ,
2706 3034 2804 3086 Διὰ
2833 3031 3013 3097 τοῦτο,
3051 3031 3239 3100 φησὶν,
3269 3029 3318 3082 oi
3346 3027 3654 3096 φωτιζόμε-

2073 3129 2210 3180 vat“
2265 3126 2406 3179 ἑπτὰ
2447 3127 2659 3196 ἡμέρας
2693 3121 3160 3196 λαμπροφοροῦσι,
3190 3118 3445 3173 διότικαὶ
3475 3119 3509 3187 ἠ
3543 3117 3657 3170 Πα-

2069 3217 2220 3282 λαιὰ,
2273 3217 2432 3278 σκιᾶς
2487 3216 2762 3286 ἐπέχουσα
2812 3216 2949 3286 πρὸς
2997 3213 3058 3267 τὸ
3109 3213 3389 3284 βάπτισμα
3439 3209 3649 3273 τύπον,

2071 3308 2228 3361 τοῦτο
2282 3307 2586 3376 ἐφύλαττεο
2642 3306 2750 3360 Kal
2803 3306 3121 3375 φάτεσθε”
3169 3308 3302 3377 γὰρ,
3328 3300 3481 3372 φησὶ,
3512 3298 3658 3362 τοὺς

2072 3400 2293 3468 ἄρτους
2334 3399 2475 3464 τοὺς
2501 3400 2571 3452 ἐν
2595 3398 2678 3464 τῷ
2710 3397 2873 3464 κανῷ
2895 3400 2940 3429 ⁸³
2964 3399 3074 3466 τῆς
3107 3397 3470 3460 τελειώσεως
3495 3435 3510 3458 ,
3552 3391 3652 3444 καί

2073 3494 2193 3549 ἀπὸ
2223 3492 2333 3561 τῆς
2368 3494 2546 3559 θύρας
2592 3491 2703 3559 τῆς
2732 3490 2971 3559 σκηνῆς
3015 3490 3120 3543 τοῦ
3159 3486 3491 3558 μαρτυρίου
3541 3485 3655 3536 οὐκ

2072 3585 2473 3648 ὲξελεύσεσθε
2496 3582 2644 3636 ἑπτὰ
2674 3581 2922 3651 ἡμέρας.
2956 3582 3066 3635 Καὶ
3093 3581 3154 3634 οὑ
3179 3581 3269 3633 τὸν
3289 3578 3524 3649 ἀριθμὸν
3545 3575 3658 3628 τῶν

2075 3675 2296 3746 ἡμερῶν
2319 3676 2352 3746 ἡ
2375 3674 2588 3727 Παλαιὰ
2615 3675 2776 3742 μόνον
2807 3674 3256 3744 προῦπέγραφεν,
3278 3669 3415 3724 ἀλλὰ
3443 3669 3537 3722 καὶ
3556 3667 3660 3738 τὴν

2075 3767 2242 3836 ἀλλην
2294 3766 2634 3819 ἀκολουθίαν.
2680 3765 2790 3817 Καὶ
2835 3765 2944 3832 γὰρ
2991 3763 3224 3816 ἐνταῦθα
3280 3761 3497 3831 πρῶτον
3553 3759 3658 3828 μὲν

2077 3856 2470 3928 βαπτιζόμεθα,
2515 3853 2632 3910 εἶτα
2666 3855 2744 3926 τῷ
2795 3856 2950 3926 μύρῳ
2993 3855 3281 3925 χριόμεθα,
3317 3855 3526 3910 ἐκεῖθεν
3557 3850 3653 3904 τοῦ

2075 3948 2259 4019 τιμίου
2289 3947 2588 4017 ἀξιούμεθα
2609 3948 2859 4016 αἵματος.
2885 3947 3041 4000 Οὕτω
3072 3947 3136 4018 δὴ
3163 3949 3258 4001 καὶ
3279 3948 3482 4017 Μωσῆς
3509 3960 3656 3997 σκιο-

2075 4042 2305 4112 γραφῶν
2351 4041 2526 4095 ταῦτα
2557 4041 2702 4094 λούει
2733 4041 2946 4110 πρῶτον
2990 4043 3116 4104 τοὺς
3140 4042 3546 4111 τελειουμὲνους
3577 4038 3659 4108 τῷ

2079 4131 2259 4192 ὓδατι,
2293 4127 2413 4184 εἶτα
2465 4130 2762 4184 ἐνδιδύσκει
2808 4133 2901 4184 καὶ
2937 4132 3318 4202 περιζωννύει,
3351 4128 3450 4184 εἷθ’
3479 4129 3654 4192 οὕτως

2078 4226 2328 4295 ἐπιφέρει
2359 4224 2460 4291 τὴν
2487 4223 2581 4276 τοῦ
2613 4223 2793 4276 ελαίου
2824 4225 3024 4293 χρίειν,
3071 4227 3166 4278 καὶ
3201 4224 3344 4278 οὕτω
3377 4224 3549 4293 ῥαίνει
3577 4221 3656 4292 τῷ

2078 4317 2270 4386 αἵματι
2303 4315 2397 4368 καὶ
2423 4314 2560 4385 πρὸς
2580 4315 2679 4381 τὴν
2710 4315 2818 4368 τῶν
2849 4319 3027 4386 ἄρτων
3056 4316 3179 4384 ἄγει
3212 4314 3534 4386 μετάληψιν.
3566 4314 3657 4367 Διὺ

403 4419 741 4486 Quapropter
773 4423 829 4470 et
884 4419 1074 4470 beatus
1130 4413 1306 4468 Lucas
1341 4417 1393 4467 in
1441 4413 1738 4483 Evangelio
1762 4413 1810 4445 ⁸³
1861 4414 1963 4483 pri-

2080 4411 2174 4462 καὶ
2201 4410 2229 4461 ό
2255 4408 2394 4470 θεῖος
2439 4407 2717 4502 Arruntis”
2747 4411 2803 4461 ὲν
2836 4408 2914 4478 τῷ
2951 4408 3266 4479 Εὑαγγελίῳ
3300 4408 3515 4476 πρῶτόν
3549 4424 3656 4474 φη-

401 4523 550 4561 Inutn
585 4507 663 4560 ait
699 4506 942 4562 benedici
998 4505 1262 4562 Dominici
1344 4506 1624 4576 sanguinis
1679 4506 1856 4569 calici,
1919 4517 1963 4560 el

2078 4516 2162 4552 σιν
2191 4497 2532 4566 εὐλογεῖσθαι
2553 4481 2648 4551 toi)
2678 4498 3011 4552 Δεσποτικοῦ
3047 4500 3280 4568 αἵματος
3305 4499 3365 4550 τὸ
3394 4498 3654 4567 ποτήριον

402 4597 588 4654 ﬁdeles
613 4598 905 4665 participes
931 4596 1069 4661 ﬁeri,
1099 4596 1354 4664 atqueita
1390 4601 1605 4650 demum
1643 4611 1837 4666 panem
1879 4610 1963 4650 su-

2076 4591 2170 4644 xa‘.
2195 4589 2320 4651 τοὺς
2353 4591 2578 4652 πιστοὺς
2608 4591 2856 4660 μετέχειν
2875 4631 2889 4654 ,
2927 4591 3020 4642 καὶ
3047 4590 3189 4642 οὕτω
3214 4588 3654 4658 μεταλαμϐάνειν

404 4703 584 4753 mere;
617 4703 927 4758 quanquam
960 4687 1176 4741 divinus
1194 4686 1486 4755 Apostolus
1518 4687 1706 4741 calicis
1742 4687 1963 4742 benedi-

2077 4685 2170 4737 τοῦ
2203 4686 2388 4754 ἄρτου.
2409 4681 2469 4734 'U
2501 4685 2686 4756 μέντοι
2719 4683 2859 4746 θεῖος
2901 4683 3221 4744 Ἀπόστολος
3273 4680 3371 4750 τὴν
3401 4679 3652 4746 εὐλογίαν

402 4781 636 4832 ctioncm
688 4779 884 4834 alicubi
928 4779 1227 4848 prwmittit,
1287 4782 1557 4833 interdum
1599 4794 1730 4834 vero
1774 4795 1963 4848 corpo-

2077 4779 2173 4833 τοῦ
2223 4780 2484 4852 ποτηρίου
2529 4778 2660 4832 ποτὲ
2709 4777 2807 4847 μὲν
2855 4777 3167 4845 προτάττει,
3192 4774 3319 4827 ποτὶ
3355 4772 3414 4826 δὲ
3451 4771 3546 4824 τοῦ
3569 4775 3657 4821 Δε-

403 4872 479 4925 ris
515 4871 779 4926 Dominici
809 4872 1170 4927 bene-dictioni
1199 4872 1439 4942 subjicit.
1481 4873 1571 4926 Ait
1596 4873 1741 4926 enim
1771 4891 1785 4925 :
1815 4871 1963 4926 Catia

2083 4871 2342 4926 σποτικοῦ
2390 4870 2640 4940 σώματος
2689 4869 2996 4923 ὑποτάττει.
3055 4868 3166 4920 Καὶ
3213 4866 3321 4934 γάρ
3372 4879 3541 4933 φησι·
3584 4861 3656 4915 Τό

402 4963 488 5018 cui
542 4961 926 5028 benedicimus,
987 4979 1154 5018 nonne
1222 4964 1621 5017 communicatio
1689 4963 1963 5033 sanguinis

2072 4965 2361 5034 ποτήριον
2373 4967 2420 4998 ⁸³
2448 4965 2482 5019 ὃ
2504 4962 2896 5033 εὐλογοῦμεν,
2922 4961 3058 5030 οὐχι
3093 4960 3373 5014 κοινωνία
3414 4957 3522 5012 τοῦ
3561 4955 3655 5010 αῖ-

488 5099 534 5132 ”
559 5096 892 5161 Psal.xxxn,
932 5096 988 5151 6.
1049 5095 1098 5126 ⁸⁸
1127 5094 1263 5151 Gen.
1301 5112 1360 5163 ιι,
1416 5096 1468 5149 7.
1579 5097 1625 5128 ⁵³
1660 5096 1836 5162 Levit,
1873 5113 1963 5150 νιιι

2067 5099 2104 5151 l.
2164 5097 2210 5130 "
2243 5099 2376 5153 ibid.
2406 5099 2497 5154 52.
2573 5098 2618 5132 ⁸⁵
2645 5097 2776 5152 an.
2812 5111 2950 5157 XXII,
2984 5096 3070 5149 l7.

1707 5190 1937 5245 VARle
1972 5189 2370 5246 LECTIONES.

473 5293 520 5323 ⁸⁷
553 5292 648 5345 καὶ
681 5290 930 5362 τῷ]Ρεει.
961 5304 1134 5362 xxx",
1294 5287 1340 5319 ⁸⁸
1369 5304 1426 5362 τε
1449 5287 1573 5362 add.
1603 5287 1668 5362 A.
1710 5286 2031 5362 _”_'rs)tsttiw
2055 5288 2096 5338 Δ
2133 5287 2410 5362 ὶτελεῑᾼς.
2487 5287 2539 5362 ’°_
2562 5279 2715 5347 οὗτος
2732 5284 2862 5362 add.
2889 5282 2986 5362 A._
3022 5282 3093 5362 ξ’ίῖ
3108 5280 3161 5362 ρὶ
3199 5275 3567 5362 ,Ψοτιξῇιξενοι
3613 5274 3650 5362 ῖς

556 5343 986 5486 ἠβαπῖξόμενοι.
1014 5375 1067 5414 v.
1097 5343 1308 5413 Suicer.
1385 5360 1431 5390 ”
1469 5355 1730 5430 φάγεσθε]
1786 5356 1956 5413 Levit.
1987 5371 2107 5421 VIII,
2139 5359 2228 5412 3|.
2315 5343 2551 5425 "'qu»
2596 5373 2655 5420 ς.
2696 5343 2709 5347 ’
2731 5355 2778 5386 ⁸⁵
2805 5349 3043 5424 Λουκᾶς]
3065 5350 3160 5411 1'2,
3195 5349 3279 5403 l7.
3355 5343 3472 5399 ⁹⁸τὸ
3502 5343 3656 5418 ποι]

506 5449 589 5486 or.
624 5448 678 5491 ι.
776 5470 793 5485 .

506 5449 589 5486 or.
624 5448 678 5496 ι,
706 5448 793 5486 ιο.

1911 5537 2259 5682 Νοτῒδηιι.
2290 5641 2436 5705 Δ«κιο.
2477 5625 2564 5685 16,
2615 5625 2853 5695 itemque
2901 5622 3064 5692 (ἔτος.
3128 5618 3286 5692 Nyss.
3347 5614 3552 5672 Homil.
3599 5614 3659 5671 in

486 5640 595 5704 (45)
633 5637 828 5691 Homil.
863 5639 950 5699 38,
982 5652 1098 5704 qum
1121 5647 1203 5690 est
1236 5636 1288 5688 in
1314 5635 1607 5688 Nativitate
1636 5634 1857 5689 Christi.

2080 5709 2246 5754 sanct.
2285 5699 2563 5764 baptisma.

484 5709 593 5776 με)
623 5708 750 5778 Qua:
790 5720 846 5762 et
887 5711 947 5768 Β.
984 5707 1164 5764 Basilii
1196 5706 1442 5762 doctrina
1483 5717 1566 5760 est
1599 5706 1692 5760 lib.
1717 5705 1793 5758 De
1825 5705 1967 5772 Spir.
