4030 6248
393 267 500 332 757

1451 267 1976 328 BIBLIOTHECA.
2005 289 2079 301 —
2109 265 2278 327 COD.
2311 267 2592 328 CCXXII.

3477 248 3480 262 '
3529 266 3634 327 758

391 395 575 451 ματος
621 376 730 431 τοῦ
770 377 1037 446 Χριστοῦ·
1066 377 1269 442 ἐστιν;
1324 372 1458 432 Εἶτα
1473 394 1490 410 ο
1531 369 1642 434 Τὼ⁴
1665 379 1849 448 ἄρτον
1892 376 1964 431 ὃν

2074 379 2264 434 Christi
2284 391 2356 433 est
2378 382 2404 434 7
2431 387 2480 434 et
2511 379 2662 447 panis
2683 393 2833 448 quem
2859 377 3154 447 frangimus
3178 376 3255 443 “,
3293 375 3488 447 [nonne
3515 394 3638 440 par-

388 470 663 541 κλῶμενο
704 468 799 522 καὶ
840 468 1034 522 πάλινο
1081 471 1165 524 Οὐ
1212 464 1481 524 δύῦασθε
1525 469 1812 539 ποτήριον·
1847 472 1966 525 Κυ-

384 564 528 632 ρίου
551 563 750 616 πίνειν
773 559 872 613 καὶ
893 558 1180 629 ποτήρὶον
1213 560 1536 630 δαιμονίων
1555 576 1570 592 ·
1603 561 1722 623 καὶ,
1745 562 1827 615 Οὐ
1864 561 1966 615 δύ-

392 656 586 708 νασθε
613 650 902 719 τραπέζης
926 651 1149 719 Κυρίου
1171 653 1467 723 μετέχειν.
1485 652 1744 724 Ἀλλαχοῦ
1775 652 1833 706 δέ
1860 671 1966 723 φη-

390 762 474 798 σι·
536 739 615 810 Τῇ
644 743 690 775 ⁸⁸
715 742 895 798 νυκτὶ
931 738 972 815 ᾗ
999 744 1372 812 παρεδίδοτο,
1408 746 1537 818 περὶ
1565 744 1658 798 τοῦ
1692 745 1966 799 Δεσπότου

390 837 586 902 λέγων,
613 835 796 891 ἔλασε
820 835 929 889 τὸν
955 834 1158 904 ἄρτον,
1179 831 1297 890 εἶτα
1312 837 1439 909 ἑξῆς
1472 837 1566 890 καὶ
1591 838 1720 908 περὶ
1747 837 1843 890 τοῦ
1865 853 1966 890 πο-

399 928 592 998 τηρίου
642 926 1023 998 διαλαμϐάνει.

467 1018 595 1092 [597
650 1017 738 1090 8.]
770 1019 908 1089 Περὶ
949 1019 1129 1072 τοίνυν
1170 1019 1374 1073 τούτων
1410 1019 1682 1074 διαλαϐὼν
1709 1021 1967 1090 πειρᾶται

393 1110 576 1165 αίτίαν
597 1110 1013 1181 ἀπώιδόναιτῆς
1025 1111 1145 1181 είρη
1154 1111 1322 1180 μένης
1339 1111 1595 1182 διαφόρου
1618 1111 1822 1176 τάξεως
1838 1128 1854 1143 ο
1873 1111 1968 1165 καί

393 1220 579 1271 φησιν,
599 1203 674 1266 ὼς
691 1202 906 1274 Ἐπειδὴ
924 1205 984 1257 ἐν
1007 1206 1139 1272 ἡμῖν
1156 1203 1373 1274 πρῶτον
1392 1204 1454 1256 τὸ
1473 1199 1613 1274 αἷμα
1631 1204 1967 1269 συνίσταται,

393 1288 514 1347 εἶτα
535 1293 928 1362 μεταϐάλλεται
947 1296 1028 1358 είς
1044 1295 1242 1364 σάρκα,
1282 1295 1525 1364 φυσικῶς
1557 1297 1591 1366 ὴ
1623 1296 1810 1367 Γραφὴ
1831 1313 1968 1351 κινο-

396 1383 570 1452 υμένη
587 1383 687 1452 τὴν
715 1382 866 1447 τάξιν
893 1382 1020 1455 [508
1052 1383 1142 1454 IL]
1173 1383 1374 1455 ταύτην
1395 1385 1488 1436 καὶ
1541 1387 1682 1438 κατὰ
1718 1385 1816 1455 τὴν
1863 1385 1971 1458 τῶν

396 1472 712 1542 μυστηρίων
747 1471 996 1543 διήγησιν
1017 1471 1300 1542 ἐφύλαξεν.
1341 1473 1408 1526 Ἦ
1434 1473 1491 1526 δὲ
1526 1474 1794 1530 ἀνάπαλιν
1820 1475 1972 1542 τάξις

393 1562 493 1629 τῆς
516 1562 701 1631 κοινῆς
721 1562 996 1634 τραπέζης
1023 1566 1270 1634 μιμεῖται
1293 1563 1393 1634 τὴν
1415 1564 1586 1630 τάξιν
1623 1569 1838 1640 πρῶτον
1863 1568 1973 1641 γὰρ

393 1651 485 1704 ἐπ’
499 1652 666 1722 αὐτῆς
680 1655 708 1706 ὁ
728 1654 889 1726 ἄρτος
919 1656 1252 1726 προτίθεται,
1287 1653 1404 1713 εἶτα
1424 1660 1454 1713 ὁ
1473 1657 1614 1724 alvo;
1629 1661 1968 1733 ἐπιφέρεται.

395 1740 509 1814 Τὴν
535 1743 594 1797 δὲ
623 1723 806 1817 κοινήν
828 1723 1032 1819 ταύτην
1057 1749 1338 1819 τράπεζαν
1367 1754 1654 1822 μιμεῖσθαι
1683 1723 1848 1810 πάλίν
1873 1757 1972 1828 τὴν
1996 1723 2047 1779 Β

393 1835 592 1889 πλάσιν
611 1837 770 1906 ήμῶν
789 1854 804 1868 ·
818 1840 1006 1911 ἐπειδὴ
1025 1841 1154 1913 γάρ,
1182 1840 1259 1906 ὡς
1278 1843 1426 1897 δοκεῖ
1439 1845 1518 1916 τῷ
1551 1845 1669 1900 Ἰὼϐ
1693 1848 1762 1914 θ’,
1783 1849 1847 1901 ὲκ
1864 1867 1974 1922 πη-

389 1924 488 1980 λοῦ
507 1927 931 2001 διεπλάσθημεν,
961 1935 990 1986 b
1019 1931 1074 1987 δὲ
1105 1935 1274 2006 πηλὸς
1295 1939 1359 1990 ἐκ
1381 1939 1482 2006 γῆς
1498 1941 1614 1993 ἐστι
1636 1942 1730 1994 κα)⁵
1761 1941 1969 2009 ὓδατος,

393 2017 591 2084 πλάσις
611 2020 668 2073 δέ
699 2022 817 2075 ἐστι
846 2023 1044 2094 τρόπον
1064 2025 1186 2079 τινὰ
1205 2030 1300 2081 καὶ
1315 2030 1348 2100 ἡ
1365 2030 1559 2100 τροφὴ,
1579 2034 1972 2103 ἀναπληροῦσα

394 2111 490 2163 καὶ
509 2112 995 2169 ἀναπλάττουσατὺ
1014 2117 1307 2189 ἀπορρέον,
1335 2122 1423 2177 διὰ
1440 2123 1598 2176 τοῦτο
1617 2123 1804 2196 ὥσπερ
1834 2130 1888 2180 ἐν
1903 2130 1969 2198 τῇ

394 2203 548 2271 παρὰ
574 2202 711 2258 Θεοῦ
745 2206 940 2261 πλάσει
967 2208 1030 2262 τὸ
1059 2207 1222 2283 ξηρὸν
1264 2212 1626 2284 προείληπται
1655 2217 1751 2270 τοῦ
1781 2219 1970 2290 ὑγροῦ,

394 2291 539 2348 οὕτω
584 2297 678 2350 καὶ
723 2299 781 2351 ὲν
825 2303 891 2371 τῇ
925 2307 1155 2373 μιμήσει
1197 2305 1299 2374 τῆς
1335 2309 1464 2378 παρ’
1498 2310 1631 2378 ἡμῖν
1662 2310 1915 2376 πλάσεως
1943 2314 1973 2366 ὁ

394 2387 560 2455 ἂρτος
591 2387 684 2442 τοῦ
710 2390 853 2450 οἴνου
887 2392 1347 2462 προλαμϐάνεται.
1378 2400 1488 2453 Καὶ
1520 2403 1682 2466 αὐτὸς
1726 2404 1823 2473 μὲν
1867 2422 1974 2459 τοι·

397 2476 540 2530 αῦτά
579 2496 703 2533 τινα
737 2483 866 2552 περὶ
892 2483 994 2554 τῆς
1022 2485 1228 2550 τάξεως
1260 2490 1592 2559 φυσιολογεῖ,
1628 2497 1676 2546 εἰ
1704 2495 1799 2547 καὶ
1829 2494 1973 2550 θειο-

393 2570 561 2642 τέρας
592 2573 825 2644 θεωρίας
849 2579 1250 2650 ταπεινότερον.

469 2661 545 2714 Τὺ
573 2663 757 2732 μέντοι
789 2665 1203 2740 λαμπροφορείν
1225 2712 1241 2737 ,
1270 2672 1408 2744 φησὶ
1429 2714 1445 2738 ,
1479 2677 1606 2741 τοὺς
1652 2677 1978 2751 βαπτιζομέ-

396 2769 546 2818 νους.
579 2755 677 2825 τῆς
705 2757 815 2810 τῶν
842 2759 1090 2828 ἀγγέλων
1117 2764 1234 2817 ἐστὶ
1283 2765 1550 2836 σύμϐολον
1571 2769 1974 2843 λαμπρότητος,

395 2844 460 2897 τὸ
491 2847 732 2920 καθαρὸν
763 2851 994 2917 ἐκείνοις
1040 2853 1134 2908 τοῦ
1171 2856 1265 2910 νοῦ
1309 2861 1404 2912 καὶ
1454 2862 1655 2932 ἀμιγὲς
1701 2864 1801 2934 τῆς
1844 2865 1977 2937 ὕλης

399 2939 495 2990 καὶ
520 2939 629 2992 τῶν
656 2942 846 2996 παθῶν
873 2945 1238 3020 διατυπούσης
1258 2966 1272 2979 ο
1320 2947 1396 3004 ῶν
1430 2955 1535 3024 χρὴ
1567 2955 1661 3009 καὶ
1688 2957 1780 3010 τὸν
1807 2975 1976 3026 φωτι-

2067 470 2301 539 ticipatio
2327 471 2562 540 corporis
2595 468 2806 525 Domini
2835 467 2968 541 est]?
2994 467 3058 522 Et
3107 479 3359 524 rursum:
3391 466 3512 520 Non
3543 484 3643 536 po-

2069 562 2215 615 testis
2239 561 2457 614 calicem
2479 561 2690 615 Domini
2713 561 2903 627 bibere,
2927 572 2974 616 et
3003 561 3214 615 calicem
3235 561 3638 615 dwmoniorum.

2069 652 2137 707 Et
2169 669 2184 706 :
2216 649 2339 705 Non
2358 651 2571 720 potestis
2589 668 2780 706 menso:
2821 651 3030 706 Domini
3048 654 3323 721 participes
3351 669 3462 707 esse
3490 652 3536 685 “
3568 651 3641 725 [et

2068 759 2261 798 meum
2282 743 2710 816 daemoniorum].
2739 743 2884 799 Alibi
2907 760 3035 800 vero
3057 745 3192 800 dicit
3221 763 3234 801 :
3261 744 3326 799 In
3351 761 3454 814 qua
3495 757 3644 798 nocte

2070 834 2381 888 tradebatur
2407 834 2496 904 (de
2551 835 2782 890 Domino
2813 835 3083 905 loquens),
3133 836 3537 906 acccpitpanem
3569 833 3640 902 “,

2069 941 2132 980 ac
2167 927 2289 980 dein
2336 928 2402 981 de
2426 927 2593 982 calice
2629 927 2863 983 disserit.

2140 1019 2266 1075 Haec
2290 1020 2450 1089 igitur
2480 1021 2568 1074 ubi
2603 1021 2808 1085 retulit,
2841 1036 3060 1077 causam
3103 1021 3262 1090 hujus
3300 1021 3438 1077 varii
3487 1021 3639 1076 ordi-

2071 1112 2156 1166 nis
2199 1111 2426 1167 reddere
2466 1122 2715 1176 conatur,
2763 1111 2901 1166 dum’
2945 1113 3536 1182 ait:Quandoquidem
3585 1113 3639 1167 in

2072 1205 2230 1260 nobis
2258 1206 2468 1274 primus
2495 1205 2718 1275 sanguis
2747 1207 3118 1273 constituitur,
3144 1207 3234 1276 qui
3265 1206 3394 1262 hinc
3431 1206 3588 1276 187
3611 1204 3641 1259 b

2071 1295 2125 1350 in
2162 1311 2382 1350 carnem
2414 1299 2773 1360 convertitur,
2805 1297 3042 1351 naturali
3075 1298 3158 1351 via
3193 1298 3480 1366 Scriptura
3510 1312 3643 1366 pro-

2072 1388 2292 1454 cedens,
2319 1388 2461 1444 hunc
2482 1390 2647 1444 etiam
2679 1390 2925 1445 ordinem
2949 1392 3002 1444 in
3039 1389 3421 1462 mysteriorum
3453 1405 3648 1445 narra-

2073 1481 2222 1537 tione
2257 1482 2500 1538 retinuit.
2547 1482 2714 1538 Porro
2763 1485 3071 1538 contrarius
3129 1483 3255 1538 huic
3293 1485 3448 1550 ordo,
3489 1497 3644 1538 com-

2073 1573 2256 1630 munis
2289 1589 2487 1629 measse
2535 1576 2696 1628 ritum
2729 1575 2996 1629 imitatur.
3027 1575 3209 1630 Primo
3253 1575 3397 1630 enim
3432 1575 3486 1628 in
3529 1575 3644 1644 ipsa

2076 1669 2233 1740 panis
2268 1670 2577 1739 apponitur,
2613 1683 2678 1724 ac
2717 1677 2828 1722 tum
2869 1669 3049 1723 vinum
3090 1667 3340 1724 infertur.
3385 1667 3646 1724 Commu-

2077 1776 2200 1816 nem
2229 1770 2408 1815 autem
2445 1759 2590 1814 illam
2622 1774 2891 1823 mensam,
2921 1775 3135 1814 rursum
3173 1758 3498 1827 respondere
3551 1770 3650 1811 no-
3750 1769 3760 1786 -'

2075 1860 2202 1904 atrae
2257 1849 2564 1906 formationi
2622 1848 2840 1921 [addit].
2872 1848 3166 1918 Postquam
3219 1848 3362 1903 enim
3410 1847 3494 1918 (ut
3534 1845 3648 1901 vult

2073 1938 2174 1994 Job
2201 1937 2268 2010 “)
2331 1942 2396 1993 de
2428 1939 2542 2005 luto
2593 1937 2807 1993 formati
2857 1953 3044 1993 smnus
3099 1937 3117 2000 (
3149 1938 3293 2006 quod
3327 1952 3358 1992 e
3403 1945 3550 1991 terra
3594 1945 3650 1990 et

2074 2042 2214 2094 aqua
2263 2025 2640 2096 temperatur).
2695 2026 2921 2080 nutritio
2973 2035 3152 2078 autem
3186 2025 3433 2094 quaedam
3492 2023 3647 2092 quasi

2075 2118 2328 2173 formatio
2348 2130 2452 2183 est,
2483 2119 2700 2188 replens
2729 2134 2794 2173 ac
2822 2118 3090 2182 reﬁciens,
3115 2116 3260 2187 quod
3303 2115 3601 2170 deﬂuxerat
3629 2130 3646 2170 :

2075 2209 2277 2264 idcirco
2304 2211 2761 2279 quemadmodum
2803 2209 2858 2264 in
2891 2225 2953 2263 ea
2983 2223 3145 2277 quam
3182 2208 3324 2262 Deus
3363 2205 3492 2261 fecit
3535 2203 3650 2260 for-

2074 2303 2333 2370 matione,
2367 2305 2580 2357 aridum
2621 2311 2748 2355 ante
2796 2301 3075 2354 humidum
3118 2309 3394 2366 sumptum
3430 2307 3536 2362 est,
3567 2297 3650 2350 sic

2071 2403 2124 2447 et
2155 2396 2205 2446 in
2237 2409 2320 2460 ea,
2349 2409 2508 2463 quam
2558 2408 2659 2448 nos
2704 2391 2864 2460 hujus
2904 2390 3213 2445 imitatione
3257 2387 3492 2443 facimus
3532 2386 3649 2441 l'or-

2075 2489 2332 2554 matione,
2366 2488 2520 2557 panis
2547 2498 2674 2541 ante
2705 2487 2888 2540 vinum
2918 2483 3175 2539 sumitur.
3210 2479 3527 2551 "ejusmodi
3557 2478 3649 2535 ille

2075 2575 2187 2630 fere
2215 2578 2280 2630 de
2307 2577 2498 2632 ordine
2531 2591 2597 2631 ex
2621 2587 2815 2630 natura
2839 2572 3285 2644 philosophatur;
3315 2570 3418 2626 etsi
3463 2569 3514 2624 id
3539 2582 3647 2623 non

2074 2667 2208 2722 satis
2236 2683 2335 2738 pro
2357 2669 2624 2739 dignitate
2658 2667 2962 2738 theologia.

2156 2765 2307 2830 Quod
2346 2775 2525 2816 autem
2555 2761 2867 2824 candidam,
2895 2759 2987 2828 qui
3028 2758 3400 2827 baptizantur,
3443 2763 3648 2810 vestem

2076 2867 2287 2928 gerant,
2320 2856 2519 2926 inquit,
2550 2855 2768 2923 signum
2796 2851 2924 2905 illud
2951 2862 3036 2906 est
3058 2850 3286 2918 angelici
3314 2848 3646 2919 splendoris,

2078 2951 2165 3020 qui
2204 2949 2495 3022 puritatem
2517 2946 2716 3001 mentis
2741 2943 2868 3011 illis,
2894 2942 3013 2998 sine
3037 2942 3293 2996 mistioue
3323 2941 3564 2995 materiae
3587 2954 3653 2994 ac

399 3029 683 3129 FOéVta‘éV
708 3035 922 3104 μεθέξει
942 3039 1040 3109 τῆς
1058 3041 1278 3111 χάριτος
1299 3046 1578 3113 γεγονότα,
1599 3049 1658 3102 ὲν
1679 3053 1791 3115 τοῖς
1813 3053 1911 3129 τῆς
1927 3053 1972 3085 ⁸⁸

2080 3048 2414 3116 passionum,
2465 3040 2715 3104 exhibet;
2749 3052 2983 3107 quorum
3020 3036 3239 3107 quidem
3296 3035 3485 3104 gratiae
3528 3047 3650 3115 cum

397 3122 779 3194 λαμπρότητος
820 3129 1121 3201 χαρίσμασι
1173 3140 1457 3207 συντηρεῖν
1511 3122 1893 3197 έαυτόνΗΑλλῖ
1915 3149 1972 3202 ἐν

396 3215 608 3377 goria-con;
657 3219 758 3289 μὲν
810 3221 958 3294 αὐτῷ
1005 3226 1100 3280 καὶ
1129 3229 1191 3280 τὸ
1235 3236 1304 3300 ιη’
1337 3232 1632 3302 κεφάλαιον
1663 3238 1744 3302 είς
1798 3240 1972 3312 πέρας

437 3326 468 3376 χ
503 3326 558 3377 η·

437 3326 558 3378 χυη.

471 3400 979 3462 Ἐννεακαιδέκατον
1034 3409 1093 3464 δὲ
1154 3413 1450 3483 κεφάλαιον
1520 3423 1972 3489 πραγματεύεται

395 3491 576 3554 αἰτίας
639 3493 1004 3566 διερχόμενονο
1059 3501 1140 3554 Δι’
1172 3501 1246 3569 ἃς
1289 3505 1401 3573 τῆς
1458 3512 1888 3579 κοσμογενείας
1941 3517 1975 3568 ὀ

396 3581 620 3654 Μωσῆς
661 3590 773 3642 οὐκ
820 3590 892 3655 ἐξ
934 3591 1204 3660 ἀγγέλων
1241 3594 1486 3663 ἤρξατο.
1526 3601 1635 3654 Καί
1683 3621 1845 3672 φησιν
1891 3607 1975 3658 ὅτι

398 3676 607 3745 Μωσῆς
654 3680 965 3750 νομοθετεῖν
993 3683 1202 3752 μέλλων
1246 3687 1554 3758 ἀνθρώποις
1577 3731 1593 3758 ,
1629 3693 1724 3745 καὶ
1756 3695 1974 3762 ἀγαθῶν

402 3766 503 3834 μὲν
540 3768 876 3836 ἐπαγγελίαν
905 3774 1014 3835 τοῖς
1046 3775 1403 3844 κατορθοῦσιν
1429 3780 1660 3846 ἀπειλὰς
1683 3784 1740 3836 δὲ
1775 3785 1868 3838 καὶ
1892 3804 1976 3839 τι-

401 3858 614 3926 μωρίαν
645 3861 796 3931 παρὰ
818 3862 952 3916 Θεοῦ
972 3867 1079 3928 τοῖς
1097 3867 1533 3938 ἐξαμαρτάνουσι
1556 3875 1976 3947 ἐπανατεινόμε-

398 3965 510 4012 νος,
542 3951 804 4018 εἰκότως,
843 3953 920 4018 ὡς
969 3957 1027 4008 ὲν
1072 3958 1311 4030 ἱστορίας
1354 3963 1564 4033 τρόπῳ,
1598 3966 1692 4018 καὶ
1740 3966 1838 4036 τὴν
1884 3967 1977 4037 δη-

400 4041 688 4109 μιουργίαν
721 4043 944 4097 ἐκείνων
972 4045 1187 4100 πάντων
1217 4050 1448 4118 εἰσάγει,
1481 4048 1555 4105 ὧν
1583 4055 1616 4122 ἡ
1649 4055 1805 4125 χρεία
1839 4058 1976 4128 πρός

397 4146 459 4180 τε
485 4131 803 4201 εὐεργεσίαν
825 4135 918 4188 καὶ
939 4137 1169 4208 ἀπειλὴν
1193 4140 1302 4192 τῶν
1323 4143 1758 4215 νουθετουμένων
1774 4149 1819 4181 ⁸³
1847 4165 1972 4202 συν-

397 4221 570 4274 τελεῖ·
590 4224 794 4278 Ἔσται
812 4228 828 4256 ¹
851 4229 980 4298 γάρ,
1001 4233 1189 4298 φησὶν,
1216 4236 1249 4286 ό
1265 4236 1522 4303 οὐρανὸς
1540 4240 1808 4307 χαλκοῦς
1824 4243 1844 4273 ³
1873 4241 1972 4296 καὶ

2075 3136 2409 3195 illuminatus
2452 3132 2524 3187 sit
2553 3132 2826 3201 particeps
2855 3129 3098 3192 eﬂectus,
3142 3127 3195 3181 in
3229 3124 3423 3180 nitoris
3444 3127 3652 3193 accepti

2073 3231 2228 3285 donis
2262 3228 2501 3296 seipsum
2543 3237 2871 3278 conservare
2905 3221 3087 3274 debet.
3114 3219 3294 3285 Atque
3339 3217 3394 3270 in
3443 3215 3531 3271 bis
3559 3216 3654 3270 de-

2073 3323 2216 3378 cimo
2247 3332 2443 3374 octavo
2475 3317 2637 3383 capiti
2663 3316 2730 3371 ab
2755 3329 2821 3369 eo
2855 3314 2976 3366 ﬁnis
3011 3311 3333 3380 imponitur.

2146 3413 2232 3468 i9.
2254 3411 2444 3479 Capite
2477 3410 2687 3464 decimo
2720 3421 2862 3460 nono
2892 3419 3089 3458 causas
3132 3411 3414 3456 recenset:
3440 3399 3550 3455 Cur
3596 3400 3654 3454 in

2074 3504 2256 3557 mundi
2271 3501 2473 3571 fabrica
2489 3498 2782 3567 referenda,
2801 3494 2972 3550 Moses
2995 3496 3058 3546 ab
3079 3490 3381 3563 anget'ornm
3395 3491 3653 3545 creatione

2075 3597 2285 3651 initium
2305 3610 2408 3647 non
2430 3591 2663 3645 duxerit.
2698 3589 2883 3644 Mosen
2907 3601 3039 3654 ergo
3065 3587 3213 3656 leges
3245 3585 3552 3640 hominibus
3574 3584 3654 3638 la-

2079 3699 2414 3751 turum,cum
2434 3693 2578 3739 recte
2597 3682 2811 3751 quidem
2832 3681 3114 3750 agentibus
3128 3679 3395 3734 bonorum
3420 3678 3653 3747 promis-

2073 3782 2303 3843 sionem,
2319 3778 2491 3830 minas
2522 3789 2648 3829 vero
2666 3791 2695 3826 a
2719 3773 2827 3826 Deo
2855 3782 2908 3827 et
2930 3785 3145 3841 pcenam
3166 3771 3452 3827 sceleratis
3472 3772 3656 3826 inten-

2078 3874 2247 3935 deret,
2266 3870 2459 3923 merito
2496 3869 2571 3922 ait
2603 3883 2698 3935 pro
2719 3866 3070 3920 historiarum
3090 3865 3469 3919 moreillorum
3487 3864 3652 3918 etiam

2075 3963 2315 4016 omnium
2347 3961 2678 4013 creationem
2709 3956 2998 4017 adducere,
3031 3970 3262 4024 quorum
3297 3969 3429 4008 usus
3461 3955 3544 4008 vel
3585 3953 3653 4007 ad

2077 4051 2487 4108 beneﬁcentiam
2515 4089 2531 4114 ,
2559 4049 2649 4119 qui
2683 4048 2940 4102 admoniti
2973 4045 3149 4113 fuere,
3178 4045 3264 4100 vel
3293 4045 3360 4100 ad
3389 4056 3652 4100 terrorem

2077 4139 2444 4195 incutiendum
2500 4137 2724 4192 valeret.
2782 4135 2901 4189 Erit
2959 4135 3142 4198 enim,
3194 4134 3404 4203 inquit,
3467 4131 3655 4186 calum

2077 4247 2302 4294 teneam,
2323 4241 2370 4284 et
2393 4240 2532 4282 terra
2556 4228 2730 4295 ferrea
2753 4226 2819 4282 “.
2849 4225 2916 4278 Et
2940 4241 3283 4296 quaecunque
3313 4223 3432 4278 alia:
3463 4223 3653 4292 hujus-

395 4313 438 4378 ἡ
469 4313 545 4382 γῆ
577 4315 817 4385 σιδηρᾶ.
848 4320 1086 4394 Καὶπὸσα
1115 4324 1250 4378 ἄλλα
1271 4326 1358 4380 διὰ
1389 4327 1494 4380 τῶν
1522 4332 1835 4402 κτισμάτων
1860 4351 1972 4387 τοι-

2081 4323 2224 4378 modi
2255 4332 2520 4377 creaturae
2548 4335 2732 4375 eorum
2763 4319 2848 4374 vel
2873 4319 2939 4373 ad
2972 4334 3128 4372 usum
3168 4324 3313 4371 recte
3352 4315 3650 4385 agentium,

394 4402 540 4497 αῦτα
586 4406 618 4475 ἦ
670 4409 807 4477 πρὸς
854 4411 1149 4466 ἀπόλαυσιν
1197 4418 1304 4470 τῶν
1333 4420 1742 4491 κατορθούντων
1774 4425 1806 4495 ἢ
1842 4428 1978 4497 πρὸς

396 4495 621 4550 κόλασιν
646 4499 755 4552 τῶν
787 4502 1212 4572 ἁμαρτανόντων
1245 4508 1681 4582 ἀναγέγραπται.
1702 4515 1853 4570 Ἐπεὶ
1881 4495 1976 4571 οὖν

397 4588 601 4651 σκοπὸς
647 4587 715 4661 ἦν
763 4592 841 4663 τῷ
891 4595 1155 4668 νομοθέτῃ
1200 4598 1317 4668 καὶ,
1338 4600 1420 4670 τῷ
1453 4603 1778 4676 ἀνθρωπίνῳ
1827 4607 1975 4675 γένει

397 4680 763 4749 σωτηριώδεις
807 4684 1009 4756 νόμους
1054 4690 1387 4758 εἰσαγαγεῖν,
1420 4692 1515 4744 καὶ
1545 4693 1652 4746 τῶν
1682 4696 1972 4768 νομοθετη-

397 4769 602 4823 θέντων
628 4774 928 4842 άσφάλειαν
956 4779 1044 4832 διά
1092 4797 1150 4833 τε
1192 4781 1292 4850 τῆς
1319 4782 1428 4836 τῶν
1459 4785 1710 4853 χαλεπῶν
1741 4788 1974 4858 ἀπειλῆς

396 4858 496 4911 καὶ
526 4861 626 4930 τῆς
654 4864 762 4916 τῶν
793 4864 1080 4935 βελτιόνων
1120 4870 1463 4941 ὑποσχέσεως
1495 4877 1971 4948 περιποιήσασθαι,

397 4951 660 5023 ἑκάτερον
686 4955 742 5007 δὲ
770 4957 975 5014 τούτων
1005 4960 1070 5014 ἐκ
1094 4962 1204 5015 τῶν
1248 4965 1566 5034 κτισμάτων
1610 4970 1976 5041 παραλαμϐά-

396 5059 534 5105 νειν,
565 5042 654 5096 διὰ
700 5045 860 5100 τοῦτο
905 5048 1007 5100 ὅσα
1041 5051 1142 5119 μὲν
1177 5055 1451 5107 συνετέλει
1489 5056 1624 5126 πρὸς
1650 5058 1743 5111 τὸν
1772 5061 1936 5113 αὑτοῦ
1957 5061 1979 5093 ⁸

401 5132 633 5195 σκοπὸν,
663 5134 869 5189 τούτων
917 5137 1013 5190 καὶ
1056 5140 1299 5210 ἱστορίαν
1329 5143 1429 5213 τῆς
1479 5145 1749 5213 γενέσεως
1780 5149 1976 5202 ἀνετά-

401 5225 552 5292 ξατο,
585 5226 686 5280 ὅσα
710 5227 766 5280 δὲ
791 5229 928 5294 τέως
953 5231 1014 5283 ού
1048 5233 1405 5303 κατήπειγεν,
1442 5237 1814 5309 ὑπερτίθεται.

473 5384 562 5438 ιιι
596 5386 720 5441 Cur.
745 5406 798 5455 χ,
833 5390 917 5445 to.
981 5393 1028 5426 ιδ
1062 5395 1192 5450 ibid.
1216 5396 1418 5462 20,21.
1487 5401 1531 5432 ιο
1566 5402 1582 5455 l
1618 5403 1745 5460 Cor.
1777 5423 1853 5473 xu.
1891 5409 1978 5465 94.

2078 4415 2161 4470 vel
2206 4413 2275 4469 ad
2322 4412 2720 4481 correptionem
2773 4410 3114 4479 peccantium
3163 4408 3451 4476 descriptas
3500 4411 3650 4460 sunt.

2078 4506 2212 4562 Cum
2257 4505 2419 4575 igitur
2462 4501 2756 4570 legislatori
2813 4500 3146 4569 pr0positum
3191 4499 3378 4561 fuerit,
3411 4505 3467 4551 et
3510 4511 3654 4550 mor-

2080 4595 2172 4650 tali
2222 4595 2406 4664 generi
2442 4593 2592 4663 leges
2638 4593 2781 4647 ferre
2831 4590 3122 4653 salutares,
3171 4599 3226 4643 et
3277 4587 3413 4658 ipsis
3445 4586 3656 4658 legibus

2079 4691 2204 4745 latis
2230 4688 2566 4758 praesidium,
2588 4685 2975 4755 suppliciorum
3008 4683 3190 4748 minis,
3213 4695 3278 4736 ac
3306 4680 3652 4752 praemiorum

2078 4786 2460 4855 promissione,
2507 4795 2772 4853 quaerere,
2808 4788 3098 4846 utrumque
3141 4777 3335 4830 horum
3381 4789 3446 4830 ex
3495 4788 3652 4830 crea-

2083 4879 2217 4934 turis
2267 4875 2604 4932 desumendo
2637 4890 2651 4928 :
2688 4881 2977 4942 propterea
3024 4882 3360 4939 quaecunque
3400 4867 3464 4921 ad
3510 4866 3655 4922 hunc

2081 4985 2304 5039 scopqu
2357 4967 2722 5030 conducunt,
2770 4965 2966 5020 horum
3016 4961 3177 5016 etiam
3221 4959 3514 5016 creatiouis
3569 4957 3654 5014 hi.-

2078 5063 2304 5118 storiaut
2341 5060 2634 5131 pertexuit,
2668 5057 2737 5113 iis
2764 5072 2884 5128 quae
2913 5070 2979 5111 eo
3019 5069 3125 5110 non
3173 5053 3522 5124 pertinebant
3561 5067 3648 5107 re-

2070 5155 2250 5225 jectis.

2073 5410 2117 5442 "
2147 5408 2247 5464 Job
2290 5422 2488 5472 xxxut,
2521 5408 2573 5459 ti.
2643 5406 2689 5438 “
2727 5405 2880 5461 Deut.
2937 5422 3129 5470 xxvut,
3170 5406 3262 5461 25.

1680 5521 1912 5579 VARlAi‘.
1947 5523 2351 5581 LECTIONES.

691 5627 708 5678 1
742 5627 868 5713 ρον.
920 5647 995 5695 XI,
1027 5632 1130 5713 A25.
1205 5636 1253 5713 ”_
1305 5636 1474 5713 Ἰὼϐ]
1505 5641 1592 5713 ϐὃ,
1618 5641 1680 5713 6.-
1749 5644 1794 5674 9”
1828 5643 2054 5698 allcrum
2086 5645 2183 5713 τῆς

2235 5645 2356 5699 add.
2387 5643 2471 5714 A._
2526 5643 2573 5714 θ’
2594 5640 3030 5714 νουθετουμένων
3059 5643 3099 5696 Δ
3135 5640 3650 5714 ιννενουθετημένων

402 5707 466 5756 ς.
506 5697 600 5750 sed
651 5699 832 5754 malint
891 5703 1382 5778 νομοθετουμένων.
1432 5697 1476 5740 ’⁸
1509 5697 1680 5765 ἔσταιῖ
1742 5697 1895 5768 Deut.
1940 5697 2365 5781 7x1\'lll,"?.5i.w’
2388 5697 2588 5784 χαλκὸς
2626 5715 2691 5769 Α.
2769 5711 2790 5744 ³
2814 5697 3044 5767 αὖτοῦΛ
3076 5730 3092 5769 :
3126 5712 3286 5766 αὑτὸν
3319 5729 3378 5777 ς.
