4030 6248
472 253 578 315 ’763

1623 277 1889 341 PHOTII
1927 283 2432 350 PATRIARCHAS
2465 294 2574 354 ΟΡ.

3620 311 3724 374 764

469 376 588 415 nem
631 363 952 424 retulerunt.
985 369 1142 427 Unde
1172 387 1276 428 non
1325 375 1378 430 in
1428 381 1828 442 multitudinem
1864 391 2016 444 solun

469 455 688 484 daxnnllnx
727 458 942 484 ,ιη-ἕλη...
975 476 1092 484 Α---
1124 463 1218 484 -n-__
1244 467 1317 484 1A,,
1345 483 1349 484 ,
1405 478 1415 484 .
1548 472 1562 484 ι
1668 477 1679 484 .
1937 482 1943 484 Α

2143 393 2270 462 γίαν
2299 400 2554 467 αἱρέσεις
2583 403 2930 478 προσέκοψαν
2953 409 3022 475 ²⁰,
3061 410 3156 464 καὶ
3178 413 3362 484 οίιμὲν
3386 417 3477 470 τὸν
3506 418 3600 473 ἕνα
3631 427 3725 480 καὶ

465 455 688 508 deorum
726 458 942 526 quidam
973 476 1095 516 sese
1117 463 1439 534 effuderunt,
1468 472 1564 527 sed
1588 483 1644 529 et
1667 477 1809 532 bono
1841 482 2040 534 malum

467 555 821 613 opponentes,
873 552 1108 606 universi
1158 557 1602 622 gubernationem
1655 569 2040 625 indivisibilem

466 635 518 686 in
584 642 883 693 contrarias
936 645 1304 710 providentias
1353 652 1748 713 distraxerunt.
1809 661 2039 727 Quidam

467 738 678 780 rurSttm
711 729 1000 786 individua:
1033 746 1087 788 et
1130 753 1224 806 per
1259 743 1438 797 omnia
1471 751 1700 817 aequalis
1729 751 2040 812 Divinitatis

463 820 727 878 divisores
777 841 994 884 amaros
1040 841 1202 900 atque
1237 835 1463 901 injustos
1510 858 1570 896 se
1616 847 2035 915 constituentes,

461 919 568 962 tota
610 913 718 968 _Dei
757 916 1039 984 majestate
1080 920 1224 976 Patri
1259 928 1544 995 attributa,
1577 932 1776 988 Filiqu
1809 951 1874 990 ac
1911 913 2031 1006 Spi;

459 1003 620 1055 ritum
656 1018 900 1060 sanctum
939 1011 1006 1063 ab
1054 1011 1292 1079 ejusdem
1349 1029 1552 1076 natura:
1608 1025 2035 1094 participatione

459 1094 771 1160 repulerunt
803 1115 816 1150 :
849 1101 950 1155 hoc
991 1119 1089 1170 pro
1143 1121 1239 1159 sua
1277 1109 1550 1166 dementia
1586 1125 1844 1182 praetextu
1879 1135 2034 1175 arre-

457 1194 568 1252 pto,
595 1189 737 1255 quod
763 1200 817 1244 et
844 1192 1006 1246 Deum
1045 1213 1210 1250 unum
1238 1199 1420 1269 (quem
1452 1206 1614 1260 etiam
1652 1207 1865 1264 Patrem
1898 1228 2035 1282 prte-

456 1278 600 1330 dieat
629 1290 785 1335 vetus
821 1281 954 1353 Lex)
989 1289 1350 1352 celebrarent,
1381 1286 1436 1348 et
1485 1301 2034 1360 noxamadducentis

453 1383 480 1417 τι
495 1371 689 1424 uincire
707 1384 870 1439 esset,
890 1375 1082 1432 Filium
1097 1383 1180 1435 vel
1207 1384 1464 1451 Spiritum
1490 1388 1654 1443 Deum
1674 1393 2028 1450 c0nfiteri.Ex

455 1461 538 1514 bis
568 1477 698 1515 vero
729 1467 928 1521 fuerint
957 1481 1065 1524 tum
1099 1476 1189 1541 qui
1212 1477 1527 1547 ignorantia
1558 1481 1679 1538 Filii
1712 1495 1766 1538 et
1797 1486 2032 1556 Spiritus

451 1553 792 1623 laborarunt;
812 1565 1344 1629 quotquotuimirum
1372 1569 1680 1628 Judaaorum
1706 1586 1873 1647 atque
1897 1595 2032 1649 gen-

450 1644 628 1698 tilium
662 1649 912 1705 tabefecit
937 1668 1128 1720 error;
1153 1666 1263 1712 tum
1290 1662 1378 1728 qui
1405 1664 1628 1718 scientia
1663 1644 1906 1736 quidem,
1934 1673 2027 1725 sed

451 1735 628 1792 fallaci
663 1744 869 1806 praediti
904 1746 984 1816 (ut
1027 1749 1189 1804 Arius
1227 1762 1391 1822 atque
1423 1754 1817 1832 Macedoniani)
1847 1763 2024 1832 ipsum
2063 1735 2106 1789 Β

447 1826 757 1885 Creatorem
779 1833 942 1902 impie
959 1839 1118 1894 rebus
1139 1844 1341 1896 creatis
1361 1853 2030 1919 anntinieraverunt.lVitle

447 1923 630 1992 igitur,
681 1928 898 1994 quando
930 1931 1017 1985 hic
1041 1947 1200 1987 error
1227 1935 1382 2004 longe
1405 1937 1542 1993 adeo
1568 1939 1783 2011 lateque
1817 1944 2029 1999 invale-

447 2030 604 2068 scere
651 2019 862 2085 potuit;
895 2021 939 2075 si
972 2023 1136 2076 etiam
1163 2026 1460 2082 creationis
1495 2031 1733 2086 universi
1792 2035 2026 2105 dignitas

445 2101 666 2158 definite
683 2104 827 2157 Patri
847 2111 1275 2168 esset.attributa
1297 2155 1311 2176 ,
1336 2126 1705 2186 przelereaque
1724 2101 2028 2192 redemptio

442 2207 605 2261 atque
631 2194 918 2264 judicium,
961 2201 1086 2268 quis
1119 2218 1224 2255 non
1255 2204 1433 2272 impiis
1469 2208 1753 2263 dementiae
1779 2212 1930 2267 color
1955 2231 2017 2271 ac

444 2296 740 2351 pnetextus
791 2291 1222 2359 contingeretur,
1261 2311 1369 2362 quo
1413 2297 1607 2352 Filium
1659 2316 1722 2354 ac
1763 2302 2022 2372 Spiritum

442 2389 713 2442 sanctum,
738 2379 820 2433 vel
852 2382 1000 2436 nullo
1021 2383 1180 2438 modo
1198 2386 1504 2444 subsistere
1529 2391 1612 2445 vel
1633 2393 2020 2452 subsistentem

443 2468 494 2520 in
523 2479 896 2525 creaturarum
929 2473 1178 2529 ordinem
1243 2478 1490 2547 redigere
1550 2485 1853 2540 auderent?
1896 2485 2027 2543 Pro-

436 2571 624 2627 pterea
657 2563 824 2630 igitur
852 2564 1014 2620 Pater
1056 2567 1192 2621 Filio
1209 2568 1351 2638 justa
1379 2573 1446 2626 de
1491 2588 1656 2628 causa
1699 2577 1862 2642 cedit,
1898 2593 2020 2632 cum

437 2653 733 2708 «rreationis
782 2654 1046 2723 dignitate
1094 2661 1158 2713 ab
1210 2661 1386 2726 initio,
1433 2671 1545 2717 tum
1589 2666 2013 2738 reformationis,

435 2750 548 2796 tum
598 2747 760 2799 etiam
803 2749 1016 2814 judicii.
1062 2751 1253 2821 1891:
1317 2753 1703 2814 Verumtamen
1736 2778 1840 2816 non
1886 2764 1931 2818 si
1965 2766 2016 2820 in

433 2839 620 2890 eorum
653 2837 856 2906 aliquo,
895 2854 1014 2908 qua:
1046 2845 1204 2895 modo
1237 2844 1494 2911 diximus,
1540 2847 1679 2904 Filio
1721 2855 1883 2907 cessit
1913 2853 2017 2909 Pa-

436 2934 537 2987 ter,
571 2942 694 2980 mox
723 2929 887 2982 etiam
927 2931 979 2983 in
1007 2932 1260 2987 omnibus
1295 2939 1483 2991 cessit.
1516 2936 1702 3008 Neque
1737 2944 1881 2996 enim
1914 2945 2016 3000 hoc

475 3018 771 3087 isponentis
817 3022 996 3075 omnia
1051 3027 1325 3092 sapienter
1377 3027 1743 3086 Providentiae
1808 3033 2013 3102 fuerit,

431 3109 869 3181 quandoquidem
906 3113 994 3166 tali
1047 3115 1192 3169 nulla
1242 3119 1458 3184 penitus
1503 3132 1801 3190 apparente
1847 3142 2011 3184 occa-

431 3201 601 3265 sione,
651 3203 805 3257 multi
834 3204 1122 3273 impiorum
1157 3208 1259 3263 duo
1310 3207 1660 3267 Testamenta
1707 3220 2004 3274 contrariis

433 3292 832 3361 legislatoribus
863 3297 1237 3364 assignarunt.
1269 3299 1451 3366 Quare
1478 3307 1823 3363 convenienti
1856 3325 2011 3378 pror-

425 3398 558 3448 sus,
606 3401 834 3456 quaeque
876 3387 1042 3442 Deum
1096 3389 1284 3444 deceat
1340 3394 1588 3459 ratione,
1625 3407 1682 3453 et
1729 3403 2010 3470 sapientia:

428 3475 583 3544 plena
608 3477 1035 3546 dispensatione,
1062 3480 1199 3536 Filio
1227 3499 1331 3538 non
1365 3485 1621 3544 formatio
1647 3493 1821 3548 solum
1845 3507 2007 3567 atque

427 3567 772 3637 reformatio,
807 3572 900 3627 sed
948 3573 1215 3642 judicium
1251 3594 1465 3647 quoque
1502 3582 1623 3652 (etsi
1673 3587 1845 3642 tribus
1886 3606 2006 3658 per-

424 3661 577 3714 sonis
621 3665 929 3717 communia
967 3665 1082 3720 haec
1125 3668 1256 3738 sint)
1298 3686 1393 3737 per
1423 3675 1802 3733 excellentiam
1847 3686 2004 3738 attri-

425 3753 682 3807 buuntur.
709 3751 800 3809 Sic
824 3756 986 3824 igitur
1005 3757 1278 3828 objectam
1306 3766 1662 3830 quaestionem
1691 3769 1782 3824 Dei
1811 3787 2001 3830 amans

422 3845 658 3914 scriptor
708 3846 798 3902 hic
844 3847 1136 3904 dissolvit:
1174 3853 1260 3906 cui
1313 3861 1370 3907 et
1409 3855 1514 3910 alia
1558 3861 1845 3928 accedunt,
1882 3881 2002 3934 quae

424 3949 608 4002 parem
669 3950 1007 4006 nequaquam
1065 3955 1188 3996 cum
1256 3948 1644 4017 suprascriptis
1708 3953 1996 4013 utilitatem

426 4025 645 4080 habent.

423 4117 655 4189 ἀπορίαν
684 4121 712 4172 ὁ
735 4119 984 4189 φιλόθεος
1015 4128 1364 4196 συγγραφεὺς
1399 4129 1703 4197 ὲπιλύεται,
1757 4117 2175 4196 ωνυποὸάλλων
2201 4146 2246 4177 ³⁸
2290 4149 2384 4200 καὶ
2415 4117 2580 4221 ets-poi
2627 4169 2750 4207 τινα
2799 4155 2898 4226 οὐχ

419 4207 480 4260 τὸ
514 4209 785 4280 χρήσιμον
810 4213 1180 4282 παρεχόμενα.

491 4299 710 4355 Interim
746 4305 999 4372 przesenti
1057 4306 1382 4364 dubitationi
1433 4311 1578 4365 aliud
1616 4315 1870 4381 quiddam
1906 4320 1995 4374 in-

417 4392 774 4467 vestigatione
821 4395 1041 4462 dignum
1090 4398 1376 4457 admiscet.
1411 4401 1616 4467 Quaerit
1665 4407 1808 4462 enim
1839 4427 1854 4463 :
1887 4409 1997 4467 Cur

418 4463 564 4537 Filid
610 4483 772 4538 Pater
802 4497 1165 4554 prwponatur,
1199 4505 1260 4542 ac
1306 4490 1495 4544 dehinc
1541 4495 1724 4549 tertius
1761 4497 1994 4567 Spiritus

414 4585 630 4631 sanctus
676 4579 1076 4635 constituatur?
1140 4580 1560 4652 Respondetque
1612 4600 1819 4643 certum
1871 4608 1995 4648 esse

415 4667 654 4720 divinam
715 4679 965 4722 naturam
1005 4669 1148 4739 (cum
1203 4687 1304 4726 nec
1355 4674 1535 4730 verbis
1581 4681 1838 4749 exprimi,
1895 4700 1995 4739 nec

415 4769 598 4813 tuente
644 4763 1030 4828 comprehendi
1088 4767 1275 4835 queat)
1316 4782 1491 4836 neque
1542 4772 1771 4838 ratione,
1819 4791 1996 4848 neque

414 4851 684 4915 oratione,
714 4853 815 4907 hoc
844 4855 1019 4923 ipsum
1043 4858 1185 4925 quod
1215 4868 1321 4923 est,
1345 4861 1587 4930 evulgari
1607 4864 1692 4918 vel
1723 4870 1991 4925 nominari

415 4957 576 5010 posse
603 4960 617 4996 :
649 4943 844 5012 quibus
880 4962 1008 5001 vero
1037 4963 1131 5014 per
1175 4947 1496 5004 ineffabilem
1525 4953 1990 5022 dispensationem

412 5037 783 5105 cognoscenda
841 5038 1118 5105 objicitur,
1172 5055 1278 5094 non
1331 5042 1490 5097 sicuti
1542 5056 1647 5109 est,
1691 5050 1784 5101 sed
1818 5061 1874 5102 ut
1909 5051 1992 5107 fas

415 5141 577 5197 atque
609 5129 741 5184 utile
767 5140 851 5183 est
879 5130 947 5185 iis
975 5133 1172 5199 quibus
1199 5144 1442 5202 apparet,
1466 5135 1547 5188 sic
1569 5135 1992 5205 pulchritudinis

414 5236 525 5274 sua:
556 5221 900 5289 splendorem
933 5222 1230 5278 immittere
1266 5225 1483 5279 inlixius
1515 5225 1566 5278 in
1597 5242 1658 5281 se
1694 5228 1990 5301 intuentes,

417 5325 466 5365 et
504 5323 776 5384 utcunque
825 5313 1110 5370 fruendam
1161 5317 1335 5369 dare:
1374 5329 1707 5386 quapropter
1749 5331 1809 5376 ut
1860 5339 1989 5394 pro-

417 5404 657 5471 fundius,
691 5418 744 5463 et
788 5409 961 5479 magis
1009 5409 1310 5478 theologicc
1365 5409 1676 5481 loquamur,
1704 5412 1820 5468 sive
1872 5414 1991 5470 Tri-

2149 489 2227 552 ὡς
2259 491 2476 562 ἀληθῶς
2518 497 2860 568 Δημιουργὺν
2907 503 3273 576 ἀγνοήσαντες
3325 507 3454 581 [512
3507 516 3602 590 PL]
3645 522 3726 585 είς

2147 583 2348 646 πολλὰς
2385 588 2563 651 αίτίας
2592 590 2691 660 τὴν
2738 593 2848 646 τῶν
2903 593 3072 650 ὄντων
3131 599 3342 669 ἀνῆψαν
3399 583 3719 679 ὑπόστασιν,

2146 669 2278 725 ἔνιοι
2307 675 2350 726 δ’
2381 675 2474 728 οῦν
2495 678 2594 730 οὑκ
2638 683 2718 740 είς
2753 683 2956 752 πλῆθος
2987 687 3147 756 μόνον
3179 689 3315 746 Θεῶν
3361 669 3718 770 ἐξεχύθησαν,

2143 762 2280 818 ἀλλὰ
2310 767 2404 819 καὶ
2431 767 2508 837 τῷ
2541 770 2731 840 ἀγαθῷ
2769 776 3004 846 πονηρὸν
3031 762 3591 862 ἀντανιστῶντεςντήν
3609 762 3719 848 τῶν

2139 853 2277 908 ὅλων
2297 858 2592 927 ἀμέριστον
2611 865 2932 920 ἐπιστασίαν
2947 870 3028 934 είς
3049 871 3434 946 ἀντικειμένας
3460 853 3718 954 προνοίας

2139 944 2433 1015 διέσχισαν.
2462 951 2617 1015 Τινὲς
2648 954 2705 1006 δὲ
2735 956 2827 1008 καὶ
2857 960 2954 1028 τῆς
2990 962 3234 1034 ἀμεροῦς
3262 944 3356 1020 καὶ
3381 969 3471 1023 διά
3499 944 3716 1033 πάντων

2139 1035 2202 1087 τὸ
2257 1039 2371 1090 ἴσον
2417 1041 2649 1113 ἐχούσης
2713 1045 2968 1118 θεότητος
3020 1056 3282 1125 μεριστάς
3335 1065 3568 1133 πικροὺς
3619 1072 3718 1125 καὶ

2140 1127 2360 1193 ἀδίκους
2408 1135 2548 1199 σφᾶς
2599 1136 2795 1201 αὐτοὺς
2844 1144 3293 1216 προκαθίσαντες,
3345 1153 3465 1207 ὅλον
3500 1157 3560 1210 τὸ
3593 1159 3717 1214 Θεο-

2138 1218 2344 1285 πρεπὲς
2383 1221 2460 1291 τῷ
2492 1223 2664 1294 [lat-cpi
2694 1229 3166 1302 περικλείσαντες,
3207 1238 3300 1292 τὸν
3353 1241 3486 1295 Υίδν
3523 1248 3713 1303 καὶτὸ

2137 1309 2359 1378 Πνεῦμα
2401 1314 2504 1382 τῆς
2549 1319 2825 1386 συμφυΐας
2879 1323 3189 1393 ἀπώσαντο,
3238 1335 3568 1402 προφάσεως
3615 1340 3712 1410 (ὡς

2137 1400 2384 1470 ἐνόμιζεν
2414 1405 2592 1459 αὑτῶν
2619 1407 2681 1461 τὸ
2703 1409 2984 1483 ἀσύνετον)
3012 1400 3499 1493 περιδρασσόμενοι
3535 1400 3709 1501 ὅτιιδή

2136 1509 2240 1545 που
2270 1494 2400 1548 Θεὸν
2430 1497 2548 1563 ἕνα,
2572 1498 2634 1552 ὃν
2662 1501 2758 1554 καὶ
2798 1505 3014 1576 Πατέρα
3042 1509 3220 1579 ὑμνεῖ,
3253 1514 3323 1568 τά
3355 1518 3568 1574 Παλαιά
3607 1494 3711 1577 Νόᾇ

2139 1600 2283 1654 μιμα
2309 1587 2768 1659 ἀνακηρύττουσι,
2797 1596 2890 1647 καὶ
2936 1597 3144 1670 τόλμης
3175 1604 3327 1657 ἐστὶν
3355 1608 3597 1682 ἀγούσης
3632 1615 3710 1678 είς

2135 1679 2482 1747 παρανομίαν
2526 1681 2657 1735 Θεὸν
2692 1687 2782 1739 τὸν
2819 1687 2944 1740 Υἱὸν
2977 1689 3009 1760 ἢ
3051 1692 3114 1744 τὸ
3158 1694 3380 1766 Πνεῦμα
3423 1679 3704 1773 συνομολο-

2134 1769 2273 1832 γεῖν.
2305 1769 2520 1826 Τούτων
2536 1773 2583 1826 δ’
2605 1774 2672 1828 ἂν
2691 1771 2800 1829 εἷεν
2821 1779 3046 1848 ἄγνοιαν
3078 1784 3177 1853 μὲν
3210 1788 3302 1840 τοῦ
3335 1791 3462 1844 Υίοῦ
3497 1797 3592 1848 καὶ
3613 1799 3705 1850 τοῦ

2133 1859 2450 1929 Πνεύματος
2504 1865 2917 1938 ὲκνοσήσαντες,
2959 1873 3106 1939 ὅσοις
3140 1878 3185 1908 ’⁸
3228 1879 3291 1932 τὸ
3318 1881 3608 1940 Ἰουδαϊκόν
3645 1906 3704 1942 τε

2131 1951 2225 2003 καὶ
2269 1951 2575 2024 Ἑλληνικὸν
2608 1959 2839 2032 ὲνετάκη
2874 1964 3150 2036 φρόνημα,
3183 1971 3232 2022 οἱ
3267 1971 3325 2026 δὲ
3359 1975 3565 2043 γνῶσιν
3605 1981 3704 2049 μὲν

2131 2042 2488 2113 ἐπισφαλῆ-δὲ
2517 2049 2871 2119 κτησάμενοι,
2900 2053 3088 2128 ὥσπερ
3114 2061 3342 2131 ’Ἄρειος
3373 2042 3467 2119 καὶ
3488 2071 3536 2121 οί
3566 2042 3704 2127 κατά

2129 2129 2480 2195 Μακεδόνων.
2525 2136 2575 2189 οἳ
2634 2142 3005 2211 συνηρίθμουν
3046 2129 3224 2216 ἀθέως
3281 2157 3346 2224 τῇ
3393 2157 3571 2212 κτίσει
3612 2162 3703 2217 τὸν

2127 2220 2421 2276 Κτίσαντα.
2471 2227 2615 2298 Ὅρα
2669 2229 2783 2298 οῦν,
2837 2235 2937 2304 τῆς
2983 2240 3238 2313 τοιαύτης
3285 2220 3494 2318 πλάνης
3533 2250 3702 2315 οὕτως

2127 2312 2476 2380 ἐπιπολάζειν
2533 2325 2962 2398 κατισχυούσης,
3003 2333 3051 2384 εί
3087 2312 3278 2388 καὶτὸ
3310 2337 3411 2408 τῆς
3439 2312 3702 2414 δημιουρλ

2125 2404 2250 2471 γίας
2281 2407 2390 2460 τῶν
2435 2409 2572 2464 ὅλων
2606 2414 2826 2486 ἀξίωμα
2876 2422 3279 2495 ἀφωρισμένως
3326 2404 3698 2508 πνροσανετέὺη

2123 2497 2201 2568 τῷ
2225 2501 2421 2570 Πατρὶ,
2448 2501 2566 2558 εἶτα
2608 2510 2703 2562 καὶ⁸
2743 2513 2776 2580 ἡ
2820 2515 3126 2582 ἀνάπλασις
3161 2522 3254 2575 καὶ
3284 2523 3315 2594 ή
3343 2497 3546 2596 κρίσις,
3572 2497 3701 2584 ποία

2126 2589 2322 2657 μανίας
2368 2595 2470 2648 οὑκ
2508 2597 2574 2652 ἂν
2618 2600 2967 2660 διεπλάττετο
3009 2612 3121 2674 τοῖς
3168 2589 3396 2669 ἀσεϐέσι
3424 2589 3697 2690 πρόφασις

2123 2678 2251 2750 [604
2296 2684 2390 2757 R.]
2447 2689 2527 2751 είς
2568 2690 2631 2744 τὸ
2660 2692 2751 2746 τὸν
2785 2694 2885 2765 μὲν
2913 2697 3042 2752 Υίὸν
3069 2701 3162 2754 καὶ
3185 2704 3246 2756 τὸ
3270 2678 3496 2776 Πνεῦμα
3523 2678 3698 2782 ήμηδζ

2119 2773 2256 2835 ὅλως
2300 2776 2618 2845 ὑφεστάναι,
2654 2783 2686 2853 ἢ
2725 2787 2819 2838 καὶ
2857 2787 3143 2857 ὑφεστῶτα
3177 2796 3259 2858 είς
3307 2798 3404 2869 τὴν
3433 2800 3542 2854 τῶν
3579 2821 3696 2856 κτι-

2122 2865 2344 2934 σμάτων
2391 2871 2574 2940 χώραν
2621 2875 2946 2934 ἀπελαύνειν
3004 2885 3546 2957 καταϐρασύνεσοαι;
3609 2893 3698 2950 διά

2044 3068 2086 3124 C
2119 3048 2218 3117 τῆς
2247 3067 2306 3102 τε
2339 3052 2458 3104 κατ’
2483 3055 2654 3125 ἀρχὰς
2677 3057 3040 3131 δημιουργίας
3068 3067 3164 3118 καὶ
3194 3069 3294 3136 τῆς
3314 3071 3692 3142 ἀναπλάσεως,

2117 3134 2238 3194 εἶτα
2267 3143 2363 3196 καὶ
2389 3143 2491 3214 τῆς
2522 3146 2776 3216 κρίσεως.
2813 3153 2886 3204 Οὐ
2918 3154 3026 3222 μὴν
3049 3156 3167 3209 ἀλλ’
3197 3134 3307 3213 οὑδ’
3339 3163 3389 3215 εἰ
3409 3164 3517 3216 τῶν
3547 3134 3695 3237 είρηί

2117 3231 2296 3301 μένων
2344 3236 2446 3305 μέν
2476 3254 2626 3303 τινος
2671 3241 2700 3293 ὁ
2749 3243 2939 3317 Πατὴρ
2978 3246 3250 3321 ὑπεξέστη
3306 3253 3384 3324 τῷ
3423 3254 3568 3325 Υἰῷ,
3601 3231 3694 3330 Ila-ﬁ

2115 3324 2336 3379 πάντων
2375 3328 2433 3380 δὲ
2475 3331 2586 3382 τῶν
2614 3333 2941 3404 εἰρημένων,
2996 3341 3117 3394 οὑδὲ
3167 3344 3326 3397 τοῦτο
3359 3347 3426 3400 ἂν
3482 3345 3552 3419 ἦν
3595 3354 3693 3421 τῆς

2112 3415 2291 3469 πάντα
2323 3419 2502 3486 σοφῶς
2536 3423 2928 3497 οἰκονομούσης
2965 3429 3249 3499 Προνοίας,
3284 3435 3418 3490 ὅπου
3445 3415 3516 3506 γε⁷
3555 3415 3690 3510 μηδὲ

2112 3511 2371 3578 τοιαύτης
2411 3512 2456 3542 ³³
2517 3513 2655 3578 ὅλως
2712 3517 3157 3592 ὑποφαινομένης
3204 3527 3456 3600 ἀφορμῆς
3507 3531 3690 3585 πολλοὶ

2110 3597 2220 3652 τῶν
2251 3601 2468 3656 ἀσεϐῶν
2501 3605 2602 3667 τάς
2645 3606 2739 3659 δύο
2774 3609 3039 3678 διαθήκας
3080 3615 3344 3682 ἐναντίοις
3374 3621 3690 3690 νομοθέταις

2109 3689 2468 3761 διενείμαντο.
2564 3697 2727 3751 Ὥστε
2801 3703 3120 3774 ὲναρμόστῳ
3164 3725 3224 3759 τε
3264 3712 3362 3762 καὶ
3401 3711 3694 3783 Θεοπρεπεῖ

2107 3780 2250 3851 λόγῳ
2310 3785 2405 3836 καὶ
2457 3786 2736 3858 οἰκονομίᾳ
2766 3790 3173 3865 πεπληρωμένη
3225 3801 3420 3866 σοφίας
3463 3780 3548 3870 τῷ-
3577 3801 3690 3872 Υἱῷ

2108 3872 2202 3923 καὶ
2235 3874 2268 3942 ἡ
2299 3875 2498 3938 πλάσις
2532 3876 2627 3929 καὶ
2671 3880 3036 3948 ήάνάπλασις
3083 3887 3175 3938 καὶ
3229 3889 3261 3957 ή
3299 3889 3480 3959 κρίσις
3519 3891 3690 3944 κάν¹⁵

2107 3961 2215 4013 τῶν
2240 3963 2409 4034 τριῶν
2435 3965 2788 4020 ὑποστάσεων
2829 3969 2913 4042 εἴη
2960 3972 3138 4027 ταῦτα
3167 3978 3341 4042 κοινά,
3380 3979 3504 4032 κατ’
3536 3980 3687 4045 ἐξαίο

2107 4068 2262 4122 ρετον
2314 4056 2667 4126 ἀναφέρεται.
2700 4059 2856 4114 Οὕτω
2899 4063 2997 4134 μὲν
3023 4062 3122 4119 οὖν
3167 4067 3268 4139 τὴν
3317 4073 3688 4145 προκειμένην

2955 4158 3158 4226 ὁμοίως
3211 4165 3319 4226 τοῖς
3367 4166 3680 4240 είρημένοις

2028 4329 2072 4384 D
2171 4327 2392 4392 Μεταξὺ
2419 4329 2475 4382 δὲ
2502 4329 2597 4383 τοῦ
2635 4333 3000 4403 προκειμένου
3035 4335 3351 4408 ζητήματος
3375 4342 3470 4394 καὶ
3495 4341 3684 4414 ἕτερόν

2099 4436 2160 4472 τε
2179 4419 2328 4490 αὑτῷ
2359 4420 2508 4486 ἀξιον
2531 4421 2833 4487 ἐξετάσεως
2865 4425 3336 4484 συνδιαπλέκεται.
3378 4433 3544 4502 Ζητεῖ
3572 4435 3680 4502 γὰρ

2098 4512 2188 4564 διὰ
2243 4511 2295 4564 τί
2352 4514 2720 4584 προτέτακται
2764 4517 2794 4568 ὁ
2848 4518 3038 4590 Πατὴρ
3085 4520 3180 4573 τοῦ
3245 4521 3395 4589 Υίοῦ,
3447 4522 3565 4578 εἶτα
3618 4528 3679 4580 τὸ

2100 4602 2326 4674 Πνεῦμα
2378 4607 2562 4676 τρίτον
2612 4610 2989 4666 συντάττεται.
3027 4612 3140 4666 Καί
3185 4632 3350 4686 φησιν
3399 4618 3532 4689 ὠςή
3563 4619 3680 4672 Θεία

2100 4694 2262 4760 φύσις
2287 4697 2526 4767 ἀρρητος
2565 4693 2700 4752 οὖσα
2735 4703 2832 4754 καὶ
2859 4703 3247 4774 ἀκατάληπτος
3269 4707 3429 4777 δῆλον
3454 4710 3529 4774 ὠς
3557 4709 3681 4763 οὔτε

2099 4780 2342 4853 λογισμῷ
2369 4801 2476 4838 τινι
2502 4784 2626 4838 οὔτε
2659 4789 2865 4856 ῥήματι
2893 4792 3025 4845 αὑτὸ
3056 4795 3213 4848 τοῦτο
3242 4798 3380 4867 ὅπερ
3409 4799 3555 4850 ἐστὶν
3583 4800 3678 4852 ἑκ-

2098 4870 2435 4926 καλύπτεται
2474 4873 2506 4944 ἢ
2539 4875 2888 4944 ὀνομάζεται,
2936 4875 3019 4940 οἷς
3045 4880 3091 4933 δ’
3115 4882 3181 4934 ἂν
3210 4883 3302 4935 καὶ
3335 4882 3474 4955 πρὸς
3502 4884 3679 4954 ὲμφά·

2097 4978 2248 5014 νειαν
2296 4963 2367 5015 δι’
2392 4964 2706 5033 οἰκονομίαν
2734 4968 2943 5036 ἄφατον
2987 4974 3235 5042 καταστῇ
3266 4974 3365 5043 οὑχ
3401 4973 3479 5038 ὡς
3507 4973 3675 5037 ἔστιν,

2097 5051 2214 5106 ἀλλ’
2238 5055 2314 5118 ὡς
2345 5055 2560 5126 ἑκάστῳ
2598 5057 2708 5110 τῶν
2736 5059 3190 5131 ἐμφανιζομένων
3212 5064 3440 5118 δυνατόν
3487 5082 3549 5118 τε
3584 5065 3676 5119 καὶ

2095 5146 2393 5219 συμφέρον,
2411 5147 2584 5213 οὕτως
2606 5151 2776 5219 αὑτῆς
2803 5152 2898 5204 τοῦ
2933 5153 3163 5218 κάλλους
3186 5156 3285 5220 τὰς
3307 5158 3676 5228 μαρμαρυγὰς

2095 5237 2272 5308 ἐνίησί
2321 5255 2382 5290 τε
2413 5241 2526 5304 τοῖς
2578 5242 2658 5304 είς
2710 5243 2881 5313 αὑτὴν
2935 5245 2982 5276 ²⁵
3023 5245 3331 5312 ἀτενίζουσι
3381 5250 3476 5302 καὶ
3537 5265 3675 5319 παρ-

2101 5328 2396 5383 απολαύειν
2423 5331 2743 5402 παρέχεται.
2769 5333 2860 5386 Διὸ
2892 5334 3191 5405 βαθύτερόν
3211 5353 3272 5390 τε
3301 5339 3396 5391 καὶ
3434 5338 3675 5407 θεολογι-

2102 5419 2342 5492 κώτερον
2378 5422 2562 5491 φάναι,
2594 5423 2698 5476 κᾶν
2729 5423 2957 5494 Τριὰδα,
3005 5425 3135 5499 [512
3167 5427 3262 5500 IL]
3291 5429 3396 5484 xiv
3445 5431 3671 5501 μονάδα,

1722 5553 1951 5610 νΑιυΕ
1987 5555 2388 5615 LECTIONES.

492 5639 541 5670 "
573 5637 880 5707 προέκοψαν
904 5638 966 5691 Α.
1117 5640 1262 5722 ὅσοις
1291 5638 1331 5691 Α
1369 5658 1380 5692 ;
1414 5639 1542 5705 ὅσας
1568 5658 1632 5704 ς.
1708 5645 1754 5676 ’³
1788 5645 1923 5717 μηδὲ
1945 5648 2044 5721 τῆς
2069 5649 2325 5720 τοιαύτης
2354 5669 2411 5719 ς.
2492 5654 2540 5685 ³³
2563 5652 2666 5707 κᾶν
2695 5653 2738 5707 Α
2772 5671 2786 5708 :
2821 5655 2916 5709 καὶ
2945 5673 3006 5723 ς.
3083 5655 3129 5690 ³⁵
3162 5656 3665 5712 συνιιποὸἀλλωνΔι

425 5709 978 5774 συνυποῧάλλεταις.
1050 5709 1094 5741 ’⁵
1133 5707 1337 5780 ταύτην
1393 5727 1454 5775 ς.
