4030 6248
344 249 454 317 765

1361 261 1896 333 BIBLIOTIIECA.
1935 298 2005 309 -
2044 277 2205 340 COD.
2246 281 2527 345 CCXXII.

3484 290 3597 351 766

342 361 450 418 κάν
478 361 699 433 Πατέρα
748 363 844 417 καὶ
888 363 1017 416 Υἱδν
1056 364 1151 418 καὶ
1210 367 1457 437 Πνεῦμα,
1504 370 1606 424 κᾶν
1636 372 1880 445 Θεότητα
1904 415 1920 439 ,

2029 384 2272 451 nitatem,
2309 387 2427 442 sive
2475 389 2761 455 unitatem,
2794 391 2910 445 sive
2942 390 3183 456 Patrem,
3228 393 3342 446 sive
3375 392 3596 459 Filium,

343 456 452 509 κᾶν
476 456 663 525 ἕτερόν
694 473 746 509 τι
777 457 876 526 τὴν
925 455 1167 525 ἄληπτον
1201 461 1417 531 ἐκείνην
1466 466 1559 515 καὶ
1588 463 1794 532 ἄφατον
1832 470 1919 521 ὲν-

353 548 629 618 θοήσωμεν
681 546 715 617 ἢ
763 547 1117 618 ὀνομάσωμεν
1164 549 1349 618 φύσιν,
1402 553 1524 624 οὐχὶ
1572 556 1750 610 ταῦτα
1802 559 1919 612 ἀλλ’

348 641 493 712 ὑπὲρ
527 640 701 695 ταῦτά
749 644 888 697 ἐστι.
919 643 1009 695 Διὸ
1034 642 1130 696 καὶ
1156 644 1185 696 ό
1216 644 1326 698 τῶν
1371 646 1700 719 ἀπορρήτων
1751 668 1922 720 μυστ-

350 733 701 802 αγωγὸς,Ἐκ
723 732 944 802 μέρους
973 734 1040 797 ⁸⁸,
1061 734 1179 805 βοᾷ,
1209 736 1603 807 γινώσκομεν,
1621 741 1718 793 καὶ
1739 741 1809 794 ἐκ
1819 743 1923 811 μέ-

340 843 496 894 ρους
544 827 1000 894 προφητεύομεν
1021 843 1035 857 ’
1086 828 1234 882 ὅταν
1279 828 1348 882 δὲ
1380 829 1531 900 ἔλθῃ
1577 832 1645 885 τὸ
1666 832 1920 901 τέλειον,

348 918 485 970 τότε
525 918 591 970 τὸ
632 917 701 972 ἐκ
730 917 954 988 μέρους
989 921 1523 989 καταργηθήσεται.
1567 925 1676 977 Καὶ
1723 927 1751 978 ό
1793 927 1924 996 γνήο

353 1025 468 1073 σιος
494 1010 553 1064 δὲ
591 1010 783 1063 τούτου
818 1011 1089 1082 μαθητὴς,
1118 1014 1146 1066 ό
1180 1015 1340 1081 σοφὸς
1361 1014 1657 1079 Διονύσιος,
1686 1015 1755 1070 τὰ
1785 1016 1924 1070 αὐτὰ

352 1103 450 1156 καὶ
480 1106 594 1165 τοῖς
617 1104 799 1168 αὐτοῖς
831 1106 1025 1177 μικροῦ
1053 1106 1486 1179 διαμαρτύρεται
1541 1111 1770 1178 ῥήμασι,
1826 1111 1923 1163 καὶ

355 1195 595 1264 μάλιστά
619 1213 684 1263 γε
727 1198 784 1249 ὲν
814 1199 927 1260 τοῖς
958 1199 1086 1267 περὶ
1139 1198 1347 1252 τελείου
1373 1201 1471 1254 καὶ
1509 1202 1652 1264 ἑνός.
1708 1198 1921 1256 Οὐκοῦν

355 1286 479 1338 ἐπεὶ
507 1287 576 1339 τὰ
609 1287 837 1340 πλεῖστα
874 1288 984 1341 τῶν
1024 1290 1155 1361 περὶ
1194 1290 1329 1344 Θεοῦ
1362 1292 1459 1361 οὐχ
1495 1293 1631 1362 ὅπερ
1675 1294 1792 1346 ἐστὶ
1819 1310 1927 1347 να-

358 1375 597 1446 ρᾶιδηλοτ,
628 1379 967 1449 χειραγωγία
994 1379 1052 1433 δὲ
1098 1380 1299 1451 μᾶλλόν
1327 1381 1411 1444 τις
1442 1385 1559 1437 ἐστι
1588 1385 1683 1437 καὶ
1719 1400 1926 1451 συγκαο

353 1467 606 1531 τάὅασις,
639 1468 728 1522 διὰ
766 1470 874 1524 τῶν
920 1471 1235 1540 συντρόφων
1276 1474 1409 1543 ⁴ἡμῖν
1443 1473 1539 1528 καὶ
1583 1476 1926 1545 πραγμάτων

356 1560 456 1614 καὶ
492 1562 773 1631 ὀνομάτων
820 1563 912 1616 τὸν
961 1563 1086 1617 νοῦν
1115 1564 1272 1635 ήμῶν
1302 1566 1441 1636 πρὸς
1482 1567 1551 1620 τὰ
1596 1567 1738 1636 ὑπὲρ
1777 1568 1926 1636 ἡμᾶς

355 1654 726 1724 ἀναφέρουσα,
761 1655 920 1724 δῆλον
954 1657 1036 1709 ὅτι
1074 1655 1317 1710 τοιοῦτόν
1344 1658 1461 1710 ἐστι
1493 1658 1591 1711 καὶ
1618 1658 1682 1710 τὸ
1725 1674 1924 1728 προτε-

2021 476 2137 531 sive
2187 475 2447 547 Spiritum
2499 486 2771 543 sanrtnm,
2817 480 2934 536 sive
2969 483 3254 547 Deitatem,
3296 484 3409 538 sive
3452 484 3597 537 aliud

2020 569 2297 638 quidpiam
2342 571 2943 640 incomprehensibilem
2989 574 3136 628 illam
3180 585 3236 629 et
3271 573 3592 630 int-ﬂabilem

2025 670 2270 715 naturam
2300 663 2621 731 cogitemus,
2658 667 2742 720 vel
2779 669 3144 733 nominemus,
3177 682 3285 721 non
3320 667 3447 720 haec
3480 666 3600 728 illa,

2022 754 2117 807 sed
2150 769 2315 824 supra
2347 756 2461 810 haec
2501 766 2606 812 est.
2643 758 3009 825 Quamobrem
3039 760 3204 813 etiam
3247 756 3596 811 inetiabilium

2021 852 2305 897 enarrator
2349 843 2547 898 clamat
2600 862 2616 900 :
2672 847 2758 900 Ea:
2802 858 2952 915 parte
2998 847 3377 915 cognoscimus,
3443 857 3490 898 et
3534 860 3601 897 ex

2021 942 2172 997 parte
2214 933 2604 1000 prophetantus,
2633 952 2747 989 cum
2783 947 2957 990 autem
3022 938 3210 990 venerit
3252 936 3391 1005 quod
3428 934 3600 1003 perfe-

2023 1032 2164 1076 ctum
2185 1038 2284 1088 est,
2315 1027 2649 1079 evacuabitur
2692 1027 2829 1096 quod
2857 1038 3093 1095 exparte
3127 1038 3201 1079 est
3224 1027 3289 1080 ⁸⁸.
3322 1024 3600 1093 llujnsque

2025 1127 2314 1182 germanus
2362 1117 2680 1185 discipulus,
2733 1117 2952 1184 sapiens
2999 1118 3091 1171 ille
3142 1115 3451 1185 Dionysius,
3481 1116 3599 1169 haec

2024 1206 2145 1272 ipsa
2195 1207 2385 1260 iisdem
2428 1210 2812 1278 propemodum
2865 1219 3059 1263 testata
3110 1213 3289 1264 verbis
3337 1209 3595 1277 reliquit:

2025 1295 2262 1349 maxime
2290 1295 2380 1350 ubi
2410 1297 2478 1350 de
2498 1298 2739 1367 perfecto
2762 1299 2872 1371 (47)
2901 1310 3061 1368 atque
3090 1314 3199 1352 uno
3216 1299 3347 1368 agit.
3372 1297 3601 1365 Quando

2025 1385 2189 1451 igitur
2218 1385 2450 1454 plurima
2477 1401 2665 1441 eorum
2694 1403 2816 1457 quas
2843 1390 2907 1443 de
2937 1389 3047 1443 Deo
3074 1390 3350 1453 dicuntur,
3398 1403 3504 1442 non
3547 1387 3599 1442 id

2027 1473 2171 1538 quod
2202 1480 2308 1532 est,
2338 1472 2671 1543 signiﬁcant,
2704 1475 2800 1529 sed
2843 1476 3022 1544 potius
3073 1490 3238 1530 manu
3280 1475 3502 1541 ducunt,
3545 1483 3600 1528 et

2030 1578 2127 1632 pro
2170 1573 2332 1633 captu
2389 1574 2578 1619 nostro
2620 1581 2719 1636 per
2774 1578 3034 1638 cognatas
3091 1568 3251 1622 nobis
3301 1582 3390 1622 res
3439 1576 3603 1636 atque

2030 1669 2210 1721 voces,
2228 1664 2468 1710 mentem
2494 1667 2735 1712 nostram
2760 1673 2920 1728 supra
2954 1673 3052 1713 nos
3074 1659 3333 1714 attollunt
3354 1677 3370 1710 :
3395 1657 3602 1727 perspi-

356 1744 553 1815 τάχθαι
591 1746 684 1798 τὸν
716 1746 932 1817 Πατέρα
972 1746 1114 1800 κατὰ
1162 1747 1264 1818 τὴν
1297 1747 1625 1818 ὲκφώνησιν,
1675 1745 1810 1830 εἶτα.
1836 1755 1926 1808 τὸν

2029 1760 2189 1800 cuum
2214 1755 2299 1799 est
2330 1745 2437 1800 tale
2461 1746 2590 1814 quid
2616 1747 2746 1803 illud
2773 1764 2917 1814 esse,
2943 1751 3086 1818 quod
3108 1753 3285 1819 primo
3314 1749 3433 1802 loco
3460 1747 3604 1800 inter

357 1836 489 1889 Υῐὸν
521 1837 618 1890 καὶ
646 1839 763 1906 μετ’
798 1840 1004 1891 ἐκεῖνον
1030 1837 1094 1891 es
1134 1839 1361 1908 Πνεῦμα
1402 1843 1464 1895 τὸ
1496 1842 1672 1911 ἅγιον,
1707 1846 1783 1911 ὣς
1819 1866 1923 1903 που

358 1929 456 1982 καὶ
484 1930 646 1991 αὐτὸς
670 1931 700 1983 ό
723 1932 1000 2005 Δεσπότης
1044 1932 1413 2002 παιδαγωγῶν
1442 1935 1591 2003 ἡμᾶς
1621 1937 1760 2008 πρὸς
1801 1940 1929 2002 τοῦς

361 2020 612 2091 μαθητάς
637 2039 792 2091 φησιο
815 2023 1216 2092 Πορευθέντες
1228 2026 1273 2058 ’⁷
1297 2028 1715 2095 μαθητεύσατε
1732 2029 1930 2083 πάντα

355 2112 432 2166 τὰ
457 2111 628 2179 ἔθνη,
660 2112 1052 2182 βαπτίζοντες
1093 2116 1320 2184 αὐτοὺς
1361 2120 1449 2184 εὶς
1474 2118 1544 2173 τὸ
1590 2119 1781 2190 ὄνομα
1820 2121 1929 2176 τοῦ

357 2203 591 2271 Πατρός
630 2202 729 2257 καὶ
756 2203 865 2259 τοῦ
899 2204 1037 2259 Υιοῦ
1083 2207 1314 2261 καὶτοῦ
1359 2208 1533 2277 ἁγίου
1561 2212 1927 2279 Πνεύματος.

355 2293 480 2347 ἐπει
511 2312 576 2362 γε
614 2294 752 2366 αὐτὴ
782 2294 903 2349 καθ’
927 2296 1128 2367 ἑαυτὴν
1159 2298 1194 2368 ή
1233 2297 1356 2352 θεία
1383 2298 1547 2368 φύσις
1571 2297 1694 2353 οὔτε
1729 2304 1930 2373 προτὲ-

356 2402 550 2439 τακται
591 2384 714 2440 οὔτε
743 2387 1127 2454 ὑποτέτακται,
1188 2387 1326 2442 ἀλλὰ
1357 2389 1455 2442 καὶ
1521 2389 1702 2462 πάσης
1756 2393 1929 2463 ὑπερ-

358 2477 574 2547 ιδρυται
598 2478 695 2532 καὶ
724 2477 1075 2550 ἀριθμήσεως
1107 2481 1202 2533 καὶ
1247 2481 1544 2551 μοναδικῆς
1562 2485 1918 2554 ὲπινοήσεως,

355 2568 517 2639 εἴπερ
549 2571 642 2622 καὶ
678 2571 708 2623 ό
735 2568 967 2640 ἀριθμὸς
995 2570 1090 2623 καὶ
1118 2571 1152 2641 ή
1180 2570 1347 2640 μονὰς
1377 2572 1506 2642 περὶ
1541 2573 1750 2635 οὐσίαν,
1784 2575 1843 2627 τὸ
1870 2574 1930 2629 δὲ

357 2661 502 2715 θεῖον
529 2661 876 2733 ὑπερούσιον.
907 2663 1121 2732 Ὥσπερ
1144 2657 1237 2716 οὖν
1275 2662 1337 2715 τὸ
1370 2662 1525 2718 Θεῑον
1558 2664 1628 2718 τά
1661 2668 1719 2719 ὲν
1747 2667 1929 2736 χρόνῳ

356 2754 538 2807 πάντα
554 2755 802 2823 ἀχρόνως
828 2754 1115 2808 ἐπίσταται
1144 2754 1240 2807 καὶ
1263 2753 1578 2826 ἀμερίστως
1597 2756 1667 2809 τά
1696 2757 1929 2827 μεριστὰ

356 2844 454 2898 καὶ
484 2845 799 2917 ἀρῤεύστως
821 2845 890 2899 τά
921 2845 1137 2915 ῥέοντα,
1169 2843 1299 2917 [605
1333 2844 1426 2918 R.]
1448 2845 1591 2900 οὕτω
1619 2850 1772 2902 πᾶσα
1804 2866 1930 2918 γεν-

357 2936 490 3009 νητὴ
523 2937 685 3006 φύσις
724 2937 818 2991 καὶ
852 2938 914 2990 τὸ
960 2937 1300 3009 ὑπέρχρονον
1353 2941 1413 2991 ἐν
1463 2939 1643 3010 χρόνῳ
1673 2943 1806 3006 νοεῖ,
1832 2943 1931 2995 καὶ

361 3029 780 3100 μεμερισμένοις
806 3028 868 3082 τὸ
909 3028 1225 3100 ἀμέριστον,
1267 3030 1364 3083 καὶ
1394 3030 1457 3082 τὸ
1503 3029 1812 3100 ἄφθεγκτον
1842 3031 1932 3084 διά

357 3120 658 3191 συντρόφου
716 3123 906 3192 φωνῆς
967 3121 1198 3193 ὀνόμασι
1245 3122 1783 3194 διαμεμορφωμένης
1835 3126 1931 3178 καὶ

358 3213 619 3284 ῥήμασιν.

427 3388 562 3446 Εἶτα
581 3387 782 3461 ἐφεξῆς
811 3391 1082 3458 ἐξετάζει,
1132 3391 1312 3461 Τίνος
1339 3394 1554 3450 ἕνεκεν
1580 3398 1615 3449 ὁ
1639 3395 1760 3465 μὲν
1802 3397 1934 3462 mg

357 3483 509 3537 κατὰ
557 3483 674 3550 τὴν
722 3483 1072 3553 ἐπιφώνησιν
1116 3485 1311 3554 μέσος
1388 3485 1931 3556 παραιαμϐάνεται,

356 3575 514 3643 ἄκρα
545 3576 614 3629 δὲ
641 3578 676 3630 ό
697 3576 901 3645 Πατὴρ
930 3577 1030 3632 καὶ
1068 3578 1137 3632 τὸ
1177 3580 1421 3649 Πνεῦμα
1441 3582 1508 3633 τὸ
1540 3579 1711 3649 ἄτιον
1727 3578 1792 3635 ⁸⁸.
1824 3581 1935 3635 Καί

362 3684 530 3736 φησιν
561 3668 636 3729 ὡς
663 3667 853 3738 ἐπειδὴ
889 3669 1238 3739 δικαιοσυνης
1278 3669 1440 3736 ζυγὸς
1472 3668 1694 3736 λέγεται
1726 3669 1756 3721 ό
1780 3668 1934 3733 Θεὸς,

1957 3075 2003 3135 C

2029 1836 2354 1906 loquendum
2388 1839 2699 1907 proferatur
2726 1837 2905 1905 Pater,
2940 1840 3138 1894 deinde
3166 1840 3355 1905 Filius,
3385 1853 3450 1893 ac
3484 1844 3603 1906 post

2030 1929 2174 1983 hunc
2198 1930 2434 1999 Spiritus
2461 1943 2705 1985 sanctus.
2726 1931 3188 1996 Quemadmodum
3213 1929 3415 1985 alicubi
3437 1931 3600 1982 etiam

2030 2021 2145 2089 ipse
2176 2019 2458 2083 Dominus,
2494 2012 2595 2076 u'os
2625 2023 2922 2089 instruens,
2955 2023 3238 2091 discipulis
3269 2023 3379 2076 ait:
3410 2021 3604 2075 Enntes

2028 2113 2207 2165 docete
2254 2128 2431 2165 omnes
2489 2123 2685 2180 gentes,
2746 2112 2940 2183 190a
2994 2114 3319 2179 baptizatus:
3367 2127 3496 2176 eos,
3546 2111 3604 2163 in

2031 2203 2246 2255 nomine
2304 2200 2509 2262 Patris.
2538 2215 2584 2256 et
2616 2201 2772 2265 Filii,
2802 2214 2850 2257 et
2884 2201 3114 2271 Spiritus
3155 2205 3327 2256 sancti
3355 2201 3425 2255 “.
3462 2202 3609 2267 Quo-

2030 2292 2176 2347 niam
2211 2294 2320 2362 ipsa
2349 2296 2645 2349 secundum
2681 2310 2741 2349 se
2770 2295 2953 2349 divina
2998 2305 3213 2357 natura,
3245 2307 3420 2363 neque
3470 2308 3606 2362 prte-

2030 2381 2180 2448 poui,
2220 2396 2394 2451 neque
2437 2383 2629 2450 subjici
2682 2394 2807 2454 apta
2856 2395 2962 2448 est,
3013 2385 3109 2437 sed
3157 2397 3320 2452 supra
3380 2396 3600 2437 omnem

2036 2481 2141 2525 tam
2195 2473 2429 2534 numeri,
2465 2488 2627 2542 quam
2675 2473 3070 2543 singularitatis
3116 2475 3393 2529 notionem
3438 2472 3602 2528 collo.

2031 2573 2213 2619 catur.
2252 2564 2523 2621 Numerus
2558 2568 2849 2636 siquidem,
2875 2577 2930 2621 et
2972 2566 3152 2621 unitas
3197 2567 3266 2621 de
3307 2567 3608 2622 substantia

2033 2656 2290 2710 dicuntur
2319 2675 2333 2711 :
2366 2658 2621 2712 divinitas
2666 2673 2796 2713 vero
2828 2659 3189 2714 substantiam
3235 2666 3453 2727 superat
3490 2657 3612 2711 uui—

2033 2762 2270 2803 versam.
2298 2747 2765 2815 Quemadmodum
2808 2750 2974 2821 igitur
3002 2749 3148 2805 Deus
3178 2750 3361 2804 omnia
3402 2762 3524 2818 quae
3553 2747 3607 2801 in

2036 2849 2280 2910 tempore
2317 2841 2609 2906 exsistunt,
2642 2843 2763 2899 sine
2796 2851 3039 2912 tempore
3071 2842 3373 2911 cognoscit,
3397 2850 3452 2894 et
3475 2839 3612 2895 indi-

2034 2934 2170 2997 vise,
2196 2949 2322 3003 qua
2383 2933 2695 3000 divisibilia,
2727 2945 2785 2990 ut
2811 2945 2867 2989 et
2894 2935 3059 3002 ﬂuxa,
3105 2934 3223 2989 sine
3255 2934 3363 2989 ullo
3413 2932 3557 2987 ﬂuxu
3593 2951 3608 2988 :

2035 3025 2116 3081 sic
2156 3027 2336 3083 omnis
2378 3038 2562 3082 creata
2605 3037 2817 3093 natura,
2850 3028 2904 3083 id
2929 3029 3073 3099 quod
3122 3039 3333 3095 tempus
3369 3026 3609 3089 excedit,

2036 3121 2088 3173 in
2136 3130 2375 3189 tempore
2422 3120 2723 3190 cognoscit.
2770 3131 2826 3174 et
2874 3120 3248 3197 divise,‘quod
3285 3119 3450 3173 dividi
3505 3132 3614 3172 non

2035 3221 2232 3280 potest,
2262 3212 2512 3280 quodque
2536 3211 2805 3268 ineﬂ'abile
2837 3224 2941 3279 est,
2990 3229 3086 3283 per
3105 3225 3394 3283 cognatam
3426 3213 3605 3266 nomi-

2040 3305 2307 3373 nibusque
2335 3316 2390 3359 et
2417 3304 2597 3359 verbis
2615 3305 2955 3359 el'formatam
2990 3321 3203 3360 vocem.

2108 3398 2203 3451 25.
2234 3397 2436 3462 Quaerit
2467 3398 2744 3466 deinceps,
2773 3395 2880 3450 Cur
2910 3396 3111 3462 Filius,
3153 3412 3272 3450 cum
3317 3394 3613 3466 loquimur,

2037 3489 2241 3543 medius
2277 3499 2603 3553 assumatur,
2631 3490 2977 3560 extremisque
3011 3489 3140 3544 locis
3177 3487 3345 3545 Pater
3368 3499 3416 3543 et
3447 3485 3619 3557 Spiri-

2036 3593 2120 3635 tua
2152 3591 2365 3635 sanctus
2390 3580 2417 3634 .9
2470 3580 2776 3650 Respondet
2807 3599 2823 3637 :
2857 3581 3125 3648 Quoniam
3156 3579 3382 3649 iustitiae
3411 3579 3613 3633 trutina

2042 3674 2241 3727 dicitur
2290 3672 2466 3738 Deus,
2547 3674 2899 3743 proportione
2945 3673 3177 3744 quadam
3232 3688 3354 3728 cum
3413 3672 3616 3727 trutina

356 3759 636 3828 ἀναλόγως
679 3760 757 3831 τῷ
820 3762 950 3831 παρ’
976 3763 1109 3832 ἡμῖν
1167 3760 1322 3831 ζυγῷ
1379 3760 1476 3814 καὶ
1519 3762 1552 3832 ή
1596 3760 1656 3812 ὲν
1712 3763 1782 3831 τῇ
1815 3760 1926 3831 θείς

2043 3777 2251 3830 nostra,
2280 3766 2402 3819 ideo
2433 3779 2648 3834 quoque
2681 3765 2734 3819 in
2773 3775 2966 3819 natura
2986 3765 3167 3820 divina
3195 3766 3329 3820 ordo
3352 3763 3615 3831 ejusmodi

362 3854 527 3923 φύσει
557 3855 708 3921 τάξις
755 3858 1098 3928 ἐπινενόηται
1153 3856 1294 3910 ὥστε
1342 3856 1436 3909 τὸν
1464 3855 1592 3909 Υἱὸν
1618 3854 1719 3926 τὴν
1765 3855 1926 3924 μέσην

2040 3859 2380 3928 excogitatus
2400 3866 2504 3922 est,
2539 3866 2598 3912 ut
2617 3856 2806 3923 Filius,
2832 3856 3009 3912 medio
3030 3866 3293 3928 occupato
3325 3857 3461 3923 loco,
3489 3871 3621 3910 exa-

363 3945 551 4019 χώραν
587 3948 1006 4019 ἀναπληροῦντα
1038 3948 1137 4018 τὴν
1189 3948 1367 4019 ἄκραν
1404 3949 1626 4018 ἰσότητα
1681 3948 1820 4019 πρὸς
1868 3945 1926 4000 τό

2043 3961 2185 4005 ctam
2216 3950 2583 4021 aequalitatem
2608 3966 2729 4005 cum
2770 3951 3031 4005 extremis
3073 3959 3278 4006 teneat.
3317 3947 3439 4020 lpse
3473 3950 3617 4003 enim

360 4041 511 4111 ἄκρα
540 4042 855 4111 συντηρεῖνο
881 4040 1044 4102 αὐτὸς
1075 4038 1185 4110 γὰρ
1223 4040 1326 4111 τήν
1358 4057 1418 4093 τε
1467 4040 1589 4094 κατ’
1618 4040 1795 4110 ἀρχὰς
1846 4038 1926 4109 δη-

2040 4055 2142 4098 eta
2166 4043 2431 4112 principio
2458 4044 2815 4108 creationem,
2849 4052 2905 4096 et
2941 4043 3008 4097 ad
3032 4034 3362 4111 postremum
3397 4041 3619 4112 generis

364 4132 654 4203 μιουργὶαν
706 4134 800 4187 καὶ
848 4132 947 4202 τὴν
977 4131 1202 4203 ὕστερον
1246 4132 1342 4186 τοῦ
1387 4132 1579 4201 γένους
1631 4130 1926 4186 ἀνάπλασιι

2044 4133 2295 4207 [nostri]
2327 4135 2775 4189 instaurationem
2822 4133 3072 4203 perfecit.
3112 4134 3252 4200 Quin
3298 4135 3461 4188 etiam
3501 4143 3619 4188 tru-

361 4226 758 4294 ἀπειργάσατο.
807 4224 918 4277 Καὶ
951 4223 1014 4277 τὸ
1060 4224 1414 4296 παράδειγμα
1442 4223 1503 4276 δὲ
1533 4222 1626 4277 τοῦ
1670 4221 1839 4290 ζυγοῦ
1876 4222 1926 4276 τί

2046 4228 2173 4280 time
2217 4227 2546 4295 exetnplum,
2598 4225 2809 4281 inﬁnite
2843 4226 3084 4298 potentis
3121 4223 3408 4280 Trinitatis
3438 4239 3623 4294 mqua-

367 4315 655 4387 ἱσόρροπόν
706 4331 767 4368 τε
814 4315 912 4367 καὶ
966 4313 1289 4384 ἰσοδύναμον
1348 4315 1447 4384 τῆς
1498 4313 1926 4385 ἀπειροδυνάμοι

2036 4318 2150 4371 lem
2178 4318 2404 4373 omnino
2429 4332 2494 4372 ac
2515 4332 2700 4386 parem
2748 4327 3067 4385 potestatem
3119 4316 3444 4379 subindicat,
3495 4330 3620 4369 cum

364 4407 600 4478 Τριάδος
624 4406 938 4468 αἰνίττεται.
974 4405 1246 4476 μηδεμιᾶς
1267 4405 1377 4459 τῶν
1403 4405 1572 4476 τριῶν
1591 4406 1926 4460 ὑποστάσεωι

2047 4405 2188 4459 nulla
2219 4407 2382 4459 trium
2407 4421 2782 4475 personarum,
2843 4405 2928 4459 vel
2983 4405 3104 4473 plus
3133 4404 3304 4458 altera
3344 4412 3619 4472 assurgat,

364 4500 783 4569 ἀναφερομένης
829 4497 890 4550 τὸ
938 4497 1099 4551 πλέον
1147 4496 1181 4567 ἢ
1219 4498 1355 4565 πρὸς
1404 4498 1504 4567 τὴν
1551 4495 1703 4549 κάτω
1760 4496 1926 4568 ῥοπὴν

2036 4497 2121 4551 vel
2146 4499 2212 4550 ad
2241 4498 2347 4551 ima
2380 4499 2551 4568 magis
2582 4499 2903 4568 vergat,sed
2936 4496 2988 4553 in
3019 4496 3208 4565 aequali
3241 4507 3296 4550 et
3319 4495 3454 4564 pari,
3488 4494 3613 4549 nul-

365 4586 787 4656 ἀποκλινούσης,
849 4587 962 4640 ἀλλ’
1004 4589 1061 4641 ὲν
1088 4585 1168 4657 τῷ
1207 4586 1307 4656 ἴσῳ
1336 4602 1397 4639 τε
1437 4586 1533 4639 καὶ
1566 4585 1818 4656 ὁμοτίμῳ
1843 4585 1926 4639 xui

2038 4590 2196 4658 luque
2226 4591 2384 4643 modo
2411 4590 2692 4645 diﬂ‘erente
2718 4589 2888 4659 gloria
2932 4599 2988 4643 et
3020 4587 3255 4642 essentia
3299 4590 3616 4651 trutinetur,

364 4677 645 4748 ἀδιαφόρῳ
666 4677 763 4747 τῆς
786 4676 945 4745 δόξης
987 4676 1082 4730 καὶ
1106 4677 1205 4745 τῆς
1221 4674 1409 4738 οὐσίας
1435 4674 1926 4745 ζυγοστατουμένης

2039 4693 2104 4732 ac
2149 4679 2445 4749 theologice
2479 4679 2837 4749 expendatur.
2890 4677 3041 4733 Unde
3077 4685 3132 4732 et.
3171 4679 3224 4731 in
3265 4680 3427 4731 rebus
3457 4691 3619 4747 gene-

364 4784 427 4821 τε
455 4767 552 4821 καὶ
586 4767 1013 4839 θεολογουμὲνης
1042 4784 1057 4800 ·
1091 4768 1151 4833 ἐξ
1171 4761 1233 4822 οὗ
1262 4766 1360 4820 καὶ
1384 4768 1444 4819 ὲν
1467 4767 1579 4828 τοῖς
1612 4767 1926 4835 γεννητοῖςίῆ

2042 4772 2174 4826 ratis
2207 4771 2492 4840 aqualitas
2526 4773 2705 4838 datur,
2754 4781 2809 4825 et
2839 4770 3046 4839 justum
3075 4769 3246 4837 aequis
3288 4768 3624 4839 ponderibus

370 4858 560 4928 ἰσότης
590 4859 792 4913 δίδοται
820 4859 1000 4916 καὶτὸ
1028 4858 1233 4913 δίκαιον
1260 4857 1665 4911 ταλαντεύεται.
1698 4856 1926 4911 Τοιαῦτα

2048 4859 2300 4915 libratur.
2335 4860 2462 4916 Haec
2496 4860 2609 4916 fere
2638 4864 2691 4915 in
2723 4861 2984 4915 vicesimo
3010 4861 3248 4915 secundo
3275 4859 3453 4927 capite
3483 4858 3625 4913 sexti

371 4950 471 5019 μὲν
497 4946 590 5004 οὖν
621 4950 769 5021 αὐτῷ
822 4951 964 5008 κατά
1005 4967 1067 5010 τε
1094 4950 1156 5003 τὸ
1198 4952 1282 5019 κβ¹
1311 4949 1608 5018 κεφάλαιον
1634 4947 1727 5002 τοῦ
1751 4954 1824 5017 ις’
1860 4947 1926 5017 βι-

2052 4950 2196 5015 libri,
2228 4952 2465 5020 itemque
2485 4952 2747 5005 vicesimo
2776 4950 2937 5003 tertio
2967 4949 3033 5004 ab
3058 4965 3124 5005 eo
3147 4959 3532 5004 contexuntur.

369 5041 523 5095 ελίου
552 5042 649 5097 καὶ
669 5044 731 5095 τὸ
757 5048 807 5111 γ’
832 5043 925 5096 καὶ
950 5048 999 5095 κ’
1029 5040 1436 5108 συνυφαίνεται.

447 5133 604 5185 Μετά
641 5131 802 5184 τοῦτο
852 5131 912 5184 δέ
954 5147 1118 5202 φησιν
1164 5128 1458 5198 ἀναλογίαν
1499 5128 1623 5181 τινὰ
1657 5125 1926 5191 διασώζειι

2121 5127 2212 5191 24,
2242 5129 2334 5183 25.
2375 5127 2506 5184 Post
2550 5128 2666 5183 ltaac
2716 5126 3019 5197 analogiam
3081 5128 3371 5199 quamdam
3417 5137 3624 5181 servari

439 5263 537 5319 ³³1
585 5265 713 5322 ﬂor.
765 5281 885 5332 xm,
917 5263 951 5320 9
991 5274 1048 5320 et
1100 5264 1189 5320 ill.
1264 5263 1310 5296 “
1362 5262 1552 5318 Matth.
1599 5277 1793 5329 xxvm,
1842 5262 1937 5318 29.

1658 5375 1895 5437 VARl/E
1928 5374 2330 5432 LECTIONES.

453 5472 497 5503 “
530 5473 597 5526 ὲκ
628 5470 713 5545 μ.]
735 5470 860 5527 Cor.
906 5488 1028 5535 xm,
1061 5472 1114 5526 9.
1195 5469 1240 5501 ³⁷
1274 5466 1524 5539 πορευθ.]
1562 5467 1755 5524 Matth.
1799 5482 1995 5533 XXVIII,
2038 5466 2128 5522 $9.
2203 5469 2246 5501 ⁸⁸
2263 5470 2322 5522 τὸ
2345 5468 2437 5539 ἆγ.
2471 5486 2613 5525 corr.
2642 5471 2682 5524 Α
2721 5485 2828 5524 ετε
2866 5468 2955 5537 ἀγ.
2992 5479 3055 5530 ς.

1874 5579 2084 5637 NOTAE
2095 5626 2099 5631 .

445 5678 557 5750 (47)
584 5678 715 5748 Cap.
746 5678 831 5744 l3,
865 5676 960 5733 lib.
1001 5674 1079 5730 De
1101 5676 1258 5729 divin.
1301 5673 1619 5733 nominibus.
