4030 6248
457 266 560 330 767

1611 270 1874 331 PIIOTII
1910 270 2416 332 PATRIARCIL‘E
2447 271 2556 331 CP-

3596 271 3702 332 768

461 379 662 434 asserit
682 394 710 433 a
729 379 930 451 duplici
966 380 1052 436 illa
1079 381 1367 448 Trinitate,
1393 383 1514 452 qute
1549 381 1600 436 in
1634 382 1733 435 alis
1751 381 2033 450 Serapliim

2138 381 2238 452 τὴν
2269 383 2315 414 ”
2353 385 2412 436 ὲν
2461 385 2582 446 ταῖς
2617 381 2839 453 πτέρυξι
2881 381 2989 434 τῶν
3032 379 3282 451 Σεραῃὶμ
3325 380 3703 454 θεωρουμένην

463 472 841 526 consideratur
863 476 929 527 ⁸⁸.
1007 474 1074 528 Ει
1112 475 1343 527 medium
1375 474 1590 540 quidem
1622 472 1764 527 Patri
1803 489 2028 543 respon-

462 563 612 626 dere,
643 573 890 618 extrema
937 581 1064 618 vero
1093 565 1246 632 Filio,
1293 581 1357 620 ac
1382 566 1610 632 Spiritui
1643 577 1856 621 sancto.
1914 566 2036 620 Tri-

465 653 654 721 plit'em
687 670 904 723 quoque
956 656 1211 712 illam‘et
1261 662 1483 712 omnino
1528 659 1850 712 invariatam
1897 661 1948 714 in
1979 675 2037 714 se

463 747 609 800 vocis
657 745 882 801 Sanctus
941 750 1414 814 exclamationem,
1474 750 1636 804 trium
1681 764 2033 819 personarum

466 837 985 903 imnmtabilitatem,
1031 843 1206 909 quoad
1262 843 1583 907 essentiam,
1635 845 1924 911 potentiam
1984 853 2038 898 et

469 925 779 980 facultatem
807 928 1174 986 subindicare.
1215 930 1356 996 Quin
1382 940 1441 1000 et
1476 931 1688 986 illorum
1723 936 1883 986 trium
1909 949 2038 990 con-

465 1017 980 1073 substantialitatem
1010 1033 1171 1090 atque
1223 1024 1488 1077 unitatem
1538 1025 1684 1076 velut
1729 1025 1904 1093 sigillo
1934 1028 2031 1079 oh-

465 1109 663 1178 signari
717 1125 781 1165 ac
831 1113 1095 1181 coaptari,
1146 1115 1270 1167 dum
1334 1131 1498 1168 unum
1543 1114 1806 1170 duntaxat
1855 1129 2036 1186 postea

470 1197 602 1268 [per
636 1201 858 1274 vocem]
899 1203 1158 1258 Dominus
1197 1206 1475 1260 inducitur
1520 1216 1575 1262 et
1615 1207 1862 1262 infertur.
1912 1211 2038 1262 Ala-

469 1305 586 1343 rum
633 1291 762 1346 item
811 1295 1255 1360 geminationem,
1312 1299 1624 1367 signiﬁcare
1675 1302 2034 1369 cognitionem

469 1380 616 1436 illam
659 1397 899 1448 onmem,
931 1400 1050 1453 quae
1108 1403 1202 1455 per
1252 1389 1350 1442 hos
1407 1391 1457 1444 in
1494 1393 1739 1447 homines
1766 1393 2038 1446 derivatur

471 1472 597 1541 (etsi
633 1488 729 1542 per
758 1475 1140 1531 immateriales
1175 1480 1398 1548 spiritus
1431 1484 1912 1552 subministretur),
1933 1501 2034 1538 non

469 1564 793 1632 simplicem,
877 1570 970 1621 sed
1026 1572 1366 1625 materiatam
1426 1574 1621 1629 deferri
1665 1591 1679 1629 :
1723 1592 1790 1630 ex
1838 1577 2038 1630 nostris

470 1655 725 1709 nimirum
760 1658 944 1726 ﬁguris
983 1674 1047 1714 ac
1082 1661 1294 1726 formis,
1319 1663 1837 1733 velutcompositum
1870 1668 2036 1732 quod-

2134 473 2330 545 διπλῆν
2361 474 2592 545 Τριάδα,
2625 477 2718 528 καὶ
2745 475 2807 526 τὸ
2842 473 2941 544 μὲν
2976 473 3141 543 μέσον
3167 472 3451 540 ἀναλογεῖν
3483 473 3560 544 τῷ
3587 475 3700 528 Πα-

2133 565 2244 634 τρὶ,
2276 566 2345 617 τὰ
2374 564 2420 617 δ’
2442 565 2589 635 ἄκρα
2634 565 2714 636 τῷ
2755 565 2868 635 Υἱῷ
2908 566 3000 619 καὶ
3029 565 3104 635 τῷ
3133 564 3413 634 Πνεύματι
3435 581 3449 596 ·
3483 566 3577 618 καὶ
3604 565 3704 637 τὴν

2131 657 2418 727 τριαδικὴν
2445 657 2542 727 τῆς
2591 658 2878 728 ἁγιότητος
2925 658 3236 728 ὲκφώνησιν
3283 656 3704 728 ἀπαράλλακτον

2133 746 2298 799 οὖσαν
2340 748 2517 816 πάντη
2553 747 2691 818 πρὸς
2739 748 2936 815 ἑαυτὴν
2993 749 3053 800 τὸ
3111 748 3527 818 ἀπαράλλακτον
3582 752 3702 803 κατ’

2133 838 2321 891 οὐσίαν
2349 839 2443 892 καὶ
2465 839 2695 909 δύναμιν
2727 843 2821 892 καὶ
2847 839 3094 905 ἐξουσίαν
3122 841 3230 892 τῶν
3252 841 3420 910 τριῶν
3446 844 3706 912 αἰνιγμα-

2133 929 2303 992 τίζειν
2338 927 2464 1000 [515
2495 929 2586 1000 ιι]
2617 930 2988 983 ὑποστάσεων.
3038 931 3147 984 Καὶ
3194 933 3613 1000 ὲπισφραγίζειν
3646 933 3704 985 δὲ

2135 1023 2230 1072 καὶ
2286 1020 2674 1074 ἐπισυνάπτειν
2722 1022 2783 1074 τὸ
2839 1021 3125 1090 ὀμοούσιον
3191 1024 3286 1075 καὶ
3352 1025 3552 1076 ἐνιαῖον
3593 1024 3704 1076 τῶν

2133 1113 2300 1182 τριῶν
2326 1112 2422 1182 τὴν
2454 1113 2750 1184 ἐπαγωγὴν
2775 1113 2870 1166 καὶ
2913 1115 3186 1185 ἐπιφορὰν
3203 1114 3296 1168 τοῦ
3324 1116 3444 1179 ὲνὺς
3474 1115 3698 1186 Κύριος.

2133 1201 2339 1271 Δηλοῦν
2383 1202 2438 1253 δὲ
2486 1202 2580 1254 καὶ
2611 1201 2721 1253 τῶν
2768 1202 2986 1271 πτερῶν
3012 1202 3109 1271 τὴν
3139 1201 3366 1272 διπλόην
3390 1204 3568 1256 πᾶσαν
3601 1204 3704 1273 τὴν

2135 1294 2215 1352 εἰς
2266 1294 2412 1361 ἡμᾶς
2446 1291 2514 1343 δι’
2551 1290 2732 1343 αὐτῶν
2784 1291 3084 1345 κατιοῦσαν
3112 1292 3334 1362 γνῶσιν.
3381 1293 3429 1345 εί
3475 1293 3568 1346 καὶ
3616 1292 3705 1345 διὰ

2135 1383 2242 1434 τῶν
2273 1383 2452 1436 suam
2481 1385 2813 1438 διακονεῖται
2855 1385 3204 1452 πνευμάτων,
3239 1385 3337 1453 οὐχ
3379 1382 3558 1454 ἀπλῆν
3589 1383 3703 1436 ἀλλ’

2137 1475 2328 1544 ὑλικὴν
2375 1477 2640 1541 κατιέναι,
2684 1479 2749 1529 ὲκ
2797 1477 2908 1530 τῶν
2940 1476 3063 1531 καθ’
3101 1477 3248 1546 ἡμᾶς
3286 1477 3474 1530 τύπων
3510 1491 3569 1527 τε
3610 1475 3706 1528 καὶ

2139 1566 2432 1634 σχημάτων
2482 1568 2594 1628 τοῖς
2644 1566 2921 1630 συνθέτοις
2980 1565 3232 1619 σύνθετον
3270 1563 3656 1637 ἁρμοζομένην
3687 1581 3700 1593 ·

2137 1654 2357 1708 διπλοῦν
2397 1656 2453 1709 δὲ
2497 1657 2556 1710 τὸ
2610 1658 2798 1711 ὑλικὸν
2833 1658 3003 1722 ἅπαν,
3053 1659 3113 1724 ἐξ
3161 1658 3295 1729 ῦλης
3348 1661 3706 1729 συγκείμενον

469 1747 613 1813 dam,
641 1751 959 1817 compositis
990 1753 1318 1821 adaptatam,
1375 1771 1499 1810 eum
1541 1757 1736 1826 duplex
1767 1758 1840 1812 sit
1865 1769 2036 1810 mate-

2141 1746 2233 1799 καὶ
2279 1747 2471 1810 εἴδους.
2531 1750 2652 1802 Ἐτι
2707 1749 2764 1802 δὲ
2813 1751 2910 1802 καὶ
2951 1750 3052 1813 τὰς
3103 1726 3295 1820 νοεράς
3335 1726 3595 1818 δυνάμεις
3645 1748 3707 1812 ἐξ

470 1837 668 1893 riatum
693 1856 871 1905 omne,
899 1858 960 1895 ex
986 1845 1210 1898 materia
1229 1845 1519 1900 conﬂatum
1539 1858 1589 1901 et
1620 1847 1812 1901 forma.
1846 1848 2031 1913 Quan-

465 1943 630 1995 quam
659 1939 714 1982 et
752 1930 938 2000 190!)
979 1933 1346 2003 intelligibiles
1396 1947 1708 2005 potestates,
1749 1953 1814 1991 ex
1839 1938 2036 1992 sancti-

469 2019 719 2072 ﬁcatione
747 2030 803 2074 et
832 2024 1156 2087 substantia,
1205 2028 1346 2088 quod
1379 2028 1680 2094 duplicibus
1701 2029 1801 2082 alis
1829 2028 2036 2097 signiﬁ-

469 2112 677 2176 licetur,
729 2112 951 2166 ceiiﬁari
995 2115 1199 2171 volunt.
1251 2117 1475 2171 Certum
1514 2135 1642 2172 vero
1674 2121 1816 2189 quod
1845 2121 2032 2174 horum

467 2201 729 2270 cognitio,
773 2203 1166 2270 perfectissima
1201 2207 1318 2271 illa,
1365 2216 1419 2260 et
1451 2223 1570 2276 quae
1602 2225 1816 2263 omnem
1849 2209 2036 2279 cogni-

472 2293 634 2347 tionis
663 2295 1066 2364 simplicitatem
1114 2310 1355 2368 superat,
1413 2313 1470 2354 ιιι
1495 2318 1619 2371 qua:
1655 2303 1752 2358 soli
1783 2305 2032 2358 creatrici

352 2435 357 2438 _
467 2381 722 2438 Trinitati
787 2389 1112 2452 ascribatur,
1186 2391 1415 2446 inferior
1455 2403 1617 2463 atque
1667 2396 2036 2462 imperfectior

464 2476 758 2540 exsistens,
821 2493 926 2532 non
977 2481 1044 2533 ab
1080 2481 1224 2534 omni
1286 2483 1360 2536 sit
1405 2487 1795 2554 compositione
1845 2487 2034 2540 libera.

464 2567 546 2618 Ad
577 2566 692 2621 haec
735 2583 918 2624 vocem
957 2567 1192 2626 Sanctus
1237 2573 1358 2628 sine
1413 2575 1520 2628 ulla
1569 2579 2036 2644 coagmentatione

467 2657 756 2724 prolatam,
786 2669 840 2713 et
875 2661 1022 2716 nullo
1050 2664 1273 2717 omnino
1303 2665 1408 2720 alio
1442 2666 1812 2723 intercedente
1841 2683 2037 2732 provo-

467 2747 689 2814 cabulo,
736 2750 978 2804 indicare
1023 2753 1348 2821 simplicem,
1395 2756 1618 2811 minime
1651 2760 2033 2825 compositum,

467 2839 824 2894 excellentem
855 2858 918 2897 ac
945 2855 1360 2900 sacrosanctum
1375 2849 1569 2903 divinae
1593 2858 1798 2904 natura:
1810 2861 2034 2919 statum,

471 2940 594 2978 cum
647 2929 791 2980 omni
849 2930 950 2982 alia
987 2944 1180 2986 natura
1218 2944 1272 2988 et
1304 2937 1654 2992 subsistentia
1686 2951 2031 3008 comparatae.

2135 1835 2408 1906 ἁγιασμοῦ
2443 1837 2536 1889 καὶ
2587 1838 2809 1903 οὐσίας,
2857 1838 2890 1891 ὅ
2923 1839 2984 1890 τὸ
3027 1839 3202 1891 διττὸν
3244 1840 3540 1891 αἰνίττεται
3596 1839 3706 1890 τῶν

2135 1929 2446 2000 πτερύγων,
2501 1929 2818 1998 συγκεῖσθαί
2873 1949 3035 2001 φασιο
3075 1932 3234 2002 δῆλον
3279 1934 3336 1985 δὲ
3391 1932 3465 1996 ὡς
3503 1935 3615 1986 καὶ
3671 1934 3705 2002 ὴ

2132 2019 2340 2073 τούτων
2378 2021 2578 2090 γνῶσις
2625 2022 2722 2091 τῆς
2767 2022 3047 2086 ὁλοτελοῦς
3089 2025 3186 2076 καὶ
3238 2025 3379 2094 ὑπὲρ
3427 2024 3705 2092 ἁπλότητα

2139 2111 2411 2178 γνώσεως,
2469 2112 2590 2182 ἥτις
2631 2114 2767 2185 μόνῃ
2825 2117 2892 2183 τῇ
2924 2114 3288 2186 δημιουργικῇ
3343 2115 3533 2186 Τριάδι
3600 2117 3704 2183 sq»

2135 2205 2398 2274 ώρισται,
2430 2204 2794 2275 ὲλαττουμένη
2838 2212 2934 2259 καὶ
2966 2206 3029 2260 τὸ
3050 2206 3238 2270 ἀτελὲς
3259 2207 3458 2277 ἔχουσα
3483 2208 3584 2260 οὐκ
3621 2207 3705 2277 εῐη

2137 2296 2316 2364 πάσης
2343 2294 2566 2364 διπλόης
2595 2297 2656 2348 τὸ
2691 2296 2981 2367 ἐλεύθερον
3024 2297 3240 2368 ἔχουσα,
3276 2297 3624 2368 Παραδηλοῦν
3649 2297 3706 2351 δὲ

2136 2387 2229 2438 καὶ
2285 2386 2452 2456 αὐτὴν
2485 2387 2530 2418 ³ο
2579 2387 2676 2458 τὴν
2733 2387 2897 2457 ἅγιος
2949 2391 3173 2458 φωνὴν,
3253 2390 3382 2443 ἄνευ
3433 2388 3706 2459 συνθήκης

2137 2479 2526 2549 προαγομένην
2544 2481 2637 2532 καὶ
2656 2480 2790 2550 μηδὲ
2819 2480 3247 2551 μεσολαϐοῦντος
3266 2483 3451 2552 ἑτέρου
3471 2483 3709 2553 προσρή-

2138 2585 2330 2639 ματος,
2358 2567 2420 2622 τὸ
2445 2569 2652 2623 ἁπλοῦν
2675 2571 2770 2624 καὶ
2801 2571 3096 2625 ἀσύνθετον
3129 2572 3222 2626 καὶ
3248 2572 3585 2644 ἐξῃρημένον
3613 2573 3706 2625 καὶ

2135 2659 2402 2730 ἀϐέϐηλον
2461 2664 2568 2731 τῆς
2636 2661 2789 2725 θείας
2841 2662 3056 2732 φύσεως
3107 2664 3245 2735 πρὸς
3297 2666 3482 2718 πᾶσαν
3539 2663 3707 2734 ἄλλην

2139 2753 2300 2820 φύσιν
2349 2769 2410 2804 τε
2463 2753 2560 2805 καὶ
2612 2753 2932 2806 ὑπόστασινο
2971 2754 3130 2808 τοῦτο
3173 2756 3231 2809 δὲ
3275 2755 3336 2808 τὸ
3365 2755 3556 2824 ἅγιος,
3599 2753 3708 2808 τῶν

2138 2843 2310 2910 ἁγίων
2353 2843 2684 2897 αἰνίττεσθαι
2713 2847 2772 2898 τὸ
2805 2846 3232 2918 ὑπεριδρυμένον
3257 2847 3354 2901 καὶ
3380 2846 3708 2918 ἀσύγκριτον

2138 2937 2275 3005 πρὸς
2302 2937 2481 2989 πᾶσαν
2510 2936 2678 3007 ἀλλην
2700 2937 3107 3009 ὀνομαζομένην
3131 2941 3397 3010 άγιότητα
3425 2955 3440 2970 °
3471 2942 3564 2993 καὶ
3597 2939 3706 3010 γὰρ

472 3013 606 3071 illud
635 3033 763 3073 vero
797 3017 1030 3076 Sanctus
1055 3036 1397 3092 sanctorum,
1429 3027 1690 3096 ejusmodi
1727 3033 2035 3102 signiﬁcare

2141 3028 2234 3078 καὶ
2264 3027 2378 3079 ὅσοι
2403 3027 2489 3080 διὰ
2519 3026 2579 3080 τὸ
2605 3030 2766 3080 Θείον
2795 3030 2940 3097 ἆγιοι
2970 3029 3238 3099 λέγονται,
3292 3031 3510 3101 βέϐηλοι
3535 3047 3596 3083 τε
3637 3032 3704 3084 ἂν

473 3111 915 3176 sanctimoniam,
977 3131 1098 3182 quae
1123 3118 1196 3171 sit
1233 3133 1396 3188 supra
1429 3136 1644 3176 onmem
1689 3124 1875 3189 aliam,
1920 3142 2040 3196 quin

474 3205 743 3258 nominari
807 3208 999 3274 possit,
1048 3209 1361 3266 collocata:
1395 3212 1726 3282 minimeque
1773 3230 1896 3270 cum
1950 3218 2038 3272 illa

474 3299 870 3362 componenda.
913 3297 1190 3368 Quotquot
1238 3301 1384 3355 enim
1416 3305 1484 3356 ob
1520 3303 1761 3360 divinam
1808 3310 2038 3376 gratiam

472 3387 648 3439 sancti
694 3385 970 3454 dicuntur,
1017 3391 1227 3457 profani
1273 3393 1476 3463 alioqui
1508 3406 1670 3465 atque
1702 3397 1898 3468 impuri
1930 3417 2042 3457 me-

477 3478 584 3532 rito
611 3478 850 3546 judicari
880 3493 1101 3550 queant,
1134 3486 1181 3538 si
1213 3501 1335 3539 cum
1367 3486 1480 3540 Deo
1509 3503 1925 3559 componantur.
1975 3495 2043 3550 Ut

473 3578 528 3622 et
551 3586 741 3626 omnes
773 3589 946 3641 reges,
997 3577 1163 3638 servi,
1206 3587 1260 3630 et
1284 3577 1619 3643 exsistentia,
1643 3598 1746 3635 non
1769 3584 2040 3638 exsisten-

477 3662 572 3724 tia,
599 3663 666 3716 ad
697 3679 820 3718 eum
846 3666 936 3734 qni
970 3683 1158 3722 revera
1185 3669 1634 3726 exsistitcollata.
1657 3674 2040 3730 Escelleutiam

477 3754 666 3821 igitur,
709 3765 769 3807 ut
810 3757 1014 3810 dictant
1052 3767 1154 3823 est,
1199 3775 1265 3814 ac
1291 3762 1570 3831 singulare
1597 3765 1756 3832 quid,
1789 3777 1843 3820 et
1879 3783 2041 3836 supra

477 3843 694 3911 reliqua:
723 3856 988 3900 creaturae
1005 3848 1268 3903 terminos
1315 3851 1382 3905 de
1411 3853 1520 3906 Deo
1574 3855 1784 3908 nuntiat
1820 3857 2040 3912 verbum

476 3934 602 3986 illud
624 3935 875 3989 Sanctus.
902 3939 1162 3992 Sanctum
1181 3941 1326 3995 enim
1355 3943 1441 3996 hic
1473 3944 1645 4010 dicas,
1679 3961 1788 3999 non
1805 3948 1944 4014 quod
1975 3948 2044 4002 ab

472 4027 616 4080 omni
643 4028 823 4092 sorde,
858 4045 976 4097 quae
1001 4046 1194 4100 corpus
1235 4045 1330 4089 aut.
1355 4037 1591 4090 animam
1629 4039 1892 4107 inquinat,
1943 4056 2042 4110 pu-

477 4134 595 4172 rum
626 4130 746 4187 est;
783 4135 1146 4190 nequaquam.
1187 4125 1444 4190 Quzenam
1477 4129 1620 4182 enim
1659 4131 1747 4183 illa
1772 4130 1868 4186 Dei
1902 4134 2040 4200 laus,

473 4219 566 4266 aut
594 4214 771 4284 potius
809 4217 1086 4285 quomodo
1123 4234 1227 4272 non
1263 4230 1506 4275 extrema
1550 4221 1668 4290 ejus
1713 4225 2042 4294 vituperatio

473 4304 564 4367 sit,
602 4304 645 4358 si
680 4305 731 4360 id
766 4306 1096 4362 laudationis
1122 4309 1240 4364 loco
1280 4323 1597 4382 usurpatur,
1631 4317 1774 4385 quod
1798 4316 1939 4372 Deus
1971 4321 2038 4372 ab

2142 3122 2459 3193 κριθείησαν
2510 3124 2606 3176 καὶ
2657 3121 2956 3192 ἀκάθαρτοι
3015 3122 3488 3193 παραϐαλλόμενοι
3543 3120 3703 3190 Θεῷ,

2141 3213 2328 3286 ὥσπερ
2362 3218 2455 3268 καὶ
2483 3217 2684 3278 πάντες
2717 3216 2766 3267 οἱ
2803 3215 3039 3278 βασιλεῖς
3082 3214 3284 3279 δοῦλοι,
3336 3215 3433 3266 καὶ
3469 3214 3544 3283 μὴ
3576 3213 3702 3266 ὄντα

2140 3306 2208 3359 τὰ
2240 3307 2370 3358 ὄντα
2397 3306 2533 3377 πρὸς
2562 3307 2651 3359 τὸν
2672 3307 2840 3369 ὅντως
2872 3306 3002 3359 ὄντα
3033 3305 3416 3375 ἐξεταζόμενα.
3449 3305 3522 3356 Τὸ
3556 3303 3700 3368 ἐξαί-

2145 3411 2298 3466 ρετον
2343 3396 2541 3459 τοίνυν,
2599 3396 2676 3458 ὡς
2725 3397 2962 3467 εἴρηται,
3024 3397 3120 3448 καὶ
3179 3395 3562 3466 μεμονωμένον
3612 3396 3706 3447 καὶ

2141 3487 2322 3556 πάσης
2339 3488 2503 3556 ἄλλης
2525 3487 2816 3557 ὑπερόριον
2837 3487 3051 3556 φύσεως
3077 3487 3171 3540 ἐπὶ
3197 3487 3333 3540 Θεοῦ
3351 3485 3710 3556 καταγγέλλει

2140 3579 2204 3630 τὸ
2258 3576 2446 3646 ἅγιος.
2512 3576 2639 3648 [608
2686 3577 2781 3649 R.]
2817 3579 3006 3646 ’Ἂγιον
3058 3579 3169 3649 γὰρ
3221 3579 3452 3634 ἐνταῦθα
3501 3579 3621 3657 ούχὶ
3649 3577 3712 3630 τὸ

2145 3667 2316 3738 ῥύπου
2375 3667 2518 3731 τινὸς
2569 3669 2814 3740 καθαρὸν
2863 3667 3002 3724 εἶναι
3033 3672 3124 3725 διὰ
3169 3671 3418 3741 σώματος
3462 3672 3495 3742 ἢ
3536 3670 3711 3740 ψυχῆς

2141 3759 2508 3823 διαϐαίνοντος
2527 3777 2539 3789 °
2559 3761 2762 3828 ἄπαγε·
2797 3761 2899 3814 ποῦ
2918 3763 3026 3835 γὰρ
3041 3763 3314 3832 ἐγκώμιον
3332 3763 3488 3827 Θεοῦ,
3511 3763 3710 3833 μᾶλλον

2143 3849 2200 3903 δὲ
2226 3850 2343 3913 πῶς
2377 3851 2478 3905 οὐκ
2511 3852 2735 3920 ἔσχατος
2765 3852 2930 3922 ψόγος
2953 3857 3032 3918 είς
3065 3855 3234 3925 ῦμνον
3260 3854 3713 3925 παραλαμϐάνειν

2142 3941 2204 3995 τὸ
2252 3942 2443 3995 παθῶν
2485 3943 2834 4013 ἀπηλλάχθαι
2880 3946 2941 3999 τὸ
2982 3947 3135 4000 Θεῖον
3162 3947 3343 4015 λέγειν
3371 3947 3478 3999 τῶν
3509 3945 3710 4016 ἡμιτέ-

2145 4051 2288 4106 ρων;
2323 4035 2460 4089 ἀλλὰ
2487 4037 2551 4090 τὸ
2581 4039 2966 4108 ἀφωρισμένον
2992 4040 3086 4091 καὶ
3131 4038 3564 4110 ύπεριδρυμένον
3603 4038 3711 4090 τῶν

2144 4129 2322 4190 ἄλλων
2345 4131 2602 4184 ἁπάντων
2629 4133 2725 4184 καὶ
2744 4133 3172 4202 ἀνακεχωρηκὸς
3199 4134 3448 4202 ἁνυμνεῖ.
3477 4133 3713 4203 Σύνηθες

2144 4220 2200 4272 δὲ
2225 4223 2292 4291 τῇ
2332 4220 2456 4291 θείᾳ.
2477 4223 2666 4292 Γραφῇ
2710 4224 2771 4275 τὸ
2816 4224 3056 4276 τοιοῦτον
3090 4229 3187 4295 τῆς
3218 4225 3416 4291 λέξεως
3448 4225 3711 4292 σημαινό-
3745 4242 3752 4249 ·

2146 4329 2330 4381 μενον,
2378 4312 2455 4374 ὼς
2505 4314 2608 4376 τὸ,
2657 4312 2786 4370 Πᾶν
2818 4316 2862 4347 ³¹
2916 4315 3108 4385 ἄρσεν
3142 4317 3446 4386 διανοῖγον
3475 4317 3715 4386 μήτραν

473 4395 851 4451 ιιίΐεριὶοιιὶὺιιδ
882 4402 1086 4454 nostris
1118 4401 1252 4455 liber
1281 4404 1553 4459 exsistat?
1598 4407 1706 4461 Sed
1733 4407 2037 4462 distinctam

2147 4404 2322 4472 ἅγιον
2357 4402 2437 4469 τῷ
2455 4407 2651 4473 Κυρίῳ
2683 4409 3075 4474 κληθήσεται,
3098 4409 3378 4462 τουτέστιν
3401 4409 3715 4479 ἀφωρισμέ-

473 4486 483 4554 |
515 4486 606 4540 Dei
625 4498 871 4541 naturam
903 4504 1009 4543 vox
1039 4488 1170 4561 illa]
1195 4504 1252 4546 et
1274 4493 1485 4546 caeteris
1505 4495 1760 4549 omnibus
1795 4499 2041 4552 antecel-

471 4586 695 4638 lentem.
745 4590 909 4648 atque
965 4583 1032 4635 ab
1067 4582 1134 4635 iis
1173 4584 1478 4652 sejunctam
1514 4587 1796 4655 praedicat.
1855 4589 2043 4659 Neque

473 4681 602 4721 vero
631 4668 848 4723 insolita
875 4670 1048 4724 sacris
1064 4671 1280 4727 Litteris
1303 4674 1569 4744 ejusmodi
1610 4677 1768 4745 hujus
1793 4683 2042 4736 vocabuli

474 4760 820 4829 signiﬁcatio,
871 4771 932 4817 ut
981 4764 1052 4818 ibi
1089 4781 1106 4818 :
1141 4764 1306 4821 Omne
1352 4769 1703 4824 utasculiuam
1733 4773 2041 4841 adaperiam:

394 4843 396 4847 ’
474 4849 699 4914 vulvam,
734 4863 973 4907 sanctum
996 4854 1590 4932 Dominoluosabiturfﬁ
1637 4865 1738 4918 hoc
1761 4874 1866 4931 est,
1903 4867 2044 4922 sele-

471 4949 642 4993 ctum.
683 4941 749 4995 Et
775 4959 988 4998 rursum
1017 4945 1268 5004 Judicum
1307 4949 1450 5005 libro
1479 4969 1492 5005 :
1525 4949 1710 5007 Parias
1747 4954 1942 5023 ﬁlium,
1997 4967 2045 5010 et

2148 4513 2266 4548 νον.
2295 4497 2406 4550 Καὶ
2441 4497 2606 4550 πάλιν
2639 4500 2704 4550 ὲν
2730 4503 2841 4563 τοῖς
2872 4502 3103 4571 Κριταίς
3131 4501 3200 4532 ³¹ο
3247 4500 3394 4568 Τέεῃ
3434 4503 3589 4562 υὶόν.
3616 4499 3714 4554 καὶ

2147 4589 2260 4640 οὐκ
2297 4588 2667 4652 ἀναϐήσεται
2695 4591 2946 4658 σίδηρος
2991 4593 3089 4645 ἐπὶ
3127 4592 3244 4659 τὴν
3291 4592 3572 4662 κεφαλὴν
3618 4593 3715 4644 αὐτ

2145 4678 2274 4744 τοῦ,
2301 4679 2392 4732 ὅτι
2411 4681 2785 4749 ἡγιασμένον
2811 4683 2943 4736 ἐστὶ
2967 4686 3030 4736 τὸ
3061 4684 3399 4750 παιδάριον,
3420 4685 3516 4737 καὶ
3548 4683 3716 4754 μυρία

2145 4768 2302 4824 ἄλλα.
2341 4770 2495 4824 Οῦτω
2553 4772 2619 4843 δὴ
2663 4775 2760 4826 καὶ
2810 4774 3134 4842 ἀγιάζεσθαι
3180 4776 3271 4828 τὸν
3316 4775 3484 4828 τόπον
3527 4775 3561 4844 ἢ
3623 4774 3717 4827 τὸν

2150 4863 2378 4934 ἀρτονῆ
2418 4865 2513 4917 τὸν
2557 4861 2718 4930 οἶνον,
2767 4866 2805 4920 ἃ.
2834 4867 2914 4936 τῷ
2951 4867 3072 4938 Θεῷ
3116 4885 3300 4939 φαμεν
3361 4867 3714 4940 ἀφορίζεσθαι

2151 4952 2408 5023 καὶπρὸς
2434 4954 2706 5025 μηδεμίαν
2737 4959 2922 5027 κοινὴν
2947 4959 3320 5030 ὑποφέρεσθαι
3357 4961 3573 5031 χρῆσιν.

476 5049 580 5086 non
619 5033 860 5088 ascendet
886 5036 1084 5105 ferrum
1110 5056 1267 5108 super
1293 5053 1448 5112 caput
1475 5046 1608 5111 ejus,
1645 5046 1770 5114 quia
1808 5048 2173 5116 sanctiﬁcata:
2214 5045 2352 5113 (47⁸)
2397 5057 2474 5100 εει
2509 5063 2655 5116 puer.
2694 5051 2922 5121 Aliaque
2949 5063 3226 5109 sexcenta.
3268 5051 3362 5108 Sic
3405 5068 3540 5110 sane
3593 5068 3716 5109 san-

543 5211 592 5245 ⁸⁵
627 5211 731 5266 lsa.
772 5227 846 5276 vi,
879 5211 916 5265 ‘2
950 5227 1106 5282 seqq.

1183 5212 1228 5243 “
1288 5210 1445 5264 Num.
1478 5227 1596 5273 vm,
1633 5211 1734 5278 16;
1783 5211 1914 5266 Luc.
1951 5229 2011 5279 ιι,
2052 5213 2144 5270 25.

1743 5323 1977 5380 νΑιιιΑε
2014 5325 2416 5384 LECTIONES.
2463 5303 2468 5307 ’

546 5420 591 5451 ³³
615 5417 717 5488 τὴν
749 5417 830 5490 ἐν]
879 5417 985 5473 Isa.
1051 5432 1128 5481 νι,
1163 5417 1220 5470 2.
1296 5416 1340 5447 ³ο
1367 5415 1538 5488 αὐτὴν
1589 5417 1710 5471 add.
1736 5419 1802 5470 A.
1877 5418 1920 5449 ³¹
1945 5417 2077 5492 πᾶν]
2131 5419 2262 5474 Luc.
2295 5435 2356 5483 ιι,
2385 5419 2477 5476 25.
2556 5423 2601 5454 ³’
2633 5421 2885 5493 Κριταῖς]
2951 5423 3038 5488 15,
3062 5423 3114 5477 5.

1987 5509 2218 5565 ΝΟΤΑΞ.

553 5605 687 5674 (47⁸)
725 5603 901 5659 Judic.
933 5621 1053 5670 xm,
1086 5606 1140 5680 fi.
1178 5607 1254 5680 _l_n
1304 5603 1460 5672 Vulg.
1495 5601 1719 5680 ctiﬂix
1750 5602 2050 5660 .Vazaneus
2081 5605 2315 5677 legitur:
2351 5625 2472 5680 qua:
2513 5626 2614 5666 vox
2643 5608 2888 5667 llebraris
2927 5621 3186 5675 sanctum,
3220 5609 3304 5666 vel
3325 5608 3708 5676 sanctiﬁcatum

485 5673 773 5745 signiﬁcat,
803 5687 860 5730 ut
913 5680 1051 5745 apud
1085 5676 1142 5732 Β.
1176 5675 1486 5742 Hieronym.
1525 5673 1728 5727 videas.
