4030 6248
395 250 502 315 709

1426 258 1958 322 BIBLIOTHECA.
1998 285 2070 299 -
2103 262 2269 324 COD.
2302 263 2584 325 CCXXII.

3550 275 3659 341 ’ΠΟ

393 368 593 424 tilicari
629 367 827 436 locum,
858 370 940 424 γε’
972 384 1185 440 panem,
1245 371 1325 426 vel
1357 373 1539 429 vinum
1568 377 1820 442 dicimus,
1854 392 1973 447 quae
2002 380 2110 435 Deo
2141 390 2523 448 secernuntur,
2546 387 2599 435 et
2626 380 2692 433 ad
2720 379 2927 436 nullum
2983 394 3328 441 communem
3382 400 3538 444 usum
3573 406 3660 447 re-

393 461 665 518 feruntur.

468 554 558 614 Εἰς
622 553 806 606 πίστιν
856 552 917 606 δὲ
971 553 1242 624 παράγειν
1290 556 1610 627 ἐπιχειρεῖ,
1664 559 1858 629 ὂτιτερ
1926 562 1969 612 al

2157 557 2341 613 Fidem
2382 572 2513 612 vero
2535 567 2594 611 ut
2628 556 2792 612 faciat
2814 559 2899 614 his
2938 559 3105 631 (quod
3140 563 3382 618 materiae
3406 574 3659 634 expertes

394 644 551 699 ἄῢλοι
613 644 873 714 δυνάμεις
927 645 1126 709 ὑλικῶς
1187 649 1301 711 τοῖς
1368 646 1580 716 ήλικοῐς
1633 648 1703 700 τὰ
1766 648 1975 703 ἄνωθεν

390 734 885 805 διαπορθμεύουσι,
927 736 1029 805 τὴν
1078 735 1270 787 λαὸίδα
1297 735 1363 799 ³⁸,
1394 736 1461 806 ἣν
1491 735 1549 790 ἓν
1576 737 1687 789 τῶν
1721 737 1975 808 Σεραφὶμ

395 827 536 899 πρὸς
564 826 655 880 τὸν
699 829 987 897 προφήτην
1034 826 1495 898 ἀποστελλόμενοι)
1534 828 1696 899 ἔφερε
1717 871 1732 895 ,
1765 829 1856 882 τὸν
1888 830 1975 883 ἄν·

396 922 581 993 θρακα
609 919 904 990 φέρουσαν.
927 920 1095 991 Δῆλον
1122 920 1230 993 γὰρ
1262 922 1337 986 ὡς
1373 923 1431 974 ἐν
1478 926 1811 993 σωματικοῖς
1834 939 1975 994 συμ-

396 1012 578 1077 ϐόλοις
599 1013 908 1082 ἀσωμάτων
932 1012 1097 1065 τινῶν
1123 1015 1219 1066 καὶ
1251 1013 1457 1084 νοητῶν
1488 1016 1523 1086 ἡ
1544 1016 1837 1085 ἀσώματος
1869 1014 1963 1068 δύ-

392 1121 559 1175 ναμις
597 1103 864 1174 ὑπεδήλου
890 1101 968 1174 τῷ
1002 1106 1258 1176 προφήτῃ
1280 1108 1576 1175 μυστήρια,
1612 1106 1975 1177 διδασκούσης

392 1198 544 1269 ἡμᾶς
579 1197 677 1265 τῆς
712 1196 864 1265 ἱερᾶς
892 1195 1115 1266 Γραφῆς
1148 1196 1249 1260 ὅτι,
1284 1195 1536 1266 καθάπερ
1558 1196 1659 1248 οὐκ
1682 1195 1827 1248 ἐστιν
1843 1194 1972 1249 ἄνευ

396 1288 696 1360 μεσότητος
740 1284 865 1340 οὔτε
938 1286 1074 1358 ὕλης
1130 1286 1448 1358 παχυτέρας
1499 1286 1592 1340 τοῦ
1649 1287 1823 1360 πυρὸς
1871 1286 1972 1340 λα-

393 1380 608 1443 ϐέσθαι,
643 1376 786 1432 οὕτω
824 1380 919 1431 καὶ
951 1378 1058 1431 τῶν
1096 1377 1259 1432 θείων
1290 1378 1443 1432 οὐδὲν
1472 1378 1587 1432 ἔστι
1619 1378 1801 1432 λαϐεῖν
1839 1380 1969 1434 ἄνευ

397 1471 683 1543 συμϐόλων
713 1470 916 1523 ὑλικῶν
941 1470 1037 1523 καὶ
1059 1470 1107 1501 ³⁵
1134 1469 1460 1541 προσφόρων
1493 1473 1603 1534 τοῖς
1637 1471 1967 1541 δεχομένοις.

399 1561 558 1615 Ἐστι
581 1561 637 1615 δὲ
665 1563 763 1614 καὶ
789 1563 822 1631 ἡ
851 1560 1007 1621 λαϐὶς
1045 1558 1173 1630 [514
1196 1556 1291 1629 IL]
1311 1558 1559 1611 τυποῦσα
1581 1558 1678 1629 τὴν
1700 1560 1831 1629 ὕλην
1861 1560 1970 1613 ὦσ-

395 1669 505 1724 περ
519 1655 547 1706 ό
564 1653 766 1723 ἄνθραξ
786 1652 846 1706 τὸ
863 1651 1004 1705 θεῖον
1025 1668 1038 1680 ·
1066 1652 1129 1704 '0
1158 1650 1268 1719 γὰρ
1280 1653 1324 1685 ³⁸
1346 1652 1489 1719 Θεὸς
1502 1650 1674 1720 ἡμῶν
1695 1652 1816 1721 πῦρ
1832 1668 1970 1705 κατ-

393 1746 752 1798 αναλίσκον*
778 1744 872 1798 καὶ
904 1784 919 1806 ,
957 1743 1033 1798 Τὰ
1054 1745 1229 1811 λόγια
1249 1743 1293 1775 ³⁸
1311 1743 1533 1813 Κυρίου
1553 1743 1966 1812 πεπυρωμένα.

396 1838 509 1892 Καὶ
546 1836 682 1907 αὐτὴ
732 1835 792 1889 δὲ
822 1838 857 1906 ή
892 1836 1044 1905 φωνὴ
1091 1835 1192 1904 τῆς
1233 1834 1451 1899 λαϐίδος
1478 1837 1578 1907 τὴν
1617 1836 1761 1907 ἁφὴν
1785 1836 1968 1903 ἀπαγ-

2083 652 2306 721 spiritus
2337 650 2696 705 materialiter
2739 652 2893 706 nobis
2935 654 3237 708 materiatis
3268 670 3357 723 res
3401 658 3656 715 ctelestes

2081 742 2353 811 atteram),
2380 743 2636 813 forcipem
2669 745 2815 798 illam
2854 745 3126 801 adducere
3155 749 3329 816 pergit
3358 749 3425 811 δ’,
3483 766 3647 819 quant

2083 847 2220 887 unus
2250 848 2281 887 e
2303 832 2589 902 Serapbim
2623 835 2688 887 ad
2724 835 3038 903 prophetam
3073 835 3272 890 missus
3292 837 3495 902 attulit,
3525 853 3652 893 ear-

2081 920 2273 974 honem
2304 921 2662 991 complexam.
2696 923 2877 976 Palam
2911 925 3056 979 enim
3087 936 3169 979 est
3187 929 3570 995 corporalibus
3596 929 3651 983 in

2082 1009 2341 1079 symbolis
2383 1011 2757 1081 ineorpoream
2804 1014 2949 1068 illam
3019 1026 3346 1085 potestatem
3395 1019 3653 1089 incorpo-

2081 1118 2297 1157 reorum
2327 1105 2688 1172 quorumdam
2750 1116 2912 1175 atque
2948 1108 3364 1177 intelligibilium
3390 1114 3651 1180 mysteria

2078 1192 2386 1263 signiﬁcare
2431 1195 2571 1258 apud
2613 1197 2931 1266 prophetam
2978 1198 3239 1277 voluisse,
3282 1202 3513 1258 docente
3551 1204 3656 1258 nios

2078 1298 2233 1339 sacra
2300 1284 2586 1355 Scriptura
2619 1305 2636 1343 :
2669 1291 3123 1358 quemadmodum
3166 1294 3283 1347 sine
3330 1295 3654 1351 intermedio

2078 1378 2280 1448 aliquo,
2325 1388 2380 1432 et
2425 1381 2630 1446 absque
2659 1382 2927 1436 crassiore
2965 1383 3191 1435 materia
3221 1384 3359 1451 ignis
3399 1385 3516 1455 capi
3544 1401 3653 1439 non

2079 1479 2252 1540 potest
2285 1489 2298 1524 :
2334 1471 2412 1524 sic
2470 1487 2568 1524 uer
2618 1488 2799 1525 rerum
2843 1473 3146 1527 divinarum
3196 1474 3487 1542 quidquam
3529 1491 3673 1545 perm

2078 1561 2182 1630 cipi
2215 1576 2373 1631 posse
2405 1562 2521 1615 sine
2572 1563 2943 1617 materialibus
2991 1565 3271 1634 symbolis,
3331 1567 3651 1636 ceterisque

2079 1652 2259 1718 rebus,
2283 1653 2349 1707 iis
2381 1653 2472 1721 qui
2502 1654 2837 1721 susciperent
2859 1656 3300 1711 accommodatis.
3343 1656 3438 1711 Est
3469 1668 3650 1714 autem

2078 1742 2291 1812 forceps
2314 1744 2599 1797 materiam
2631 1744 2941 1816 designans,
2975 1747 3174 1817 191a
3198 1750 3650 1817 quemadmodum

2077 1845 2129 1890 et
2151 1835 2316 1891 carbo
2356 1838 2598 1892 divinum
2630 1855 2827 1894 numen
2856 1842 3099 1895 denotat.
3150 1842 3285 1895 Deus
3313 1844 3449 1896 enim
3476 1853 3651 1896 noster

397 1927 598 1997 γέλλει,
619 1928 740 1998 ἥτις
790 1926 1031 1998 δηλονότι
1065 1927 1157 1981 ἐπὶ
1197 1927 1377 1997 μόνων
1413 1928 1608 1999 ὁρᾶται
1631 1927 1740 1981 τῶν
1771 1927 1965 1998 αἰσθη-

2073 1926 2210 1994 ignis
2260 1942 2569 1981 consumens
2622 1938 2697 1981 est
2729 1927 2800 1984 ⁸⁸.
2860 1928 2968 1982 Ει;
3007 1931 3235 2000 Eloquia
3284 1931 3491 1986 [lumini
3531 1931 3652 2002 igne

394 2019 525 2075 τῶν.
558 2020 719 2083 Ἴσως
749 2018 806 2072 δὲ
847 2019 940 2071 καὶ
981 2018 1079 2088 τὴν
1113 2018 1257 2091 ὑπὲρ
1309 2018 1469 2089 ήμῶν
1516 2019 1831 2089 οἰκονομίαν
1875 2017 1970 2072 τοῦ

393 2113 568 2183 Λόγου
598 2113 1075 2184 αἰνιγματίζεσθαι
1102 2112 1189 2165 διὰ
1218 2113 1326 2164 τῶν
1346 2113 1656 2182 εἰρημένων
1686 2112 1971 2182 συμϐόλων

395 2207 562 2274 φάναι
597 2204 749 2257 οὐδὲν
794 2204 1057 2267 ἁπεικός’
1104 2203 1164 2257 τὸ
1206 2203 1314 2275 γὰρ
1362 2203 1502 2257 θεῖον
1544 2203 1657 2274 πῦρ
1703 2203 1972 2274 παχύτητι

393 2295 496 2366 τῆς
523 2294 819 2364 καθ’ἡμᾶς
855 2296 1059 2366 σαρκὸς
1091 2294 1512 2365 προσωμίλησεν
1550 2296 1702 2365 ἡμῖν.
1737 2294 1970 2347 Δυνατὺν

393 2386 453 2440 δέ
498 2404 631 2458 φησι
663 2386 760 2439 καὶ
785 2386 884 2457 τὴν
914 2387 1010 2456 μὲν
1058 2383 1251 2438 λαϐίδα
1284 2385 1383 2456 τὴν
1419 2385 1649 2457 νομικὴν
1687 2384 1971 2449 εἰκονίζειν

396 2478 576 2540 σκιὰν,
598 2477 689 2531 τὸν
709 2477 956 2549 ἄνθρακα
978 2478 1033 2530 δὲ
1050 2476 1150 2547 τὴν
1164 2478 1310 2530 Νέαν
1325 2478 1622 2549 Διαθήκηνο
1649 2480 1740 2530 καὶ
1759 2478 1867 2548 γὰρ
1882 2477 1971 2530 διὰ

391 2568 502 2621 τῶν
528 2569 815 2637 συμϐόλων
863 2567 971 2623 τῶν
998 2569 1236 2638 νομικῶν
1269 2569 1337 2622 τὰ
1373 2571 1473 2639 τῆς
1517 2570 1660 2633 Νέας
1696 2570 1970 2640 μυστήρια

393 2659 844 2732 παραδηλοῦσθαί
890 2678 948 2712 τε
998 2661 1094 2714 καὶ
1151 2663 1266 2725 τοῖς
1309 2661 1618 2730 εὐγνώμοσι
1666 2660 1970 2732 παραδίδο-

393 2749 543 2806 σθαι.
595 2752 757 2821 Λέγει
798 2752 855 2804 δὲ
883 2752 1096 2806 καὶτοῦ
1130 2753 1412 2824 Κυριακοῦ
1463 2751 1714 2823 σώματος
1751 2754 1843 2806 ἐπὶ
1872 2753 1970 2823 τῆς

391 2841 549 2914 ἰερᾶς
604 2841 889 2915 τραπέζης
936 2843 1293 2915 προτεθέντος
1338 2844 1427 2899 διὰ
1469 2845 1627 2898 τοῦτο
1662 2845 1791 2907 τοὺς
1837 2844 1967 2915 παρ’

390 2934 630 3006 ἑκάτερα
654 2934 764 2989 τῶν
781 2937 854 2990 ’τὰ
886 2937 1009 3007 ἱερὰ
1028 2937 1489 3007 ὑπηρετουμένων
1505 2937 1721 3009 ῥιπίδας
1751 2938 1969 3008 πτερῶν

392 3026 776 3096 πεποιημένας
803 3029 919 3091 τοῖς
959 3028 1345 3099 προκειμένοις
1391 3032 1640 3098 φρικτοϊς
1680 3031 1965 3092 ὲπικινεῖν,

390 3117 503 3171 τῶν
523 3116 918 3191 ἐξαπτερύγων
951 3120 1219 3191 φέροντας
1250 3118 1516 3190 σύμϐολα,
1545 3119 1619 3182 ὡς
1655 3120 1721 3174 ἂν
1740 3122 1813 3192 μὴ
1838 3120 1969 3174 ἐῶσι

388 3208 517 3271 τοὺς
551 3208 906 3278 τελουμένους
930 3211 1045 3273 τοῖς
1073 3209 1374 3280 ὁρωμένοις
1409 3211 1788 3281 ὲναπομένειν,
1831 3212 1968 3266 ἀλλὰ

391 3302 597 3366 παντὸς
674 3300 947 3366 προσῦλου
1026 3301 1284 3371 ὑπεράνω
1356 3302 1680 3372 γενομένους
1755 3305 1968 3372 νοεροῖς

391 3392 693 3461 ὀφθαλμοῖς
716 3391 804 3446 διὰ
843 3391 955 3447 τῶν
996 3395 1292 3465 ὁρωμένων
1320 3395 1414 3447 ἐπὶ
1452 3395 1554 3465 τὴν
1580 3394 1811 3465 ἀόρατον
1841 3394 1971 3449 θέαν

391 3484 488 3537 καὶ
513 3484 574 3537 τδ
620 3486 902 3558 ἀμήχανον
934 3486 1111 3539 ἐκεῖνο
1139 3485 1185 3518 ³⁷
1219 3484 1415 3549 κάλλος
1460 3486 1970 3557 παρασκευάζουσιν

393 3574 749 3646 ἀναδραμεῖν.
792 3577 903 3630 Καὶ
949 3578 1056 3648 γὰρ
1103 3578 1202 3631 καὶ
1231 3578 1560 3647 σωματικῶς
1603 3578 1682 3650 τῷ
1724 3579 1968 3650 Δεσπότῃ

393 3665 632 3735 παρόντι
673 3665 827 3736 φόϐῳ
854 3666 948 3720 καὶ
969 3666 1160 3737 τρόμῳ
1188 3667 1258 3719 τὰ
1284 3666 1537 3737 Σεραφίμ
1560 3667 1822 3737 ὑπηρέτει
1856 3684 1871 3699 ο
1905 3661 1969 3722 οὗ

389 3752 539 3819 τίνος
563 3755 731 3824 φόϐου
764 3756 858 3809 καὶ
887 3755 1093 3827 τρόμου
1124 3756 1355 3826 αἴνιγμα
1381 3751 1520 3811 εἰναι
1560 3757 1652 3811 καὶ
1681 3757 1780 3827 τὴν
1813 3773 1971 3823 γενο-

392 3844 565 3917 μένην
602 3846 690 3900 διὰ
717 3847 828 3901 τῶν
862 3847 1082 3919 πτερῶν
1109 3847 1344 3916 κίνησιν,
1384 3848 1454 3919 ἢν
1503 3848 1564 3901 τὸ
1597 3847 1972 3920 ὑπηρετούμε-

390 3954 484 3991 νον
504 3939 734 4007 ἐνεργεῖ.
769 3939 832 3992 Εἰ
864 3939 921 3992 δὲ
946 3939 1015 3993 τὰ
1044 3939 1296 4009 Σεραφὶμ
1339 3937 1713 4009 ὑπηρετοῦντα
1743 3937 1966 4008 δηλοῦν-

384 4042 484 4080 ται
517 4024 565 4060 ⁸³
602 4028 696 4080 καὶ
731 4028 1069 4097 σαρκωθέντι
1098 4028 1177 4100 τῷ
1210 4027 1388 4099 Λόγῳ,
1442 4029 1536 4081 καὶ
1560 4029 1714 4081 οὐδὲν
1752 4029 1844 4082 διὰ
1871 4028 1969 4100 τὴν

390 4119 546 4175 κάτω
582 4117 680 4172 τοῦ
709 4119 884 4188 Λόγου
927 4121 1203 4192 διαγωγὴν
1235 4123 1335 4191 τῆς
1375 4121 1486 4174 ἄνω
1518 4121 1818 4191 καθυφίησι
1850 4121 1970 4174 δου-

390 4209 562 4275 λείας,
594 4211 837 4282 δηλονότι
864 4213 957 4265 καί.
985 4213 1019 4284 ἡ
1046 4211 1182 4285 ἄλλη
1211 4214 1320 4266 τῶν
1344 4214 1650 4284 ἀσωμάτων
1664 4212 1966 4284 διακόσμη-

393 4319 480 4367 σις
514 4303 652 4357 γόων
700 4303 791 4357 τὸν
830 4304 972 4374 μετὰ
1027 4305 1230 4373 σαρκὸς
1282 4303 1694 4374 παραγεγονότα
1739 4301 1969 4374 λατρεύ-

389 4412 526 4449 ουσα
571 4394 916 4466 προσεκύνει.
951 4393 1077 4466 [609
1100 4393 1195 4467 8.]
1237 4394 1304 4448 Ἦ
1331 4395 1441 4465 γὰρ
1485 4397 1543 4448 ἐν
1569 4394 1781 4456 τούτοις
1818 4410 1971 4465 πρω-

2074 2017 2379 2070 exanimata
2409 2017 2477 2071 ".
2519 2018 2649 2088 llpsa
2710 2032 2927 2088 quoque
2987 2035 3088 2074 vox
3156 2021 3381 2090 forcipis
3440 2031 3647 2076 tactum

2073 2107 2366 2177 signiﬁcat,
2408 2110 2500 2178 qui
2535 2110 2750 2165 scilicet
2774 2111 2826 2164 in
2865 2112 2996 2167 solis
3029 2123 3251 2180 apparet
3278 2114 3645 2169 seusibilibus.

2072 2196 2326 2253 Fortasse
2351 2214 2476 2252 vero
2523 2210 2579 2253 et
2604 2199 2766 2254 Verbi
2793 2202 3243 2268 incarnationem,
3284 2203 3455 2257 nostri
3482 2217 3647 2258 causa

2072 2288 2292 2351 factam,
2327 2290 2558 2344 obscure
2608 2291 2878 2360 designari
2914 2294 3187 2360 praedictis
3234 2294 3497 2364 symbolis
3518 2309 3645 2364 pro-

2072 2381 2327 2435 babiliter
2351 2382 2585 2435 dicatur.
2623 2383 2771 2451 ignis
2804 2384 2949 2436 enim
2974 2385 3211 2451 divinus,
3245 2386 3430 2443 carnis
3449 2397 3647 2441 nostrae
3753 2407 3755 2409 ί

2073 2474 2323 2528 crassitie
2372 2473 2725 2546 [interiecta]
2780 2474 3063 2531 nobiscum
3133 2487 3483 2534 conversatus
3537 2490 3643 2535 est.

2071 2564 2213 2619 Fieri
2254 2566 2415 2618 etiam
2447 2573 2644 2636 potest,
2679 2567 2774 2631 ait,
2817 2576 2874 2618 ut
2908 2568 3125 2637 forceps
3148 2568 3373 2634 legalem
3394 2571 3643 2625 umbram

2072 2655 2335 2722 designet,
2369 2656 2533 2708 carbo
2560 2670 2688 2707 vero
2711 2654 2917 2708 Novum
2950 2656 3376 2723 Testamentum,
3405 2673 3525 2712 cum
3552 2673 3649 2728 per

2068 2745 2260 2813 Iegalia
2286 2745 2524 2816 symbola
2546 2745 2678 2799 Novi
2710 2746 2966 2816 mysteria
3000 2745 3331 2802 Testamenti
3358 2751 3619 2806 ostendan

2071 2843 2181 2901 tur,
2219 2849 2283 2890 ac
2306 2835 2443 2890 bene
2469 2836 2834 2893 sentientibus
2866 2839 3168 2893 tradantur.
3201 2839 3368 2895 Addit
3388 2842 3643 2912 insuper:

2068 2925 2200 2982 Cum
2237 2942 2434 2996 corpus
2457 2927 2796 2981 Dominienm
2831 2928 2884 2981 in
2907 2942 3061 2983 sacra
3087 2944 3273 2985 mensa
3308 2933 3644 3000 propositum

2068 3029 2174 3084 est,
2216 3018 2338 3075 ideo
2374 3018 2465 3088 qui
2508 3020 2577 3073 ab
2608 3028 2837 3088 utroque
2880 3019 3049 3074 latere
3075 3022 3248 3077 sacris
3291 3025 3647 3092 operantibus

2068 3108 2323 3182 [astant]
2362 3111 2415 3163 in
2440 3123 2626 3164 eorum
2657 3124 2778 3178 mne
2802 3124 2895 3165 sex
2929 3111 3044 3166 alas
3070 3121 3285 3183 gestant
3312 3116 3643 3185 symbolum,

2071 3201 2317 3255 confecta
2376 3216 2442 3254 ex
2486 3201 2588 3255 alis
2622 3200 2831 3257 ﬂabella
2863 3201 2975 3273 (48)
3003 3217 3164 3271 supra
3197 3205 3377 3258 oblata
3404 3205 3477 3259 ihi
3515 3206 3643 3261 bor-

2068 3289 2241 3344 renda
2275 3291 2532 3360 mysteria
2556 3293 2785 3360 agitare,
2806 3300 2865 3345 ut
2910 3307 2979 3346 ne
3002 3293 3188 3347 sinant
3221 3292 3465 3349 initiatos
3482 3294 3647 3350 rebus

2066 3382 2202 3436 visis
2240 3381 2529 3448 inlmrere,
2563 3382 2655 3436 sed
2705 3397 2798 3437 eos
2844 3383 3041 3436 mentis
3071 3382 3245 3437 oculis
3287 3397 3449 3453 supra
3482 3398 3648 3439 mne

2069 3475 2146 3538 id,
2174 3475 2319 3544 quod
2357 3489 2479 3528 cum
2508 3475 2734 3529 materia
2764 3472 3113 3541 coniunctum
3140 3483 3245 3541 est,
3275 3474 3541 3542 sublatos,
3565 3475 3649 3530 Ia—

2068 3565 2218 3619 ciant
2253 3581 2350 3635 per
2384 3579 2447 3619 ea
2482 3579 2604 3634 quae
2631 3564 2906 3629 videntur,
2955 3565 3021 3618 ad
3061 3564 3384 3620 invisibilem
3403 3575 3648 3622 contem-

2066 3655 2386 3727 plationem,
2434 3664 2491 3710 et
2527 3654 2967 3724 inexplicabilem
3006 3655 3152 3710 illam
3186 3657 3645 3726 pulchritudinem

2070 3749 2383 3804 ascendere.
2422 3746 2557 3801 Nam
2592 3756 2705 3801 tum
2758 3749 2925 3801 etiam
2982 3764 3104 3802 cum
3152 3747 3510 3816 corporaliter
3538 3747 3649 3806 Do-

2070 3842 2250 3894 minus
2286 3852 2527 3909 praesens
2551 3849 2719 3903 esset,
2754 3853 2881 3893 cum
2907 3840 3100 3893 timore
3128 3854 3194 3894 ac
3220 3850 3457 3895 tremore
3480 3840 3646 3896 Sera-

2066 3931 2219 4000 phim
2255 3931 2304 3985 ei
2334 3929 2701 3986 inservio-bant
2740 3946 2756 3984 :
2794 3930 3058 3999 huiusque
3085 3931 3292 3987 timoris
3313 3941 3369 3985 et
3393 3932 3648 3989 tremoris

2066 4024 2349 4093 specimen
2372 4024 2663 4077 obscurum
2696 4034 2836 4086 esse,
2870 4024 3085 4077 alonim.
3107 4024 3252 4077 illam
3276 4024 3647 4094 agitationem,

2068 4128 2235 4182 quam
2283 4114 2659 4169 ministrantes
2718 4114 2998 4169 adhibent.
3068 4112 3125 4169 Si
3182 4128 3312 4170 vero
3358 4113 3645 4186 Seraphim

2069 4207 2233 4261 etiam
2268 4206 2556 4259 incarnato
2576 4207 2691 4274 iam
2726 4203 2907 4261 Verbo
2928 4206 3244 4261 ministrare
3263 4208 3645 4274 declarantur,

2070 4307 2130 4352 ut
2155 4297 2290 4361 nihil
2326 4298 2396 4352 ob
2421 4298 2545 4367 ejus
2569 4299 2623 4353 in
2661 4308 2861 4358 terram
2890 4298 3216 4353 descensum
3246 4298 3316 4354 de
3354 4300 3641 4361 servitute.

2069 4404 2190 4460 qtne
2216 4390 2270 4443 in
2302 4390 2441 4444 caelo
2469 4399 2606 4455 erat,
2630 4389 2937 4444 diminuam
2969 4405 2984 4443 :
3016 4389 3224 4444 clarum
3250 4390 3393 4460 quod
3419 4399 3478 4445 et
3505 4389 3651 4444 alter

388 4482 625 4535 τεύουσα
651 4482 826 4549 τάξις,
876 4482 976 4552 τὴν
1012 4482 1260 4537 δουλείαν
1291 4485 1353 4536 οὐ
1404 4482 1825 4553 καινοτομοῦσα,
1874 4483 1968 4536 καὶ

2075 4481 2520 4550 incorporeorum
2579 4482 2867 4547 spirituum
2915 4481 3051 4536 ordo
3099 4480 3440 4536 lucarnatum
3494 4481 3648 4537 cultu

388 4575 501 4629 τῶν
548 4574 667 4645 μετ’
711 4575 882 4646 αὐτὴν
925 4574 1027 4645 τὴν
1087 4576 1212 4644 ῐσην
1263 4575 1567 4643 ὑπηρεσίαν
1630 4573 1963 4643 βεϐαιοῦται.

2073 4572 2246 4627 latriae
2274 4572 2554 4627 adorabat.
2594 4571 2732 4627 Cum
2782 4573 2925 4625 enim
2956 4572 3047 4640 qui
3074 4571 3128 4625 in
3161 4573 3246 4626 his
3272 4574 3507 4642 primum
3549 4589 3646 4630 ora-

389 4664 704 4736 Γέγραπται
757 4666 804 4699 ³⁹
848 4667 960 4737 γὰρ
1008 4665 1085 4728 ὡς
1131 4665 1235 4729 ,καὶ
1283 4664 1505 4733 ἄγγελοι
1572 4663 1963 4735 προσελθόντες

2073 4660 2249 4714 dinem
2288 4669 2492 4721 tenent,
2549 4658 2750 4712 cultum
2796 4674 2903 4712 non
2937 4658 3247 4724 inmotam,
3296 4675 3427 4714 mox
3476 4659 3644 4716 etiam

388 4756 673 4827 διηκόνουν
706 4757 889 4827 αὐτῷ*
928 4757 990 4810 τὸ
1033 4757 1089 4810 δὲ
1128 4756 1233 4810 τοῦ
1264 4755 1527 4825 ἀγγέλου
1558 4754 1753 4824 ὄνομα,
1803 4755 1880 4818 ὡς
1912 4755 1963 4806 ei.

2073 4764 2169 4820 par
2192 4766 2223 4803 a
2255 4750 2712 4820 subsequentibus
2744 4749 3104 4804 ministerium
3155 4751 3400 4806 exhiberi
3440 4753 3646 4809 conlis-

389 4846 462 4901 τὰ
516 4847 638 4901 θεῖα
692 4848 838 4902 ῖσασι
890 4850 1067 4918 σοφοὶ,
1120 4850 1298 4901 κοινόν
1348 4850 1467 4900 ἐστι
1520 4847 1729 4909 πάσαις
1753 4846 1798 4878 ⁸⁰
1845 4848 1965 4909 ταῖς

2073 4850 2239 4895 mant.
2281 4840 2556 4911 Scriptum
2594 4850 2681 4897 est
2702 4843 2869 4905 enim,
2917 4842 3065 4910 quod
3087 4842 3252 4897 etiam
3282 4843 3457 4913 angeli
3489 4859 3648 4901 acoe-

389 4940 610 5009 νοεραϊς
648 4939 942 5010 δυνάμεσιν
996 4941 1189 5009 δνομα.
1215 4940 1325 4993 Καὶ
1362 4938 1524 4993 πάλιν
1568 4937 1697 5008 περὶ
1745 4936 1842 4989 τοῦ
1887 4938 1967 4999 εἰς

2073 4937 2261 4991 dentes
2308 4934 2690 4988 ministrabant
2717 4933 2768 4989 ei
2797 4932 2864 4988 ".
2914 4933 3104 5003 Auge“
3153 4950 3284 4991 vero
3322 4938 3644 5008 ;appellatie,

390 5031 490 5101 τὴν
527 5032 856 5104 οἰκουμένην
901 5032 1261 5103 εἰσαγομένου
1306 5030 1665 5104 πρωτοτόκου
1712 5028 1776 5083 τὸ
1822 5028 1966 5100 ἱερὸν

2073 5038 2133 5081 ut
2180 5041 2363 5083 rerum
2418 5024 2723 5081 divinarum
2756 5025 2914 5095 periti
2939 5032 3163 5093 norunt,
3223 5042 3514 5085 commune
3565 5039 3651 5085 est

464 5188 510 5222 "’
547 5186 652 5245 lsa.
677 5204 756 5257 Vt,
789 5190 845 5247 6.
939 5191 985 5223 ³⁸
1026 5191 1181 5247 Dent.
1216 5207 1287 5258 iV,
1323 5193 1416 5246 24.
1508 5190 1553 5222 ⁵³
1596 5190 1743 5245 Psat.
1774 5204 1906 5253 xm,
1934 5189 1967 5243 5

2103 5186 2147 5218 ⁸⁸
2182 5184 2351 5241 Matii.
2388 5201 2463 5252 Iv,
2500 5185 2587 5241 11.

1644 5298 1879 5355 VARJE
1906 5330 1911 5347 ι
1935 5297 2342 5356 LECTIONES.

460 5391 508 5466 f’
538 5391 639 5466 τὴν
665 5391 817 5466 λαϐ.]
844 5393 992 5466 ulsa.
1022 5464 1030 5466 ν
1056 5410 1132 5466 vi,
1169 5394 1252 5466 6.7
1297 5395 1344 5426 "
1368 5392 1462 5466 καὶ
1483 5395 1527 5466 Α
1558 5409 1573 5446 '.
1603 5409 1662 5445 τε
1693 5392 1790 5466 καὶζ
1810 5409 1887 5466 ς.
1953 5391 2010 5466 -³⁸
2040 5392 2069 5443 ὁ
2099 5389 2234 5466 γᾲρι
2288 5390 2551 5466 ρειιῑεηγ,
2572 5392 2674 5466 2i.
2753 5391 2799 5424 “
2826 5390 2894 5445 τὰ
2926 5390 3107 5464 λόγια]
3155 5390 3297 5448 Psal.
3359 5406 3494 5462 xvlt,
3545 5389 3644 5449 57.

390 5463 437 5499 ³¹
463 5459 670 5516 ἐκεῖνον
699 5466 762 5517 Δ.
796 5459 817 5466 “
839 5463 885 5496 ³⁸
926 5464 1208 5518 δουλοῦται
1229 5465 1294 5518 Α.
1374 5465 1418 5496 ³³
1457 5460 1792 5535 γέγραπται]
1809 5462 2009 5517 Matth.
2045 5459 2121 5529 tv,
2149 5459 2236 5516 ﬂ.
2311 5459 2357 5492 ⁸⁰
2391 5464 2525 5515 πᾶσι
2555 5464 2621 5517 Α.

1919 5576 2148 5631 NOTAE.
2252 5580 2257 5581 “

466 5672 582 5746 (48)
623 5670 707 5741 Qu
759 5686 877 5729 mos
902 5672 958 5728 in
994 5671 1250 5745 lliSpania
1283 5672 1550 5743 hodieque
1578 5683 1878 5743 spectatur,
1908 5671 1975 5726 ad
2009 5681 2197 5725 aestum
2231 5670 2457 5726 ardente
2484 5671 2727 5726 canicula
2760 5672 3154 5740 depellendum.
