4030 6248
383 257 486 321 T11

1534 245 1796 306 PHUTII
1825 238 2329 303 PATRIARCH/E
2381 240 2486 298 CI’.

3531 243 3638 306 772

387 363 803 434 intelligihiiium
835 360 1119 430 spirituum
1146 371 1364 412 nomen.
1423 354 1484 408 Et
1532 356 1724 408 iterum
1766 353 1831 408 de
1860 353 1964 420 pri-

2078 349 2310 419 Γράμμα
2353 349 2517 417 φησίν
2551 365 2562 378 ·
2595 346 2703 402 Καὶ
2749 348 3363 416 προσκυνησάτωσαν
3387 350 3433 380 ⁸⁸
3477 348 3635 414 αὐτῷ

392 459 663 528 mogenito
698 456 749 508 in
795 453 978 508 orbem
1022 459 1179 505 terra:
1213 447 1518 503 introducto
1559 445 1842 513 Scriptura
1887 443 1963 496 lo-

389 551 602 617 quitur:
622 546 689 600 Ει
711 547 930 600 adorent
961 558 1077 596 eum
1110 556 1287 595 omnes
1314 540 1488 609 angeli
1522 538 1616 592 Dei
1645 538 1785 590 ⁶¹⁶⁶¹.
1823 535 1954 588 Pro-

389 655 572 710 pterea
603 640 766 693 etiam
797 635 955 690 simul
981 645 1147 701 atque
1169 634 1236 685 ad
1269 631 1442 685 altare
1472 628 1781 684 sacerdotes
1809 640 1963 679 acce-

390 733 546 792 dunt,
586 737 775 782 cantor
819 739 973 777 sacer
1024 725 1089 776 de
1116 723 1396 789 superiore
1449 720 1567 774 loco
1597 718 1675 771 sic
1716 717 1959 770 clamat:

391 819 618 875 Sanctus
664 819 830 880 Deus,
881 824 1098 869 sanctus
1142 815 1317 882 fortis,
1369 825 1578 866 sanctus
1624 809 1959 862 immortalis.

389 911 561 976 Quem
595 912 850 977 hymnum
903 923 971 960 ex
1023 907 1326 960 veneranda
1375 920 1439 958 ac
1489 902 1762 956 tremenda
1805 900 1965 953 Sera-

393 1005 680 1073 phinorum
715 1000 1050 1070 professione
1081 996 1436 1065 compositum
1462 995 1673 1049 asserit.
1733 992 1846 1046 Non
1883 1001 1963 1044 ta-

397 1112 516 1147 men
545 1095 608 1145 de
631 1108 732 1146 suo
784 1093 986 1146 habere
1042 1091 1145 1143 hoc
1210 1089 1510 1151 inventmn,
1565 1086 1750 1157 1910
1798 1084 1890 1137 sed
1934 1096 1964 1136 e

392 1185 696 1241 Iudaeorum
730 1195 890 1254 gente
918 1186 1207 1253 quemdam
1238 1180 1480 1234 veritatis
1513 1179 1753 1232 doctrina
1793 1177 1964 1228 imbu-

399 1290 533 1338 tum,
563 1276 650 1342 qui
689 1275 824 1327 alios
854 1288 1068 1342 quoque
1094 1270 1320 1326 docendi
1351 1267 1730 1321 auctoritatem
1765 1263 1831 1315 ab
1860 1259 1963 1312 Ec-

393 1368 560 1423 clesia
595 1365 914 1432 accepisset,
950 1365 1121 1416 virum
1153 1370 1346 1414 caetera
1392 1358 1716 1426 sapientem,
1748 1354 1966 1418 vitaque

396 1457 683 1518 illustrem,
753 1453 908 1519 hujus
942 1452 1202 1505 doctrina!
1257 1449 1410 1502 Jobio
1444 1455 1715 1499 auctorem
1775 1441 1962 1502 luisse,

403 1564 526 1602 cum
557 1548 702 1600 unde
743 1543 1074 1611 compositus
1103 1549 1246 1595 esset
1279 1554 1431 1592 sacer
1461 1536 1549 1588 ille
1591 1535 1840 1604 hymnus,
1872 1543 1967 1581 ex-

399 1649 642 1710 poneret.
683 1638 884 1691 Docere
911 1649 1038 1687 vero
1062 1633 1234 1701 ipsum
1263 1645 1329 1683 ex
1382 1626 1815 1682 Cherubinorum
1851 1621 1961 1687 (49)

401 1736 622 1804 hymno,
686 1739 741 1783 et
771 1728 974 1796 psalmo
1016 1739 1103 1778 xu
1152 1737 1426 1776 sacrorum
1470 1728 1749 1772 cantorum
1793 1714 1967 1769 canti-

399 1839 526 1878 cum
573 1823 700 1875 illud
755 1817 1044 1872 conﬂatum
1080 1831 1221 1869 esse.
1285 1812 1558 1868 Cclebrari
1591 1811 1732 1862 enim
1779 1809 1830 1860 in
1868 1807 1970 1859 hoc

401 1913 616 1968 Psalmo
667 1910 833 1963 Deum
865 1909 1053 1978 fortem
1094 1907 1261 1958 vivum
1299 1919 1316 1958 :
1349 1920 1411 1956 ac
1447 1911 1704 1954 mutatam
1746 1899 1964 1969 quidem

401 2017 524 2055 esse
556 2015 739 2054 vocem
765 2001 934 2052 vivum
963 1997 1012 2047 in
1034 1993 1381 2062 aéquipollens
1413 1989 1728 2042 vocabulum
1753 1989 1970 2039 immor-

401 2095 547 2155 talis,
582 2093 692 2162 ipsa
723 2106 854 2144 voce
886 2088 1044 2159 [ortis
1077 2097 1314 2140 retenta:
1344 2086 1412 2137 ita
1442 2098 1652 2136 sacrum
1683 2080 1810 2133 illud
1841 2094 1972 2132 can-

407 2187 571 2239 ticqu
611 2193 917 2235 contextum
967 2194 1104 2231 esse.
1175 2176 1339 2228 Porro
1375 2171 1602 2242 eXprimi
1643 2184 1802 2223 voces
1833 2167 1972 2220 Deus

407 2275 738 2338 etSanctus,
801 2281 858 2325 ut
895 2269 1170 2324 distinctio
1213 2270 1303 2321 iiut
1331 2269 1397 2318 ab
1439 2264 1701 2318 idolorum
1752 2261 1974 2315 simula-

403 2369 536 2432 cris,
603 2380 722 2434 qua:
780 2363 1056 2417 terrestria
1109 2371 1257 2426 sunt,
1307 2360 1664 2412 lnnnauarum
1723 2367 1973 2406 manuum

402 2474 560 2528 opus,
595 2468 652 2512 et
684 2470 824 2510 verae
855 2454 1310 2508 abominationes.
1349 2448 1529 2503 Fortis
1561 2464 1687 2503 vero
1716 2447 1978 2500 adversus

405 2560 576 2613 Ittuta,
629 2545 923 2601 immobilia
979 2553 1032 2597 et
1092 2541 1354 2596 imbecilla
1431 2540 1596 2594 idola.
1650 2534 1976 2590 Immortalis

404 2639 660 2707 denique,
693 2635 834 2704 quod
861 2634 998 2688 idola
1028 2647 1125 2686 nec
1151 2632 1378 2699 spirent,
1401 2645 1500 2682 nec
1532 2629 1695 2681 ullam
1712 2624 1978 2682 eﬂicieudi

407 2731 513 2786 vim
565 2731 799 2785 habeant
829 2744 842 2783 :
874 2727 970 2780 sed
1026 2739 1128 2778 nec
1166 2723 1428 2776 tantillum
1467 2723 1682 2791 quidem
1710 2721 1833 2772 vita:
1858 2732 1980 2786 par-

409 2835 517 2879 tem
562 2821 896 2890 acceperint.
943 2817 1140 2873 Narrat
1171 2818 1271 2871 hoc
1316 2817 1504 2879 etiam,
1552 2813 1798 2868 eumdem
1831 2809 1978 2863 illum

407 2934 622 2974 sacrum
674 2918 848 2970 virum
899 2929 1020 2968 sese
1069 2912 1358 2976 docuisse,
1411 2906 1861 2978 quemadmodum
1914 2899 1981 2953 ab

2064 442 2289 506 πάντες
2341 439 2584 508 ἄγγελοι
2627 439 2796 493 Θεοῦ.
2837 442 2936 493 Διά
2966 458 3046 493 τοι
3079 440 3240 494 τοῦτο
3271 442 3365 494 καὶ
3413 443 3529 512 ἅμα
3559 444 3637 514 τῷ

2064 532 2202 603 πρὸς
2228 532 2289 584 τὸ
2321 531 2711 600 θυσιαστήριον
2727 532 2954 584 εἰσιέναι
2987 531 3112 593 τοὺς
3136 532 3303 601 ἱερεῖς
3324 534 3352 584 ὁ
3383 532 3641 602 ἱεροψάλ..

2064 642 2163 694 της
2188 623 2392 678 ἄνωθεν
2424 623 2628 693 ἀναϐοᾷ
2650 623 2731 687 τὸ,
2755 623 2959 692 ’Ἄγιος
2993 625 3026 676 ὀ
3059 622 3224 688 Θεὸς,
3257 622 3425 691 ἅγιος
3463 628 3642 693 ἰσχυ-

2056 711 2205 778 ρὸς,
2253 712 2420 780 ἅγιος
2473 712 2790 778 ἀθάνατος.
2844 713 3072 765 ’Ήντινα
3129 712 3452 782 ὑμνολογίαν
3511 732 3643 781 συγ-

2066 801 2286 855 κεῖσθαί
2315 819 2480 870 φησιν
2514 804 2580 854 ἐκ
2613 803 2710 870 τῆς
2739 802 2848 854 τῶν
2879 803 3131 873 Σεραφὶμ
3163 804 3402 872 φρικτῆς
3447 806 3641 874 ὁμολο-

2065 893 2211 961 γίας.
2241 895 2378 962 Φησὶ
2401 893 2458 945 δὲ
2484 893 2559 956 ὡς
2597 894 2704 947 οὐδ’
2740 894 2956 947 οἴκοθεν
2985 897 3116 966 πρὸς
3141 896 3341 966 ταύτην
3379 893 3513 966 ἦλθε
3539 899 3641 966 τὴν

2070 987 2297 1051 ἔννοιαν,
2349 987 2466 1040 ἀλλ’
2519 986 2579 1052 ἐξ
2612 988 2884 1041 Ἰουδαίων
2932 1006 3015 1051 τις
3063 989 3154 1041 τὸν
3199 989 3297 1058 τῆς
3355 990 3637 1060 ἀληθείας.

2067 1079 2223 1148 λόγον
2273 1081 2606 1152 κατηχηθεὶς
2650 1084 2746 1134 καὶ
2791 1082 2984 1146 ἄλλους
3035 1084 3301 1152 κατηχεῖν
3347 1083 3497 1154 παρὰ
3539 1085 3641 1152 τῆς

2081 1170 2408 1241 Ἐκκλησίας
2441 1171 2660 1239 ἀξίωμα
2715 1171 2912 1232 λαϐὼν,
2955 1174 3116 1239 σοφός
3160 1190 3216 1223 τε
3257 1173 3324 1224 τὰ
3376 1173 3508 1226 ἄλλα
3545 1176 3642 1225 καὶ

2070 1262 2170 1332 βίῳ
2201 1261 2475 1333 λαμπρὸς,
2521 1264 2726 1323 ἐκεῖνος
2755 1263 2903 1332 αὺτῴ
2927 1265 3022 1333 τῆς
3056 1265 3422 1333 προκειμένης
3460 1265 3642 1334 μαθή-

2071 1371 2210 1417 σεως
2231 1353 2599 1423 καθηγήσατο,
2633 1354 2688 1418 ἐξ
2716 1346 2788 1406 ὧν
2819 1356 2848 1422 ἡ
2877 1357 2920 1407 is
2933 1355 3157 1425 ρολογία
3185 1356 3467 1426 συνετέθη,
3499 1358 3640 1410 ἀνα-

2067 1445 2438 1515 διδαξάμενος.
2495 1445 2777 1498 Διδάσκειν
2806 1445 2899 1498 οὖν
2932 1447 3095 1499 αὐτόν
3124 1464 3289 1517 φησιν
3341 1446 3404 1499 ἐκ
3435 1466 3492 1500 τε
3540 1450 3641 1518 τῆς

2070 1538 2412 1607 Χερουϐικῆς
2457 1537 2783 1607 ὑμνολογίας
2832 1540 2927 1590 καὶ
2978 1539 3071 1591 τοῦ
3123 1546 3215 1608 μα’
3267 1539 3481 1608 ψαλμοῦ
3529 1540 3640 1592 τῶν

2074 1629 2406 1700 ἱεροψαλτῶν
2443 1629 2815 1683 συντεθεῖσθαι
2843 1629 2906 1683 τὸ
2933 1629 3227 1701 μελῴδημα
3247 1648 3260 1662 °
3291 1632 3512 1703 ᾅδεσθαι
3539 1633 3642 1702 μὲν

2073 1722 2181 1791 γὰρ
2204 1725 2263 1773 ἐν
2278 1720 2357 1791 τῷ
2382 1720 2581 1792 ψαλμῷ
2607 1720 2710 1774 τὸν
2734 1722 2880 1774 Θεὸν
2898 1723 3004 1774 τὸν
3033 1723 3285 1791 ἰσχυρὸν
3307 1725 3413 1776 τὸν
3433 1722 3640 1786 ζῶντα,

2074 1814 2488 1884 μεταληφθῆναι
2539 1815 2595 1867 δὲ
2640 1816 2701 1868 τὺ
2728 1818 2772 1856 ⁸³
2807 1817 2906 1885 μὲν
2931 1814 3116 1877 ζῶντα
3159 1820 3240 1879 εἰς
3269 1817 3643 1884 ὶσοδύναμον

2072 1903 2200 1975 [515
2244 1903 2337 1975 Η.]
2381 1904 2446 1958 τὸ
2477 1903 2796 1968 ἀθάνατον,
2829 1905 3105 1971 αὐτολεξεὶ
3142 1906 3200 1959 δὲ
3242 1907 3641 1978 διατηρηθῆναι

2073 1995 2180 2049 τὸν
2208 1997 2482 2066 ἰσχυρὸν,
2529 1999 2622 2050 καὶ
2645 1997 2788 2051 οὓτω
2822 1998 3225 2067 συνυφανθῆναί
3256 2017 3306 2051 τι
3343 1999 3641 2070 μελῴδημα

2073 2091 2133 2141 τὸ
2156 2091 2318 2159 ἱερόν.
2351 2091 2727 2146 Ἀποδεδόσϐαι
2759 2092 2942 2161 μέντοι
2970 2108 3032 2159 γε
3063 2091 3124 2144 τὸ
3167 2092 3265 2161 μὲν
3293 2093 3437 2158 Θεὸς
3458 2093 3550 2146 καὶ
3574 2082 3650 2146 τὸ

2073 2180 2240 2248 ἅγιος
2271 2182 2406 2251 πρὸς
2432 2182 2852 2253 ἀντιδιαστολὴν
2898 2183 3006 2236 τῶν
3036 2183 3327 2236 εἰδωλικῶν
3368 2185 3646 2254 σέϐασμα-

2075 2292 2206 2336 των,
2236 2275 2272 2328 ἆ
2301 2273 2479 2344 γεώδη
2516 2275 2574 2327 τέ
2607 2276 2722 2327 ἐστι
2757 2275 2852 2326 καὶ
2877 2274 3078 2344 χειρῶν
3110 2275 3155 2306 ⁸³
3183 2275 3484 2345 ἀνθρώπιον
3506 2277 3646 2348 ἔργα

2075 2367 2169 2418 καὶ
2209 2363 2550 2434 βδελύγματα
2589 2364 2664 2427 ὡς
2691 2364 2932 2433 ἀληθῶς
2966 2364 3025 2417 τὸ
3061 2365 3120 2418 δὲ
3147 2367 3397 2435 ἰσχυρὸς
3425 2367 3560 2436 πρὸς
3584 2368 3648 2418 τὸ

2077 2458 2304 2510 ἐκείνων
2359 2459 2576 2526 ἄφωνον
2618 2458 2714 2510 καὶ
2760 2456 3019 2527 ἀκίνητον
3069 2459 3163 2511 καὶ
3205 2459 3448 2524 ἀσθενὲς,
3495 2459 3557 2512 τὸ
3587 2459 3647 2512 δὲ

2077 2547 2372 2614 ἀθάνατος
2421 2549 2556 2620 πρὸς
2588 2549 2647 2601 τὸ
2673 2549 2874 2604 ἄπνουν
2905 2551 3128 2602 ἐκείνων
3150 2548 3248 2602 καὶ
3289 2550 3648 2620 ἀνενέργητον

2077 2641 2173 2692 καὶ
2222 2639 2328 2692 οὐδ’
2362 2639 2608 2692 ὁπωσοῦν
2641 2638 2784 2708 ζωῆς
2818 2642 3103 2710 μετασχὸν.
3142 2640 3307 2707 Λέγει
3336 2640 3392 2692 δὲ
3433 2639 3524 2694 τὸν
3546 2641 3651 2693 ati-

2079 2730 2169 2782 τὸν
2201 2729 2347 2800 ἱερὸν
2367 2731 2533 2801 ἄνδρα
2575 2733 2672 2784 καὶ
2699 2731 2857 2784 τοῦτο
2884 2732 3046 2784 αὑτὸν
3074 2730 3479 2796 ὲκδιδάξασθαι,
3505 2731 3651 2785 καθὰ

2080 2825 2174 2876 καὶ
2210 2823 2420 2893 ἑτέροις
2468 2823 2836 2894 ὲξιστόρηται,
2887 2825 2962 2888 ὼς
3016 2825 3094 2896 τῷ
3133 2825 3388 2895 μακαρίῳ
3422 2824 3653 2894 Πρόκλῳ

2081 2914 2735 2984 (Κωνσταντινουπόλεως
2770 2917 2824 2970 δὲ
2875 2917 3137 2987 πρόεδρος
3176 2913 3266 2988 ἦν)
3302 2919 3334 2987 ἠ
3369 2917 3462 2970 τοῦ
3497 2919 3652 2987 εἰρη-

409 3012 534 3065 aliis
561 3024 773 3078 quoque
820 3006 1180 3076 scriptoribus
1240 3002 1492 3064 refertur,
1548 3009 1601 3051 ut
1653 2993 1973 3062 heatusi60)

2087 3006 2252 3076 μένου
2309 3007 2701 3078 μελῳδήματος
2744 3009 2810 3060 δι’
2854 3008 3251 3077 ἀποκαλύψεως
3313 3008 3550 3080 [ἐμυήθη
3583 3009 3652 3081 ⁸⁵]

408 3102 635 3157 Proclus
687 3095 1204 3171 (Constantinopolis
1231 3093 1276 3147 is
1309 3090 1504 3161 prazsul
1541 3089 1677 3156 erat)
1737 3085 1980 3157 praedicti

413 3192 600 3262 hymni
632 3187 1120 3250 coostructionem,
1180 3198 1275 3250 per
1321 3178 1696 3234 revelationem
1762 3175 1984 3228 edoctus

411 3285 503 3346 sit,
535 3298 657 3338 cum
686 3279 891 3350 angelis
935 3293 1148 3332 sacrum
1180 3276 1325 3328 hunc
1354 3273 1607 3342 hymnum
1644 3265 1980 3327 canentibus,

413 3376 619 3444 primus
652 3371 740 3425 ille
765 3369 1009 3424 earudem
1041 3366 1235 3420 deinde
1269 3362 1574 3417 doctrinam
1612 3356 1816 3412 hausit.
1865 3353 1982 3407 Tali

412 3465 786 3534 disputatione
826 3461 1144 3516 vicesimum
1198 3466 1449 3526 quartum
1481 3463 1536 3508 et
1561 3451 1806 3521 quintum
1836 3447 1984 3502 clau-

411 3557 559 3612 ditur
586 3566 768 3624 caput.

483 3649 573 3704 26.
590 3647 782 3717 Cupite
802 3647 1056 3701 vicesimo
1078 3653 1234 3698 sexto
1259 3641 1510 3704 refertur,
1538 3653 1631 3692 sex
1653 3638 1859 3691 dierum
1883 3651 1984 3688 nu-

415 3757 620 3796 merum
649 3741 697 3791 in
723 3738 987 3808 principio
1012 3745 1192 3806 typum
1213 3749 1332 3787 esse
1366 3732 1717 3802 agnoscenda:
1739 3729 1980 3782 Trinita-

414 3834 503 3892 tis,
523 3831 759 3896 illudque
778 3844 898 3880 cum
916 3842 980 3880 ex
1011 3825 1132 3879 aliis
1149 3823 1488 3877 manifestum
1505 3823 1754 3887 evadere,
1781 3832 1888 3874 tum
1913 3836 1982 3875 ex

413 3925 504 3978 illo
523 3943 536 3976 :
553 3921 676 3975 Dies
693 3921 800 3972 diei
816 3927 1015 3972 eructat
1033 3920 1263 3981 verbum,
1282 3924 1332 3969 et
1348 3930 1450 3969 no.1:
1463 3915 1601 3969 nocti
1615 3915 1811 3968 indicat
1823 3915 1986 3968 scien-

413 4017 542 4070 tiam
581 4013 646 4066 “.
721 4011 859 4077 Quin
911 4019 966 4064 et
1007 4022 1074 4062 ex
1108 4007 1200 4060 illo
1229 4023 1244 4060 :
1281 4005 1348 4059 In
1379 4006 1550 4073 capite
1579 4004 1702 4058 libri
1733 4007 1984 4074 scriptum

411 4117 488 4161 est
525 4107 587 4158 de
614 4119 694 4157 me
723 4103 803 4156 ’δε
845 4101 1043 4171 quibus
1072 4095 1334 4171 [saltem]
1371 4097 1686 4166 contigisset
1711 4097 1987 4164 percipere

411 4211 508 4250 sex
561 4195 666 4248 illis
701 4191 1008 4246 initialibus
1045 4190 1233 4243 diebus
1267 4188 1400 4241 nihil
1429 4202 1552 4241 esse
1576 4187 1982 4255 intelligendum

412 4303 626 4350 eorum,
657 4302 775 4356 qua:
811 4291 1152 4352 apparerent.
1193 4277 1362 4348 Caput
1398 4279 1542 4333 enim
1568 4288 1624 4332 et
1655 4277 1980 4348 principium

2089 3098 2358 3162 σύνθεσις,
2388 3101 2637 3168 ἀγγέλων
2676 3101 2774 3170 μὲν
2804 3099 2902 3171 τὴν
2931 3101 3232 3171 ἱερολογίαν
3271 3102 3478 3172 ταύτην
3522 3105 3656 3156 ἀνα-

2089 3193 2425 3262 μελπόντων,
2476 3193 2687 3245 ἐκείνου
2719 3193 2777 3246 δὲ
2811 3193 2908 3264 τὴν
2951 3193 3153 3263 μύησιν
3192 3193 3408 3264 πρώτου
3443 3193 3656 3247 ἑκεῖθεν

2085 3282 2474 3353 ἐκδεξαμένου.
2529 3284 2785 3338 Τοιοῦτον
2815 3285 2912 3354 μὲν
2953 3284 3138 3352 ἀγῶνα
3170 3288 3262 3338 καὶ
3299 3286 3360 3338 τὸ
3408 3285 3452 3339 δ’
3478 3287 3572 3339 καὶ
3603 3285 3654 3338 κ’

2084 3372 2203 3443 ἅμα
2224 3373 2318 3428 τοῦ
2343 3374 2540 3445 ἑφεξῆς
2565 3381 2607 3427 ε’
2636 3376 2932 3445 κεφαλαίου
2955 3377 3266 3431 ὑποδύεται.

2169 3641 2256 3694 Ἐν
2290 3641 2347 3695 δὲ
2368 3642 2446 3713 τῷ
2486 3649 2578 3708 κς¹
2609 3643 2887 3710 κεφαλαίῳ
2912 3641 3060 3710 λέγει
3091 3641 3184 3694 τὸν
3210 3643 3254 3672 ⁸⁸
3281 3644 3339 3694 ἐν
3357 3644 3422 3712 τῇ
3456 3659 3657 3712 κοσμο-

2084 3734 2271 3804 γενείᾳ
2301 3735 2422 3790 κατ’
2450 3737 2626 3805 ἀρχὰς
2655 3735 2762 3788 τῶν
2790 3741 2842 3798 ς’
2865 3733 3087 3803 ἡμερῶν
3113 3732 3346 3802 ἀριθμὸν
3379 3732 3548 3787 τύπον
3576 3729 3660 3786 εῖ-

2086 3845 2175 3880 ναι
2199 3829 2298 3898 τῆς
2319 3829 2599 3900 τριαδικῆς
2633 3825 2986 3893 θεογνωσίας,
3034 3825 3305 3881 καὶτοῦτο
3335 3826 3527 3894 δηλοῦν
3557 3827 3659 3881 σὺν

2086 3921 2180 3972 καί
2205 3937 2346 3972 τισιν
2371 3921 2582 3990 ἑτέροις
2611 3918 2706 3972 καὶ
2738 3919 2820 3982 τὸ,
2869 3919 3090 3988 Ἡμέρα
3118 3919 3163 3950 ⁸⁸
3184 3917 3261 3987 τῇ
3279 3918 3466 3987 ἡμέρᾳ
3493 3919 3659 3986 ἐρεύ-

2089 4029 2249 4079 γεται
2273 4011 2461 4080 ῥῆμα,
2496 4011 2594 4063 καὶ
2623 4010 2737 4074 νὺξ
2787 4010 2960 4064 ’νυκτὶ
3000 4011 3358 4079 ἀναγγέλλει
3407 4010 3657 4080 γνῶσιν.

2099 4103 2259 4155 Ἀλλὰ
2286 4104 2378 4155 καὶ
2409 4103 2490 4166 τὸ,
2528 4103 2624 4153 Ἑν
2671 4101 2949 4169 κεφαλίδι
2985 4102 3027 4132 ⁸⁷
3054 4103 3298 4165 βιϐλίου
3337 4101 3659 4170 γέγραπται

2087 4194 2221 4261 περὶ
2249 4192 2417 4260 ἐμοῦ,
2441 4194 2584 4254 ὅσοις
2613 4193 2834 4260 γέγονεν
2870 4195 2950 4256 είς
2979 4194 3076 4256 τὰς
3101 4194 3334 4264 ἀρχικὰς
3360 4193 3574 4256 ὲκείνας
3598 4193 3660 4257 ἒξ

2095 4285 2308 4354 ἡμέρας
2330 4283 2605 4346 ἐκλαϐεῖν,
2637 4283 2788 4336 οὐδὲν
2809 4283 2917 4335 τῶν
2960 4285 3416 4352 ἁπεμφαινόντων
3445 4285 3659 4353 διανοηο

415 4380 561 4441 libri,
614 4379 727 4432 sive
777 4377 956 4430 omnis
996 4390 1024 4428 a
1059 4376 1167 4428 Deo
1222 4374 1496 4441 inspirata:
1524 4371 1838 4440 Scriptura,
1897 4379 1973 4424 est

2091 4351 2267 4446 θῆναι.
2302 4376 2529 4445 Κεφαλὴ
2559 4377 2667 4446 γὰρ
2713 4380 2806 4430 καὶ
2835 4378 2975 4448 ἀρχὴ
3009 4351 3237 4446 βιϐλίου,
3267 4378 3514 4430 τουτέστι
3552 4351 3660 4430 πα-

411 4489 547 4544 opus
570 4488 662 4527 sex
689 4473 920 4536 dierum,
947 4469 1142 4538 quibus
1171 4467 1351 4520 mundi
1385 4466 1586 4520 creatio
1607 4464 1840 4532 perfecta
1865 4473 1979 4518 est:

413 4565 568 4635 cujus
597 4578 659 4616 ex
697 4558 1062 4631 magnitudine
1092 4573 1156 4612 ac
1178 4558 1580 4630 pulchritudine
1614 4555 1840 4609 Creator
1869 4556 1983 4622 ipse

413 4659 628 4726 agnitus
658 4657 893 4710 canitur.
939 4652 1230 4722 Imaginem
1258 4665 1384 4704 vero
1424 4648 1629 4702 referre
1659 4646 1979 4700 Trinitatis:

413 4759 466 4803 et
496 4751 562 4802 ad
599 4748 842 4817 mysterii
873 4746 1238 4814 ceguitionem
1269 4742 1573 4796 conducere
1602 4741 1820 4794 eosdem
1862 4739 1981 4793 illos

393 4855 510 4893 sex
538 4839 652 4892 dies
676 4838 896 4902 asserit,
933 4853 1038 4890 non
1073 4837 1250 4889 minus
1283 4850 1443 4901 quam
1477 4833 1542 4887 de
1571 4847 1667 4886 sex
1702 4831 1804 4885 alis
1835 4829 1981 4885 Cne-

416 4929 574 4983 rubiu
607 4929 900 5000 symbolica
948 4937 1006 4983 et
1039 4943 1191 4982 sacra
1223 4927 1420 4981 oratio.
1482 4924 1612 4989 Qua:
1639 4930 1787 4978 certe
1820 4923 1979 4975 doce-

488 5040 604 5074 ⁶¹ο⁶²
642 5041 798 5097 Deut.
829 5056 1000 5107 χχχιι,
1029 5040 1096 5093 42
1126 5054 1239 5096 sec.
1276 5036 1450 5102 LXX;
1518 5034 1663 5088 Ρδειιο
1692 5048 1836 5099 XC":
1869 5035 1928 5099 7;
1966 5038 1973 5090 Ι

2078 5055 2126 5090 ι’.
2165 5056 2200 5102 ι,
2236 5043 2290 5092 li.
2384 5040 2427 5070 "‘
2469 5040 2609 5094 Psal.
2645 5058 2800 5105 xvrtt,
2845 5044 2896 5096 ’5.

417 5121 471 5168 et
512 5111 672 5168 Hebr.
721 5127 775 5180 ι,
829 5113 885 5165 7.

2094 4487 2190 4538 σης
2227 4469 2325 4536 τῆς
2367 4469 2729 4522 θεοπνεύστου
2761 4470 3006 4539 Γραφῆς,
3033 4474 3065 4540 ἡ
3111 4472 3434 4542 ὲξαήμερος,
3477 4473 3534 4525 ἐν
3571 4465 3659 4533 αἷς

2089 4561 2123 4630 ἡ
2155 4560 2334 4622 κτίσις
2365 4561 2721 4633 συνετελέσθη
2743 4578 2756 4590 ·
2788 4555 2862 4614 ὧν
2884 4565 2947 4614 ἐκ
2979 4562 3241 4631 μεγέθους
3270 4564 3363 4614 καὶ
3397 4562 3658 4630 καλλονῆς

2088 4657 2118 4707 ὁ
2156 4655 2491 4723 δημιουργὸς
2531 4654 3079 4724 καταλαμόανόμενος
3109 4654 3444 4723 ἀνυμνεῖται.
3505 4655 3652 4707 Εἰκο-

2089 4745 2259 4808 νίζειν
2283 4745 2339 4798 δὲ
2361 4745 2458 4815 τὴν
2481 4746 2686 4816 Τριάδα
2717 4745 2810 4797 καὶ
2861 4745 2996 4815 πρὸς
3041 4744 3390 4798 διδασκαλίαν
3431 4744 3525 4797 τοῦ
3561 4762 3650 4814 μυο

2090 4836 2617 4906 στηρίου,συντελεῖν
2634 4835 2732 4894 τὰς
2752 4836 2918 4899 αὑτὰς
2944 4835 3002 4901 ἓξ
3021 4837 3252 4906 ἡμέρας,
3269 4838 3452 4906 φησὶν,
3473 4836 3660 4904 ὥσπερ

2087 4929 2183 4980 καὶ
2214 4928 2322 4979 τῶν
2349 4927 2406 4993 ἓξ
2445 4929 2795 5000 Χερουϐικῶν
2835 4930 3124 4997 πτερύγων
3176 4931 3274 4998 τὴν
3328 4929 3660 4998 συμόολικὴν

2977 5044 3026 5074 ⁸⁸
3063 5043 3206 5096 Psal.
3243 5060 3428 5104 xxxrx.
3453 5046 3487 5098 8

1679 5194 1902 5250 VARle
1935 5199 2228 5254 1..ΕοτίοΝ
2239 5199 2341 5254 ES.

485 5291 530 5326 ιι
559 5296 650 5347 καὶ
683 5290 910 5364 προσκ.]
958 5291 1118 5364 Deut.
1179 5305 1354 5364 xxii",
1402 5287 1492 5341 4‘2.
1571 5287 1615 5317 δ’
1643 5288 1704 5341 τὸ
1819 5304 1839 5364 :_
1868 5288 1958 5364 τον
2007 5306 2066 5364 ςᾲ.

2152 5292 2195 5323 ⁸³
2235 5291 2433 5365 χειρῶν
2461 5293 2568 5365 τῷν
2608 5293 2745 5361 ἀνορ
2790 5310 2850 5356 ς.
2929 5293 2974 5323 ⁸⁸
3001 5293 3211 5365 ἐμυήθη
3257 5309 3366 5365 om.
3402 5307 3484 5361 pr.
3511 5295 3550 5345 Α
3579 5310 3594 5345 :
3621 5293 3662 5347 Ε

418 5375 542 5435 ante
566 5368 615 5418 id
675 5359 910 5435 vertuntur
954 5363 1198 5435 lat-unam
1259 5359 1421 5412 habet
1481 5371 1667 5412 versus
1713 5359 1938 5414 dimidii.
2013 5361 2058 5393 ⁸⁵
2089 5359 2423 5429 ὶέγειητὸνΑ
2459 5381 2470 5414 :
2507 5359 2725 5430 λέγεται
2755 5381 2811 5427 ς.
2887 5366 2932 5393 ⁵⁸
2965 5359 3166 5435 ἡμέρα¹
3196 5359 3338 5420 Psal.
3403 5359 3558 5426 mn,
3608 5365 3662 5418 '5.

392 5433 464 5466 ἰγ
496 5437 552 5486 ὲν
602 5430 753 5500 κεφ.]
787 5432 927 5484 l’sai.
953 5446 1136 5493 XXXIX,
1170 5429 1223 5482 8.

1919 5525 2126 5581 NOTAE

492 5615 603 5682 (i9)
648 5614 786 5669 ltltan
832 5621 983 5671 docet
1023 5617 1238 5684 Niccph.
1294 5617 1571 5669 (Zahasilns
1623 5620 1849 5684 exposit.
1905 5617 1985 5669 Li-

421 5697 560 5750 turg.
597 5701 713 5754 cap.
745 5687 832 5740 ΞΟ.

2173 5617 2284 5687 (50)
2345 5616 2608 5687 Georgius
2703 5619 3015 5682 Cedrenns,

3103 5617 3306 5670 Hister.
3377 5615 3664 5686 Compend.

2101 5705 2242 5742 anno
2275 5689 2342 5741 50
2378 5687 2688 5743 Theodosii.
