4030 6248
364 293 463 360 ’ἰ8ῖ

1449 273 1984 338 BIBIJOTHECA.
2001 299 2068 308 -
2089 273 2254 336 COD.
2289 276 2571 338 CCXXII.

3515 287 3620 351 782

365 423 532 481 φορον
563 402 803 473 εἰσάγων
825 399 935 455 τῶν
965 397 1346 461 ὕποστάσεων,
1378 396 1487 449 οὐδ’
1513 396 1698 464 ὅμοιον
1731 395 1846 481 τοῖς
1883 391 1944 444 τὸ

2047 389 2146 444 Dei
2176 393 2518 446 enuntiatum
2553 390 2644 453 sit,
2677 389 2791 446 sive
2831 390 3068 461 genitum
3121 392 3474 460 intellexeris.
3507 400 3623 459 sive

365 478 629 557 πολύθεον
649 494 867 551 νοσοῦσι
882 489 1215 563 προσφέρειν
1239 487 1299 540 τὸ
1318 487 1474 557 [αμα.
1497 486 1570 538 Οὐ
1602 485 1699 554 μὲν
1716 478 1810 538 οὖν
1830 482 1948 537 ἀλλ’

364 593 475 648 οὐδ’
514 591 676 660 ετπερ
710 590 741 642 ό
774 585 964 656 Πατὴρ
993 582 1136 638 κατὰ
1157 581 1218 636 τὸ
1247 578 1482 650 ἔμπαλιν
1504 576 1632 646 χεὶρ
1659 576 1766 631 τοῦ
1809 576 1950 631 Υἱοῦ

367 686 402 755 ἦ
433 683 541 738 τοῦ
594 680 938 748 Πνεύματος
966 672 1280 744 ὠνομάζετο
1301 712 1318 736 ,
1354 669 1726 741 ὑποκρύπτειν
1756 667 1948 722 ἑαυτὸν

377 776 476 830 καὶ
503 775 565 826 τὸ
593 770 842 826 δυαδικδν
863 766 1292 841 περικαλύπτειν
1331 763 1439 817 τῶν
1475 761 1780 834 προσώπων
1819 759 1948 832 ἡδύ-

365 884 531 922 νατο·
563 866 651 919 ῖνα
690 863 766 935 μὴ
813 861 961 930 λέγω
1003 860 1079 923 ὼς
1111 859 1234 912 οὐδὲ
1278 856 1510 929 ῥηθῆναι
1541 854 1827 918 παντελῶς
1875 853 1948 907 τὰ

373 955 666 1029 εἰρημένα,
711 953 834 1006 οὔτε
874 949 998 1005 νοῦν
1025 948 1148 1004 οὔτε
1169 948 1330 1020 φύσιν
1351 947 1496 1019 ἔχειν
1525 947 1698 1010 οὐδεὶς
1717 944 1783 999 ἂν
1815 943 1966 1021 ὑπό-ι

367 1047 532 1101 θοιτο.
563 1046 662 1099 Διὰ
685 1043 802 1098 τίδ’
823 1043 918 1097 οῦν
941 1042 1064 1096 κατ’
1094 1041 1272 1112 ἀρχὰς
1304 1041 1337 1111 ἡ
1362 1039 1531 1111 Τριὰς
1552 1038 1651 1108 οὐχ
1675 1037 1792 1108 ἅμα
1813 1053 1946 1090 κατ-

366 1139 640 1211 ήγγελτο;
677 1139 758 1191 ὅτι
795 1135 1048 1204 καθάπερ
1075 1137 1188 1198 τοῖς
1216 1131 1561 1202 όφθαλμιῶσι
1601 1130 1661 1184 τὸ
1691 1129 1943 1200 λαμπρὸν

371 1231 491 1300 φῶς
515 1272 530 1298 ,
559 1229 736 1284 καίτοι
768 1230 1036 1298 σωτήριον
1065 1226 1124 1279 ὃν
1149 1265 1166 1290 ,
1204 1224 1398 1294 ἁθρόον
1445 1221 1903 1276 ἑπιϐλαϐἐστατον
1923 1261 1940 1287 ,

365 1322 508 1377 οὕτω
555 1323 650 1376 καὶ
693 1322 808 1384 τοῖς
858 1319 937 1384 εἰς
987 1317 1047 1372 τὸ
1102 1315 1362 1370 πολύοεον
1410 1313 1940 1384 ἀποτυφλωθεῖσινὴ

364 1413 619 1485 τριαδικὴ
664 1410 913 1480 θεολογία
944 1407 1206 1480 βλαϐερὸν
1235 1407 1450 1478 ὑπῆρχε
1490 1407 1586 1460 καὶ
1623 1403 1934 1474 ἐπιζήμιον.

377 1503 539 1558 ’Δλλά
582 1503 754 1557 ταῦτα
800 1501 901 1573 μὲν
933 1500 1012 1572 τῷ
1041 1498 1272 1570 φιλοθέῳ
1303 1499 1612 1568 συγγραφεῖ
1642 1499 1738 1550 καὶ
1770 1497 1798 1548 ὁ
1826 1495 1940 1548 τῶν

363 1593 542 1664 λόγων
585 1592 630 1658 ζ’
667 1593 728 1646 ἐν
754 1593 903 1664 τρισί
938 1591 1306 1662 φιλοπονεῖται
1349 1585 1663 1656 κεφαλαίοις
1685 1625 1701 1652 ,
1733 1583 1772 1640 ἃ.
1801 1584 1944 1654 μετὰ

364 1687 428 1740 τὸ
457 1691 550 1751 κς¹
578 1685 670 1740 τὸν
693 1683 987 1739 ἀκόλουθον
1015 1682 1250 1756 ἀριθμὸν
1287 1681 1629 1753 ἀναδέχεται.

2051 497 2174 537 eum
2216 483 2306 553 qui
2347 483 2634 553 processit,
2667 499 3007 553 nequaquam
3050 482 3164 551 jam
3205 487 3280 553 id,
3317 490 3446 558 quin
3501 508 3624 560 per-

2049 588 2306 630 sonarum
2357 573 2648 630 discrimen
2692 573 2903 642 aﬂ'erat,
2937 577 3174 646 ignorari
3219 580 3456 650 amplius
3500 598 3624 652 pos-

2049 669 2144 732 sit,
2173 682 2348 737 neque
2375 667 2551 723 simile
2581 669 2878 723 remedium
2906 669 3227 726 idololatria
3257 671 3380 729 labe
3405 674 3622 732 infectis

2046 757 2250 814 all‘erri.
2289 758 2474 828 Itaque
2518 774 2584 813 ne
2619 768 2731 812 tum
2760 759 3000 829 quidem,
3031 761 3076 814 si
3102 762 3264 817 Pater
3287 778 3319 818 e
3347 765 3622 820 contrario

2046 849 2220 914 Filii,
2280 849 2364 904 vel
2438 848 2668 918 Spiritus
2736 850 2906 903 sancti
2967 867 3154 906 manus
3231 853 3618 922 nominaretur,

2043 947 2284 1014 seipsum
2352 942 2722 1007 abscondere,
2774 952 2827 996 et
2882 943 3200 1000 dualitatem
3267 961 3620 1016 personarum

2043 1048 2333 1107 contegere
2361 1043 2545 1106 posset
2576 1051 2590 1088 :
2627 1048 2695 1088 ne
2724 1033 2828 1090 hoc
2856 1035 3054 1101 dicam,
3079 1038 3348 1093 neminem
3373 1039 3619 1109 ’unqnam

2041 1144 2266 1186 censere
2311 1128 2572 1199 potuisse,
2617 1135 2679 1181 ut
2709 1141 2829 1196 quae
2868 1143 3013 1184 nunc
3049 1131 3618 1196 commemoravimus,

2039 1221 2124 1274 vel
2168 1219 2395 1274 omnino
2442 1217 2774 1283 dicerentur,
2821 1226 2915 1272 aut
2965 1234 3184 1274 sensum
3235 1220 3495 1290 aliquem,
3529 1233 3623 1278 aut

2038 1311 2253 1381 genium
2291 1309 2499 1366 habere
2528 1307 2923 1378 iudicarentur.
2969 1310 3150 1379 Quare
3186 1312 3352 1382 igitur
3385 1313 3622 1368 Trinitas

2039 1404 2107 1458 ab
2153 1402 2312 1459 initio
2341 1417 2448 1458 non
2493 1401 2743 1471 evulgata
2790 1413 2872 1457 est
2909 1419 2924 1457 :
2967 1403 3118 1473 quia,
3163 1405 3618 1473 quemadmodum

2041 1495 2419 1552 laborantibus
2444 1509 2512 1551 ex
2549 1494 2722 1551 oculis
2774 1495 3111 1562 splendidum
3141 1497 3281 1554 lucis
3299 1495 3480 1566 iubar,
3513 1500 3615 1555 etsi

2037 1583 2401 1648 salutiferam,
2430 1584 2668 1638 maxime
2705 1582 2924 1638 noxium
2963 1592 3067 1648 est,
3099 1583 3171 1638 ita
3219 1592 3274 1639 et
3319 1583 3610 1640 multorum

2041 1676 2264 1732 deorum
2301 1675 2770 1732 cultuoccaacatis
2795 1674 2954 1728 noxia
2993 1685 3110 1729 erat
3140 1673 3426 1730 Trinitatis
3458 1675 3617 1732 theo-

365 1779 546 1850 logia,
615 1794 677 1834 ac
719 1779 1020 1850 perniciosa
1075 1777 1279 1833 futura.
1335 1776 1537 1833 Verum
1587 1775 1703 1831 haec
1735 1773 1950 1846 quidem
1986 1771 2080 1828 Dei
2115 1787 2306 1826 amans
2343 1773 2577 1842 scriptor
2614 1773 2847 1840 septimo
2887 1769 3026 1825 libro
3047 1769 3221 1827 tribus
3258 1770 3363 1827 illis
3381 1769 3619 1842 graviter

365 1879 666 1942 pertractat
715 1869 1003 1938 capitibus,
1071 1883 1192 1937 quae
1234 1877 1357 1938 post
1401 1875 1612 1924 sextum
1653 1874 1709 1920 et

1783 1863 2100 1919 vicesimum
2137 1862 2327 1916 ordine
2356 1869 2784 1930 consequuntur.

439 1964 514 2018 Τὸ
539 1963 598 2018 δὲ
627 1961 946 2034 τριακοστὸν
976 1957 1125 2033 αὐτῷ
1154 1959 1448 2030 κεφάλαιον
1486 1957 1740 2026 διέξεισιν
1783 1956 1859 2020 ὡς
1903 1956 1933 2009 ό

2108 1951 2462 2008 Tricesimum
2517 1967 2646 2006 vero
2687 1958 2848 2019 caput
2896 1951 3267 2024 persequitur,
3302 1960 3361 2005 ut
3407 1951 3620 2020 primus

369 2056 586 2127 πρῶτος
634 2055 854 2126 σεισμὸς
901 2054 1147 2124 θεμέλιος
1177 2052 1256 2124 τῷ
1289 2051 1334 2123 β’
1364 2050 1685 2123 γεγένηται,
1734 2048 1832 2102 καὶ
1874 2047 1936 2102 ού

371 2146 534 2222 μόνον
562 2148 677 2210 τοῖς
705 2146 846 2200 κατὰ
873 2147 1078 2200 Μωσέα
1104 2146 1401 2218 συνήνεγκε
1429 2143 1562 2197 Θεὸν
1589 2143 1681 2196 τὸν
1721 2141 1940 2214 Πατέρα

371 2236 614 2308 κηρύξας
643 2276 660 2299 ,
714 2236 852 2290 ἀλλὰ
896 2239 993 2291 καὶ
1014 2238 1126 2299 τοῖς
1159 2237 1217 2290 ὲν
1250 2239 1314 2307 τῇ
1345 2236 1547 2307 χάριτι.
1585 2233 1678 2300 Ἐξ
1713 2226 1787 2288 ὧν
1831 2233 1940 2306 γὰρ

368 2329 462 2382 τὸν
496 2327 630 2381 Θεὸν
658 2328 876 2400 Πατέρα
900 2329 1010 2381 τῶν
1030 2325 1333 2400 ἀνθρώπων
1358 2325 1676 2396 νομίζεσθαι
1699 2326 1899 2380 ἔδωκεν
1921 2365 1938 2390 ,

367 2418 598 2481 ἕκαστος
613 2417 660 2448 "
711 2416 819 2470 τῶν
861 2415 1103 2487 γνησίως
1145 2413 1585 2485 προσανεχόντων
1635 2413 1753 2478 Θεῷ
1807 2411 1941 2477 mg

370 2507 524 2562 Θεοῦ
562 2507 788 2570 εἰκότως
816 2506 1028 2576 ἐλέγετο
1053 2522 1067 2538 ο
1107 2506 1170 2559 ἐκ
1198 2504 1256 2558 δὲ
1295 2505 1484 2558 τούτου
1521 2502 1657 2574 θύρα
1691 2503 1784 2557 καὶ
1824 2503 1941 2566 ὁδὸς

368 2601 436 2670 τῇ
482 2597 570 2651 διὰ
600 2597 801 2668 σαρκὸς
825 2598 1107 2670 οἰκονομίᾳ
1139 2594 1549 2664 ὐπανοίγνυται.
1594 2594 1686 2647 Διὸ
1727 2593 1821 2647 καὶ
1850 2593 1942 2647 τὸν

371 2689 502 2742 Υίὸν
528 2690 556 2742 ό
589 2687 634 2759 β’
660 2689 948 2760 κηρύττων
975 2687 1196 2758 σεισμὸς
1217 2727 1233 2754 ,
1257 2686 1333 2751 ὡς
1356 2685 1457 2757 ήδη
1485 2685 1747 2756 συνήθους
1775 2683 1942 2755 οὔσης

368 2781 470 2850 τῆς
501 2780 683 2851 φωνῆς
712 2779 808 2834 καὶ
849 2780 946 2834 ἐπὶ
970 2779 1140 2850 ψιλῶν
1189 2778 1492 2847 ἀνθρώπων
1537 2777 1810 2842 τίθεσθαι,
1844 2775 1944 2846 ούχ

369 2872 516 2926 οὕτω
539 2872 668 2936 τοὺς
700 2871 999 2936 ἀκούοντας
1026 2871 1383 2943 ὲξετάραττεν
1406 2913 1422 2939 ,
1469 2871 1535 2926 ἐκ
1559 2870 1660 2940 τῆς
1692 2871 1941 2941 χρήσεως

368 2963 472 3034 τῆς
506 2961 729 3034 πρώτης
761 2963 1034 3034 Διαθὴκης
1083 2961 1547 3026 καταλεανθέντας
1593 2960 1690 3024 τὰς
1738 2959 1940 3026 ἀκοὰς,

371 3055 470 3108 καὶ
499 3055 682 3108 οὐκέτι
713 3055 849 3127 πρὸς
889 3054 988 3127 τὴν
1013 3053 1194 3127 φωνὴν
1223 3053 1396 3117 οὕτως
1419 3056 1764 3126 ὲμεμήνεσαν
1787 3094 1803 3120 ,
1832 3052 1944 3107 ὥσ⁴

373 3163 482 3216 περ
529 3147 811 3216 ἐμαίνοντο
835 3146 899 3201 ἂν
923 3186 940 3212 ,
985 3149 1038 3200 εἰ
1071 3147 1146 3218 μὴ
1177 3147 1416 3218 συνήθης
1471 3147 1655 3208 αὐτοῖς
1685 3145 1794 3200 ἀπὸ
1844 3143 1945 3216 τῆς

2040 2054 2221 2102 motus
2268 2053 2430 2100 terra!
2479 2044 2892 2100 fundamentum
2946 2043 3172 2100 alterius
3222 2042 3410 2108 fuerit,
3457 2053 3621 2113 utque

2041 2153 2149 2193 non
2189 2137 2362 2193 solum
2399 2137 2464 2191 iis
2511 2134 2604 2206 qui
2652 2135 2755 2190 sub
2805 2134 2953 2190 Mose
2993 2136 3264 2200 vixerunt,
3301 2135 3468 2191 Deum
3511 2135 3620 2194 Pa-

2041 2239 2177 2284 trem
2211 2227 2401 2301 ιθω
2438 2229 2786 2299 praedicando
2819 2227 3108 2298 profuerit,
3144 2230 3240 2284 sed
3269 2237 3327 2284 et
3351 2231 3444 2298 qui
3480 2239 3620 2284 tem-

2041 2335 2171 2392 pore
2213 2321 2423 2392 gratiae.
2465 2319 2759 2391 Postquam
2807 2321 2954 2375 enim
3003 2319 3185 2376 effecit
3237 2329 3296 2374 ut
3335 2320 3476 2377 Deus
3515 2322 3618 2377 ho-

2044 2412 2245 2466 minum
2295 2409 2460 2466 Pater
2503 2412 2872 2467 crederetur:
2910 2427 3034 2466 mox
3084 2413 3251 2467 etiam
3303 2413 3616 2484 quicunque

2043 2504 2099 2559 in
2127 2502 2237 2558 Deo
2285 2502 2540 2558 ﬁduciam
2584 2503 2895 2570 collocaret,
2938 2505 3133 2558 merito
3165 2503 3264 2559 Dei
3315 2502 3487 2559 Filius
3522 2521 3619 2576 ap-

2042 2595 2292 2666 pellatur.
2329 2594 2483 2651 Unde
2527 2596 2794 2666 patefacta
2850 2597 3040 2666 janua,
3081 2606 3138 2651 et
3178 2599 3266 2654 via
3310 2608 3496 2670 aperta
3534 2605 3621 2653 est

2045 2689 2112 2743 ad
2158 2689 2588 2746 incarnationem
2631 2688 3084 2758 cognoscendam.
3129 2688 3302 2756 Quam
3343 2690 3506 2748 etiam
3547 2690 3621 2746 ob

2043 2794 2264 2836 causam
2314 2782 2440 2835 dum
2511 2781 2706 2837 Filium
2762 2780 3030 2836 secundus
3085 2781 3175 2836 ille
3229 2790 3388 2837 terra
3445 2790 3622 2838 motus

2046 2872 2367 2942 praedicaret
2399 2873 2564 2944 (quod
2585 2874 2696 2942 jam
2728 2882 3046 2928 consuetum
3083 2883 3232 2927 esset
3265 2873 3403 2928 banc
3431 2889 3618 2930 vocem

2044 2965 2111 3020 de
2149 2965 2311 3020 meris
2331 2981 2544 3036 quoque
2578 2965 2891 3020 hominibus
2922 2964 3229 3036 usurpare),
3268 2982 3375 3022 non
3407 2968 3489 3024 sic
3523 2983 3622 3022 au-

2044 3055 2248 3112 ditores
2292 3057 2545 3113 turbabat
2583 3057 2781 3126 prioris
2813 3057 3150 3113 Testamenti
3201 3073 3300 3114 usu
3355 3058 3619 3129 mitigatis

2045 3145 2292 3210 auribus,
2326 3153 2384 3200 ut
2415 3162 2518 3201 non
2552 3146 2792 3217 amplius
2832 3146 2913 3202 sic
2953 3147 3103 3202 vocis
3140 3147 3300 3218 hujus
3336 3149 3625 3208 occasione

374 3235 620 3298 Παλαιᾶς
651 3235 895 3304 ἐγεγόνει
926 3236 1220 3307 Διαθήκης.
1256 3235 1466 3307 Ὥσπερ
1496 3236 1551 3288 δὲ
1591 3236 1684 3288 ἐπὶ
1724 3236 1824 3306 τῆς
1863 3253 1946 3290 νο-

2047 3235 2447 3303 insaniverint,
2510 3238 2962 3307 quemadmodum
3030 3239 3447 3307 insanivissent,
3517 3241 3623 3298 nisi

375 3327 545 3398 μικῆς
594 3327 872 3390 πολιτείας
920 3327 981 3381 τὸ
1005 3328 1370 3398 κηρύττεσθαι
1397 3329 1490 3382 τὸν
1517 3329 1642 3383 Υίδν
1674 3328 1944 3400 λαμπρῶς

2052 3329 2253 3383 usitata
2279 3328 2384 3385 illis
2413 3344 2510 3400 per
2535 3327 2702 3386 Vetus
2735 3330 3146 3386 Testamentum
3185 3346 3306 3388 esse
3347 3332 3620 3403 cmpisset.

370 3417 408 3488 ἦ
455 3417 520 3470 τὸ
557 3415 784 3487 Πνεῦμα
807 3459 821 3480 ,
848 3416 915 3472 δι’
946 3417 1012 3480 ἃς
1060 3417 1238 3482 αἰτίας
1287 3420 1652 3491 προείπομεν,
1695 3419 1820 3493 [320
1851 3419 1944 3492 ιι]

372 3512 488 3573 τοῖς
515 3507 593 3562 ἔτι
625 3509 722 3573 τὰς
747 3509 909 3580 οὐλὰς
936 3510 1038 3580 τῆς
1065 3510 1326 3565 πολυθέου
1369 3511 1584 3583 πληγῆς
1629 3514 1688 3564 ἑν
1735 3513 1948 3576 ἑαυτοῖς

373 3599 635 3671 φέρουσιν
655 3639 671 3663 ,
699 3599 828 3671 [620
857 3599 954 3672 IL]
993 3599 1136 3653 οὕτω
1163 3599 1228 3672 δὴ
1257 3602 1354 3655 καὶ
1380 3602 1442 3654 τὸ
1469 3600 1818 3672 σαρκωθῆναι
1848 3602 1947 3672 μὲν

372 3690 466 3745 τὸν
490 3692 707 3763 Πατέρα
730 3693 763 3764 ἢ
785 3691 846 3745 τὸ
870 3691 1097 3764 Πνεῦμα
1113 3731 1130 3760 ,
1156 3693 1540 3748 συνεσκιάσθαι
1559 3692 1616 3745 δὲ
1645 3693 1740 3748 καὶ
1761 3693 1948 3747 λαϐεῖν

378 3783 535 3852 ἰσχὺν
562 3785 641 3847 είς
673 3783 733 3837 τδ
761 3784 941 3837 λαθεῖν
960 3824 976 3849 ,
1005 3783 1066 3837 ὃν
1097 3785 1295 3856 τρόπον
1322 3785 1416 3838 ἐπὶ
1439 3783 1531 3838 τοῦ
1561 3784 1689 3838 Υίοῦ
1707 3826 1722 3851 ,
1755 3784 1950 3838 ἀδύναο

373 3891 471 3928 τον
505 3869 592 3946 ἦν.
622 3875 684 3926 Εἰ
721 3875 829 3946 γὰρ
853 3878 946 3928 καὶ
975 3875 1162 3944 κοινῆς
1207 3874 1377 3947 οὔσης
1433 3875 1527 3930 καὶ
1577 3876 1950 3947 τετριμμένης

376 3963 480 4034 τῆς
507 3963 600 4016 τοῦ
627 3964 759 4017 Υίοῦ
793 3964 1164 4036 προσηγορίας
1196 3964 1346 4035 ὅμως
1366 3963 1458 4018 τὸν
1486 3965 1616 4018 Υίὸν
1647 3965 1824 4036 σάρκα
1852 3966 1949 4019 λα-

377 4056 576 4120 ϐόντα,
609 4057 690 4110 ὅτι
725 4057 873 4112 Θεοῦ
913 4058 1050 4112 flor
1068 4058 1084 4124 (
1103 4059 1238 4129 ὅπερ
1265 4053 1366 4129 ἦν)
1389 4056 1574 4125 ἔλεγεν
1601 4059 1790 4112 ἑαυτὸν
1809 4099 1824 4125 ,
1856 4058 1951 4112 καὶ

379 4150 645 4218 κρημνοῖς
672 4147 871 4213 ἐξῶσαι
904 4151 998 4203 καί⁵
1019 4149 1325 4221 ραπίσμασι
1365 4150 1610 4221 βαλεῖνη
1641 4151 1738 4204 καὶ
1778 4151 1840 4203 τὸ
1863 4169 1952 4205 τε-

379 4239 628 4294 λευταῖον
660 4241 878 4313 σταυρῷ
919 4243 1226 4314 ἀναρτῆσαι
1264 4245 1607 4315 ἐξεμάνησαν
1627 4284 1642 4308 ,
1677 4242 1729 4295 τί
1756 4242 1856 4295 οὐκ
1884 4243 1950 4297 ἂν

384 4330 649 4400 ἐποίησαν
679 4334 774 4385 καὶ
818 4334 974 4386 αὐτοὶ
1006 4338 1099 4387 καὶ
1140 4336 1188 4388 οἰ
1242 4335 1484 4406 μαθηταὶ
1523 4333 1708 4388 δούλου
1741 4333 1954 4405 μορφὴν

386 4421 652 4493 ὁρῶντες,
687 4426 734 4476 εἰ
764 4427 792 4478 ὁ
823 4426 1129 4496 σαρκωθεὶς
1174 4427 1358 4494 ἔλεγεν
1381 4468 1395 4494 ,
1436 4426 1584 4496 Ἐγώ
1624 4427 1737 4495 εἰμι
1767 4428 1800 4480 ὀ
1835 4429 1956 4480 Πα-

383 4515 520 4583 τὴρ,
545 4517 576 4588 ἢ
601 4518 667 4570 τὸ
685 4519 928 4588 Πνεῦμα
959 4519 1026 4572 τὸ
1062 4519 1270 4590 ἄτιον;
1303 4519 1444 4573 ὥστε
1471 4520 1530 4573 τὸ
1554 4520 1662 4572 πᾶν
1690 4521 1788 4589 τῆς
1817 4519 1957 4572 οἰκο-

2047 3421 2216 3486 Quem
2245 3421 2388 3477 enim
2433 3423 2502 3477 ad
2549 3423 2770 3478 modum
2810 3424 2914 3479 sub
2964 3423 3082 3493 lege
3108 3425 3229 3480 Filii
3264 3435 3358 3481 aut
3388 3426 3625 3496 Spiritus

2052 3523 2238 3581 aperta
2288 3513 2684 3584 promulgatio,
2737 3514 2807 3569 ob
2853 3527 2986 3581 eas,
3041 3529 3177 3584 quas
3217 3526 3376 3571 antea
3427 3529 3623 3572 causas

2049 3603 2304 3671 diximus,
2341 3607 2498 3659 noxia
2529 3605 2644 3660 fore
2687 3605 2970 3660 videbatur
3011 3607 3098 3670 iis,
3128 3607 3221 3675 qui
3263 3607 3440 3662 adhuc
3476 3607 3624 3662 cica-

2049 3695 2212 3750 trices
2258 3695 2442 3751 inﬂicti
2475 3713 2504 3750 a
2539 3697 2763 3751 deorum
2801 3697 3144 3754 multitudine
3186 3698 3422 3754 vulneris
3462 3713 3619 3768 gere-

2049 3783 2197 3840 bant.
2238 3784 2332 3840 Sic
2379 3795 2528 3841 certe
2575 3785 2793 3842 Patrem
2824 3787 2909 3842 vel
2944 3787 3205 3859 Spiritum
3250 3798 3498 3845 sanctum
3535 3789 3624 3842 in-

2053 3877 2286 3944 carnari,
2321 3877 2619 3946 umbraque
2666 3877 2796 3949 tegi,
2851 3888 2908 3932 et
2942 3877 3142 3934 latendi
3176 3879 3424 3948 accipere
3455 3877 3626 3933 facul-

2053 3976 2216 4020 tatem
2247 3967 2412 4039 (utin
2444 3967 2582 4023 Filio
2611 3968 2838 4038 factum)
2871 3967 3207 4040 impossibile
3241 3969 3452 4026 luisset.
3490 3969 3624 4025 Nam

2051 4058 2096 4112 si
2151 4068 2262 4112 tum
2314 4073 2564 4130 quoque,
2621 4075 2744 4116 cum
2803 4060 2927 4117 Filii
2980 4061 3270 4133 appellatio
3321 4064 3627 4118 communis

2053 4158 2220 4216 esset,
2252 4160 2414 4220 atque
2458 4165 2556 4204 usu
2605 4154 2752 4216 trita,
2786 4154 2959 4223 ipsum
3008 4161 3188 4208 tamen
3233 4151 3428 4208 Filium
3463 4167 3628 4209 carne

2055 4237 2298 4294 indutum
2366 4243 2489 4310 quia
2555 4243 2648 4297 Dei
2701 4241 2905 4298 Filium
2958 4244 3134 4316 (quod
3184 4245 3624 4314 erat).seipsum

2053 4331 2192 4386 dixit
2231 4343 2282 4399 υ,
2310 4350 2374 4388 ex
2404 4335 2620 4389 editiori
2667 4335 2783 4391 loco
2826 4337 3190 4406 praecipitare,
3218 4347 3273 4391 et
3319 4337 3489 4405 alapis
3530 4352 3626 4391 ex-

2055 4422 2240 4492 cipere
2291 4438 2342 4489 ο,
2371 4440 2434 4479 ac
2467 4427 2682 4479 tandem
2711 4429 2860 4481 cruci
2903 4426 3108 4482 furiose
3140 4426 3355 4498 alligere
3388 4425 3625 4496 aggressi

2056 4522 2202 4576 sunt,
2230 4516 2371 4585 quod
2423 4509 2526 4570 non
2577 4517 2838 4572 fecissent
2871 4529 2928 4572 et
2964 4518 3090 4585 ipsi,
3121 4527 3177 4572 et
3209 4517 3478 4587 discipuli,
3513 4516 3626 4588 [so-

386 4607 580 4675 νομίας
623 4607 942 4679 θεοπρεπῶς
991 4626 1051 4662 τε
1101 4609 1194 4664 καὶ
1241 4611 1381 4680 ὑπὲρ
1415 4609 1572 4678 λόγον
1618 4610 1712 4663 καὶ
1744 4609 1946 4664 ἔννοιαν

2057 4605 2190 4679 lam]
2220 4609 2358 4662 servi
2392 4608 2634 4663 videntes
2659 4608 2910 4675 formam,
2941 4609 2986 4665 si
3018 4610 3332 4664 incarnatus
3355 4609 3625 4663 dixisset:

384 4691 870 4766 διεπραγματεύθη
894 4735 910 4760 ,
953 4697 1046 4748 καὶ
1065 4697 1164 4766 τὴν
1189 4696 1296 4750 τῶν
1331 4696 1630 4768 ἀνθρώπιον
1675 4698 1946 4768 σωτηρίαν

2055 4701 2172 4768 Ego
2210 4716 2326 4753 sunt
2369 4700 2548 4763 Pater,
2583 4700 2666 4755 vel
2709 4699 2942 4768 Spiritus
2967 4709 3179 4754 sanctus
3203 4702 3228 4754 2
3263 4699 3405 4770 Ergo
3429 4699 3627 4753 divini-

388 4784 787 4854 ἀπειργάσατο.

461 5049 600 5101 Κατ’
624 5049 798 5122 ἀρχὰς
830 5051 1014 5122 μέντοι
1044 5054 1073 5106 ὁ
1104 5053 1278 5122 Λόγος
1310 5054 1372 5106 οὐ
1394 5055 1737 5127 σεσάρκωται
1767 5056 1860 5108 καὶ
1887 5055 1955 5109 δι’

387 5140 556 5204 ἄλλας
588 5142 688 5213 μὲν
713 5143 928 5211 αἰτίας,
969 5145 1060 5200 καὶ
1081 5147 1224 5202 διότι
1272 5148 1373 5200 οὐκ
1413 5147 1520 5200 ἔδει
1565 5147 1724 5211 εὐθὺς
1747 5148 1808 5201 τὸ
1859 5149 1957 5218 μέ-

388 5247 578 5304 γιστον
622 5232 734 5286 τῶν
780 5237 1090 5308 φαρμάκων
1135 5240 1250 5301 τοῖς
1278 5236 1496 5291 νοσοῦσι
1531 5231 1914 5308 προσενεγκεῖν
1937 5277 1953 5304 ,

468 5385 498 5413 “
527 5374 662 5433 Lttc.
695 5333 896 5445 tvi'29.
973 5385 1000 5416 °
1033 5378 1202 5436 Marc.
1237 5393 1352 5446 xtv,
1387 5377 1488 5444 65;
1523 5375 1682 5434 Joan.
1719 5393 1836 5444 xix,
1863 5378 1917 5432 5.

2067 4799 2173 4855 tus,
2207 4799 2262 4844 et
2291 4805 2449 4859 supra
2480 4804 2640 4857 quam
2671 4790 2774 4844 dici
2807 4804 2872 4844 ac
2899 4790 3123 4860 cogitari
3154 4789 3346 4858 possit,
3374 4789 3629 4843 universa

2065 4881 2249 4934 mundi
2285 4881 2605 4950 gubernatio
2645 4897 2748 4936 una
2801 4897 2925 4937 cum
2973 4881 3250 4937 hominum
3291 4878 3466 4935 salute
3501 4893 3630 4946 pro-

2065 4979 2250 5024 curata
2290 4979 2393 5025 881.

2139 5064 2388 5119 Attamen
2423 5082 2547 5122 mox
2577 5067 2645 5122 ab
2677 5065 2835 5120 initio
2873 5064 3112 5122 Verbum
3158 5065 3494 5118 incarnatum
3523 5075 3629 5114 non

2063 5164 2183 5219 est,
2234 5172 2356 5211 cum
2409 5158 2532 5214 aliis
2579 5159 2646 5214 de
2698 5158 2897 5226 causis,
2935 5167 3047 5213 tum
3096 5157 3299 5212 idcirco
3338 5152 3477 5224 quod
3524 5166 3630 5206 non

2064 5255 2339 5316 oporteret
2369 5251 2555 5307 statim
2598 5251 2896 5308 maximum
2932 5251 3384 5306 medicamentum
3425 5241 3632 5299 morbi-

1663 5542 1899 5600 VAlil/E
1933 5545 2333 5608 LECTIONES.

471 5645 514 5676 τ’
541 5641 776 5698 ἕκαστον
805 5657 868 5706 ς.
935 5640 981 5674 ⁷⁸
1008 5638 1187 5711 βαλεῖν
1211 5654 1352 5696 corr.
1393 5637 1438 5692 Α
1476 5654 1490 5692 :
1527 5635 1711 5690 λαϐεῖν
1746 5653 1808 5700 ς.
