4030 6248
479 346 586 412 ’187

1559 349 1824 412 ΡΗΟΤΙΙ
1865 351 2381 412 PATRIARCH/E
2419 351 2525 410 ΟΡ.

3604 345 3710 410 788

483 463 858 521 torrat-motu,
899 469 1009 526 quo
1045 463 1156 511 tota
1211 455 1368 512 nobis
1407 455 1652 513 Trinitas
1704 458 2038 514 manifestius

2147 475 2241 522 τος
2287 459 2379 513 τὸν
2433 457 2748 530 ἀρραϐῶνα,
2777 458 2856 522 ὡς
2895 457 2997 529 τῆς
3051 455 3284 527 ἐκλογῆς
3336 454 3710 529 ἑπιμαρτύρε-

490 547 781 621 apparebit
826 562 891 604 ac
943 546 1295 604 revelabitur.
1326 547 1442 603 Etsi
1494 549 1638 604 enim
1682 549 1918 620 Spiritus
1959 565 2050 606 ar-

484 643 635 696 rbam
659 639 940 708 habemus,
968 647 1028 695 ut
1060 653 1158 695 vas
1203 637 1484 696 electionis
1514 648 1740 696 testatur
1774 644 1793 680 ι
1840 642 2047 714 196a

485 735 726 790 nondum
770 741 948 787 tamen
1009 732 1076 788 ad
1119 731 1510 804 perfectionem
1570 735 1831 805 spiritalis
1872 745 2046 793 status

482 823 845 893 pervenimus.
895 823 1075 894 Ipsum
1123 825 1328 880 etenim
1373 823 1552 880 arrhae
1594 839 1787 879 nomen
1832 825 2044 896 signum

477 912 690 980 quidem
732 911 957 982 perfecti
1000 914 1129 970 doni
1169 925 1298 972 est:
1332 925 1390 970 at
1438 931 1545 970 non
1599 916 1771 984 ipsum
1818 916 2040 972 donum.

477 1005 622 1060 ldem
669 1006 831 1061 etiam
879 1006 1006 1061 alibi
1059 1008 1256 1078 pignus
1297 1007 1496 1062 futura:
1545 1006 1876 1063 haereditatis
1923 1022 2044 1062 esse

479 1092 741 1164 Spiritum
785 1097 1067 1164 praedicat,
1112 1105 1167 1152 et
1212 1097 1480 1172 primitias
1518 1106 1840 1152 aeternorum
1875 1097 2042 1152 bono.

475 1201 594 1240 rum
616 1196 670 1240 ιι.
715 1186 896 1253 Quare
943 1186 1334 1258 perfectionem
1379 1187 1616 1256 Spiritus
1664 1189 1878 1242 nonnisi
1921 1197 2044 1258 post

475 1278 902 1347 redemptionem
931 1279 1175 1348 corporis
1205 1278 1550 1348 suscipimus.

544 1369 665 1425 Jam
705 1372 923 1440 quando
957 1371 1048 1441 qui
1088 1371 1228 1440 apud
1258 1373 1502 1425 homines
1542 1385 1665 1424 cum
1710 1379 1882 1437 pater,
1927 1379 2038 1425 tum

475 1462 618 1518 illius
673 1461 909 1528 dicitur,
962 1478 1058 1532 per
1099 1461 1336 1532 conjugii
1385 1461 1701 1516 societatem
1736 1461 2042 1516 declaratur

475 1563 642 1624 atque
681 1556 1030 1624 cognoscitur
1056 1594 1071 1618 ,
1102 1564 1386 1624 propterea
1431 1553 1716 1622 praesentis
1752 1553 1877 1608 vita:
1905 1554 2040 1610 duos

474 1651 846 1710 terraemotus,
896 1643 1126 1697 alterum
1168 1644 1443 1713 pertinere
1503 1643 1570 1696 ad
1609 1642 1821 1697 Patrem
1857 1683 1872 1706 ,
1904 1643 2038 1697 alte-

477 1750 598 1788 rum
643 1735 710 1789 ad
754 1734 988 1800 Filium,
1051 1734 1308 1789 vaticinia
1369 1734 1612 1786 tradunt.
1665 1731 1875 1787 Rursus
1913 1748 2035 1787 cum

476 1827 711 1894 Spiritus
748 1835 988 1891 sanctus,
1027 1826 1191 1879 etiam
1221 1834 1279 1877 ut
1311 1825 1450 1894 apud
1496 1839 1593 1878 nos
1616 1834 1720 1888 est,
1749 1839 2035 1894 corporum

477 1917 835 1972 transcendat
877 1916 1317 1977 crassitudinem,
1352 1917 1549 1968 merito
1577 1915 1669 1969 ubi
1703 1918 2040 1971 cessaverint

473 2008 745 2078 coniugia,
777 2007 1044 2062 excelsior
1094 2005 1181 2059 illa
1212 2015 1264 2060 et
1296 2005 1559 2060 illustrior
1591 2008 1701 2059 vita
1745 2006 1877 2078 (vita
1922 2008 2039 2062 haec

477 2097 894 2152 resurrectionis
927 2104 1011 2150 est
1035 2113 1049 2150 :
1079 2094 1145 2147 In
1175 2096 1557 2149 resurrectione
1587 2097 1722 2150 enim
1751 2112 1912 2167 neque
1942 2113 2040 2151 nu-

473 2187 590 2242 bent
619 2202 778 2254 neque
821 2185 1082 2241 nubentur
1103 2185 1178 2249 ν),
1254 2187 1473 2256 proprie
1508 2187 1838 2242 attribuatur
1875 2186 2042 2256 Spiri-

471 2281 572 2335 tui.
604 2280 748 2336 lllius
799 2290 978 2336 autem
1012 2282 1140 2335 vita:
1179 2289 1450 2350 tempore,
1475 2280 1532 2334 in
1557 2297 1660 2349 qua
1689 2291 1874 2351 patres
1901 2282 2040 2337 lilios

474 2377 853 2439 progenerant,
882 2368 1046 2423 Deum
1063 2367 1278 2422 Patrem
1309 2367 1503 2424 ordine
1528 2368 1666 2424 Filio
1691 2371 2036 2441 praepositum

473 2459 730 2527 cognosci
759 2459 1063 2529 oportebat,
1092 2473 1198 2513 non
1230 2459 1371 2528 quod
1401 2459 1644 2516 Trinitas
1667 2461 1909 2516 ordinem
1937 2463 2039 2516 ali-

475 2568 636 2622 quem
685 2552 928 2622 exigeret
959 2554 1104 2626 (quis
1133 2553 1277 2608 enim
1319 2552 1393 2609 ibi
1415 2554 1549 2608 ordo
1582 2553 1675 2617 sit,
1723 2553 1814 2607 ubi
1849 2568 2036 2621 aequa-

476 2645 601 2699 litas
633 2639 985 2701 immutabilis
1019 2644 1250 2716 viget?)
1278 2663 1292 2698 :
1321 2644 1416 2700 sed
1452 2646 1593 2713 quod
1618 2661 1716 2714 per
1740 2660 1864 2701 eum
1892 2647 2040 2701 ordi-

475 2749 622 2800 nem,
647 2737 736 2804 qni
771 2736 823 2790 in
853 2737 967 2804 ipsa
1007 2753 1074 2791 ex
1104 2747 1229 2806 apta
1273 2737 1626 2805 dispositione
1653 2749 1757 2805 est,
1792 2755 1822 2792 a
1852 2738 2038 2795 liberis

472 2835 724 2895 parentes
773 2827 1030 2882 honorari
1070 2829 1402 2881 hortaretur.
1443 2827 1680 2896 Spiritus
1710 2845 1927 2900 quoque
1957 2831 2040 2884 di-

469 2917 733 2985 gnitatem
773 2932 929 2971 sacra
958 2917 1239 2985 Scriptura
1271 2919 1558 2984 extollens,
1585 2921 1891 2976 universam
1912 2920 2038 2975 Tri-

472 3011 696 3064 nitatem
728 3009 969 3081 Spiritus
997 3012 1216 3067 nomine
1238 3012 1490 3080 appellat.
1513 3011 1684 3079 Quale
1716 3013 1843 3067 illud
1873 3031 1886 3068 :
1913 3013 2037 3082 Spi-

2141 565 2233 603 ται
2253 551 2300 582 ⁸⁵
2324 549 2384 603 τδ
2410 548 2628 614 σκεῦος,
2653 548 2869 620 ἔχομεν,
2903 550 3018 604 ἀλλ’
3047 549 3148 602 οὐκ
3167 550 3247 612 εἰς
3277 547 3378 620 τὴν
3399 547 3710 622 τελειότητα

2143 643 2242 714 τῆς
2267 642 2645 714 πνευματικῆς
2672 642 2990 713 ἐφθάσαμεν
3036 641 3440 703 καταστάσεως.
3469 640 3578 694 Kal
3602 643 3710 714 γὰρ

2142 731 2239 785 καὶ
2285 732 2417 785 αὐτὸ
2461 731 2522 784 τὸ
2571 731 2664 784 τοῦ
2705 730 3021 803 άῤῥαὸὦνος
3067 729 3238 800 όνομα
3293 729 3562 801 σύμϐολον
3610 730 3708 800 μέν

2140 823 2258 876 ἔστι
2291 823 2387 877 τοῦ
2426 823 2634 876 τελείου
2664 823 2860 894 δώρου,
2909 823 2969 874 οὐ
3013 822 3120 892 μὴν
3150 821 3280 876 αὐτό
3307 839 3369 891 γε
3407 823 3470 875 τὸ
3515 821 3705 892 δῶρον.

2140 917 2251 972 Καὶ
2279 915 2547 988 πολλαχοῦ
2564 917 2610 949 ’⁸
2633 915 2927 988 ἀρῤαὸῶνα
2946 915 2991 949 ⁸⁷
3017 915 3119 986 τῆς
3167 915 3468 986 μελλούσης
3513 915 3710 985 κληροο

2140 1008 2332 1079 νομίας
2353 1009 2416 1062 τὸ
2463 1007 2690 1078 Πνεῦμα
2741 1008 2903 1078 ὑμνεῖ
2954 1006 3048 1060 καὶ
3088 1007 3343 1078 ἀπαρχὴν
3359 1007 3407 1038 ⁵⁸
3431 1005 3541 1059 τῶν
3577 1008 3709 1059 αἰω-

2139 1100 2267 1155 νίων
2301 1099 2542 1169 ἀγαθῶν,
2581 1099 2727 1154 ὥστε
2770 1099 2869 1170 τὴν
2905 1098 3219 1170 τελειότητα
3249 1099 3346 1153 τοῦ
3392 1097 3710 1167 Πνεύματος

2143 1192 2282 1264 μετά
2310 1189 2408 1262 τὴν
2434 1189 2815 1261 ἀπολύτρωσιν
2847 1188 2942 1242 τοῦ
2968 1187 3218 1258 σώματος
3241 1186 3636 1258 ύποδεχόμεθα.

2221 1369 2438 1441 Ἐπειδὴ
2461 1368 2518 1422 δὲ
2556 1370 2586 1423 ό
2612 1369 2753 1422 κατά
2772 1366 2833 1421 τὸ
2869 1363 3208 1438 ἀνθρώπινον
3234 1365 3391 1433 γένος
3419 1366 3710 1438 λεγόμενος

2139 1461 2234 1515 καὶ
2286 1461 2470 1531 πατὴρ
2519 1461 2613 1514 καὶ
2671 1458 2788 1521 υἱὸς
2862 1457 3116 1529 κοινωνίᾳ
3143 1458 3323 1526 γάμου
3351 1459 3708 1525 ἀναφαίνεται

2138 1555 2232 1607 καὶ⁵
2268 1554 2613 1626 γνωρίζεται,
2639 1551 2726 1606 διά
2771 1549 2934 1604 τοῦτο
2975 1549 3070 1603 τοῦ
3117 1551 3383 1621 παρόντος
3433 1550 3548 1620 βίου
3581 1552 3709 1615 τοὺς

2139 1643 2232 1696 δύο
2262 1644 2537 1713 σεισμοὺς,
2567 1641 2658 1696 τὸν
2717 1641 2814 1712 μὲν
2847 1641 3110 1712 πρότερον
3141 1641 3369 1710 ἀνήκειν
3398 1639 3477 1712 τῷ
3505 1642 3706 1712 Πατρὶ,

2135 1736 2218 1807 τῷ
2239 1735 2351 1806 Υίῷ
2379 1735 2434 1788 δὲ
2460 1737 2551 1789 τὸν
2572 1734 2820 1806 δεύτερον
2841 1733 2912 1789 τά
2954 1734 3125 1802 Λόγια
3153 1732 3509 1804 παραδίδωσι.
3536 1734 3710 1788 Πάλιν

2069 1808 2111 1863 Β
2139 1826 2325 1898 ἐπειδὴ
2347 1826 2408 1880 τὸ
2437 1825 2658 1896 Πνεῦμα
2685 1827 2779 1879 καὶ
2807 1825 2870 1878 τὸ
2917 1825 3046 1896 παρ’
3074 1825 3212 1895 ἡμῖν
3244 1824 3514 1894 σωμάτων
3536 1825 3709 1895 ὑπερ·-

2139 1919 2312 1974 6αίνει
2343 1917 2648 1990 παχύτητα,
2677 1917 2901 1980 εἰκότως
2961 1918 2990 1970 ὁ
3038 1917 3150 1970 τῶν
3179 1917 3373 1986 γάμων
3424 1917 3715 1986 πεπαυμέ-

2137 2029 2245 2067 νων
2272 2010 2597 2065 ἀνακύπτων
2644 2025 2705 2062 τε
2749 2009 2844 2062 καὶ.
2873 2008 3211 2079 ἀναλάμπων
3241 2006 3356 2078 βίος
3389 2002 3566 2079 (οὗτος
3594 2007 3652 2060 δὲ
3681 2009 3713 2062 ό

2136 2102 2238 2172 τῆς
2283 2098 2636 2163 ἀναστάσεως
2666 2098 2733 2152 ἂν
2763 2097 2846 2168 εἴη
2876 2113 2891 2127 ο
2929 2097 3029 2151 Ἐν
3058 2096 3169 2166 γὰρ
3192 2097 3238 2129 ’⁸
3261 2094 3338 2164 τῇ
3375 2093 3714 2150 ἀναστάσει

2138 2192 2277 2246 οὕτε
2307 2189 2604 2261 γαμοῦσιν
2634 2189 2772 2243 οὔτε
2796 2189 3209 2258 γαμίσκονται,
3247 2186 3462 2249 οἰκείως
3497 2187 3564 2240 ἂν
3603 2186 3714 2253 ἀφ-

2137 2282 2386 2354 ορισθείη
2409 2280 2486 2352 τῷ
2524 2280 2822 2350 Πνεύματι.
2850 2279 2998 2332 Ἐδει
3017 2277 3075 2332 δὲ
3101 2279 3192 2331 τὸν
3221 2278 3354 2348 βίον,
3383 2279 3441 2329 ἐν
3468 2270 3514 2346 ᾧ
3539 2276 3714 2330 πατέ-

2145 2389 2242 2443 ρες
2281 2372 2480 2434 παῖδας
2508 2369 2723 2438 φύουσι,
2759 2368 2849 2421 τὸν
2877 2368 3010 2422 Θεὸν
3073 2368 3170 2421 καὶ
3197 2367 3415 2434 Πατέρα
3446 2383 3718 2436 προτετα-

2142 2464 2346 2533 γμένον
2400 2460 2764 2529 γινώσκεσθαι
2793 2459 2888 2512 τοῦ
2919 2457 3073 2522 Υἰοῦ,
3124 2457 3186 2511 ού
3223 2457 3324 2526 τῆς
3352 2458 3395 2509 Τ
3401 2457 3578 2528 ριάδος
3608 2454 3718 2528 τὴν

2137 2554 2296 2618 τάξιν
2342 2551 2701 2622 ἀπαιτούσης,
2747 2549 2874 2620 (ποῦ
2909 2549 3016 2621 γάρ
3072 2549 3246 2616 τάξις,
3283 2547 3412 2602 ἔνθα
3473 2549 3534 2601 τὸ
3589 2549 3712 2600 ἴσον

2144 2643 2564 2716 ἀπαράλλακτον
2582 2642 2636 2712 ς)
2679 2641 2818 2697 ἀλλὰ
2860 2641 2948 2695 διὰ
2976 2641 3078 2711 τῆς
3110 2640 3170 2695 δν
3195 2641 3333 2710 αὐτῇ
3363 2640 3487 2694 κατ’
3508 2641 3688 2692 οἰκονο

2144 2737 2272 2809 μίαν
2298 2735 2503 2800 τάξεως
2531 2734 2659 2798 τοὺς
2685 2734 2926 2803 πατέρας
2956 2730 3220 2802 τιμᾶσθαι
3246 2731 3400 2801 παρά
3444 2731 3554 2784 τῶν
3579 2730 3684 2784 παί

2137 2825 2242 2880 δων
2271 2825 2666 2896 παραινούσης.
2707 2825 2815 2877 Καὶ
2848 2823 2908 2876 τὸ
2937 2823 3155 2893 ἀξίωμα
3187 2823 3243 2876 δὲ
3264 2821 3358 2875 τοῦ
3392 2821 3717 2891 Πνεύματος

2137 2921 2171 2990 ἡ
2202 2919 2324 2991 ἱερὰ
2371 2918 2673 2990 ὲπαίρουσα
2721 2916 2912 2988 Γραφὴ
2961 2917 3089 2988 ὅλην
3121 2917 3221 2986 τὴν
3265 2916 3474 2987 Τριάδα
3503 2917 3570 2985 τῇ
3615 2915 3716 2968 τοῦ

2140 3012 2485 3080 Πνεύματος
2518 3008 2832 3077 ὲξονομάζει
2883 3010 3055 3078 φωνῇ,
3109 3007 3185 3070 ὡς
3237 3006 3322 3071 τὸ,
3371 3003 3648 3074 Πνεῦμαί
3680 3007 3718 3059 ὁ

473 3101 608 3153 ritus
633 3110 707 3154 est
726 3099 867 3155 Deus
899 3115 918 3152 :
946 3111 993 3155 et
1015 3117 1101 3156 eos
1124 3103 1212 3173 qui
1238 3103 1468 3157 adorant
1497 3119 1636 3169 eum,
1667 3103 1725 3158 in
1770 3105 1965 3174 spiritu
1985 3115 2036 3160 et

2145 3102 2311 3167 Θεὸς,
2344 3100 2445 3154 καί
2475 3099 2617 3166 τοὺς
2657 3097 3162 3167 προσκυνοῦντας
3208 3097 3397 3150 αὐτὸν
3435 3096 3505 3148 ἐν
3527 3096 3717 3148 πνεύ-

468 3191 685 3246 υετὶισιε
716 3203 913 3262 oportet
954 3195 1178 3248 adorare
1206 3203 1260 3248 ι.
1294 3195 1406 3248 Ηοο
1453 3195 1582 3250 item
1616 3213 1630 3250 :
1663 3195 1828 3250 Omne
1854 3213 2036 3266 pecca-

2139 3208 2278 3261 ματι
2304 3189 2402 3244 καὶ
2422 3189 2672 3257 ἀληθείᾳ
2719 3187 2814 3242 δεῖ
2827 3186 3215 3256 προσκυνεῖν.
3251 3185 3362 3239 Καὶ
3387 3185 3469 3250 τὺ,
3495 3183 3675 3240 Πᾶσα
3693 3187 3718 3216 ³

469 3295 579 3335 tum
613 3285 903 3338 remittetur
923 3285 1220 3338 hominibus
1243 3301 1262 3338 :
1285 3287 1335 3339 ei
1385 3296 1562 3340 autem
1589 3303 1676 3356 qui
1705 3286 2036 3356 blasphema-

466 3374 595 3428 verit
620 3377 676 3428 in
709 3373 961 3442 Spiritum
982 3387 1243 3441 sanctum,
1277 3393 1382 3431 non
1418 3379 1710 3431 remittetur
1730 3387 1788 3445 7,
1814 3381 1880 3434 de
1925 3388 2036 3434 tota

467 3465 754 3521 divinitate
784 3477 1088 3535 acceptum,
1124 3484 1247 3523 cum
1285 3471 1539 3538 prwdicto
1591 3486 1756 3538 scopo
1785 3472 2034 3540 quadrat.

469 3553 564 3608 Illa
602 3569 817 3626 quoque
845 3571 940 3625 per
976 3558 1256 3624 speculum
1294 3570 1349 3612 et
1374 3559 1426 3612 in
1464 3558 1753 3628 aenigmate
1798 3561 2037 3632 cognitio

469 3646 906 3715 supernaturalis
930 3647 983 3700 in
1009 3645 1205 3702 Triade
1251 3649 1492 3714 deitatis,
1520 3665 1616 3720 per
1644 3649 1908 3718 Spiritum
1934 3667 2036 3707 no-

470 3737 554 3793 bis
598 3739 650 3792 in
694 3737 877 3792 futuro
917 3739 1216 3806 perﬁcitur.
1266 3739 1354 3796 Sic
1397 3743 1544 3795 enim
1589 3741 1680 3798 hic
1725 3754 1904 3798 motus
1967 3745 2036 3798 ad

469 3828 734 3897 Spiritum
771 3839 1044 3894 sanctum,
1071 3830 1520 3899 quemadmodum
1565 3831 1793 3887 duorum
1834 3849 2038 3903 praece-

473 3920 715 3976 dentium
747 3919 884 3974 alter
915 3921 981 3974 ad
1023 3919 1260 3987 Patrem,
1288 3923 1426 3978 alter
1457 3922 1523 3978 ad
1549 3923 1748 3979 Filium
1776 3926 2033 3982 refertur.

468 4009 572 4078 Qui
614 4021 797 4066 autem
841 4011 1034 4067 ordine
1071 4013 1276 4081 primus
1304 4024 1389 4068 est
1417 4025 1576 4070 terrae
1603 4027 1801 4084 motus,
1857 4028 2038 4072 extre-

469 4118 594 4159 mus
643 4103 782 4157 idem
828 4104 1091 4174 dignitate
1138 4115 1192 4160 et
1223 4105 1474 4160 utilitatis
1526 4108 1898 4176 magnitudine
1927 4119 2032 4163 est.

471 4193 815 4258 Manifestam
843 4196 990 4250 enim
1012 4197 1240 4267 gratiam
1274 4198 1447 4253 multo
1469 4215 1594 4254 esse
1625 4200 1739 4270 lege
1763 4197 2032 4272 [antiqua]

470 4286 732 4356 majorem
769 4295 826 4344 et
879 4287 1171 4344 utiliorem.
1211 4287 1412 4344 Verum
1458 4299 1514 4344 et
1557 4292 1829 4346 secundus
1859 4290 2038 4346 minor

469 4389 555 4434 est
595 4379 779 4446 tertio,
811 4379 1083 4450 Siquidem
1132 4378 1291 4434 Nunc
1353 4381 1588 4435 uidentur
1633 4395 1723 4449 per
1770 4381 2038 4450 speculum

2141 3283 2396 3352 ἁμαρτία
2454 3279 2821 3350 ἀφεθήσεται
2901 3276 3028 3344 τοῖς
3080 3276 3433 3344 ἀνθρώποις,
3499 3273 3580 3340 τῷ
3644 3274 3720 3328 δὲ

2135 3372 2602 3443 ,βλασφημοῦντι
2665 3373 2751 3436 εἰς
2815 3369 2880 3424 τὸ
2942 3369 3186 3437 Πνεῦμα
3247 3369 3312 3422 τὸ
3370 3366 3542 3436 ἅγιον
3599 3368 3719 3421 οὐκ

2140 3465 2526 3535 ἀφεθήσεται,
2556 3463 2648 3516 ἐπὶ
2701 3462 2801 3531 τῆς
2836 3461 3087 3531 θεότητος
3118 3459 3246 3528 ὅλης
3279 3457 3548 3528 ὲκληφθὲν
3579 3457 3721 3528 σύμ-

2142 3574 2320 3626 φωνον
2354 3555 2419 3609 ἂν
2472 3555 2558 3625 εἴη
2614 3553 2693 3624 τῷ
2751 3550 3136 3624 προειρημένῳ
3180 3549 3388 3620 σκοπῷ.
3435 3550 3544 3602 Καὶ
3587 3548 3722 3618 hev

2141 3649 2392 3720 ἐσόπτρῳ
2442 3648 2499 3701 δὲ
2532 3646 2732 3716 γνῶσις
2762 3648 2854 3699 καὶ
2905 3646 2939 3716 ή
2989 3645 3048 3698 ὲν
3091 3644 3378 3712 αἰνίγματι
3407 3641 3509 3710 τῆς
3541 3641 3718 3711 ὑπερ-

2143 3738 2314 3811 φυοῦς
2343 3740 2401 3793 ἐν
2435 3737 2626 3808 Τριάδι
2674 3735 2926 3806 θεότητος
2975 3734 3058 3796 εἰς
3105 3733 3169 3788 τὸ
3216 3733 3424 3787 τέλειον
3478 3730 3568 3784 διὰ
3617 3730 3720 3783 τοῦ

2142 3832 2457 3901 Πνεύματος
2488 3831 2620 3900 ἡμῖν
2652 3828 3084 3882 ἀποκαθίσταται
3127 3825 3270 3880 κατὰ
3294 3825 3388 3880 τὸν
3419 3822 3715 3895 μέλλοντα⁹

2142 3926 2372 3995 καὶγὰρ
2398 3918 2551 3986 οὗτος
2571 3923 2593 3955 ³
2616 3920 2693 3992 τῷ
2739 3919 2991 3990 παναγίῳ
3033 3917 3330 3988 Πνεύματι,
3379 3915 3568 3983 ὥσπερ
3602 3914 3719 3966 τῶν

2143 4017 2251 4088 πρὸ
2296 4016 2462 4069 αὑτοῦ
2510 4013 2604 4067 δύο
2636 4011 2876 4081 σεισμῶν
2905 4013 2935 4064 ὁ
2967 4011 3066 4081 μὲν
3103 4008 3182 4078 τῷ
3233 4007 3434 4078 Πατρὶ,
3477 4006 3507 4058 ὁ
3546 4005 3602 4058 δὲ
3637 4003 3721 4074 τῷ

2141 4105 2259 4175 Υίῷ
2305 4105 2657 4175 ἀναφέρεται.
2700 4102 2858 4155 Ἔστι
2889 4099 2947 4154 δὲ
2979 4099 3222 4169 δηλονότι
3265 4099 3295 4150 ό
3327 4096 3426 4166 μὲν
3469 4097 3536 4165 τῇ
3561 4093 3720 4160 τάξει

2143 4198 2359 4268 πρῶτος
2411 4194 2654 4264 σεισμὸς,
2684 4192 2912 4263 ἔσχατος
2960 4190 3039 4261 τῷ
3096 4206 3156 4243 τε
3213 4187 3482 4257 ἀξιώματι
3507 4186 3602 4240 καὶ
3639 4185 3721 4254 τῷ

2144 4291 2242 4360 τῆς
2272 4285 2538 4358 ὠφελείας
2568 4284 2789 4356 μεγέθει
2813 4301 2826 4314 ·
2853 4283 3015 4352 δῆλον
3042 4281 3154 4353 γάρ
3185 4281 3261 4345 ὡς
3280 4283 3313 4350 ἠ
3347 4279 3507 4351 χάρις
3537 4277 3722 4348 πολλῷ

2146 4381 2242 4436 τοῦ
2272 4381 2440 4451 νόμου
2490 4379 2689 4450 μείζων
2719 4395 2778 4431 τε
2829 4377 2923 4431 καὶ
2951 4373 3389 4444 λυσιτελεστέρα.
3437 4372 3598 4426 Ἀλλά
3624 4373 3722 4426 καὶ

466 4483 515 4528 et
539 4474 595 4527 in
612 4474 890 4542 anigmate
920 4487 940 4526 :
969 4481 1092 4525 tunc
1115 4482 1290 4526 autem
1318 4475 1454 4543 facie
1477 4472 1547 4526 ad
1564 4472 1761 4540 faciem
1787 4482 1834 4527 ι.
1861 4472 2038 4539 Quare

2143 4474 2172 4526 ὁ
2193 4472 2443 4544 δεύτερος
2468 4469 2781 4524 ἐλαττοῦται
2811 4467 2907 4522 τοῦ
2943 4468 3151 4539 τρίτου,
3182 4466 3298 4534 είγε
3319 4464 3414 4518 νῦν
3459 4463 3562 4534 μὲν
3623 4464 3723 4516 Ἐν

468 4565 660 4634 etiam,
685 4564 818 4621 Cum
859 4567 1056 4620 venerit
1076 4565 1217 4636 quod
1246 4563 1536 4634 perfectum
1569 4575 1668 4631 est,
1696 4565 2043 4621 evacuabitur

465 4657 605 4727 quod
641 4672 706 4711 ea:
751 4665 904 4726 parte
947 4665 1094 4710 esti.
1140 4653 1207 4709 Et
1257 4655 1540 4709 considera
1578 4653 1812 4727 [quaeso]
1854 4655 2040 4711 divina

466 4749 744 4819 operantis
804 4746 1166 4802 Providentiae
1232 4745 1424 4818 1966
1486 4746 1940 4815 sapientissimum
1985 4757 2041 4802 et

467 4838 731 4909 :equalem
791 4840 1076 4895 trutinam.
1121 4839 1417 4894 Videbatur
1464 4837 1628 4894 Pater
1670 4838 1868 4908 priscis
1925 4838 2037 4894 illis

469 4930 796 4999 praecipuam
820 4929 1142 4998 dignitatem
1185 4927 1436 4984 obtinere
1462 4946 1476 4983 :
1504 4943 1830 5000 rursumque
1867 4928 2039 4985 Filius

467 5022 521 5075 in
557 5034 694 5074 nova
719 5019 837 5090 lege
866 5019 1186 5088 quibusdam
1221 5019 1508 5085 minorem,
1541 5031 1596 5075 at
1625 5021 1813 5075 multis
1852 5035 2038 5090 atqua-

467 5115 572 5170 lem
607 5131 621 5168 :
643 5111 888 5184 Spiritus
916 5127 1049 5168 vero
1083 5122 1305 5167 sanctus
1331 5113 1515 5168 multis
1541 5112 1828 5177 minorem,
1851 5113 2038 5183 paucis

464 5206 753 5278 aequalem.
786 5203 860 5261 Ut
885 5205 1052 5274 igitur
1083 5220 1150 5260 ex
1169 5205 1452 5260 hominum
1477 5204 1736 5273 opinione
1763 5215 1884 5260 orta
1907 5206 2038 5260 inte-

464 5302 697 5372 qualitas
736 5301 804 5355 ad
840 5300 1206 5372 equalitatem
1259 5300 1649 5364 reduceretur,
1692 5299 1902 5370 primus
1947 5300 2038 5358 ille

549 5439 568 5474 ¹
600 5437 645 5492 ll
671 5437 798 5494 Cor.
828 5455 870 5506 ι,
902 5438 994 5493 22.
1033 5446 1064 5477 ιι
1093 5437 1292 5505 Ephes.
1322 5453 1361 5502 l,
1399 5437 1497 5501 ll;
1532 5436 1690 5493 Rom.
1725 5439 1958 5502 vm,23.
2031 5449 2062 5480 ν
2088 5439 2420 5506 Matth.xxtt,
2450 5440 2544 5495 '50.

1362 5517 1384 5545 ι
1415 5508 1433 5560 l
1463 5507 1590 5562 Cor.
1621 5524 1743 5576 xm,
1776 5509 1864 5565 l2.
1959 5521 1987 5551 α
2020 5510 2155 5566 ibid.
2199 5511 2291 5564 l0.

465 5505 634 5565 Marc.
665 5519 749 5576 ll,
771 5505 874 5578 29;
901 5509 1035 5566 Luc.
1064 5525 1163 5576 xu,
1197 5507 1282 5563 l0.

2141 4566 2414 4632 ἐσόπτρῳ
2434 4565 2456 4596 ⁸
2479 4563 2792 4632 βλέπομεν
2838 4560 2938 4615 καί
2989 4560 3059 4614 ἐν
3105 4559 3426 4628 αἰνίγματι,
3461 4556 3595 4609 τότε
3651 4554 3723 4608 δὲ

2143 4657 2470 4725 πρόσωπον
2503 4654 2654 4722 πρὸς
2695 4652 3044 4721 πρόσωπον.
3074 4648 3167 4703 Διὸ
3200 4648 3318 4712 καὶ,
3355 4647 3544 4701 Ὅταν
3569 4643 3720 4712 ἕλοῃ

2141 4751 2210 4806 τὸ
2243 4750 2498 4817 τέλειον,
2532 4745 3049 4818 καταργηθήσεται
3096 4744 3164 4799 τὸ
3209 4743 3281 4798 ἐκ
3328 4741 3572 4812 μέρους.
3607 4741 3722 4793 Καὶ

2143 4843 2337 4897 σκόπει
2367 4843 2469 4911 τῆς
2503 4839 2763 4911 θεουργοῦ
2780 4839 2802 4871 ⁵
2831 4839 3093 4908 Προνοίας
3113 4836 3205 4889 τὸν
3233 4833 3510 4902 πάνσοφόν
3529 4848 3591 4884 τε
3624 4831 3723 4884 καὶ

2141 4934 2361 5008 ἀρρεπῆ
2387 4933 2568 5002 ζυγόν.
2593 4931 2722 5004 [525
2750 4928 2845 5002 Η.]
2890 4929 2948 4982 '0
2981 4927 3172 4999 Πατὴρ
3201 4925 3376 4980 ἐδόκει
3399 4925 3515 4988 τοῖς
3544 4921 3719 4976 πάλαι

2141 5029 2203 5082 τὸ
2252 5025 2436 5097 μεῖζον
2483 5024 2646 5094 ἔχειν,
2693 5023 2722 5076 ό
2773 5021 2900 5084 Υἱὸς
2929 5020 2988 5073 δὲ
3039 5019 3203 5074 πάλιν
3247 5017 3392 5070 κατά
3433 5016 3535 5084 τὴν
3589 5013 3720 5068 νέαν

2142 5117 2306 5180 ἐνίοις
2346 5117 2446 5187 μὲν
2483 5115 2545 5168 τὸ
2590 5113 2827 5176 ἔλαττον,
2861 5114 2974 5174 τοῖς
3022 5110 3239 5174 πολλοῖς
3289 5108 3346 5162 δὲ
3377 5107 3440 5160 τὸ
3475 5105 3622 5160 ῐσον’
3653 5107 3721 5159 τὸ

2140 5209 2200 5262 δὲ
2242 5209 2397 5278 ἆγιον
2427 5205 2655 5276 Πνεῦμα
2689 5207 2799 5268 τοῖς
2836 5203 3051 5267 πολλοῖς
3085 5202 3185 5273 μὲν
3230 5199 3292 5253 τὸ
3325 5198 3570 5265 ἔλαττον,
3599 5195 3717 5250 ὀλί-

2141 5317 2259 5369 γοις
2284 5300 2340 5353 δὲ
2365 5298 2428 5352 τὸ
2464 5298 2597 5354 ἴσον.
2640 5297 2755 5350 Ἵνα
2782 5293 2875 5349 οὖν
2901 5295 2965 5348 τὸ
2997 5294 3184 5350 ἄνισον
3229 5292 3291 5347 τὸ
3321 5291 3432 5346 ἀπὸ
3475 5291 3580 5362 τῆς
3607 5289 3719 5344 τῶν

2647 5452 2675 5480 ι
2699 5436 2859 5493 Joan.
2891 5451 2968 5504 Iv,
2992 5435 3084 5492 24.
3201 5441 3231 5477 τ
3261 5432 3456 5490 Matth.
3492 5447 3596 5499 xu,
3621 5432 3713 5499 εἰς

1772 5600 2010 5659 ἾΑΠΙΔΕ
2057 5602 2189 5658 LEC
2200 5600 2471 5657 TIONES.

530 5713 588 5786 ’ξ
628 5713 925 5786 hrpaga]
953 5714 992 5770 ll
1020 5715 1150 5772 Cor.
1190 5732 1231 5776 ι.
1269 5717 1362 5774 ‘22.

1467 5719 1515 5791 es
1547 5717 1841 5791 πολλαχοῦ]
1883 5717 2504 5791 ἀλλαχοῦηοξεςίιειριιε.

463 5783 829 5888 FBHM“
856 5783 975 5888 i'll:
1000 5787 1220 5888 33:»:
1236 5788 1331 5888 ﬁ".
1349 5787 1482 5888 ιρις]
1519 5783 2038 5888 .¹έῖἱ¹⁸¹ί¹ξ¹ίέ¹ι.ῖ⁵9ξ

2139 5785 2651 5888 ετπξξὲιι31.υέξ³ξ;
2702 5783 2894 5888 1W-

2605 5716 2652 5755 "
2689 5711 2919 5785 άρῥα6.]
2978 5711 3399 5785 Ephes._l,_ii._
3465 5709 3511 5744 ’⁸
3540 5708 3650 5785 ἀπα

2972 5785 2990 5814 ³
3019 5777 3192 5855 πᾶσαι
3251 5782 3443 5838 Matth.
3492 5794 3587 5844 ιιι,
3619 5777 3713 5832 5i.

524 5855 698 5920 οὕτως
719 5873 781 5921 ς.
861 5855 882 5890 ⁸
911 5859 969 5912 ὲν
999 5856 1282 5930 ὶσόπτρῳ]
1317 5861 1334 5915 1
1361 5855 1486 5916 Cori
1517 5875 1638 5926 xm,
1671 5859 1758 5914 l2.
1833 5862 1855 5894 ⁸
1886 5858 2174 5934 θεουργοῦ]
2207 5855 2542 5930 δημιουργοῦ
2578 5871 2663 5928 pr.
2694 5856 2758 5909 Δ.
