4030 6248
372 341 480 404 789
1429 346 1957 409 BlBLIOTHECA.
1978 370 2055 380 -ί
2082 346 2245 407 COD.
2284 344 2565 406 CCXXII.
3516 337 3647 402 790‘

374 451 682 524 ἀνθρώπων
714 451 1039 524 ὑπολήψεως
1070 468 1152 514 εις
1200 450 1422 521 ἰσότητα
1450 454 1756 526 ὲπαναχθῇ,
1786 457 1816 508 6
1850 455 1949 524 μὲν
1977 507 1982 516 ,

2088 467 2209 508 arra:
2230 452 2541 521 motus,qui
2563 450 2706 505 Patri
2724 449 3016 505 attributus
3038 456 3140 514 est,
3162 447 3426 503 minorem
3444 446 3625 519 digni-

376 544 593 616 πρῶτος
621 546 866 614 σεισμὸς,
896 545 955 608 ὃς
983 543 1263 615 ἀφώριστο
1300 543 1378 612 τῷ
1420 545 1614 614 Πατρὶ,
1642 546 1703 599 τὸ
1731 546 1949 600 ἔλαττον

2088 554 2218 599 item
2232 542 2745 599 habuitzsecundns
2762 540 2910 606 dein,
2932 540 3021 610 qui
3045 539 3168 595 Filii
3204 550 3345 605 erat,
3384 539 3479 594 illo
3512 556 3622 594 ma-

376 634 555 703 ἔσχεν,
584 636 612 687 ό
643 632 700 685 δὲ
730 634 1005 705 δεύτερος,
1038 634 1096 698 ὃς
1127 629 1195 706 ἦν
1219 633 1297 704 τῷ
1330 632 1464 703 Υίῷ,
1492 634 1554 686 τὸ
1581 635 1792 689 ἐκείνου
1833 639 1951 707 μεῖ-

2088 651 2223 692 >rem
2254 654 2267 690 :
2298 636 2598 704 tertiusque
2617 633 2853 702 Spiritus
2873 632 3070 700 sancti,
3090 640 3320 699 utroque
3339 630 3615 685 excellen-

377 725 489 791 ζον,
516 725 611 779 καὶ
639 727 668 779 δ
694 725 788 779 τοῦ
817 726 1133 792 Πνεύματος
1166 727 1370 797 ἀμφοῖν
1399 724 1686 796 ὑπερέχον.
1718 728 1828 781 Kal.
1851 730 1952 799 ὅρα

2088 744 2269 784 ιπειη.
2291 731 2367 782 lta
2390 727 2537 782 clare
2568 726 2890 796 perspicias,
2915 726 3187 795 quomodo
3219 739 3340 794 quae
3364 725 3417 777 in
3447 724 3620 778 ltomi—

379 819 566 889 σαφῶς
595 819 798 891 ὅπωςὴ
836 821 895 873 ὲν
916 822 1038 882 ταῖς
1072 820 1180 873 τῶν
1214 820 1519 890 ἀνθρώπων
1556 820 1739 887 δόξαις
1766 822 1952 875 ἀνισό-

2088 836 2176 875 um
2209 820 2562 888 estOpinione
2597 818 2962 887 inaequalitas,
2993 832 3089 885 per
3117 817 3280 872 trium
3311 826 3619 885 temporum

375 928 481 981 της
517 910 605 964 διὰ
625 912 647 943 ⁸
679 910 782 981 τῆς
809 911 918 965 τῶν
950 910 1117 981 τριῶν
1145 912 1353 983 καιρῶν
1382 914 1695 984 ἀνισότητος
1740 914 1819 975 εἰς
1851 913 1952 983 ἀρ·

2093 912 2500 983 raequalitatem,
2521 912 2572 965 in
2600 911 2971 966 admirandam
2994 926 3059 966 ac
3071 910 3321 965 stabilem
3340 909 3624 978 aequalita-

380 1002 726 1073 ρεπεστάτην
756 1020 815 1055 τε
842 1004 940 1056 καὶ
962 1003 1272 1074 θαυμασίαν
1310 1004 1674 1075 συνεδιϐάσθη
1705 1004 1950 1076 ἰσότητα,

2088 1020 2161 1061 3m
2192 1004 2405 1071 coierit,
2436 1002 2726 1058 Trinitatis
2752 1001 3034 1070 majestate
3075 1000 3245 1056 veluti
3281 1000 3638 1070 splendorem.

380 1097 512 1172 [625
538 1096 631 1170 8.]
670 1101 771 1169 τῆς
799 1098 1087 1170 τριαδικῆς
1125 1099 1385 1171 θεαρχίας
1411 1100 1600 1174 ὥσπερ
1628 1102 1803 1172 αὐγήν
1832 1118 1954 1154 τινα

2095 1095 2346 1150 uemdam
2380 1110 2445 1150 ac
2478 1094 2652 1150 lucem
2696 1094 3022 1163 accipiente.
3064 1093 3217 1161 Quod
3267 1108 3400 1149 vero
3432 1092 3523 1163 qui
3571 1092 3625 1146 in

380 1190 838 1262 παραδεξαμένη⁷
876 1191 972 1245 καὶ
997 1190 1279 1262 ἔλλαμψιν.
1316 1192 1441 1247 ’Ὁτι
1469 1193 1525 1246 δὲ
1555 1195 1589 1265 ἡ
1640 1195 1699 1247 ὲν
1755 1193 1959 1265 Τριάδιη

2088 1190 2325 1243 Trinitate
2372 1197 2454 1243 est
2476 1188 2651 1252 ordo,
2699 1186 2844 1255 vulgi
2882 1187 3148 1242 duntaxat
3215 1184 3623 1240 ordinationem

378 1280 535 1346 τάξις
566 1283 668 1347 τὴν
709 1281 819 1334 τῶν
851 1281 1063 1335 πολλῶν
1105 1282 1419 1354 οἰκονομίαν
1460 1284 1800 1355 στοχάζεται,
1841 1285 1954 1337 ἀλλ’

2088 1289 2287 1349 pectet,
2334 1294 2441 1333 non
2473 1288 2653 1332 autem
2692 1293 2781 1332 ει·
2810 1275 3069 1332 ineﬂ'abili
3115 1284 3173 1332 et
3224 1272 3631 1345 supernaturali

379 1373 483 1427 οὐκ
510 1372 619 1426 άπὸ
645 1373 745 1443 τῆς
776 1373 1091 1444 ὑπερφυοῦς
1129 1374 1344 1446 ἐκείνης
1388 1377 1483 1430 καὶ
1532 1378 1775 1449 ἀρρήτου
1831 1378 1958 1448 βλα-

2088 1381 2251 1425 ιιιυιτι
2279 1377 2588 1438 promanet,
2624 1382 2949 1423 arcanorum
2984 1366 3077 1423 ille
3108 1376 3284 1438 mysta
3321 1366 3499 1429 docet,
3522 1364 3618 1434 qui

384 1464 571 1519 στάνει
598 1464 844 1535 φύσεως,
875 1468 904 1520 6
926 1465 1038 1519 τῶν
1084 1468 1415 1540 ἀπορρήτων
1449 1469 1658 1541 μύστης
1688 1471 1954 1532 διδάσκει,

2088 1460 2317 1515 iivinitus
2363 1474 2483 1513 eam
2537 1458 2931 1512 institutionem
2966 1456 3198 1526 accepit,
3235 1465 3294 1509 ut
3335 1453 3530 1509 Filium
3566 1462 3623 1506 et

381 1556 440 1618 ὃς
472 1556 569 1609 καὶ
590 1557 681 1609 τὸν
712 1557 840 1610 Υἱὺν
869 1558 967 1611 καὶ
988 1557 1215 1629 Πνεῦμα
1244 1558 1542 1630 θεόληπτον
1574 1559 1774 1631 μύησιν
1801 1561 1959 1631 ἔσχεν

2088 1548 2325 1618 ipiritum
2362 1546 2689 1616 quandoque
2728 1556 2854 1601 ante
2895 1544 3115 1600 Patrem
3166 1544 3372 1599 locaret
3409 1563 3423 1601 :
3474 1544 3627 1599 Divi-

383 1646 556 1699 tvio-re
613 1645 710 1699 τοῦ
768 1647 981 1717 Πατρδς
1025 1647 1346 1719 προτάττειν
1375 1665 1389 1680 °
1426 1651 1791 1718 Διαιρέσεις⁸
1849 1651 1958 1722 γὰρ

2089 1641 2230 1693 iones
2286 1637 2425 1693 enim
2476 1638 2773 1706 gratiarum
2831 1648 2978 1701 sunt,
3035 1636 3232 1706 inquit,
3281 1636 3421 1689 idem
3460 1646 3634 1689 autem

384 1736 771 1805 χαρισμάτων
822 1738 964 1803 εἶσὶ,
1010 1738 1109 1792 καὶ
1166 1739 1232 1793 τό
1273 1739 1440 1801 αὐτὸ,
1475 1742 1629 1810 φησὶ,
1671 1741 1956 1812 Πνεῦμα·

2088 1728 2293 1798 ipiritus
2327 1747 2346 1784 :
2378 1729 2658 1782 divisiones
2689 1728 3167 1791 ministrationum,
3201 1736 3250 1781 et
3278 1728 3414 1781 idem
3444 1725 3634 1779 Domi-

383 1799 708 1896 διαιρέσεις
731 1830 801 1883 δὲ
824 1799 1163 1899 διακονιῶν,
1187 1834 1284 1887 καὶ
1315 1836 1349 1888 ὀ
1583 1799 1799 1904 Ιέύριος
1819 1799 1959 1891 ’.καὶ

2088 1834 2164 1872 tus
2185 1834 2203 1872 :
2228 1828 2276 1873 et
2322 1818 2602 1871 divisiones
2646 1818 3032 1885 operationum,
3059 1817 3298 1887 idemque
3324 1815 3463 1869 Deus
3486 1816 3537 1866 δ.
3555 1812 3636 1869 Λᾶ

384 1919 709 1989 διαιρέσεις
735 1920 1171 1992 ἐνεργημάτων,
1208 1924 1305 1978 καὶ
1351 1926 1384 1978 ό
1423 1927 1602 1993 αὐτὸς
1645 1930 1808 1995 Θεός.
1849 1930 1961 1984 Kal.

2088 1909 2289 1965 lalatas
2318 1923 2532 1978 quoque
2558 1909 2802 1964 scribens
2827 1923 2847 1961 :
2873 1906 3079 1963 Paulus
3119 1906 3411 1976 apostolus,
3444 1922 3546 1960 non
3573 1904 3637 1958 ab

387 2012 525 2081 πρὸς
558 2013 799 2077 Γαλάτας
822 2016 864 2046 ’⁸
897 2017 1138 2083 Παῦλος
1186 2021 1221 2073 ό
1262 2020 1629 2087 ἀπόστολος,
1696 1994 1808 2076 οῦκ
1857 2023 1958 2078 ἀπ’

2088 2001 2387 2064 rominibus,
2426 2016 2591 2069 neque
2632 2014 2726 2068 per
2763 1998 3023 2062 homines,
3051 1998 3141 2052 sed
3166 2014 3257 2068 per
3275 1996 3461 2051 Iesum
3493 1994 3641 2050 Chri-

386 2103 713 2171 ἀνθρώπων
749 2106 893 2160 οὐδὲ
936 2106 1011 2162 δι’
1034 2108 1384 2177 ἀνθρώπων,
1418 2084 1597 2168 ἁλλὰ-
1618 2112 1719 2167 διὰ
1764 2116 1961 2183 Ἰησοῦ

2088 2102 2226 2157 itum,
2257 2099 2306 2145 et
2331 2090 2494 2145 Deum
2513 2088 2729 2144 Patrem
2750 2100 2799 2142 ο.
2819 2087 3000 2155 Quare
3014 2088 3159 2157 quod
3183 2086 3379 2142 divina:
3406 2084 3642 2140 Trinita-

386 2195 646 2262 Χριστοῦ
674 2198 771 2249 καὶ
815 2198 965 2253 Θεοῦ
992 2203 1246 2270 Πατρός.
1282 2202 1446 2257 Ὥστε
1472 2205 1533 2258 τὸ
1565 2178 1962 2275 προτάττεσθαι

2088 2188 2169 2251 is,
2199 2199 2318 2254 qua:
2345 2196 2563 2245 omnem
2600 2192 2652 2238 et
2693 2182 2940 2237 ordinem
2975 2191 3030 2235 et
3062 2194 3370 2236 sermonem
3404 2178 3637 2240 excedit,

388 2287 486 2337 καὶ
514 2284 915 2341 ὑποτάττεσθαι
962 2288 1030 2343 τὰ
1052 2290 1095 2322 ¹⁰
1128 2292 1227 2360 τῆς
1258 2291 1557 2364 θεαρχικῆς
1586 2294 1817 2365 Τριάδος
1868 2296 1964 2351 καὶ

390 2379 574 2432 πᾶσαν
598 2378 750 2444 τάξιν
778 2380 871 2433 καὶ
908 2380 1087 2435 πάντα
1114 2381 1271 2451 λόγον
1311 2384 1685 2458 ὑπερεχούσης
1726 2389 1966 2459 ὀνόματα

389 2469 492 2540 οὑχ
548 2470 739 2541 είρμόν
795 2488 920 2525 τινα
975 2473 1205 2542 φυσικὸν
1262 2474 1519 2542 διασώζει
1565 2478 1790 2545 τάξεως,
1830 2480 1967 2535 ἀλλὰ

392 2564 533 2633 πρὸς
559 2563 660 2634 τὴν
690 2563 801 2616 τῶν
831 2564 1119 2636 ἀκροατῶν
1152 2568 1430 2638 σωτηρίαν
1478 2571 1845 2643 οἰκονομεῖται
1874 2574 1968 2628 καὶ

390 2653 836 2709 διαποικίλλεται.
888 2655 1076 2711 Ταῦτα
1117 2657 1218 2729 μὲν
1265 2658 1360 2713 οῦν
1387 2659 1429 2692 ¹¹
1486 2663 1516 2715 6
1549 2662 1757 2728 κλεινός
1784 2681 1843 2718 τε
1873 2666 1970 2719 καὶ

390 2741 504 2796 τῶν
536 2742 696 2797 θείων
727 2745 1066 2816 μαθημάτων
1093 2747 1359 2821 διάπυρος
1380 2749 1620 2823 ἐραστὴς
1643 2753 1860 2808 κατὰτὸ
1888 2754 1970 2809 λα’

392 2850 455 2886 τε
494 2834 592 2888 καὶ
630 2835 673 2907 β’
705 2836 1005 2908 κεφάλαιον
1034 2840 1540 2916 φιλοπονησάμενος
1584 2848 1974 2921 ἐπραγματεύ-

396 2942 549 2979 σατο.

481 3018 569 3071 Ἐν
599 3019 656 3073 δὲ
686 3020 764 3093 τῷ
795 3020 922 3094 ἑξῆς
950 3025 1234 3098 κεφαλαίῳ
1280 3028 1463 3093 αἰτίας
1509 3030 1693 3103 τίθησι
1743 3033 1812 3088 δι’
1841 3034 1910 3100 ἃς
1938 3036 1973 3106 ή

2071 2275 2289 2329 nomina
2327 2271 2489 2327 modo
2536 2281 2944 2343 praeponantur,
2987 2271 3147 2327 modo
3201 2279 3595 2339 postponantur
3622 2309 3637 2334 ,

2072 2383 2183 2423 non
2219 2367 2267 2420 id
2302 2366 2501 2421 seriem
2536 2365 2778 2434 aliquam
2824 2367 3127 2420 naturalem
3181 2375 3384 2429 tuetur,
3425 2364 3518 2419 sed
3573 2363 3639 2417 ad

2073 2459 2380 2514 auditorum
2413 2457 2645 2513 salutem
2674 2458 2823 2513 varie
2845 2459 3312 2515 accommodatur.
3352 2456 3477 2512 Haec
3514 2470 3644 2511 vero

2076 2552 2310 2624 inclytus
2348 2553 2667 2622 ardensque
2708 2552 3020 2607 divinarum
3062 2551 3470 2624 disciplinarum
3496 2565 3644 2604 ama-

2078 2655 2161 2699 tor
2190 2643 2467 2699 tricesimo
2501 2644 2676 2713 primo
2708 2644 2887 2714 capite
2909 2653 2965 2700 et
2990 2643 3166 2700 altero
3214 2645 3464 2700 studiose
3492 2642 3643 2697 labo-

2078 2736 2249 2792 rando
2273 2734 2646 2807 pertractavit.

2152 3036 2245 3094 55.
2292 3034 2557 3091 Proximo
2595 3033 2794 3091 dehinc
2838 3033 3017 3103 capite
3080 3046 3276 3088 causas
3319 3030 3518 3095 reddit,
3551 3044 3649 3084 cur

396 3111 611 3166 Παλαιὰ
642 3116 736 3167 καὶ
758 3116 872 3168 Νέα
898 3117 1141 3189 Διαθήκη
1171 3117 1250 3189 τῷ
1273 3120 1563 3194 δυσλήπτῳ
1583 3142 1641 3177 τε
1664 3126 1756 3178 καὶ
1783 3126 1976 3198 δυσερ-

2088 3135 2191 3180 lam
2237 3123 2448 3181 Novum
2495 3139 2656 3195 quam
2695 3122 2865 3179 Vetus
2916 3122 3327 3178 Testamentum
3370 3119 3652 3175 intellectu

401 3205 651 3277 μηνεύτῳ
695 3208 1049 3277 ποικίλλεται,
1078 3212 1127 3265 εί
1158 3215 1252 3265 καὶ
1307 3214 1509 3284 μᾶλλον
1548 3216 1705 3288 μὲνή
1742 3219 1975 3283 Παλαιὰ,

394 3293 561 3370 ἦττον
588 3298 644 3351 δὲ
672 3300 741 3352 τὰ
777 3300 878 3370 τῆς
906 3302 1150 3372 χάριτος.
1170 3304 1283 3358 Καὶ
1305 3307 1400 3360 ἐπὶ
1432 3308 1533 3377 μὲν
1560 3307 1653 3362 τοῦ
1684 3311 1981 3366 Μωσαῖκοῦ

397 3390 727 3460 γράμματός
758 3410 923 3464 φησιν
967 3395 1072 3461 ὅτι,
1105 3396 1231 3450 ἐπεὶ
1259 3398 1433 3463 τύπος
1457 3395 1525 3472 ἦν
1556 3402 1651 3455 καὶ
1699 3405 1828 3457 σκιὰ
1874 3404 1983 3459 τῶν

403 3481 705 3551 μελλόντων
738 3485 980 3553 ἀγαθῶν,
1012 3488 1238 3551 είκότως
1259 3490 1335 3554 ὡς
1367 3491 1427 3545 ὲν
1453 3495 1588 3566 σκιᾷ
1617 3510 1677 3547 τε
1704 3495 1798 3548 καὶ
1823 3496 1982 3568 τύπῳ

400 3574 496 3625 καὶ
552 3573 692 3628 αὑτά
713 3575 756 3605 ¹¹
784 3577 852 3628 τά
884 3578 1108 3647 ῥήματα
1155 3580 1252 3633 καὶ
1282 3582 1385 3651 τὴν
1426 3583 1535 3637 τῶν
1569 3586 1829 3655 ῥημάτων
1867 3605 1986 3642 συνο

401 3657 581 3728 θήκην
610 3659 995 3730 προϐάλλεται,
1030 3664 1100 3718 δι’
1133 3661 1210 3721 ὧν
1238 3671 1436 3740 κρατεῖ
1473 3671 1507 3740 ἠ
1546 3671 1803 3743 ἀσάφεια.
1835 3677 1985 3750 Πλήν

402 3751 641 3839 γεκατὰ
680 3753 779 3815 τὰς
812 3751 1006 3818 διπλᾶς
1052 3758 1153 3827 τῆς
1192 3759 1517 3829 νομοθεσίας
1554 3762 1769 3829 πλάκας
1791 3766 1984 3839 διπλῆν

405 3837 502 3888 καὶ
537 3837 637 3906 τὴν
676 3839 867 3910 χρείαν
920 3845 1246 3916 παρέχεται,
1283 3849 1397 3913 τοῖς
1459 3851 1562 3921 μὲν
1612 3837 1984 3927 ἀναϐεϐηκόσι

406 3927 499 4023 τὸν
532 3929 657 3983 νοῦν
693 3931 791 4003 τὴν
831 3934 1027 4007 αἴγλην
1068 3937 1275 3995 ἔσωθεν
1321 3943 1855 4017 ἀπαστράπτοντα¹³
1886 3952 1986 4023 τὴν

405 4021 501 4072 τοῦ
532 4023 867 4092 Πνεύματος,
895 4030 1022 4093 τοὺς
1058 4030 1117 4083 δὲ
1166 4034 1512 4107 παχυτέρους
1545 4021 1987 4111 ψυχαγωγοῦντα

406 4116 472 4180 τῇ
523 4118 862 4190 σκιαγραφίᾳ
902 4121 997 4175 τοῦ
1044 4125 1393 4197 γράμματος.
1445 4128 1785 4203 Ἐκέκρυπτο
1822 4135 1879 4189 δὲ
1919 4137 1989 4191 τὰ

412 4204 675 4297 μέλλοντα
707 4210 909 4279 άγαθὰ,
943 4206 1019 4267 ὧν
1047 4216 1080 4286 ή
1107 4216 1208 4287 τῆς
1236 4217 1466 4288 Τριάδος
1504 4224 1707 4290 γνῶσις
1730 4225 1795 4278 τὸ
1820 4228 1990 4297 κεφά-

410 4296 583 4390 λαιον,
606 4299 674 4353 δι’
706 4303 775 4366 ἃς
823 4305 1004 4369 αἰτίας
1048 4307 1310 4372 πολλάκις
1353 4313 1795 4387 ἀποδεδώκαμεν,
1846 4296 1988 4390 λέγω

410 4389 478 4458 δὴ
510 4391 599 4444 διά
634 4409 694 4446 τε
732 4394 841 4447 τῶν
881 4397 1166 4467 ἀκροατῶν
1201 4400 1262 4453 τδ
1302 4401 1526 4469 ἀσθενὲς
1554 4410 1649 4459 καὶ
1692 4408 1782 4463 διὰ
1807 4410 1868 4463 τδ
1893 4389 1989 4465 λει-

2082 3228 2246 3288 atque
2282 3217 2573 3287 explanatu
2614 3215 2925 3271 dililcilibus
2973 3214 3105 3269 locis
3155 3213 3507 3268 intertextum
3558 3210 3652 3277 sit,

2082 3311 2182 3365 etsi
2228 3309 2398 3365 Vetus
2443 3308 2855 3364 TeStameutum
2894 3307 3034 3377 plus,
3066 3306 3247 3362 minus
3288 3320 3418 3360 vero
3443 3302 3653 3359 Novum

2085 3402 2394 3471 hujusmodi
2441 3380 2818 3456 diliicnltatum
2847 3400 3073 3454 habeat.
3109 3396 3177 3452 Et
3218 3411 3382 3466 super
3419 3396 3656 3453 Mosaico

2086 3495 2308 3562 quidem
2348 3492 2554 3563 scripto
2590 3491 2844 3559 aﬂirmat,
2887 3488 3327 3561 quandoquidem
3363 3499 3521 3560 typus
3564 3489 3656 3544 illa

2084 3595 2240 3642 erant
2276 3595 2331 3641 et
2359 3586 2551 3640 umbra
2590 3582 2894 3639 futurorum
2930 3583 3220 3645 bonorum,
3277 3580 3475 3636 merito
3515 3589 3575 3635 ut
3602 3580 3655 3635 in

2089 3688 2215 3750 typo
2238 3689 2402 3747 atque
2422 3681 2614 3732 umbra
2638 3690 2759 3731 cum
2790 3675 2957 3737 verba
2984 3683 3099 3728 tum
3124 3671 3416 3728 verborum
3438 3686 3661 3743 compo-

2087 3770 2339 3827 sitionem
2368 3768 2634 3838 ejusmodi
2656 3767 2927 3840 prol‘erre,
2965 3781 3065 3838 per
3100 3781 3219 3836 quae
3262 3773 3538 3821 cresceret
3560 3765 3660 3820 ob-

2088 3864 2344 3918 scuritas.
2372 3863 2693 3931 Quanquam
2719 3860 2835 3916 haec
2860 3859 2915 3914 in
2942 3857 3254 3928 duplicibus
3272 3856 3409 3928 legis
3432 3856 3655 3923 tabulis,

2088 3955 2357 4024 geminam
2401 3968 2621 4026 quoque
2664 3952 2953 4009 utilitatem
2997 3955 3301 4020 prazbeant,
3343 3963 3466 4004 cum
3511 3957 3567 4005 et
3596 3949 3664 4006 iis

2088 4048 2177 4117 qui
2241 4056 2417 4101 mente
2500 4047 2662 4102 altius
2746 4045 3145 4110 ascenderunt,
3197 4041 3390 4113 197a
3438 4041 3666 4098 interius

2090 4152 2249 4192 suum
2279 4138 2502 4206 spiritus
2545 4138 2722 4192 lumen
2750 4136 2913 4191 veluti
2954 4134 3320 4197 all‘ulminant,
3345 4141 3399 4187 et
3427 4129 3664 4186 crassio-

2093 4246 2180 4283 res
2219 4230 2413 4284 litterae
2452 4230 2865 4285 obumbratione
2906 4228 3194 4284 delectant.
3241 4221 3666 4280 Abscondeban-

2095 4331 2182 4377 tnr
2204 4331 2386 4376 autem
2421 4320 2601 4376 futura
2629 4320 2791 4387 bona,
2818 4320 2872 4375 in
2899 4320 3095 4390 quibus
3121 4316 3359 4389 cognitio
3383 4310 3668 4370 Trinitatis

2094 4425 2257 4487 caput
2294 4424 2401 4480 est,
2434 4416 2504 4471 ob
2540 4429 2637 4470 eas
2678 4410 2959 4486 [maxime]
2992 4424 3221 4474 causas,
3247 4422 3383 4477 quas
3410 4406 3523 4477 jam
3560 4420 3665 4460 sas.

412 4480 524 4580 θείν
558 4484 648 4538 τὸν
676 4485 915 4557 ἄρχοντα
963 4490 1061 4543 τοῦ
1115 4491 1367 4559 σκότους,
1421 4500 1515 4550 καὶ¹
1560 4499 1745 4569 τρίτον
1796 4502 1884 4557 ἵνα
1924 4506 1982 4557 ὲκ

2091 4480 2394 4580 penumero
2427 4480 2784 4571 tradidimus,
2812 4480 3033 4573 propter
3061 4498 3394 4555 audientium
3423 4494 3667 4550 imbecil-

414 4575 583 4669 μέσου
616 4579 897 4644 παντελῶς
938 4582 1080 4654 ἀρθῇ
1131 4584 1194 4637 τὸ
1242 4586 1524 4656 πολύθεον,
1556 4593 1828 4665 μηδεμιᾶς
1857 4613 1993 4669 προ-

412 4668 632 4734 φάσεως
657 4672 772 4734 τοῖς
804 4672 1247 4745 πεπλανημένοις
1278 4697 1344 4733 τε
1365 4683 1458 4734 καὶ
1495 4668 1992 4757 άμαθεστέροιςὲκ

410 4758 507 4811 τοῦ
549 4760 649 4831 τὴν
674 4762 881 4834 Τριάδα
916 4768 1287 4837 κηρύττεσθαι
1324 4774 1513 4843 σαφῶς
1547 4777 1639 4829 καὶ
1672 4780 1843 4849 χωρὶς
1877 4799 1988 4835 πα-

414 4853 860 4926 ρακαλυμμάτων
903 4859 1341 4935 ὑπολειπομένης
1390 4864 1530 4931 πρὸς
1562 4867 1850 4939 πλάνησιν.
1883 4872 1993 4926 Καὶ

411 4945 556 4999 ἔοικε
585 4947 654 5002 τά
687 4949 810 5020 ιερὰ
840 4949 1153 5021 Γράμματα
1193 4956 1461 5025 χρυσίτιδι
1499 4960 1592 5030 γῇ,
1621 4959 1745 5030 ἦτις
1781 4963 1841 5015 οὐ
1878 4966 1989 5019 πᾶ-

413 5052 500 5088 σιν
519 5036 641 5091 οὐδὲ
668 5040 781 5102 τοῖς
805 5041 1079 5111 τυχοῦσιν,
1106 5040 1236 5114 [524
1261 5042 1356 5116 Η.]
1382 5044 1520 5099 ἀλλὰ
1549 5049 1663 5110 τοίς
1686 5049 1989 5117 φιλοπόνως

412 5128 510 5181 καὶ
543 5130 925 5202 ἐπιστημόνως
957 5133 1352 5204 μεταλλεύουσι
1380 5137 1442 5189 τό
1473 5154 1533 5190 τε
1573 5142 1799 5209 χρυσίον
1843 5142 1991 5198 δόκι-

416 5236 516 5287 μον
568 5222 664 5275 καὶ
710 5223 772 5276 τὸ
823 5224 1014 5296 κέρδος
1067 5227 1178 5282 τῶν
1230 5228 1411 5282 πόνων
1451 5229 1636 5300 μεῖζον
1667 5235 1990 5306 παρέχεται.

414 5312 627 5384 Ὠσπερ
653 5311 748 5371 οῦν
777 5317 969 5383 πενίας
999 5320 1099 5375 οὐκ
1147 5319 1552 5375 ἀπαλλάττεται
1594 5325 1624 5377 ό
1653 5324 1753 5398 τὴν
1797 5331 1996 5398 μεταλ-

521 5454 549 5493 ιι
576 5451 593 5507 l
619 5452 745 5511 Cor.
793 5471 892 5526 stt,
922 5455 1015 5514 24.
1080 5469 1102 5497 ο
1138 5456 1318 5514 Galat.
1349 5474 1387 5524 ι,
1416 5460 1469 5515 ι.

2088 4601 2319 4667 litatem,
2356 4600 2606 4670 inquam,
2645 4607 2810 4667 utque
2847 4593 3196 4650 tenebrarum
3242 4588 3541 4661 principem
3590 4585 3667 4640 ia.

2092 4701 2273 4748 terent
2313 4709 2328 4748 :
2372 4691 2667 4747 multorum
2728 4689 2953 4743 deorum
3012 4685 3234 4748 cultus,
3304 4695 3426 4737 cum
3491 4677 3670 4733 nullus

2092 4781 2400 4855 [deinceps]
2434 4779 2745 4838 errantibus
2779 4788 2942 4847 atque
2982 4772 3412 4845 imperitioribus
3457 4768 3666 4825 erroris

2092 4876 2175 4929 sui
2208 4884 2507 4945 praetentus
2537 4873 2939 4941 relinqueretur
2981 4885 3045 4924 ex
3073 4867 3221 4924 clara
3241 4877 3296 4923 et
3327 4864 3549 4919 minime
3564 4875 3669 4915 ive-

2097 4965 2205 5021 lata
2253 4965 2537 5022 Trinitatis
2568 4962 2975 5037 praedicatione.
3012 4960 3080 5016 Ut
3107 4975 3278 5016 sacrae
3314 4957 3533 5012 Litterae
3560 4967 3669 5008 non

2098 5056 2396 5112 dissimiles
2437 5070 2617 5110 aureae
2654 5063 2813 5109 terrae
2858 5052 3170 5115 videantur,
3206 5062 3329 5119 quae
3363 5062 3465 5101 non
3497 5042 3673 5098 omni-

2100 5149 2201 5203 bus
2225 5163 2399 5216 neqne
2422 5147 2753 5218 vulgaribus,
2771 5146 2864 5200 sed
2886 5143 3160 5199 laboriose
3180 5147 3394 5195 tantum
3411 5151 3475 5189 ac
3498 5133 3673 5189 scien-

2103 5250 2186 5295 ter
2233 5238 2722 5310 perscratantibus,
2782 5251 2975 5291 aurum
3036 5233 3319 5303 probatum
3373 5237 3429 5282 et
3462 5226 3669 5279 lucrum

2104 5332 2293 5387 labore
2320 5328 2513 5400 majus
2545 5330 2772 5402 praebet.
2815 5324 3277 5396 Quemadmodum
3322 5320 3505 5388 itaque
3541 5331 3674 5385 pau-

1701 5578 1936 5637 VARIE
1979 5580 2387 5639 LECTIONES.

497 5666 517 5696 ⁸
541 5666 711 5751 διεχᾼ
739 5670 1004 5751 ε-καὶηςι
1063 5671 1084 5702 ⁷
1113 5670 1564 5751 παραδεξαμένη-
1588 5674 1677 5751 AC
1708 5699 1720 5735 :
1782 5679 2238 5751 παραδεξαμένην
2285 5699 2346 5745 ς.
2424 5678 2466 5751 '7
2501 5675 2699 5751 διαιρ.]
2726 5673 2753 5751 Δ1
2826 5674 2955 5730 Cor.
2990 5685 3087 5737 ιιι,
3136 5670 3190 5723 4.
3232 5737 3245 5751 .
3267 5668 3289 5698 ⁹
3316 5663 3468 5737 Γαλ.]
3517 5642 3671 5751 lu!)-

417 5736 464 5824 [⁸
502 5737 567 5824 ’ξᾲ
589 5740 713 5824 add.
739 5740 803 5796 C.
879 5730 1041 5824 ¹ᾗόῦν
1081 5753 1137 5797 et
1159 5730 1303 5824 mox.
1334 5730 1420 5796 ’τὲ
1462 5730 1587 5824 add.
1616 5730 1680 5804 A'.
1709 5730 1720 5735 ⁷
1762 5730 2250 5824 “iis
2428 5730 2953 5819 ¹³άπαᾶτράπτοντα
2978 5752 3033 5797 et
3067 5730 3189 5797 mox
3219 5730 3681 5809 tltuxayw'yoﬁvsal

421 5809 623 5866 rectius
657 5810 1050 5883 ἀπαστράπτον
1088 5842 1156 5852 -·
1192 5812 1575 5884 ψυχαγωγοῦν.
