4030 6248
433 330 536 400 791

1594 331 1859 393 PHOTII
1895 333 2403 395 PATRIARCH/E
2433 335 2544 394 (ΖΡ.

3580 331 3689 396 ’792

430 451 699 516 pertatem
727 457 835 499 non
853 441 1056 509 evadit,
1088 442 1181 514 qui
1201 440 1440 499 fossilem
1458 455 1682 500 arenam
1715 461 2006 502 ornamen-

2110 447 2268 518 λικὴν
2308 447 2538 517 ψάμμον
2563 448 2622 500 ἐν
2661 447 2982 519 ὡραϊσμῷῆ
3017 448 3202 518 παιδιᾷ
3231 446 3264 517 ἢ
3305 445 3446 501 κατὰ
3481 463 3691 517 μυκτη-

435 535 498 602 ti,
547 534 681 603 ludi,
728 544 822 589 aut
857 532 969 604 joci
1003 546 1166 590 causa
1215 542 1480 601 tractans,
1537 534 1751 591 nullum
1797 537 2009 592 interea

435 626 673 681 studium
703 625 946 691 adhibet,
977 633 1039 680 ut
1059 624 1205 695 quod
1234 625 1336 682 sub
1369 641 1436 682 ea
1479 628 1858 684 absconditum
1882 626 2012 684 latet

437 713 726 784 investiget
753 731 767 768 :
793 713 874 768 sic
903 727 1081 783 neque
1111 714 1498 784 ignorantiam,
1530 731 1711 788 neque
1736 718 2013 788 negligen-

436 808 526 861 tite
552 807 1036 875 reprehensionem
1069 810 1303 864 evadere
1323 812 1505 878 queat,
1541 812 1656 882 qui,
1686 813 1786 868 soli
1812 813 2011 867 litterae

435 903 853 966 adhaerescens,
891 905 1210 960 thesaurum
1253 905 1306 960 in
1349 906 1465 975 ipsa
1509 907 1846 962 reconditum
1899 922 2007 963 non

433 1001 734 1061 scrutetur,
771 1008 951 1064 neque
1004 994 1262 1049 latentem
1299 996 1354 1049 in
1393 994 1512 1063 ejus
1546 995 1714 1052 fundo
1748 1012 2007 1053 sensuum

433 1085 724 1139 utilitatem
772 1085 1029 1156 colligere
1070 1087 1308 1141 studeat.
1380 1088 1452 1142 Et
1493 1098 1642 1144 cerle
1688 1091 1791 1144 hoc
1834 1090 2008 1157 ipsum

434 1179 581 1248 quod
620 1178 790 1233 divini
835 1193 1032 1234 sensus
1063 1178 1232 1234 abditi
1274 1178 1501 1246 lateant,
1542 1180 1777 1248 pretium
1816 1195 2007 1235 eorum

435 1269 733 1324 maximum
762 1277 816 1324 et
845 1268 1240 1325 sublimitatem
1271 1270 1475 1325 indicat
1510 1287 1524 1326 :
1553 1285 1619 1326 ac
1657 1273 1831 1340 majus
1848 1272 2010 1327 simul

440 1360 750 1429 inquirendi
776 1360 1107 1416 desiderium
1142 1361 1210 1416 iis
1237 1360 1415 1431 inﬁgit
1442 1363 1664 1427 animis,
1693 1364 1784 1431 qui
1821 1363 1920 1418 Dei
1956 1373 2012 1420 et

435 1453 648 1508 laboris
671 1467 913 1510 amorem
937 1454 1150 1509 inertiae
1191 1463 1554 1523 anteponunt.

505 1543 812 1601 Iudaeorum
847 1547 1068 1616 insuper
1117 1545 1458 1614 improbitas,
1497 1553 1552 1599 et
1590 1544 1641 1598 in
1681 1545 1844 1600 rebus
1888 1560 2011 1616 qua:

435 1634 660 1690 minime
698 1637 1032 1705 attingendae
1050 1646 1239 1692 essent
1263 1637 1511 1699 audacia,
1543 1638 1899 1692 obscuritatis
1927 1648 2014 1694 est

434 1728 492 1782 in
519 1725 700 1782 Veteri
725 1723 1082 1784 Testamento
1109 1729 1367 1784 nonnulla
1394 1744 1580 1784 causa.
1607 1728 1686 1783 Ne
1721 1731 1866 1785 enim
1891 1746 2012 1801 quae

435 1821 728 1877 manifesta
778 1829 967 1877 essent
994 1822 1061 1877 de
1087 1821 1310 1877 Christo
1344 1829 1509 1892 atque
1543 1834 1730 1892 aperta
1765 1797 2011 1895 Scriptu—
2043 1797 2085 1853 Β

436 1919 624 1968 rarum
675 1914 986 1968 testimonia
1015 1914 1476 1971 circumciderent
1521 1922 1578 1969 et
1622 1916 2010 1985 obliterarent,

439 2002 561 2057 ideo
589 2003 911 2060 adumbrate
935 2019 999 2060 ea
1035 2015 1374 2075 promuntur.
1406 2003 1595 2062 Tertio
1622 2009 1785 2062 etiam
1832 2023 1900 2064 ne
1928 2008 2013 2064 di-

435 2093 687 2148 vinarum
717 2096 1142 2165 prmeeptionum
1172 2101 1535 2168 contemptrix
1565 2098 1874 2155 Judzeorum
1912 2117 2011 2156 na-

437 2184 536 2248 tio,
573 2186 618 2239 si
648 2185 797 2241 clare
819 2186 1140 2244 didicissent
1161 2189 1473 2244 universam
1507 2190 1801 2261 aliquando
1833 2193 2007 2265 legem

416 2271 902 2350 praterllnxuram
925 2315 940 2340 ,
968 2277 1205 2346 atquein
1234 2278 1396 2333 aliam
1417 2280 1732 2350 reipublicae
1751 2281 2005 2353 formam,

438 2377 562 2428 qua:
591 2365 731 2432 apud
757 2365 907 2435 ipsos
935 2367 990 2422 in
1023 2367 1232 2423 honore
1262 2378 1327 2422 ac
1349 2359 1526 2438 pretio
1548 2380 1723 2438 erant,
1752 2375 2010 2429 transitu-

435 2465 497 2507 ra
534 2473 549 2509 :
583 2455 944 2526 magisetiam
971 2461 1041 2515 ad
1061 2469 1444 2530 contemptum
1481 2469 1882 2534 praeceptorum
1904 2461 2001 2522 Dei

433 2559 500 2597 ex
534 2545 648 2615 ipsa
665 2547 769 2601 hac
791 2546 940 2603 clara
964 2551 1274 2622 cognitione
1295 2553 1672 2611 traherentur.
1705 2556 1843 2622 Quid
1860 2559 2005 2614 enim

433 2651 618 2693 ama-re
641 2640 840 2695 attinet
881 2655 989 2706 me,
1038 2645 1181 2712 quod
1222 2659 1345 2699 mox
1395 2645 1744 2714 dissolvetur,
1770 2660 1828 2704 et
1849 2651 2009 2718 cujus

431 2742 538 2783 non
573 2730 650 2784 ita
677 2732 846 2788 multo
878 2743 1000 2801 post
1031 2735 1172 2790 nulla
1188 2737 1295 2792 erit
1319 2737 1568 2794 utilitas?
1593 2739 1887 2810 Propterea
1929 2745 2011 2800 nio

433 2821 632 2876 mirum
668 2822 784 2878 haec
821 2824 1154 2881 obscuritate
1207 2837 1373 2898 atque
1420 2832 1749 2901 percipiendi
1783 2833 2010 2892 difﬁcul-

434 2921 548 2966 tate
573 2913 937 2969 involvuntur.
975 2916 1112 2971 Nam
1149 2918 1193 2972 si
1230 2920 1435 2989 absque
1476 2922 1583 2976 ulla
1621 2939 1786 2980 causa
1814 2927 2009 2985 millies

431 3020 464 3058 ιι
497 3009 779 3078 praeceptis
807 3010 904 3068 Dei
935 3013 1284 3072 desciverunt
1338 3016 1534 3084 Judtei,
1565 3035 1686 3074 cum
1719 3033 1898 3093 neque
1941 3025 2008 3079 de

430 3111 621 3154 eorum
647 3103 949 3208 mutatione
975 3106 1268 3208 quidquam
1318 3111 1594 3179 cognitum
1629 3113 1916 3183 haberent,
1947 3129 2007 3171 ut
2032 3145 2078 3208 ο

430 3205 611 3261 neque
647 3196 792 3264 quod
829 3197 1146 3267 imperfecta
1191 3209 1254 3255 et
1305 3202 1530 3258 alterius
1569 3204 1771 3274 politiae
1830 3208 2002 3276 ﬁgura

427 3292 614 3337 essent
674 3294 842 3352 atque
907 3289 1129 3352 umbrae,
1190 3291 1320 3361 quid
1376 3295 1588 3349 tandem
1643 3295 1846 3370 [putas]
1901 3314 2005 3354 non

425 3375 695 3445 egissent,
756 3378 963 3451 [97b
1008 3383 1055 3436 si
1120 3385 1315 3438 tradita
1361 3385 1515 3456 {ipsis
1575 3390 1828 3444 mandata
1895 3401 2008 3445 tan-

426 3466 548 3522 dem
586 3467 840 3524 solvenda
893 3481 1057 3539 atque
1103 3474 1368 3528 mtanda
1398 3489 1428 3530 e
1459 3474 1759 3546 Scripturis
1806 3478 2008 3534 clari-us

425 3560 850 3629 cognovissent?
875 3562 1125 3634 Alioquin
1176 3573 1230 3618 et
1273 3564 1357 3620 illa
1407 3566 1720 3638 disciplinas
1753 3569 2005 3625 tradendi

429 3649 514 3705 lex
539 3651 740 3721 ubique
761 3653 1132 3723 obtinebat,ut
1154 3657 1249 3726 qui
1273 3667 1530 3714 recenter
1557 3660 1748 3730 primis
1767 3659 2007 3716 elemen-

426 3739 498 3796 tis
530 3740 924 3808 inbueremur,
958 3747 1039 3800 ad-
1059 3746 1408 3815 peri'ectionis
1433 3762 1604 3820 usque
1640 3761 1854 3818 tempus
1876 3767 2005 3824 per-

424 3830 653 3888 fectiora
693 3849 919 3906 quaeque
966 3837 1320 3898 celarentur:
1367 3843 1462 3896 sed
1507 3843 1816 3900 rudion'bus
1867 3848 2008 3900 dun-

427 3933 580 3980 taxat
625 3929 912 3998 praeceptis
948 3929 1198 4001 discipuli
1229 3934 1297 3988 ad
1333 3933 1697 4004 perfectorem
1739 3939 2006 4010 cognitio-

429 4031 553 4072 nem
587 4019 997 4089 percipiendam
1029 4036 1494 4094 praepararentur.
1533 4026 1738 4084 Praeter
1759 4029 1874 4087 haec
1899 4047 1999 4087 au-

429 4119 536 4166 tem
561 4111 725 4165 etiam
776 4120 1024 4168 naturam
1074 4115 1150 4169 ita
1204 4117 1535 4186 gubernari,
1585 4129 1644 4174 et
1687 4136 1855 4191 opera
1905 4140 2001 4180 sua

425 4214 619 4272 regem
676 4203 940 4264 videmus.
1018 4205 1201 4262 Prima
1273 4209 1419 4264 enim
1487 4213 1752 4269 sementis
1841 4223 2006 4286 atque

424 4297 635 4350 semina
680 4295 974 4366 perfectam
1003 4299 1059 4354 in
1103 4314 1164 4356 se
1206 4301 1443 4369 speciem
1475 4300 1620 4358 clare
1663 4319 2002 4374 nequaquam

423 4389 742 4457 ostendunt,
779 4393 874 4463 sed
913 4391 1033 4462 ejus
1067 4402 1276 4448 tantum
1309 4393 1550 4449 rationes
1581 4396 1794 4451 abditas
1823 4401 2004 4454 conti-

2113 537 2306 608 ρισμὸν
2363 537 2749 608 ἐπαφώμενος,
2782 539 2936 593 οὐδὲν
2989 539 3046 592 δὲ
3089 536 3392 606 φιλοπονῶν
3445 537 3556 590 οὐδ’
3589 539 3688 592 άν-
3759 594 3763 598 _

2113 631 2340 700 ιχνεύων
2370 630 2433 684 τὸ
2465 630 2572 684 ὑπὸ
2618 631 2826 700 ταύτης
2855 630 3256 701 κρυπτόμενον,
3286 629 3460 692 οὕτως
3491 629 3593 683 οὐκ
3621 629 3692 683 ἂν

2109 721 2334 789 ἀγνοίας
2383 720 2724 791 ἀπαλλαγείη
2759 721 2882 775 οὐδέ
2930 721 3029 790 τῆς
3052 720 3306 794 ,ἐχούσης
3359 721 3486 782 τοὺς
3519 719 3692 790 ῥᾳθύ-

2113 827 2248 882 μους
2277 813 2570 876 αίτιάσεως
2596 815 2628 867 ὁ
2651 812 2730 884 τῷ
2758 813 3049 883 γράμματι
3081 813 3229 884 μόνῳ
3258 813 3688 883 περιφυόμενος,

2109 902 2200 956 τὸν
2227 902 2283 956 δέ
2317 904 2375 956 ἐν
2419 902 2568 974 αὐτῷ
2602 902 2876 974 θησαυρὸν
2911 903 3013 958 οὐκ
3038 903 3364 972 άνερευνῶν,
3396 902 3598 955 οὐδὲτὸ
3630 904 3695 956 ἐν

2113 995 2266 1066 βάθει
2317 996 2510 1068 κέρδος
2559 997 2670 1050 τῶν
2698 998 2987 1068 νοημάτων
3034 996 3450 1067 ἀναλεγόμενος.
3495 995 3692 1049 Καίτοι

2109 1089 2206 1142 καὶ
2238 1088 2371 1143 αὐτὸ
2401 1089 2463 1141 τὸ
2492 1087 2798 1160 κεκρύφθαι
2851 1087 2922 1140 τὰ
2975 1087 3094 1141 Θεῖα
3128 1087 3376 1156 νοήματα
3399 1085 3462 1138 τὸ
3491 1085 3693 1156 τιμιώ-

2110 1198 2272 1236 τατον
2295 1181 2480 1243 αὐτοῖς
2534 1179 2631 1232 καὶ
2677 1178 2881 1249 ὑψηλὸν
2907 1179 3365 1249 ἐπιμαρτύρεται,
3399 1178 3496 1232 καὶ⁵
3522 1180 3692 1233 πόθον

2111 1275 2449 1346 ἐγκεντρίςει
2499 1273 2702 1344 μᾶλλον
2735 1273 3016 1344 ζητήσεως
3043 1275 3165 1336 ταῖς
3190 1274 3409 1342 ψυχαῖς,
3433 1271 3557 1326 ὅσαι
3580 1271 3694 1343 πρὸ

2111 1365 2226 1433 τῆς
2246 1364 2528 1438 ῥᾳστώνης
2558 1365 2619 1418 τδ
2647 1363 2893 1432 θεοφιλές
2927 1373 2989 1416 τε
3044 1363 3140 1417 καὶ
3167 1362 3455 1432 φιλόπονον
3483 1361 3693 1432 ἔμπρο-

2115 1459 2242 1512 σθεν
2271 1458 2488 1527 άγουσι.

2185 1549 2314 1624 [628
2354 1549 2450 1622 R.]
2481 1550 2591 1603 Καὶ
2619 1549 2681 1603 τὸ
2719 1546 3028 1621 κακοῦργον
3061 1547 3119 1602 δὲ
3141 1546 3254 1602 τῶν
3295 1544 3564 1600 Ἰουδαίων
3592 1542 3692 1597 καὶ

2113 1642 2384 1714 τολμηρὸν
2417 1641 2546 1712 περὶ
2573 1639 2644 1694 τά
2677 1639 2961 1710 άτόλμητα
2996 1639 3099 1708 τῆς
3124 1638 3268 1692 κατὰ
3302 1637 3402 1708 τὴν
3446 1633 3690 1690 Παλαιὰν

2115 1735 2383 1804 ἀσαφείας
2411 1733 2585 1788 αῐτιον
2608 1749 2624 1766 ο
2656 1733 2743 1787 ἵνα
2768 1731 2878 1802 γὰρ
2899 1731 2976 1803 μὴ
3001 1730 3100 1794 τὰς
3121 1729 3251 1800 περὶ
3273 1726 3510 1800 Χριστοῦ
3544 1742 3688 1798 μαρ-

2112 1828 2304 1897 τυρίας
2351 1823 2414 1878 τὸ
2453 1823 2754 1896 περιφανὲς
2799 1823 2896 1877 καὶ
2951 1821 3251 1891 κατάδηλον
3301 1820 3534 1890 ἐχούσας
3574 1817 3692 1871 τῶν

2110 1916 2345 1989 Γραφῶν
2395 1915 2735 1988 περικόψωσι
2792 1914 2890 1968 καὶ
2944 1912 3348 1979 ἐξαφανίσωσι,
3389 1910 3482 1964 διὰ
3529 1907 3692 1964 τοῦτο

2114 2010 2254 2082 μετὰ
2310 2007 2406 2064 τοῦ
2457 2007 2922 2076 συνεσκιασμένου
2976 2005 3151 2058 ταῦτα
3197 2005 3518 2072 προάγεται.
3575 2001 3691 2055 Καὶ

2110 2101 2314 2173 τρίτον,
2340 2101 2422 2153 ὅτι
2443 2097 2707 2168 ὀλίγωρος
2730 2096 2808 2150 ὢν
2826 2096 2871 2128 ιδ
2898 2096 2992 2149 καὶ
3013 2095 3121 2149 τῶν
3150 2094 3310 2148 θείων
3339 2093 3691 2163 προσταγμά-

2109 2209 2220 2246 των
2267 2189 2685 2262 καταφρονητὴς
2731 2189 2763 2242 ὁ
2811 2187 2921 2241 τῶν
2965 2187 3234 2241 Ἰουδαίων
3285 2187 3411 2249 λαὸς
3432 2227 3447 2251 ,
3482 2186 3570 2239 ἵνα
3610 2184 3689 2255 μὴ

2115 2283 2379 2356 μαθόντες
2417 2283 2608 2352 σαφῶς
2634 2282 2713 2346 ὡς
2735 2281 2804 2335 τά
2845 2279 2940 2334 τοῦ
2972 2279 3140 2349 νόμου
3177 2279 3354 2332 πάντα.
3384 2280 3645 2349 ρυήσεται
3666 2318 3684 2344 ,

2111 2379 2190 2443 είς
2220 2377 2415 2449 ἐτέραν
2436 2377 2498 2430 δέ
2527 2374 2803 2429 πολιτείαν
2833 2372 2870 2428 ἃ
2903 2371 3032 2442 παρ’
3069 2371 3256 2434 αὐτοῖς
3286 2372 3402 2423 ἐστι
3441 2369 3600 2439 τίμιά
3624 2385 3688 2420 τε

2111 2469 2208 2523 καὶ
2239 2467 2657 2538 σπουδαζόμενα
2688 2463 3110 2536 μεταστήσεται,
3138 2463 3202 2514 ἐκ
3228 2460 3286 2513 δὲ
3306 2461 3409 2530 τῆς
3433 2457 3690 2531 τοιαύτης

2111 2559 2388 2633 ἐμφανοῦς
2422 2557 2772 2628 ἐπιγνώσεως
2803 2555 2968 2610 πλέον
3008 2572 3068 2608 τε
3100 2555 3143 2586 ⁸⁸
3193 2553 3332 2623 πρὸς
3371 2554 3474 2622 τὴν
3511 2552 3688 2623 ὑπερ-

2109 2655 2270 2725 οψίαν
2319 2653 2537 2724 ὑπαχθῇ
2589 2651 2700 2706 τῶν
2729 2649 3190 2720 προσταγμάτων,
3246 2646 3324 2713 (τί
3373 2645 3483 2716 γάρ
3513 2661 3580 2713 με
3607 2643 3691 2697 δεῖ

2109 2745 2362 2816 στέργειν
2395 2743 2432 2798 ἃ
2467 2742 2610 2813 μετὰ
2655 2741 2851 2812 μικρὸν
2880 2739 3176 2810 λυθήσεται
3213 2739 3309 2791 καὶ
3337 2730 3415 2790 ὧν
3449 2735 3514 2788 οὐ
3545 2734 3687 2805 μετὰ

2107 2836 2288 2907 βραχὺ
2312 2835 2374 2889 τὺ
2393 2832 2715 2904 ἀνόνητον;)
2741 2831 2829 2884 διὰ
2857 2831 3015 2884 τοῦτο
3033 2833 3103 2901 τῇ
3133 2827 3371 2898 ἀσαφείᾳ
3395 2827 3568 2880 ταῦτα
3591 2826 3686 2878 καὶ

2106 2928 2187 3000 τῷ
2219 2927 2508 2998 δυσλήπτῳ
2557 2923 3048 2995 περικαλύπτεται.
3104 2922 3167 2974 Εἰ
3210 2921 3319 2989 γὰρ
3371 2919 3468 2972 καὶ
3515 2919 3686 2988 χωρὶς

2108 3023 2440 3096 προφάσεως
2495 3019 2758 3091 μυριάκις
2789 3015 2898 3069 τῶν
2923 3014 3018 3068 τοῦ
3057 3013 3196 3067 Θεοῦ
3246 3012 3687 3084 προσταγμάτων

2107 3116 2454 3186 ἀπέστησαν,
2479 3113 2620 3182 μήτε
2648 3109 2982 3180 μετάστασιν
3010 3105 3193 3159 αὐτῶν
3217 3105 3521 3172 ἐγνωκότες
3545 3105 3683 3174 μήτε

2107 3207 2190 3259 ὃτι
2218 3204 2282 3258 τὸ
2325 3201 2516 3264 ἀτελὲς
2539 3199 2724 3270 ἔχουσι
2757 3199 2895 3269 μήτε
2932 3197 3015 3250 ὅτι
3042 3195 3320 3258 πολιτείας
3352 3195 3548 3265 ἐτέρας
3577 3194 3687 3246 εἰσὶ

2107 3296 2270 3350 τύποι
2295 3293 2390 3349 καὶ
2415 3292 2750 3361 σκιάσματα,
2777 3291 2830 3344 τί
2860 3291 2962 3342 οὐκ
2981 3289 3048 3343 ἂν
3067 3287 3322 3358 ἔδρασαν,
3345 3287 3396 3340 εί
3419 3287 3477 3353 ἐξ
3503 3285 3686 3340 αὐτῶν

2109 3387 2335 3442 ἐκείνων
2389 3385 2578 3452 σαφῶς
2626 3383 2726 3454 τὴν
2779 3380 2989 3434 οἰκείαν
3042 3377 3198 3432 λύσιν
3238 3377 3334 3432 καὶ
3395 3374 3686 3447 μετάθεσιν

2107 3477 2412 3549 ἐμάνθανον
2437 3475 2481 3507 ¹⁶
2504 3491 2520 3541 ;
2551 3473 2728 3537 ἄλλως
2758 3487 2819 3526 τε
2845 3472 2904 3524 δὲ
2933 3471 3030 3527 καὶ
3057 3471 3220 3541 νόμος
3247 3465 3520 3538 πανταχοῦ
3537 3483 3684 3539 κρα-

2105 3571 2217 3624 τῶν
2261 3567 2642 3632 διδασκαλίας,
2691 3566 2807 3628 τοῖς
2833 3563 2961 3634 ἄρτι
3006 3562 3466 3633 στοιχειουμὲνοις
3493 3561 3562 3613 τά
3592 3576 3688 3613 τε·

2106 3662 2350 3732 λεώτερα
2382 3659 2544 3732 μέχρι
2573 3657 2768 3728 καιροῦ
2801 3656 2902 3726 τῆς
2927 3655 3263 3718 τελειώσεως
3302 3651 3685 3722 συγκαλύπτε-

2107 3755 2271 3818 σθαι,
2332 3753 2718 3822 είσαγωγικοῖς
2775 3749 2834 3803 δὲ
2885 3747 3221 3820 παιδεύμασι
3277 3747 3371 3800 τὸν
3434 3746 3686 3817 μαθητὴν

2107 3842 2656 3920 προπαρασκευάζειν
2689 3841 2827 3912 πρὸς
2853 3840 2956 3912 τὴν
2979 3840 3088 3894 τῶν
3127 3838 3476 3908 τελεωτέρων
3511 3854 3684 3891 κατο-

2105 3942 2314 4011 νόησιν.
2353 3937 2477 3991 Ἐπὶ
2497 3937 2555 3991 δέ
2581 3937 2696 3998 τοῖς
2723 3933 3059 4008 είρημέωις,
3082 3934 3180 3987 καὶ
3199 3933 3298 4004 τὴν
3327 3933 3488 4001 φύσιν
3509 3930 3686 3994 οὕτως

2103 4029 2488 4100 οίακιζομένην
2529 4043 2590 4081 τε
2637 4025 2734 4078 καὶ
2785 4024 2856 4078 τά
2897 4026 3074 4078 οἰκεία
3119 4023 3262 4094 ἐργα
3315 4023 3686 4094 ρυθμίζουσαν

2103 4124 2343 4196 ὁρῶμεν.
2375 4121 2441 4175 Δί
2467 4119 2578 4191 γὰρ
2608 4118 2826 4189 πρῶται
2841 4114 3148 4170 καταϐολαὶ
3181 4115 3364 4168 καὶτὰ
3392 4113 3686 4184 σπέρματα

2105 4216 2167 4271 cs
2199 4214 2304 4286 μὲν
2345 4211 2550 4266 τέλειον
2607 4205 2747 4273 εἶδος
2797 4211 2856 4264 ἐν
2899 4211 3113 4271 ἑαυτοῖς
3159 4206 3419 4278 ἐμφανῶς
3461 4206 3522 4259 οὐ
3569 4206 3683 4259 δει-

2105 4307 2351 4371 κνύουσι,
2371 4303 2562 4358 τούτου
2590 4301 2651 4356 δέ
2675 4302 2806 4365 τοὺς
2843 4301 3037 4369 λόγους
3076 4298 3565 4370 ἐγκεκρυμμένους
3591 4298 3688 4366 φέ-

2109 4411 2314 4470 ρουσιν,
2335 4386 2448 4446 οἷον
2476 4394 2506 4445 ὁ
2524 4391 2724 4454 κόκκος
2752 4391 2953 4461 στάχυς
2981 4389 3082 4460 μὲν
3108 4389 3209 4442 οὐκ
3231 4389 3400 4451 ἐστιν,
3419 4389 3484 4442 ἐν
3505 4387 3687 4457 ἐαυτῷ

423 4489 555 4535 nent
586 4495 601 4534 :
636 4489 694 4536 ut
719 4495 955 4551 granum
999 4483 1149 4553 spica
1201 4499 1309 4539 non
1335 4495 1442 4552 est,
1471 4487 1576 4541 etsi
1630 4486 1684 4541 in
1731 4503 1794 4543 se
1837 4490 2001 4560 spicae

2110 4491 2161 4544 δὲ
2183 4487 2419 4559 κρῦπτει
2438 4484 2530 4539 τὸν
2550 4484 2708 4553 λόγον
2731 4482 2826 4536 τοῦ
2855 4485 3090 4552 στάχυος
3107 4497 3120 4510 ·
3152 4481 3246 4534 καὶ
3265 4480 3360 4533 ἐπὶ
3377 4479 3487 4533 τῶν
3506 4479 3688 4532 ἄλλων

427 4572 696 4628 rationem
729 4574 882 4644 tegit.
917 4575 1120 4630 Eadem
1158 4587 1371 4631 natura;
1411 4577 1582 4634 series
1627 4579 1679 4633 in
1711 4579 1830 4635 ali-is
1863 4597 1999 4651 quo-

421 4677 530 4734 que
555 4664 824 4721 fructibus
854 4682 920 4722 ac
947 4667 1248 4724 seminibus
1281 4671 1654 4740 cognoscitur.
1703 4673 1916 4739 qualem
1944 4683 2001 4728 et

417 4757 508 4812 lex
532 4768 688 4813 vetus
712 4757 828 4814 fere
849 4760 1116 4815 rationem
1134 4776 1261 4816 cum
1283 4762 1456 4834 gratia
1485 4773 1688 4820 servat.
1717 4763 1854 4820 Nam
1875 4779 1998 4836 qua:

417 4843 596 4913 gratia
636 4847 868 4912 perlicit,
897 4847 1026 4918 iacti
1064 4865 1165 4920 per
1192 4849 1368 4920 legem
1403 4853 1626 4909 seminis
1645 4869 1803 4923 seges
1833 4856 1999 4911 habe-

421 4945 531 4990 tur.
565 4936 775 5004 Quibus
803 4940 970 5008 igitur
1001 4941 1072 4996 de
1117 4945 1302 5000 causis
1353 4944 1742 5003 obscuritatem
1791 4963 2003 5005 assum-

419 5029 592 5100 pserit
621 5030 703 5084 lex
744 5029 1000 5098 Mosaiea,
1029 5043 1303 5106 utcunque
1323 5037 1437 5107 jam
1477 5040 1703 5095 dictum.

490 5118 644 5175 Nunc
669 5123 813 5214 quod
855 5125 1046 5194 gratiae
1083 5142 1299 5198 quoque
1323 5130 1409 5185 lex
1445 5133 1751 5192 obscurior.
1795 5143 1851 5188 et
1889 5148 1996 5189 non

421 5213 744 5269 itacuilibet
773 5213 1059 5286 perspicua
1111 5221 1203 5287 sit,
1248 5223 1558 5278 auditorum
1596 5239 1789 5280 recens
1819 5226 1997 5281 adhuc

423 5301 746 5370 instructio,
805 5309 1112 5378 mentisque
1165 5311 1506 5368 imbecillitas
1558 5315 1615 5368 in
1677 5329 1839 5370 causa
1892 5325 1996 5372 est.

425 5391 578 5449 Unde
603 5407 658 5450 et
685 5410 782 5452 vas
834 5397 1160 5457 electionis:
1206 5403 1337 5471 Lac,
1367 5406 1562 5476 inquit,
1622 5405 1766 5461 vobis
1823 5420 2000 5476 potum

423 5485 567 5553 dedi,
599 5505 703 5543 non
735 5506 909 5545 escam
939 5508 958 5547 :
998 5495 1230 5550 nondum
1260 5497 1399 5550 enim
1441 5499 1690 5566 poteratis
1716 5511 1765 5554 ο.
1799 5501 1998 5566 Queru-

487 5607 510 5634 ‘
547 5599 706 5656 lCor.
733 5617 817 5668 ιιι,
837 5602 895 5657 2.

2105 4582 2163 4635 δέ
2218 4577 2448 4649 καρπῶν
2498 4576 2592 4629 καὶ
2642 4574 2976 4644 σπερμάτων
3027 4575 3055 4626 ὀ
3107 4571 3272 4634 αὐτὸς
3315 4571 3419 4640 τῆς
3469 4571 3688 4640 φύσεως

2109 4669 2300 4741 είρμὸς
2326 4665 2769 4736 ἐπιγινώσκεται.
2797 4662 3054 4717 Τοιοῦτον
3086 4661 3150 4734 δή
3177 4678 3302 4715 τινα
3343 4664 3439 4715 καὶ
3467 4665 3495 4715 ὁ
3519 4663 3686 4730 νόμος

2112 4763 2248 4833 πρὸς
2295 4760 2396 4830 τὴν
2446 4759 2610 4830 χάριν
2661 4755 2918 4819 διασώζει
2957 4756 3150 4823 λόγον’
3205 4754 3244 4808 ἃ.
3285 4755 3396 4824 γὰρ
3441 4756 3478 4823 ή
3529 4754 3688 4823 χάρις

2109 4855 2415 4920 ἐτελείωσε,
2451 4852 2564 4906 τῶν
2593 4849 2833 4921 νομικῶν
2861 4849 3191 4920 σπερμάτων
3229 4847 3349 4900 ἐστὶ
3385 4845 3491 4914 τῆς
3517 4861 3686 4898 κατα-

2110 4946 2276 5016 σολῆς
2316 4945 2386 4999 τά
2429 4941 2699 5012 γεώργια,
2737 4939 2814 4993 Δι’
2843 4939 2879 4994 ἃ
2931 4941 3032 5010 μὲν
3080 4934 3175 4994 οὖν
3201 4938 3300 5008 τὴν
3345 4939 3619 5006 ἀσάφειαν
3649 4939 3684 5007 ή

2107 5035 2376 5106 Μωσαῖκὴ
2401 5033 2690 5103 νομοθεσία
2717 5031 2905 5094 ὑπέδυ,
2938 5031 3176 5102 μετρίως
3207 5031 3449 5102 είρηται.

2173 5130 2289 5183 Καὶ
2323 5128 2425 5198 τῆς
2454 5126 2675 5198 χάριτος
2705 5125 2763 5178 δέ
2801 5124 2864 5177 τὸ
2897 5125 3108 5193 ἀσαφὲς
3138 5124 3235 5177 καὶ
3271 5125 3332 5176 οὐ
3353 5126 3526 5176 πᾶσιν
3564 5123 3688 5176 ἐπί-

2103 5223 2264 5294 δηλον
2316 5221 2381 5274 τὸ
2429 5219 2830 5289 νεοκατήχητον
2881 5217 3054 5271 αἴτιον
3103 5217 3218 5288 ἔχει
3269 5218 3378 5269 τῶν
3421 5215 3554 5288 [525
3591 5213 3684 5289 Η.]

2105 5314 2392 5387 ἀκροατῶν
2441 5314 2538 5366 καὶ
2568 5311 2668 5378 τῆς
2699 5311 2942 5374 διανοίας
2970 5311 3070 5382 τὴν
3105 5309 3420 5364 ἀσθένειαν.
3451 5309 3546 5362 Διὸ
3589 5312 3686 5362 καὶ

2107 5407 2169 5462 τὸ
2200 5403 2388 5468 σκεῦος
2416 5403 2520 5473 τῆς
2545 5403 2798 5471 ἐκλογῆς,
2825 5401 2996 5455 Γάλα
3035 5401 3100 5467 ⁸⁷,
3140 5400 3326 5471 φησὶν,
3356 5397 3513 5469 ὑμᾶς
3543 5399 3687 5450 ἐπόο

2111 5514 2272 5565 τισα,
2303 5497 2402 5550 καί
2425 5497 2498 5550 οὺ
2519 5492 2734 5565 βρῶμα
2753 5510 2766 5524 ο
2798 5494 2963 5547 οὔπω
2989 5491 3097 5564 γὰρ
3123 5491 3449 5561 ἠδύνασθε.
3475 5491 3685 5560 Ὠσπερ

1663 5675 1892 5731 νΑιιιιΕ
1929 5675 2340 5734 LECTIONES.

449 5763 492 5797 “
515 5761 612 5840 ὦν]
655 5766 764 5822 imo
799 5763 887 5838 ἦν.
971 5769 1014 5800 ³⁵
1038 5767 1121 5841 τε]
1154 5785 1220 5825 au
1255 5768 1356 5826 fuit
1383 5770 1477 5824 at?
1554 5773 1595 5805 "
1633 5774 2005 5843 ἀνεμάνθανον
2033 5773 2099 5828 Α.

2179 5775 2224 5806 ’τ
2254 5775 2418 5848 γάλα]
2468 5775 2487 5831 1
2515 5775 2644 5834 Cor.
2675 5792 2760 5848 ιιι,
2791 5777 2850 5835 2.
