4030 6248
382 607 676 670 ϐάλλουσα,
706 611 821 671 τοῖς
849 608 1095 664 ἀτελέσιν
1126 611 1464 685 ἀσύμφορος.
1494 616 1561 669 El
1592 616 1700 687 γὰρ
1728 619 1823 671 κα)⁸
1850 618 1949 686 τῆς

378 697 624 761 Παλαιᾶς
670 700 704 769 ὴ
731 699 848 752 Νέα
891 700 1319 773 τηλαυγέστερον
1362 705 1694 775 ἐκδιηγεῖται
1751 707 1811 759 τὸ
1853 710 1949 777 τῆς

378 789 664 852 εὐσεϐείας
704 792 1035 864 μυστήριον,
1066 792 1179 845 ἀλλ’
1218 788 1310 848 οὖν
1340 795 1415 856 ὡς
1455 797 1628 868 ἀρχῆς
1658 798 1752 851 καὶ
1780 799 1949 868 σπέρ-

382 896 552 949 ματος
583 878 740 947 λόγον
772 880 1046 950 ἐπέχουσα
1073 883 1169 937 καὶ
1198 886 1336 954 αὐτὴ
1367 888 1502 957 πρὸς
1531 890 1628 958 τὴν
1658 890 1758 959 ἤδη
1797 889 1950 942 πολι-

379 967 532 1021 τείαν
585 968 1043 1041 ἐγκαινιζομένην
1072 972 1173 1026 οὐκ
1226 973 1388 1038 εὐθὺς
1437 978 1549 1038 τοῖς
1602 977 1946 1047 μυουμένοις,

380 1058 518 1112 ἀλλὰ
544 1061 687 1113 κατὰ
735 1061 1018 1131 προκοπὴν
1065 1063 1440 1118 ἀποκαλύπτει
1476 1066 1545 1120 τὰ
1584 1066 1787 1121 τέλεια.
1828 1068 1949 1121 Ἔτι

379 1147 438 1200 δὲ
486 1150 579 1202 καὶ
631 1152 746 1213 τοῖς
792 1152 940 1216 κυσὶ,
990 1153 1238 1206 τουτέστι
1277 1157 1387 1216 τοῖς
1424 1155 1819 1226 ἀντικειμένοις
1854 1157 1951 1211 καὶ

380 1240 850 1308 καθυλακτοῦσιν,
919 1244 1041 1312 οὐχὶ
1105 1245 1393 1316 προπετῶς
1450 1246 1544 1300 καὶ
1606 1248 1950 1316 ἀφιλοσόφως

381 1329 595 1398 ῥίπτειν
626 1333 692 1385 τὰ
717 1332 868 1402 ἅγια,
899 1335 1021 1388 οὐδὲ
1050 1337 1192 1403 τοὺς
1217 1341 1583 1407 μαργαρίτας
1611 1341 1951 1410 ἔμπροσθεν

380 1421 500 1475 τῶν
534 1424 786 1492 χοίρων,
829 1421 913 1490 οἷς
954 1428 983 1481 ὁ
1030 1427 1145 1498 βίος
1176 1431 1204 1482 ὁ
1254 1430 1363 1483 τῶν
1406 1432 1606 1501 ἡδονῶν
1654 1432 1948 1505 βόρϐορος,

379 1514 707 1569 Δεσποτικὸν
730 1518 965 1588 ὑπάρχει
1004 1520 1100 1572 καὶ
1126 1520 1224 1590 τὴν
1250 1520 1599 1578 διδασκαλίαν
1623 1525 1949 1579 κατευθῦνον

381 1606 769 1676 παράγγελμα.
817 1610 979 1662 Ἀνευ
1023 1610 1080 1663 δὲ
1113 1610 1223 1664 τῶν
1249 1613 1574 1682 εἰρημένων,
1607 1614 1701 1668 καλ¹
1731 1618 1762 1686 ἡ
1793 1617 1950 1684 ἀγιο-

379 1697 532 1757 ποιὸς
554 1697 745 1768 τελετὴ
779 1702 1078 1770 μυστήριον
1103 1702 1447 1772 ὀνομάζεται,
1478 1704 1537 1757 τὸ
1559 1705 1613 1759 δὲ
1648 1708 1949 1780 μυστήριον

376 1788 437 1839 ού
469 1789 646 1843 κοινὸν
686 1791 805 1844 οὐδὲ
834 1769 970 1854 τοῖς
996 1769 1242 1865 βεϐήλοις
1292 1769 1944 1872 εὐεπίϐατον.-[629ΠΒ.]
1976 1769 2023 1828 Β

381 1880 503 1931 Ἔτι
550 1880 657 1951 μὴν
697 1882 791 1935 καὶ
820 1883 888 1936 τά
919 1884 1049 1953 ἆγια
1076 1886 1278 1958 νοερῶς
1310 1886 1408 1957 μὲν
1440 1891 1553 1952 τοῖς
1599 1907 1659 1942 τε
1695 1890 1946 1961 Σεραφ“ιμ

375 1972 474 2025 καὶ
494 1973 796 2044 Χερουϐὶμ,
827 1974 1028 2040 ὑλικῶς
1052 1976 1107 2030 δὲ
1127 1980 1583 2051 καταπετάσμασι
1608 1982 1702 2034 καὶ
1728 1986 1949 2051 πτεροῖς

375 2064 471 2116 καὶ
531 2065 727 2129 πύλαις
777 2067 873 2121 καὶ
930 2068 1200 2140 κλείθροις
1257 2072 1757 2143 περιστοιχίζεται·
1807 2074 1948 2128 οὕτω

374 2157 571 2224 γοῦνίθ
602 2160 708 2230 χρὴ
764 2161 861 2213 καὶ
898 2161 995 2233 τὴν
1045 2163 1195 2233 ἱερὰν
1239 2164 1398 2234 ἡμῶν
1430 2162 1654 2236 Γραφὴν
1688 2168 1799 2231 τοῖς
1849 2167 1947 2237 μὲν

376 2244 626 2317 βεϐήλοις
673 2250 1196 2320 περικαλύπτεσθαι,
1237 2253 1325 2306 ἵνα
1367 2254 1538 2325 μὴτά
1566 2256 1698 2323 ἀγια
1735 2256 1950 2326 ἐξυϐρί-

376 2336 543 2402 Cotto,
576 2340 687 2402 τοῖς
720 2339 778 2393 δὲ
828 2341 1205 2411 μεμυημένοις
1264 2342 1359 2395 καὶ
1409 2346 1621 2407 πιστοῖς
1676 2346 1949 2399 ἀνακαλύ-

376 2430 629 2482 πτεσθαι.
666 2430 940 2484 ’Δλλωστε
969 2431 1025 2484 δὲ
1072 2435 1166 2486 καὶ
1192 2434 1239 2486 εί
1267 2435 1309 2466 ’⁸
1340 2434 1400 2488 τὸ
1426 2437 1555 2507 ῥᾷον
1580 2438 1659 2500 εἰς
1688 2441 1878 2510 κτῆσιν
1898 2442 1942 2473 ’θ

371 2521 472 2591 οὐχ
497 2521 650 2575 ὥσπε
660 2540 690 2593 ρ
712 2522 773 2575 τὸ
800 2523 948 2595 πόνῳ
976 2525 1174 2595 κτηθὲν
1198 2527 1684 2596 περισπούδαστον,
1707 2531 1948 2598 εὐλόγως

372 2613 436 2665 τὸ
489 2613 631 2683 ἱερὸν
661 2613 899 2684 Γράμμα
938 2618 1051 2678 τοῖς
1104 2616 1202 2686 μὲν
1251 2617 1517 2688 ῥᾳθύμοις
1552 2620 1644 2673 τὸν
1675 2621 1947 2691 θησαυρὸν

372 2705 810 2777 ἀποκρύπτεται,
843 2710 955 2770 τοῖς
982 2708 1039 2761 δὲ
1069 2709 1413 2777 φιλοπονοῦσι
1440 2712 1746 2784 χαρίζεται.
1787 2715 1947 2770 Ἀλλά

379 2795 475 2848 καὶ
520 2796 708 2867 ἱδρῶσι
743 2798 853 2851 πᾶν
889 2799 949 2852 τὸ
997 2800 1177 2870 τίμιον
1222 2801 1317 2855 καὶ
1427 2804 1596 2874 ἀρετὴ
1646 2807 1727 2867 είς
1755 2806 1948 2877 κτῆσιν

379 2887 691 2955 ἀφικνεῖται
739 2889 833 2941 καὶ
866 2888 1198 2955 ἀπόλαυσιν,
1239 2892 1273 2963 ὴ
1300 2891 1356 2944 δὲ
1389 2894 1557 2947 κακία
1600 2895 1731 2966 ῥᾷόν
1762 2914 1822 2949 τε
1855 2899 1949 2951 καὶ

373 2980 513 3031 πᾶσι
543 2980 854 3051 πρόχειρον.
884 2983 994 3035 Καὶ
1024 2982 1085 3034 τὸ
1117 2983 1215 3053 μὲν
1248 2983 1393 3053 πόνῳ
1425 2986 1767 3057 κατορθωθὲν
1808 2989 1948 3059 μᾶλ-

1415 317 1919 382 BIBLIOTHECA
1979 347 2052 359 --
2083 325 2248 391 COD.
2284 332 2563 400 CCXXII.

2050 642 2335 700 proponat,
2374 637 2580 692 nullam
2618 640 2949 711 imperfectis
2983 642 3268 697 utilitatem
3307 640 3485 697 affert.
3509 642 3622 696 Etsi

2048 723 2193 776 enim
2246 724 2454 782 Novum
2512 744 2675 799 quam
2731 734 2895 789 Vetus
2957 733 3364 790 Testamentum
3425 734 3627 789 clarius

2051 812 2173 868 ﬁdei
2206 821 2520 887 mysterium
2574 834 2829 891 exponat,
2870 841 2989 880 cum
3028 837 3205 881 tamen
3231 817 3481 896 principii
3528 825 3626 880 ali-

2050 917 2211 972 quam
2266 923 2330 963 ac
2379 912 2600 968 seminis
2649 904 2913 972 rationem
2966 919 3241 979 obtineat,
3300 918 3462 971 etiam
3524 919 3627 972 hac

2054 995 2257 1053 ratione
2306 1001 2371 1053 ad
2427 1015 2543 1056 eam
2564 1020 2685 1072 quas
2736 1022 2879 1061 nunc
2920 1010 3175 1063 innovata
3204 1018 3287 1062 est
3316 1008 3625 1076 reipublica

2052 1085 2305 1155 formam,
2339 1107 2446 1147 non
2497 1098 2679 1151 statim
2724 1099 2974 1160 initiatis.
3009 1102 3100 1155 sed
3134 1102 3336 1155 sensim
3370 1116 3434 1155 ac
3465 1099 3623 1167 juxta

2049 1178 2447 1246 proﬁcientium
2486 1189 2705 1255 gradus,
2737 1204 2855 1258 qua:
2885 1191 3207 1257 perfectiora
3253 1202 3404 1256 sunt,
3452 1194 3626 1245 mani-

2050 1267 2237 1325 festat.
2281 1271 2520 1330 Canibus
2564 1286 2823 1344 praeterea
2873 1280 3013 1349 (hoc
3064 1290 3148 1335 est
3196 1281 3520 1334 adversariis
3569 1288 3623 1334 et

2048 1364 2471 1437 oblatrantibus)
2517 1385 2584 1425 ne
2618 1382 2819 1428 temere
2846 1388 2909 1429 ac
2950 1375 3069 1430 sine
3118 1375 3325 1429 ratione
3364 1374 3622 1445 projicias

2048 1465 2258 1519 sancta,
2294 1468 2389 1513 aut
2425 1464 2744 1531 margaritas
2778 1476 2897 1519 ante
2939 1465 3167 1534 porcos‘l
3214 1468 3409 1535 quibus
3464 1467 3624 1521 nimi-

2050 1562 2168 1603 rum
2216 1552 2324 1604 vita
2364 1552 2698 1623 voluptatum
2731 1571 2969 1622 cmuum,
3009 1557 3368 1624 Dominicum,
3395 1567 3452 1612 et
3477 1558 3621 1625 quod

2050 1640 2276 1697 docendi
2300 1644 2538 1712 regulam
2552 1654 2776 1711 statuat,
2794 1659 3121 1719 praeceptum
3135 1658 3237 1702 est.
3257 1648 3619 1704 Sanetiﬁcans

2054 1731 2181 1786 item
2208 1732 2544 1789 sacriﬁcium
2594 1740 2907 1807 mysterium
2939 1740 3049 1793 dici
3080 1739 3220 1793 solet
3258 1758 3271 1793 :
3304 1739 3616 1808 mysterium

2051 1833 2231 1881 autem
2277 1841 2564 1883 commune
2610 1845 2716 1883 non
2779 1842 2901 1895 est,
2952 1847 3125 1900 neque
3168 1830 3324 1885 facile
3376 1831 3618 1899 profanis

2047 1915 2374 1973 adeundum.
2407 1918 2548 1985 Quin
2577 1920 2739 1975 etiam
2767 1932 2974 1987 sancta,
3009 1920 3367 1991 spiritualiter
3396 1920 3613 1988 quidem

2047 2021 2077 2061 a
2117 2005 2402 2078 Serapltim
2425 2018 2589 2079 atque
2615 2011 2933 2077 Cherubim,
2966 2012 3319 2067 materialiter
3358 2026 3487 2066 vero
3519 2026 3618 2065 ve—

2049 2095 2320 2166 lamentis,
2386 2100 2506 2167 alis,
2557 2104 2727 2171 portis
2775 2118 2839 2159 ac
2897 2103 3166 2173 repagulis
3209 2103 3445 2172 undique
3497 2117 3614 2155 am-

2043 2189 2285 2244 biuntur.
2335 2190 2427 2247 Sic
2458 2194 2621 2263 igitur
2641 2211 2850 2250 sacram
2880 2210 3095 2265 quoque
3137 2196 3483 2263 Scripturam.
3512 2208 3617 2247 no—

2046 2289 2213 2335 stram
2254 2293 2465 2351 oportet
2521 2287 2767 2355 profanis
2795 2287 3102 2342 hominibus
3147 2286 3401 2341 abscondi
3441 2284 3616 2354 (utne

2048 2386 2203 2426 sacra
2234 2374 2430 2437 injuria
2492 2376 2672 2445 aliqua
2716 2377 3039 2447 afficiantur)
3088 2392 3151 2430 ac
3203 2377 3332 2431 solis
3386 2374 3615 2429 initiatis

2048 2470 2209 2531 atque
2232 2462 2480 2521 ﬁdelibus
2512 2466 2758 2521 revelari.
2775 2467 3009 2536 Alioqui,
3034 2467 3247 2537 quando
3263 2465 3428 2519 etiam
3461 2463 3611 2528 illud,

2053 2553 2247 2624 198.
2271 2552 2423 2623 cujus
2477 2571 2606 2611 usus
2641 2556 2805 2612 facile
2847 2557 3079 2612 obtineri
3108 2565 3307 2625 potest,
3338 2568 3612 2623 nunquam

2048 2652 2158 2700 tam
2189 2657 2419 2712 amatur,
2454 2656 2618 2717 atque
2650 2648 2703 2701 id
2752 2648 2898 2717 quod
2938 2648 3121 2702 labore
3170 2646 3337 2701 multo
3380 2644 3616 2714 acquisi-

2046 2743 2161 2791 tum
2192 2744 2296 2799 est,
2330 2737 2525 2791 merito
2553 2752 2722 2793 sacra:
2772 2739 3068 2806 Scriptura!
3104 2737 3416 2791 thesaurum
3462 2736 3613 2789 illum

2046 2824 2445 2895 negligentibus
2481 2828 2839 2891 abscondunt,
2893 2844 3051 2898 quem
3101 2827 3385 2882 laboriosis
3418 2840 3616 2882 conce-

2049 2918 2201 2975 dunt.
2236 2916 2341 2972 Sed
2370 2925 2424 2973 et
2455 2919 2772 2975 sudantibus
2804 2920 3024 2974 honesta
3051 2918 3257 2983 omnia,
3284 2918 3615 2985 virtutisque

2049 3022 2153 3061 non
2186 3008 2461 3072 possessio
2507 3010 2790 3073 duntaxat,
2821 3011 2913 3064 sed
2945 3007 3153 3062 fructus
3182 3008 3399 3076 insuper
3434 3006 3617 3060 obtin-

371 3071 464 3123 λον
505 3071 788 3126 ποθείται·
838 3074 868 3127 ὃ
897 3074 953 3127 δὲ
985 3076 1183 3146 ῥᾳδίως
1223 3078 1592 3148 λαμόάνεται,
1622 3081 1716 3135 καὶ
1751 3083 1945 3154 ῥᾳδίως

2050 3099 2146 3169 git,
2175 3116 2299 3155 cum
2356 3101 2552 3156 vitium
2608 3101 2763 3157 facile
2838 3111 3078 3169 paretur,
3142 3110 3197 3154 et
3257 3100 3508 3154 omnibus
3560 3098 3614 3153 in

375 3162 741 3216 ἀποϐάλλεται
767 3165 860 3218 καὶ
891 3166 1028 3236 πρὸς
1054 3167 1115 3220 τὺ
1142 3171 1571 3241 παρεωραμένον
1602 3173 1802 3242 μᾶλλον
1829 3176 1947 3228 ἀντὶ

372 3252 468 3306 τοῦ
507 3254 789 3311 ποθεῖσθαι
844 3259 1234 3330 κατασύρεται.
1268 3261 1359 3313 Διὸ
1397 3263 1492 3316 καὶ
1532 3265 1562 3318 ὁ
1610 3265 1781 3337 ’Λδάμ
1820 3268 1946 3321 ἄνευ

370 3344 553 3399 ἄθλων
596 3347 688 3400 κοιλ⁴
737 3349 1002 3418 καμάτων
1053 3351 1269 3419 ὁμιλίας
1298 3353 1618 3424 ἀξιούμενος
1656 3356 1807 3421 θείας
1854 3360 1948 3412 καὶ

372 3437 483 3491 τῶν
506 3438 681 3493 ἄλλων
704 3439 947 3508 ἀγαθῶν,
977 3443 1175 3514 ῥᾳδίως
1198 3436 1271 3500 ὧν
1292 3445 1569 3513 ἀπήλαυεν
1591 3445 1944 3519 ὲξωλίσθησε⁸

371 3531 470 3583 καὶ
518 3531 703 3601 ἐπειδὴ
731 3531 823 3585 τὸν
873 3533 1079 3586 ἄλυπον
1112 3536 1205 3588 καὶ
1233 3536 1472 3608 ἄμοχθον
1504 3538 1619 3608 βίον
1670 3539 1947 3613 βαράθρου

371 3620 636 3692 πρόξενον
688 3623 869 3695 ἑαυτῷ
910 3627 1335 3691 κατεσκεύασεν,
1367 3630 1397 3681 ὁ
1436 3629 1714 3700 πάνσοφος
1765 3633 1949 3702 ίατρὸς

368 3719 487 3780 τοῖς
535 3718 800 3783 ἐναντίοις
853 3721 1167 3792 φαρμάκοις
1220 3722 1434 3788 ὲξιᾶται
1488 3725 1549 3777 τὸ
1599 3726 1833 3796 νόσημα,
1889 3728 1948 3780 ὲν

372 3807 557 3878 ἱδρῶτι
588 3809 683 3863 τοῦ
715 3811 1009 3883 προσώπου
1036 3812 1130 3867 καὶ
1174 3814 1266 3866 τὸν
1299 3816 1611 3885 σωματικὸν
1639 3817 1803 3885 ἄρτον
1840 3835 1947 3884 φα-

368 3902 488 3967 γεῖν
518 3900 682 3971 νόμον
713 3902 1018 3974 τιθέμενος,
1048 3906 1144 3958 καὶ
1176 3906 1319 3969 ὅσοις
1349 3909 1378 3960 ὁ
1410 3908 1777 3978 πνευματικὸς
1808 3908 1945 3979 ἔρως

368 3993 755 4065 πνευματικὴν
792 3994 1126 4067 παρατίθησι
1177 3998 1475 4068 τράπεζαν.
1523 3999 1686 4052 Ἀνευ
1734 4000 1790 4052 δὲ
1838 4000 1949 4054 τῶν

369 4084 702 4156 εἰρημένων,
748 4087 798 4140 εί
848 4089 1050 4149 παντὸς
1097 4083 1165 4160 ἦ.)
1199 4090 1293 4143 καὶ
1336 4093 1505 4162 χωρὶς
1552 4093 1815 4161 καμάτων
1848 4094 1950 4165 τῆς

369 4177 517 4231 κατὰ
551 4180 650 4250 τὴν
687 4179 911 4252 Γραφὴν
957 4182 1255 4255 θεωρίαςὴ
1306 4184 1641 4256 κατάληψις,
1683 4188 1785 4240 ποῦ
1838 4188 1949 4241 τῶν

366 4271 862 4341 ὲπαγρυπνούντων
929 4276 1103 4349 ταύτῃ
1173 4277 1268 4329 καὶ
1330 4276 1827 4349 ὲπαγωνιζομένων
1879 4280 1949 4333 τά

368 4362 613 4430 ἐπαθλας
658 4363 692 4435 ἢ
726 4364 808 4429 τίς
853 4365 918 4418 ἂν
952 4369 1277 4438 προσανεῖχε
1308 4369 1374 4438 τῇ
1402 4368 1603 4440 ταύτης
1639 4370 1943 4443 φιλοπονίᾳ,

2048 3200 2299 3260 promptu
2342 3192 2433 3247 sit.
2488 3192 2757 3261 Quidquid
2811 3193 2937 3247 item
2990 3191 3339 3257 cumilabore
3385 3189 3617 3244 feliciter

2048 3283 2349 3339 confectum
2379 3293 2483 3348 est,
2520 3284 2691 3352 majus
2720 3285 2874 3352 longe
2898 3284 2979 3338 sui
3009 3283 3207 3337 excitat
3245 3280 3568 3336 desiderium
3597 3295 3614 3332 :

2048 3372 2189 3442 quod
2220 3382 2401 3426 autem
2433 3372 2595 3431 facile
2631 3371 2923 3436 obtinetur,
2966 3372 3123 3425 facile
3149 3371 3311 3425 etiam
3352 3368 3617 3436 rejicitur,

2049 3463 2373 3533 propiusque
2396 3472 2478 3516 est
2513 3472 2569 3515 ut
2593 3472 2988 3526 contemnatur,
3012 3478 3171 3530 quam
3221 3470 3279 3514 ut
3309 3467 3614 3527 expetatur.

2047 3553 2337 3625 Propterea
2368 3554 2533 3608 etiam
2565 3554 2760 3618 Adam,
2792 3556 2885 3623 qui
2934 3556 3054 3608 sine
3102 3551 3491 3607 certaminibus
3528 3557 3621 3601 aut

2047 3646 2320 3702 laboribus
2346 3647 2531 3701 divino
2578 3647 2815 3717 alloquio
2859 3647 3178 3714 canerisque
3222 3643 3379 3698 bouis
3425 3640 3619 3711 dignus

2047 3750 2167 3794 erat
2194 3740 2430 3807 habitus,
2467 3741 2628 3795 citius
2668 3754 2740 3794 ea
2778 3740 2975 3809 quibus
3028 3738 3282 3791 utebatur
3320 3733 3523 3789 amisit.
3550 3733 3620 3787 At

2046 3836 2330 3899 postquam
2363 3829 2569 3884 doloris
2608 3843 2674 3884 ac
2718 3828 2918 3883 laboris
2948 3836 3224 3896 expertem
3267 3826 3429 3878 vitam
3476 3838 3619 3892 pra:-

2047 3921 2216 3990 cipitii
2247 3921 2351 3977 sibi
2392 3936 2611 3977 causam
2646 3919 2794 3987 fecit,
2826 3918 3116 3975 contrariis
3165 3918 3353 3986 utique
3387 3916 3623 3971 medica-

2049 4012 2246 4068 mentis
2301 4012 2734 4082 sapientissimus
2788 4012 3030 4067 medicus
3106 4013 3358 4065 morbum
3443 4015 3621 4070 curat,

2048 4105 2156 4160 lata
2189 4105 2323 4175 lege,
2346 4106 2473 4160 utin
2496 4106 2692 4162 sudore
2716 4105 2892 4160 vultus
2929 4111 2976 4169 °,
3030 4118 3133 4157 non
3180 4100 3476 4170 corporalis
3503 4109 3622 4154 tan-

2050 4207 2161 4252 tum
2184 4197 2340 4253 cibus
2356 4204 2681 4264 sumeretur,
2705 4209 2891 4250 verum
2918 4205 2973 4251 et
2988 4195 3182 4261 quibus
3198 4193 3456 4264 spiritalis
3471 4204 3627 4246 amor

2047 4290 2345 4360 spiritalem
2376 4290 2604 4343 adornat
2634 4303 2898 4342 mensam.
2927 4286 3133 4342 Adbaac
3164 4299 3316 4349 vero,
3348 4285 3394 4339 si
3421 4284 3621 4353 quivis,

2051 4382 2195 4437 nullo
2218 4382 2378 4436 etiam
2412 4381 2593 4436 labore
2611 4381 2871 4444 adhibito,
2909 4394 3079 4434 sacra:
3099 4378 3374 4446 Scripture
3400 4390 3622 4431 sensum

366 4454 523 4508 οὐδὲν
562 4454 781 4509 ἔλαττον
834 4457 1066 4529 ἐχόντων
1102 4459 1211 4512 τῶν
1252 4460 1513 4531 ῥᾳθύμως
1564 4465 1735 4534 αὐτῆς
1779 4465 1945 4517 ἀπτο-

2051 4474 2328 4545 percipcre
2373 4482 2574 4542 posset,
2619 4473 2837 4527 ubinam
2879 4485 3064 4525 eorum
3114 4470 3208 4539 qui
3259 4470 3313 4522 in
3365 4468 3466 4522 hac
3513 4482 3623 4523 non

372 4546 584 4616 μένων;
637 4546 780 4601 ὥστε
834 4549 926 4603 διά
975 4549 1085 4604 τῶν
1116 4552 1423 4622 εἰρημένων
1453 4552 1667 4606 δίκαιόν
1716 4571 1777 4607 τε
1831 4555 1947 4626 ἅμα

368 4640 466 4692 καὶ
516 4639 789 4705 λυσιτελὲς
826 4643 1066 4715 ἀνεφάνη
1124 4643 1187 4697 τὸ
1220 4645 1296 4714 μὴ
1348 4644 1705 4715 ἀνηπλῶσθαι
1747 4644 1947 4717 μᾶλλον

371 4731 497 4799 μηδ’
545 4732 1027 4803 ἀπαραφυλάκτως
1074 4736 1332 4807 ὲρῥῖφθαι
1362 4736 1396 4807 ἢ
1426 4736 1489 4788 τὸ
1512 4737 1558 4768 ’ί
1612 4737 1766 4791 κοινά
1807 4757 1945 4809 προ-

366 4821 587 4876 κεῖσθαι
616 4826 753 4878 πᾶσι
780 4827 875 4881 καὶ⁹
910 4829 1023 4890 τοῖς
1057 4827 1296 4893 ἀναξίοις
1321 4828 1421 4898 τῆς
1466 4828 1689 4900 Γραφῆς
1720 4829 1788 4885 τὰ
1819 4831 1946 4902 νοή-

372 4929 542 4980 ματα.

2049 4566 2168 4619 sine
2220 4562 2415 4633 vigiliis
2485 4574 2646 4631 atque
2702 4562 2977 4617 laboribus
3041 4569 3324 4614 versantur
3401 4560 3621 4627 praemia

2052 4652 2370 4705 manerent?
2403 4652 2650 4721 Autquis
2688 4666 2925 4721 unquam
2961 4648 3122 4717 hujus
3163 4664 3282 4703 sese
3314 4649 3498 4703 studio
3528 4648 3622 4702 ad-

2052 4741 2231 4794 dicere
2268 4740 2415 4805 velit,
2445 4741 2488 4796 si
2519 4743 2700 4797 minus
2747 4741 2878 4795 nihil
2910 4747 3312 4808 consequantur
3339 4739 3377 4793 ii
3408 4738 3495 4807 qui
3527 4753 3622 4792 nc-

2051 4831 2317 4902 gligenter
2351 4847 2471 4887 eam
2506 4833 2871 4904 attingerent?
2898 4834 2976 4889 Ex
3018 4834 3085 4888 iis
3117 4834 3297 4903 igitur,
3329 4848 3447 4903 quae
3490 4832 3622 4886 bao-

2053 4933 2207 4981 tenus
2231 4936 2652 4981 commemorata
2714 4936 2874 4995 sunt,
2908 4942 3119 4996 aequum
3170 4926 3333 4981 simul
3394 4936 3447 4980 et
3493 4924 3621 4977 utile

369 5015 646 5073 appareat,
694 5008 837 5077 quod
909 5026 1014 5065 non
1085 5012 1356 5081 explicata
1435 5014 1609 5084 magis
1661 5014 1955 5086 Scriptura:
1993 5032 2150 5074 sensa
2221 5035 2401 5077 neque
2453 5021 2724 5076 incautius
2794 5021 3028 5091 abjeCta,
3105 5020 3190 5076 vel
3241 5021 3294 5074 in
3347 5020 3619 5074 communi

368 5098 641 5165 omnibus,
664 5101 825 5154 etiam
866 5101 1125 5173 indignis,
1159 5104 1434 5174 proposita
1474 5104 1695 5162 fuerint.

442 5192 601 5263 Παρά
650 5196 833 5264 μέντοι
864 5196 934 5249 τὰ
982 5198 1291 5268 εἰρημένα,
1345 5198 1456 5250 τῶν
1494 5200 1594 5269 μὲν
1639 5199 1939 5268 φιλοπόνων

370 5285 468 5337 καὶ
492 5283 657 5349 ἀξίων
685 5286 778 5339 τοῦ
809 5289 948 5342 κατά
974 5290 1177 5357 γνῶσιν
1202 5290 1575 5360 πνευματικοῦ
1610 5292 1947 5364 χαρίσματος

369 5378 473 5430 οὐκ
517 5376 645 5449 [526
692 5377 787 5451 IL]
836 5379 902 5434 ἀν
950 5398 1036 5445 τις
1083 5382 1392 5436 αἰτιάσαιτο
1447 5384 1547 5454 τῆς
1584 5384 1813 5456 Γραφῆς
1845 5384 1943 5437 sitv

457 5517 485 5557 (ι
522 5518 711 5574 Matth.
753 5534 848 5587 vtt,
885 5521 938 5577 6.
1022 5533 1046 5562 ε
1078 5522 1218 5579 Gen.
1242 5539 1331 5593 'lll,
1364 5524 1450 5579 10.

2123 5198 2321 5254 Verum
2352 5198 2421 5253 ob
2460 5198 2598 5263 bazc,
2629 5213 2747 5265 qua:
2770 5196 2881 5266 jam
2929 5199 3184 5265 diximus,
3221 5216 3380 5257 nemo
3410 5216 3617 5265 corum.

2054 5293 2142 5361 qui
2181 5303 2275 5344 aut
2325 5290 2529 5344 laboris
2559 5301 2806 5344 amantes
2839 5302 2987 5359 sunt,
3027 5304 3118 5346 aut
3143 5292 3373 5361 spiritali
3408 5294 3621 5349 intelle-

2055 5396 2174 5438 ctus
2219 5384 2392 5454 gratia
2438 5381 2605 5450 digni,
2660 5396 2832 5437 sacra:
2874 5382 3167 5450 Scriptura:
3229 5385 3620 5439 obscuritatem

1676 5639 1904 5695 VARUE
1942 5637 2348 5695 LECTIONES.

453 5750 496 5783 ⁸⁸
516 5753 693 5806 malim
717 5751 889 5816 οὕτως
921 5749 1033 5810 οὖν.
1112 5756 1154 5789 ¹⁹
1185 5757 1232 5809 εί
1260 5755 1381 5810 add.
1418 5755 1480 5811 Δ.
1562 5756 1607 5788 ³ο
1635 5755 1849 5827 κτῆσιν]
1875 5754 1994 5813 libri
2016 5755 2233 5827 χρῆσιν.
2310 5757 2354 5787 ³³
2382 5754 2415 5826 ἢ
2452 5752 2535 5826 τὸ]
2567 5754 2675 5806 εἴτε
2706 5767 2849 5808 οοῐΐι
2883 5753 2921 5806 Α
2960 5771 2973 5806 ε
3009 5750 3130 5822 ἧτά
3155 5769 3214 5817 ς·
