4030 6248
461 321 584 392 ’195
1612 323 1879 388 ΡΗΟΤΙΙ
1923 326 2056 386 ΡΑἸ

2158 328 2432 391 ARCHE
2473 331 2583 393 CP.
3630 325 3736 392 796

463 433 763 493 accusarit.
800 433 872 489 At
921 431 1201 504 negligens
1243 440 1298 486 et
1342 431 1642 498 remissus,
1700 450 1801 489 cur
1840 435 2054 488 tandem

2162 433 2432 504 ἀσάφειαν
2449 452 2467 469 ο
2486 437 2514 490 ὁ
2532 436 2590 490 δέ
2616 433 2856 508 ῥᾴθυμος
2881 433 2976 488 καὶ
2997 431 3414 497 ἀναπεπτωκὼς
3434 433 3488 486 τί
3512 433 3576 506 δή
3604 451 3736 489 ποτε

467 529 800 599 indignetur,
855 525 902 582 si
950 541 1054 581 non
1093 525 1314 595 capiat?
1357 524 1496 580 Nam
1543 527 1588 580 si
1622 526 1930 580 divinarum
1967 540 2053 582 re-

2158 525 2231 596 μὴ
2258 525 2700 597 καταλαμϐάνων
2725 524 3065 596 δυσχεραίνοι
3088 525 3183 590 ἄνς
3213 525 3280 579 El
3300 524 3400 593 μὲν
3426 524 3536 596 γάρ
3565 543 3736 580 σπου-

464 636 586 678 t'ttm
613 620 977 689 cognitionem
1013 618 1200 673 labore
1231 617 1416 689 aliquo
1451 620 1668 690 dignam
1689 618 1925 688 judicat,
1955 635 2054 675 cur

2158 619 2250 686 δῆς
2288 616 2447 682 ἀξίαν
2496 618 2597 688 τὴν
2647 618 2756 670 τῶν
2804 617 2964 671 θείων
3005 615 3209 683 γνῶσιν
3263 617 3520 685 ἡγεῖται,
3567 615 3621 668 τί
3660 615 3736 688 μὴ

463 713 534 769 iis
583 728 688 766 non
737 710 919 767 studet
955 712 1118 768 rebus
1149 727 1288 780 quas
1316 713 1484 767 habet
1517 713 1569 766 in
1603 712 1813 782 pretio?
1855 712 1951 765 Sin
1985 713 2051 764 ad

2158 709 2446 774 σπουδάζει
2485 709 2613 780 περὶ
2644 709 2714 762 τὰ
2747 709 2934 780 τίμια;
2976 709 3040 761 Ei
3085 707 3144 762 δὲ
3179 708 3316 778 πρὸς
3343 708 3544 778 ἀρετὴν
3573 709 3740 778 μηδὲν

461 804 724 858 virtutem
786 803 928 858 hanc
987 804 1121 858 nihil
1173 819 1292 860 esse
1343 806 1704 859 necessariam
1738 813 1916 872 putat,
1956 818 2053 859 cur

2158 799 2449 866 ἀναγκαῖον
2496 802 2882 872 παρέχουσαν,
2932 800 2984 853 τί
3036 800 3132 854 καὶ
3175 799 3519 870 δυσχεραίνει
3573 798 3740 870 μηδὲν

463 896 617 950 nullo
643 893 872 950 allectus
917 894 1119 950 damno
1172 896 1474 951 molestiam
1517 898 1700 966 capit?
1741 898 1878 964 Quid
1922 913 2051 951 vero

2158 894 2551 965 ζημιούμενοςς
2587 895 2727 950 τίδὲ
2769 895 2865 949 καὶ
2899 894 2964 947 ἐκ
3001 895 3100 965 τῆς
3137 891 3410 959 ἀσαφείας
3449 888 3740 960 παραὸλα-

463 1001 532 1041 ex
575 986 687 1054 ipsa
724 1001 941 1056 quoque
987 987 1344 1052 obscuritate,
1400 1004 1620 1044 sensum
1678 990 1768 1059 qui
1817 998 2048 1058 quaerat,

2158 987 2273 1059 σείη
2296 990 2344 1019 ’³
2392 1005 2478 1052 τις
2528 987 2708 1059 ζητῶν
2745 987 2937 1058 μαθεῖν
2964 985 3064 1057 τὴν
3103 983 3385 1049 διάνοιανς
3439 981 3555 1035 ἔστι
3601 981 3737 1054 γὰρ,

467 1080 684 1147 assequi
717 1079 930 1149 possit?
954 1079 1108 1134 Licet
1137 1081 1304 1144 enim,
1355 1081 1481 1136 licet
1512 1084 1815 1152 cuiconqne
1845 1083 2047 1138 volenti

2158 1081 2271 1134 East.
2310 1083 2422 1144 τοῖς
2455 1080 2801 1151 βουλομένοις
2833 1079 2870 1134 ἀ
2900 1078 3158 1150 ζητοῦσιν
3185 1078 3230 1110 ³³
3264 1075 3326 1128 οὐ
3360 1073 3598 1179 χαλεπὸν

467 1171 695 1242 quaesita
748 1170 910 1226 facile
956 1171 1264 1226 addiscere.
1306 1171 1597 1228 Multorum
1645 1177 1788 1228 enim
1832 1187 2053 1230 sancto-

2158 1173 2288 1226 θεῖν.
2331 1173 2545 1226 Πολλῶν
2571 1172 2681 1243 γάρ
2710 1171 2920 1243 ἀνδρῶν
2951 1169 3115 1242 ἱερῶν
3148 1168 3301 1222 πόνοι
3329 1164 3741 1218 ἀναπτύσσουσί

475 1277 596 1316 rum
635 1264 875 1317 virorum
910 1262 1122 1318 labores
1151 1263 1419 1333 explicant
1450 1275 1505 1319 et
1542 1266 1817 1321 elucidant
1840 1268 2052 1322 divinas

2158 1282 2210 1317 τε
2245 1267 2340 1318 καὶ
2367 1263 2660 1329 ἐξαπλοῦσι
2701 1261 2773 1317 τὰ
2797 1261 3061 1316 θεσπέσια
3091 1260 3284 1328 Λόγια,
3315 1251 3398 1321 οἷς
3434 1255 3745 1360 ἐμφιλοχω-

468 1353 732 1422 Litteras,
777 1355 976 1426 quibus
1021 1356 1291 1412 inhaerere
1322 1359 1366 1412 si
1401 1359 1532 1428 quis
1560 1359 1794 1414 libenter
1824 1362 1972 1428 velit,
2002 1363 2050 1418 is

2158 1359 2269 1428 ρεῖν
2296 1374 2382 1422 τις
2415 1356 2852 1428 προαιρούμενος
2889 1355 2991 1408 οὐκ
3029 1352 3096 1406 ἂν
3126 1351 3379 1423 ἀτυχήσῃ
3421 1347 3518 1454 τοῦ
3550 1347 3744 1454 βρυλήο

467 1462 499 1500 a
551 1448 832 1516 proposito
891 1449 1114 1503 minime
1168 1451 1467 1505 aberrabit.
1552 1451 1706 1517 Quod
1763 1453 1808 1507 si
1868 1452 2052 1510 facere

2158 1467 2346 1521 ματος.
2401 1451 2498 1514 ⁸ος
2529 1449 2572 1502 δ’
2606 1449 2704 1520 οὐχ
2738 1448 2998 1519 αἱρεῖται,
3022 1444 3183 1516 δῆλον
3208 1444 3286 1508 ὡς
3321 1444 3372 1497 εί
3399 1443 3492 1495 καὶ
3520 1443 3743 1500 πάντων

467 1547 706 1603 recuset,
740 1538 1090 1592 manifestum
1121 1537 1413 1610 [ejusmodi
1444 1540 1742 1615 hominem]
1769 1558 2049 1613 nunquam

2158 1544 2238 1615 εἴη
2277 1543 2609 1615 σαφέστερα,
2659 1542 2759 1596 οὐκ
2806 1541 2873 1594 ἂν
2900 1538 3084 1594 αὐτῶν
3112 1539 3192 1601 είς
3217 1535 3423 1606 γνῶσιν
3464 1533 3740 1602 ἀφίκοιτο.

469 1629 524 1683 ἰη
543 1629 758 1684 illarum
787 1630 1150 1699 cognitionem
1174 1632 1457 1699 pervenire
1479 1648 1637 1701 posse
1653 1675 1668 1700 ,
1690 1649 1817 1700 non,
1837 1635 2049 1691 etiamsi

2155 1640 2279 1695 ’Ότι
2322 1638 2380 1692 δέ
2418 1637 2617 1710 ἀληθὲς
2649 1636 2712 1690 τὸ
2742 1635 2930 1707 ρηθέν,
2961 1633 3100 1687 είσὶν
3129 1631 3179 1685 οἳ
3219 1630 3355 1702 μηδὲ
3379 1628 3569 1692 ἁπλῶς
3599 1623 3743 1680 αύτά

469 1721 714 1775 omnium
770 1731 956 1776 essent
1005 1722 1384 1790 apertissima.
1448 1721 1648 1778 Verum
1701 1737 1883 1780 autem
1931 1742 2051 1782 esse

2158 1732 2262 1788 τῶν
2312 1729 2688 1786 ἀποστολικῶν
2734 1726 3036 1782 ἐπιστολῶν
3103 1724 3236 1796 ψιλά
3285 1721 3618 1792 γινώσκουσι
3674 1718 3744 1772 si

2077 1778 2125 1836 Β

470 1811 615 1878 quod
647 1811 902 1874 diximus,
935 1813 1250 1881 patet,quia
1276 1823 1404 1867 sunt
1430 1815 1521 1884 qui
1558 1819 1782 1870 omnino
1814 1833 1882 1872 ne
1908 1820 2048 1874 nuda

2158 1826 2418 1897 ὀνόματα,
2473 1823 2590 1878 ἀλλ’
2641 1822 2766 1877 οὐδὲ
2815 1821 2926 1874 τῶν
2983 1819 3285 1892 προφητῶν
3333 1816 3366 1887 ἦ
3418 1815 3526 1869 τῶν
3563 1813 3743 1867 ἀλλων

469 1903 687 1973 quidem
739 1906 957 1959 nomina
1005 1906 1360 1975 epistularum
1414 1910 1839 1977 apostolicarum
1886 1929 2052 1969 nove-

469 1995 614 2060 rint;
669 1996 762 2050 sed
810 2011 988 2066 neque
1032 1999 1440 2068 prophetarum,
1474 2002 1554 2054 vel
1597 2003 1826 2057 aliorum
1858 2020 2048 2060 sacro-

477 2097 600 2137 rum
656 2083 943 2139 Librorntn
1023 2087 1161 2155 (sive
1217 2089 1291 2143 illi
1356 2090 1549 2160 1981:
1606 2097 1844 2162 antiquae
1893 2093 2052 2164 Legis

468 2174 602 2241 sint,
643 2177 760 2230 sive
793 2179 989 2249 novae),
1034 2181 1116 2233 vel
1171 2181 1371 2235 nudum
1406 2185 1708 2254 catalogum
1750 2201 1881 2242 voce
1929 2203 2054 2256 pos-

468 2265 580 2320 sint
627 2280 954 2337 recensere;
1001 2281 1058 2325 et
1096 2282 1248 2328 certe
1287 2288 1408 2344 qua:
1436 2278 1763 2344 obscuritas,
1805 2280 1887 2334 vel
1933 2297 2053 2351 qote

470 2356 733 2420 tenebrae,
778 2376 970 2430 quaeve
1022 2362 1332 2428 difﬁcultas.
1367 2369 1647 2422 nominum
1692 2372 1927 2427 indicem
1957 2389 2052 2428 co-

469 2450 774 2516 gnoscere?
803 2463 1010 2520 quanto
1057 2468 1188 2511 vero
1215 2457 1264 2508 id
1301 2458 1481 2512 studio
1506 2461 1706 2530 indiget
1732 2461 1756 2514 ?
1779 2461 2050 2520 Ctetertttn

471 2539 800 2608 nolentibus,
841 2542 958 2598 haec
992 2560 1096 2598 tton
1153 2549 1356 2606 minus.
1409 2563 1570 2619 quam
1606 2551 1887 2624 Scriptura
1916 2557 2050 2625 ipsa,

471 2631 744 2704 incognita
790 2647 1033 2690 manent.
1092 2637 1271 2705 Quare
1302 2655 1407 2695 non
1445 2643 1785 2713 eloquiorum
1817 2646 1910 2703 Dei
1951 2650 2054 2704 ob-

2155 1917 2315 1990 ἱερῶν
2363 1916 2574 1970 Βίόλων
2594 1915 2662 1983 ³⁵,
2696 1915 2796 1968 ὅσα
2825 1915 2923 1985 τῆς
2955 1912 3202 1970 Παλαιᾶς
3230 1910 3327 1964 καὶ
3365 1909 3467 1962 ὅσα
3511 1906 3609 1976 τῆς
3643 1903 3746 1974 χά-

2154 2027 2325 2083 ριτος.
2372 2009 2484 2063 οὐδ’
2539 2008 2706 2062 αὐτὸν
2758 2006 2850 2061 τὸν
2883 2005 3183 2072 κατάλογον
3233 2001 3322 2056 διά
3371 1999 3555 2070 φωνῆς
3601 2013 3742 2067 προ-

2152 2104 2306 2170 άγειν
2333 2101 2677 2154 ἐπίστανται.
2706 2097 2902 2151 Καίτοι
2941 2095 2994 2150 τί
3029 2093 3328 2155 σκοτεινὸν,
3363 2091 3419 2144 τί
3445 2089 3492 2144 δ’
3508 2088 3740 2156 ἀσαφὲς,

2150 2193 2203 2246 τί
2248 2192 2305 2246 δὲ
2344 2190 2582 2262 χαλεπὸν
2625 2189 2908 2259 ὀνομάτων
2953 2186 3154 2240 είδὲναι
3198 2181 3535 2249 κατάλογονς
3580 2178 3744 2241 ποίας

2150 2284 2208 2338 δὲ
2251 2283 2486 2354 μελέτης
2531 2282 2737 2348 δεῖται;
2789 2279 2927 2334 ἀλλά
2974 2279 3089 2338 τοῖς
3140 2293 3205 2345 γε
3263 2273 3339 2345 μὴ
3387 2269 3746 2342 ,βουλομένοις

2155 2374 2310 2429 οὐδὲν
2325 2369 2487 2444 ἦττον
2511 2372 2686 2426 ταῦτα
2705 2371 2836 2444 [652
2860 2367 2954 2440 R.]
2979 2368 3012 2439 ἢ
3040 2366 3110 2420 τά
3126 2365 3234 2419 τῶν
3256 2363 3492 2435 Γράφων
3510 2360 3558 2392 ’⁸
3587 2359 3744 2430 μένει

2153 2465 2559 2532 ἀνεπίγνωστα.
2601 2463 2766 2516 Ὥστε
2812 2460 2913 2530 οὐχ
2947 2459 2984 2528 ἡ
3028 2456 3137 2511 τῶν
3161 2457 3207 2487 ³⁸
3237 2451 3453 2522 Λογίων
3501 2449 3744 2516 ἀσάφεια

2152 2557 2256 2628 τῆς
2308 2556 2418 2609 τῶν
2463 2554 2677 2609 πολλῶν
2724 2551 2950 2622 ἀγνοίας
3001 2549 3062 2604 τὸ
3097 2547 3304 2612 αἴτιον,
3341 2543 3404 2598 τὸ
3431 2541 3490 2596 δέ
3534 2540 3745 2594 τούτων

2153 2649 2499 2722 ἠμελημένον
2529 2648 2625 2702 καὶ
2653 2645 2896 2718 ῥᾴθυμον
2929 2643 3028 2697 καὶ
3055 2641 3127 2695 τά
3171 2637 3492 2708 σαφέστατα
3519 2636 3745 2689 πάντων

471 2727 708 2781 scuritas
756 2727 918 2798 vulgo
967 2729 1287 2800 ignorantia:
1320 2748 1484 2789 causa
1534 2745 1620 2791 est
1650 2778 1665 2803 ,
1719 2740 1815 2794 sed
1846 2741 2036 2797 horum

2158 2745 2372 2813 ἀγνοεῖν
2397 2738 2807 2812 παρεσκεύασε.
2835 2735 2997 2808 Παρά
3032 2736 3132 2806 μὲν
3161 2734 3278 2796 τοῖς
3299 2729 3566 2792 τοιούτοις
3591 2725 3746 2780 οὐδὲν

474 2818 684 2873 incuria
734 2835 801 2875 ac
851 2820 1180 2891 negligentia
1257 2825 1423 2879 etiam
1471 2827 1776 2885 clarissima
1826 2847 2055 2903 qumque

2158 2838 2250 2893 τοῦ
2294 2836 2502 2906 σαφοῦς
2546 2833 2609 2889 τὺ
2656 2831 2900 2903 ἀσαφὲς,
2949 2830 3025 2894 ὡς
3071 2829 3378 2890 δέδεικται,
3427 2824 3744 2893 διενήνοχεο

472 2908 713 2980 ignorari
757 2912 909 2966 fecit.
956 2913 1117 2984 Apud
1167 2930 1304 2984 quos
1348 2918 1481 2973 clari
1515 2929 1680 2990 atque
1719 2924 1961 2992 obscuri,
1998 2935 2056 2981 ut

2158 2931 2283 2995 τοὺς
2315 2930 2374 2984 δὲ
2418 2925 2744 2989 σπουδαίους
2795 2925 2830 2996 ή
2865 2923 3130 2993 ἀσάφεια,
3175 2917 3317 2992 μετὰ
3355 2916 3453 2972 τοῦ
3481 2914 3748 2985 παρέχειν

475 3004 902 3059 demonstratum
953 3016 1060 3071 est,
1095 3007 1302 3062 nullum
1359 3009 1651 3066 discrimen
1696 3029 1712 3067 :
1767 3029 1890 3069 cum
1946 3027 2054 3071 stu-

2159 3015 2544 3093 ἀκαπήλέυτον
2574 3018 2638 3073 τὺ
2678 3017 2892 3072 οἴκοθεν
2929 3014 3146 3086 κέρδος,
3196 3011 3293 3065 καὶ
3326 3006 3527 3079 σοφούς
3554 3023 3616 3059 τε
3653 3003 3748 3058 καὶ

474 3096 661 3152 diosus
691 3097 809 3152 haec
841 3098 1166 3164 obscuritas,
1198 3110 1563 3172 praeterquam
1587 3107 1730 3174 quod
1781 3108 2048 3167 sinceram

2161 3114 2482 3178 σπουδαίους
2507 3113 2609 3186 τὴν
2635 3109 2837 3184 ἀρετὴν
2867 3107 3268 3201 ἐπιδείκνυσινἰ
3281 3101 3420 3201 ῙΕτι
3532 3100 3572 3201 t5~
3592 3093 3746 3201 [ubi].

474 3202 543 3240 ex
574 3201 635 3243 se
666 3188 950 3244 utilitatem
999 3189 1259 3259 praebeat,
1293 3194 1571 3262 sapientes
1596 3213 1660 3252 ac
1690 3199 1893 3257 virtute
1921 3219 2056 3272 prae-

2158 3208 2255 3278 τῆς
2303 3207 2457 3278 ἱερᾶς
2489 3203 2718 3277 Γραφῆς
2751 3201 2842 3256 τὸν
2871 3198 2997 3254 νοῦν
3025 3194 3410 3266 ἐλλαμφθῆναι
3443 3189 3614 3257 ἀξιῶν
3642 3227 3660 3251 ,
3701 3187 3749 3239 εί

473 3275 620 3333 ditos
666 3278 883 3334 elllciat.
935 3278 1261 3353 Quicunque
1304 3285 1371 3338 ad
1406 3285 1519 3340 haec
1564 3287 1862 3358 Scriptura
1888 3307 2056 3350 sacra:

2161 3275 2260 3372 μέν
2284 3275 2636 3370 ἀνθρωπίνην
2664 3292 2820 3360 δόξαν
2848 3291 3029 3363 ζητῶν
3057 3284 3235 3352 οὗτος,
3264 3283 3492 3346 δικαίως
3512 3281 3624 3334 τῶν
3651 3279 3749 3372 τῇς

474 3370 804 3424 sententiam
853 3371 1112 3427 illustrari
1167 3384 1340 3444 optat,
1401 3375 1446 3430 si
1495 3378 1712 3448 quidem
1762 3381 2057 3440 humanam

474 3462 702 3530 gloriam
749 3464 968 3534 quaerit,
1014 3467 1212 3525 merito
1243 3483 1273 3521 a
1321 3468 1521 3524 divina:
1565 3472 1848 3541 sapientiae
1895 3478 2060 3532 vesti-

473 3556 601 3613 bulo
658 3569 914 3616 arcetur:
963 3560 1047 3615 sin
1101 3562 1323 3618 virtutis
1374 3566 1667 3632 duntaxat,
1711 3577 1766 3624 et
1811 3585 2060 3640 superna:

477 3649 940 3704 remunerationis
972 3653 1229 3721 gratiam,
1260 3665 1528 3724 quantum
1561 3657 1848 3716 laboribus
1881 3676 1946 3718 ac
1969 3677 2058 3718 su-

476 3739 698 3794 doribus
749 3741 865 3808 ipsa
917 3745 1269 3811 processerit,
1306 3754 1456 3801 tanta
1501 3763 1678 3818 eaque
1719 3761 1867 3806 certa
1901 3753 2063 3828 retri-

477 3829 714 3885 lmtionis
753 3833 1027 3886 assecutio
1066 3833 1508 3894 allaborantibus
1553 3841 1916 3911 relinquetur.
1952 3844 2060 3900 Sed

476 3923 622 3980 istud
647 3939 862 3995 quoque
895 3927 963 3981 ad
995 3928 1276 3996 sapientiae
1322 3929 1466 3988 illius
1507 3934 1906 4005 inexplicabilis
1935 3954 2061 4006 pro-

476 4016 769 4072 videntiam
845 4020 1116 4089 pertinet,
1175 4024 1316 4092 quod
1381 4025 1576 4082 tollens
1634 4045 1760 4084 mox
1840 4031 1908 4085 al)
1957 4033 2060 4086 ini-

481 4105 554 4159 tio
597 4105 736 4162 Deus
785 4123 1004 4164 omnem
1051 4112 1116 4166 de
1177 4121 1327 4167 sorte
1375 4125 1563 4172 nostra
1611 4118 2056 4188 querimoniam,

477 4207 731 4266 expertes
791 4215 1155 4256 a't‘umnarum
1215 4205 1439 4260 delicias
1498 4207 1655 4263 nobis
1703 4208 1756 4262 in
1810 4211 2061 4278 paradiso

477 4291 664 4356 donat,
707 4291 880 4347 donec
931 4293 1276 4363 deprehenso
1319 4312 1387 4352 ex
1443 4299 1602 4354 laetis
1638 4303 1858 4367 nostris,
1897 4303 2063 4358 inuti-

482 4381 586 4436 lem
647 4384 956 4441 hominibus
1009 4402 1129 4442 esse
1189 4388 1372 4444 labore
1410 4405 1475 4445 ac
1525 4393 1748 4449 miseria
1778 4408 2059 4452 carentem

2165 3370 2317 3455 θείας
2377 3389 2573 3460 σοφίας
2606 3384 2964 3460 προπυλαίων
3010 3379 3413 3436 ἀπελαύνεται·
3459 3375 3510 3428 εἰ
3547 3372 3605 3426 δὲ
3648 3370 3751 3439 τῆς

2158 3483 2362 3558 ἀρετῆς
2395 3483 2560 3553 χάριν
2590 3479 2685 3532 καὶ
2713 3479 2814 3548 τῆς
2848 3473 3058 3531 ἄνωθεν
3091 3471 3418 3532 ἀντιδόσεως
3438 3465 3622 3558 ,ᾲὸσον

2158 3554 2340 3628 πόνων
2370 3575 2466 3627 καὶ
2513 3569 2756 3644 ἱδρώτων
2790 3566 2930 3631 αὕτη
2979 3563 3288 3637 πρόσεισιν,
3332 3556 3589 3613 τοσοῦτον
3635 3554 3751 3662 ἀδία-

2161 3683 2395 3730 στακτος
2436 3663 2537 3734 τῆς
2577 3660 2816 3732 ἀμοιϐῆς
2845 3661 2880 3730 ή
2914 3657 3217 3717 ἀπόλαυσις
3255 3654 3377 3750 τοῖς.
3417 3651 3750 3750 ἀγωνισταξς

2159 3758 2522 3826 περιγίνεται.
2583 3753 2749 3810 Ἀλλά
2777 3750 2887 3822 γὰρ
2917 3749 3013 3803 καὶ
3059 3745 3220 3801 τοῦτο
3253 3743 3444 3815 σοφίας
3485 3739 3603 3850 ἐστὶ
3653 3739 3750 3850 τῆς

2159 3851 2552 3921 ἀνεκδιηγήτου
2613 3847 2858 3918 πρόνοια.
2930 3840 3247 3940 Ἐκκόπτων
3305 3837 3404 3940 μέν
3435 3832 3574 3940 ..γάρ
3624 3845 3733 3940 κατ

2160 3942 2335 4015 ἀρχὰς
2364 3943 2393 3995 ὁ
2421 3941 2556 4003 Θεὸς
2581 3941 2644 3992 τδ
2675 3935 3051 4008 μεμψίμοιρον
3069 3972 3085 3996 ,
3109 3931 3325 3984 δίδωσιν
3356 3927 3488 3998 ἡμῖν
3515 3922 3749 4015 ἀταλαί-

2161 4006 2346 4106 πωρον
2379 4033 2483 4105 τὴν
2518 4033 2576 4085 ἐν
2619 4006 2937 4102 παραδείσῳ
2971 4023 3209 4096 τρυφήν.
3255 4017 3547 4086 Διελέγξας
3576 4015 3638 4068 δὲ
3671 4006 3750 4076 οἷς

2163 4125 2487 4198 ἐπράξαμεν
2512 4124 2590 4188 ὡς
2625 4121 2945 4192 ἀσύμφορον
2968 4115 3278 4189 ἀνθρώποις
3307 4114 3336 4167 ὁ
3365 4108 3604 4182 ἀμοχθος
3636 4106 3748 4174 βίος

2161 4219 2256 4274 καὶ
2279 4216 2664 4285 ἀταλαίπωρος
2687 4255 2704 4279 ,
2732 4211 2924 4282 ὥσπερ
2952 4226 3008 4262 τι
3036 4207 3328 4279 φάρμακον
3348 4202 3460 4256 τῶν
3485 4199 3748 4272 καμάτων

2161 4310 2258 4365 καὶ
2297 4309 2516 4380 μόχθων
2542 4307 2620 4374 τῷ
2656 4305 2756 4378 βίῳ
2784 4303 2885 4375 τὴν
2917 4301 3202 4374 βαρύτητα
3231 4295 3584 4368 συνεκέρασε,
3622 4291 3746 4346 στά-

2161 4406 2271 4460 διον
2295 4403 2487 4473 ῶσπερ
2517 4402 2613 4455 καὶ
2639 4398 3033 4469 ἀγωνιστήριον
3066 4394 3254 4448 τοῦτον
3281 4393 3413 4463 ἡμῖν
3443 4385 3745 4461 προτιθεὶς,

480 4475 664 4540 vitam,
720 4475 966 4532 laborum
1019 4495 1082 4535 ac
1118 4483 1459 4536 miseriarum
1510 4483 1721 4552 pondus
1773 4487 1900 4542 vitte
1935 4486 2056 4560 [uo-

2165 4494 2261 4548 καὶ
2299 4493 2540 4566 μεγάλου
2585 4491 2813 4562 κέρδους
2865 4491 2961 4543 καὶ
3013 4486 3267 4541 ἐπάθλων
3307 4483 3593 4554 πρόξενον.
3659 4478 3746 4531 Ἑν

479 4563 626 4636 stne]
663 4575 915 4636 tanquam
951 4583 1049 4637 pro
1097 4571 1337 4626 remedio
1374 4572 1665 4628 admiscuit
1701 4597 1713 4631 :
1751 4575 1853 4630 hoc
1892 4577 2058 4634 veluti

480 4655 718 4710 stadium
757 4660 915 4714 nobis
948 4675 1011 4714 ac
1044 4661 1352 4730 palaestram
1398 4665 1762 4731 constituens,
1793 4685 1914 4738 qua:
1945 4687 2060 4726 uta-

2163 4584 2373 4650 τούτοις
2419 4585 2518 4658 μὲν
2559 4583 2638 4655 τῷ
2687 4582 3000 4653 συγγραφεῖ
3035 4579 3098 4633 τό
3125 4596 3184 4632 τε
3224 4573 3548 4646 τριακοστὸν
3578 4570 3750 4640 κεφάι-

2165 4677 2317 4733 λαιον
2345 4679 2528 4751 τρίτον
2556 4677 2655 4732 καλ⁴
2695 4679 2723 4730 ὁ
2749 4676 2794 4740 ζ’
2822 4671 3183 4744 ἀπαρτίζεται
3205 4669 3387 4739 λόγος.

481 4762 645 4814 gnum
681 4761 860 4815 posset
910 4765 1174 4818 quzestum
1219 4771 1282 4811 ac
1336 4755 1553 4832 [multa]
1607 4762 1828 4832 praemia
1879 4765 2191 4826 conciliare.
2240 4771 2342 4827 His
2387 4749 2596 4826 auctor
2628 4768 2966 4826 tricesimum
3052 4764 3272 4819 tertium
3331 4766 3516 4830 caput,
3588 4749 3745 4812 simul

481 4846 536 4890 et
573 4840 861 4908 septimum
891 4842 1088 4898 librum
1120 4847 1376 4902 absolvit.

2002 4971 2166 5028 Liber
2195 4986 2320 5027 Vttt.

553 5045 794 5104 Octavus
855 5049 993 5106 liber
1042 5052 1107 5107 de
1169 5053 1382 5110 duobus
1450 5069 1726 5115 certamen
1803 5061 2061 5124 instituit.

482 5134 574 5189 34.
636 5134 838 5191 Horum
908 5140 1139 5206 primum
1223 5143 1418 5199 solutio
1493 5145 1770 5215 cujusdam
1851 5151 2064 5207 dubita-

2246 5063 2304 5116 Ὀ
2336 5061 2392 5115 δὲ
2425 5065 2478 5132 η’
2503 5058 2634 5130 περὶ
2675 5055 2773 5112 δύο
2792 5052 2955 5110 τινῶν
2989 5053 3082 5107 τδν
3121 5048 3310 5120 ἀγῶνα
3332 5043 3642 5108 ὑποδύεται,
3671 5032 3744 5094 ῶν

2159 5155 2218 5210 ἓν
2255 5156 2356 5225 μὲν
2383 5153 2540 5217 λύσις
2562 5150 2711 5205 ἐστὶν
2744 5149 2896 5219 αὐτῷ
2929 5144 3167 5216 ἀπορίας
3204 5140 3350 5205 τινὸς
3375 5139 3478 5191 οὐκ
3499 5133 3743 5207 ἄκομψον

486 5225 647 5281 ticuis
703 5237 806 5296 est,
851 5242 972 5298 quae
1004 5246 1115 5285 rem
1171 5233 1369 5288 seriam
1399 5250 1529 5291 sane
1575 5252 1673 5294 nec
1695 5239 2053 5312 inelegantem

2159 5245 2399 5316 σπουδὴν
2432 5244 2687 5316 ἐχούσης.
2732 5241 2954 5310 Ταύτην
2993 5238 3051 5292 δέ
3083 5237 3371 5308 βλάστημα
3406 5226 3548 5284 εἶναι
3581 5242 3745 5282 κατα-

484 5318 748 5375 continet.
807 5319 994 5377 Refert
1028 5333 1210 5379 autem
1259 5341 1379 5381 eam
1424 5327 1818 5386 dubitationem
1875 5345 2054 5394 ortam

2158 5339 2360 5410 σκευῆς
2400 5337 2558 5406 λόγου
2591 5334 2757 5400 τινὸς,
2789 5333 2857 5387 δι’
2892 5325 2958 5386 οὗ
2989 5331 3082 5384 τὸν
3111 5329 3246 5383 Θεὸν
3285 5324 3412 5379 Υίδν
3445 5323 3592 5392 ἔχειν
3642 5334 3740 5410 κα-

486 5425 550 5462 cx
582 5412 914 5470 astructione
960 5416 1394 5474 ratiocinationis
1431 5418 1734 5490 cujusdam,
1761 5439 1858 5495 per
1891 5441 2052 5495 quam

487 5499 651 5557 Deum
675 5503 878 5562 habere
912 5505 1108 5563 Filium
1140 5510 1431 5580 probatur;
1477 5525 1860 5588 auctoremque
1889 5519 2051 5588 hujus

2165 5409 2569 5493 τασκευάζεται
2593 5444 2608 5460 ο
2637 5427 2729 5481 τὸν
2778 5427 2837 5479 δὲ
2872 5423 3084 5494 πατέρα
3131 5423 3230 5492 τῆς
3273 5413 3618 5484 κατασκευῆς
3651 5409 3741 5464 τὸν

2165 5521 2386 5593 Νύσσης
2408 5522 2449 5553 ⁸⁷
2487 5515 2628 5575 εἶναι
2663 5516 2987 5592 Γρηγόριον.
3031 5513 3197 5582 Λέγει
3225 5510 3282 5565 δὲ
3312 5507 3375 5564 sb
3401 5505 3738 5578 ἐπιχείρημα

1783 5629 2020 5687 γΑιιιΑῑ
2052 5633 2465 5693 LECTIONES.

559 5710 606 5799 έῗ
637 5711 978 5799 Ῑεαροξὶισεξξίη
1014 5733 1076 5782 ς·
1153 5717 1198 5748 ’⁸
1231 5715 1371 5799 ὅπμὴ
1402 5718 1525 5799 ζητ.
1566 5741 1624 5791 ς.
1701 5725 1747 5760 ’⁸
1783 5735 1877 5782 aut
1908 5725 2126 5782 Βιϐλίων
2153 5744 2313 5799 opus,
2349 5738 2442 5787 aut
2467 5730 2610 5786 ὅσαι.
2686 5729 2733 5761 ³³
2765 5725 2976 5797 γρίφων
3000 5722 3048 5777 Α
3091 5737 3116 5776 ε.
3156 5713 3384 5788 γραφῶν
3408 5729 3468 5778 ς·
3548 5709 3592 5742 ’⁸
3616 5703 3733 5776 οὐκι

488 5782 600 5835 τῶν
627 5797 689 5846 ς.
721 5782 728 5783 ⁷
762 5784 807 5816 ³⁷
836 5782 1042 5857 Νύσης,
1096 5799 1152 5844 ut
1201 5782 1453 5854 solet,'A.
