4030 6248
339 354 452 421 797

1405 350 1938 417 BIBLIOTHECA.
1974 375 2046 389 ’-
2081 352 2247 414 COD.
2279 352 2561 417 CCXXII.

3505 353 3609 418 798

343 467 472 542 [527
532 464 625 539 ll.]
673 466 749 532 ὡς
776 468 926 532 ὅστις
980 466 1053 538 μὴ
1078 466 1275 537 ἀλογον
1310 461 1449 521 εἶναι
1491 466 1799 537 διομολογεῖ
1834 462 1925 515 τὸν

2035 464 2388 519 astructionis
2414 477 2535 520 esse
2576 463 2900 533 Gregorium
2947 462 3277 536 Nyssenutn.
3305 466 3609 537 Argumen-

340 561 509 625 Θεὸν,
561 559 779 621 πάντως
804 557 962 626 λόγον
1011 557 1157 628 ἔχειν
1192 558 1582 627 συγκατίθεται
1607 573 1621 587 ’
1664 558 1694 611 ό
1737 558 1795 610 δὲ
1829 556 1926 609 τοῦ

339 652 626 723 ἀκηράτου
676 651 832 719 λόγος
873 652 1148 721 ἀκήρατος
1173 667 1188 680 ·
1228 652 1257 703 ὁ
1299 650 1354 705 δὲ
1404 652 1682 722 ἀκήρατος
1719 651 1926 718 Λόγος,

340 746 478 815 παρ’
512 743 572 797 ὃν
602 742 920 814 ’δοξάζομεν
964 744 1116 808 Υίὸν,
1154 743 1308 798 οὐδὲν
1361 744 1426 798 ἂν
1467 747 1554 815 εἴη
1593 745 1802 816 ἕτερον.
1865 746 1928 798 Ἡ

346 836 448 905 μὲν
502 832 598 889 οὖν
647 835 991 906 ἐπιχείρησις
1024 835 1120 889 τοῦ
1154 836 1262 891 δεῖν
1309 837 1437 890 Υίὸν
1479 838 1624 907 ἔχειν
1666 838 1757 891 τὸν
1798 839 1930 890 Θεὸν

342 930 571 1003 τοιαύτη
595 947 609 961 ο
640 927 759 982 εἶτα
789 930 925 1001 πρὸς
959 929 1165 1003 ταύτην
1198 931 1643 1002 ἀνθυποφέροντά
1672 950 1793 986 τινα
1819 932 1928 985 τῶν

346 1022 520 1092 φίλων
553 1023 789 1091 εἰσάγει,
814 1022 873 1075 ὃν
902 1023 999 1076 καὶ
1027 1023 1359 1094 τιμιώτατον
1389 1025 1573 1094 ὑμνεῖ.
1614 1026 1677 1078 'H
1707 1026 1765 1078 δὲ
1793 1026 1925 1078 ἀνθο

332 1115 622 1186 νυποφορά,
654 1115 739 1168 ὅτι
762 1115 812 1148 ³⁸
838 1131 945 1186 περ
986 1114 1141 1168 οὐδὲν
1168 1115 1368 1171 κωλύει
1394 1116 1464 1169 τὰ
1492 1116 1635 1170 αὐτά
1677 1119 1770 1171 καὶ
1799 1117 1927 1186 περὶ

344 1208 441 1261 τού
488 1206 621 1261 Υίοῦ
652 1209 748 1261 καὶ
784 1208 915 1280 περ)⁸
961 1208 1057 1261 τοῦ
1090 1209 1411 1279 Πνεύματος
1452 1210 1729 1264 διαλαϐεῖν
1776 1210 1931 1282 (Θεὸς

344 1299 458 1369 γὰρ
490 1298 699 1352 τούτων
723 1300 1051 1370 ἑκάτερον),
1084 1299 1181 1353 καὶ
1215 1298 1389 1363 οὕτως
1422 1301 1523 1354 οὑκ
1576 1303 1655 1364 είς
1694 1301 1923 1371 Τριάδα,

344 1389 465 1445 ἀλλ’
494 1393 574 1454 είς
611 1391 848 1462 μυριάδα
883 1392 1257 1460 ὑποστάσεων,
1290 1393 1415 1446 ὅσον
1450 1393 1560 1446 ἀπὸ
1594 1393 1689 1448 τοῦ
1721 1395 1931 1465 ἐπιχει-

349 1485 617 1556 ρήματος,
665 1484 1052 1558 προελεύσεται
1103 1484 1165 1538 τὸ
1210 1487 1532 1555 μυστήριον.
1584 1487 1804 1560 Ταύτην
1830 1487 1931 1558 τὴν

346 1578 756 1648 ἀνθυποφοράν,
788 1577 1040 1650 δριμεῖάν
1073 1596 1135 1631 τε
1168 1581 1263 1633 καὶ
1299 1582 1790 1654 συνεστραμμένην
1836 1581 1931 1636 οὗ·

348 1685 475 1733 σαν,
509 1667 793 1740 διαφόροις
839 1668 936 1739 μὲν
983 1670 1256 1739 ἐπιχειρεῖ
1293 1669 1473 1738 λόγοις
1505 1670 1928 1735 ἀνασκευάζειν,

344 1761 411 1814 ού
440 1761 549 1834 μὴν
569 1762 713 1817 κατά
733 1777 796 1831 γε
824 1761 925 1832 ἐμὲ
947 1762 1047 1832 τῆς
1073 1762 1358 1834 ἀκριϐείας
1385 1764 1709 1832 ἐφικνεῖται.
1734 1765 1929 1817 Καίτοι

568 1852 719 1924 αὐτῷ
768 1831 1116 1926 περιρρεῖται
1156 1831 1262 1924 ’τῆς
1305 1856 1398 1908 ἐπὶ
1428 1855 1603 1927 τούτῳ
1633 1855 1875 1926 σπουδῆς
1904 1859 1933 1910 ό
1964 1831 2007 1887 Β

349 1945 547 2017 ίδρώςο
584 1945 752 2017 μέχρι
783 1945 895 2017 γὰρ
927 1947 1024 2000 καὶ
1062 1954 1129 2017 ιγ’
1161 1948 1592 2019 ἐπιχειρήματος
1637 1948 1730 2002 τὸν
1769 1948 1932 2003 πόνον

347 2039 691 2111 παρατείνει.
738 2038 902 2096 Ἀλλά
940 2039 1079 2112 πρὸς
1106 2039 1208 2112 μὲν
1251 2041 1379 2105 τοὺς
1403 2042 1505 2112 τὴν
1537 2041 1823 2095 εὐσέϐειαν
1848 2060 1933 2096 τι·

350 2130 571 2202 μῶντας
595 2122 745 2185 ἐστιν
767 2129 805 2187 ἀ
842 2130 951 2185 τῶν
972 2134 1030 2186 ἐν
1057 2132 1243 2195 αὐτοῖς
1276 2132 1585 2204 είρημένων
1614 2135 1713 2188 οὐκ
1743 2135 1935 2203 ἀφυῶς

348 2221 499 2292 ἔχει’
541 2221 699 2293 ἀνδρὶ
726 2222 784 2277 δὲ
813 2221 1200 2293 διαμαχομένῳ
1228 2223 1291 2276 ού
1327 2223 1490 2294 μόνον
1520 2224 1676 2278 οὐδὲν
1710 2228 1934 2296 ἐπαγω-

345 2315 444 2382 γὸν
475 2316 614 2386 πρὸς
669 2315 955 2369 εὐσέϐειαν
987 2315 1212 2386 παρέξει
1236 2318 1305 2382 ³⁸,
1350 2317 1488 2371 ἀλλά
1532 2319 1628 2372 καὶ
1673 2320 1934 2390 ἀφορμὰς

347 2407 487 2477 πρδς
512 2406 606 2461 τὸν
634 2406 868 2475 γέλωτα.
899 2407 1037 2478 Φαίη
1066 2408 1112 2461 δ’
1142 2408 1208 2463 ἄν
1233 2426 1318 2472 τις
1349 2410 1480 2472 ἴσως
1502 2427 1774 2482 συντετμη
1785 2411 1933 2483 μένῳ

344 2516 406 2552 τε
442 2500 537 2553 καὶ
588 2500 870 2573 ἀπερίττῳ
921 2500 1068 2573 λόγῳ
1116 2502 1255 2574 πρὸς
1305 2503 1397 2557 τὸν
1448 2506 1514 2574 τῇ
1577 2504 1934 2576 ἀνθυποφορᾷ

346 2590 748 2663 γαυρούμενον,
773 2593 853 2657 ὡς
880 2596 930 2648 εί
963 2594 1062 2665 μέν
1092 2612 1178 2659 τις
1210 2595 1301 2649 τὸν
1328 2596 1551 2666 Πατέρα
1587 2597 1929 2667 προτίθησιν,

344 2677 471 2736 εἶτα
506 2684 636 2755 περὶ
670 2685 837 2739 αὐτοῦ
867 2685 1104 2757 διερωτᾷ
1134 2687 1365 2757 πότερον
1392 2687 1587 2756 ἄλογον
1617 2688 1650 2757 ἢ
1691 2686 1928 2755 λογικὸν,

345 2772 603 2826 κάκεῖθεν
634 2775 1039 2839 κατασκευάζει
1067 2775 1147 2847 τῷ
1178 2776 1354 2847 Πατρὶ
1381 2776 1494 2829 δεῖν
1517 2779 1801 2847 προσεῖναι
1838 2778 1932 2830 καὶ

345 2864 499 2930 Υἱὸν,
530 2865 661 2935 (655
694 2865 789 2939 IL]
816 2868 915 2937 τῆς
946 2867 1335 2939 ἀνθυποφορᾶς
1371 2869 1434 2922 τὸ
1462 2870 1755 2942 περίεργον
1803 2870 1934 2934 ἴσως

345 2958 464 3027 εχει
505 2960 739 3031 πάροδον
787 2960 884 3013 καὶ
931 2960 1104 3030 ίσχύν.
1150 2962 1211 3015 Εἰ
1265 2961 1323 3014 δὲ
1362 2961 1522 3016 τοῦτο
1560 2962 1660 3033 μὲν
1693 2964 1755 3016 ού
1790 2966 1935 3017 ποιεῖ

347 3050 497 3122 (οὔτε
536 3053 643 3125 γάρ
676 3053 778 3116 δεῖ,
800 3052 925 3107 οὔτε
948 3056 977 3107 ό
1007 3052 1319 3124 θαυμαστὸς
1348 3055 1650 3126 Γρηγόριος
1674 3056 1817 3110 οὕτω
1842 3057 1934 3111 τὸν

2030 556 2167 611 tatio
2209 557 2325 626 ipsa
2363 556 2436 611 ita
2471 570 2534 611 se
2569 557 2754 611 habet.
2800 556 3064 627 Quisquis
3093 571 3201 611 non
3230 556 3608 616 irrationalem

2029 664 2151 706 esse
2190 648 2356 704 Deum
2403 648 2716 715 conﬁtetur,
2774 650 2823 704 is
2874 649 3040 705 etiam
3105 651 3331 707 omnino
3372 652 3610 707 Verbum

2029 742 2233 798 habere
2280 742 2553 807 concedit,
2605 743 2750 811 quod
2783 742 3081 798 immortali
3133 742 3445 799 immortale
3488 753 3608 798 est:

2031 834 2341 889 immortale
2385 846 2567 888 autem
2621 831 2879 903 Verbum,
2917 844 3118 905 praeter
3159 850 3285 891 eum
3320 851 3485 904 quem
3517 835 3612 890 Fi-

2030 928 2159 982 linm
2190 929 2500 996 statuimus,
2548 928 2682 982 nihil
2715 942 2837 983 esse
2882 938 3049 998 queat
3082 927 3247 982 aliud.
3292 927 3386 982 llla
3451 927 3614 997 igitur

2030 1021 2453 1088 argumentatio,
2506 1035 2628 1090 quae
2670 1029 2927 1089 Oportere
2971 1020 3167 1074 astruit
3225 1026 3284 1074 ut
3331 1018 3476 1072 Deus
3520 1015 3614 1070 Fi-

2032 1114 2159 1169 lium
2194 1114 2411 1178 habeat,
2456 1112 2762 1180 huiusmodi
2808 1122 2913 1167 est.
2953 1112 3155 1166 Deinde
3193 1112 3458 1165 adversus
3498 1108 3614 1164 haec

2032 1206 2396 1278 objectionem
2426 1206 2588 1261 amici
2630 1204 2909 1274 cujusdam
2939 1205 3181 1269 adducit,
3225 1218 3391 1273 quem
3439 1210 3499 1254 ut.
3527 1215 3615 1253 re-

2032 1298 2488 1354 verendissimum
2545 1295 2808 1351 celebrat.
2859 1293 3109 1363 Objectio
3152 1307 3280 1347 vero
3330 1299 3433 1353 est,
3465 1288 3616 1343 Nihil

2032 1391 2343 1463 prohibere,
2374 1390 2503 1459 quin
2530 1390 2719 1444 eadem
2759 1387 2829 1443 de
2859 1386 3000 1441 Filio
3037 1400 3255 1455 quoque
3292 1398 3360 1438 ac
3396 1383 3463 1437 de
3492 1380 3615 1451 Spi-

2034 1485 2143 1539 ritu
2174 1491 2362 1537 sancto
2395 1490 2765 1536 assumantur.
2812 1481 2952 1535 Deus
2983 1480 3131 1533 enim
3189 1478 3380 1533 horum
3418 1476 3616 1546 199a

2033 1585 2266 1646 uterque
2295 1584 2399 1628 est.
2439 1574 2617 1641 Atque
2660 1572 2734 1626 ita
2777 1587 2882 1625 non
2918 1571 2971 1625 in
3019 1568 3343 1623 Trinitatem
3380 1576 3617 1632 tantum,

2034 1670 2129 1723 sed
2160 1668 2211 1721 in
2264 1665 2508 1720 inﬁnitas
2555 1678 2821 1733 personas
2867 1676 2934 1717 ex
2979 1661 3143 1730 hujus
3193 1658 3501 1727 argumenti
3556 1669 3617 1711 ut

2038 1762 2357 1834 mysterium
2418 1759 2694 1829 procedet.
2763 1757 2913 1811 Hanc
2992 1756 3177 1824 itaque
3229 1753 3613 1822 objectioncm,

2035 1867 2215 1907 acrem
2258 1864 2392 1905 sane
2422 1859 2583 1917 atque
2614 1849 2928 1918 implexam,
2962 1847 3128 1900 variis
3156 1846 3374 1914 quidem
3406 1844 3619 1898 solvere

2036 1945 2341 2001 rationibus
2372 1940 2705 2013 aggreditur,
2742 1956 2847 1994 non
2868 1948 3048 1993 tamen
3081 1938 3365 2010 (quantum
3394 1949 3495 2005 ego
3528 1934 3618 2001 ju-

2033 2035 2179 2108 dico)
2231 2035 2366 2090 satis
2414 2042 2689 2089 accurate.
2732 2029 2975 2086 Tametsi
3028 2029 3257 2084 multum
3314 2028 3419 2081 hac
3466 2026 3519 2080 in
3558 2040 3617 2079 re

2034 2129 2334 2185 laborando
2376 2129 2629 2191 dcsudet,
2680 2126 2940 2180 tredecim
2970 2139 3075 2177 non
3116 2122 3301 2177 minus
3326 2134 3619 2191 argumen-

2035 2222 2105 2276 tis
2139 2220 2338 2276 allatis.
2373 2219 2451 2273 Ac
2499 2234 2595 2288 pro
2639 2217 2859 2287 pietatis
2883 2216 3102 2286 quidem
3151 2215 3473 2279 cultoribus,
3520 2228 3618 2267 eo-

2033 2331 2153 2371 rum
2183 2330 2304 2384 qua:
2332 2313 2405 2369 ibi
2430 2313 2575 2368 dieta
2607 2321 2731 2367 sunt
2781 2311 2962 2379 aliqua
3003 2324 3108 2364 non
3140 2308 3319 2375 inepta
3358 2308 3489 2372 sint,
3522 2305 3616 2359 sed

2034 2422 2154 2479 quae
2179 2406 2529 2462 contentiosa
2559 2404 2720 2458 alicui
2761 2403 2990 2465 homini,
3041 2416 3145 2455 non
3180 2401 3338 2453 modo
3373 2398 3507 2452 nihil
3548 2395 3617 2450 ad

2035 2500 2290 2570 pietatem
2320 2498 2602 2568 impellens
2624 2495 2876 2559 afferant,
2908 2502 2967 2547 ut
2999 2492 3208 2547 ridendi
3240 2491 3417 2559 potius
3450 2504 3618 2545 occa-

2033 2596 2218 2648 siones
2242 2595 2538 2663 prmbeant.
2577 2589 2782 2643 Dixerit
2815 2604 2943 2641 vero
2962 2586 3251 2656 quispiam,
3295 2584 3515 2637 concisa
3555 2598 3620 2635 ac

2033 2686 2260 2741 minime
2281 2684 2550 2753 superﬂua
2592 2699 2720 2737 usus
2744 2682 3012 2748 oratione,
3038 2681 3309 2735 adversus
3338 2693 3488 2738 eum,
3526 2675 3617 2745 qui

2033 2777 2454 2847 bacohjectione
2485 2785 2689 2845 pugnet
2723 2773 3066 2827 insolentius.
3090 2772 3146 2827 Si
3165 2773 3285 2842 quis
3301 2769 3466 2823 Patre
3483 2768 3603 2838 pri-

2034 2886 2182 2928 mum
2224 2871 2425 2941 posito,
2469 2869 2538 2924 de
2569 2870 2683 2937 ipso
2717 2868 2916 2923 deinde
2948 2869 3267 2935 interroget,
3317 2872 3498 2917 utrum
3534 2877 3622 2914 ra-

2036 2964 2204 3019 tionis
2227 2963 2503 3031 particeps
2539 2976 2607 3015 an
2644 2975 2844 3029 expers
2880 2968 2973 3022 su,
3004 2968 3168 3028 atque
3202 2971 3269 3010 ex
3304 2954 3398 3009 illo
3444 2952 3620 3009 conli-

2034 3057 2150 3111 ciat
2194 3053 2339 3109 Patri
2394 3063 2648 3123 oportere
2716 3052 2918 3105 Filium
2953 3051 3240 3115 accedere,
3297 3046 3623 3117 ohjectionis

343 3144 524 3212 λόγον,
546 3147 916 3217 προήνεγκεν)
950 3147 1081 3201 αὐτὸ
1108 3145 1166 3200 δὲ
1196 3146 1258 3199 τὸ
1287 3148 1437 3213 Θεός
1470 3147 1928 3219 προϐαλλόμενος,

2036 3147 2199 3219 hujus
2226 3146 2601 3202 curiositatem
2627 3144 2844 3213 aliquod
2882 3142 3107 3198 forsitan
3144 3141 3421 3211 specimen
3443 3154 3507 3193 ac
3535 3153 3624 3193 ro-

340 3232 374 3286 ὃ
401 3234 583 3289 κοινόν
610 3236 729 3290 ἐστι
759 3237 855 3291 καὶ
885 3237 1186 3307 ἀμέριστον
1214 3238 1324 3292 τῶν
1359 3234 1668 3312 θεαρχικῶν
1701 3242 1939 3298 ὑποστά-

344 3341 491 3379 σεων
518 3326 709 3399 ὄνομα,
748 3330 834 3381 ἐπ’
886 3329 1052 3383 αὑτοῦ
1078 3330 1144 3401 δὴ
1179 3331 1275 3385 καὶ
1317 3331 1408 3385 τὸν
1432 3332 1607 3402 Λόγον
1634 3333 1669 3405 ἢ
1698 3335 1761 3389 τὸ
1788 3336 1939 3405 γόνι-

346 3435 472 3488 μον,
516 3420 566 3472 εί
602 3419 783 3491 βούλει
807 3420 866 3474 δὲ
898 3423 994 3475 καὶ
1040 3421 1101 3474 τὸ
1126 3422 1390 3492 ἔμπνουν,
1435 3425 1709 3498 ἐπερωτᾷ.
1765 3445 1938 3484 κατα-

344 3509 606 3563 σκευάσει
658 3512 758 3581 μὲν
787 3511 849 3565 τὸ
885 3512 985 3581 τῆς
1031 3513 1264 3583 Τριὲδος
1307 3517 1608 3586 μυστήριον
1654 3510 1831 3584 οὗτος,
1874 3521 1936 3575 οὐ

348 3601 462 3672 μήν
481 3617 544 3669 γε
568 3601 753 3674 χώραν
774 3603 998 3658 ἐνδώσει
1019 3604 1098 3674 τῷ
1127 3605 1437 3679 βουλομένῳ
1465 3609 1565 3679 τὴν
1588 3612 1938 3684 κατασκευὴν

344 3692 839 3763 περιεργάζεσθαι.
883 3693 994 3748 Ποῦ
1039 3695 1147 3767 γάρ
1181 3695 1295 3750 ίσον
1324 3696 1357 3769 ἢ
1390 3700 1560 3768 ἐγγὺς
1598 3700 1785 3772 ὅμοιον
1814 3704 1938 3758 ἀντὶ

343 3782 451 3853 τῆς
476 3784 664 3853 ὑλικῆς
691 3784 948 3855 θεότητος
981 3786 1111 3857 μίαν
1146 3787 1448 3843 ὑπόστασιν
1486 3790 1800 3860 διαλαϐεῖν,
1841 3796 1938 3848 καὶ

344 3875 480 3946 περὶ
508 3877 713 3949 ταύτης
735 3878 1203 3950 φιλοπραγμονεῖν
1229 3880 1267 3935 ἃ.
1296 3882 1480 3948 καλῶς
1508 3878 1624 3955 εἶχε
1649 3887 1778 3956 περὶ
1805 3886 1936 3956 ὅλης

345 3966 624 4036 θεολογεῖν
660 3972 761 4041 τῆς
789 3971 1086 4044 Θεότητος;
1120 3974 1213 4027 τὸν
1242 3974 1352 4047 γὰρ
1396 3975 1539 4029 οὕτω
1586 3978 1668 4041 είς
1709 3977 1936 4048 ἀλογίαν

344 4060 718 4133 ἐκφερόμενον
769 4065 922 4120 οὐδὲν
950 4067 1153 4122 κωλύει
1176 4070 1272 4122 καὶ
1305 4069 1436 4124 ἀνευ
1474 4071 1622 4134 τινὸς
1652 4073 1937 4142 περινοίας

342 4151 579 4209 αὐτόθεν
596 4155 643 4188 ⁸ο
671 4156 1038 4230 παραληρεῖν,
1076 4162 1153 4225 ὡς
1183 4162 1308 4216 ἐπεί
1352 4180 1459 4235 περ
1493 4165 1623 4233 ὑμῖν
1658 4168 1716 4220 έν
1744 4166 1936 4237 Τριάδι

326 4245 378 4297 ηὸ
410 4244 567 4313 Θεὸς,
595 4249 819 4321 ἀνάγκη
850 4253 947 4304 καὶ
971 4252 1204 4309 ἕκαστον
1232 4254 1334 4325 τῆς
1379 4256 1610 4322 Τριάδος
1637 4258 1718 4318 είς
1742 4259 1937 4331 ἑτέραν

346 4334 559 4403 Τριάδα
620 4338 992 4410 πληθύνεσθαι
1026 4341 1093 4397 ³¹.
1148 4331 1296 4414 Πρὸς
1346 4343 1406 4397 δὲ
1459 4343 1702 4398 τοιοῦτον
1768 4346 1936 4416 λῆρον

2042 3243 2146 3298 bur
2174 3241 2397 3295 habere.
2437 3236 2536 3293 Sin
2569 3239 2671 3291 hoc
2711 3236 2918 3291 omisso
2955 3234 3160 3305 (neque
3194 3233 3340 3289 enim
3378 3230 3621 3300 expedit,

2040 3349 2217 3402 neque
2261 3332 2616 3389 admirandus
2655 3329 2957 3399 Gregorius
3009 3328 3091 3383 sic
3132 3326 3436 3381 orationem
3482 3324 3626 3378 hanc

2043 3425 2288 3497 protulit)
2337 3426 2509 3493 ipsam
2552 3438 2740 3477 vocem
2790 3420 2926 3475 Deus
2978 3428 3265 3490 pr0ponat,
3291 3418 3437 3489 quod
3470 3431 3625 3473 com-

2045 3531 2209 3571 mune
2232 3523 2320 3571 est
2345 3525 2509 3585 atque
2537 3510 2869 3569 indivisibile
2899 3510 3063 3565 trium
3092 3510 3401 3564 divinarum
3433 3522 3625 3577 perso-

2040 3622 2237 3663 narum
2281 3623 2501 3673 nomen,
2535 3622 2600 3661 ac
2631 3606 2697 3660 de
2742 3604 2905 3672 hujus
2937 3614 3049 3659 tum
3095 3604 3211 3657 sive
3253 3601 3456 3666 Verbo,
3506 3601 3625 3655 sive

2040 3700 2297 3772 gignendi
2361 3701 2434 3763 vi,
2490 3699 2599 3753 into
2650 3708 2705 3751 et
2754 3695 2966 3760 aﬂlatu,
3005 3695 3049 3750 si
3093 3695 3262 3761 voles,
3301 3694 3624 3763 interroget,

2039 3795 2130 3850 hic
2162 3805 2217 3848 et
2245 3790 2462 3847 Triadis
2492 3791 2818 3862 mysterium
2862 3798 3097 3850 astruet.
3128 3798 3182 3842 et
3222 3787 3399 3841 locum
3432 3785 3479 3839 ei
3511 3783 3627 3838 nul-

2040 3886 2152 3941 lum
2201 3885 2373 3947 dabit,
2410 3883 2501 3953 qui
2534 3881 2666 3937 velit
2704 3882 3104 3935 ast'ructioneut
3149 3879 3320 3948 ipsam
3358 3878 3627 3932 curiosius

2038 3986 2322 4035 excutere.
2356 3976 2459 4033 Ubi
2496 3975 2641 4030 enim
2681 3972 2889 4043 aequale
2913 3972 2995 4027 vel
3029 3985 3197 4041 prope
3219 3969 3403 4025 simile
3430 3971 3503 4023 sit
3529 3982 3627 4032 pro

2041 4078 2156 4125 tota
2188 4070 2476 4124 divinitate
2521 4083 2687 4124 unam
2724 4065 2957 4136 aliquam
3004 4063 3317 4135 hypOstasin
3352 4062 3624 4130 accipere,

2038 4171 2094 4218 et
2129 4162 2195 4216 de
2245 4162 2347 4215 hac
2390 4158 2788 4215 contentiosius
2835 4155 2925 4210 illa
2967 4156 3268 4223 disputare,
3305 4166 3427 4221 quas
3478 4158 3625 4203 recte

2037 4264 2313 4326 poterant,
2368 4253 2436 4308 de
2489 4261 2598 4305 tota
2662 4251 2880 4304 Deitate
2941 4247 3244 4317 theol0gice
3294 4245 3445 4299 dici?
3490 4242 3623 4295 Eum

2038 4345 2183 4400 enim
2218 4344 2309 4412 qui
2345 4342 2398 4396 in
2446 4350 2652 4395 tantam
2705 4339 3101 4394 ahsurditatem
3163 4335 3456 4396 delabitur,
3496 4330 3628 4385 nihil

344 4426 524 4495 οὐδεὶς
554 4431 624 4485 ἂν
646 4427 801 4504 οἶμαι
834 4433 1071 4506 σώφρων
1097 4436 1321 4507 ἐλεγχος
1341 4437 1726 4509 έπιστραφείη.
1771 4439 1934 4493 Ἀλλά

2044 4438 2296 4507 prohibet
2334 4436 2456 4490 sine
2504 4435 2609 4488 ulla
2663 4432 2887 4488 solertia
2926 4430 3182 4500 nugando
3235 4429 3361 4482 hinc
3411 4423 3632 4478 conclu-

342 4519 460 4588 γὰρ
491 4521 525 4589 ἡ
571 4520 672 4590 μὲν
714 4522 868 4587 λύσις
901 4525 1006 4595 τῆς
1048 4526 1438 4595 ἀνθυποφορᾶς
1479 4528 1704 4600 τοιαύτη
1737 4546 1821 4594 τις
1868 4531 1934 4585 ἂν

2047 4532 2198 4596 dere,
2228 4526 2672 4599 quandoquidem
2720 4522 2944 4578 Trinum
2979 4523 3271 4575 conlllelur
3306 4517 3501 4578 Deum,
3538 4530 3631 4568 ne-

343 4611 464 4681 εἴη,
509 4614 604 4666 καὶ
644 4615 767 4669 ὅσαι
810 4616 968 4671 ἄλλαι
1001 4618 1101 4688 τὴν
1139 4617 1309 4689 αὐτὴν
1345 4619 1540 4673 ίενται.
1573 4621 1647 4673 Τὸ
1688 4623 1786 4692 μὲν
1838 4620 1934 4678 οὖν

2045 4625 2348 4680 cessarium
2393 4636 2609 4690 quoque
2639 4633 2782 4682 esse,
2816 4615 3064 4686 singulas
3106 4613 3324 4667 Triadis
3366 4624 3634 4679 personas

343 4701 570 4773 πρῶτον
594 4706 689 4759 τοῦ
723 4708 953 4779 ἑϐδόμου
988 4710 1197 4778 βιϐλίου
1228 4711 1527 4779 κεφάλαιον
1556 4718 1821 4772 τοιοῦτον.

2047 4720 2100 4774 in
2153 4716 2311 4769 aliam
2368 4712 2622 4768 Triadem
2695 4709 3066 4775 nmltiplicari.
3124 4707 3403 4759 Adversus
3451 4700 3633 4770 qualia

342 4795 733 4865 deliramenta,
764 4801 935 4866 nulla,
987 4804 1208 4869 opinor,
1275 4805 1498 4873 sapiens
1553 4808 1859 4868 contutatio
1918 4814 2219 4886 intorqueri
2275 4810 2464 4883 possit.
2534 4804 2921 4860 Verumtamen
2993 4800 3193 4855 solutio
3263 4798 3424 4867 hujus
3484 4796 3633 4865 obje-

343 4889 552 4945 είίοηίε
591 4891 719 4947 ί³¹ί⁸
756 4892 941 4963 (“erili
985 4904 1083 4949 θυι
1142 4896 1190 4951 εί
1229 4910 1350 4967 qua?
1403 4899 1525 4955 alia!
1569 4901 1761 4957 eadem
1814 4882 2237 4976 progrediantur
2278 4882 2403 4958 Vvia.'
2459 4898 2576 4957 Hoc
2629 4899 2795 4968 igitur
2846 4897 3081 4967 primum
3141 4903 3224 4949 est
3278 4890 3456 4947 octavi
3511 4882 3631 4945 libri

344 4990 535 5049 caput

416 5070 683 5144 Δεύτερον
716 5073 773 5127 δὲ
802 5074 975 5146 ζητεῖ,
1004 5076 1105 5131 Διά
1140 5077 1217 5142 τί,
1254 5080 1349 5134 τοῦ
1373 5080 1506 5135 Υίοῦ
1531 5083 1735 5138 καὶτοῦ
1771 5088 1934 5141 Πνεύ-

2123 5084 2218 5140 55.
2251 5082 2498 5138 Alterum
2536 5080 2732 5135 deinde
2767 5083 2962 5150 quaerit
2991 5098 3005 5134 :
3041 5079 3174 5144 Cur,
3208 5094 3331 5135 cum
3365 5078 3534 5133 Filius
3569 5093 3634 5134 ac

345 5179 523 5265 ματος
574 5165 853 5265 ὁμοτίμοις
886 5168 971 5265 Δεκ
1015 5168 1109 5222 τοῦ
1156 5171 1370 5241 Πατρὸς
1418 5174 1737 5245 προϊόντων,
1764 5179 1794 5230 ό
1840 5179 1934 5248 μὲν

2054 5178 2292 5249 Spiritus
2312 5183 2537 5230 sanctus
2565 5189 2631 5227 ex
2661 5173 2820 5228 Patre
2848 5174 3057 5242 pariter
3084 5173 3399 5244 procedant,
3430 5173 3517 5227 hic
3546 5171 3635 5226 Fi-

346 5252 569 5321 λέγεται
598 5254 725 5318 Υἱὸς
747 5296 764 5322 ,
791 5256 853 5309 τὸ
881 5258 940 5310 δὲ
987 5260 1246 5331 Πνεῦμα,
1275 5262 1371 5315 καὶ
1426 5265 1529 5317 οὐκ
1564 5266 1731 5334 ἄμφω
1770 5268 1870 5339 τὴν
1895 5270 1934 5301 ³³

2048 5270 2178 5337 lius,
2221 5269 2311 5323 ille
2351 5266 2587 5337 Spiritus
2629 5268 2862 5333 dicatur,
2911 5276 2965 5321 et
3011 5282 3116 5321 non
3145 5268 3305 5321 ambo
3356 5264 3634 5320 tiliationis

345 5350 451 5417 τῆς
498 5347 747 5417 υίότητος
796 5349 1124 5415 διασώζουσι
1171 5355 1387 5426 κλῆσιν,
1434 5356 1626 5428 ὥσπερ
1671 5359 1793 5413 οὐδὲ
1835 5360 1934 5432 τὴν

2052 5362 2475 5432 appellationem
2524 5371 2764 5427 servent,
2816 5360 3271 5429 quemadmodum
3322 5371 3496 5426 neque
3536 5356 3635 5410 ha-

348 5438 536 5508 σχέσιν
563 5455 579 5505 ;
610 5442 707 5493 καὶ
744 5439 890 5494 οὕτω
930 5442 1270 5515 διαπορήσας
1304 5449 1501 5517 ἐπάγει
1529 5449 1629 5519 τὴν
1660 5449 1834 5514 λύσιν,
1868 5451 1934 5515 ὡς

353 5529 377 5546 ..
479 5528 503 5546 μ
555 5532 567 5546 .
626 5531 652 5546 ,ι
718 5532 734 5546 .
827 5533 839 5546 .
912 5534 925 5546 .
1059 5535 1083 5546 -
1317 5538 1328 5546 .
1506 5543 1518 5546 _
1577 5544 1596 5546 μ,
1693 5542 1717 5546 _
1801 5544 1811 5546 _

2052 5456 2396 5512 bitudinem?
2426 5455 2539 5510 Hoc
2588 5470 2721 5525 ergo
2752 5454 2841 5507 ιιὺί
2885 5453 3154 5507 dubitavit
3180 5452 3364 5518 modo,
3409 5448 3636 5506 solutio.

348 5528 504 5635 ἅπαξ
545 5532 578 5601 ἡ
625 5531 878 5635 θεολογία
909 5534 975 5588 ὲκ
1016 5535 1127 5589 τῶν
1157 5538 1451 5609 γνωρίμων
1495 5543 1627 5612 ἡμῖν
1654 5542 1757 5614 τῆς
1792 5544 1934 5609 θείας

2052 5563 2177 5603 nem
2209 5547 2459 5604 adhibet.
2507 5546 2743 5603 Omnino
2785 5543 3016 5618 [inquit]
3045 5543 3313 5614 theologia
3340 5558 3406 5598 ex
3443 5542 3636 5612 cogni-

347 5622 570 5693 φύσεως
598 5622 659 5677 τὸ
685 5625 744 5677 έν
769 5625 963 5697 Τριάδι
990 5628 1218 5700 γνήσιον
1248 5632 1344 5686 καὶ
1384 5632 1648 5704 ὁμότιμον
1675 5635 1934 5709 λογογρα-

2054 5640 2127 5696 tis
2157 5640 2314 5695 nobis
2365 5639 2528 5695 rebus
2559 5652 2878 5708 germanam
2914 5645 3083 5705 atque
3112 5634 3380 5706 aequalem
3434 5631 3636 5689 divina

1671 5750 1905 5807 VARIAE
1945 5747 2353 5807 LECTIONES.

421 5830 470 5865 ⁸⁸
498 5829 608 5905 δτι]
642 5824 717 5898 ὧς
752 5834 817 5890 Α.
894 5837 939 5868 ⁸⁸
977 5837 1208 5912 παρέχει
1254 5841 1322 5897 Α.
1398 5843 1444 5875 ⁸ο
1479 5843 1710 5902 αὐτόθεν
1767 5848 1889 5904 add.
1946 5846 2015 5904 A.
2091 5844 2134 5878 ⁸¹
2167 5842 2508 5917 πληθύεσθαι
2566 5844 2635 5902 Α.
2713 5844 2757 5878 ³³
2786 5842 2884 5918 τὴν
2909 5842 3034 5901 add.
3058 5842 3125 5898 Δ.
