  <div class='ocr_page' id='page_1' title='image "/cluster/home/n/w/nwhite01/storage/ocr_20150623/103 pt.3/mdp.39015061933738/411.png"; bbox 0 0 3972 6248; ppageno 0'>
   <div class='ocr_carea' id='block_1_1' title="bbox 443 247 550 312">
    <p class='ocr_par' dir='ltr' id='par_1_1' title="bbox 443 247 550 312">
     <span class='ocr_line' id='line_1_1' title="bbox 443 247 550 312; baseline 0 0"><span class='ocrx_word' id='word_1_1' title='bbox 443 247 550 312; x_wconf 84' lang='grc'><strong>803</strong></span> 
     </span>
    </p>
   </div>
   <div class='ocr_carea' id='block_1_2' title="bbox 1587 239 2548 304">
    <p class='ocr_par' dir='ltr' id='par_1_2' title="bbox 1587 239 2548 304">
     <span class='ocr_line' id='line_1_2' title="bbox 1587 239 2548 304; baseline 0.004 -4"><span class='ocrx_word' id='word_1_2' title='bbox 1587 241 1853 302; x_wconf 88' lang='grc' dir='ltr'><strong>ΡΗΟΤΙΙ</strong></span> <span class='ocrx_word' id='word_1_3' title='bbox 1891 239 2396 302; x_wconf 75' lang='lat' dir='ltr'><strong>PATRIARCH/E</strong></span> <span class='ocrx_word' id='word_1_4' title='bbox 2437 241 2548 304; x_wconf 84' lang='lat' dir='ltr'><strong>CP.</strong></span> 
     </span>
    </p>
   </div>
   <div class='ocr_carea' id='block_1_3' title="bbox 3595 242 3702 308">
    <p class='ocr_par' dir='ltr' id='par_1_3' title="bbox 3595 242 3702 308">
     <span class='ocr_line' id='line_1_3' title="bbox 3595 242 3702 308; baseline -0.019 0"><span class='ocrx_word' id='word_1_5' title='bbox 3595 242 3702 308; x_wconf 79' lang='grc' dir='ltr'><strong>8οι</strong></span> 
     </span>
    </p>
   </div>
   <div class='ocr_carea' id='block_1_4' title="bbox 445 349 2019 425">
    <p class='ocr_par' dir='ltr' id='par_1_4' title="bbox 445 349 2019 424">
     <span class='ocr_line' id='line_1_4' title="bbox 445 349 2019 424; baseline -0.004 -14"><span class='ocrx_word' id='word_1_6' title='bbox 445 357 546 412; x_wconf 72' lang='lat' dir='ltr'><strong>lius</strong></span> <span class='ocrx_word' id='word_1_7' title='bbox 581 353 836 424; x_wconf 71' lang='lat' dir='ltr'><strong>dignatus</strong></span> <span class='ocrx_word' id='word_1_8' title='bbox 887 352 1076 409; x_wconf 74' lang='lat' dir='ltr'><strong>esset?</strong></span> <span class='ocrx_word' id='word_1_9' title='bbox 1125 351 1230 406; x_wconf 88' lang='lat' dir='ltr'><strong>Sed</strong></span> <span class='ocrx_word' id='word_1_10' title='bbox 1269 351 1415 407; x_wconf 90' lang='lat' dir='ltr'><strong>enim</strong></span> <span class='ocrx_word' id='word_1_11' title='bbox 1465 349 1588 406; x_wconf 84' lang='lat' dir='ltr'><strong>talis</strong></span> <span class='ocrx_word' id='word_1_12' title='bbox 1639 351 2019 420; x_wconf 83' lang='lat' dir='ltr'><strong>paraholarum</strong></span> 
     </span>
    </p>
   </div>
   <div class='ocr_carea' id='block_1_5' title="bbox 2123 349 3699 425">
    <p class='ocr_par' dir='ltr' id='par_1_5' title="bbox 2123 349 3699 425">
     <span class='ocr_line' id='line_1_5' title="bbox 2123 349 3699 425; baseline 0.003 -21"><span class='ocrx_word' id='word_1_13' title='bbox 2123 352 2237 404; x_wconf 81' lang='grc' dir='ltr'><strong>κῶν</strong></span> <span class='ocrx_word' id='word_1_14' title='bbox 2278 351 2587 423; x_wconf 81' lang='grc' dir='ltr'>ἀξιουμένῳ</span> <span class='ocrx_word' id='word_1_15' title='bbox 2640 349 3002 423; x_wconf 78' lang='grc' dir='ltr'>σπλάγχνωνς</span> <span class='ocrx_word' id='word_1_16' title='bbox 3035 349 3174 406; x_wconf 84' lang='grc' dir='ltr'><strong>ἀλλά</strong></span> <span class='ocrx_word' id='word_1_17' title='bbox 3217 351 3326 423; x_wconf 82' lang='grc' dir='ltr'><strong>γάρ</strong></span> <span class='ocrx_word' id='word_1_18' title='bbox 3371 351 3616 408; x_wconf 86' lang='grc' dir='ltr'>τοιοῦτον</span> <span class='ocrx_word' id='word_1_19' title='bbox 3663 357 3699 425; x_wconf 79' lang='grc' dir='ltr'><strong>ἡ</strong></span> 
     </span>
    </p>
   </div>
   <div class='ocr_carea' id='block_1_6' title="bbox 445 442 2018 513">
    <p class='ocr_par' dir='ltr' id='par_1_6' title="bbox 445 442 2018 513">
     <span class='ocr_line' id='line_1_6' title="bbox 445 442 2018 513; baseline -0.003 -11"><span class='ocrx_word' id='word_1_20' title='bbox 445 447 598 504; x_wconf 77' lang='lat' dir='ltr'><strong>ﬁctio</strong></span> <span class='ocrx_word' id='word_1_21' title='bbox 644 461 768 503; x_wconf 86' lang='lat' dir='ltr'><strong>esse</strong></span> <span class='ocrx_word' id='word_1_22' title='bbox 795 445 934 500; x_wconf 88' lang='lat' dir='ltr'><strong>solet</strong></span> <span class='ocrx_word' id='word_1_23' title='bbox 973 460 991 499; x_wconf 92' lang='lat'><strong>:</strong></span> <span class='ocrx_word' id='word_1_24' title='bbox 1031 459 1132 500; x_wconf 86' lang='lat' dir='ltr'><strong>nec</strong></span> <span class='ocrx_word' id='word_1_25' title='bbox 1159 444 1305 499; x_wconf 87' lang='lat' dir='ltr'><strong>enim</strong></span> <span class='ocrx_word' id='word_1_26' title='bbox 1333 458 1398 500; x_wconf 92' lang='lat' dir='ltr'><strong>ea</strong></span> <span class='ocrx_word' id='word_1_27' title='bbox 1429 442 1628 509; x_wconf 86' lang='lat' dir='ltr'><strong>solum,</strong></span> <span class='ocrx_word' id='word_1_28' title='bbox 1661 458 1780 513; x_wconf 66' lang='lat' dir='ltr'><strong>quae</strong></span> <span class='ocrx_word' id='word_1_29' title='bbox 1812 453 1908 498; x_wconf 89' lang='lat' dir='ltr'><strong>aut</strong></span> <span class='ocrx_word' id='word_1_30' title='bbox 1932 443 2018 498; x_wconf 79' lang='lat' dir='ltr'><strong>fa-</strong></span> 
     </span>
    </p>
   </div>
   <div class='ocr_carea' id='block_1_7' title="bbox 447 534 2021 605">
    <p class='ocr_par' dir='ltr' id='par_1_7' title="bbox 447 534 2021 605">
     <span class='ocr_line' id='line_1_7' title="bbox 447 534 2021 605; baseline -0.003 -10"><span class='ocrx_word' id='word_1_31' title='bbox 447 551 532 595; x_wconf 87' lang='lat' dir='ltr'><strong>cta</strong></span> <span class='ocrx_word' id='word_1_32' title='bbox 561 549 657 594; x_wconf 89' lang='lat' dir='ltr'><strong>aut</strong></span> <span class='ocrx_word' id='word_1_33' title='bbox 683 537 862 593; x_wconf 77' lang='lat' dir='ltr'><strong>futura</strong></span> <span class='ocrx_word' id='word_1_34' title='bbox 901 543 1029 591; x_wconf 91' lang='lat' dir='ltr'><strong>sunt</strong></span> <span class='ocrx_word' id='word_1_35' title='bbox 1057 534 1517 605; x_wconf 90' lang='lat' dir='ltr'><strong>complectuntur,</strong></span> <span class='ocrx_word' id='word_1_36' title='bbox 1547 534 1642 589; x_wconf 90' lang='lat' dir='ltr'><strong>sed</strong></span> <span class='ocrx_word' id='word_1_37' title='bbox 1669 544 1724 589; x_wconf 92' lang='lat' dir='ltr'><strong>et</strong></span> <span class='ocrx_word' id='word_1_38' title='bbox 1750 534 1862 598; x_wconf 88' lang='lat' dir='ltr'><strong>illa,</strong></span> <span class='ocrx_word' id='word_1_39' title='bbox 1900 548 2021 605; x_wconf 71' lang='lat' dir='ltr'><strong>qua:</strong></span> 
     </span>
    </p>
   </div>
   <div class='ocr_carea' id='block_1_8' title="bbox 445 627 2022 701">
    <p class='ocr_par' dir='ltr' id='par_1_8' title="bbox 445 627 2022 701">
     <span class='ocr_line' id='line_1_8' title="bbox 445 627 2022 701; baseline -0.004 -13"><span class='ocrx_word' id='word_1_40' title='bbox 445 632 714 688; x_wconf 81' lang='lat' dir='ltr'><strong>curiosius</strong></span> <span class='ocrx_word' id='word_1_41' title='bbox 762 629 1028 701; x_wconf 78' lang='lat' dir='ltr'><strong>quispiam</strong></span> <span class='ocrx_word' id='word_1_42' title='bbox 1076 641 1264 682; x_wconf 91' lang='lat' dir='ltr'><strong>eorum</strong></span> <span class='ocrx_word' id='word_1_43' title='bbox 1316 627 1699 682; x_wconf 84' lang='lat' dir='ltr'><strong>commovendi</strong></span> <span class='ocrx_word' id='word_1_44' title='bbox 1743 627 1877 692; x_wconf 87' lang='lat' dir='ltr'><strong>vim,</strong></span> <span class='ocrx_word' id='word_1_45' title='bbox 1928 636 2022 682; x_wconf 93' lang='lat' dir='ltr'><strong>aut</strong></span> 
     </span>
    </p>
   </div>
   <div class='ocr_carea' id='block_1_9' title="bbox 441 716 2022 793">
    <p class='ocr_par' dir='ltr' id='par_1_9' title="bbox 441 716 2022 793">
     <span class='ocr_line' id='line_1_9' title="bbox 441 716 2022 793; baseline -0.003 -16"><span class='ocrx_word' id='word_1_46' title='bbox 441 723 862 793; x_wconf 80' lang='lat' dir='ltr'><strong>iucunditatem,</strong></span> <span class='ocrx_word' id='word_1_47' title='bbox 932 727 1028 773; x_wconf 87' lang='lat' dir='ltr'><strong>aut</strong></span> <span class='ocrx_word' id='word_1_48' title='bbox 1101 716 1576 788; x_wconf 74' lang='lat' dir='ltr'><strong>consequentiam,</strong></span> <span class='ocrx_word' id='word_1_49' title='bbox 1635 727 1732 773; x_wconf 86' lang='lat' dir='ltr'><strong>aut</strong></span> <span class='ocrx_word' id='word_1_50' title='bbox 1787 717 2022 788; x_wconf 87' lang='lat' dir='ltr'><strong>denique</strong></span> 
     </span>
    </p>
   </div>
   <div class='ocr_carea' id='block_1_10' title="bbox 446 806 2020 881">
    <p class='ocr_par' dir='ltr' id='par_1_10' title="bbox 446 806 2020 881">
     <span class='ocr_line' id='line_1_10' title="bbox 446 806 2020 881; baseline -0.004 -14"><span class='ocrx_word' id='word_1_51' title='bbox 446 811 778 881; x_wconf 81' lang='lat' dir='ltr'><strong>adipiscendi</strong></span> <span class='ocrx_word' id='word_1_52' title='bbox 825 808 1147 864; x_wconf 71' lang='lat' dir='ltr'><strong>facilitatem</strong></span> <span class='ocrx_word' id='word_1_53' title='bbox 1183 818 1348 878; x_wconf 86' lang='lat' dir='ltr'><strong>utque</strong></span> <span class='ocrx_word' id='word_1_54' title='bbox 1375 806 1670 861; x_wconf 87' lang='lat' dir='ltr'><strong>utilitatem</strong></span> <span class='ocrx_word' id='word_1_55' title='bbox 1722 814 2020 861; x_wconf 82' lang='lat' dir='ltr'><strong>contexen-</strong></span> 
     </span>
    </p>
   </div>
   <div class='ocr_carea' id='block_1_11' title="bbox 443 899 2018 972">
    <p class='ocr_par' dir='ltr' id='par_1_11' title="bbox 443 899 2018 972">
     <span class='ocr_line' id='line_1_11' title="bbox 443 899 2018 972; baseline -0.003 -14"><span class='ocrx_word' id='word_1_56' title='bbox 443 906 533 968; x_wconf 86' lang='lat' dir='ltr'><strong>do,</strong></span> <span class='ocrx_word' id='word_1_57' title='bbox 580 903 920 972; x_wconf 74' lang='lat' dir='ltr'><strong>adjungeret.</strong></span> <span class='ocrx_word' id='word_1_58' title='bbox 965 900 1291 956; x_wconf 86' lang='lat' dir='ltr'><strong>Parabolam</strong></span> <span class='ocrx_word' id='word_1_59' title='bbox 1327 913 1545 970; x_wconf 89' lang='lat' dir='ltr'><strong>quoque</strong></span> <span class='ocrx_word' id='word_1_60' title='bbox 1576 909 1794 954; x_wconf 90' lang='lat' dir='ltr'><strong>centum</strong></span> <span class='ocrx_word' id='word_1_61' title='bbox 1836 899 2018 954; x_wconf 89' lang='lat' dir='ltr'><strong>ovium</strong></span> 
     </span>
    </p>
   </div>
   <div class='ocr_carea' id='block_1_12' title="bbox 442 991 2021 1064">
    <p class='ocr_par' dir='ltr' id='par_1_12' title="bbox 442 991 2021 1064">
     <span class='ocr_line' id='line_1_12' title="bbox 442 991 2021 1064; baseline -0.004 -13"><span class='ocrx_word' id='word_1_62' title='bbox 442 997 510 1051; x_wconf 85' lang='lat' dir='ltr'><strong>ad</strong></span> <span class='ocrx_word' id='word_1_63' title='bbox 542 996 856 1064; x_wconf 74' lang='lat' dir='ltr'><strong>angelorum</strong></span> <span class='ocrx_word' id='word_1_64' title='bbox 893 1004 950 1050; x_wconf 88' lang='lat' dir='ltr'><strong>et</strong></span> <span class='ocrx_word' id='word_1_65' title='bbox 988 995 1268 1050; x_wconf 88' lang='lat' dir='ltr'><strong>hominum</strong></span> <span class='ocrx_word' id='word_1_66' title='bbox 1319 1002 1568 1046; x_wconf 90' lang='lat' dir='ltr'><strong>naturam</strong></span> <span class='ocrx_word' id='word_1_67' title='bbox 1615 991 1798 1047; x_wconf 76' lang='lat' dir='ltr'><strong>refert.</strong></span> <span class='ocrx_word' id='word_1_68' title='bbox 1835 991 2021 1047; x_wconf 82' lang='lat' dir='ltr'><strong>Memi-</strong></span> 
     </span>
    </p>
   </div>
   <div class='ocr_carea' id='block_1_13' title="bbox 441 1083 2021 1157">
    <p class='ocr_par' dir='ltr' id='par_1_13' title="bbox 441 1083 2021 1157">
     <span class='ocr_line' id='line_1_13' title="bbox 441 1083 2021 1157; baseline -0.003 -14"><span class='ocrx_word' id='word_1_69' title='bbox 441 1089 526 1143; x_wconf 91' lang='lat' dir='ltr'><strong>nit</strong></span> <span class='ocrx_word' id='word_1_70' title='bbox 555 1088 784 1141; x_wconf 87' lang='lat' dir='ltr'><strong>aliarum</strong></span> <span class='ocrx_word' id='word_1_71' title='bbox 821 1087 988 1142; x_wconf 86' lang='lat' dir='ltr'><strong>etiam</strong></span> <span class='ocrx_word' id='word_1_72' title='bbox 1035 1085 1307 1157; x_wconf 64' lang='lat' dir='ltr'><strong>parabolae</strong></span> <span class='ocrx_word' id='word_1_73' title='bbox 1339 1086 1405 1140; x_wconf 92' lang='lat' dir='ltr'><strong>de</strong></span> <span class='ocrx_word' id='word_1_74' title='bbox 1435 1084 1546 1138; x_wconf 84' lang='lat' dir='ltr'><strong>illio</strong></span> <span class='ocrx_word' id='word_1_75' title='bbox 1587 1084 1814 1154; x_wconf 77' lang='lat' dir='ltr'><strong>prodigo</strong></span> <span class='ocrx_word' id='word_1_76' title='bbox 1843 1083 2021 1154; x_wconf 79' lang='lat' dir='ltr'><strong>expli-</strong></span> 
     </span>
    </p>
   </div>
   <div class='ocr_carea' id='block_1_14' title="bbox 440 1178 2020 1249">
    <p class='ocr_par' dir='ltr' id='par_1_14' title="bbox 440 1178 2020 1249">
     <span class='ocr_line' id='line_1_14' title="bbox 440 1178 2020 1249; baseline -0.003 -14"><span class='ocrx_word' id='word_1_77' title='bbox 440 1182 740 1246; x_wconf 86' lang='lat' dir='ltr'><strong>cationum,</strong></span> <span class='ocrx_word' id='word_1_78' title='bbox 783 1181 878 1235; x_wconf 86' lang='lat' dir='ltr'><strong>sed</strong></span> <span class='ocrx_word' id='word_1_79' title='bbox 909 1179 1110 1249; x_wconf 85' lang='lat' dir='ltr'><strong>quibus</strong></span> <span class='ocrx_word' id='word_1_80' title='bbox 1150 1178 1406 1233; x_wconf 88' lang='lat' dir='ltr'><strong>omnibus</strong></span> <span class='ocrx_word' id='word_1_81' title='bbox 1441 1178 1760 1245; x_wconf 60' lang='lat' dir='ltr'><strong>pradictam</strong></span> <span class='ocrx_word' id='word_1_82' title='bbox 1791 1187 2020 1246; x_wconf 88' lang='lat' dir='ltr'><strong>antepo-</strong></span> 
     </span>
    </p>
   </div>
   <div class='ocr_carea' id='block_1_15' title="bbox 441 1269 2021 1344">
    <p class='ocr_par' dir='ltr' id='par_1_15' title="bbox 441 1269 2021 1344">
     <span class='ocr_line' id='line_1_15' title="bbox 441 1269 2021 1344; baseline -0.003 -16"><span class='ocrx_word' id='word_1_83' title='bbox 441 1275 544 1338; x_wconf 87' lang='lat' dir='ltr'><strong>nit,</strong></span> <span class='ocrx_word' id='word_1_84' title='bbox 594 1289 758 1344; x_wconf 90' lang='lat' dir='ltr'><strong>quam</strong></span> <span class='ocrx_word' id='word_1_85' title='bbox 815 1273 964 1327; x_wconf 88' lang='lat' dir='ltr'><strong>varia</strong></span> <span class='ocrx_word' id='word_1_86' title='bbox 1009 1273 1213 1340; x_wconf 74' lang='lat' dir='ltr'><strong>ingenii</strong></span> <span class='ocrx_word' id='word_1_87' title='bbox 1265 1271 1634 1326; x_wconf 90' lang='lat' dir='ltr'><strong>ostentatione</strong></span> <span class='ocrx_word' id='word_1_88' title='bbox 1688 1269 2021 1325; x_wconf 87' lang='lat' dir='ltr'><strong>concinnare</strong></span> 
     </span>
    </p>
   </div>
   <div class='ocr_carea' id='block_1_16' title="bbox 440 1363 2022 1434">
    <p class='ocr_par' dir='ltr' id='par_1_16' title="bbox 440 1363 2022 1434">
     <span class='ocr_line' id='line_1_16' title="bbox 440 1363 2022 1434; baseline -0.003 -14"><span class='ocrx_word' id='word_1_89' title='bbox 440 1366 642 1420; x_wconf 88' lang='lat' dir='ltr'><strong>studet.</strong></span> <span class='ocrx_word' id='word_1_90' title='bbox 697 1365 821 1419; x_wconf 68' lang='lat' dir='ltr'><strong>Haec</strong></span> <span class='ocrx_word' id='word_1_91' title='bbox 867 1364 1159 1434; x_wconf 88' lang='lat' dir='ltr'><strong>septimum</strong></span> <span class='ocrx_word' id='word_1_92' title='bbox 1197 1363 1369 1434; x_wconf 87' lang='lat' dir='ltr'><strong>ipsius</strong></span> <span class='ocrx_word' id='word_1_93' title='bbox 1392 1373 1447 1418; x_wconf 92' lang='lat' dir='ltr'><strong>et</strong></span> <span class='ocrx_word' id='word_1_94' title='bbox 1489 1363 1828 1418; x_wconf 86' lang='lat' dir='ltr'><strong>tricesimum</strong></span> <span class='ocrx_word' id='word_1_95' title='bbox 1860 1369 2022 1432; x_wconf 83' lang='lat' dir='ltr'><strong>caput</strong></span> 
     </span>
    </p>
   </div>
   <div class='ocr_carea' id='block_1_17' title="bbox 439 1457 933 1512">
    <p class='ocr_par' dir='ltr' id='par_1_17' title="bbox 439 1457 933 1512">
     <span class='ocr_line' id='line_1_17' title="bbox 439 1457 933 1512; baseline 0 0"><span class='ocrx_word' id='word_1_96' title='bbox 439 1457 689 1512; x_wconf 82' lang='lat' dir='ltr'><strong>studiose</strong></span> <span class='ocrx_word' id='word_1_97' title='bbox 715 1466 933 1512; x_wconf 76' lang='lat' dir='ltr'><strong>traCtat.</strong></span> 
     </span>
    </p>
   </div>
   <div class='ocr_carea' id='block_1_18' title="bbox 511 1546 2020 1620">
    <p class='ocr_par' dir='ltr' id='par_1_18' title="bbox 511 1546 2020 1620">
     <span class='ocr_line' id='line_1_18' title="bbox 511 1546 2020 1620; baseline -0.003 -15"><span class='ocrx_word' id='word_1_98' title='bbox 511 1551 602 1605; x_wconf 80' lang='lat'><strong>38.</strong></span> <span class='ocrx_word' id='word_1_99' title='bbox 627 1548 1002 1620; x_wconf 68' lang='lat' dir='ltr'><strong>Porroquarril</strong></span> <span class='ocrx_word' id='word_1_100' title='bbox 1025 1547 1302 1604; x_wconf 90' lang='lat' dir='ltr'><strong>tricesimo</strong></span> <span class='ocrx_word' id='word_1_101' title='bbox 1313 1557 1509 1606; x_wconf 88' lang='lat' dir='ltr'><strong>octavo</strong></span> <span class='ocrx_word' id='word_1_102' title='bbox 1523 1547 1701 1618; x_wconf 88' lang='lat' dir='ltr'><strong>capite</strong></span> <span class='ocrx_word' id='word_1_103' title='bbox 1714 1564 1730 1604; x_wconf 93' lang='lat'><strong>:</strong></span> <span class='ocrx_word' id='word_1_104' title='bbox 1745 1546 2020 1614; x_wconf 80' lang='lat' dir='ltr'><strong>Quomodo</strong></span> 
     </span>
    </p>
   </div>
   <div class='ocr_carea' id='block_1_19' title="bbox 437 1640 2018 1714">
    <p class='ocr_par' dir='ltr' id='par_1_19' title="bbox 437 1640 2018 1714">
     <span class='ocr_line' id='line_1_19' title="bbox 437 1640 2018 1714; baseline -0.002 -18"><span class='ocrx_word' id='word_1_105' title='bbox 437 1660 532 1714; x_wconf 83' lang='lat' dir='ltr'><strong>pro</strong></span> <span class='ocrx_word' id='word_1_106' title='bbox 545 1642 790 1697; x_wconf 90' lang='lat' dir='ltr'><strong>omnibus</strong></span> <span class='ocrx_word' id='word_1_107' title='bbox 808 1652 1046 1696; x_wconf 86' lang='lat' dir='ltr'><strong>mortuus</strong></span> <span class='ocrx_word' id='word_1_108' title='bbox 1061 1657 1171 1696; x_wconf 87' lang='lat' dir='ltr'><strong>esse</strong></span> <span class='ocrx_word' id='word_1_109' title='bbox 1181 1640 1419 1695; x_wconf 81' lang='lat' dir='ltr'><strong>Christus</strong></span> <span class='ocrx_word' id='word_1_110' title='bbox 1430 1641 1660 1708; x_wconf 83' lang='lat' dir='ltr'><strong>dicatur,</strong></span> <span class='ocrx_word' id='word_1_111' title='bbox 1673 1656 1792 1694; x_wconf 84' lang='lat' dir='ltr'><strong>cum</strong></span> <span class='ocrx_word' id='word_1_112' title='bbox 1805 1640 2018 1695; x_wconf 86' lang='lat' dir='ltr'><strong>nonnisi</strong></span> 
     </span>
    </p>
   </div>
   <div class='ocr_carea' id='block_1_20' title="bbox 439 1715 2092 1802">
    <p class='ocr_par' dir='ltr' id='par_1_20' title="bbox 439 1715 2092 1802">
     <span class='ocr_line' id='line_1_20' title="bbox 439 1715 2092 1802; baseline -0.003 -14"><span class='ocrx_word' id='word_1_113' title='bbox 439 1735 619 1788; x_wconf 81' lang='lat' dir='ltr'><strong>multis</strong></span> <span class='ocrx_word' id='word_1_114' title='bbox 633 1732 877 1788; x_wconf 74' lang='lat' dir='ltr'><strong>wtatibus</strong></span> <span class='ocrx_word' id='word_1_115' title='bbox 890 1742 1168 1802; x_wconf 76' lang='lat' dir='ltr'><strong>postquam</strong></span> <span class='ocrx_word' id='word_1_116' title='bbox 1181 1732 1394 1801; x_wconf 84' lang='lat' dir='ltr'><strong>inﬁnita</strong></span> <span class='ocrx_word' id='word_1_117' title='bbox 1410 1731 1678 1787; x_wconf 79' lang='lat' dir='ltr'><strong>hominum</strong></span> <span class='ocrx_word' id='word_1_118' title='bbox 1689 1733 1960 1802; x_wconf 78' lang='lat' dir='ltr'><strong>progenies</strong></span> <span class='ocrx_word' id='word_1_119' title='bbox 1970 1739 2018 1784; x_wconf 87' lang='lat' dir='ltr'><strong>et</strong></span> <span class='ocrx_word' id='word_1_120' title='bbox 2050 1715 2092 1770; x_wconf 80' lang='grc' dir='ltr'><strong>Β</strong></span> 
     </span>
    </p>
   </div>
   <div class='ocr_carea' id='block_1_21' title="bbox 439 1820 2021 1888">
    <p class='ocr_par' dir='ltr' id='par_1_21' title="bbox 439 1820 2021 1888">
     <span class='ocr_line' id='line_1_21' title="bbox 439 1820 2021 1888; baseline -0.001 -12"><span class='ocrx_word' id='word_1_121' title='bbox 439 1833 565 1877; x_wconf 86' lang='lat' dir='ltr'><strong>nata</strong></span> <span class='ocrx_word' id='word_1_122' title='bbox 587 1832 636 1877; x_wconf 90' lang='lat' dir='ltr'><strong>et</strong></span> <span class='ocrx_word' id='word_1_123' title='bbox 661 1837 868 1876; x_wconf 81' lang='lat' dir='ltr'><strong>rursum</strong></span> <span class='ocrx_word' id='word_1_124' title='bbox 889 1831 1050 1876; x_wconf 85' lang='lat' dir='ltr'><strong>morte</strong></span> <span class='ocrx_word' id='word_1_125' title='bbox 1083 1820 1256 1876; x_wconf 82' lang='lat' dir='ltr'><strong>deleta</strong></span> <span class='ocrx_word' id='word_1_126' title='bbox 1280 1832 1439 1884; x_wconf 82' lang='lat' dir='ltr'><strong>esset,</strong></span> <span class='ocrx_word' id='word_1_127' title='bbox 1465 1821 1826 1888; x_wconf 75' lang='lat' dir='ltr'><strong>Redemptoris</strong></span> <span class='ocrx_word' id='word_1_128' title='bbox 1844 1823 2021 1875; x_wconf 86' lang='lat' dir='ltr'><strong>incar-</strong></span> 
     </span>
    </p>
   </div>
   <div class='ocr_carea' id='block_1_22' title="bbox 438 1911 2019 1969">
    <p class='ocr_par' dir='ltr' id='par_1_22' title="bbox 438 1911 2019 1969">
     <span class='ocr_line' id='line_1_22' title="bbox 438 1911 2019 1969; baseline 0 -1"><span class='ocrx_word' id='word_1_129' title='bbox 438 1916 581 1969; x_wconf 80' lang='lat' dir='ltr'><strong>natio</strong></span> <span class='ocrx_word' id='word_1_130' title='bbox 604 1914 831 1969; x_wconf 76' lang='lat' dir='ltr'><strong>evenerit</strong></span> <span class='ocrx_word' id='word_1_131' title='bbox 849 1911 1264 1968; x_wconf 82' lang='lat' dir='ltr'><strong>?Nodusautem</strong></span> <span class='ocrx_word' id='word_1_132' title='bbox 1295 1914 1373 1969; x_wconf 91' lang='lat' dir='ltr'><strong>sic</strong></span> <span class='ocrx_word' id='word_1_133' title='bbox 1395 1912 1706 1968; x_wconf 87' lang='lat' dir='ltr'><strong>dissolvitur</strong></span> <span class='ocrx_word' id='word_1_134' title='bbox 1730 1929 1745 1967; x_wconf 89' lang='lat'><strong>:</strong></span> <span class='ocrx_word' id='word_1_135' title='bbox 1770 1912 2019 1969; x_wconf 89' lang='lat' dir='ltr'><strong>multisin</strong></span> 
     </span>
    </p>
   </div>
   <div class='ocr_carea' id='block_1_23' title="bbox 436 2004 2022 2076">
    <p class='ocr_par' dir='ltr' id='par_1_23' title="bbox 436 2004 2022 2076">
     <span class='ocr_line' id='line_1_23' title="bbox 436 2004 2022 2076; baseline 0 -16"><span class='ocrx_word' id='word_1_136' title='bbox 436 2005 575 2062; x_wconf 83' lang='lat' dir='ltr'><strong>locis</strong></span> <span class='ocrx_word' id='word_1_137' title='bbox 595 2021 809 2062; x_wconf 87' lang='lat' dir='ltr'><strong>sarcam</strong></span> <span class='ocrx_word' id='word_1_138' title='bbox 826 2005 1167 2076; x_wconf 85' lang='lat' dir='ltr'><strong>Scripturam</strong></span> <span class='ocrx_word' id='word_1_139' title='bbox 1189 2004 1491 2071; x_wconf 82' lang='lat' dir='ltr'><strong>testiﬁcari,</strong></span> <span class='ocrx_word' id='word_1_140' title='bbox 1509 2007 1777 2075; x_wconf 89' lang='lat' dir='ltr'><strong>quomodo</strong></span> <span class='ocrx_word' id='word_1_141' title='bbox 1795 2015 1921 2062; x_wconf 89' lang='lat' dir='ltr'><strong>tunc</strong></span> <span class='ocrx_word' id='word_1_142' title='bbox 1941 2005 2022 2060; x_wconf 84' lang='lat' dir='ltr'><strong>vi-</strong></span> 
     </span>
    </p>
   </div>
   <div class='ocr_carea' id='block_1_24' title="bbox 435 2096 2018 2168">
    <p class='ocr_par' dir='ltr' id='par_1_24' title="bbox 435 2096 2018 2168">
     <span class='ocr_line' id='line_1_24' title="bbox 435 2096 2018 2168; baseline 0.001 -18"><span class='ocrx_word' id='word_1_143' title='bbox 435 2096 712 2164; x_wconf 89' lang='lat' dir='ltr'><strong>ventibus,</strong></span> <span class='ocrx_word' id='word_1_144' title='bbox 737 2097 926 2153; x_wconf 89' lang='lat' dir='ltr'><strong>eodem</strong></span> <span class='ocrx_word' id='word_1_145' title='bbox 965 2098 1134 2153; x_wconf 90' lang='lat' dir='ltr'><strong>etiam</strong></span> <span class='ocrx_word' id='word_1_146' title='bbox 1167 2098 1257 2162; x_wconf 88' lang='lat' dir='ltr'><strong>iis,</strong></span> <span class='ocrx_word' id='word_1_147' title='bbox 1299 2097 1392 2168; x_wconf 92' lang='lat' dir='ltr'><strong>qui</strong></span> <span class='ocrx_word' id='word_1_148' title='bbox 1424 2097 1564 2166; x_wconf 89' lang='lat' dir='ltr'><strong>apud</strong></span> <span class='ocrx_word' id='word_1_149' title='bbox 1602 2096 1807 2154; x_wconf 79' lang='lat' dir='ltr'><strong>inferos</strong></span> <span class='ocrx_word' id='word_1_150' title='bbox 1836 2105 2018 2164; x_wconf 87' lang='lat' dir='ltr'><strong>erant,</strong></span> 
     </span>
    </p>
   </div>
   <div class='ocr_carea' id='block_1_25' title="bbox 435 2187 2020 2262">
    <p class='ocr_par' dir='ltr' id='par_1_25' title="bbox 435 2187 2020 2262">
     <span class='ocr_line' id='line_1_25' title="bbox 435 2187 2020 2262; baseline 0.001 -18"><span class='ocrx_word' id='word_1_151' title='bbox 435 2204 532 2259; x_wconf 84' lang='lat' dir='ltr'><strong>per</strong></span> <span class='ocrx_word' id='word_1_152' title='bbox 558 2189 836 2245; x_wconf 84' lang='lat' dir='ltr'><strong>Christum</strong></span> <span class='ocrx_word' id='word_1_153' title='bbox 860 2190 1291 2260; x_wconf 87' lang='lat' dir='ltr'><strong>redemptionem</strong></span> <span class='ocrx_word' id='word_1_154' title='bbox 1322 2189 1564 2245; x_wconf 82' lang='lat' dir='ltr'><strong>venisse.</strong></span> <span class='ocrx_word' id='word_1_155' title='bbox 1595 2187 1736 2244; x_wconf 86' lang='lat' dir='ltr'><strong>Nam</strong></span> <span class='ocrx_word' id='word_1_156' title='bbox 1762 2191 2020 2262; x_wconf 86' lang='lat' dir='ltr'><strong>princeps</strong></span> 
     </span>
    </p>
   </div>
   <div class='ocr_carea' id='block_1_26' title="bbox 433 2281 2022 2350">
    <p class='ocr_par' dir='ltr' id='par_1_26' title="bbox 433 2281 2022 2350">
     <span class='ocr_line' id='line_1_26' title="bbox 433 2281 2022 2350; baseline -0.001 -14"><span class='ocrx_word' id='word_1_157' title='bbox 433 2282 808 2350; x_wconf 87' lang='lat' dir='ltr'><strong>apostolorum</strong></span> <span class='ocrx_word' id='word_1_158' title='bbox 833 2283 950 2336; x_wconf 86' lang='lat' dir='ltr'><strong>ait:</strong></span> <span class='ocrx_word' id='word_1_159' title='bbox 986 2281 1054 2336; x_wconf 87' lang='lat' dir='ltr'><strong>In</strong></span> <span class='ocrx_word' id='word_1_160' title='bbox 1080 2281 1179 2336; x_wconf 83' lang='lat' dir='ltr'><strong>hoc</strong></span> <span class='ocrx_word' id='word_1_161' title='bbox 1201 2281 1340 2336; x_wconf 86' lang='lat' dir='ltr'><strong>enim</strong></span> <span class='ocrx_word' id='word_1_162' title='bbox 1367 2290 1612 2336; x_wconf 89' lang='lat' dir='ltr'><strong>mortuus</strong></span> <span class='ocrx_word' id='word_1_163' title='bbox 1631 2290 1732 2348; x_wconf 85' lang='lat' dir='ltr'><strong>est,</strong></span> <span class='ocrx_word' id='word_1_164' title='bbox 1756 2291 1805 2336; x_wconf 88' lang='lat' dir='ltr'><strong>et</strong></span> <span class='ocrx_word' id='word_1_165' title='bbox 1843 2297 2022 2336; x_wconf 84' lang='lat' dir='ltr'><strong>resur-</strong></span> 
     </span>
    </p>
   </div>
   <div class='ocr_carea' id='block_1_27' title="bbox 435 2374 2014 2440">
    <p class='ocr_par' dir='ltr' id='par_1_27' title="bbox 435 2374 2014 2440">
     <span class='ocr_line' id='line_1_27' title="bbox 435 2374 2014 2440; baseline -0.001 -11"><span class='ocrx_word' id='word_1_166' title='bbox 435 2377 594 2440; x_wconf 72' lang='lat' dir='ltr'><strong>rexit,</strong></span> <span class='ocrx_word' id='word_1_167' title='bbox 638 2385 694 2428; x_wconf 88' lang='lat' dir='ltr'><strong>ut</strong></span> <span class='ocrx_word' id='word_1_168' title='bbox 717 2385 765 2431; x_wconf 90' lang='lat' dir='ltr'><strong>et</strong></span> <span class='ocrx_word' id='word_1_169' title='bbox 787 2384 1118 2429; x_wconf 89' lang='lat' dir='ltr'><strong>mortuorum</strong></span> <span class='ocrx_word' id='word_1_170' title='bbox 1171 2385 1220 2429; x_wconf 89' lang='lat' dir='ltr'><strong>et</strong></span> <span class='ocrx_word' id='word_1_171' title='bbox 1269 2375 1506 2430; x_wconf 72' lang='lat' dir='ltr'><strong>vivorum</strong></span> <span class='ocrx_word' id='word_1_172' title='bbox 1541 2376 1842 2430; x_wconf 79' lang='lat' dir='ltr'><strong>dominetur</strong></span> <span class='ocrx_word' id='word_1_173' title='bbox 1871 2385 1918 2433; x_wconf 89' lang='lat' dir='ltr'><strong>P.</strong></span> <span class='ocrx_word' id='word_1_174' title='bbox 1946 2374 2014 2428; x_wconf 87' lang='lat' dir='ltr'><strong>Et</strong></span> 
     </span>
    </p>
   </div>
   <div class='ocr_carea' id='block_1_28' title="bbox 436 2464 2019 2536">
    <p class='ocr_par' dir='ltr' id='par_1_28' title="bbox 436 2464 2019 2536">
     <span class='ocr_line' id='line_1_28' title="bbox 436 2464 2019 2536; baseline 0 -16"><span class='ocrx_word' id='word_1_175' title='bbox 436 2481 666 2521; x_wconf 86' lang='lat' dir='ltr'><strong>rursus:</strong></span> <span class='ocrx_word' id='word_1_176' title='bbox 701 2464 803 2520; x_wconf 82' lang='lat' dir='ltr'><strong>His</strong></span> <span class='ocrx_word' id='word_1_177' title='bbox 822 2467 914 2536; x_wconf 87' lang='lat' dir='ltr'><strong>qui</strong></span> <span class='ocrx_word' id='word_1_178' title='bbox 951 2468 1005 2520; x_wconf 88' lang='lat' dir='ltr'><strong>in</strong></span> <span class='ocrx_word' id='word_1_179' title='bbox 1037 2481 1249 2520; x_wconf 83' lang='lat' dir='ltr'><strong>carcere</strong></span> <span class='ocrx_word' id='word_1_180' title='bbox 1288 2474 1442 2519; x_wconf 86' lang='lat' dir='ltr'><strong>erant</strong></span> <span class='ocrx_word' id='word_1_181' title='bbox 1486 2465 1760 2535; x_wconf 74' lang='lat' dir='ltr'><strong>spiritibus</strong></span> <span class='ocrx_word' id='word_1_182' title='bbox 1811 2466 2019 2520; x_wconf 64' lang='lat' dir='ltr'><strong>septiens</strong></span> 
     </span>
    </p>
   </div>
   <div class='ocr_carea' id='block_1_29' title="bbox 433 2557 2020 2629">
    <p class='ocr_par' dir='ltr' id='par_1_29' title="bbox 433 2557 2020 2629">
     <span class='ocr_line' id='line_1_29' title="bbox 433 2557 2020 2629; baseline 0.001 -18"><span class='ocrx_word' id='word_1_183' title='bbox 433 2560 742 2628; x_wconf 71' lang='lat' dir='ltr'><strong>praedicavit</strong></span> <span class='ocrx_word' id='word_1_184' title='bbox 765 2570 820 2622; x_wconf 73' lang='grc' dir='ltr'>ει,</span> <span class='ocrx_word' id='word_1_185' title='bbox 853 2568 910 2612; x_wconf 81' lang='grc' dir='ltr'><strong>ιιι</strong></span> <span class='ocrx_word' id='word_1_186' title='bbox 927 2557 1242 2629; x_wconf 86' lang='lat' dir='ltr'><strong>judicentur</strong></span> <span class='ocrx_word' id='word_1_187' title='bbox 1271 2559 1483 2627; x_wconf 86' lang='lat' dir='ltr'><strong>quidem</strong></span> <span class='ocrx_word' id='word_1_188' title='bbox 1511 2575 1692 2624; x_wconf 87' lang='lat' dir='ltr'><strong>carne,</strong></span> <span class='ocrx_word' id='word_1_189' title='bbox 1714 2559 1894 2614; x_wconf 78' lang='lat' dir='ltr'><strong>vivant</strong></span> <span class='ocrx_word' id='word_1_190' title='bbox 1920 2575 2020 2613; x_wconf 88' lang='lat' dir='ltr'><strong>au-</strong></span> 
     </span>
    </p>
   </div>
   <div class='ocr_carea' id='block_1_30' title="bbox 435 2649 2016 2723">
    <p class='ocr_par' dir='ltr' id='par_1_30' title="bbox 435 2649 2016 2723">
     <span class='ocr_line' id='line_1_30' title="bbox 435 2649 2016 2723; baseline 0 -18"><span class='ocrx_word' id='word_1_191' title='bbox 435 2660 537 2705; x_wconf 85' lang='lat' dir='ltr'><strong>tem</strong></span> <span class='ocrx_word' id='word_1_192' title='bbox 561 2651 772 2720; x_wconf 82' lang='lat' dir='ltr'><strong>Spiritu</strong></span> <span class='ocrx_word' id='word_1_193' title='bbox 805 2661 852 2705; x_wconf 73' lang='grc' dir='ltr'><strong>τ.</strong></span> <span class='ocrx_word' id='word_1_194' title='bbox 883 2649 1000 2706; x_wconf 88' lang='lat' dir='ltr'><strong>Hoc</strong></span> <span class='ocrx_word' id='word_1_195' title='bbox 1027 2661 1136 2714; x_wconf 86' lang='lat' dir='ltr'><strong>est,</strong></span> <span class='ocrx_word' id='word_1_196' title='bbox 1177 2659 1238 2704; x_wconf 92' lang='lat' dir='ltr'><strong>ut</strong></span> <span class='ocrx_word' id='word_1_197' title='bbox 1293 2651 1498 2716; x_wconf 84' lang='lat' dir='ltr'><strong>lidelcs,</strong></span> <span class='ocrx_word' id='word_1_198' title='bbox 1536 2652 1630 2720; x_wconf 90' lang='lat' dir='ltr'><strong>qui</strong></span> <span class='ocrx_word' id='word_1_199' title='bbox 1686 2661 1908 2723; x_wconf 87' lang='lat' dir='ltr'><strong>propter</strong></span> <span class='ocrx_word' id='word_1_200' title='bbox 1934 2652 2016 2705; x_wconf 85' lang='lat' dir='ltr'><strong>in-</strong></span> 
     </span>
    </p>
   </div>
   <div class='ocr_carea' id='block_1_31' title="bbox 435 2741 2022 2812">
    <p class='ocr_par' dir='ltr' id='par_1_31' title="bbox 435 2741 2022 2812">
     <span class='ocr_line' id='line_1_31' title="bbox 435 2741 2022 2812; baseline -0.001 -15"><span class='ocrx_word' id='word_1_201' title='bbox 435 2743 750 2798; x_wconf 77' lang='lat' dir='ltr'><strong>ﬁdelitatem</strong></span> <span class='ocrx_word' id='word_1_202' title='bbox 801 2757 956 2797; x_wconf 88' lang='lat' dir='ltr'><strong>suam</strong></span> <span class='ocrx_word' id='word_1_203' title='bbox 1007 2751 1327 2812; x_wconf 86' lang='lat' dir='ltr'><strong>peccatores</strong></span> <span class='ocrx_word' id='word_1_204' title='bbox 1393 2752 1792 2806; x_wconf 83' lang='lat' dir='ltr'><strong>remanserant,</strong></span> <span class='ocrx_word' id='word_1_205' title='bbox 1861 2741 2022 2797; x_wconf 86' lang='lat' dir='ltr'><strong>dam-</strong></span> 
     </span>
    </p>
   </div>
   <div class='ocr_carea' id='block_1_32' title="bbox 435 2831 2020 2906">
    <p class='ocr_par' dir='ltr' id='par_1_32' title="bbox 435 2831 2020 2906">
     <span class='ocr_line' id='line_1_32' title="bbox 435 2831 2020 2906; baseline -0.002 -17"><span class='ocrx_word' id='word_1_206' title='bbox 435 2843 637 2889; x_wconf 90' lang='lat' dir='ltr'><strong>nentur</strong></span> <span class='ocrx_word' id='word_1_207' title='bbox 663 2872 679 2898; x_wconf 93' lang='lat'><strong>,</strong></span> <span class='ocrx_word' id='word_1_208' title='bbox 715 2833 874 2904; x_wconf 83' lang='lat' dir='ltr'><strong>quasi</strong></span> <span class='ocrx_word' id='word_1_209' title='bbox 931 2832 1090 2906; x_wconf 84' lang='lat' dir='ltr'><strong>plane</strong></span> <span class='ocrx_word' id='word_1_210' title='bbox 1142 2847 1273 2888; x_wconf 87' lang='lat' dir='ltr'><strong>caro</strong></span> <span class='ocrx_word' id='word_1_211' title='bbox 1311 2831 1467 2895; x_wconf 78' lang='lat' dir='ltr'><strong>facti,</strong></span> <span class='ocrx_word' id='word_1_212' title='bbox 1500 2843 1555 2886; x_wconf 90' lang='lat' dir='ltr'><strong>et</strong></span> <span class='ocrx_word' id='word_1_213' title='bbox 1591 2832 1787 2888; x_wconf 86' lang='lat' dir='ltr'><strong>divulsi</strong></span> <span class='ocrx_word' id='word_1_214' title='bbox 1831 2848 1860 2886; x_wconf 82' lang='lat' dir='ltr'><strong>a</strong></span> <span class='ocrx_word' id='word_1_215' title='bbox 1895 2831 2020 2901; x_wconf 87' lang='lat' dir='ltr'><strong>Spi-</strong></span> 
     </span>
    </p>
   </div>
   <div class='ocr_carea' id='block_1_33' title="bbox 434 2923 2021 2995">
    <p class='ocr_par' dir='ltr' id='par_1_33' title="bbox 434 2923 2021 2995">
     <span class='ocr_line' id='line_1_33' title="bbox 434 2923 2021 2995; baseline -0.003 -14"><span class='ocrx_word' id='word_1_216' title='bbox 434 2929 566 2982; x_wconf 88' lang='lat' dir='ltr'><strong>ritu.</strong></span> <span class='ocrx_word' id='word_1_217' title='bbox 634 2927 912 2995; x_wconf 83' lang='lat' dir='ltr'><strong>Quotquot</strong></span> <span class='ocrx_word' id='word_1_218' title='bbox 976 2936 1161 2980; x_wconf 89' lang='lat' dir='ltr'><strong>autem</strong></span> <span class='ocrx_word' id='word_1_219' title='bbox 1219 2923 1383 2978; x_wconf 89' lang='lat' dir='ltr'><strong>etiam</strong></span> <span class='ocrx_word' id='word_1_220' title='bbox 1427 2923 1568 2994; x_wconf 90' lang='lat' dir='ltr'><strong>apud</strong></span> <span class='ocrx_word' id='word_1_221' title='bbox 1609 2924 1832 2988; x_wconf 78' lang='lat' dir='ltr'><strong>inferos,</strong></span> <span class='ocrx_word' id='word_1_222' title='bbox 1859 2924 2021 2979; x_wconf 86' lang='lat' dir='ltr'><strong>Chri-</strong></span> 
     </span>
    </p>
   </div>
   <div class='ocr_carea' id='block_1_34' title="bbox 436 3015 2017 3088">
    <p class='ocr_par' dir='ltr' id='par_1_34' title="bbox 436 3015 2017 3088">
     <span class='ocr_line' id='line_1_34' title="bbox 436 3015 2017 3088; baseline -0.004 -14"><span class='ocrx_word' id='word_1_223' title='bbox 436 3028 524 3074; x_wconf 88' lang='lat' dir='ltr'><strong>sto</strong></span> <span class='ocrx_word' id='word_1_224' title='bbox 547 3018 660 3088; x_wconf 91' lang='lat' dir='ltr'><strong>(qui</strong></span> <span class='ocrx_word' id='word_1_225' title='bbox 717 3018 832 3087; x_wconf 89' lang='lat' dir='ltr'><strong>ipsa</strong></span> <span class='ocrx_word' id='word_1_226' title='bbox 884 3027 1006 3072; x_wconf 89' lang='lat' dir='ltr'><strong>erat</strong></span> <span class='ocrx_word' id='word_1_227' title='bbox 1060 3017 1297 3088; x_wconf 87' lang='lat' dir='ltr'><strong>jnstitia)</strong></span> <span class='ocrx_word' id='word_1_228' title='bbox 1353 3016 1725 3080; x_wconf 90' lang='lat' dir='ltr'><strong>crediderunt,</strong></span> <span class='ocrx_word' id='word_1_229' title='bbox 1787 3015 2017 3085; x_wconf 84' lang='lat' dir='ltr'><strong>spiritali</strong></span> 
     </span>
    </p>
   </div>
   <div class='ocr_carea' id='block_1_35' title="bbox 437 3103 2024 3180">
    <p class='ocr_par' dir='ltr' id='par_1_35' title="bbox 437 3103 2024 3180">
     <span class='ocr_line' id='line_1_35' title="bbox 437 3103 2024 3180; baseline -0.003 -16"><span class='ocrx_word' id='word_1_230' title='bbox 437 3109 627 3164; x_wconf 77' lang='lat' dir='ltr'><strong>laetitia</strong></span> <span class='ocrx_word' id='word_1_231' title='bbox 676 3107 1047 3178; x_wconf 81' lang='lat' dir='ltr'><strong>perfruantur.</strong></span> <span class='ocrx_word' id='word_1_232' title='bbox 1115 3108 1254 3164; x_wconf 88' lang='lat' dir='ltr'><strong>Illud</strong></span> <span class='ocrx_word' id='word_1_233' title='bbox 1319 3109 1533 3180; x_wconf 75' lang='lat' dir='ltr'><strong>igitur:</strong></span> <span class='ocrx_word' id='word_1_234' title='bbox 1593 3103 1664 3160; x_wconf 87' lang='lat' dir='ltr'><strong>Ut</strong></span> <span class='ocrx_word' id='word_1_235' title='bbox 1713 3106 2024 3176; x_wconf 87' lang='lat' dir='ltr'><strong>judicentur</strong></span> 
     </span>
    </p>
   </div>
   <div class='ocr_carea' id='block_1_36' title="bbox 436 3201 2019 3270">
    <p class='ocr_par' dir='ltr' id='par_1_36' title="bbox 436 3201 2019 3270">
     <span class='ocr_line' id='line_1_36' title="bbox 436 3201 2019 3270; baseline 0 -12"><span class='ocrx_word' id='word_1_236' title='bbox 436 3221 616 3270; x_wconf 80' lang='lat' dir='ltr'><strong>carne,</strong></span> <span class='ocrx_word' id='word_1_237' title='bbox 653 3205 720 3258; x_wconf 86' lang='lat' dir='ltr'><strong>de</strong></span> <span class='ocrx_word' id='word_1_238' title='bbox 758 3203 1054 3260; x_wconf 88' lang='lat' dir='ltr'><strong>incredulis</strong></span> <span class='ocrx_word' id='word_1_239' title='bbox 1120 3204 1326 3258; x_wconf 87' lang='lat' dir='ltr'><strong>dictum</strong></span> <span class='ocrx_word' id='word_1_240' title='bbox 1395 3201 1651 3256; x_wconf 76' lang='lat' dir='ltr'><strong>aliirmat.</strong></span> <span class='ocrx_word' id='word_1_241' title='bbox 1715 3203 1787 3256; x_wconf 77' lang='lat' dir='ltr'><strong>At</strong></span> <span class='ocrx_word' id='word_1_242' title='bbox 1835 3201 2019 3258; x_wconf 90' lang='lat' dir='ltr'><strong>illud:</strong></span> 
     </span>
    </p>
   </div>
   <div class='ocr_carea' id='block_1_37' title="bbox 447 3295 2020 3366">
    <p class='ocr_par' dir='ltr' id='par_1_37' title="bbox 447 3295 2020 3366">
     <span class='ocr_line' id='line_1_37' title="bbox 447 3295 2020 3366; baseline -0.003 -14"><span class='ocrx_word' id='word_1_243' title='bbox 447 3297 631 3352; x_wconf 77' lang='lat' dir='ltr'><strong>Vivont</strong></span> <span class='ocrx_word' id='word_1_244' title='bbox 657 3297 886 3366; x_wconf 81' lang='lat' dir='ltr'><strong>Spiritu,</strong></span> <span class='ocrx_word' id='word_1_245' title='bbox 907 3300 972 3352; x_wconf 91' lang='lat' dir='ltr'><strong>de</strong></span> <span class='ocrx_word' id='word_1_246' title='bbox 989 3297 1360 3352; x_wconf 85' lang='lat' dir='ltr'><strong>credentibus.</strong></span> <span class='ocrx_word' id='word_1_247' title='bbox 1393 3295 1562 3351; x_wconf 83' lang='lat' dir='ltr'><strong>Porro</strong></span> <span class='ocrx_word' id='word_1_248' title='bbox 1602 3297 1677 3350; x_wconf 88' lang='lat' dir='ltr'><strong>ita</strong></span> <span class='ocrx_word' id='word_1_249' title='bbox 1708 3309 2020 3350; x_wconf 88' lang='lat' dir='ltr'><strong>sermonem</strong></span> 
     </span>
    </p>
   </div>
   <div class='ocr_carea' id='block_1_38' title="bbox 436 3387 2018 3459">
    <p class='ocr_par' dir='ltr' id='par_1_38' title="bbox 436 3387 2018 3459">
     <span class='ocr_line' id='line_1_38' title="bbox 436 3387 2018 3459; baseline -0.004 -13"><span class='ocrx_word' id='word_1_250' title='bbox 436 3390 696 3455; x_wconf 89' lang='lat' dir='ltr'><strong>instituit,</strong></span> <span class='ocrx_word' id='word_1_251' title='bbox 731 3398 792 3446; x_wconf 92' lang='lat' dir='ltr'><strong>ut</strong></span> <span class='ocrx_word' id='word_1_252' title='bbox 830 3389 987 3459; x_wconf 90' lang='lat' dir='ltr'><strong>quasi</strong></span> <span class='ocrx_word' id='word_1_253' title='bbox 1029 3391 1096 3444; x_wconf 89' lang='lat' dir='ltr'><strong>de</strong></span> <span class='ocrx_word' id='word_1_254' title='bbox 1128 3403 1236 3444; x_wconf 92' lang='lat' dir='ltr'><strong>uno</strong></span> <span class='ocrx_word' id='word_1_255' title='bbox 1289 3389 1474 3457; x_wconf 90' lang='lat' dir='ltr'><strong>aliquo</strong></span> <span class='ocrx_word' id='word_1_256' title='bbox 1527 3387 1676 3458; x_wconf 90' lang='lat' dir='ltr'><strong>loqui</strong></span> <span class='ocrx_word' id='word_1_257' title='bbox 1717 3387 1969 3442; x_wconf 84' lang='lat' dir='ltr'><strong>videatur</strong></span> <span class='ocrx_word' id='word_1_258' title='bbox 2003 3401 2018 3451; x_wconf 88' lang='lat'><strong>;</strong></span> 
     </span>
    </p>
   </div>
   <div class='ocr_carea' id='block_1_39' title="bbox 433 3479 2025 3554">
    <p class='ocr_par' dir='ltr' id='par_1_39' title="bbox 433 3479 2025 3554">
     <span class='ocr_line' id='line_1_39' title="bbox 433 3479 2025 3554; baseline -0.003 -16"><span class='ocrx_word' id='word_1_259' title='bbox 433 3483 564 3554; x_wconf 86' lang='lat' dir='ltr'><strong>quia</strong></span> <span class='ocrx_word' id='word_1_260' title='bbox 595 3482 810 3538; x_wconf 88' lang='lat' dir='ltr'><strong>etiamsi</strong></span> <span class='ocrx_word' id='word_1_261' title='bbox 857 3498 964 3536; x_wconf 87' lang='lat' dir='ltr'><strong>non</strong></span> <span class='ocrx_word' id='word_1_262' title='bbox 993 3480 1184 3536; x_wconf 90' lang='lat' dir='ltr'><strong>eadem</strong></span> <span class='ocrx_word' id='word_1_263' title='bbox 1219 3482 1292 3538; x_wconf 90' lang='lat' dir='ltr'><strong>sit</strong></span> <span class='ocrx_word' id='word_1_264' title='bbox 1333 3481 1494 3552; x_wconf 73' lang='lat'><strong>201</strong></span> <span class='ocrx_word' id='word_1_265' title='bbox 1519 3497 1551 3534; x_wconf 89' lang='lat' dir='ltr'><strong>a</strong></span> <span class='ocrx_word' id='word_1_266' title='bbox 1596 3479 1936 3535; x_wconf 87' lang='lat' dir='ltr'><strong>credentium</strong></span> <span class='ocrx_word' id='word_1_267' title='bbox 1968 3485 2025 3533; x_wconf 84' lang='lat' dir='ltr'><strong>et</strong></span> 
     </span>
    </p>
   </div>
   <div class='ocr_carea' id='block_1_40' title="bbox 437 3570 2022 3637">
    <p class='ocr_par' dir='ltr' id='par_1_40' title="bbox 437 3570 2022 3637">
     <span class='ocr_line' id='line_1_40' title="bbox 437 3570 2022 3637; baseline -0.004 -7"><span class='ocrx_word' id='word_1_268' title='bbox 437 3575 840 3630; x_wconf 85' lang='lat' dir='ltr'><strong>incredulorum</strong></span> <span class='ocrx_word' id='word_1_269' title='bbox 869 3574 1132 3637; x_wconf 93' lang='lat' dir='ltr'><strong>conditio,</strong></span> <span class='ocrx_word' id='word_1_270' title='bbox 1169 3575 1221 3627; x_wconf 91' lang='lat' dir='ltr'><strong>in</strong></span> <span class='ocrx_word' id='word_1_271' title='bbox 1255 3589 1422 3628; x_wconf 87' lang='lat' dir='ltr'><strong>unutn</strong></span> <span class='ocrx_word' id='word_1_272' title='bbox 1471 3584 1652 3626; x_wconf 89' lang='lat' dir='ltr'><strong>tamen</strong></span> <span class='ocrx_word' id='word_1_273' title='bbox 1719 3570 2022 3625; x_wconf 73' lang='lat' dir='ltr'><strong>inierorunt</strong></span> 
     </span>
    </p>
   </div>
   <div class='ocr_carea' id='block_1_41' title="bbox 436 3664 2022 3737">
    <p class='ocr_par' dir='ltr' id='par_1_41' title="bbox 436 3664 2022 3737">
     <span class='ocr_line' id='line_1_41' title="bbox 436 3664 2022 3737; baseline -0.003 -15"><span class='ocrx_word' id='word_1_274' title='bbox 436 3670 687 3724; x_wconf 85' lang='lat' dir='ltr'><strong>ordinem</strong></span> <span class='ocrx_word' id='word_1_275' title='bbox 719 3667 1072 3736; x_wconf 76' lang='lat' dir='ltr'><strong>colliguntur.</strong></span> <span class='ocrx_word' id='word_1_276' title='bbox 1099 3667 1280 3737; x_wconf 81' lang='lat' dir='ltr'><strong>Atque</strong></span> <span class='ocrx_word' id='word_1_277' title='bbox 1337 3667 1412 3720; x_wconf 90' lang='lat' dir='ltr'><strong>ita</strong></span> <span class='ocrx_word' id='word_1_278' title='bbox 1474 3664 1640 3720; x_wconf 90' lang='lat' dir='ltr'><strong>etiam</strong></span> <span class='ocrx_word' id='word_1_279' title='bbox 1673 3665 1740 3719; x_wconf 91' lang='lat' dir='ltr'><strong>de</strong></span> <span class='ocrx_word' id='word_1_280' title='bbox 1785 3677 1893 3718; x_wconf 92' lang='lat' dir='ltr'><strong>uno</strong></span> <span class='ocrx_word' id='word_1_281' title='bbox 1926 3675 2022 3718; x_wconf 90' lang='lat' dir='ltr'><strong>eo-</strong></span> 
     </span>
    </p>
   </div>
   <div class='ocr_carea' id='block_1_42' title="bbox 435 3757 2024 3830">
    <p class='ocr_par' dir='ltr' id='par_1_42' title="bbox 435 3757 2024 3830">
     <span class='ocr_line' id='line_1_42' title="bbox 435 3757 2024 3830; baseline -0.003 -13"><span class='ocrx_word' id='word_1_282' title='bbox 435 3763 670 3830; x_wconf 89' lang='lat' dir='ltr'><strong>demque</strong></span> <span class='ocrx_word' id='word_1_283' title='bbox 709 3774 940 3829; x_wconf 90' lang='lat' dir='ltr'><strong>corpore</strong></span> <span class='ocrx_word' id='word_1_284' title='bbox 995 3768 1265 3828; x_wconf 71' lang='lat' dir='ltr'><strong>aegrotare</strong></span> <span class='ocrx_word' id='word_1_285' title='bbox 1290 3758 1432 3814; x_wconf 91' lang='lat' dir='ltr'><strong>idem</strong></span> <span class='ocrx_word' id='word_1_286' title='bbox 1471 3767 1529 3812; x_wconf 94' lang='lat' dir='ltr'><strong>et</strong></span> <span class='ocrx_word' id='word_1_287' title='bbox 1589 3758 1773 3812; x_wconf 81' lang='lat' dir='ltr'><strong>valere</strong></span> <span class='ocrx_word' id='word_1_288' title='bbox 1839 3757 2024 3813; x_wconf 83' lang='lat' dir='ltr'><strong>dicere</strong></span> 
     </span>
    </p>
   </div>
   <div class='ocr_carea' id='block_1_43' title="bbox 438 3846 2020 3926">
    <p class='ocr_par' dir='ltr' id='par_1_43' title="bbox 438 3846 2020 3926">
     <span class='ocr_line' id='line_1_43' title="bbox 438 3846 2020 3926; baseline -0.006 -15"><span class='ocrx_word' id='word_1_289' title='bbox 438 3869 750 3926; x_wconf 88' lang='lat' dir='ltr'><strong>possumus,</strong></span> <span class='ocrx_word' id='word_1_290' title='bbox 780 3854 1076 3910; x_wconf 86' lang='lat' dir='ltr'><strong>secundum</strong></span> <span class='ocrx_word' id='word_1_291' title='bbox 1110 3851 1273 3906; x_wconf 86' lang='lat' dir='ltr'><strong>aliam</strong></span> <span class='ocrx_word' id='word_1_292' title='bbox 1341 3850 1600 3905; x_wconf 89' lang='lat' dir='ltr'><strong>nimirum</strong></span> <span class='ocrx_word' id='word_1_293' title='bbox 1649 3859 1811 3917; x_wconf 91' lang='lat' dir='ltr'><strong>atque</strong></span> <span class='ocrx_word' id='word_1_294' title='bbox 1857 3846 2020 3902; x_wconf 85' lang='lat' dir='ltr'><strong>aliam</strong></span> 
     </span>
    </p>
   </div>
   <div class='ocr_carea' id='block_1_44' title="bbox 433 3938 2024 4020">
    <p class='ocr_par' dir='ltr' id='par_1_44' title="bbox 433 3938 2024 4020">
     <span class='ocr_line' id='line_1_44' title="bbox 433 3938 2024 4020; baseline -0.006 -15"><span class='ocrx_word' id='word_1_295' title='bbox 433 3953 520 4006; x_wconf 87' lang='lat' dir='ltr'><strong>sui</strong></span> <span class='ocrx_word' id='word_1_296' title='bbox 557 3959 789 4020; x_wconf 86' lang='lat' dir='ltr'><strong>partem.</strong></span> <span class='ocrx_word' id='word_1_297' title='bbox 823 3943 1293 4013; x_wconf 87' lang='lat' dir='ltr'><strong>Quemadmodum</strong></span> <span class='ocrx_word' id='word_1_298' title='bbox 1353 3951 1538 3996; x_wconf 90' lang='lat' dir='ltr'><strong>autem</strong></span> <span class='ocrx_word' id='word_1_299' title='bbox 1602 3938 1840 4010; x_wconf 87' lang='lat' dir='ltr'><strong>aliquem</strong></span> <span class='ocrx_word' id='word_1_300' title='bbox 1899 3939 2024 4009; x_wconf 72' lang='lat' dir='ltr'><strong>igne</strong></span> 
     </span>
    </p>
   </div>
   <div class='ocr_carea' id='block_1_45' title="bbox 436 4037 2022 4113">
    <p class='ocr_par' dir='ltr' id='par_1_45' title="bbox 436 4037 2022 4113">
     <span class='ocr_line' id='line_1_45' title="bbox 436 4037 2022 4113; baseline -0.004 -14"><span class='ocrx_word' id='word_1_301' title='bbox 436 4043 688 4099; x_wconf 83' lang='lat' dir='ltr'><strong>damnari</strong></span> <span class='ocrx_word' id='word_1_302' title='bbox 719 4051 882 4113; x_wconf 83' lang='lat' dir='ltr'><strong>atque</strong></span> <span class='ocrx_word' id='word_1_303' title='bbox 916 4042 1095 4112; x_wconf 91' lang='lat' dir='ltr'><strong>puniri</strong></span> <span class='ocrx_word' id='word_1_304' title='bbox 1135 4042 1389 4106; x_wconf 82' lang='lat' dir='ltr'><strong>dicimus,</strong></span> <span class='ocrx_word' id='word_1_305' title='bbox 1421 4041 1501 4095; x_wconf 89' lang='lat' dir='ltr'><strong>sic</strong></span> <span class='ocrx_word' id='word_1_306' title='bbox 1558 4047 1616 4094; x_wconf 90' lang='lat' dir='ltr'><strong>et</strong></span> <span class='ocrx_word' id='word_1_307' title='bbox 1655 4052 1812 4094; x_wconf 87' lang='lat' dir='ltr'><strong>sacra</strong></span> <span class='ocrx_word' id='word_1_308' title='bbox 1868 4037 2022 4093; x_wconf 91' lang='lat' dir='ltr'><strong>Scri-</strong></span> 
     </span>
    </p>
   </div>
   <div class='ocr_carea' id='block_1_46' title="bbox 439 4130 2020 4205">
    <p class='ocr_par' dir='ltr' id='par_1_46' title="bbox 439 4130 2020 4205">
     <span class='ocr_line' id='line_1_46' title="bbox 439 4130 2020 4205; baseline -0.004 -15"><span class='ocrx_word' id='word_1_309' title='bbox 439 4150 599 4205; x_wconf 82' lang='lat' dir='ltr'><strong>ptura</strong></span> <span class='ocrx_word' id='word_1_310' title='bbox 629 4135 794 4190; x_wconf 88' lang='lat' dir='ltr'><strong>dicit:</strong></span> <span class='ocrx_word' id='word_1_311' title='bbox 827 4133 896 4188; x_wconf 90' lang='lat' dir='ltr'><strong>Ut</strong></span> <span class='ocrx_word' id='word_1_312' title='bbox 906 4134 1220 4204; x_wconf 83' lang='lat' dir='ltr'><strong>judicentur</strong></span> <span class='ocrx_word' id='word_1_313' title='bbox 1257 4149 1437 4187; x_wconf 82' lang='lat' dir='ltr'><strong>carne.</strong></span> <span class='ocrx_word' id='word_1_314' title='bbox 1477 4130 1815 4188; x_wconf 85' lang='lat' dir='ltr'><strong>Gravissima</strong></span> <span class='ocrx_word' id='word_1_315' title='bbox 1874 4131 2020 4186; x_wconf 90' lang='lat' dir='ltr'><strong>enim</strong></span> 
     </span>
    </p>
   </div>
   <div class='ocr_carea' id='block_1_47' title="bbox 438 4221 2022 4299">
    <p class='ocr_par' dir='ltr' id='par_1_47' title="bbox 438 4221 2022 4299">
     <span class='ocr_line' id='line_1_47' title="bbox 438 4221 2022 4299; baseline -0.003 -18"><span class='ocrx_word' id='word_1_316' title='bbox 438 4242 600 4299; x_wconf 62' lang='lat' dir='ltr'><strong>pana</strong></span> <span class='ocrx_word' id='word_1_317' title='bbox 638 4237 723 4282; x_wconf 89' lang='lat' dir='ltr'><strong>est</strong></span> <span class='ocrx_word' id='word_1_318' title='bbox 747 4225 1009 4298; x_wconf 78' lang='lat' dir='ltr'><strong>(maxime</strong></span> <span class='ocrx_word' id='word_1_319' title='bbox 1031 4224 1454 4280; x_wconf 86' lang='lat' dir='ltr'><strong>resurrectionis</strong></span> <span class='ocrx_word' id='word_1_320' title='bbox 1507 4222 1770 4294; x_wconf 89' lang='lat' dir='ltr'><strong>tempore)</strong></span> <span class='ocrx_word' id='word_1_321' title='bbox 1803 4221 2022 4292; x_wconf 89' lang='lat' dir='ltr'><strong>quando</strong></span> 
     </span>
    </p>
   </div>
   <div class='ocr_carea' id='block_1_48' title="bbox 439 4313 2016 4386">
    <p class='ocr_par' dir='ltr' id='par_1_48' title="bbox 439 4313 2016 4386">
     <span class='ocr_line' id='line_1_48' title="bbox 439 4313 2016 4386; baseline -0.004 -12"><span class='ocrx_word' id='word_1_322' title='bbox 439 4336 503 4375; x_wconf 88' lang='lat' dir='ltr'><strong>ea</strong></span> <span class='ocrx_word' id='word_1_323' title='bbox 547 4318 914 4374; x_wconf 82' lang='lat' dir='ltr'><strong>delectatione</strong></span> <span class='ocrx_word' id='word_1_324' title='bbox 946 4315 1305 4386; x_wconf 80' lang='lat' dir='ltr'><strong>perfruuntur</strong></span> <span class='ocrx_word' id='word_1_325' title='bbox 1332 4313 1494 4384; x_wconf 88' lang='lat' dir='ltr'><strong>justi,</strong></span> <span class='ocrx_word' id='word_1_326' title='bbox 1550 4327 1674 4384; x_wconf 70' lang='lat' dir='ltr'><strong>quae</strong></span> <span class='ocrx_word' id='word_1_327' title='bbox 1721 4313 2016 4368; x_wconf 87' lang='lat' dir='ltr'><strong>humanam</strong></span> 
     </span>
    </p>
   </div>
   <div class='ocr_carea' id='block_1_49' title="bbox 2120 443 3700 518">
    <p class='ocr_par' dir='ltr' id='par_1_49' title="bbox 2120 443 3700 518">
     <span class='ocr_line' id='line_1_49' title="bbox 2120 443 3700 518; baseline 0.002 -20"><span class='ocrx_word' id='word_1_328' title='bbox 2120 444 2410 509; x_wconf 79' lang='grc' dir='ltr'><strong>διάπλασις</strong></span> <span class='ocrx_word' id='word_1_329' title='bbox 2428 445 2536 498; x_wconf 91' lang='grc' dir='ltr'><strong>τῶν</strong></span> <span class='ocrx_word' id='word_1_330' title='bbox 2561 444 2909 516; x_wconf 83' lang='grc' dir='ltr'>παραϐολῶν·</span> <span class='ocrx_word' id='word_1_331' title='bbox 2937 445 2998 498; x_wconf 81' lang='grc' dir='ltr'>οὐ</span> <span class='ocrx_word' id='word_1_332' title='bbox 3021 446 3130 517; x_wconf 89' lang='grc' dir='ltr'><strong>γάρ</strong></span> <span class='ocrx_word' id='word_1_333' title='bbox 3153 443 3224 498; x_wconf 80' lang='grc' dir='ltr'>τὰ</span> <span class='ocrx_word' id='word_1_334' title='bbox 3245 445 3509 514; x_wconf 84' lang='grc' dir='ltr'><strong>γεγονότα</strong></span> <span class='ocrx_word' id='word_1_335' title='bbox 3535 445 3700 518; x_wconf 89' lang='grc' dir='ltr'>μόνον</span> 
     </span>
    </p>
   </div>
   <div class='ocr_carea' id='block_1_50' title="bbox 2121 537 3700 609">
    <p class='ocr_par' dir='ltr' id='par_1_50' title="bbox 2121 537 3700 609">
     <span class='ocr_line' id='line_1_50' title="bbox 2121 537 3700 609; baseline 0.001 -19"><span class='ocrx_word' id='word_1_336' title='bbox 2121 537 2531 609; x_wconf 81' lang='grc' dir='ltr'>ἢγενησόμενα</span> <span class='ocrx_word' id='word_1_337' title='bbox 2577 537 3058 609; x_wconf 88' lang='grc' dir='ltr'>διαλαμϐάνουσιν,</span> <span class='ocrx_word' id='word_1_338' title='bbox 3103 537 3242 592; x_wconf 86' lang='grc' dir='ltr'><strong>ἀλλά</strong></span> <span class='ocrx_word' id='word_1_339' title='bbox 3286 537 3383 592; x_wconf 79' lang='grc' dir='ltr'>καὶ</span> <span class='ocrx_word' id='word_1_340' title='bbox 3420 537 3456 592; x_wconf 76' lang='grc' dir='ltr'>ἃ</span> <span class='ocrx_word' id='word_1_341' title='bbox 3501 538 3568 592; x_wconf 77' lang='grc' dir='ltr'>ἄν</span> <span class='ocrx_word' id='word_1_342' title='bbox 3614 556 3700 604; x_wconf 89' lang='grc' dir='ltr'><strong>τις</strong></span> 
     </span>
    </p>
   </div>
   <div class='ocr_carea' id='block_1_51' title="bbox 2123 630 3701 702">
    <p class='ocr_par' dir='ltr' id='par_1_51' title="bbox 2123 630 3701 702">
     <span class='ocr_line' id='line_1_51' title="bbox 2123 630 3701 702; baseline -0.001 -18"><span class='ocrx_word' id='word_1_343' title='bbox 2123 631 2572 702; x_wconf 84' lang='grc' dir='ltr'>συνυφηνάμενος</span> <span class='ocrx_word' id='word_1_344' title='bbox 2595 631 2991 702; x_wconf 72' lang='grc' dir='ltr'><strong>ἐναργέστερον</strong></span> <span class='ocrx_word' id='word_1_345' title='bbox 3027 630 3208 684; x_wconf 79' lang='grc' dir='ltr'>αὑτῶν</span> <span class='ocrx_word' id='word_1_346' title='bbox 3233 630 3294 683; x_wconf 86' lang='grc' dir='ltr'><strong>τδ</strong></span> <span class='ocrx_word' id='word_1_347' title='bbox 3329 630 3701 702; x_wconf 82' lang='grc' dir='ltr'>καταπληκτι-</span> 
     </span>
    </p>
   </div>
   <div class='ocr_carea' id='block_1_52' title="bbox 2121 721 3702 794">
    <p class='ocr_par' dir='ltr' id='par_1_52' title="bbox 2121 721 3702 794">
     <span class='ocr_line' id='line_1_52' title="bbox 2121 721 3702 794; baseline -0.002 -17"><span class='ocrx_word' id='word_1_348' title='bbox 2121 723 2218 778; x_wconf 80' lang='grc' dir='ltr'>κὸν</span> <span class='ocrx_word' id='word_1_349' title='bbox 2243 722 2275 794; x_wconf 79' lang='grc' dir='ltr'><strong>ἢ</strong></span> <span class='ocrx_word' id='word_1_350' title='bbox 2314 724 2375 777; x_wconf 86' lang='grc' dir='ltr'>τὸ</span> <span class='ocrx_word' id='word_1_351' title='bbox 2403 721 2596 794; x_wconf 85' lang='grc' dir='ltr'>ήδῦνον</span> <span class='ocrx_word' id='word_1_352' title='bbox 2620 722 2654 794; x_wconf 77' lang='grc' dir='ltr'>ἢ</span> <span class='ocrx_word' id='word_1_353' title='bbox 2679 723 2740 776; x_wconf 81' lang='grc' dir='ltr'>τὸ</span> <span class='ocrx_word' id='word_1_354' title='bbox 2763 722 3056 776; x_wconf 89' lang='grc' dir='ltr'>ἀκόλουθον</span> <span class='ocrx_word' id='word_1_355' title='bbox 3093 721 3126 794; x_wconf 81' lang='grc' dir='ltr'>ἢ</span> <span class='ocrx_word' id='word_1_356' title='bbox 3161 722 3345 786; x_wconf 89' lang='grc' dir='ltr'>ἀπλῶς</span> <span class='ocrx_word' id='word_1_357' title='bbox 3372 721 3436 775; x_wconf 78' lang='grc' dir='ltr'>τὸ</span> <span class='ocrx_word' id='word_1_358' title='bbox 3465 722 3702 792; x_wconf 66' lang='grc' dir='ltr'>εὐπάρε-</span> 
     </span>
    </p>
   </div>
   <div class='ocr_carea' id='block_1_53' title="bbox 2120 814 3702 890">
    <p class='ocr_par' dir='ltr' id='par_1_53' title="bbox 2120 814 3702 890">
     <span class='ocr_line' id='line_1_53' title="bbox 2120 814 3702 890; baseline -0.001 -21"><span class='ocrx_word' id='word_1_359' title='bbox 2120 816 2209 870; x_wconf 88' lang='grc' dir='ltr'><strong>δον</strong></span> <span class='ocrx_word' id='word_1_360' title='bbox 2237 819 2583 890; x_wconf 81' lang='grc' dir='ltr'>παραστήσει</span> <span class='ocrx_word' id='word_1_361' title='bbox 2619 817 2718 870; x_wconf 74' lang='grc' dir='ltr'>καὶ</span> <span class='ocrx_word' id='word_1_362' title='bbox 2745 816 3039 886; x_wconf 72' lang='grc' dir='ltr'>ὠφέλιμον.</span> <span class='ocrx_word' id='word_1_363' title='bbox 3087 815 3197 870; x_wconf 78' lang='grc' dir='ltr'><strong>Καὶ</strong></span> <span class='ocrx_word' id='word_1_364' title='bbox 3232 814 3342 868; x_wconf 89' lang='grc' dir='ltr'><strong>τῶν</strong></span> <span class='ocrx_word' id='word_1_365' title='bbox 3392 821 3440 886; x_wconf 83' lang='grc' dir='ltr'>ρ’</span> <span class='ocrx_word' id='word_1_366' title='bbox 3484 814 3540 869; x_wconf 75' lang='grc' dir='ltr'>δὲ</span> <span class='ocrx_word' id='word_1_367' title='bbox 3567 833 3702 886; x_wconf 82' lang='grc' dir='ltr'>προ-</span> 
     </span>
    </p>
   </div>
   <div class='ocr_carea' id='block_1_54' title="bbox 2121 906 3701 980">
    <p class='ocr_par' dir='ltr' id='par_1_54' title="bbox 2121 906 3701 980">
     <span class='ocr_line' id='line_1_54' title="bbox 2121 906 3701 980; baseline -0.002 -20"><span class='ocrx_word' id='word_1_368' title='bbox 2121 907 2304 963; x_wconf 86' lang='grc' dir='ltr'>ϐάτων</span> <span class='ocrx_word' id='word_1_369' title='bbox 2331 908 2432 980; x_wconf 77' lang='grc' dir='ltr'>τὴν</span> <span class='ocrx_word' id='word_1_370' title='bbox 2461 907 2780 980; x_wconf 84' lang='grc' dir='ltr'>παραϐολὴν</span> <span class='ocrx_word' id='word_1_371' title='bbox 2812 909 2893 971; x_wconf 81' lang='grc' dir='ltr'><strong>είς</strong></span> <span class='ocrx_word' id='word_1_372' title='bbox 2925 924 2990 960; x_wconf 90' lang='grc' dir='ltr'><strong>τε</strong></span> <span class='ocrx_word' id='word_1_373' title='bbox 3016 909 3144 970; x_wconf 82' lang='grc' dir='ltr'>τοὺς</span> <span class='ocrx_word' id='word_1_374' title='bbox 3170 906 3437 976; x_wconf 84' lang='grc' dir='ltr'>ἀγγέλους</span> <span class='ocrx_word' id='word_1_375' title='bbox 3477 907 3571 960; x_wconf 75' lang='grc' dir='ltr'>καὶ</span> <span class='ocrx_word' id='word_1_376' title='bbox 3601 906 3701 976; x_wconf 75' lang='grc' dir='ltr'>τὴν</span> 
     </span>
    </p>
   </div>
   <div class='ocr_carea' id='block_1_55' title="bbox 2121 998 3701 1074">
    <p class='ocr_par' dir='ltr' id='par_1_55' title="bbox 2121 998 3701 1074">
     <span class='ocr_line' id='line_1_55' title="bbox 2121 998 3701 1074; baseline -0.007 -16"><span class='ocrx_word' id='word_1_377' title='bbox 2121 1003 2470 1074; x_wconf 78' lang='grc' dir='ltr'>ἀνθρωπίνην</span> <span class='ocrx_word' id='word_1_378' title='bbox 2495 1001 2760 1073; x_wconf 82' lang='grc' dir='ltr'>ἀναφέρει</span> <span class='ocrx_word' id='word_1_379' title='bbox 2784 1001 2966 1070; x_wconf 87' lang='grc' dir='ltr'>φύσιν.</span> <span class='ocrx_word' id='word_1_380' title='bbox 2995 998 3344 1070; x_wconf 72' lang='grc' dir='ltr'><strong>Μνημονεύει</strong></span> <span class='ocrx_word' id='word_1_381' title='bbox 3367 998 3426 1054; x_wconf 81' lang='grc' dir='ltr'>δὲ</span> <span class='ocrx_word' id='word_1_382' title='bbox 3453 999 3701 1070; x_wconf 71' lang='grc' dir='ltr'>περὶτῆς</span> 
     </span>
    </p>
   </div>
   <div class='ocr_carea' id='block_1_56' title="bbox 2122 1087 3702 1165">
    <p class='ocr_par' dir='ltr' id='par_1_56' title="bbox 2122 1087 3702 1165">
     <span class='ocr_line' id='line_1_56' title="bbox 2122 1087 3702 1165; baseline -0.006 -17"><span class='ocrx_word' id='word_1_383' title='bbox 2122 1093 2437 1165; x_wconf 82' lang='grc' dir='ltr'>παραϐολῆς</span> <span class='ocrx_word' id='word_1_384' title='bbox 2469 1092 2563 1146; x_wconf 90' lang='grc' dir='ltr'><strong>τοῦ</strong></span> <span class='ocrx_word' id='word_1_385' title='bbox 2613 1091 2824 1145; x_wconf 81' lang='grc' dir='ltr'>ἀσώτου</span> <span class='ocrx_word' id='word_1_386' title='bbox 2874 1092 2968 1144; x_wconf 76' lang='grc' dir='ltr'>καὶ</span> <span class='ocrx_word' id='word_1_387' title='bbox 3011 1090 3217 1160; x_wconf 78' lang='grc' dir='ltr'>ἑτέρων</span> <span class='ocrx_word' id='word_1_388' title='bbox 3258 1089 3421 1143; x_wconf 89' lang='grc' dir='ltr'>τινῶν</span> <span class='ocrx_word' id='word_1_389' title='bbox 3462 1087 3702 1142; x_wconf 66' lang='grc' dir='ltr'>ἀναπτέ-</span> 
     </span>
    </p>
   </div>
   <div class='ocr_carea' id='block_1_57' title="bbox 2121 1177 3702 1256">
    <p class='ocr_par' dir='ltr' id='par_1_57' title="bbox 2121 1177 3702 1256">
     <span class='ocr_line' id='line_1_57' title="bbox 2121 1177 3702 1256; baseline -0.003 -20"><span class='ocrx_word' id='word_1_390' title='bbox 2121 1184 2282 1252; x_wconf 82' lang='grc' dir='ltr'>ξεων,</span> <span class='ocrx_word' id='word_1_391' title='bbox 2309 1177 2388 1238; x_wconf 83' lang='grc' dir='ltr'>ὧν</span> <span class='ocrx_word' id='word_1_392' title='bbox 2415 1183 2515 1252; x_wconf 83' lang='grc' dir='ltr'>τὴν</span> <span class='ocrx_word' id='word_1_393' title='bbox 2545 1183 2951 1256; x_wconf 82' lang='grc' dir='ltr'>προειρημένην</span> <span class='ocrx_word' id='word_1_394' title='bbox 2980 1182 3210 1236; x_wconf 85' lang='grc' dir='ltr'>ἀπασῶν</span> <span class='ocrx_word' id='word_1_395' title='bbox 3242 1181 3550 1253; x_wconf 87' lang='grc' dir='ltr'>προκρίνει,</span> <span class='ocrx_word' id='word_1_396' title='bbox 3578 1181 3702 1232; x_wconf 84' lang='grc' dir='ltr'>πολ-</span> 
     </span>
    </p>
   </div>
   <div class='ocr_carea' id='block_1_58' title="bbox 2120 1271 3701 1346">
    <p class='ocr_par' dir='ltr' id='par_1_58' title="bbox 2120 1271 3701 1346">
     <span class='ocr_line' id='line_1_58' title="bbox 2120 1271 3701 1346; baseline -0.001 -20"><span class='ocrx_word' id='word_1_397' title='bbox 2120 1273 2233 1336; x_wconf 87' lang='grc' dir='ltr'>λοῖς</span> <span class='ocrx_word' id='word_1_398' title='bbox 2254 1273 2424 1345; x_wconf 74' lang='grc' dir='ltr'>αὐτὴν</span> <span class='ocrx_word' id='word_1_399' title='bbox 2446 1271 2492 1305; x_wconf 75' lang='grc'><strong>⁸³</strong></span> <span class='ocrx_word' id='word_1_400' title='bbox 2532 1273 2850 1346; x_wconf 86' lang='grc' dir='ltr'>συγκροτῶν</span> <span class='ocrx_word' id='word_1_401' title='bbox 2877 1274 3279 1344; x_wconf 84' lang='grc' dir='ltr'>ἀγωνίσμασιν.</span> <span class='ocrx_word' id='word_1_402' title='bbox 3324 1272 3486 1326; x_wconf 84' lang='grc' dir='ltr'>Ἀλλά</span> <span class='ocrx_word' id='word_1_403' title='bbox 3527 1271 3701 1326; x_wconf 88' lang='grc' dir='ltr'>ταῦτα</span> 
     </span>
    </p>
   </div>
   <div class='ocr_carea' id='block_1_59' title="bbox 2123 1365 3556 1439">
    <p class='ocr_par' dir='ltr' id='par_1_59' title="bbox 2123 1365 3556 1439">
     <span class='ocr_line' id='line_1_59' title="bbox 2123 1365 3556 1439; baseline -0.001 -19"><span class='ocrx_word' id='word_1_404' title='bbox 2123 1366 2225 1437; x_wconf 74' lang='grc' dir='ltr'>μὲν</span> <span class='ocrx_word' id='word_1_405' title='bbox 2255 1366 2406 1439; x_wconf 83' lang='grc' dir='ltr'>αὐτῷ</span> <span class='ocrx_word' id='word_1_406' title='bbox 2434 1365 2528 1421; x_wconf 80' lang='grc' dir='ltr'>καὶ</span> <span class='ocrx_word' id='word_1_407' title='bbox 2558 1367 2618 1420; x_wconf 82' lang='grc' dir='ltr'>τὸ</span> <span class='ocrx_word' id='word_1_408' title='bbox 2645 1366 2690 1432; x_wconf 80' lang='grc' dir='ltr'><strong>ζ’</strong></span> <span class='ocrx_word' id='word_1_409' title='bbox 2717 1368 2812 1422; x_wconf 74' lang='grc' dir='ltr'>καὶ</span> <span class='ocrx_word' id='word_1_410' title='bbox 2837 1365 2883 1422; x_wconf 82' lang='grc' dir='ltr'>λ’</span> <span class='ocrx_word' id='word_1_411' title='bbox 2913 1366 3206 1431; x_wconf 76' lang='grc' dir='ltr'>σπουδάζει</span> <span class='ocrx_word' id='word_1_412' title='bbox 3239 1366 3556 1437; x_wconf 85' lang='grc' dir='ltr'>κεφάλαιο..</span> 
     </span>
    </p>
   </div>
   <div class='ocr_carea' id='block_1_60' title="bbox 2193 1541 3704 1615">
    <p class='ocr_par' dir='ltr' id='par_1_60' title="bbox 2193 1541 3704 1615">
     <span class='ocr_line' id='line_1_60' title="bbox 2193 1541 3704 1615; baseline 0.001 -21"><span class='ocrx_word' id='word_1_413' title='bbox 2193 1542 2268 1596; x_wconf 80' lang='grc' dir='ltr'>Τὸ</span> <span class='ocrx_word' id='word_1_414' title='bbox 2297 1542 2355 1597; x_wconf 86' lang='grc' dir='ltr'>δὲ</span> <span class='ocrx_word' id='word_1_415' title='bbox 2390 1541 2472 1614; x_wconf 86' lang='grc' dir='ltr'>λη’</span> <span class='ocrx_word' id='word_1_416' title='bbox 2505 1541 2678 1615; x_wconf 81' lang='grc' dir='ltr'>ζητεῖ,</span> <span class='ocrx_word' id='word_1_417' title='bbox 2723 1543 2858 1612; x_wconf 83' lang='grc' dir='ltr'>Πῶς</span> <span class='ocrx_word' id='word_1_418' title='bbox 2887 1543 3041 1613; x_wconf 75' lang='grc' dir='ltr'>ὑπὲρ</span> <span class='ocrx_word' id='word_1_419' title='bbox 3100 1543 3346 1598; x_wconf 79' lang='grc' dir='ltr'>πάντων</span> <span class='ocrx_word' id='word_1_420' title='bbox 3375 1542 3704 1598; x_wconf 76' lang='grc' dir='ltr'>ἀποθανεῖν</span> 
     </span>
    </p>
   </div>
   <div class='ocr_carea' id='block_1_61' title="bbox 2123 1633 3701 1708">
    <p class='ocr_par' dir='ltr' id='par_1_61' title="bbox 2123 1633 3701 1708">
     <span class='ocr_line' id='line_1_61' title="bbox 2123 1633 3701 1708; baseline 0 -22"><span class='ocrx_word' id='word_1_421' title='bbox 2123 1633 2254 1707; x_wconf 68' lang='grc'><strong>[550</strong></span> <span class='ocrx_word' id='word_1_422' title='bbox 2301 1633 2396 1706; x_wconf 68' lang='grc'><strong>[1.]</strong></span> <span class='ocrx_word' id='word_1_423' title='bbox 2456 1633 2696 1704; x_wconf 76' lang='grc' dir='ltr'>λέγεται</span> <span class='ocrx_word' id='word_1_424' title='bbox 2743 1638 2778 1689; x_wconf 81' lang='grc' dir='ltr'><em>ὁ</em></span> <span class='ocrx_word' id='word_1_425' title='bbox 2831 1635 3112 1708; x_wconf 80' lang='grc' dir='ltr'>Χριστὸς,</span> <span class='ocrx_word' id='word_1_426' title='bbox 3160 1633 3420 1702; x_wconf 77' lang='grc' dir='ltr'>πολλαῖς</span> <span class='ocrx_word' id='word_1_427' title='bbox 3466 1633 3701 1705; x_wconf 75' lang='grc' dir='ltr'>γενεαῖς</span> 
     </span>
    </p>
   </div>
   <div class='ocr_carea' id='block_1_62' title="bbox 2121 1723 3701 1801">
    <p class='ocr_par' dir='ltr' id='par_1_62' title="bbox 2121 1723 3701 1801">
     <span class='ocr_line' id='line_1_62' title="bbox 2121 1723 3701 1801; baseline -0.001 -19"><span class='ocrx_word' id='word_1_428' title='bbox 2121 1729 2398 1796; x_wconf 83' lang='grc' dir='ltr'>ὕστερον,</span> <span class='ocrx_word' id='word_1_429' title='bbox 2434 1727 2534 1798; x_wconf 74' lang='grc' dir='ltr'>ἀφ’</span> <span class='ocrx_word' id='word_1_430' title='bbox 2566 1723 2639 1784; x_wconf 83' lang='grc' dir='ltr'>οὗ</span> <span class='ocrx_word' id='word_1_431' title='bbox 2666 1729 2899 1798; x_wconf 83' lang='grc' dir='ltr'>μυρίων</span> <span class='ocrx_word' id='word_1_432' title='bbox 2929 1729 3102 1801; x_wconf 76' lang='grc' dir='ltr'>γένος</span> <span class='ocrx_word' id='word_1_433' title='bbox 3138 1731 3464 1799; x_wconf 78' lang='grc' dir='ltr'>ἀνθρώπων</span> <span class='ocrx_word' id='word_1_434' title='bbox 3494 1729 3612 1798; x_wconf 71' lang='grc' dir='ltr'>ἔφυ</span> <span class='ocrx_word' id='word_1_435' title='bbox 3637 1745 3701 1782; x_wconf 80' lang='grc' dir='ltr'><strong>τε</strong></span> 
     </span>
    </p>
   </div>
   <div class='ocr_carea' id='block_1_63' title="bbox 2121 1822 3704 1894">
    <p class='ocr_par' dir='ltr' id='par_1_63' title="bbox 2121 1822 3704 1894">
     <span class='ocr_line' id='line_1_63' title="bbox 2121 1822 3704 1894; baseline 0.011 -16"><span class='ocrx_word' id='word_1_436' title='bbox 2121 1823 2222 1878; x_wconf 80' lang='grc' dir='ltr'><strong>καί</strong></span> <span class='ocrx_word' id='word_1_437' title='bbox 2248 1824 2470 1878; x_wconf 80' lang='grc' dir='ltr'>κατέδυ</span> <span class='ocrx_word' id='word_1_438' title='bbox 2495 1822 2577 1890; x_wconf 85' lang='grc' dir='ltr'>τῷ</span> <span class='ocrx_word' id='word_1_439' title='bbox 2615 1825 2868 1890; x_wconf 85' lang='grc' dir='ltr'>θανάτῳ,</span> <span class='ocrx_word' id='word_1_440' title='bbox 2897 1824 3010 1894; x_wconf 83' lang='grc' dir='ltr'>τῆς</span> <span class='ocrx_word' id='word_1_441' title='bbox 3036 1823 3187 1880; x_wconf 82' lang='grc' dir='ltr'>κατὰ</span> <span class='ocrx_word' id='word_1_442' title='bbox 3206 1825 3314 1879; x_wconf 92' lang='grc' dir='ltr'>τὸν</span> <span class='ocrx_word' id='word_1_443' title='bbox 3335 1823 3581 1894; x_wconf 83' lang='grc' dir='ltr'>Σωτῆρα</span> <span class='ocrx_word' id='word_1_444' title='bbox 3611 1841 3704 1894; x_wconf 59' lang='grc' dir='ltr'><strong>τίδ’</strong></span> 
     </span>
    </p>
   </div>
   <div class='ocr_carea' id='block_1_64' title="bbox 2120 1913 3700 1985">
    <p class='ocr_par' dir='ltr' id='par_1_64' title="bbox 2120 1913 3700 1985">
     <span class='ocr_line' id='line_1_64' title="bbox 2120 1913 3700 1985; baseline -0.005 -12"><span class='ocrx_word' id='word_1_445' title='bbox 2120 1914 2456 1984; x_wconf 74' lang='grc' dir='ltr'>γεντυιένης</span> <span class='ocrx_word' id='word_1_446' title='bbox 2483 1916 2824 1985; x_wconf 73' lang='grc' dir='ltr'>οἰκονομίας</span> <span class='ocrx_word' id='word_1_447' title='bbox 2849 1932 2870 1983; x_wconf 87' lang='lat'><strong><em>;</em></strong></span> <span class='ocrx_word' id='word_1_448' title='bbox 2907 1915 3020 1969; x_wconf 76' lang='grc' dir='ltr'><strong>Καὶ</strong></span> <span class='ocrx_word' id='word_1_449' title='bbox 3047 1915 3326 1970; x_wconf 83' lang='grc' dir='ltr'>ὲπιλύεται</span> <span class='ocrx_word' id='word_1_450' title='bbox 3362 1913 3424 1968; x_wconf 82' lang='grc' dir='ltr'>τὸ</span> <span class='ocrx_word' id='word_1_451' title='bbox 3445 1914 3667 1985; x_wconf 81' lang='grc' dir='ltr'>ζήτημα</span> <span class='ocrx_word' id='word_1_452' title='bbox 3685 1956 3700 1979; x_wconf 90' lang='grc'><strong>,</strong></span> 
     </span>
    </p>
   </div>
   <div class='ocr_carea' id='block_1_65' title="bbox 2120 2006 3704 2080">
    <p class='ocr_par' dir='ltr' id='par_1_65' title="bbox 2120 2006 3704 2080">
     <span class='ocr_line' id='line_1_65' title="bbox 2120 2006 3704 2080; baseline -0.001 -20"><span class='ocrx_word' id='word_1_453' title='bbox 2120 2007 2197 2072; x_wconf 81' lang='grc' dir='ltr'><strong>ὡς</strong></span> <span class='ocrx_word' id='word_1_454' title='bbox 2231 2006 2499 2080; x_wconf 88' lang='grc' dir='ltr'>πολλαχοῦ</span> <span class='ocrx_word' id='word_1_455' title='bbox 2515 2007 2950 2080; x_wconf 85' lang='grc' dir='ltr'>διαμαρτύρεται</span> <span class='ocrx_word' id='word_1_456' title='bbox 2974 2009 3007 2076; x_wconf 81' lang='grc' dir='ltr'><strong>ἡ</strong></span> <span class='ocrx_word' id='word_1_457' title='bbox 3034 2007 3246 2079; x_wconf 85' lang='grc' dir='ltr'>Γραφὴ,</span> <span class='ocrx_word' id='word_1_458' title='bbox 3275 2007 3335 2060; x_wconf 84' lang='grc' dir='ltr'>ὃν</span> <span class='ocrx_word' id='word_1_459' title='bbox 3361 2008 3568 2075; x_wconf 79' lang='grc' dir='ltr'>τρόπον</span> <span class='ocrx_word' id='word_1_460' title='bbox 3589 2011 3704 2071; x_wconf 82' lang='grc' dir='ltr'>τοῖς</span> 
     </span>
    </p>
   </div>
   <div class='ocr_carea' id='block_1_66' title="bbox 2118 2099 3704 2172">
    <p class='ocr_par' dir='ltr' id='par_1_66' title="bbox 2118 2099 3704 2172">
     <span class='ocr_line' id='line_1_66' title="bbox 2118 2099 3704 2172; baseline -0.001 -19"><span class='ocrx_word' id='word_1_461' title='bbox 2118 2101 2374 2172; x_wconf 84' lang='grc' dir='ltr'>τηνικάδε</span> <span class='ocrx_word' id='word_1_462' title='bbox 2423 2099 2596 2168; x_wconf 81' lang='grc' dir='ltr'>ζῶσι,</span> <span class='ocrx_word' id='word_1_463' title='bbox 2638 2101 2731 2153; x_wconf 75' lang='grc' dir='ltr'><strong>τὸν</strong></span> <span class='ocrx_word' id='word_1_464' title='bbox 2783 2100 2945 2154; x_wconf 79' lang='grc' dir='ltr'>αὑτὸν</span> <span class='ocrx_word' id='word_1_465' title='bbox 3003 2100 3104 2154; x_wconf 76' lang='grc' dir='ltr'>καὶ</span> <span class='ocrx_word' id='word_1_466' title='bbox 3150 2102 3262 2163; x_wconf 82' lang='grc' dir='ltr'>τοῖς</span> <span class='ocrx_word' id='word_1_467' title='bbox 3305 2102 3366 2154; x_wconf 73' lang='grc' dir='ltr'>ἐν</span> <span class='ocrx_word' id='word_1_468' title='bbox 3414 2099 3580 2171; x_wconf 72' lang='grc' dir='ltr'>ᾍδου</span> <span class='ocrx_word' id='word_1_469' title='bbox 3617 2099 3704 2152; x_wconf 73' lang='grc' dir='ltr'>διὰ</span> 
     </span>
    </p>
   </div>
   <div class='ocr_carea' id='block_1_67' title="bbox 2120 2190 3702 2264">
    <p class='ocr_par' dir='ltr' id='par_1_67' title="bbox 2120 2190 3702 2264">
     <span class='ocr_line' id='line_1_67' title="bbox 2120 2190 3702 2264; baseline -0.002 -19"><span class='ocrx_word' id='word_1_470' title='bbox 2120 2191 2356 2264; x_wconf 81' lang='grc' dir='ltr'>Χριστοῦ</span> <span class='ocrx_word' id='word_1_471' title='bbox 2381 2191 2482 2264; x_wconf 80' lang='grc' dir='ltr'><strong>τὴν</strong></span> <span class='ocrx_word' id='word_1_472' title='bbox 2509 2192 2892 2264; x_wconf 80' lang='grc' dir='ltr'>ἀπολύτρωσιν</span> <span class='ocrx_word' id='word_1_473' title='bbox 2922 2192 3354 2262; x_wconf 82' lang='grc' dir='ltr'>παραγενέσθαι.</span> <span class='ocrx_word' id='word_1_474' title='bbox 3391 2191 3558 2259; x_wconf 79' lang='grc' dir='ltr'>Λέγει</span> <span class='ocrx_word' id='word_1_475' title='bbox 3591 2190 3702 2261; x_wconf 81' lang='grc' dir='ltr'>γὰρ</span> 
     </span>
    </p>
   </div>
   <div class='ocr_carea' id='block_1_68' title="bbox 2119 2284 3705 2357">
    <p class='ocr_par' dir='ltr' id='par_1_68' title="bbox 2119 2284 3705 2357">
     <span class='ocr_line' id='line_1_68' title="bbox 2119 2284 3705 2357; baseline -0.003 -16"><span class='ocrx_word' id='word_1_476' title='bbox 2119 2289 2148 2341; x_wconf 88' lang='grc' dir='ltr'><strong>ὁ</strong></span> <span class='ocrx_word' id='word_1_477' title='bbox 2172 2285 2282 2340; x_wconf 89' lang='grc' dir='ltr'><strong>τῶν</strong></span> <span class='ocrx_word' id='word_1_478' title='bbox 2308 2284 2565 2357; x_wconf 82' lang='grc' dir='ltr'>μαθητῶν</span> <span class='ocrx_word' id='word_1_479' title='bbox 2584 2287 2900 2356; x_wconf 85' lang='grc' dir='ltr'>κορυφαῖος,</span> <span class='ocrx_word' id='word_1_480' title='bbox 2923 2285 3027 2351; x_wconf 81' lang='grc' dir='ltr'>Είς</span> <span class='ocrx_word' id='word_1_481' title='bbox 3043 2284 3222 2340; x_wconf 89' lang='grc' dir='ltr'>τοῦτο</span> <span class='ocrx_word' id='word_1_482' title='bbox 3241 2285 3288 2316; x_wconf 80' lang='grc' dir='ltr'><strong>⁸ο</strong></span> <span class='ocrx_word' id='word_1_483' title='bbox 3311 2284 3422 2354; x_wconf 77' lang='grc' dir='ltr'>γὰρ</span> <span class='ocrx_word' id='word_1_484' title='bbox 3438 2284 3705 2339; x_wconf 79' lang='grc' dir='ltr'>ἀπέθανε</span> 
     </span>
    </p>
   </div>
   <div class='ocr_carea' id='block_1_69' title="bbox 2121 2374 3701 2445">
    <p class='ocr_par' dir='ltr' id='par_1_69' title="bbox 2121 2374 3701 2445">
     <span class='ocr_line' id='line_1_69' title="bbox 2121 2374 3701 2445; baseline 0 -14"><span class='ocrx_word' id='word_1_485' title='bbox 2121 2376 2221 2432; x_wconf 79' lang='grc' dir='ltr'><strong>καί</strong></span> <span class='ocrx_word' id='word_1_486' title='bbox 2251 2375 2500 2445; x_wconf 82' lang='grc' dir='ltr'>ἀνέστη,</span> <span class='ocrx_word' id='word_1_487' title='bbox 2524 2376 2626 2430; x_wconf 77' lang='grc' dir='ltr'>ἵνα</span> <span class='ocrx_word' id='word_1_488' title='bbox 2640 2374 2738 2429; x_wconf 79' lang='grc' dir='ltr'><strong>καί</strong></span> <span class='ocrx_word' id='word_1_489' title='bbox 2761 2375 2994 2444; x_wconf 70' lang='grc' dir='ltr'>νεκρῶν</span> <span class='ocrx_word' id='word_1_490' title='bbox 3013 2377 3111 2430; x_wconf 78' lang='grc' dir='ltr'><strong>καί</strong></span> <span class='ocrx_word' id='word_1_491' title='bbox 3135 2374 3366 2437; x_wconf 79' lang='grc' dir='ltr'>ζώντων</span> <span class='ocrx_word' id='word_1_492' title='bbox 3388 2376 3701 2445; x_wconf 72' lang='grc' dir='ltr'>κυριεύσῃ.</span> 
     </span>
    </p>
   </div>
   <div class='ocr_carea' id='block_1_70' title="bbox 2121 2465 3706 2537">
    <p class='ocr_par' dir='ltr' id='par_1_70' title="bbox 2121 2465 3706 2537">
     <span class='ocr_line' id='line_1_70' title="bbox 2121 2465 3706 2537; baseline -0.002 -15"><span class='ocrx_word' id='word_1_493' title='bbox 2121 2467 2236 2522; x_wconf 76' lang='grc' dir='ltr'><strong>Καὶ</strong></span> <span class='ocrx_word' id='word_1_494' title='bbox 2267 2467 2453 2522; x_wconf 83' lang='grc' dir='ltr'>πάλιν·</span> <span class='ocrx_word' id='word_1_495' title='bbox 2487 2467 2616 2534; x_wconf 86' lang='grc' dir='ltr'><strong>Τοῖς</strong></span> <span class='ocrx_word' id='word_1_496' title='bbox 2638 2467 2684 2500; x_wconf 79' lang='grc'><strong>⁸⁸</strong></span> <span class='ocrx_word' id='word_1_497' title='bbox 2718 2468 2788 2522; x_wconf 75' lang='grc' dir='ltr'>ἐν</span> <span class='ocrx_word' id='word_1_498' title='bbox 2808 2465 3056 2537; x_wconf 75' lang='grc' dir='ltr'>φυλακῇ</span> <span class='ocrx_word' id='word_1_499' title='bbox 3098 2467 3414 2536; x_wconf 81' lang='grc' dir='ltr'>πορευθείς</span> <span class='ocrx_word' id='word_1_500' title='bbox 3444 2467 3706 2534; x_wconf 77' lang='grc' dir='ltr'><strong>ἐκήρυξε</strong></span> 
     </span>
    </p>
   </div>
   <div class='ocr_carea' id='block_1_71' title="bbox 2121 2556 3705 2629">
    <p class='ocr_par' dir='ltr' id='par_1_71' title="bbox 2121 2556 3705 2629">
     <span class='ocr_line' id='line_1_71' title="bbox 2121 2556 3705 2629; baseline -0.002 -16"><span class='ocrx_word' id='word_1_501' title='bbox 2121 2560 2490 2629; x_wconf 74' lang='grc' dir='ltr'>πνεύμασιν,</span> <span class='ocrx_word' id='word_1_502' title='bbox 2527 2560 2628 2613; x_wconf 83' lang='grc' dir='ltr'>ἵνα</span> <span class='ocrx_word' id='word_1_503' title='bbox 2657 2561 2702 2593; x_wconf 78' lang='grc'><strong>⁸⁸</strong></span> <span class='ocrx_word' id='word_1_504' title='bbox 2767 2558 3013 2629; x_wconf 81' lang='grc' dir='ltr'>κριθῶσι</span> <span class='ocrx_word' id='word_1_505' title='bbox 3041 2559 3159 2628; x_wconf 74' lang='grc' dir='ltr'>μὲν</span> <span class='ocrx_word' id='word_1_506' title='bbox 3199 2559 3404 2628; x_wconf 74' lang='grc' dir='ltr'>σαρκὶ,</span> <span class='ocrx_word' id='word_1_507' title='bbox 3449 2556 3590 2620; x_wconf 72' lang='grc' dir='ltr'>ζῶσι</span> <span class='ocrx_word' id='word_1_508' title='bbox 3637 2557 3705 2611; x_wconf 77' lang='grc' dir='ltr'>δὲ</span> 
     </span>
    </p>
   </div>
   <div class='ocr_carea' id='block_1_72' title="bbox 2121 2626 3705 2723">
    <p class='ocr_par' dir='ltr' id='par_1_72' title="bbox 2121 2626 3705 2723">
     <span class='ocr_line' id='line_1_72' title="bbox 2121 2626 3705 2723; baseline 0.001 -21"><span class='ocrx_word' id='word_1_509' title='bbox 2121 2651 2438 2720; x_wconf 83' lang='grc' dir='ltr'>πνεύματι,</span> <span class='ocrx_word' id='word_1_510' title='bbox 2466 2653 2766 2713; x_wconf 82' lang='grc' dir='ltr'>τουτέστιν,</span> <span class='ocrx_word' id='word_1_511' title='bbox 2808 2626 2955 2715; x_wconf 72' lang='grc' dir='ltr'>ὅπως</span> <span class='ocrx_word' id='word_1_512' title='bbox 2985 2653 3036 2704; x_wconf 82' lang='lat' dir='ltr'><strong>oi</strong></span> <span class='ocrx_word' id='word_1_513' title='bbox 3073 2652 3174 2723; x_wconf 80' lang='grc' dir='ltr'>μὲν</span> <span class='ocrx_word' id='word_1_514' title='bbox 3205 2653 3426 2707; x_wconf 79' lang='grc' dir='ltr'>ἄπιστοι</span> <span class='ocrx_word' id='word_1_515' title='bbox 3475 2653 3572 2705; x_wconf 75' lang='grc' dir='ltr'>καὶ</span> <span class='ocrx_word' id='word_1_516' title='bbox 3618 2651 3705 2704; x_wconf 82' lang='grc' dir='ltr'><strong>διὰ</strong></span> 
     </span>
    </p>
   </div>
   <div class='ocr_carea' id='block_1_73' title="bbox 2121 2744 3704 2818">
    <p class='ocr_par' dir='ltr' id='par_1_73' title="bbox 2121 2744 3704 2818">
     <span class='ocr_line' id='line_1_73' title="bbox 2121 2744 3704 2818; baseline -0.001 -19"><span class='ocrx_word' id='word_1_517' title='bbox 2121 2744 2280 2800; x_wconf 85' lang='grc' dir='ltr'>τοῦτο</span> <span class='ocrx_word' id='word_1_518' title='bbox 2332 2746 2647 2818; x_wconf 75' lang='grc' dir='ltr'>ἁμαρτωλοὶ</span> <span class='ocrx_word' id='word_1_519' title='bbox 2693 2746 3063 2816; x_wconf 85' lang='grc' dir='ltr'>μεμενηκότες</span> <span class='ocrx_word' id='word_1_520' title='bbox 3121 2745 3552 2815; x_wconf 85' lang='grc' dir='ltr'>κατακριθῶσιν,</span> <span class='ocrx_word' id='word_1_521' title='bbox 3609 2745 3704 2799; x_wconf 63' lang='lat' dir='ltr'><strong>ac;</strong></span> 
     </span>
    </p>
   </div>
   <div class='ocr_carea' id='block_1_74' title="bbox 2120 2837 3702 2911">
    <p class='ocr_par' dir='ltr' id='par_1_74' title="bbox 2120 2837 3702 2911">
     <span class='ocr_line' id='line_1_74' title="bbox 2120 2837 3702 2911; baseline -0.003 -17"><span class='ocrx_word' id='word_1_522' title='bbox 2120 2839 2184 2910; x_wconf 80' lang='grc' dir='ltr'>δὴ</span> <span class='ocrx_word' id='word_1_523' title='bbox 2209 2838 2520 2911; x_wconf 79' lang='grc' dir='ltr'>ὁλοκλήρως</span> <span class='ocrx_word' id='word_1_524' title='bbox 2546 2839 2683 2910; x_wconf 80' lang='grc' dir='ltr'>σὰρξ</span> <span class='ocrx_word' id='word_1_525' title='bbox 2711 2839 2996 2908; x_wconf 81' lang='grc' dir='ltr'>γεγονότες</span> <span class='ocrx_word' id='word_1_526' title='bbox 3023 2840 3116 2894; x_wconf 72' lang='grc' dir='ltr'>καὶ</span> <span class='ocrx_word' id='word_1_527' title='bbox 3137 2837 3586 2910; x_wconf 85' lang='grc' dir='ltr'>διχοτομηθέντες</span> <span class='ocrx_word' id='word_1_528' title='bbox 3610 2837 3702 2891; x_wconf 89' lang='grc' dir='ltr'><strong>τοῦ</strong></span> 
     </span>
    </p>
   </div>
   <div class='ocr_carea' id='block_1_75' title="bbox 2123 2928 3704 3002">
    <p class='ocr_par' dir='ltr' id='par_1_75' title="bbox 2123 2928 3704 3002">
     <span class='ocr_line' id='line_1_75' title="bbox 2123 2928 3704 3002; baseline -0.002 -18"><span class='ocrx_word' id='word_1_529' title='bbox 2123 2931 2438 3000; x_wconf 88' lang='grc' dir='ltr'>πνεύματος</span> <span class='ocrx_word' id='word_1_530' title='bbox 2463 2970 2478 2995; x_wconf 93' lang='grc'><strong>,</strong></span> <span class='ocrx_word' id='word_1_531' title='bbox 2533 2931 2650 2984; x_wconf 83' lang='grc' dir='ltr'>ὅσοι</span> <span class='ocrx_word' id='word_1_532' title='bbox 2691 2931 2748 2984; x_wconf 82' lang='grc' dir='ltr'>δὲ</span> <span class='ocrx_word' id='word_1_533' title='bbox 2787 2929 2888 2984; x_wconf 83' lang='grc' dir='ltr'>κᾶν</span> <span class='ocrx_word' id='word_1_534' title='bbox 2935 2931 2994 2983; x_wconf 81' lang='grc' dir='ltr'>ὲν</span> <span class='ocrx_word' id='word_1_535' title='bbox 3030 2930 3194 3002; x_wconf 77' lang='grc' dir='ltr'>’ᾍδου</span> <span class='ocrx_word' id='word_1_536' title='bbox 3248 2929 3470 3000; x_wconf 82' lang='grc' dir='ltr'>Χριστῷ</span> <span class='ocrx_word' id='word_1_537' title='bbox 3508 2930 3576 3000; x_wconf 83' lang='grc' dir='ltr'>τῇ</span> <span class='ocrx_word' id='word_1_538' title='bbox 3623 2928 3704 2982; x_wconf 90' lang='grc' dir='ltr'>δι-</span> 
     </span>
    </p>
   </div>
   <div class='ocr_carea' id='block_1_76' title="bbox 2124 3019 3706 3095">
    <p class='ocr_par' dir='ltr' id='par_1_76' title="bbox 2124 3019 3706 3095">
     <span class='ocr_line' id='line_1_76' title="bbox 2124 3019 3706 3095; baseline -0.003 -18"><span class='ocrx_word' id='word_1_539' title='bbox 2124 3021 2386 3095; x_wconf 79' lang='grc' dir='ltr'>καιοσύνῃ</span> <span class='ocrx_word' id='word_1_540' title='bbox 2420 3024 2860 3088; x_wconf 87' lang='grc' dir='ltr'>πεπιστεύκασι,</span> <span class='ocrx_word' id='word_1_541' title='bbox 2891 3023 2993 3092; x_wconf 77' lang='grc' dir='ltr'>τῆς</span> <span class='ocrx_word' id='word_1_542' title='bbox 3021 3021 3405 3092; x_wconf 77' lang='grc' dir='ltr'>πνευματικῆς</span> <span class='ocrx_word' id='word_1_543' title='bbox 3434 3019 3706 3092; x_wconf 81' lang='grc' dir='ltr'>εὐφροσύ-</span> 
     </span>
    </p>
   </div>
   <div class='ocr_carea' id='block_1_77' title="bbox 2123 3110 3708 3184">
    <p class='ocr_par' dir='ltr' id='par_1_77' title="bbox 2123 3110 3708 3184">
     <span class='ocr_line' id='line_1_77' title="bbox 2123 3110 3708 3184; baseline -0.003 -15"><span class='ocrx_word' id='word_1_544' title='bbox 2123 3131 2222 3183; x_wconf 85' lang='grc' dir='ltr'><strong>νης</strong></span> <span class='ocrx_word' id='word_1_545' title='bbox 2250 3113 2599 3170; x_wconf 78' lang='grc' dir='ltr'>ἀπολαύωσιν</span> <span class='ocrx_word' id='word_1_546' title='bbox 2617 3116 2683 3169; x_wconf 81' lang='grc'><strong>⁵⁸.</strong></span> <span class='ocrx_word' id='word_1_547' title='bbox 2713 3113 2787 3167; x_wconf 77' lang='grc' dir='ltr'><strong>Τὸ</strong></span> <span class='ocrx_word' id='word_1_548' title='bbox 2815 3110 2908 3168; x_wconf 86' lang='grc' dir='ltr'><strong>οῦν</strong></span> <span class='ocrx_word' id='word_1_549' title='bbox 2939 3115 3076 3170; x_wconf 83' lang='grc' dir='ltr'>Ἵνα</span> <span class='ocrx_word' id='word_1_550' title='bbox 3099 3113 3342 3184; x_wconf 86' lang='grc' dir='ltr'>κριθῶσι</span> <span class='ocrx_word' id='word_1_551' title='bbox 3370 3113 3550 3182; x_wconf 78' lang='grc' dir='ltr'>σαρκὶ</span> <span class='ocrx_word' id='word_1_552' title='bbox 3579 3114 3708 3183; x_wconf 72' lang='grc' dir='ltr'>περὶ</span> 
     </span>
    </p>
   </div>
   <div class='ocr_carea' id='block_1_78' title="bbox 2121 3204 3709 3277">
    <p class='ocr_par' dir='ltr' id='par_1_78' title="bbox 2121 3204 3709 3277">
     <span class='ocr_line' id='line_1_78' title="bbox 2121 3204 3709 3277; baseline -0.001 -19"><span class='ocrx_word' id='word_1_553' title='bbox 2121 3205 2230 3259; x_wconf 87' lang='grc' dir='ltr'><strong>τῶν</strong></span> <span class='ocrx_word' id='word_1_554' title='bbox 2257 3207 2677 3277; x_wconf 85' lang='grc' dir='ltr'>ἀπιστησάντων</span> <span class='ocrx_word' id='word_1_555' title='bbox 2698 3205 2950 3277; x_wconf 80' lang='grc' dir='ltr'>εἰρῆσθαί</span> <span class='ocrx_word' id='word_1_556' title='bbox 2969 3223 3124 3274; x_wconf 84' lang='grc' dir='ltr'>φησι,</span> <span class='ocrx_word' id='word_1_557' title='bbox 3148 3204 3210 3258; x_wconf 82' lang='grc' dir='ltr'>τὸ</span> <span class='ocrx_word' id='word_1_558' title='bbox 3238 3205 3296 3258; x_wconf 82' lang='grc' dir='ltr'>δὲ</span> <span class='ocrx_word' id='word_1_559' title='bbox 3327 3205 3487 3258; x_wconf 86' lang='grc' dir='ltr'>Ζῶσι</span> <span class='ocrx_word' id='word_1_560' title='bbox 3529 3205 3709 3257; x_wconf 75' lang='grc' dir='ltr'>πνεύ-</span> 
     </span>
    </p>
   </div>
   <div class='ocr_carea' id='block_1_79' title="bbox 2117 3295 3708 3369">
    <p class='ocr_par' dir='ltr' id='par_1_79' title="bbox 2117 3295 3708 3369">
     <span class='ocr_line' id='line_1_79' title="bbox 2117 3295 3708 3369; baseline -0.002 -18"><span class='ocrx_word' id='word_1_561' title='bbox 2117 3316 2259 3368; x_wconf 82' lang='grc' dir='ltr'>μιιτι</span> <span class='ocrx_word' id='word_1_562' title='bbox 2305 3299 2432 3369; x_wconf 83' lang='grc' dir='ltr'>περὶ</span> <span class='ocrx_word' id='word_1_563' title='bbox 2482 3297 2590 3353; x_wconf 91' lang='grc' dir='ltr'><strong>τῶν</strong></span> <span class='ocrx_word' id='word_1_564' title='bbox 2625 3302 3090 3353; x_wconf 86' lang='grc' dir='ltr'>πεπιστευκότων.</span> <span class='ocrx_word' id='word_1_565' title='bbox 3155 3298 3246 3362; x_wconf 84' lang='grc' dir='ltr'>Ὠς</span> <span class='ocrx_word' id='word_1_566' title='bbox 3293 3299 3426 3369; x_wconf 78' lang='grc' dir='ltr'>περὶ</span> <span class='ocrx_word' id='word_1_567' title='bbox 3481 3297 3600 3360; x_wconf 75' lang='grc' dir='ltr'>ἐνὸς</span> <span class='ocrx_word' id='word_1_568' title='bbox 3649 3295 3708 3348; x_wconf 67' lang='grc' dir='ltr'>δὲ</span> 
     </span>
    </p>
   </div>
   <div class='ocr_carea' id='block_1_80' title="bbox 2124 3387 3708 3461">
    <p class='ocr_par' dir='ltr' id='par_1_80' title="bbox 2124 3387 3708 3461">
     <span class='ocr_line' id='line_1_80' title="bbox 2124 3387 3708 3461; baseline -0.002 -18"><span class='ocrx_word' id='word_1_569' title='bbox 2124 3389 2425 3458; x_wconf 74' lang='grc' dir='ltr'>φαντασίαν</span> <span class='ocrx_word' id='word_1_570' title='bbox 2455 3389 2828 3461; x_wconf 88' lang='grc' dir='ltr'>παρεχόμενον</span> <span class='ocrx_word' id='word_1_571' title='bbox 2858 3388 3126 3461; x_wconf 79' lang='grc' dir='ltr'>προφέρει</span> <span class='ocrx_word' id='word_1_572' title='bbox 3155 3388 3249 3444; x_wconf 83' lang='grc' dir='ltr'><strong>τὸν</strong></span> <span class='ocrx_word' id='word_1_573' title='bbox 3280 3387 3462 3458; x_wconf 81' lang='grc' dir='ltr'>λόγον,</span> <span class='ocrx_word' id='word_1_574' title='bbox 3487 3388 3572 3442; x_wconf 86' lang='grc' dir='ltr'>ὅτι</span> <span class='ocrx_word' id='word_1_575' title='bbox 3602 3387 3708 3441; x_wconf 79' lang='grc' dir='ltr'>κᾶν</span> 
     </span>
    </p>
   </div>
   <div class='ocr_carea' id='block_1_81' title="bbox 2123 3479 3708 3553">
    <p class='ocr_par' dir='ltr' id='par_1_81' title="bbox 2123 3479 3708 3553">
     <span class='ocr_line' id='line_1_81' title="bbox 2123 3479 3708 3553; baseline 0 -19"><span class='ocrx_word' id='word_1_576' title='bbox 2123 3481 2376 3552; x_wconf 87' lang='grc' dir='ltr'>διάφορος</span> <span class='ocrx_word' id='word_1_577' title='bbox 2410 3481 2650 3552; x_wconf 78' lang='grc' dir='ltr'>ἑκατέρα</span> <span class='ocrx_word' id='word_1_578' title='bbox 2680 3482 2862 3553; x_wconf 75' lang='grc' dir='ltr'>μερὶς,</span> <span class='ocrx_word' id='word_1_579' title='bbox 2895 3481 3004 3535; x_wconf 89' lang='grc' dir='ltr'><strong>τῶν</strong></span> <span class='ocrx_word' id='word_1_580' title='bbox 3034 3497 3093 3535; x_wconf 86' lang='grc' dir='ltr'><strong>τε</strong></span> <span class='ocrx_word' id='word_1_581' title='bbox 3138 3479 3585 3536; x_wconf 86' lang='grc' dir='ltr'>πεπιστευκότων</span> <span class='ocrx_word' id='word_1_582' title='bbox 3610 3480 3708 3534; x_wconf 75' lang='grc' dir='ltr'>καὶ</span> 
     </span>
    </p>
   </div>
   <div class='ocr_carea' id='block_1_82' title="bbox 2123 3569 3708 3646">
    <p class='ocr_par' dir='ltr' id='par_1_82' title="bbox 2123 3569 3708 3646">
     <span class='ocr_line' id='line_1_82' title="bbox 2123 3569 3708 3646; baseline -0.001 -19"><span class='ocrx_word' id='word_1_583' title='bbox 2123 3573 2234 3628; x_wconf 88' lang='grc' dir='ltr'><strong>τῶν</strong></span> <span class='ocrx_word' id='word_1_584' title='bbox 2265 3573 2708 3646; x_wconf 85' lang='grc' dir='ltr'>ἀπιστησάντων,</span> <span class='ocrx_word' id='word_1_585' title='bbox 2739 3575 2856 3628; x_wconf 81' lang='grc' dir='ltr'>ἀλλ’</span> <span class='ocrx_word' id='word_1_586' title='bbox 2898 3569 2991 3628; x_wconf 85' lang='grc' dir='ltr'><strong>οῦν</strong></span> <span class='ocrx_word' id='word_1_587' title='bbox 3035 3575 3118 3639; x_wconf 88' lang='grc' dir='ltr'><strong>είς</strong></span> <span class='ocrx_word' id='word_1_588' title='bbox 3152 3573 3211 3628; x_wconf 81' lang='grc' dir='ltr'>ἓν</span> <span class='ocrx_word' id='word_1_589' title='bbox 3269 3573 3708 3642; x_wconf 75' lang='grc' dir='ltr'><strong>συγκεφαλαιοῦ⁴</strong></span> 
     </span>
    </p>
   </div>
   <div class='ocr_carea' id='block_1_83' title="bbox 2123 3665 3710 3739">
    <p class='ocr_par' dir='ltr' id='par_1_83' title="bbox 2123 3665 3710 3739">
     <span class='ocr_line' id='line_1_83' title="bbox 2123 3665 3710 3739; baseline -0.002 -18"><span class='ocrx_word' id='word_1_590' title='bbox 2123 3683 2214 3721; x_wconf 89' lang='grc' dir='ltr'><strong>ται</strong></span> <span class='ocrx_word' id='word_1_591' title='bbox 2237 3669 2284 3700; x_wconf 67' lang='grc'>⁸⁸</span> <span class='ocrx_word' id='word_1_592' title='bbox 2315 3669 2377 3721; x_wconf 74' lang='grc' dir='ltr'>τὸ</span> <span class='ocrx_word' id='word_1_593' title='bbox 2421 3667 2530 3723; x_wconf 89' lang='grc' dir='ltr'><strong>τῶν</strong></span> <span class='ocrx_word' id='word_1_594' title='bbox 2573 3667 2948 3739; x_wconf 77' lang='grc' dir='ltr'>καταχθονίων</span> <span class='ocrx_word' id='word_1_595' title='bbox 2991 3668 3203 3738; x_wconf 86' lang='grc' dir='ltr'>τάγμα.</span> <span class='ocrx_word' id='word_1_596' title='bbox 3245 3666 3404 3722; x_wconf 81' lang='grc' dir='ltr'>Οὕτω</span> <span class='ocrx_word' id='word_1_597' title='bbox 3451 3666 3584 3736; x_wconf 90' lang='grc' dir='ltr'>γοῦν</span> <span class='ocrx_word' id='word_1_598' title='bbox 3615 3665 3710 3720; x_wconf 78' lang='grc' dir='ltr'>καὶ</span> 
     </span>
    </p>
   </div>
   <div class='ocr_carea' id='block_1_84' title="bbox 2125 3757 3710 3829">
    <p class='ocr_par' dir='ltr' id='par_1_84' title="bbox 2125 3757 3710 3829">
     <span class='ocr_line' id='line_1_84' title="bbox 2125 3757 3710 3829; baseline -0.001 -18"><span class='ocrx_word' id='word_1_599' title='bbox 2125 3761 2256 3826; x_wconf 73' lang='grc' dir='ltr'>περὶ</span> <span class='ocrx_word' id='word_1_600' title='bbox 2290 3758 2542 3829; x_wconf 86' lang='grc' dir='ltr'>σώματος</span> <span class='ocrx_word' id='word_1_601' title='bbox 2573 3759 2691 3821; x_wconf 78' lang='grc' dir='ltr'>ἑνὸς</span> <span class='ocrx_word' id='word_1_602' title='bbox 2730 3763 2906 3814; x_wconf 82' lang='grc' dir='ltr'>νοσεῖν</span> <span class='ocrx_word' id='word_1_603' title='bbox 2929 3759 2991 3812; x_wconf 82' lang='grc' dir='ltr'>τὸ</span> <span class='ocrx_word' id='word_1_604' title='bbox 3019 3759 3153 3814; x_wconf 79' lang='grc' dir='ltr'>αὐτὸ</span> <span class='ocrx_word' id='word_1_605' title='bbox 3185 3759 3279 3814; x_wconf 74' lang='grc' dir='ltr'>καὶ</span> <span class='ocrx_word' id='word_1_606' title='bbox 3321 3757 3586 3828; x_wconf 76' lang='grc' dir='ltr'>ὑγιαίνειν</span> <span class='ocrx_word' id='word_1_607' title='bbox 3617 3757 3710 3811; x_wconf 83' lang='grc' dir='ltr'>λέ-</span> 
     </span>
    </p>
   </div>
   <div class='ocr_carea' id='block_1_85' title="bbox 2123 3850 3712 3925">
    <p class='ocr_par' dir='ltr' id='par_1_85' title="bbox 2123 3850 3712 3925">
     <span class='ocr_line' id='line_1_85' title="bbox 2123 3850 3712 3925; baseline 0 -21"><span class='ocrx_word' id='word_1_608' title='bbox 2123 3867 2241 3921; x_wconf 88' lang='grc' dir='ltr'>γειν</span> <span class='ocrx_word' id='word_1_609' title='bbox 2270 3851 2549 3922; x_wconf 89' lang='grc' dir='ltr'>δυνάμεθα</span> <span class='ocrx_word' id='word_1_610' title='bbox 2571 3892 2588 3919; x_wconf 97' lang='grc'><strong>,</strong></span> <span class='ocrx_word' id='word_1_611' title='bbox 2639 3851 2760 3906; x_wconf 88' lang='grc' dir='ltr'>κατ’</span> <span class='ocrx_word' id='word_1_612' title='bbox 2813 3851 2942 3907; x_wconf 78' lang='grc' dir='ltr'>ἄλλο</span> <span class='ocrx_word' id='word_1_613' title='bbox 2981 3852 3148 3925; x_wconf 82' lang='grc' dir='ltr'>μέρος</span> <span class='ocrx_word' id='word_1_614' title='bbox 3180 3852 3277 3906; x_wconf 75' lang='grc' dir='ltr'>καὶ</span> <span class='ocrx_word' id='word_1_615' title='bbox 3310 3851 3440 3908; x_wconf 84' lang='grc' dir='ltr'>ἀλλο</span> <span class='ocrx_word' id='word_1_616' title='bbox 3479 3850 3573 3906; x_wconf 89' lang='grc' dir='ltr'><strong>τοῦ</strong></span> <span class='ocrx_word' id='word_1_617' title='bbox 3603 3852 3712 3904; x_wconf 78' lang='grc' dir='ltr'><strong>σώο</strong></span> 
     </span>
    </p>
   </div>
   <div class='ocr_carea' id='block_1_86' title="bbox 2127 3945 3709 4019">
    <p class='ocr_par' dir='ltr' id='par_1_86' title="bbox 2127 3945 3709 4019">
     <span class='ocr_line' id='line_1_86' title="bbox 2127 3945 3709 4019; baseline 0.001 -21"><span class='ocrx_word' id='word_1_618' title='bbox 2127 3961 2319 4016; x_wconf 89' lang='grc' dir='ltr'>ματος.</span> <span class='ocrx_word' id='word_1_619' title='bbox 2355 3945 2573 4018; x_wconf 79' lang='grc' dir='ltr'>’Ὠσπερ</span> <span class='ocrx_word' id='word_1_620' title='bbox 2619 3947 2677 4000; x_wconf 85' lang='grc' dir='ltr'><strong>δέ</strong></span> <span class='ocrx_word' id='word_1_621' title='bbox 2711 3965 2894 4019; x_wconf 88' lang='grc' dir='ltr'>φαμεν</span> <span class='ocrx_word' id='word_1_622' title='bbox 2935 3947 3029 4002; x_wconf 76' lang='grc' dir='ltr'>τὸν</span> <span class='ocrx_word' id='word_1_623' title='bbox 3057 3947 3209 4002; x_wconf 81' lang='grc' dir='ltr'>δεῖνα</span> <span class='ocrx_word' id='word_1_624' title='bbox 3235 3949 3372 4018; x_wconf 73' lang='grc' dir='ltr'>πυρὶ</span> <span class='ocrx_word' id='word_1_625' title='bbox 3419 3947 3709 4018; x_wconf 85' lang='grc' dir='ltr'>κρίνεσθαι</span> 
     </span>
    </p>
   </div>
   <div class='ocr_carea' id='block_1_87' title="bbox 2123 4036 3703 4112">
    <p class='ocr_par' dir='ltr' id='par_1_87' title="bbox 2123 4036 3703 4112">
     <span class='ocr_line' id='line_1_87' title="bbox 2123 4036 3703 4112; baseline 0.003 -20"><span class='ocrx_word' id='word_1_626' title='bbox 2123 4039 2220 4092; x_wconf 75' lang='grc' dir='ltr'>καὶ</span> <span class='ocrx_word' id='word_1_627' title='bbox 2264 4036 2628 4104; x_wconf 71' lang='grc' dir='ltr'>κολάζεσθαι,</span> <span class='ocrx_word' id='word_1_628' title='bbox 2663 4039 2808 4094; x_wconf 85' lang='grc' dir='ltr'>οῦτω</span> <span class='ocrx_word' id='word_1_629' title='bbox 2849 4039 2998 4110; x_wconf 80' lang='grc' dir='ltr'>λέγει</span> <span class='ocrx_word' id='word_1_630' title='bbox 3031 4040 3128 4095; x_wconf 72' lang='grc' dir='ltr'>καὶ</span> <span class='ocrx_word' id='word_1_631' title='bbox 3153 4040 3214 4094; x_wconf 82' lang='grc' dir='ltr'><strong>τὸ</strong></span> <span class='ocrx_word' id='word_1_632' title='bbox 3265 4040 3411 4111; x_wconf 80' lang='grc' dir='ltr'>ἱερὸν</span> <span class='ocrx_word' id='word_1_633' title='bbox 3441 4042 3703 4112; x_wconf 80' lang='grc' dir='ltr'>γράμμα.</span> 
     </span>
    </p>
   </div>
   <div class='ocr_carea' id='block_1_88' title="bbox 2126 4126 3708 4200">
    <p class='ocr_par' dir='ltr' id='par_1_88' title="bbox 2126 4126 3708 4200">
     <span class='ocr_line' id='line_1_88' title="bbox 2126 4126 3708 4200; baseline -0.003 -17"><span class='ocrx_word' id='word_1_634' title='bbox 2126 4129 2251 4183; x_wconf 87' lang='grc' dir='ltr'>Ἵνα</span> <span class='ocrx_word' id='word_1_635' title='bbox 2281 4129 2526 4198; x_wconf 86' lang='grc' dir='ltr'>κριθῶσι</span> <span class='ocrx_word' id='word_1_636' title='bbox 2554 4129 2757 4198; x_wconf 69' lang='grc' dir='ltr'>σαρκία</span> <span class='ocrx_word' id='word_1_637' title='bbox 2783 4128 3018 4200; x_wconf 77' lang='grc' dir='ltr'>μεγίστη</span> <span class='ocrx_word' id='word_1_638' title='bbox 3052 4129 3162 4200; x_wconf 89' lang='grc' dir='ltr'><strong>γάρ</strong></span> <span class='ocrx_word' id='word_1_639' title='bbox 3191 4128 3412 4191; x_wconf 88' lang='grc' dir='ltr'>κόλασις</span> <span class='ocrx_word' id='word_1_640' title='bbox 3430 4169 3446 4192; x_wconf 87' lang='grc'><strong>,</strong></span> <span class='ocrx_word' id='word_1_641' title='bbox 3478 4129 3575 4182; x_wconf 75' lang='grc' dir='ltr'>καὶ</span> <span class='ocrx_word' id='word_1_642' title='bbox 3605 4126 3708 4195; x_wconf 83' lang='grc' dir='ltr'>μά-</span> 
     </span>
    </p>
   </div>
   <div class='ocr_carea' id='block_1_89' title="bbox 2123 4217 3706 4290">
    <p class='ocr_par' dir='ltr' id='par_1_89' title="bbox 2123 4217 3706 4290">
     <span class='ocr_line' id='line_1_89' title="bbox 2123 4217 3706 4290; baseline -0.003 -16"><span class='ocrx_word' id='word_1_643' title='bbox 2123 4219 2284 4282; x_wconf 76' lang='grc' dir='ltr'>λιστά</span> <span class='ocrx_word' id='word_1_644' title='bbox 2320 4239 2385 4290; x_wconf 88' lang='grc' dir='ltr'><strong>γε</strong></span> <span class='ocrx_word' id='word_1_645' title='bbox 2435 4221 2578 4276; x_wconf 88' lang='grc' dir='ltr'><strong>κατά</strong></span> <span class='ocrx_word' id='word_1_646' title='bbox 2613 4220 2708 4274; x_wconf 79' lang='grc' dir='ltr'>τὸν</span> <span class='ocrx_word' id='word_1_647' title='bbox 2738 4220 2842 4290; x_wconf 81' lang='grc' dir='ltr'>τῆς</span> <span class='ocrx_word' id='word_1_648' title='bbox 2885 4217 3237 4283; x_wconf 82' lang='grc' dir='ltr'>ἀναστάσεως</span> <span class='ocrx_word' id='word_1_649' title='bbox 3283 4219 3496 4290; x_wconf 79' lang='grc' dir='ltr'>καιρὸν,</span> <span class='ocrx_word' id='word_1_650' title='bbox 3538 4217 3706 4286; x_wconf 77' lang='grc' dir='ltr'>ἡνίκα</span> 
     </span>
    </p>
   </div>
   <div class='ocr_carea' id='block_1_90' title="bbox 2123 4307 3706 4382">
    <p class='ocr_par' dir='ltr' id='par_1_90' title="bbox 2123 4307 3706 4382">
     <span class='ocr_line' id='line_1_90' title="bbox 2123 4307 3706 4382; baseline -0.003 -18"><span class='ocrx_word' id='word_1_651' title='bbox 2123 4311 2224 4382; x_wconf 77' lang='grc' dir='ltr'>τὴν</span> <span class='ocrx_word' id='word_1_652' title='bbox 2254 4311 2394 4381; x_wconf 70' lang='grc' dir='ltr'>ὑπὲρ</span> <span class='ocrx_word' id='word_1_653' title='bbox 2425 4309 2713 4382; x_wconf 78' lang='grc' dir='ltr'>ἄνθρωπον</span> <span class='ocrx_word' id='word_1_654' title='bbox 2741 4309 2954 4382; x_wconf 81' lang='grc' dir='ltr'>τρυφὴν</span> <span class='ocrx_word' id='word_1_655' title='bbox 2983 4310 3264 4382; x_wconf 84' lang='grc' dir='ltr'>τρυφῶσιν</span> <span class='ocrx_word' id='word_1_656' title='bbox 3297 4311 3346 4363; x_wconf 81' lang='lat' dir='ltr'><strong>oi</strong></span> <span class='ocrx_word' id='word_1_657' title='bbox 3373 4309 3574 4362; x_wconf 89' lang='grc' dir='ltr'>δίκαιοι</span> <span class='ocrx_word' id='word_1_658' title='bbox 3610 4307 3706 4361; x_wconf 76' lang='grc' dir='ltr'>καὶ</span> 
     </span>
    </p>
   </div>
   <div class='ocr_carea' id='block_1_91' title="bbox 435 4398 2019 4481">
    <p class='ocr_par' dir='ltr' id='par_1_91' title="bbox 435 4406 2019 4481">
     <span class='ocr_line' id='line_1_91' title="bbox 435 4406 2019 4481; baseline -0.003 -15"><span class='ocrx_word' id='word_1_659' title='bbox 435 4426 653 4466; x_wconf 90' lang='lat' dir='ltr'><strong>omnem</strong></span> <span class='ocrx_word' id='word_1_660' title='bbox 693 4417 940 4481; x_wconf 86' lang='lat' dir='ltr'><strong>superat,</strong></span> <span class='ocrx_word' id='word_1_661' title='bbox 973 4418 1032 4464; x_wconf 91' lang='lat' dir='ltr'><strong>et</strong></span> <span class='ocrx_word' id='word_1_662' title='bbox 1058 4408 1264 4478; x_wconf 86' lang='lat' dir='ltr'><strong>Spiritu</strong></span> <span class='ocrx_word' id='word_1_663' title='bbox 1290 4408 1498 4474; x_wconf 76' lang='lat' dir='ltr'><strong>vivunt,</strong></span> <span class='ocrx_word' id='word_1_664' title='bbox 1521 4406 1862 4477; x_wconf 89' lang='lat' dir='ltr'><strong>peccantium</strong></span> <span class='ocrx_word' id='word_1_665' title='bbox 1891 4415 2019 4461; x_wconf 91' lang='lat' dir='ltr'><strong>tunc</strong></span> 
     </span>
    </p>
   </div>
   <div class='ocr_carea' id='block_1_92' title="bbox 2123 4398 3706 4481">
    <p class='ocr_par' dir='ltr' id='par_1_92' title="bbox 2124 4399 3706 4474">
     <span class='ocr_line' id='line_1_92' title="bbox 2124 4399 3706 4474; baseline -0.002 -19"><span class='ocrx_word' id='word_1_666' title='bbox 2124 4401 2398 4472; x_wconf 86' lang='grc' dir='ltr'>πνεύματι</span> <span class='ocrx_word' id='word_1_667' title='bbox 2456 4401 2625 4468; x_wconf 79' lang='grc' dir='ltr'>ζῶσι,</span> <span class='ocrx_word' id='word_1_668' title='bbox 2681 4402 2807 4456; x_wconf 82' lang='grc' dir='ltr'>τότε</span> <span class='ocrx_word' id='word_1_669' title='bbox 2847 4403 2910 4456; x_wconf 81' lang='grc' dir='ltr'>τὸ</span> <span class='ocrx_word' id='word_1_670' title='bbox 2948 4401 3058 4456; x_wconf 87' lang='grc' dir='ltr'><strong>τῶν</strong></span> <span class='ocrx_word' id='word_1_671' title='bbox 3108 4401 3450 4474; x_wconf 80' lang='grc' dir='ltr'>ἁμαρτωλῶν</span> <span class='ocrx_word' id='word_1_672' title='bbox 3499 4399 3706 4470; x_wconf 76' lang='grc' dir='ltr'>πλῆθος</span> 
     </span>
    </p>
   </div>
   <div class='ocr_carea' id='block_1_93' title="bbox 437 4496 2012 4568">
    <p class='ocr_par' dir='ltr' id='par_1_93' title="bbox 437 4496 2012 4568">
     <span class='ocr_line' id='line_1_93' title="bbox 437 4496 2012 4568; baseline -0.003 -10"><span class='ocrx_word' id='word_1_673' title='bbox 437 4503 840 4559; x_wconf 86' lang='lat' dir='ltr'><strong>multitudinem</strong></span> <span class='ocrx_word' id='word_1_674' title='bbox 878 4502 933 4557; x_wconf 93' lang='lat' dir='ltr'><strong>in</strong></span> <span class='ocrx_word' id='word_1_675' title='bbox 966 4502 1108 4556; x_wconf 89' lang='lat' dir='ltr'><strong>nuda</strong></span> <span class='ocrx_word' id='word_1_676' title='bbox 1145 4513 1333 4563; x_wconf 85' lang='lat' dir='ltr'><strong>carne,</strong></span> <span class='ocrx_word' id='word_1_677' title='bbox 1369 4507 1425 4554; x_wconf 91' lang='lat' dir='ltr'><strong>et</strong></span> <span class='ocrx_word' id='word_1_678' title='bbox 1455 4500 1574 4554; x_wconf 90' lang='lat' dir='ltr'><strong>sine</strong></span> <span class='ocrx_word' id='word_1_679' title='bbox 1627 4496 1734 4552; x_wconf 90' lang='lat' dir='ltr'><strong>ulla</strong></span> <span class='ocrx_word' id='word_1_680' title='bbox 1775 4497 2012 4568; x_wconf 85' lang='lat' dir='ltr'><strong>spiritali</strong></span> 
     </span>
    </p>
   </div>
   <div class='ocr_carea' id='block_1_94' title="bbox 434 4590 2018 4670">
    <p class='ocr_par' dir='ltr' id='par_1_94' title="bbox 434 4590 2018 4670">
     <span class='ocr_line' id='line_1_94' title="bbox 434 4590 2018 4670; baseline -0.004 -17"><span class='ocrx_word' id='word_1_681' title='bbox 434 4598 633 4670; x_wconf 78' lang='lat' dir='ltr'><strong>gratia,</strong></span> <span class='ocrx_word' id='word_1_682' title='bbox 664 4598 830 4652; x_wconf 85' lang='lat' dir='ltr'><strong>vitam</strong></span> <span class='ocrx_word' id='word_1_683' title='bbox 866 4609 1022 4652; x_wconf 86' lang='lat' dir='ltr'><strong>suam</strong></span> <span class='ocrx_word' id='word_1_684' title='bbox 1073 4595 1126 4649; x_wconf 91' lang='lat' dir='ltr'><strong>in</strong></span> <span class='ocrx_word' id='word_1_685' title='bbox 1187 4602 1454 4648; x_wconf 66' lang='lat' dir='ltr'><strong>aeternum</strong></span> <span class='ocrx_word' id='word_1_686' title='bbox 1504 4590 1810 4662; x_wconf 80' lang='lat' dir='ltr'><strong>transigere</strong></span> <span class='ocrx_word' id='word_1_687' title='bbox 1853 4601 2018 4661; x_wconf 87' lang='lat' dir='ltr'><strong>atque</strong></span> 
     </span>
    </p>
   </div>
   <div class='ocr_carea' id='block_1_95' title="bbox 437 4683 2019 4744">
    <p class='ocr_par' dir='ltr' id='par_1_95' title="bbox 437 4683 2019 4744">
     <span class='ocr_line' id='line_1_95' title="bbox 437 4683 2019 4744; baseline -0.004 0"><span class='ocrx_word' id='word_1_688' title='bbox 437 4686 973 4744; x_wconf 73' lang='lat' dir='ltr'><strong>contererc.Verum</strong></span> <span class='ocrx_word' id='word_1_689' title='bbox 1023 4693 1082 4741; x_wconf 91' lang='lat' dir='ltr'><strong>et</strong></span> <span class='ocrx_word' id='word_1_690' title='bbox 1145 4683 1308 4740; x_wconf 88' lang='lat' dir='ltr'><strong>aliam</strong></span> <span class='ocrx_word' id='word_1_691' title='bbox 1352 4683 1478 4738; x_wconf 90' lang='lat' dir='ltr'><strong>licet</strong></span> <span class='ocrx_word' id='word_1_692' title='bbox 1503 4683 1627 4738; x_wconf 88' lang='lat' dir='ltr'><strong>huic</strong></span> <span class='ocrx_word' id='word_1_693' title='bbox 1679 4685 1826 4739; x_wconf 88' lang='lat' dir='ltr'><strong>dicto</strong></span> <span class='ocrx_word' id='word_1_694' title='bbox 1887 4685 2019 4739; x_wconf 87' lang='lat' dir='ltr'><strong>dare</strong></span> 
     </span>
    </p>
   </div>
   <div class='ocr_carea' id='block_1_96' title="bbox 429 4775 2016 4852">
    <p class='ocr_par' dir='ltr' id='par_1_96' title="bbox 429 4775 2016 4852">
     <span class='ocr_line' id='line_1_96' title="bbox 429 4775 2016 4852; baseline -0.005 -16"><span class='ocrx_word' id='word_1_695' title='bbox 429 4781 899 4852; x_wconf 78' lang='lat' dir='ltr'><strong>explanationem.</strong></span> <span class='ocrx_word' id='word_1_696' title='bbox 948 4777 1041 4832; x_wconf 81' lang='lat' dir='ltr'><strong>Ait</strong></span> <span class='ocrx_word' id='word_1_697' title='bbox 1092 4778 1238 4833; x_wconf 91' lang='lat' dir='ltr'><strong>enim</strong></span> <span class='ocrx_word' id='word_1_698' title='bbox 1286 4777 1504 4834; x_wconf 88' lang='lat' dir='ltr'><strong>divinus</strong></span> <span class='ocrx_word' id='word_1_699' title='bbox 1562 4775 1806 4833; x_wconf 86' lang='lat' dir='ltr'><strong>Paulus:</strong></span> <span class='ocrx_word' id='word_1_700' title='bbox 1847 4775 2016 4847; x_wconf 82' lang='lat' dir='ltr'><strong>Cujus</strong></span> 
     </span>
    </p>
   </div>
   <div class='ocr_carea' id='block_1_97' title="bbox 435 4866 2010 4942">
    <p class='ocr_par' dir='ltr' id='par_1_97' title="bbox 435 4866 2010 4942">
     <span class='ocr_line' id='line_1_97' title="bbox 435 4866 2010 4942; baseline -0.004 -16"><span class='ocrx_word' id='word_1_701' title='bbox 435 4889 566 4942; x_wconf 87' lang='lat' dir='ltr'><strong>opus</strong></span> <span class='ocrx_word' id='word_1_702' title='bbox 593 4875 810 4935; x_wconf 85' lang='lat' dir='ltr'><strong>arserit,</strong></span> <span class='ocrx_word' id='word_1_703' title='bbox 850 4871 1228 4925; x_wconf 86' lang='lat' dir='ltr'><strong>detrimentum</strong></span> <span class='ocrx_word' id='word_1_704' title='bbox 1252 4871 1489 4940; x_wconf 84' lang='lat' dir='ltr'><strong>patietur</strong></span> <span class='ocrx_word' id='word_1_705' title='bbox 1509 4884 1528 4934; x_wconf 80' lang='lat'><strong>,&#39;</strong></span> <span class='ocrx_word' id='word_1_706' title='bbox 1550 4869 1662 4940; x_wconf 87' lang='lat' dir='ltr'><strong>ipse</strong></span> <span class='ocrx_word' id='word_1_707' title='bbox 1699 4877 1872 4924; x_wconf 87' lang='lat' dir='ltr'><strong>autem</strong></span> <span class='ocrx_word' id='word_1_708' title='bbox 1895 4866 2010 4922; x_wconf 82' lang='lat' dir='ltr'><strong>sal-</strong></span> 
     </span>
    </p>
   </div>
   <div class='ocr_carea' id='block_1_98' title="bbox 436 4956 2015 5030">
    <p class='ocr_par' dir='ltr' id='par_1_98' title="bbox 436 4956 2015 5030">
     <span class='ocr_line' id='line_1_98' title="bbox 436 4956 2015 5030; baseline -0.006 -12"><span class='ocrx_word' id='word_1_709' title='bbox 436 4963 670 5027; x_wconf 79' lang='lat' dir='ltr'><strong>oabitur,</strong></span> <span class='ocrx_word' id='word_1_710' title='bbox 698 4963 776 5018; x_wconf 88' lang='lat' dir='ltr'><strong>sic</strong></span> <span class='ocrx_word' id='word_1_711' title='bbox 799 4973 978 5016; x_wconf 86' lang='lat' dir='ltr'><strong>tamen</strong></span> <span class='ocrx_word' id='word_1_712' title='bbox 1005 4962 1160 5029; x_wconf 85' lang='lat' dir='ltr'><strong>quasi</strong></span> <span class='ocrx_word' id='word_1_713' title='bbox 1178 4974 1272 5029; x_wconf 81' lang='lat' dir='ltr'><strong>per</strong></span> <span class='ocrx_word' id='word_1_714' title='bbox 1316 4961 1510 5030; x_wconf 83' lang='lat' dir='ltr'><strong>ignem.</strong></span> <span class='ocrx_word' id='word_1_715' title='bbox 1538 4956 1606 5012; x_wconf 85' lang='lat' dir='ltr'><strong>Et</strong></span> <span class='ocrx_word' id='word_1_716' title='bbox 1662 4957 2015 5027; x_wconf 78' lang='lat' dir='ltr'><strong>uniuscujus-</strong></span> 
     </span>
    </p>
   </div>
   <div class='ocr_carea' id='block_1_99' title="bbox 433 5050 2018 5129">
    <p class='ocr_par' dir='ltr' id='par_1_99' title="bbox 433 5050 2018 5129">
     <span class='ocr_line' id='line_1_99' title="bbox 433 5050 2018 5129; baseline -0.004 -17"><span class='ocrx_word' id='word_1_717' title='bbox 433 5074 533 5129; x_wconf 81' lang='lat' dir='ltr'><strong>que</strong></span> <span class='ocrx_word' id='word_1_718' title='bbox 592 5073 742 5127; x_wconf 85' lang='lat' dir='ltr'><strong>opus,</strong></span> <span class='ocrx_word' id='word_1_719' title='bbox 789 5057 946 5127; x_wconf 84' lang='lat' dir='ltr'><strong>quale</strong></span> <span class='ocrx_word' id='word_1_720' title='bbox 983 5058 1076 5123; x_wconf 82' lang='lat' dir='ltr'><strong>sit,</strong></span> <span class='ocrx_word' id='word_1_721' title='bbox 1129 5054 1268 5124; x_wconf 85' lang='lat' dir='ltr'><strong>ignis</strong></span> <span class='ocrx_word' id='word_1_722' title='bbox 1315 5051 1556 5122; x_wconf 85' lang='lat' dir='ltr'><strong>probabit</strong></span> <span class='ocrx_word' id='word_1_723' title='bbox 1583 5058 1635 5106; x_wconf 85' lang='lat'><strong>&#39;.</strong></span> <span class='ocrx_word' id='word_1_724' title='bbox 1665 5051 1733 5105; x_wconf 91' lang='lat' dir='ltr'><strong>Et</strong></span> <span class='ocrx_word' id='word_1_725' title='bbox 1781 5065 1850 5105; x_wconf 89' lang='lat' dir='ltr'><strong>ne</strong></span> <span class='ocrx_word' id='word_1_726' title='bbox 1893 5050 2018 5120; x_wconf 89' lang='lat' dir='ltr'><strong>quis</strong></span> 
     </span>
    </p>
   </div>
   <div class='ocr_carea' id='block_1_100' title="bbox 437 5143 2015 5220">
    <p class='ocr_par' dir='ltr' id='par_1_100' title="bbox 437 5143 2015 5220">
     <span class='ocr_line' id='line_1_100' title="bbox 437 5143 2015 5220; baseline -0.006 -14"><span class='ocrx_word' id='word_1_727' title='bbox 437 5151 738 5214; x_wconf 81' lang='lat' dir='ltr'><strong>existimet,</strong></span> <span class='ocrx_word' id='word_1_728' title='bbox 768 5148 1224 5220; x_wconf 88' lang='lat' dir='ltr'><strong>quemadmodum</strong></span> <span class='ocrx_word' id='word_1_729' title='bbox 1247 5154 1558 5216; x_wconf 87' lang='lat' dir='ltr'><strong>peccatum,</strong></span> <span class='ocrx_word' id='word_1_730' title='bbox 1583 5143 1666 5198; x_wconf 91' lang='lat' dir='ltr'><strong>sic</strong></span> <span class='ocrx_word' id='word_1_731' title='bbox 1693 5151 1750 5197; x_wconf 91' lang='lat' dir='ltr'><strong>et</strong></span> <span class='ocrx_word' id='word_1_732' title='bbox 1784 5157 2015 5212; x_wconf 89' lang='lat' dir='ltr'><strong>peccan-</strong></span> 
     </span>
    </p>
   </div>
   <div class='ocr_carea' id='block_1_101' title="bbox 436 5234 2012 5309">
    <p class='ocr_par' dir='ltr' id='par_1_101' title="bbox 436 5234 2012 5309">
     <span class='ocr_line' id='line_1_101' title="bbox 436 5234 2012 5309; baseline -0.008 -10"><span class='ocrx_word' id='word_1_733' title='bbox 436 5255 545 5299; x_wconf 86' lang='lat' dir='ltr'><strong>tem</strong></span> <span class='ocrx_word' id='word_1_734' title='bbox 572 5242 1026 5298; x_wconf 83' lang='lat' dir='ltr'><strong>concremandum</strong></span> <span class='ocrx_word' id='word_1_735' title='bbox 1053 5248 1216 5309; x_wconf 88' lang='lat' dir='ltr'><strong>atque</strong></span> <span class='ocrx_word' id='word_1_736' title='bbox 1245 5234 1702 5300; x_wconf 87' lang='lat' dir='ltr'><strong>consumendum,</strong></span> <span class='ocrx_word' id='word_1_737' title='bbox 1721 5242 2012 5304; x_wconf 87' lang='lat' dir='ltr'><strong>pr0pterea</strong></span> 
     </span>
    </p>
   </div>
   <div class='ocr_carea' id='block_1_102' title="bbox 435 5326 2014 5404">
    <p class='ocr_par' dir='ltr' id='par_1_102' title="bbox 435 5326 2014 5404">
     <span class='ocr_line' id='line_1_102' title="bbox 435 5326 2014 5404; baseline -0.006 -15"><span class='ocrx_word' id='word_1_738' title='bbox 435 5335 586 5391; x_wconf 83' lang='lat' dir='ltr'><strong>addit</strong></span> <span class='ocrx_word' id='word_1_739' title='bbox 619 5353 636 5391; x_wconf 91' lang='lat'><strong>:</strong></span> <span class='ocrx_word' id='word_1_740' title='bbox 670 5343 731 5389; x_wconf 92' lang='lat' dir='ltr'><strong>ut</strong></span> <span class='ocrx_word' id='word_1_741' title='bbox 755 5333 802 5390; x_wconf 85' lang='lat' dir='ltr'><strong>si</strong></span> <span class='ocrx_word' id='word_1_742' title='bbox 841 5346 1009 5404; x_wconf 88' lang='lat' dir='ltr'><strong>opera</strong></span> <span class='ocrx_word' id='word_1_743' title='bbox 1042 5331 1272 5386; x_wconf 87' lang='lat' dir='ltr'><strong>ardeant</strong></span> <span class='ocrx_word' id='word_1_744' title='bbox 1318 5339 1484 5400; x_wconf 89' lang='lat' dir='ltr'><strong>atque</strong></span> <span class='ocrx_word' id='word_1_745' title='bbox 1525 5326 1862 5396; x_wconf 79' lang='lat' dir='ltr'><strong>dispareant,</strong></span> <span class='ocrx_word' id='word_1_746' title='bbox 1903 5341 2014 5382; x_wconf 90' lang='lat' dir='ltr'><strong>non</strong></span> 
     </span>
    </p>
   </div>
   <div class='ocr_carea' id='block_1_103' title="bbox 506 5443 2022 5517">
    <p class='ocr_par' dir='ltr' id='par_1_103' title="bbox 506 5443 2022 5517">
     <span class='ocr_line' id='line_1_103' title="bbox 506 5443 2022 5517; baseline -0.007 -13"><span class='ocrx_word' id='word_1_747' title='bbox 506 5461 536 5504; x_wconf 69' lang='grc' dir='ltr'>ι»</span> <span class='ocrx_word' id='word_1_748' title='bbox 562 5451 725 5508; x_wconf 83' lang='lat' dir='ltr'><strong>Rom.</strong></span> <span class='ocrx_word' id='word_1_749' title='bbox 756 5464 874 5517; x_wconf 77' lang='lat' dir='ltr'><strong>xw,</strong></span> <span class='ocrx_word' id='word_1_750' title='bbox 897 5448 952 5506; x_wconf 90' lang='lat'><strong>9.</strong></span> <span class='ocrx_word' id='word_1_751' title='bbox 1028 5455 1057 5498; x_wconf 77' lang='grc' dir='ltr'>(ι</span> <span class='ocrx_word' id='word_1_752' title='bbox 1087 5445 1109 5502; x_wconf 89' lang='grc' dir='ltr'>Ι</span> <span class='ocrx_word' id='word_1_753' title='bbox 1152 5444 1306 5502; x_wconf 91' lang='lat' dir='ltr'><strong>Petr.</strong></span> <span class='ocrx_word' id='word_1_754' title='bbox 1337 5459 1420 5512; x_wconf 91' lang='grc' dir='ltr'>ιιι,</span> <span class='ocrx_word' id='word_1_755' title='bbox 1465 5444 1553 5500; x_wconf 79' lang='lat' dir='ltr'><strong>i9.</strong></span> <span class='ocrx_word' id='word_1_756' title='bbox 1633 5453 1657 5484; x_wconf 72' lang='grc' dir='ltr'><em>τ</em></span> <span class='ocrx_word' id='word_1_757' title='bbox 1693 5444 1826 5501; x_wconf 90' lang='lat' dir='ltr'><strong>ibid.</strong></span> <span class='ocrx_word' id='word_1_758' title='bbox 1861 5458 1936 5510; x_wconf 83' lang='lat' dir='ltr'><strong>iv,</strong></span> <span class='ocrx_word' id='word_1_759' title='bbox 1967 5443 2022 5495; x_wconf 77' lang='lat' dir='ltr'><strong>ti.</strong></span> 
     </span>
    </p>
   </div>
   <div class='ocr_carea' id='block_1_104' title="bbox 2126 4491 3707 4566">
    <p class='ocr_par' dir='ltr' id='par_1_104' title="bbox 2126 4491 3707 4566">
     <span class='ocr_line' id='line_1_104' title="bbox 2126 4491 3707 4566; baseline -0.004 -18"><span class='ocrx_word' id='word_1_760' title='bbox 2126 4493 2292 4566; x_wconf 77' lang='grc' dir='ltr'>σαρκὶ</span> <span class='ocrx_word' id='word_1_761' title='bbox 2315 4493 2446 4565; x_wconf 74' lang='grc' dir='ltr'>ψιλῇ</span> <span class='ocrx_word' id='word_1_762' title='bbox 2483 4493 2580 4548; x_wconf 74' lang='grc' dir='ltr'>καὶ</span> <span class='ocrx_word' id='word_1_763' title='bbox 2615 4496 2800 4566; x_wconf 85' lang='grc' dir='ltr'>πάσης</span> <span class='ocrx_word' id='word_1_764' title='bbox 2825 4495 3204 4565; x_wconf 84' lang='grc' dir='ltr'>πνευματικῆς</span> <span class='ocrx_word' id='word_1_765' title='bbox 3230 4491 3638 4564; x_wconf 82' lang='grc' dir='ltr'>κεχωρισμένον</span> <span class='ocrx_word' id='word_1_766' title='bbox 3659 4491 3707 4522; x_wconf 85' lang='grc'><strong>⁸⁸</strong></span> 
     </span>
    </p>
   </div>
   <div class='ocr_carea' id='block_1_105' title="bbox 2123 4585 3709 4657">
    <p class='ocr_par' dir='ltr' id='par_1_105' title="bbox 2123 4585 3709 4657">
     <span class='ocr_line' id='line_1_105' title="bbox 2123 4585 3709 4657; baseline -0.004 -18"><span class='ocrx_word' id='word_1_767' title='bbox 2123 4586 2347 4657; x_wconf 87' lang='grc' dir='ltr'>χάριτος</span> <span class='ocrx_word' id='word_1_768' title='bbox 2375 4587 2467 4640; x_wconf 80' lang='grc' dir='ltr'>τὸν</span> <span class='ocrx_word' id='word_1_769' title='bbox 2517 4586 2633 4657; x_wconf 84' lang='grc' dir='ltr'>βίον</span> <span class='ocrx_word' id='word_1_770' title='bbox 2661 4585 2730 4641; x_wconf 86' lang='grc' dir='ltr'><strong>δι’</strong></span> <span class='ocrx_word' id='word_1_771' title='bbox 2763 4585 2962 4650; x_wconf 89' lang='grc' dir='ltr'>αίῶνος</span> <span class='ocrx_word' id='word_1_772' title='bbox 2993 4586 3368 4653; x_wconf 80' lang='grc' dir='ltr'>ὲξαναλίσκειν</span> <span class='ocrx_word' id='word_1_773' title='bbox 3410 4585 3505 4638; x_wconf 72' lang='grc' dir='ltr'>καὶ</span> <span class='ocrx_word' id='word_1_774' title='bbox 3538 4600 3709 4636; x_wconf 83' lang='grc' dir='ltr'>κατα-</span> 
     </span>
    </p>
   </div>
   <div class='ocr_carea' id='block_1_106' title="bbox 2121 4673 3709 4752">
    <p class='ocr_par' dir='ltr' id='par_1_106' title="bbox 2121 4673 3709 4752">
     <span class='ocr_line' id='line_1_106' title="bbox 2121 4673 3709 4752; baseline -0.003 -20"><span class='ocrx_word' id='word_1_775' title='bbox 2121 4679 2428 4750; x_wconf 84' lang='grc' dir='ltr'>τρίϐεσθαι.</span> <span class='ocrx_word' id='word_1_776' title='bbox 2463 4681 2622 4733; x_wconf 87' lang='grc' dir='ltr'>Ἐστι</span> <span class='ocrx_word' id='word_1_777' title='bbox 2670 4679 2855 4752; x_wconf 86' lang='grc' dir='ltr'>μέντοι</span> <span class='ocrx_word' id='word_1_778' title='bbox 2897 4679 2993 4734; x_wconf 73' lang='grc' dir='ltr'>καὶ</span> <span class='ocrx_word' id='word_1_779' title='bbox 3039 4680 3238 4752; x_wconf 79' lang='grc' dir='ltr'>ἑτέραν</span> <span class='ocrx_word' id='word_1_780' title='bbox 3283 4677 3577 4732; x_wconf 89' lang='grc' dir='ltr'>ἀποδοῦναι</span> <span class='ocrx_word' id='word_1_781' title='bbox 3614 4673 3709 4729; x_wconf 89' lang='grc' dir='ltr'><strong>τοῦ</strong></span> 
     </span>
    </p>
   </div>
   <div class='ocr_carea' id='block_1_107' title="bbox 2126 4762 3711 4842">
    <p class='ocr_par' dir='ltr' id='par_1_107' title="bbox 2126 4762 3711 4842">
     <span class='ocr_line' id='line_1_107' title="bbox 2126 4762 3711 4842; baseline -0.005 -17"><span class='ocrx_word' id='word_1_782' title='bbox 2126 4771 2293 4842; x_wconf 79' lang='grc' dir='ltr'>ῥητοῦ</span> <span class='ocrx_word' id='word_1_783' title='bbox 2321 4770 2670 4841; x_wconf 87' lang='grc' dir='ltr'>διασάφησιν.</span> <span class='ocrx_word' id='word_1_784' title='bbox 2718 4771 2777 4824; x_wconf 85' lang='grc'><strong>’0</strong></span> <span class='ocrx_word' id='word_1_785' title='bbox 2808 4769 2950 4834; x_wconf 79' lang='grc' dir='ltr'>θεῖός</span> <span class='ocrx_word' id='word_1_786' title='bbox 2996 4786 3130 4840; x_wconf 85' lang='grc' dir='ltr'>φησι</span> <span class='ocrx_word' id='word_1_787' title='bbox 3161 4767 3394 4833; x_wconf 80' lang='grc' dir='ltr'>Παῦλος,</span> <span class='ocrx_word' id='word_1_788' title='bbox 3427 4762 3510 4821; x_wconf 86' lang='grc' dir='ltr'><strong>Οὗ</strong></span> <span class='ocrx_word' id='word_1_789' title='bbox 3544 4781 3711 4830; x_wconf 84' lang='grc' dir='ltr'>τινος</span> 
     </span>
    </p>
   </div>
   <div class='ocr_carea' id='block_1_108' title="bbox 2123 4855 3706 4934">
    <p class='ocr_par' dir='ltr' id='par_1_108' title="bbox 2123 4855 3706 4934">
     <span class='ocr_line' id='line_1_108' title="bbox 2123 4855 3706 4934; baseline -0.006 -16"><span class='ocrx_word' id='word_1_790' title='bbox 2123 4864 2191 4918; x_wconf 85' lang='grc' dir='ltr'>τὸ</span> <span class='ocrx_word' id='word_1_791' title='bbox 2229 4863 2409 4934; x_wconf 75' lang='grc' dir='ltr'>ἔργον</span> <span class='ocrx_word' id='word_1_792' title='bbox 2433 4862 2916 4931; x_wconf 77' lang='grc' dir='ltr'>κατακαήσεται,</span> <span class='ocrx_word' id='word_1_793' title='bbox 2964 4860 3414 4930; x_wconf 83' lang='grc' dir='ltr'>ζημιωθήσεται,</span> <span class='ocrx_word' id='word_1_794' title='bbox 3453 4856 3582 4931; x_wconf 67' lang='grc'><strong>[640</strong></span> <span class='ocrx_word' id='word_1_795' title='bbox 3614 4855 3706 4926; x_wconf 77' lang='grc' dir='ltr'><strong>Β.]</strong></span> 
     </span>
    </p>
   </div>
   <div class='ocr_carea' id='block_1_109' title="bbox 2122 4948 3710 5023">
    <p class='ocr_par' dir='ltr' id='par_1_109' title="bbox 2122 4948 3710 5023">
     <span class='ocr_line' id='line_1_109' title="bbox 2122 4948 3710 5023; baseline -0.005 -15"><span class='ocrx_word' id='word_1_796' title='bbox 2122 4955 2308 5021; x_wconf 83' lang='grc' dir='ltr'>αὐτὸς</span> <span class='ocrx_word' id='word_1_797' title='bbox 2327 4954 2396 5008; x_wconf 81' lang='grc' dir='ltr'>δὲ</span> <span class='ocrx_word' id='word_1_798' title='bbox 2431 4956 2794 5023; x_wconf 83' lang='grc' dir='ltr'>σωθήσεται,</span> <span class='ocrx_word' id='word_1_799' title='bbox 2818 4953 3009 5020; x_wconf 85' lang='grc' dir='ltr'>οὕτως</span> <span class='ocrx_word' id='word_1_800' title='bbox 3037 4951 3104 5006; x_wconf 80' lang='grc' dir='ltr'>δὲ</span> <span class='ocrx_word' id='word_1_801' title='bbox 3127 4953 3208 5018; x_wconf 87' lang='grc' dir='ltr'>ὠς</span> <span class='ocrx_word' id='word_1_802' title='bbox 3235 4951 3335 5005; x_wconf 83' lang='grc' dir='ltr'>διὰ</span> <span class='ocrx_word' id='word_1_803' title='bbox 3363 4953 3575 5019; x_wconf 82' lang='grc' dir='ltr'>πυρός·</span> <span class='ocrx_word' id='word_1_804' title='bbox 3607 4948 3710 5002; x_wconf 75' lang='grc' dir='ltr'>καὶ</span> 
     </span>
    </p>
   </div>
   <div class='ocr_carea' id='block_1_110' title="bbox 2123 5040 3711 5117">
    <p class='ocr_par' dir='ltr' id='par_1_110' title="bbox 2123 5040 3711 5117">
     <span class='ocr_line' id='line_1_110' title="bbox 2123 5040 3711 5117; baseline -0.005 -16"><span class='ocrx_word' id='word_1_805' title='bbox 2123 5047 2386 5103; x_wconf 77' lang='grc' dir='ltr'>ἑκάστου</span> <span class='ocrx_word' id='word_1_806' title='bbox 2417 5048 2483 5100; x_wconf 88' lang='grc' dir='ltr'>τὸ</span> <span class='ocrx_word' id='word_1_807' title='bbox 2516 5047 2696 5117; x_wconf 73' lang='grc' dir='ltr'>ἔργον</span> <span class='ocrx_word' id='word_1_808' title='bbox 2733 5048 2945 5102; x_wconf 80' lang='grc' dir='ltr'>ὁποῖόν</span> <span class='ocrx_word' id='word_1_809' title='bbox 2968 5047 3122 5113; x_wconf 78' lang='grc' dir='ltr'>ἐστι,</span> <span class='ocrx_word' id='word_1_810' title='bbox 3154 5044 3223 5098; x_wconf 86' lang='grc' dir='ltr'>τὸ</span> <span class='ocrx_word' id='word_1_811' title='bbox 3267 5043 3388 5112; x_wconf 78' lang='grc' dir='ltr'><strong>πῦρ</strong></span> <span class='ocrx_word' id='word_1_812' title='bbox 3424 5041 3574 5097; x_wconf 87' lang='grc' dir='ltr'><strong>αὑτό</strong></span> <span class='ocrx_word' id='word_1_813' title='bbox 3608 5040 3711 5093; x_wconf 82' lang='grc' dir='ltr'><strong>ὅο-</strong></span> 
     </span>
    </p>
   </div>
   <div class='ocr_carea' id='block_1_111' title="bbox 2123 5133 3709 5210">
    <p class='ocr_par' dir='ltr' id='par_1_111' title="bbox 2123 5133 3709 5210">
     <span class='ocr_line' id='line_1_111' title="bbox 2123 5133 3709 5210; baseline -0.008 -16"><span class='ocrx_word' id='word_1_814' title='bbox 2123 5139 2384 5210; x_wconf 82' lang='grc' dir='ltr'>κιμάσει.</span> <span class='ocrx_word' id='word_1_815' title='bbox 2424 5139 2536 5194; x_wconf 76' lang='grc' dir='ltr'><strong>Καὶ</strong></span> <span class='ocrx_word' id='word_1_816' title='bbox 2571 5139 2658 5191; x_wconf 80' lang='grc' dir='ltr'>ἵνα</span> <span class='ocrx_word' id='word_1_817' title='bbox 2691 5140 2766 5209; x_wconf 80' lang='grc' dir='ltr'>μή</span> <span class='ocrx_word' id='word_1_818' title='bbox 2803 5155 2889 5200; x_wconf 88' lang='grc' dir='ltr'><strong>τις</strong></span> <span class='ocrx_word' id='word_1_819' title='bbox 2934 5137 3128 5207; x_wconf 79' lang='grc' dir='ltr'>νομίσῃ</span> <span class='ocrx_word' id='word_1_820' title='bbox 3171 5134 3359 5204; x_wconf 83' lang='grc' dir='ltr'>ῶσπερ</span> <span class='ocrx_word' id='word_1_821' title='bbox 3397 5134 3497 5204; x_wconf 82' lang='grc' dir='ltr'>τὴν</span> <span class='ocrx_word' id='word_1_822' title='bbox 3526 5133 3709 5200; x_wconf 88' lang='grc' dir='ltr'>ἀμαρ-</span> 
     </span>
    </p>
   </div>
   <div class='ocr_carea' id='block_1_112' title="bbox 2121 5223 3708 5300">
    <p class='ocr_par' dir='ltr' id='par_1_112' title="bbox 2121 5223 3708 5300">
     <span class='ocr_line' id='line_1_112' title="bbox 2121 5223 3708 5300; baseline -0.006 -15"><span class='ocrx_word' id='word_1_823' title='bbox 2121 5233 2264 5296; x_wconf 87' lang='grc' dir='ltr'>τίαν,</span> <span class='ocrx_word' id='word_1_824' title='bbox 2300 5231 2446 5286; x_wconf 76' lang='grc' dir='ltr'>οὕτω</span> <span class='ocrx_word' id='word_1_825' title='bbox 2499 5231 2598 5284; x_wconf 78' lang='grc' dir='ltr'>καὶ</span> <span class='ocrx_word' id='word_1_826' title='bbox 2651 5229 2741 5284; x_wconf 77' lang='grc' dir='ltr'><strong>τὸν</strong></span> <span class='ocrx_word' id='word_1_827' title='bbox 2787 5229 3251 5300; x_wconf 78' lang='grc' dir='ltr'>ὲξαμαρτήσαντα</span> <span class='ocrx_word' id='word_1_828' title='bbox 3306 5223 3708 5280; x_wconf 85' lang='grc' dir='ltr'>κατακαίεσθαι</span> 
     </span>
    </p>
   </div>
   <div class='ocr_carea' id='block_1_113' title="bbox 2125 5315 3708 5396">
    <p class='ocr_par' dir='ltr' id='par_1_113' title="bbox 2125 5315 3708 5396">
     <span class='ocr_line' id='line_1_113' title="bbox 2125 5315 3708 5396; baseline -0.006 -18"><span class='ocrx_word' id='word_1_829' title='bbox 2125 5324 2220 5380; x_wconf 73' lang='grc' dir='ltr'>καὶ</span> <span class='ocrx_word' id='word_1_830' title='bbox 2239 5323 2322 5389; x_wconf 82' lang='grc' dir='ltr'><strong>είς</strong></span> <span class='ocrx_word' id='word_1_831' title='bbox 2352 5324 2665 5396; x_wconf 82' lang='grc' dir='ltr'>ἀφανισμὸν</span> <span class='ocrx_word' id='word_1_832' title='bbox 2683 5325 2906 5393; x_wconf 84' lang='grc' dir='ltr'>χωρεῖν,</span> <span class='ocrx_word' id='word_1_833' title='bbox 2944 5322 3141 5387; x_wconf 71' lang='grc' dir='ltr'>ἐπάγει</span> <span class='ocrx_word' id='word_1_834' title='bbox 3175 5320 3250 5381; x_wconf 83' lang='grc' dir='ltr'>ὡς</span> <span class='ocrx_word' id='word_1_835' title='bbox 3277 5319 3326 5371; x_wconf 86' lang='grc' dir='ltr'>εἰ</span> <span class='ocrx_word' id='word_1_836' title='bbox 3356 5317 3449 5370; x_wconf 75' lang='grc' dir='ltr'>καὶ</span> <span class='ocrx_word' id='word_1_837' title='bbox 3475 5315 3548 5370; x_wconf 78' lang='grc' dir='ltr'>τὰ</span> <span class='ocrx_word' id='word_1_838' title='bbox 3569 5316 3708 5386; x_wconf 76' lang='grc' dir='ltr'>ἔργα</span> 
     </span>
    </p>
   </div>
   <div class='ocr_carea' id='block_1_114' title="bbox 2205 5438 2760 5508">
    <p class='ocr_par' dir='ltr' id='par_1_114' title="bbox 2205 5438 2760 5508">
     <span class='ocr_line' id='line_1_114' title="bbox 2205 5438 2760 5508; baseline 0 -14"><span class='ocrx_word' id='word_1_839' title='bbox 2205 5448 2228 5477; x_wconf 80' lang='grc'><strong><em>³</em></strong></span> <span class='ocrx_word' id='word_1_840' title='bbox 2259 5439 2427 5497; x_wconf 88' lang='lat' dir='ltr'><strong>lCor.</strong></span> <span class='ocrx_word' id='word_1_841' title='bbox 2460 5455 2545 5508; x_wconf 89' lang='grc' dir='ltr'>ιιι,</span> <span class='ocrx_word' id='word_1_842' title='bbox 2567 5438 2760 5494; x_wconf 73' lang='grc'><strong>15-15.</strong></span> 
     </span>
    </p>
   </div>
   <div class='ocr_carea' id='block_1_115' title="bbox 1720 5555 2388 5614">
    <p class='ocr_par' dir='ltr' id='par_1_115' title="bbox 1720 5555 2388 5614">
     <span class='ocr_line' id='line_1_115' title="bbox 1720 5555 2388 5614; baseline -0.003 0"><span class='ocrx_word' id='word_1_843' title='bbox 1720 5558 1954 5614; x_wconf 67' lang='grc' dir='ltr'>νΑιιιΑε</span> <span class='ocrx_word' id='word_1_844' title='bbox 1980 5555 2388 5613; x_wconf 84' lang='lat' dir='ltr'><strong>LECTIONES.</strong></span> 
     </span>
    </p>
   </div>
   <div class='ocr_carea' id='block_1_116' title="bbox 501 5635 3704 5726">
    <p class='ocr_par' dir='ltr' id='par_1_116' title="bbox 501 5635 3704 5726">
     <span class='ocr_line' id='line_1_116' title="bbox 501 5635 3704 5726; baseline -0.005 -19"><span class='ocrx_word' id='word_1_845' title='bbox 501 5652 737 5726; x_wconf 63' lang='grc' dir='ltr'>δἀυτὴν</span> <span class='ocrx_word' id='word_1_846' title='bbox 777 5668 831 5708; x_wconf 86' lang='grc' dir='ltr'><strong>ιιι</strong></span> <span class='ocrx_word' id='word_1_847' title='bbox 865 5669 974 5724; x_wconf 72' lang='lat' dir='ltr'><strong>mg.</strong></span> <span class='ocrx_word' id='word_1_848' title='bbox 1015 5654 1178 5709; x_wconf 88' lang='lat' dir='ltr'><strong>habet</strong></span> <span class='ocrx_word' id='word_1_849' title='bbox 1203 5655 1270 5726; x_wconf 71' lang='grc' dir='ltr'>ᾼ.</span> <span class='ocrx_word' id='word_1_850' title='bbox 1311 5651 1506 5726; x_wconf 71' lang='lat' dir='ltr'><strong>_&#39;°_ei;</strong></span> <span class='ocrx_word' id='word_1_851' title='bbox 1557 5649 1927 5726; x_wconf 66' lang='lat' dir='ltr'><strong>roﬁ:o]_liom.</strong></span> <span class='ocrx_word' id='word_1_852' title='bbox 1963 5650 2169 5726; x_wconf 44' lang='grc' dir='ltr'>σιγης).</span> <span class='ocrx_word' id='word_1_853' title='bbox 2249 5651 2291 5682; x_wconf 79' lang='grc'><strong>⁵⁸</strong></span> <span class='ocrx_word' id='word_1_854' title='bbox 2323 5647 2459 5726; x_wconf 61' lang='grc' dir='ltr'>τοῖς]</span> <span class='ocrx_word' id='word_1_855' title='bbox 2506 5646 2528 5702; x_wconf 89' lang='grc'><strong>1</strong></span> <span class='ocrx_word' id='word_1_856' title='bbox 2570 5647 2719 5703; x_wconf 85' lang='lat' dir='ltr'><strong>Petr.</strong></span> <span class='ocrx_word' id='word_1_857' title='bbox 2772 5659 2864 5726; x_wconf 85' lang='lat' dir='ltr'><strong>_m,</strong></span> <span class='ocrx_word' id='word_1_858' title='bbox 2921 5642 3008 5697; x_wconf 84' lang='lat' dir='ltr'><strong>i9.</strong></span> <span class='ocrx_word' id='word_1_859' title='bbox 3096 5642 3142 5675; x_wconf 79' lang='lat'>”</span> <span class='ocrx_word' id='word_1_860' title='bbox 3171 5636 3286 5715; x_wconf 82' lang='grc' dir='ltr'>ἵνα]</span> <span class='ocrx_word' id='word_1_861' title='bbox 3331 5637 3470 5696; x_wconf 85' lang='lat' dir='ltr'><strong>ibid.</strong></span> <span class='ocrx_word' id='word_1_862' title='bbox 3519 5653 3593 5704; x_wconf 84' lang='lat' dir='ltr'><strong>tv,</strong></span> <span class='ocrx_word' id='word_1_863' title='bbox 3647 5635 3704 5692; x_wconf 82' lang='lat'><strong>6.</strong></span> 
     </span>
    </p>
   </div>
   <div class='ocr_carea' id='block_1_117' title="bbox 431 5716 2991 5790">
    <p class='ocr_par' dir='ltr' id='par_1_117' title="bbox 431 5716 2991 5790">
     <span class='ocr_line' id='line_1_117' title="bbox 431 5716 2991 5790; baseline -0.004 -10"><span class='ocrx_word' id='word_1_864' title='bbox 431 5721 481 5756; x_wconf 82' lang='grc'><strong>³⁸</strong></span> <span class='ocrx_word' id='word_1_865' title='bbox 513 5716 860 5780; x_wconf 73' lang='grc' dir='ltr'>ἀπολαύωσιν</span> <span class='ocrx_word' id='word_1_866' title='bbox 905 5716 1052 5782; x_wconf 71' lang='grc' dir='ltr'>ὡιτ.</span> <span class='ocrx_word' id='word_1_867' title='bbox 1087 5726 1128 5782; x_wconf 76' lang='grc' dir='ltr'>Α</span> <span class='ocrx_word' id='word_1_868' title='bbox 1167 5721 1567 5781; x_wconf 77' lang='grc' dir='ltr'>ιάπολαύουσιν</span> <span class='ocrx_word' id='word_1_869' title='bbox 1607 5739 1667 5788; x_wconf 88' lang='grc' dir='ltr'><strong>ς.</strong></span> <span class='ocrx_word' id='word_1_870' title='bbox 1718 5716 1795 5755; x_wconf 70' lang='grc'><strong>’⁸⁸</strong></span> <span class='ocrx_word' id='word_1_871' title='bbox 1827 5720 2219 5790; x_wconf 82' lang='grc' dir='ltr'>κεφαλαιοῦται</span> <span class='ocrx_word' id='word_1_872' title='bbox 2254 5737 2313 5786; x_wconf 81' lang='grc' dir='ltr'><strong>ς.</strong></span> <span class='ocrx_word' id='word_1_873' title='bbox 2391 5716 2897 5789; x_wconf 80' lang='grc' dir='ltr'>⁵³’κεχωρισμένων</span> <span class='ocrx_word' id='word_1_874' title='bbox 2928 5731 2991 5779; x_wconf 84' lang='grc' dir='ltr'><strong>ς.</strong></span> 
     </span>
    </p>
   </div>
  </div>
