3972 6248
328 235 441 300 805

1415 229 1939 293 BIBLIOTHECA.
1978 228 2229 291 -COD.
2269 228 2549 290 CCXXII.

3484 233 3595 299 806

329 341 739 412 κατακαήσεται
768 340 866 394 καὶ
896 340 1343 412 ἀφανισθήσεται,
1382 342 1499 399 ἀλλ’
1539 342 1702 403 αὐτὸς
1733 344 1762 396 6
1800 340 1903 411 τῆς

2026 352 2187 391 amen
2225 336 2400 403 ipsum
2431 341 2778 403 peccatorem
2807 349 2910 389 una
2948 334 3364 406 dispariturnm.
3402 339 3593 398 Salua-

326 434 603 507 ἀμαρτίας
636 432 876 502 ἐργάτης
906 433 967 484 οὐ
999 433 1549 503 συναφανισθήσεται·
1594 434 1901 504 σωθήσεται

325 528 403 592 δὲ,
440 525 685 578 τουτέστι
717 523 962 590 διαμενεῖ
984 525 1051 594 τῇ
1092 524 1330 593 διηνεκεῖ
1355 522 1575 579 κολάσει
1603 526 1903 596 συντηρούο

330 635 513 689 μενος.
564 616 682 670 Ἵνα
730 614 788 668 δὲ
820 614 877 667 τὸ
927 614 1264 681 σωθήσεται
1289 616 1364 687 μὴ
1409 615 1538 690 δόξῃ
1582 616 1759 686 λέγειν
1790 619 1905 681 τοῖς

327 705 692 778 αίρετίζουσιν
716 704 791 768 ὡς
816 706 915 775 τῆς
948 702 1223 775 ἁμαρτίας
1248 706 1646 778 δαπανωμένης
1675 708 1771 761 καὶ
1796 708 1906 760 τῶν

327 793 669 867 ἁμαρτωλῶν
698 793 931 858 ἕκαστος
963 796 1055 848 τοῦ
1084 796 1249 866 χοροῦ
1281 799 1391 851 τῶν
1420 798 1646 851 δικαίων
1679 797 1906 852 καὶτῶν

332 887 656 955 σωζομένων
680 888 993 956 γενήσεται,
1020 887 1121 958 τῆς
1143 888 1243 955 μὲν
1268 890 1541 953 κολάσεως
1567 890 1903 959 παυομένης,

329 979 430 1048 τῆς
457 977 504 1033 δ’
526 976 879 1039 ἀπολαύσεως
905 979 1092 1047 κοινῆς
1118 979 1291 1032 ἅπασι
1318 980 1739 1050 προτιθεμένης,
1771 981 1908 1050 μετά

329 1069 393 1122 τὸ
421 1069 760 1135 Σωθήσεται
793 1069 1013 1137 ἐπάγει,
1040 1070 1137 1139 τὴν
1176 1070 1401 1141 γνώμην
1434 1071 1613 1126 αὐτῶν
1649 1070 1909 1141 ἐμφανῶς

333 1161 750 1231 καταστρέφων,
775 1162 962 1228 οὕτως
981 1162 1049 1214 δὲ
1072 1164 1149 1228 ὡς
1179 1162 1277 1216 διὰ
1301 1163 1516 1231 πυρὸς,
1545 1166 1790 1217 τουτέστι
1813 1168 1912 1235 τῆς

333 1252 424 1305 διὰ
450 1253 621 1323 πυρὸς
659 1253 932 1323 τιμωρίας
965 1254 1065 1306 οὐκ
1094 1254 1485 1325 ἀπολυόμενος.
1522 1256 1913 1326 Παραπλήσιον

333 1343 514 1397 τοίνυν
553 1345 671 1397 ἐστὶ
698 1344 791 1397 καὶ
819 1346 957 1415 ὅπερ
994 1347 1211 1416 εἴρηται
1241 1348 1369 1417 περὶ
1408 1347 1516 1401 τῶν
1546 1349 1605 1401 ὲν
1647 1349 1808 1419 ’ᾼδου
1838 1348 1913 1419 μὴ

337 1437 749 1491 πιστευσάντων
792 1437 868 1507 τῷ
918 1437 1157 1507 Χριστῷ.
1206 1437 1461 1491 Βούλεται
1487 1439 1595 1509 γὰρ
1627 1438 1819 1508 δηλοῦν
1852 1439 1916 1492 τὸ

336 1530 472 1583 Ἵνα
503 1526 749 1596 κριθῶσι
776 1528 953 1596 σαρκὶ
974 1569 990 1594 ,
1020 1530 1116 1582 καὶ
1150 1529 1302 1597 ἑξῆς,
1328 1529 1389 1582 τὸ
1410 1530 1666 1602 κριθῆναι
1693 1531 1793 1600 μὲν
1820 1531 1918 1584 a6-

333 1622 463 1685 τοὺς
508 1620 732 1674 τοιαῦτα
772 1614 861 1673 οἷα
903 1622 1117 1689 πέφυκε
1168 1620 1455 1689 κρίνεσθαι
1494 1621 1667 1691 σὰρξ,
1714 1621 1813 1693 ζῇν
1859 1622 1914 1676 δὲ

2010 428 2159 481 bitur
2179 444 2319 491 vero,
2348 429 2455 482 hoc
2474 436 2585 488 est,
2609 437 2886 496 perpetua:
2917 430 3156 484 manebit
3209 445 3383 499 pmnae
3413 450 3593 489 reser—

2002 529 2179 573 vatus.
2196 519 2266 572 At
2279 534 2348 573 ne
2364 518 2512 584 illud,
2537 516 3113 584 Salvabitur,videatur
3130 522 3311 577 dicere
3324 527 3592 592 sectariis,

2001 611 2153 679 quasi
2181 621 2403 679 peccato
2427 625 2689 681 expenso,
2714 623 3056 683 peccatorum
3081 615 3305 684 quilibet
3340 618 3404 671 ad
3422 616 3596 683 justo-

2003 717 2123 755 rum
2145 712 2308 771 atque
2329 702 2660 757 salvatorum
2695 716 2893 760 cretum
2912 708 3283 778 adjungendus
3301 712 3597 777 esset(ces-

2003 799 2160 844 sante
2190 792 2463 847 nimirum
2485 809 2666 861 poena,
2689 811 2752 849 ac
2776 800 3049 852 communi
3074 800 3322 853 omnibus
3345 801 3598 857 libertate

2004 880 2327 951 proposita),
2359 892 2480 951 post
2509 883 2656 950 illud,
2696 883 3018 954 Saluabitur,
3043 888 3211 955 addit,
3230 892 3372 958 quod
3407 906 3597 946 eorum

2006 974 2332 1027 sententiam
2391 975 2733 1031 manifestius
2778 980 3024 1033 evertit:
3077 980 3170 1035 Sic
3219 993 3394 1036 tamen
3446 988 3600 1053 quasi

2006 1079 2102 1133 per
2137 1066 2330 1134 ignem,
2374 1065 2427 1120 id
2486 1076 2590 1132 est,
2646 1069 2713 1122 ab
2776 1069 2914 1138 ignis
2969 1084 3126 1139 paena
3165 1088 3271 1127 non
3315 1075 3595 1131 liberatus.

2012 1155 2184 1210 Aﬂine
2224 1158 2387 1227 igitur
2422 1166 2476 1211 et
2517 1158 2650 1213 illud
2679 1170 2781 1223 est,
2826 1163 2969 1229 quod
2991 1164 3058 1216 de
3086 1164 3152 1217 iis
3204 1165 3467 1230 diximus,
3499 1168 3591 1234 qui

2015 1249 2156 1316 apud
2187 1249 2394 1303 inferos
2417 1249 2640 1305 Christo
2678 1252 2904 1307 credere
2939 1252 3251 1310 noluerunt.
3284 1257 3398 1311 Hoc
3422 1258 3597 1323 enim,

2015 1353 2069 1397 ut
2086 1341 2399 1410 judicentur
2425 1359 2605 1408 carne,
2642 1354 2697 1398 et
2720 1359 2841 1414 quae
2888 1356 3217 1415 sequuntur,
3248 1349 3489 1406 indicare
3514 1352 3600 1406 vi-

2016 1434 2478 1504 deturjudicatos
2517 1436 2737 1504 quidem
2778 1436 2924 1505 ipsos
2987 1454 3111 1493 esse
3160 1439 3227 1495 ad
3278 1444 3491 1508 eadem,
3531 1445 3600 1498 ad

2018 1541 2138 1595 quae
2168 1541 2298 1582 caro
2331 1525 2564 1596 judicari
2591 1542 2656 1581 ac
2696 1528 3048 1583 condemnari
3074 1533 3249 1598 solet;
3289 1536 3383 1589 sed
3418 1536 3601 1590 vivere

2020 1619 2395 1683 nihilominus,
2453 1633 2559 1673 non
2602 1626 2860 1689 tanquam
2937 1626 3310 1694 corruptibilis
3350 1643 3500 1694 caro,
3546 1636 3602 1683 et

334 1719 485 1788 ὅμως
509 1718 607 1786 οὐχ
637 1710 727 1771 οἷα
755 1715 1087 1786 φθειρομένη
1118 1715 1255 1787 σὰρξ
1280 1718 1374 1769 καὶ
1400 1719 1467 1787 τῇ
1500 1716 1761 1788 βαρύτητι
1789 1717 1913 1770 λυο-

2026 1726 2137 1781 qua:
2165 1726 2446 1782 ptenarum
2469 1711 2737 1780 gravitate
2769 1713 3035 1779 solvatur,
3070 1730 3256 1770 verum
3278 1718 3373 1783 ita,
3392 1728 3453 1773 ut
3478 1735 3598 1774 cum

337 1810 475 1879 μένη
502 1808 610 1860 τῶν
641 1805 936 1871 κολάσεων,
970 1805 1311 1877 ἀνωλέθρους
1348 1803 1469 1877 [351
1508 1804 1604 1877 Η.]
1642 1806 1699 1859 δὲ
1729 1807 1794 1876 τῇ
1825 1804 1917 1858 δυ-

335 1901 501 1967 νάμει
551 1899 943 1969 συνεχομένους
1016 1895 1113 1950 τοῦ
1178 1896 1325 1951 θείου
1402 1897 1754 1968 Πνεύματος,
1822 1900 1918 1954 καὶ

336 1992 652 2062 ἀφθάρτους
700 1990 962 2061 ἀφθάρτῳ
1010 1989 1233 2043 κολάσει
1274 1990 1373 2061 τὴν
1422 1990 1781 2061 ἀτελεύτητον
1823 1992 1920 2046 καὶ

338 2084 597 2137 ἐπίπονον
629 2082 778 2155 ζωὴν
817 2080 1156 2146 διανύοντας.
1214 2081 1353 2135 Ἀλλ’
1395 2084 1428 2154 ἠ
1480 2083 1583 2153 μὲν
1624 2084 1717 2137 τοῦ
1751 2084 1916 2155 ῥητοῦ

338 2178 666 2246 διασάςρησις
690 2176 765 2238 ὡς
789 2179 846 2228 ἐν
874 2176 1240 2247 παρεκϐάσειο
1264 2179 1293 2229 6
1322 2177 1381 2229 δὲ
1407 2176 1609 2240 σκοπὸς
1637 2172 1705 2247 ἦν
1736 2194 1919 2248 παρα-

341 2269 539 2338 στῆσαι
565 2268 639 2330 ὡς
667 2267 763 2320 καὶ
797 2267 936 2339 ὑπὲρ
976 2266 1195 2332 ζώντων
1223 2269 1317 2320 καὶ
1346 2268 1485 2339 ὑπὲρ
1510 2268 1619 2322 τῶν
1653 2269 1714 2333 ἐξ
1748 2269 1921 2338 Ἀδάμ

339 2360 513 2413 πάλαι
540 2358 851 2412 τεθνεώτων
871 2360 899 2411 6
924 2359 1100 2424 κοινὸς
1121 2361 1402 2430 Δεσπότης
1426 2361 1521 2414 καὶ
1548 2361 1741 2434 Σωτὴρ
1765 2361 1921 2433 ἡμῶν

339 2452 551 2522 ὑπέστη
584 2451 677 2503 τὸν
722 2451 972 2517 θάνατον,
1008 2452 1103 2505 καὶ
1148 2451 1217 2506 δι’
1260 2453 1426 2507 αὐτοῦ
1465 2454 1501 2524 ἠ
1542 2454 1789 2526 σωτηρία
1828 2454 1923 2508 καὶ

340 2542 672 2613 κηρύττεται
704 2546 839 2595 πᾶσι
886 2543 982 2596 καὶ
1023 2541 1377 2614 βραδεύεται.
1428 2543 1593 2599 Ἀλλά
1622 2544 1689 2597 δι’
1718 2540 1793 2598 ὧν
1822 2544 1922 2615 μὲν

339 2633 492 2702 αὐτῷ
538 2634 1009 2699 κατασκευάζεται
1054 2636 1116 2689 τὸ
1159 2639 1543 2709 προκείμενον,
1582 2638 1655 2693 ,τὸ
1707 2638 1925 2708 πρῶτον

342 2726 561 2796 είρηται
586 2724 694 2777 τῶν
729 2726 1193 2797 ἐπιχειρημάτων.

415 2813 678 2883 Δεύτερον
702 2814 758 2866 δέ
790 2832 954 2885 φησιν
979 2815 1055 2881 ώς
1085 2818 1133 2869 εί
1155 2818 1280 2881 τοὺς
1301 2817 1441 2891 ὑπὲρ
1466 2820 1666 2891 ἀρετῆς
1697 2818 1926 2890 μισθοὺς

342 2906 444 2960 καὶ
479 2909 775 2976 στεφάνους
812 2909 846 2979 ή
886 2908 1185 2973 ἀνάστασις
1234 2911 1506 2980 προξενεῖ,
1544 2915 1571 2965 6
1605 2912 1660 2966 δὲ
1694 2912 1926 2983 σταυρὸς

344 2998 447 3068 τὴν
481 2998 800 3062 ἀνάστασιν,
855 3003 951 3052 καὶ
998 3000 1167 3072 χωρὶς
1211 3002 1380 3071 αὐτῆς
1432 3003 1531 3056 οὑκ
1565 3003 1712 3057 ἔστιν
1744 3003 1924 3058 αὐτῶν

345 3087 682 3143 οὐδένατῶν
727 3090 949 3159 ἀγαθῶν
979 3094 1185 3161 τυχεῖν,
1218 3092 1377 3163 δῆλον
1410 3092 1485 3157 ώς
1535 3094 1675 3164 ὑπὲρ
1708 3095 1926 3148 πάντων

347 3180 509 3252 ἡμῶν
534 3181 633 3252 τῆς
662 3181 937 3253 σωτηρίας
963 3184 991 3235 6
1017 3184 1249 3255 Χριστὸς
1272 3184 1349 3256 τῷ
1370 3186 1586 3257 θανάτῳ
1612 3188 1930 3258 παρέδωκεν

349 3271 567 3324 ἑαυτόν.
610 3270 797 3325 Ταῦτα
832 3269 1002 3325 εἰπὼν
1034 3272 1309 3341 λογοθετεῖ
1344 3277 1437 3328 καὶ
1464 3274 1676 3327 διαπλοῖ
1707 3276 1806 3339 τὴν
1834 3276 1931 3327 Δε-

352 3360 622 3432 σποτικὴν
651 3362 835 3434 φωνὴν
871 3362 970 3433 τὴν
1002 3363 1290 3432 λέγουσαν,
1326 3367 1447 3417 Οὐκ
1465 3364 1507 3395 ⁸⁷
1539 3360 1731 3435 ἦλθον
1755 3363 1931 3418 καλέ-

350 3465 458 3503 σαι
498 3450 787 3519 δικαίους,
847 3452 984 3506 ἀλλ’
1031 3453 1421 3522 ἁμαρτωλοὺς
1458 3455 1545 3520 είς
1586 3451 1927 3522 μετάνοιαν.

354 3540 465 3593 Καί
496 3558 660 3613 φησιν
696 3543 770 3604 ὡς
808 3542 929 3612 οὐχί
966 3543 1190 3613 διαιρῶν
1225 3545 1302 3605 εἰς
1342 3541 1699 3613 ἁμαρτωλοὺς
1728 3540 1823 3593 καὶ
1851 3541 1930 3592 δι-

354 3634 547 3697 καίους
606 3634 668 3687 τὸ
713 3635 823 3689 τῶν
885 3634 1189 3707 ἀνθρώπων
1239 3635 1444 3705 πλῆθος
1489 3636 1518 3689 6
1548 3634 1738 3705 Σωτὴρ
1775 3633 1933 3686 τοῦτο

355 3724 677 3793 ἐφθέγξατο.
722 3726 972 3794 Μάχεται
1016 3727 1124 3797 γὰρ
1156 3727 1189 3795 ἡ
1218 3725 1445 3795 τοιαύτη
1480 3724 1687 3777 διάνοια
1738 3726 1832 3776 καὶ
1864 3725 1929 3794 τῇ

356 3813 701 3886 θεοπνεύστῳ
748 3815 935 3886 Γραφῇ
995 3816 1091 3868 καὶ
1140 3815 1277 3885 αὐτῇ
1321 3818 1389 3885 τῇ
1438 3813 1548 3867 τῶν
1593 3816 1933 3885 πραγμάτων

355 3905 538 3975 φύσει.
585 3908 694 3960 Καὶ
738 3908 846 3979 γὰρ
896 3907 1112 3979 πρῶτον
1141 3909 1240 3979 μὲν
1270 3908 1519 3972 ἅπαντας
1546 3910 1574 3962 6
1604 3908 1781 3972 κοινὸς
1816 3908 1932 3961 Σωη

356 3998 485 4068 τὴρ,
524 3998 619 4051 καὶ
660 3999 781 4068 οὐχὶ
799 4000 843 4031 ⁵⁸
886 4000 1011 4063 τοὺς
1048 3999 1149 4071 μὲν
1193 4002 1321 4063 τοὺς
1353 4001 1398 4054 δ’
1429 4000 1512 4065 οὒ,
1541 4002 1725 4056 ἐκάλει
1759 4017 1817 4053 τε
1843 4002 1935 4053 καὶ

359 4089 459 4154 τῆς
508 4090 781 4157 σωτηρίας
830 4089 1128 4143 ἀπολαύειν
1167 4090 1359 4156 ἐδίδου,
1396 4091 1532 4145 ἀλλὰ
1560 4092 1655 4145 καὶ
1685 4091 1867 4161 κοινὴν
1888 4090 1933 4123 ⁵⁸

361 4178 462 4246 τὴν
499 4180 850 4235 διδασκαλίαν
900 4184 1158 4237 ἐποιεῖτο.
1210 4184 1321 4238 Καὶ
1365 4184 1429 4237 τὸ
1483 4184 1827 4256 κηρυχθῆναι
1875 4172 1941 4237 τδ

368 4268 699 4338 Εὑαγγέλιον
736 4275 794 4326 ὲν
842 4273 947 4342 ὅλῳ
1004 4274 1084 4345 τῷ
1138 4278 1328 4348 κόσμῳ
1361 4276 1460 4347 τὴν
1493 4276 1775 4348 διαστολὴν
1830 4275 1937 4329 τῶν

2019 1810 2271 1871 expertes
2317 1802 2571 1857 interitus
2626 1817 2723 1871 per
2778 1806 2956 1858 sancti
3016 1805 3254 1875 Spiritus
3301 1811 3599 1877 potentiam

2018 1902 2432 1957 conserventur,
2490 1893 2932 1963 incorruptibiles
2995 1895 3048 1948 in
3095 1909 3353 1967 perpetua
3404 1915 3589 1968 pcena,

2019 1992 2292 2039 carentem
2328 1981 2436 2037 ﬁne
2473 1992 2526 2039 et
2549 1983 2878 2039 laboriosam
2911 1986 3074 2041 vitam
3108 1991 3325 2057 degunt.
3359 1989 3450 2044 Sic
3502 1992 3605 2045 htt-

2014 2075 2102 2147 jns
2140 2074 2250 2130 1οοί
2273 2074 2582 2145 explanatio
2616 2085 2875 2145 tanquam
2918 2092 3016 2143 per
3066 2078 3456 2150 digressionem
3495 2092 3604 2135 tra-

2021 2171 2222 2219 ctatur.
2272 2162 2585 2234 Praecipuus
2638 2168 2782 2222 enim
2855 2182 3051 2237 scopus
3111 2181 3233 2224 erat
3288 2172 3599 2238 ostendere,

2022 2269 2126 2308 non
2159 2270 2325 2324 super
2380 2257 2518 2312 vivis
2570 2258 2851 2325 duntaxat,
2905 2274 3094 2314 verum
3135 2271 3190 2314 et
3240 2276 3406 2331 super
3470 2260 3600 2316 olim

2024 2348 2257 2402 mortuis
2289 2347 2487 2402 Adami
2538 2350 2773 2419 posteris
2825 2366 3170 2407 communem
3220 2353 3505 2408 Dominum
3540 2369 3605 2408 ac

2025 2437 2360 2494 Salvatoretn
2387 2440 2623 2497 subiisse
2673 2451 2925 2506 mortem,
2947 2445 3285 2514 salutemque
3301 2460 3397 2515 per
3426 2446 3603 2513 ipsum

2022 2529 2280 2585 omnibus
2348 2532 2657 2599 praedicari,
2696 2542 2751 2588 et
2805 2536 2950 2589 velut
3021 2536 3342 2591 certaminis
3408 2537 3604 2607 2016

2023 2620 2307 2692 praemium
2343 2620 2602 2678 conferri.
2655 2624 2793 2679 Illud
2842 2640 2972 2695 ergo
3004 2627 3237 2696 primum
3284 2641 3473 2682 eorum
3512 2646 3605 2683 ar-

2024 2720 2413 2783 gumentorum
2442 2728 2536 2781 per
2550 2729 2668 2781 quae
2697 2716 2915 2784 probari
2952 2718 3071 2770 haec
3113 2720 3387 2772 sententia
3409 2728 3605 2789 potest.

2099 2802 2354 2859 Secundo
2388 2804 2551 2875 igitur
2582 2805 2703 2861 loco
2736 2806 2816 2861 sic
2838 2819 3252 2877 argumentatur
3281 2811 3371 2866 :Si
3394 2814 3609 2868 virtutis

2027 2896 2247 2966 praemia
2285 2911 2349 2949 ac
2380 2911 2615 2951 coronas
2643 2901 2971 2953 resurrectio
2988 2903 3266 2966 conciliat,
3317 2918 3446 2958 crux
3480 2920 3610 2959 vero

2028 2984 2637 3054 resurrectionem,qua
2679 2987 2797 3041 sine
2824 2988 2960 3042 nihil
3006 2988 3131 3043 boni
3177 2993 3432 3061 consequi
3460 2996 3611 3062 quis-

1953 3054 1996 3112 (ἶ
2028 3078 2172 3144 piam
2224 3086 2423 3145 potest,
2452 3086 2660 3130 certum
2692 3088 2775 3131 est
2812 3078 3087 3133 Christum
3117 3097 3213 3149 pro
3258 3085 3436 3138 salute
3494 3100 3613 3139 om-

2031 3167 2178 3221 nium
2216 3175 2463 3221 nostrum
2503 3170 2663 3222 morti
2694 3171 2930 3239 seipsum
2984 3172 3300 3229 tradidisse.
3342 3176 3467 3230 Post
3498 3181 3614 3233 haec

2034 3260 2181 3314 illam
2205 3259 2428 3315 Domini
2462 3263 2813 3325 sententiam,
2840 3265 3106 3319 rationem
3133 3272 3487 3335 rcposcendo,
3515 3286 3614 3325 ex-

2031 3352 2235 3421 planat,
2269 3366 2389 3422 quae
2423 3352 2551 3405 dicit
2580 3369 2593 3404 :
2624 3350 2748 3407 Non
2788 3357 2901 3408 veni
2956 3372 3140 3410 vocare
3155 3359 3462 3426 justas,sed
3494 3378 3614 3428 pec-

2032 3454 2233 3497 catores
2274 3446 2343 3497 ad
2382 3446 2740 3514 paenitentiam
2772 3446 2791 3482 ¹
2826 3459 3129 3518 ;negatque
3178 3451 3291 3503 haec
3326 3451 3398 3503 ita
3426 3467 3548 3505 esse
3580 3468 3611 3507 a

2035 3532 2323 3589 Salvatore
2353 3539 2723 3605 pronuntiata,
2760 3539 2914 3607 quasi
2971 3544 3279 3594 universam
3329 3542 3611 3598 hominum

2035 3624 2432 3678 multitudinem
2488 3627 2539 3680 in
2589 3639 2902 3696 peccatores
2945 3641 2999 3683 et
3052 3631 3227 3697 justus
3276 3633 3613 3703 distinguere

2035 3714 2290 3770 voluisse.
2334 3716 2547 3786 Pugnat
2594 3720 2761 3783 enim,
2799 3720 2993 3788 inquit,
3032 3722 3335 3790 hujustnodi
3397 3741 3609 3792 sensus,

2035 3820 2139 3860 non
2168 3821 2288 3860 cum
2336 3810 2509 3863 sacris
2542 3819 2750 3863 tantum
2779 3810 3127 3877 Litteris,sed
3175 3832 3297 3869 cum
3331 3819 3443 3886 ipsa
3471 3835 3611 3886 quo-

2034 3911 2140 3964 que
2164 3912 2348 3952 rerum
2373 3907 2589 3953 natura.
2623 3900 2759 3955 Nam
2777 3903 3025 3973 inprimis
3042 3910 3343 3961 communis
3362 3910 3613 3964 Salvator

2034 4005 2245 4058 mnnes,
2265 4005 2368 4046 non
2387 3992 2597 4062 aliquos
2612 4005 2841 4059 tantum,
2863 4000 3156 4067 praemissis
3183 4015 3416 4065 caeteris,
3440 4016 3493 4057 et
3520 4022 3613 4072 ap-

2036 4083 2296 4153 pellabat,
2332 4094 2387 4139 et
2415 4087 2787 4154 redemptione
2812 4089 3014 4159 perfrui
3042 4095 3396 4161 concedebat,
3413 4098 3613 4149 doctri-

2038 4190 2161 4229 nam
2222 4175 2423 4249 [suam]
2486 4179 2736 4235 omnibus
2792 4196 2912 4235 esse
2975 4198 3313 4239 communem
3381 4190 3610 4241 volebat.

2038 4264 2398 4337 Evangelium
2427 4283 2641 4339 quoque
2683 4273 3028 4338 praedicatum
3061 4289 3181 4328 esse
3206 4277 3255 4327 in
3304 4285 3416 4330 toto
3434 4289 3609 4329 terra-

365 4361 707 4430 ἁμαρτωλῶν
728 4365 832 4418 ἀπὸ
859 4366 970 4419 τῶν
1000 4367 1225 4421 δικαίων
1250 4368 1568 4438 ἀνατρέπει.
1601 4371 1710 4422 Kal.
1733 4372 1761 4423 6
1790 4368 1924 4422 Παῦ⁴

2044 4373 2163 4412 rum
2194 4359 2347 4424 orbe,
2374 4372 2721 4429 peccatorum
2776 4363 2923 4417 illam
2955 4380 2983 4418 a
3009 4365 3170 4432 justis
3223 4367 3608 4421 discretionem

362 4452 457 4516 λάς
491 4470 643 4524 φησι·
680 4454 907 4522 Πάντες
925 4459 968 4490 ⁵ο
998 4453 1085 4524 εἷς
1117 4460 1304 4525 ἐσμεν
1323 4460 1392 4513 ὲν
1419 4459 1672 4528 Χριστῷ.
1704 4462 1812 4514 Καὶ
1843 4462 1943 4532 τῆς

367 4550 609 4616 σαγήνης
627 4548 668 4579 ⁶¹
690 4549 739 4623 ,ἡ
766 4551 1052 4620 παραϐολὴ
1072 4552 1133 4604 τὸ
1166 4552 1344 4606 κοινὸν
1372 4552 1481 4605 τῶν
1510 4555 1588 4617 είς
1618 4554 1792 4624 θήραν
1822 4556 1946 4608 συλ-

364 4635 793 4708 λαμϐανομένων
829 4640 1121 4711 κηρύττει⁹
1172 4643 1295 4696 οὐδὲ
1340 4644 1449 4715 γὰρ
1495 4644 1615 4698 οὐδὲ
1662 4646 1849 4716 ἐκείνη
1877 4647 1947 4700 τά

369 4727 471 4794 μὲν
513 4728 755 4799 θηρεύει,
790 4732 859 4784 τά
891 4732 949 4785 δὲ
976 4733 1036 4785 οὐ
1060 4734 1408 4804 μεταδιώκει,
1439 4733 1556 4788 ἀλλ’
1590 4734 1726 4805 ὁμοῦ
1762 4738 1939 4790 πάντα

362 4820 436 4871 τα
466 4821 881 4889 προσπίπτοντα
931 4824 1239 4894 σαγηνεύει.
1278 4826 1389 4879 Καὶ
1423 4826 1456 4893 ἠ
1506 4825 1698 4879 σινδὼν
1721 4828 1766 4859 ⁸³
1799 4829 1833 4899 ἡ
1861 4828 1941 4899 τῷ

366 4910 559 4980 Πέτρῳ
597 4912 977 4984 ὑποδειχθείσα
1024 4916 1124 4987 τὴν
1184 4916 1371 4987 κοινὴν
1424 4915 1623 4986 κλῆσιν
1686 4918 1943 4973 ἁπάντων

366 5000 697 5072 ὑπογράφει,
742 5005 855 5059 ἀλλ’
881 5007 1001 5075 οὐχὶ
1023 5008 1069 5039 ⁸³
1106 5006 1216 5059 τῶν
1259 5007 1585 5076 ἀκαθάρτων
1620 5010 1803 5079 μόνον,
1831 5010 1942 5065 τῶν

364 5089 423 5143 δὲ
458 5092 714 5164 καθαρῶν
756 5098 958 5152 οὐκέτι.
993 5099 1123 5165 Καὶ,
1173 5098 1351 5165 Τέλος
1367 5101 1413 5132 ⁸⁵
1469 5104 1659 5172 νόμου
1687 5102 1942 5171 Χριστὸς

2041 4450 2259 4519 penitus
2316 4452 2544 4505 evertit.
2592 4452 2793 4507 Paulus
2857 4455 2984 4508 item
3049 4458 3158 4511 ait:
3199 4456 3391 4510 Omnes
3451 4476 3612 4512 unum

2038 4554 2221 4591 sumus
2255 4540 2311 4592 in
2350 4538 2561 4594 Christo
2583 4548 2636 4595 ιι.
2694 4540 2806 4597 ltno
2853 4551 2909 4597 et
2951 4544 3203 4611 parabola
3272 4545 3338 4599 de
3374 4556 3614 4615 sagena'

2040 4643 2383 4685 communem
2401 4643 2687 4702 captorum
2718 4635 3084 4690 conditionem
3101 4637 3405 4693 denuntiat.
3430 4640 3615 4709 Neque

2040 4720 2185 4773 enim
2215 4719 2331 4775 haec
2353 4721 2490 4777 alios
2514 4723 2732 4792 quidem
2758 4725 3156 4794 complectitur,
3192 4728 3327 4784 alios
3351 4744 3483 4785 vero
3509 4748 3615 4785 non

2042 4811 2392 4879 persequitur
2423 4828 2440 4879 ;
2489 4814 2585 4867 sed
2610 4828 2799 4870 omnes
2825 4831 3049 4885 prorsus
3068 4828 3331 4890 quotquot
3352 4821 3615 4889 incidunt,

2046 4901 2243 4956 irretit.
2281 4903 2374 4958 Sic
2395 4913 2451 4959 et
2485 4903 2650 4962 Petro
2677 4915 2957 4963 ostensum
3000 4909 3225 4965 linteum
3259 4919 3289 4948 ι
3316 4915 3616 4967 communi-

2051 5002 2132 5046 ter
2163 5007 2352 5048 omnes
2408 4996 2705 5065 appellatos
2744 4998 3013 5070 designat,
3062 5018 3167 5057 non
3222 5004 3462 5073 impuros
3523 5017 3615 5055 so-

2048 5083 2153 5150 los,
2210 5084 2453 5140 exclusis
2529 5087 2721 5157 puris:
2770 5086 3148 5163 Finisquoquc
3187 5092 3314 5163 legis
3333 5091 3614 5147 Christus:

452 5298 685 5355 ‘Matth.
722 5306 897 5368 tx,|5.
972 5318 1000 5345 ιι
1028 5304 1190 5360 Rom.
1219 5318 1319 5372 xu,
1358 5301 1392 5358 5
1421 5319 1438 5372 ;
1472 5301 1649 5358 Galat.
1672 5316 1758 5369 ιιι,
1784 5301 1875 5357 38.

2026 5300 2193 5358 latth.
2230 5320 2355 5373 xtn,
2392 5308 2477 5363 67.
2555 5310 2724 5369 *Act.
2760 5328 2811 5377 ι,
2841 5315 2926 5370 Η.

1674 5458 1905 5517 ἾΔΚῙΛΕ
1942 5460 2347 5521 LECTIONES.

378 5668 539 5740 σατρ]
585 5667 777 5725 Hatth.
806 5682 927 5738 xm,
950 5667 1042 5723 47.

453 5597 497 5631 ³⁸
520 5595 1106 5688 1Ot‘o‘]Ll“(Et)r:___rtt:"'15.
1145 5599 1213 5688 ,ξ’
1229 5599 1395 5688 ἐοῦκλ
1416 5600 1605 5688 Matth.
1642 5603 1832 5688 11,-1.5.
1886 5605 1954 5688 ,ξε
1982 5604 2083 5688 οὐκ
2114 5622 2174 5688 ς.
2252 5606 2298 5688 '_’
2328 5610 2621 5688 κοινῖὲἱμςχΔ
2651 5611 2956 5688 ⁸⁸ᾕπάντες]
2991 5612 3148 5688 Rom.
3182 5631 3282 5684 xu,
3313 5616 3371 5674 5.
3447 5618 3487 5651 "
3511 5624 3615 5688 τῆς

1145 5670 1191 5703 θ’
1224 5670 1259 5742 ἡ
1282 5670 1441 5744 σινδ.]
1465 5674 1585 5730 Act.
1626 5690 1682 5742 x,
1718 5674 1806 5728 Η.
1885 5673 1931 5706 ⁸³
1957 5676 2079 5747 οὐχὶ
2103 5679 2145 5728 Α
2187 5694 2201 5731 :
2234 5678 2296 5731 οὐ
2334 5696 2390 5742 ς.
2456 5670 2719 5751 ’πτέλοςι
2776 5670 2956 5737 ΒοιιιΪ
2996 5700 3048 5750 x,
3098 5686 3161 5741 4.
