3972 6248
1457 224 1984 287 BIBLIOTHECA.
2027 251 2096 261 -
2135 228 2297 288 COD.
2337 230 2617 292 CCXXII.

3538 243 3644 309 810

392 340 573 408 Λόγου
603 336 924 410 Πρόδρομον
946 352 964 371 ·
992 328 1023 394 δ
1054 338 1255 411 μείζων
1286 339 1581 410 προφητῶν
1620 340 1717 394 καὶ
1749 340 1960 395 πάντων

2084 344 2303 397 vocavit
2331 345 2378 385 ιο
2404 354 2449 399 ρ.
2482 344 2850 414 Discipulosne
2882 346 3072 417 legisse
3097 350 3339 419 oportuit
3363 352 3387 405 ?
3409 355 3644 422 optimos

391 428 700 500 ἀνθρώπων
750 430 1058 501 προτρέχει.
1098 430 1277 495 ,Ἔδει
1341 431 1595 501 μάρτυρα
1650 431 1751 500 τῆς
1803 432 1969 486 αὐτοῦ

392 521 769 592 προϐαλέσθαι
790 523 838 556 ’⁸
889 523 1049 592 δόξης
1073 536 1088 552 ⁸
1117 522 1207 577 τὸν
1236 522 1466 593 Συμεὼν
1510 524 1606 577 καὶ
1631 524 1734 591 τὴν
1770 524 1970 577 Ἀνναν

390 612 672 668 ἐκάλεσεν.
703 613 852 668 Ἔδει
884 613 1134 685 μαθητὰς
1164 614 1495 685 προσλαϐεῖν
1526 631 1540 646 ·
1562 616 1691 677 τοὺς
1715 615 1970 686 ἀρίστους

392 706 626 774 λογάδας
650 707 881 760 τίθεται’
914 703 1120 760 Οἷδα⁷⁹
1161 708 1295 777 γάρ.
1323 707 1514 778 φησὶν,
1542 707 1652 773 οὓς
1681 707 1967 772 ἐξελεξά-

386 812 533 865 μην.
587 793 729 866 [ἔδει
747 794 825 865 ³ο]
858 796 1051 865 νεκρὸν
1081 797 1293 866 ἐγείραι
1320 796 1449 866 [τὸν
1476 797 1541 849 ὲκ
1586 796 1857 866 Βηθανίας
1876 796 1919 827 ⁸¹
1948 796 1967 867 ]

388 887 643 960 Λάζαρον
664 888 748 920 ⁸⁸·
803 887 920 942 ἀλλ’
976 889 1038 953 ἐξ
1088 888 1419 958 εὑσεϐούσης
1477 888 1750 953 οίκίας⁸³,
1815 888 1872 940 ὲν

390 976 593 1050 Μάρθα
617 980 712 1033 καὶ
731 980 940 1050 Μαρία,
968 980 1035 1043 ἃς
1056 981 1155 1052 τὴν
1179 981 1387 1050 ἀγαθὴν
1412 979 1735 1044 ἐκλέξασθαι
1768 978 1961 1049 μερίδα

388 1073 452 1127 τὸ
502 1066 644 1126 θετον
687 1072 935 1143 ἀπέφηνε
984 1072 1263 1143 ψήφισμα.
1321 1071 1412 1136 Ἐξ
1468 1071 1637 1124 ἐθνῶν
1668 1070 1777 1124 ἔδει
1824 1070 1962 1142 κλη-

391 1163 577 1234 θῆναι·
614 1163 840 1235 ἀπαρχὴ
882 1164 991 1219 τῶν
1045 1164 1221 1219 ἀλλων
1269 1165 1300 1216 ό
1333 1163 1633 1235 Κορνήλιος
1679 1162 1956 1217 καλεῖται·

390 1256 515 1319 ὅσος
543 1255 603 1309 δὲ
644 1256 743 1327 τὴν
787 1256 987 1327 ἀρετὴν
1026 1258 1121 1310 καὶ
1170 1255 1277 1325 πρὸ
1329 1255 1423 1309 τοῦ
1456 1256 1850 1326 βαπτίσματος,
1895 1254 1957 1308 τὸ

388 1352 534 1421 ίερὸν
560 1351 923 1423 ἀνακηρύττει
951 1352 1209 1424 γράμμα.
1230 1352 1594 1421 Σταυροῦνται
1616 1350 1711 1405 δύο
1744 1349 1962 1424 λῃσταίο

2084 436 2267 502 utique
2302 435 2503 505 delegit
2530 453 2545 490 :
2575 434 2697 491 Scio
2728 438 2887 504 enim,
2933 439 3127 508 inquit,
3153 456 3283 510 quos
3333 442 3643 512 elegerimtt.

2074 525 2415 599 [Oportebat]
2474 540 2742 583 mortuum
2800 531 3129 586 resuscitare
3177 533 3644 607 [Bethaniensem]

2071 615 2335 672 Lazarum
2370 628 2413 672 τ.
2441 617 2546 674 Sed
2575 636 2697 675 eum
2750 623 2963 678 nonnisi
2994 637 3060 677 ex
3116 625 3201 692 pia
3237 628 3416 691 domo,
3444 627 3496 681 in
3537 643 3643 696 qua

2072 706 2279 763 Martha
2320 719 2375 763 et
2418 710 2607 776 Maria,
2639 726 2799 780 quam
2859 714 3052 768 bonam
3094 724 3117 752 ο
3150 715 3380 785 elegisse
3435 724 3641 785 partem

2070 799 2250 853 divina
2298 802 2666 868 pronuntiavit
2698 804 2991 860 sententia.
3028 805 3102 857 Ex
3132 807 3381 873 gentibus
3427 821 3643 875 quoque

2072 891 2254 945 vocari
2287 890 2497 960 aliquos
2521 895 2756 962 oportuit
2776 912 2790 947 :
2808 895 3015 963 primus
3033 898 3271 950 omnium
3312 898 3596 953 Cornelius
3615 900 3634 935 ί

2070 990 2320 1045 vocatur,
2346 983 2437 1052 qui
2469 994 2704 1053 quantus
2727 985 2927 1038 virtute
2944 985 3128 1053 (etiam
3147 996 3271 1040 ante
3297 987 3642 1055 baptismum)

2070 1071 2256 1138 fuerit,
2290 1089 2462 1129 sacrae
2487 1074 2781 1143 loquuntur
2808 1074 3043 1131 Litterm.
3097 1075 3255 1130 Cruci
3284 1088 3313 1115 ιι
3352 1076 3642 1146 alligantur

2067 1163 2172 1219 duo
2192 1164 2429 1220 latrones
2459 1184 2473 1220 :
2500 1167 2593 1221 sed
2623 1182 2718 1222 cur
2746 1184 2887 1221 unus
2937 1168 3129 1223 melior
3185 1170 3493 1238 paradisum
3539 1168 3641 1225 sibi

2063 1256 2253 1324 aperit;
2275 1257 2466 1326 zozb
2478 1258 2816 1327 blasphemus
2833 1269 3041 1323 contra,
3055 1270 3109 1313 et
3124 1261 3325 1326 peccati
3345 1260 3643 1315 indelebilia

2067 1361 2285 1421 gestans
2312 1354 2552 1418 vulnera,
2589 1369 2654 1409 ex
2682 1368 2838 1423 paena
2871 1355 2922 1408 in
2954 1355 3347 1409 damnationem
3390 1354 3639 1408 mittitur.

386 1447 504 1502 ἀλλ’
519 1449 550 1501 ὁ
577 1448 675 1517 μὲν
696 1445 993 1518 εὐγνώμων
1022 1446 1231 1516 ἀνοίγει
1261 1446 1354 1500 τὸν
1372 1448 1420 1481 ⁸⁸
1447 1447 1790 1518 παράδεισον,
1811 1445 1938 1518 [644
1954 1444 2046 1517 8.]
2064 1447 2093 1500 ό
2107 1446 2163 1500 δὲ
2196 1446 2532 1520 βλασφημῶν
2560 1451 2651 1504 καὶ
2668 1451 2765 1521 τῆς
2786 1451 3059 1522 ἁμαρτίας
3080 1450 3433 1517 ἀνεξάλειπτα
3464 1451 3643 1522 φέρων

386 1544 459 1598 τά
486 1543 761 1613 στίγματα
782 1544 863 1607 είς
888 1543 1045 1615 δίκην
1076 1544 1143 1597 ὲκ
1172 1544 1463 1616 ,τιμωρίας
1492 1544 2006 1616 παραπέμπεται⁸⁸.

462 1634 620 1689 Οὕτω
665 1636 806 1689 κατά
851 1636 960 1689 πᾶν
1004 1634 1159 1700 ῑθνος
1189 1636 1285 1689 καὶ
1338 1636 1495 1705 γένος
1534 1638 1631 1692 καὶ
1681 1637 1958 1700 πολιτείας

2134 1634 2226 1689 Sic
2254 1633 2307 1688 in
2334 1632 2479 1686 omni
2502 1633 2663 1688 etiam
2684 1634 2922 1697 natione,
2956 1644 3065 1687 tum
3116 1633 3316 1688 familia
3361 1644 3415 1689 et
3437 1648 3639 1703 genere

392 1728 592 1797 ἰδίωμα
614 1727 741 1790 τοὺς
770 1728 890 1780 κατ’
917 1727 1117 1799 ἀρετὴν
1150 1726 1269 1781 ἔστι
1302 1725 1502 1798 μᾶλλον
1529 1726 1776 1798 βιοῦντας
1804 1728 1957 1799 όρᾷν,

383 1818 425 1890 ἢ
452 1817 580 1882 τοὺς
619 1817 880 1872 τάναντία
934 1818 1365 1885 σπουδάζοντας,
1399 1819 1497 1873 καὶ
1542 1819 1837 1889 κληθέντας
1867 1818 1961 1871 καὶ

386 1910 837 1983 προσδραμόντας
885 1911 982 1965 καὶ
1008 1911 1480 1983 ἀκολουθήσαντας
1514 1911 1595 1982 τῷ
1642 1910 1957 1965 καλέσαντι.

386 2004 453 2058 Et
481 2004 538 2057 δὲ
573 2004 638 2058 σὺ
678 2005 888 2077 πόρνην
918 2006 1015 2058 καὶ
1049 2002 1291 2075 τελώνην
1335 2006 1517 2077 εῑπῃς,
1550 2004 1819 2059 κάκείνων
1850 2003 1961 2059 ίσθι

382 2096 494 2149 τῶν
516 2095 809 2166 διατριϐῶν
830 2097 926 2151 καὶ
959 2096 1373 2167 πολιτευμάτων
1400 2102 1527 2161 τοὺς
1560 2095 1765 2167 βραχὺν
1807 2114 1963 2150 σπιν-

382 2186 533 2259 θῆρά
579 2204 704 2241 τινα
740 2188 840 2259 τῆς
868 2187 1215 2260 ἀνθρωπίνης
1241 2188 1525 2258 εὐγενείας
1561 2188 1689 2261 [555
1712 2187 1812 2259 H.]
1840 2188 1962 2241 δια-

386 2276 663 2341 σώζοντας
699 2278 1021 2350 προσελθεῖν
1051 2278 1309 2334 καλοῦντι
1353 2279 1434 2349 τῷ
1476 2279 1689 2350 Σωτῆρι
1709 2316 1725 2343 ,
1758 2278 1852 2332 καὶ
1883 2278 1962 2333 δι-

383 2370 561 2434 καίως
582 2370 629 2403 ⁸⁸
676 2371 815 2442 πρός
864 2388 930 2439 γε
957 2370 1020 2425 τδ
1064 2370 1266 2441 πλῆθος
1303 2371 1412 2428 τῶν
1452 2370 1527 2442 μὴ
1560 2369 1961 2441 προσελθόντων

384 2458 572 2524 ἀξίους
604 2461 699 2516 καὶ
740 2460 1057 2531 νομίζεσθαι
1086 2463 1182 2515 καὶ
1218 2461 1605 2533 ὀνομάζεσθαι.
1639 2461 1752 2516 Ποῦ
1780 2461 1962 2516 τοίνυν

385 2552 498 2606 τῶν
528 2553 867 2624 ἁμαρτωλῶν
896 2556 929 2625 ἡ
980 2554 1194 2625 κλῆσις,
1225 2556 1316 2609 ὅτε
1344 2554 1545 2626 πόρναι
1592 2554 1687 2608 καὶ
1732 2552 1961 2607 τελῶναι

384 2646 483 2698 καὶ
510 2645 708 2718 λῃσταὶ
743 2644 979 2716 ὁρῶνται
1006 2647 1207 2701 ἐκεῖνοι
1236 2647 1397 2718 μόνον
1446 2645 1824 2717 ἀσπασάμενοι
1860 2645 1961 2717 τὴν

384 2738 655 2809 σωτήρων
685 2737 895 2810 κλῆσιν,
924 2739 975 2793 οἱ
1002 2739 1111 2793 τῶν
1139 2739 1473 2811 όμοτεχνῶν,
1504 2738 1581 2805 ὡς
1626 2741 1686 2792 εν
1710 2737 1953 2810 τοσούτῳ

382 2828 571 2883 κακῶν
598 2829 774 2900 βάθει,
822 2831 972 2901 ὅμως
1015 2834 1271 2903 προεῖχον
1287 2831 1333 2863 ⁸⁷
1366 2833 1426 2884 ὲν
1474 2832 1589 2894 τοῖς
1643 2830 1958 2900 ἀμείνοσιν;

381 2920 506 2974 οὐδὲ
555 2922 730 2976 ἐκεῖνο
771 2922 828 2975 δὲ
877 2922 1169 2994 παρελθεῖν
1206 2923 1436 2978 δίκαιον.
1493 2922 1570 2976 Τὸ
1622 2922 1812 2992 τάγμα
1847 2920 1961 2976 τῶν

2072 1727 2162 1798 qui
2195 1740 2262 1780 ex
2303 1724 2504 1779 virtute
2533 1726 2779 1780 viverent
2819 1726 3061 1779 videmus
3096 1727 3298 1791 vocari,
3334 1738 3635 1787 accurrere.

2065 1826 2456 1885 vocantemque
2469 1817 2619 1886 sequi
2652 1818 2826 1885 potius
2855 1832 3013 1892 quam
3048 1817 3441 1885 quicontrariis
3462 1826 3643 1870 essent.

2067 1909 2231 1965 dediti
2268 1908 2485 1964 studiis.
2513 1908 2663 1974 Quod
2695 1908 2741 1962 si
2770 1919 2823 1962 tu
2851 1908 3206 1977 prostibulum
3246 1908 3374 1961 mihi
3410 1918 3500 1961 aut
3537 1924 3639 1977 pu-

2066 2001 2340 2056 blicanum
2368 1998 2604 2069 aliquem
2652 2000 2965 2065 adduxeris,
2996 2001 3159 2054 etiam
3219 2000 3361 2054 illoe
3413 2013 3640 2055 numero

2066 2095 2210 2150 scias
2228 2102 2391 2163 atque
2410 2092 2603 2147 ordine
2620 2094 2687 2147 ad
2709 2102 2989 2148 vocantem
3011 2091 3348 2147 Salvatorem
3378 2092 3639 2147 accedere

2066 2185 2157 2256 qui
2192 2185 2441 2254 exiguam
2469 2185 2662 2239 saltem
2704 2186 2956 2240 humanas
3010 2184 3310 2240 nobilitatis
3344 2181 3637 2240 scintiliam

2066 2276 2385 2341 retinerent,
2422 2285 2481 2329 ut
2518 2275 2713 2330 merito
2738 2290 2847 2346 prae
2869 2276 3210 2332 multitudine
3240 2290 3345 2329 non
3375 2277 3639 2330 acceden-

2066 2367 2199 2422 tium
2249 2367 2314 2420 ad
2373 2365 2562 2430 Deum,
2606 2365 2752 2433 digni
2810 2365 3324 2436 habeanturatque
3366 2365 3635 2421 dicantur.

2068 2457 2168 2514 Ubi
2207 2467 2289 2511 est
2318 2456 2480 2526 igitur
2506 2466 2847 2525 peccatorum
2879 2457 3110 2521 vocatio,
3138 2456 3353 2526 quando
3386 2471 3417 2510 e
3458 2470 3638 2513 mere—

2066 2550 2311 2613 tricibus,
2337 2547 2639 2619 publicanis
2669 2558 2723 2602 et
2750 2548 3050 2603 latronibus
3107 2548 3274 2603 hosce
3316 2548 3459 2603 solos
3497 2548 3636 2602 divi-

2066 2656 2191 2694 nam
2248 2655 2371 2696 esse
2410 2641 2749 2696 vocationem
2812 2640 3149 2710 amplexatos
3204 2640 3469 2706 videmus,
3542 2640 3636 2710 qui

2067 2733 2209 2787 inter
2235 2743 2521 2788 consortes
2553 2732 2886 2804 (quanquam
2923 2732 3127 2803 ingenti
3151 2733 3203 2787 in
3245 2733 3511 2787 malorum
3531 2733 3633 2787 ba-

2067 2823 2275 2893 rathro)
2299 2825 2511 2879 caeteris
2540 2833 2715 2878 tamen
2746 2823 3029 2878 meliorum
3064 2839 3247 2880 rerum
3300 2824 3479 2879 studio
3502 2838 3641 2893 prat-

2066 2916 2304 2971 stabant.
2323 2914 2506 2985 Neque
2535 2929 2665 2970 vero
2695 2914 2822 2969 illud
2856 2913 3136 2985 praeterire
3177 2914 3260 2970 fas
3308 2923 3407 2969 est.
3445 2913 3639 2967 Decem

384 3011 672 3082 παρθένων
697 3013 731 3083 η
761 3013 926 3078 δεκάς
959 3013 1351 3085 διελάμϐανεν
1392 3014 1506 3068 ἀλλ’
1539 3014 1598 3068 αί
1634 3013 1736 3085 μὲν
1771 3013 1959 3084 φρόνι-

2067 3016 2183 3064 erat
2242 3008 2532 3063 admodum
2572 3008 2838 3078 virginum
2881 3007 3206 3063 ctetuszsed
3242 3006 3455 3062 nonnisi
3484 3005 3640 3075 quin-

385 3119 477 3172 μοι
526 3104 620 3158 τοῦ
652 3106 941 3175 νυμφῶνος
986 3106 1374 3170 ἀπολαύουσιν,
1409 3106 1468 3161 αί
1529 3104 1585 3160 δὲ
1623 3106 1806 3179 μωραὶ
1853 3106 1961 3159 άπ-

380 3192 716 3251 ελαύνονται.
761 3196 871 3250 Καὶ
902 3198 930 3251 ό
972 3198 1031 3250 τὺ
1058 3197 1263 3268 ἔνδυμα
1296 3198 1393 3253 τοῦ
1420 3198 1601 3269 γάμου
1643 3198 1722 3269 μὴ
1752 3198 1958 3268 φορῶν,

383 3283 494 3337 τῶν
518 3284 692 3338 ἀλλων
724 3288 994 3358 μενόντων
1021 3290 1082 3342 ἐν
1112 3292 1179 3361 τῇ
1216 3290 1325 3362 ίδία
1358 3292 1534 3358 τάξει,
1563 3290 1726 3354 αὐτὸς
1758 3289 1958 3344 ἐκϐάλ-

382 3373 534 3427 λεται
564 3377 746 3446 μόνος.
775 3379 932 3444 Τίνες
975 3380 1033 3433 δὲ
1073 3382 1168 3436 καὶ
1195 3382 1288 3435 ὑπ’
1316 3382 1566 3450 ἀγγέλων
1593 3384 1652 3436 ὲν
1679 3385 1746 3454 τῇ
1774 3382 1960 3435 τελευο

381 3466 512 3536 ταίᾳ
538 3471 639 3538 τῆς
681 3470 919 3539 κρίσεως
951 3472 1135 3543 ἡμέρᾳ
1162 3476 1244 3537 είς
1272 3475 1577 3544 ἀπάντησιν
1612 3474 1706 3528 τοῦ
1752 3473 1961 3546 Κυρίου

385 3558 942 3628 παραλαμϐάνονταις
988 3564 1023 3634 ἢ
1061 3564 1218 3634 δῆλον
1253 3565 1327 3630 ὡς
1373 3568 1422 3620 el
1451 3567 1669 3633 δίκαιοι,
1710 3566 1822 3619 ἀλλ’
1858 3568 1958 3637 οὐχ

380 3648 496 3703 ei”
531 3652 874 3724 ἁμαρτωλοί;
898 3656 951 3709 τί
974 3656 1068 3711 οὖν
1094 3659 1209 3712 ἐστι
1240 3658 1301 3713 τὸ
1331 3663 1454 3714 Οὐκ
1484 3655 1677 3730 ἦλθον
1698 3658 1959 3713 καλέσαι

381 3738 669 3808 δικαίους,
712 3744 849 3799 ἀλλ’
888 3746 1310 3815 ἀμαρτωλούς;
1338 3750 1613 3803 τουτέστιν
1653 3748 1799 3803 ἅπαν
1820 3749 1865 3781 ⁸⁸
1894 3748 1957 3802 τὸ

380 3829 723 3900 ἀνθρώπινον
748 3837 925 3904 γένος,
948 3841 1048 3909 τῇς
1078 3840 1341 3911 ἀκριϐοῦς
1371 3841 1460 3895 καὶ
1488 3841 1699 3904 τελείας
1724 3841 1956 3911 διαμαρ-

377 3922 570 3987 τόντας
601 3926 948 4000 δικαιοσύνης
972 3970 990 3995 ,
1015 3927 1179 4003 ἦλθον
1207 3933 1435 3988 καλέσαι
1463 3933 1557 3986 καὶ
1589 3933 1956 3999 ἐπαναγαγεῖν

377 4014 518 4081 πρὸς
570 4018 786 4091 ἐκείνην
838 4021 938 4091 τὴν
982 4022 1135 4094 λῆξιν
1162 4020 1231 4097 ἧς
1264 4024 1698 4095 κατωλίσθησαν.
1750 4024 1812 4077 El
1844 4023 1954 4094 γὰρ

375 4107 475 4158 καὶ
518 4107 785 4180 διαφορὰν
816 4114 952 4184 πρὸς
985 4115 1245 4187 ἀλλήλους
1290 4117 1432 4171 κατὰ
1459 4116 1559 4187 τὴν
1587 4115 1859 4169 πολιτείαν
1894 4116 1955 4168 τὸ

372 4198 529 4265 γένος
564 4200 719 4269 ἡμῶν
752 4202 987 4272 ἔχουσιν,
1010 4207 1058 4259 οἱ
1095 4206 1195 4277 μὲν
1223 4208 1572 4279 ὲκτοπώτερα
1599 4207 1947 4278 βεϐιωκότες,

373 4288 423 4338 οἱ
473 4287 529 4340 δὲ
574 4292 940 4362 ἀνεκτότερα,
988 4295 1139 4365 ὅμως
1190 4297 1366 4361 οὐδεὶς
1434 4298 1600 4369 χωρὶς
1656 4297 1951 4368 ἁμαρτίας-

2067 3113 2173 3168 que
2196 3101 2486 3177 prudentes
2512 3099 2751 3168 Sponsali
2806 3098 3043 3154 thalamo
3098 3098 3370 3165 fruuntur,
3404 3097 3640 3168 quinque

2065 3190 2228 3246 fatua:
2261 3192 2591 3262 repelluntur
2622 3191 2673 3245 ν.
2725 3190 2816 3246 Sic
2842 3189 2932 3245 ille
2963 3190 3056 3260 qui
3105 3189 3401 3260 nuptialem
3428 3200 3637 3244 vestem

2065 3298 2177 3338 non
2207 3282 2485 3347 attulerat,
2519 3281 2731 3338 caeteris
2754 3297 2911 3337 suum
2938 3283 3166 3351 quisque
3214 3280 3391 3336 locum
3446 3288 3635 3334 tenen-

2066 3375 2233 3439 tibus,
2268 3374 2416 3429 solus
2445 3375 2658 3444 eiicitur
2685 3388 2733 3429 κ.
2768 3374 3001 3441 Quinam
3057 3387 3188 3428 vero
3244 3371 3312 3427 ab
3349 3370 3539 3440 angelo
3581 3371 3637 3425 in

2064 3475 2310 3520 extremo
2327 3465 2515 3533 judicii
2540 3465 2623 3520 die
2642 3478 2930 3519 occursum
2961 3465 3169 3519 Domini
3194 3470 3547 3519 assumuntur
3567 3468 3595 3510 γ
3613 3460 3640 3514 2

2063 3554 2399 3624 Nonnejusti
2422 3566 2478 3611 et
2543 3571 2648 3609 non
2726 3554 3078 3625 peccatores?
3110 3554 3250 3622 Quid
3315 3555 3479 3624 igitur
3533 3551 3636 3606 sibi

2063 3648 2179 3702 vult
2207 3648 2367 3702 illud:
2400 3646 2523 3702 Non
2548 3650 2661 3703 veni
2707 3666 2888 3703 vocare
2908 3652 3106 3718 justas,
3134 3650 3225 3704 sed
3254 3661 3547 3718 peccatores
3572 3646 3637 3701 l?

2064 3737 2178 3793 Hoc
2210 3753 2269 3794 es
2287 3748 2328 3805 t,
2352 3740 2495 3809 quod
2520 3739 2589 3793 ab
2619 3740 2827 3811 integra
2847 3752 3007 3810 atque
3029 3741 3264 3810 perfecta
3303 3739 3508 3809 jus-tilia
3539 3753 3637 3791 ex-

2064 3834 2275 3888 ciderat
2310 3834 2603 3889 humanum
2630 3851 2821 3906 genus,
2858 3846 3107 3892 vocatum
3160 3836 3304 3901 veni,
3342 3846 3396 3888 et
3433 3834 3485 3887 in
3517 3849 3637 3887 eam

2062 3937 2282 3988 sortem.
2315 3929 2627 3994 educturus,
2687 3944 2849 4000 quam
2901 3930 3176 3983 amiserat.
3210 3928 3324 3982 Etsi
3344 3928 3482 3980 enim
3519 3926 3640 3979 vita:

2062 4035 2260 4090 genere
2310 4021 2468 4076 valde
2524 4022 2665 4076 inter
2719 4036 2777 4076 se
2837 4022 3086 4077 homines
3130 4022 3202 4076 illi
3243 4021 3513 4086 differant,
3547 4018 3637 4088 qui

2064 4112 2405 4167 indecentius
2458 4114 2715 4178 vixerint,
2793 4115 2993 4185 quique
3050 4115 3438 4179 continentius,
3485 4127 3642 4166 nemo

2064 4213 2241 4259 tamen
2272 4213 2347 4260 .st
2373 4206 2490 4260 sine
2517 4217 2761 4275 peccato.
2794 4206 3071 4262 Consonat
3098 4207 3227 4261 huic
3260 4208 3449 4269 menti,
3477 4207 3640 4260 etiam

2066 4299 2181 4362 ipsa
2252 4298 2532 4353 sententia:
2570 4300 2903 4362 enuntiatio,
2962 4301 3079 4355 sine
3120 4299 3351 4353 articulo
3420 4299 3644 4352 relativo

376 4376 601 4449 Συνᾴδει
632 4382 690 4435 δὲ
732 4385 799 4455 τῇ
845 4385 1055 4459 διανοίᾳ
1097 4387 1270 4461 ταύτῃ
1296 4390 1385 4442 καὶ
1417 4390 1557 4459 αὑτὴ
1586 4390 1618 4461 ἡ
1653 4390 1747 4443 τοῦ
1792 4388 1957 4459 ῥητοῦ

2067 4387 2293 4456 prolata.
2318 4387 2453 4442 Nam
2480 4390 2522 4443 si
2544 4390 2769 4443 dixisset
2797 4409 2810 4445 :
2834 4388 2961 4443 Non
2981 4390 3093 4444 veni
3116 4406 3300 4443 vocare
3319 4389 3516 4458 jttslos,
3549 4388 3640 4440 sed

374 4474 835 4553 προφοράηᾶνευ
894 4479 988 4533 τοῦ
1032 4481 1369 4552 άναφορικοῦ
1426 4482 1630 4554 ἄρθρου
1686 4498 1956 4552 προφερο*

2067 4485 2203 4551 ipsos
2257 4496 2575 4552 peccatores,
2626 4484 2851 4539 forsitan
2908 4484 2994 4537 illa
3026 4476 3207 4553 opinio
3238 4484 3412 4537 locum
3446 4481 3645 4536 habere

384 4562 541 4633 μένη.
571 4565 633 4618 Εἰ
662 4566 770 4639 γάρ
802 4568 989 4640 ἔλεγεν
1016 4587 1031 4602 ·
1057 4574 1181 4627 Οὐκ
1199 4569 1390 4642 ἦλθον
1413 4574 1667 4627 καλέσαι
1689 4573 1835 4639 τοὺς
1869 4574 1958 4627 δι-

2072 4584 2306 4645 poterat,
2336 4591 2455 4645 quae
2488 4586 2803 4645 peceatores
2827 4587 3078 4629 vocatum
3110 4576 3349 4639 venisse,
3400 4588 3503 4627 non
3548 4588 3643 4625 an-

378 4653 587 4721 καίους
616 4697 632 4722 ,
666 4658 829 4714 ἀλλὰ
856 4662 993 4729 τοὺς
1029 4664 1416 4733 ἁμαρτωλοὺς
1437 4705 1451 4727 ,
1488 4664 1629 4733 τάχα
1660 4665 1726 4717 ἂν
1749 4664 1897 4733 εἶχεν
1928 4666 1960 4734 ἡ

2067 4666 2387 4736 temjustos,
2418 4668 2695 4734 opinatur.
2720 4667 2790 4719 At
2812 4682 2931 4718 eum
2966 4681 3065 4720 vox
3093 4667 3207 4720 haec
3236 4663 3481 4719 absolute
3528 4664 3645 4716 sine

374 4744 599 4802 ὑπόνοια
664 4749 851 4822 χώραν
896 4756 930 4826 ή
975 4757 1097 4819 τοὺς
1148 4756 1510 4827 ἁμαρτωλοὺς
1567 4757 1670 4826 μὲν
1737 4755 1960 4809 καλέσαι

2072 4756 2335 4810 relatione
2378 4758 2584 4826 prolata
2609 4758 2702 4826 sit,
2729 4758 2948 4810 omnino
2982 4757 3342 4825 periculosam
3394 4770 3455 4809 ac
3485 4754 3642 4809 {alla-

369 4837 668 4907 νομίζουσα
690 4884 706 4907 ,
733 4844 917 4900 οὐκέτι
951 4847 1009 4900 δὲ
1044 4849 1173 4911 τοὺς
1198 4848 1443 4912 δικαίους
1462 4863 1476 4877 ’
1513 4846 1573 4901 τὸ
1598 4848 1655 4901 δὲ
1692 4848 1960 4902 ἀπόλυτον

2072 4862 2190 4900 cem
2216 4848 2357 4901 hanc
2381 4863 2505 4903 esse
2532 4849 2840 4919 opinionem
2890 4851 3246 4905 demonstrat.
3298 4848 3413 4903 Hoc
3468 4858 3647 4901 autem

369 4928 473 4997 τῆς
503 4935 690 5003 φωνῆς
705 4936 752 4967 ³⁸
794 4939 888 4990 καὶ
925 4938 1100 5009 χωρὶς
1129 4942 1407 5010 ἀναφορᾶς
1442 4938 1727 5010 προελθεῖν
1765 4954 1964 4991 παντε-

365 5014 473 5083 λῶς
498 5022 790 5094 ἀποφαίνει
820 5028 919 5099 τὴν
952 5029 1210 5084 ὑπόνοιαν
1241 5030 1537 5103 σφαλεράν.
1567 5029 1741 5083 Τοῦτο
1766 5029 1824 5084 δὲ
1855 5030 1953 5082 καὶ

438 5159 530 5214 ⁶·ν
552 5160 686 5220 an.
716 5180 777 5231 ll,
809 5166 901 5233 25,
939 5166 1027 5222 56.
1050 5178 1081 5219 ιι
1106 5166 1267 5223 Joau.
1302 5183 1423 5233 xm,
1445 5168 1501 5223 8.

364 5237 420 5284 et
453 5244 569 5301 seq.
645 5244 673 5273 τ
698 5234 893 5291 Matth.
918 5253 1043 5303 xxv,
1071 5240 1096 5293 t
1130 5254 1287 5309 seqq.

1581 5178 1603 5206 ι’
1621 5167 1778 5224 Joan.
1809 5183 1872 5231 tt,
1896 5168 1921 5220 1
1949 5181 2102 5238 seqq.

1386 5253 1409 5280 κ
1432 5239 1621 5294 Matth.
1649 5254 1785 5302 ειη,
1826 5239 1851 5294 1
1880 5236 2042 5307 seqq.
2070 5236 2077 5237 7
2123 5236 2389 5293 “Thess.
2418 5256 2491 5304 ιν,
2514 5240 2601 5294 16.

2073 4949 2127 4991 et
2147 4940 2363 4992 divinus
2392 4939 2481 4994 ille
2506 4939 2703 4993 Paulus
2741 4942 3047 5006 confirmat,
3093 4956 3214 4994 cum
3250 4940 3363 4993 ait:
3411 4939 3664 4993 Christus

2070 5030 2204 5084 venit
2237 5030 2289 5083 in
2320 5030 2458 5085 hunc
2480 5030 2731 5084 mundum
2757 5041 3057 5100 peccatores
3083 5031 3254 5086 salvos
3281 5032 3455 5101 facere
3481 5048 3495 5084 :
3519 5046 3620 5101 quo
3640 5059 3666 5068 -

2181 5168 2363 5240 '_Luc.
2394 5183 2451 5232 ι,
2474 5170 2563 5224 42.
2645 5169 2664 5206 ί
2689 5171 2923 5240 Aet.x.t
2954 5187 3105 5240 seqq.
3181 5178 3211 5207 ιι
3242 5167 3375 5224 Luc.
3408 5168 3668 5235 “"529

2681 5248 2703 5276 κ
2724 5239 2911 5298 Matth.
2940 5258 3013 5309 Ix,
3038 5239 3125 5298 15.

1690 5376 1925 5433 VARUS
1964 5376 2371 5433 LECTIONES.

439 5456 910 5548 ’ξ’-πίξεῆεάλλεσθαι
940 5490 1035 5548 gl
1079 5475 1123 5506 "’
1154 5470 1296 5548 οἴδα]
1323 5473 1479 5529 Joan.
1509 5490 1630 5540 xm,
1664 5474 1736 5548 8‘.
1790 5474 1977 5548 νθξΑξδει
2004 5487 2114 5548 om.
2331 5475 2513 5548 f‘zbv
2549 5479 2611 5529 ἐκ
2640 5477 2909 5548 βηθανίας
2933 5491 3045 5531 om.
3075 5476 3116 5529 C
3147 5484 3202 5530 et
3232 5492 3313 5543 pr.
3345 5479 3409 5531 Α.
3487 5478 3659 5531 “Ad-

367 5526 535 5617 ἔθεον
554 5546 664 5617 εξηι.
689 5548 773 5617 ρετ
799 5545 845 5617 Α,
921 5526 1171 5617 saga...
1196 5526 1630 5617 θῆγξιτρξέωῖ
1674 5526 1741 5575 Ia
1776 5544 1891 5597 άλλη
1915 5543 1994 5617 ἐς
2018 5526 2214 5617 me,
2232 5544 2409 5617 οεκεας
2435 5526 2809 5617 miser?»
2830 5526 2921 5599 es.
2940 5526 3069 5617 ea;
3086 5526 3199 5599 λς’
3228 5526 3657 5616 δι’έτέξλπετα“ι“ξ.

366 5597 416 5687 :2
442 5598 664 5687 δξξαίως
689 5597 945 5687 ξεξισηψτ
972 5634 984 5659 τ
1008 5597 1349 5687 διιξαίουξς.⁵
1411 5615 1455 5647 ⁸⁷
1486 5597 1774 5685 προσεῖχον
1804 5634 1865 5679 ς.
1951 5597 1998 5647 εδ
2027 5615 2126 5685 οὐχ
2143 5612 2216 5686 οἱ]
2260 5597 2554 5687 Ιίυιέὶὀὺγίξ
2581 5597 2919 5673 --ίτίᾶπανοί
2950 5597 3110 5686 paulo
3137 5597 3262 5687 post

366 5668 416 5701 ’⁸
455 5668 549 5739 τῆς
573 5670 778 5759 φωνῆς]
810 5675 1009 5731 rectius
1033 5685 1132 5747 τὴν
1157 5668 1359 5759 φάνῆῤ,
1684 5668 1715 5685 ’⁸
1758 5668 1763 5669 ’
1813 5668 1861 5679 "
2094 5668 2126 5685 η
2196 5668 2216 5686 λ
2480 5668 2593 5705 ιν,
2660 5668 2718 5709 ,-
2870 5668 2917 5673 ν-
3137 5668 3261 5687 τμ-
3311 5668 3577 5698 τ--.-ηη

584 5756 853 5823 ΡΑΤιιοι.
900 5764 1019 5833 Gn.
1062 5768 1222 5832 Clll.
1294 5756 1304 5759 _
3208 5777 3287 5841 26
