3972 6248
389 196 491 264 811

1539 183 1803 246 PHOTII
1839 181 2347 244 PATRIARCH/E
2378 181 2487 243 (ΞΡ.

3511 175 3644 241 ’812

390 331 508 371 rum
545 311 748 384 primus
788 324 884 379 ego
937 323 1056 362 sum
1087 304 1190 359 n'b.
1225 301 1290 357 Et
1323 316 1536 358 rursum
1571 319 1586 358 :
1616 300 1837 356 Causati
1877 316 1968 353 su-

2073 298 2100 351 6
2124 297 2410 362 θεσπέσιος
2431 297 2644 360 Παῦλος
2675 296 3082 370 ἐπισφραγιζει,
3108 295 3302 364 λέγων·
3329 293 3641 384 Χριστὸςέί

395 423 515 463 mus
541 402 760 459 Judteos
777 411 823 456 et
844 409 1018 470 gentes
1058 412 1260 460 omnes,
1283 394 1378 449 sub
1394 403 1606 463 peccato
1633 409 1744 448 esse
1769 391 1967 462 203a

394 500 529 554 sicut
561 496 811 564 scriptum
844 500 919 545 est
948 487 1106 546 :Non
1131 497 1206 542 est
1228 487 1408 558 justus
1433 486 1728 556 quicquam,
1763 502 1867 538 non
1893 493 1970 538 est

397 586 716 654 intelligens,
741 596 847 636 non
875 588 948 633 est
999 578 1267 647 requirens
1309 575 1475 630 Deum
1499 585 1547 628 ο.
1582 574 1776 628 Omnes
1830 576 1969 627 enim

396 683 760 748 peccaverunt,
789 680 838 727 et
889 679 1038 741 egent
1073 669 1244 741 gloria
1291 668 1387 722 Dei
1415 669 1464 720 ἀ.
1495 667 1773 734 lllndqne:
1813 663 1968 719 Venit

396 769 656 824 Dominus
677 782 933 839 quwrere,
963 775 1010 818 et
1031 763 1233 819 salvum
1258 762 1431 830 facere
1459 761 1597 832 quod
1639 760 1866 829 perierat
1897 769 1921 797 θ
1951 773 1968 824 ;

397 858 466 914 de
510 868 622 912 toto
670 858 928 911 nimirum
977 855 1258 910 hominum
1309 867 1510 921 genere
1552 850 1770 913 dicitur,
1824 847 1968 918 quod

395 949 561 1004 etiam
587 948 1019 1018 supplementum
1067 946 1211 1001 illius
1242 943 1542 999 centenarii
1566 941 1968 997 rationabilinm

394 1041 578 1099 ovium
607 1041 893 1110 designat:
943 1038 1395 1106 quemadmodum
1444 1045 1498 1089 et
1540 1037 1793 1090 drachma
1827 1033 1843 1071 ῐ
1881 1033 1968 1086 illa

397 1152 502 1193 una
527 1151 559 1190 e
586 1135 771 1190 decem
815 1133 1065 1187 sordibus
1091 1131 1302 1185 obruta.
1333 1127 1470 1182 lluic
1509 1127 1707 1181 etenim
1734 1123 1968 1196 [generi]

397 1243 544 1285 mors
578 1225 865 1296 imperavit
899 1225 946 1287 ε,
969 1223 1121 1292 juxta
1163 1222 1408 1275 eumdem
1459 1219 1672 1273 beatum
1720 1217 1968 1282 Paulum,

397 1333 505 1372 non
540 1315 863 1387 quibusdam
911 1322 1139 1376 tantum,
1186 1322 1240 1365 et
1265 1312 1582 1379 quibusdam
1614 1325 1743 1376 non,
1776 1309 1867 1364 sed
1902 1309 1970 1363 ab

396 1408 605 1463 Adamn
638 1419 809 1476 usque
847 1405 914 1459 ad
945 1403 1168 1468 Mosem,
1218 1405 1269 1456 in
1320 1405 1514 1471 quibus
1549 1402 1768 1456 luerunt
1815 1401 1967 1467 Abel,

397 1510 561 1569 atque
588 1499 754 1562 Enos,
781 1506 835 1552 et
877 1496 1082 1564 reliqua
1111 1497 1213 1550 sub
1249 1495 1365 1566 lege
1399 1495 1676 1564 justorum
1729 1510 1792 1548 ac
1847 1508 1972 1562 pro-

396 1591 678 1661 phetarum
727 1588 1034 1642 multitudo.
1093 1589 1171 1641 Ac
1230 1603 1444 1640 rursum
1514 1587 1652 1641 idem
1683 1585 1969 1640 charitatis

2067 384 2258 458 ἦλθεν
2296 390 2384 454 εὶς
2424 389 2532 443 τὸν
2570 390 2804 459 κόσμον
2843 388 3230 460 ἁμαρτωλοὺς
3293 386 3487 443 σῶσιιι
3503 427 3518 452 ,
3555 382 3648 442 ὧν

2069 479 2303 548 πρῶτός
2348 481 2468 550 ειμι
2518 481 2655 551 ἐγώ.
2699 481 2814 534 Καὶ
2871 480 3038 537 πάλιν
3082 483 3133 534 Π
3139 480 3647 550 ροῃτιασύμεθα”

2085 571 2417 638 Ἰουδαίους
2457 572 2558 626 καὶ
2596 573 2912 640 Ἕλληνας
2943 573 3176 639 πάντας
3210 572 3312 641 ὑφ’
3351 573 3652 640 ἁμαρτίαν

2069 660 2249 730 εἶναι,
2293 665 2492 731 καθὼς
2535 665 2859 734 γέγραπται
2881 703 2895 729 ,
2927 667 3040 720 οὐκ
3069 665 3200 720 ἐστι
3233 664 3466 730 δίκαιος
3504 663 3653 719 οὐδὲ

2069 753 2177 822 εἵς,
2235 758 2346 810 οὐκ
2399 756 2572 811 ἐστιν
2601 760 2633 811 ό
2663 755 2914 823 συνιὼν,
2963 759 3074 811 οὐκ
3106 757 3279 811 ἐστιν
3317 760 3349 811 ὁ
3389 756 3656 823 ἐκζητῶν

2068 848 2176 900 τὸν
2214 849 2395 901 Θεῶν
2427 848 2650 914 πάντες
2666 847 2710 879 ⁸³
2741 847 2852 916 γὰρ
2887 847 3157 917 ἥμαρτον
3189 848 3288 901 καὶ
3316 847 3648 917 ὑστεροῦν-

2068 955 2164 992 ται
2204 938 2314 1007 τῆς
2347 937 2536 1007 δόξης
2587 939 2694 1015 τοῦ
2739 937 2912 994 Θεοῦ.
2962 938 3073 992 Kal.
3118 939 3203 1004 τὸ,
3273 939 3326 990 '0
3361 941 3581 1006 Κύριος
3601 940 3651 972 οδ

2070 1026 2218 1099 ἦλθε
2245 1028 2491 1098 ζητῆσαι
2522 1031 2620 1084 καὶ
2653 1030 2848 1086 σῶσαι
2905 1030 2973 1084 τὸ
3019 1029 3333 1096 ἀπολωλὸς
3357 1069 3372 1094 ,
3401 1029 3652 1102 δηλονότι

2069 1122 2202 1192 περὶ
2251 1122 2374 1174 ὅλου
2417 1121 2513 1174 τοῦ
2559 1120 2899 1193 ἀνθρωπείου
2958 1122 3147 1191 γένους
3200 1123 3446 1192 εἴρηται·
3483 1123 3512 1176 ὃ
3551 1123 3652 1176 καὶ

2069 1213 2447 1284 ἀναπλήρωμα
2487 1214 2585 1284 τῆς
2621 1214 2729 1268 τῶν
2771 1213 3008 1281 λογικῶν
3035 1216 3324 1282 προϐάτων
3357 1215 3652 1268 ἑκατοντά-

2070 1305 2158 1367 δος
2186 1312 2411 1368 νοεῖται,
2435 1305 2626 1376 ὥσπερ
2656 1306 2752 1358 καὶ
2772 1308 2805 1376 ἡ
2833 1306 3248 1376 καταχωσθεῖσα
3272 1305 3518 1376 δραχμὴ,
3547 1306 3650 1375 μία

2071 1396 2205 1450 οὖσα
2224 1396 2332 1450 τῶν
2352 1397 2487 1450 δέκα
2515 1396 2796 1468 δραχμῶν.
2824 1397 2933 1450 Καὶ
2947 1397 3058 1467 γὰρ
3079 1395 3281 1465 ταύτης
3299 1395 3650 1449 ἐϐασίλευσεν

2071 1491 2099 1544 ὁ
2145 1490 2398 1555 θάνατος,
2442 1491 2585 1544 κατὰ
2641 1491 2734 1543 τὸν
2788 1489 2952 1542 αὑτὸν
2999 1489 3286 1542 θεσπέσιον
3317 1487 3555 1556 Παῦλον,
3582 1488 3647 1540 οὐ

2076 1583 2240 1636 τινῶν
2269 1583 2385 1652 μέν,
2412 1582 2575 1635 τινῶν
2622 1581 2668 1634 δ’
2695 1580 2778 1647 οὒ,
2810 1581 2946 1635 ἀλλὰ
2985 1581 3093 1634 ἀπὸ
3137 1581 3310 1650 Ἀδὰμ
3342 1581 3436 1634 και
3464 1564 3650 1650 ’μέχρι

394 1693 592 1750 pncco,
620 1679 940 1733 etincensus
967 1687 1179 1730 amator
1215 1696 1227 1731 :
1259 1677 1611 1746 Diligentibus
1658 1676 1844 1739 Deum,
1885 1676 1966 1728 in-

2073 1675 2378 1738 Μωῦσέως,
2410 1668 2483 1727 ὧν
2516 1670 2586 1746 ἦν
2623 1675 2923 1728 Ἀϐελικαὶ
2958 1673 3126 1738 Ἐνὼς
3156 1675 3250 1727 καὶ
3282 1675 3310 1726 ὁ
3330 1673 3516 1736 λοιπὸς
3538 1673 3649 1725 τῶν

394 1769 536 1840 quit,
562 1769 740 1822 omnia
771 1778 1117 1835 cooperantur
1140 1769 1194 1821 in
1221 1768 1432 1834 bonum,
1458 1769 1524 1822 iis
1546 1771 1635 1839 qui
1679 1767 1964 1821 secundum

393 1863 716 1930 propositum
748 1861 1054 1914 uocatisunt
1077 1857 1127 1914 h.
1164 1860 1228 1915 Et
1250 1872 1371 1928 post
1395 1861 1542 1914 haec:
1579 1860 1720 1925 Quos
1751 1861 1966 1929 prwsci-

394 1957 489 2021 vit,
515 1955 677 2008 etiam
705 1955 1135 2023 praedestinavit:
1171 1963 1218 2008 et
1254 1970 1381 2025 quos
1418 1956 1839 2024 pra’destinavit,
1865 1955 1964 2008 hos

395 2053 445 2101 et
469 2043 665 2098 vocavit
692 2053 780 2108 ;et
806 2059 937 2114 quos
989 2044 1209 2107 vocavit,
1243 2047 1400 2097 etiam
1443 2045 1778 2114 justiﬁcavit,
1813 2057 1966 2114 atque

393 2135 707 2209 gloriﬁcavit
738 2136 783 2191 ί.
811 2135 941 2190 Item
976 2154 990 2191 :
1020 2135 1196 2206 Elegit
1223 2153 1314 2190 nos
1372 2148 1494 2191 ante
1534 2139 1713 2191 mundi
1768 2141 1963 2192 consti-

394 2229 718 2284 tutionemt.
753 2227 870 2284 Non
915 2228 1089 2283 solum
1142 2243 1208 2282 ex
1272 2226 1496 2293 Judzeis,
1543 2231 1639 2285 sed
1685 2231 1849 2285 etiam
1897 2246 1962 2285 ex

394 2320 666 2390 gentibus.
723 2320 998 2375 Rursum:
1030 2317 1235 2374 Electio
1287 2330 1565 2374 consecuta
1619 2331 1694 2375 est
1728 2337 1748 2376 :
1791 2323 1966 2376 ca'teri

395 2427 512 2467 veno
545 2412 796 2466 eacazcati
825 2423 946 2464 sunt
977 2411 1026 2466 ιι.
1051 2412 1139 2478 Ει,
1175 2410 1279 2476 Qui
1324 2423 1398 2466 est
1443 2411 1689 2466 Salvator
1734 2415 1965 2468 omnium

393 2504 686 2568 hominum,
714 2505 944 2559 maxime
999 2505 1236 2574 fidelium
1274 2503 1291 2542 1
1325 2522 1340 2572 ;
1376 2514 1432 2557 nt
1485 2506 1753 2560 inﬁnitum
1803 2506 1968 2562 fuerit

393 2596 522 2651 talia
551 2598 634 2652 vel
676 2596 1010 2651 numerando
1039 2612 1348 2652 recensere.
1397 2599 1521 2654 Haec
1567 2600 1654 2654 ubi
1689 2601 1966 2658 studiosus

391 2687 483 2745 ille
507 2690 742 2760 scriptor
767 2689 1212 2746 honoriﬁcentius
1264 2691 1541 2758 discernit,
1579 2705 1635 2749 et
1689 2695 1966 2752 tricesimo

392 2791 588 2840 octavo
619 2781 780 2854 capiti
806 2781 967 2838 linem
1000 2783 1244 2854 imponit.

464 3039 554 3097 39.
586 3040 738 3109 Eam,
769 3057 888 3112 quae
919 3042 970 3096 in
1002 3043 1175 3099 sacris
1201 3041 1503 3115 Scripturis
1528 3045 1811 3102 videbatur
1839 3063 1964 3105 esse

395 3131 713 3198 dissensio,
777 3134 993 3188 curiose
1054 3135 1301 3204 inquirit,
1356 3149 1518 3207 atque
1569 3149 1966 3209 perscrutatur.

398 3221 622 3279 Dubitat
675 3225 844 3290 enim,
891 3231 1163 3296 quomodo
1215 3229 1475 3286 Dominus
1531 3233 1582 3286 iu
1640 3249 1736 3287 sua
1795 3235 1969 3302 patria

394 3317 550 3386 signa
577 3316 759 3373 facere
790 3334 893 3374 non
924 3331 1128 3390 posset,
1157 3320 1384 3387 Propter
1407 3325 1822 3381 incredulitatem
1855 3327 1973 3380 illo-

397 3424 514 3463 rum
537 3417 600 3473 ιιι,
635 3424 962 3479 rursumque
986 3411 1051 3465 ad
1086 3412 1399 3468 incusantes
1425 3419 1564 3483 quod
1585 3416 1833 3486 discipuli
1856 3419 1966 3473 daa-

397 3501 640 3555 monium
687 3516 792 3574 non
832 3501 1141 3571 ejecissent,
1177 3505 1388 3575 culpam
1429 3510 1479 3562 in
1532 3522 1856 3568 accusantes
1883 3526 1970 3566 re-

397 3588 620 3647 ferendo
647 3593 848 3648 dixerit
877 3611 892 3649 :
922 3591 1153 3661 Pr0pter
1189 3597 1616 3652 incredulitatem
1666 3612 1892 3656 vestram
1915 3611 1966 3659 υ.

395 3681 529 3738 Cum
570 3699 861 3754 germanus
909 3686 1070 3754 hujus
1117 3688 1414 3758 discipulus
1437 3689 1650 3748 (Paulus
1694 3694 1970 3748 contradi-

395 3784 484 3830 cat
516 3792 532 3829 :
566 3777 730 3844 Signa
768 3778 928 3842 enim,
973 3779 1169 3846 inquit,
1203 3780 1526 3848 inﬁdelibus,
1559 3799 1662 3836 non
1701 3794 1874 3838 autem
1906 3786 1972 3853 ﬁ-

395 3867 602 3922 delibus
628 3874 676 3922 ο.
707 3866 890 3923 Nudus
937 3870 1004 3923 ab
1037 3871 1128 3924 illo
1170 3873 1249 3925 sic
1309 3874 1628 3928 dissolvitur
1659 3916 1672 3940 ,
1725 3887 1783 3930 ut
1827 3878 1972 3934 dicat

396 3961 649 4013 universe
675 3961 894 4031 quidem
947 3972 1002 4015 et
1051 3966 1412 4018 conununiter
1459 3979 1677 4036 promer
1725 3969 1970 4025 inlidcles

395 4052 706 4124 prodigiosa
744 4053 896 4120 signa
947 4054 1088 4118 lieri,
1134 4071 1241 4124 quo
1266 4059 1377 4112 lucc
1403 4060 1554 4127 ipsos
1583 4076 1648 4115 co
1677 4065 1969 4128 adducant,

398 4153 457 4199 ut
482 4145 777 4200 salubriter
803 4145 1161 4215 acquiescant
1193 4148 1266 4212 ci,
1297 4150 1388 4218 qui
1421 4160 1476 4204 et
1527 4152 1840 4206 admiranda
1883 4153 1970 4206 illa

393 4246 598 4307 patrat,
634 4247 691 4292 et
729 4245 906 4293 mente
934 4239 1048 4305 jam
1097 4249 1256 4294 antea
1303 4242 1370 4295 ab
1401 4241 1506 4297 illis
1538 4253 1838 4312 praeceptus
1865 4257 1968 4300 est.

1990 3014 2038 3074 ϐ

2069 1767 2127 1819 ἐν
2157 1767 2234 1837 τῷ
2259 1767 2408 1837 νόμῳ
2430 1766 2654 1821 δικαίων
2682 1768 2775 1821 καὶ
2808 1765 3106 1837 προφητῶν
3136 1765 3313 1835 χορός.
3343 1763 3513 1818 Πάλιν
3538 1763 3596 1815 δὲ
3619 1765 3650 1815 6

2068 1859 2230 1922 αὐτὸς
2254 1859 2353 1928 τῆς
2387 1859 2605 1928 ἀγάπης
2637 1858 2732 1912 καὶ
2769 1858 2946 1929 κῆρυξ
2979 1857 3078 1911 καὶ
3098 1857 3360 1928 διάπυρος
3382 1855 3644 1926 ἐραστὴς,

2071 1950 2259 2017 Τοῖς⁹⁵
2271 1951 2546 2020 ἀγαπῶσι
2561 1951 2670 2006 τὸν
2686 1952 2857 2017 Θεὸν,
2872 1951 3028 2022 φησι,
3046 1949 3242 2004 πάντα
3261 1948 3546 2018 συνεργεῖ
3559 1951 3650 2014 εἰς

2066 2043 2132 2097 τὸ
2149 2044 2392 2113 ἀγαθόν,
2408 2043 2530 2110 τοῖς
2546 2043 2696 2098 κατὰ
2709 2046 2999 2112 πρόθεσιν
3016 2043 3253 2110 κλητοῖς
3274 2039 3470 2097 οὖσιν.
3490 2036 3648 2095 Εἶταο

2072 2135 2191 2201 Οὓς
2214 2138 2504 2206 προέγνω,
2539 2137 2636 2192 καὶ
2663 2135 3230 2208 προώρισε·[6451ὶ.]
3268 2136 3367 2190 καὶ
3384 2135 3492 2200 οὓς
3509 2151 3650 2204 προ-

2066 2227 2265 2298 ώρισε,
2289 2231 2543 2296 τούτους
2585 2230 2683 2284 καὶ
2704 2229 2982 2284 ἐκάλεσε·
3005 2231 3105 2284 καὶ
3123 2229 3232 2295 οὓς
3263 2228 3520 2283 ἐκάλεσε
3549 2227 3652 2281 καί

2066 2321 2381 2376 ἐδικαίωσε
2411 2322 2511 2376 καὶ
2544 2321 2822 2386 ἐδόξασε.
2847 2323 2981 2389 Καὶ,
3026 2321 3382 2389 Ἑξελέξατο
3401 2321 3448 2356 ⁹⁶
3489 2319 3652 2392 ἡμᾶς

2067 2414 2187 2469 ἀπὸ
2216 2413 2559 2483 καταϐολῆς
2581 2416 2814 2484 κόσμου
2839 2415 2900 2469 οὐ
2933 2416 3094 2485 μόνον
3120 2416 3179 2482 ἐξ
3223 2415 3490 2470 Ἰουδαίων
3511 2413 3650 2468 ἀλλὰ

2068 2507 2164 2560 καὶ
2200 2506 2327 2578 [554
2347 2506 2445 2578 Η.]
2480 2506 2724 2572 ἐξὲθνῶν
2743 2522 2758 2540 ο
2785 2510 2899 2574 καὶ,
2938 2507 2999 2563 Ἠ
3017 2508 3239 2577 ἐκλογὴ
3260 2511 3302 2539 ⁸⁷
3329 2507 3647 2576 ἐπέτυχεν,

2068 2602 2122 2654 ol
2149 2598 2219 2652 δὲ
2244 2599 2446 2654 λοιποὶ
2471 2599 2898 2668 ἐπωρώθησαν.
2924 2601 3056 2667 Καὶ,
3079 2601 3187 2667 ⁹¹Ος
3203 2601 3248 2634 ⁸⁸
3277 2601 3409 2654 ἐστι
3440 2600 3650 2668 Σωτὴρ

2069 2690 2313 2744 πάντων
2335 2692 2682 2760 ἀνθρώπων,
2723 2691 2998 2760 μάλιστα
3023 2690 3274 2746 πιστῶν.
3305 2694 3413 2745 Καὶ
3439 2692 3648 2758 ἀδιεξό-

2067 2783 2254 2836 δευτον
2287 2783 2352 2838 ἂν
2377 2783 2462 2854 εἴη
2499 2784 2567 2838 τὰ
2595 2783 2821 2838 τοιαῦτα
2857 2784 3048 2856 φέρειν
3071 2787 3152 2848 εἰς
3178 2783 3433 2854 ἀριθμόν.
3463 2784 3650 2838 Ταῦτα

2067 2872 2474 2945 φιλοτιμότερον
2499 2877 2527 2928 6
2554 2873 2839 2944 φιλόπονος
2857 2877 2904 2908 ⁰⁹
2929 2871 3082 2941 οὗτος
3109 2877 3464 2948 συγγραφεὺς
3489 2876 3649 2929 ἐπελο

2072 2965 2182 3020 θὼν
2209 2967 2307 3020 καὶ
2331 2967 2409 3037 τῷ
2429 2967 2510 3038 λη’
2534 2969 2708 3038 πέρας
2739 2969 3014 3042 ἐπιτίθησι
3040 2964 3343 3042 κεφαλαίῳ.

2143 3059 2233 3112 Ἐν
2260 3059 2317 3112 δὲ
2339 3059 2416 3130 τῷ
2444 3059 2522 3112 λθ¹
2551 3062 2650 3130 τὴν
2675 3061 2940 3116 δοκοῦσαν
2968 3063 3026 3116 ἐν
3051 3065 3164 3126 τοῖς
3229 3065 3395 3134 ίεροῖς
3425 3062 3649 3131 Λογίοις

2071 3152 2374 3220 διαφωνίαν
2407 3152 2864 3226 πολυπραγμονεῖ
2891 3155 2986 3209 καὶ
3016 3155 3304 3211 διευθύνει.
3349 3157 3652 3228 Ἐπαπορεῖ

2071 3243 2181 3315 γὰρ
2211 3244 2328 3308 πῶς
2356 3248 2384 3298 ὁ
2408 3247 2506 3317 μὲν
2540 3248 2746 3319 Κύριος
2800 3251 2859 3302 ἐν
2887 3253 2954 3322 τῇ
3008 3249 3114 3322 ἰδίᾳ
3170 3251 3392 3322 πατρίδι
3443 3253 3648 3320 σημεῖα

2073 3337 2248 3388 ποιεῖν
2269 3337 2369 3390 οὐκ
2397 3337 2630 3408 ἠδύνατο
2657 3340 2757 3395 διὰ
2780 3342 2894 3410 τὴν
2912 3343 3205 3397 ἀπιστίαν
3229 3343 3348 3396 τῶν
3371 3344 3443 3396 ἐν
3467 3343 3646 3410 αὐτῇ,

2071 3427 2166 3480 καὶ
2190 3427 2353 3482 πάλιν
2383 3429 2520 3500 πρὸς
2540 3431 2667 3494 τοὺς
2689 3432 3059 3502 ἐγκαλοῦντας
3087 3435 3168 3487 ὅτι
3198 3437 3244 3488 oi
3280 3435 3519 3506 μαθηταὶ
3548 3435 3650 3488 οὐκ

2071 3520 2327 3586 ἐξέϐαλον
2359 3523 2420 3576 τὸ
2447 3524 2742 3594 δαιμόνιον,
2767 3527 2865 3596 τὴν
2891 3528 3073 3582 αἰτίαν
3099 3529 3181 3591 είς
3210 3528 3335 3592 τοὺς
3358 3527 3650 3597 ἐγκαλοῦν-

2069 3632 2171 3680 τας
2199 3616 2492 3690 ἀναφέρων
2516 3618 2644 3688 ἔφη,
2673 3619 2775 3674 Διὰ
2790 3623 2806 3652 ¹
2828 3620 2944 3688 τὴν
2963 3621 3256 3674 ἀπιστίαν
3277 3622 3463 3691 ὑμῶν.
3514 3622 3571 3675 '0
3592 3621 3648 3673 δέ

2071 3725 2135 3778 γε
2154 3709 2346 3764 τούτου
2385 3712 2610 3780 γνήσιος
2643 3711 2892 3784 μαθητὴς
2917 3713 3132 3778 Παῦλος
3164 3716 3425 3770 τάναντία
3456 3715 3608 3784 λέγει
3629 3731 3647 3745 ο

2077 3801 2198 3854 Τὰ¹
2237 3802 2348 3872 γὰρ
2386 3803 2628 3872 σημεῖα,
2669 3806 2825 3876 φησὶ,
2859 3805 2984 3872 τοῖς
3015 3807 3317 3874 ἀπίστοις,
3347 3809 3480 3878 οὐχὶ
3524 3809 3650 3875 τοῖς

2072 3894 2494 3951 πιστεύουσιν.
2551 3896 2663 3949 Καὶ
2701 3897 2980 3952 ἐπιλὺεται
3010 3899 3070 3953 τὸ
3118 3900 3386 3973 ἀπόρημα
3408 3943 3422 3966 ,
3454 3901 3649 3969 λέγων,

2072 3983 2148 4047 ὡς
2181 3985 2462 4058 Καθολικῷ
2491 3988 2590 4058 μὲν
2612 3989 2708 4043 καὶ
2737 3990 2901 4061 κοινῷ
2927 3992 3070 4063 λόγῳ
3088 3992 3154 4046 τὰ
3182 3997 3382 4063 σημεῖα
3411 3994 3498 4047 διὰ
3524 3997 3654 4057 τοὺς

2073 4075 2340 4140 ἀπίστους
2367 4083 2838 4151 τερατουργεῖται,
2863 4083 3018 4151 ἄγειν
3047 4085 3246 4147 αὐτοὺς
3271 4087 3349 4148 είς
3383 4087 3652 4157 σωτήριον

2075 4168 2252 4222 πειθὼ
2285 4170 2378 4223 τοῦ
2413 4170 2958 4246 θαυματουργοῦντος
2992 4178 3393 4247 προνοουμένου
3428 4195 3443 4208 ο
3504 4178 3651 4230 ἐκεί-

2074 4277 2186 4323 νοις
2219 4261 2402 4330 μέντοι
2445 4263 2620 4318 ταῦτα
2661 4266 3089 4336 προϐάλλεσθαι,
3129 4268 3178 4321 οἳ
3228 4269 3290 4321 τὸ
3348 4269 3654 4339 ἐπιτήδειον

394 4325 508 4381 Illis
538 4335 718 4380 tamen
749 4327 880 4382 solis
919 4329 1036 4383 haec
1064 4327 1273 4395 oll'erri,
1300 4329 1390 4398 qui
1415 4345 1535 4384 cum
1560 4331 1968 4399 obteinperandi

2078 4350 2180 4421 τῆς
2209 4351 2454 4424 ὑπακοῆς
2472 4325 2926 4429 ἀντιπαρέχονται
2945 4361 3042 4413 καὶ
3067 4325 3163 4431 τὴν
3189 4362 3283 4414 ἀπ’
3307 4325 3657 4431 αὐτῶνιὼφέ-

393 4419 632 4475 studium
665 4434 760 4475 sua
789 4435 853 4474 ex
889 4430 1043 4491 parte
1078 4421 1329 4486 aﬂerant,
1364 4423 1528 4477 etiam
1562 4433 1872 4480 nascentem
1903 4440 1968 4481 ex

394 4511 481 4567 ais
511 4510 803 4567 utilitatem
834 4513 885 4566 in
916 4527 978 4568 se
1011 4513 1322 4569 admittant.
1368 4512 1503 4568 Nam
1529 4529 1668 4584 quos
1691 4531 1758 4571 ex
1790 4515 1972 4572 incre-

392 4603 537 4660 dulis
587 4617 780 4676 sponte
822 4621 919 4660 sna
979 4621 1152 4663 caecos
1206 4610 1274 4662 ad
1328 4608 1765 4678 supernaturalia
1806 4623 1972 4677 opera

365 4697 666 4776 ,uovimus,
709 4700 793 4754 his
825 4700 979 4771 signa
1011 4701 1130 4756 sine
1160 4699 1264 4754 ulla
1309 4699 1559 4756 Numinis
1605 4701 1968 4770 providentia,

363 4792 448 4846 'et
500 4805 636 4844 vane
663 4791 844 4846 oblata
889 4795 1162 4849 videntur.
1218 4793 1406 4863 Itaque
1436 4803 1493 4848 ct
1545 4794 1839 4850 incredulis
1882 4794 1972 4849 illa

391 4879 588 4951 2030
615 4883 864 4952 proponi,
897 4893 952 4938 et
977 4885 1165 4939 eadem
1197 4900 1389 4941 rursus
1425 4900 1530 4940 non
1567 4885 1790 4954 prOponi
1821 4899 1976 4953 opor.

394 4983 512 5028 tere
539 4985 1003 5037 ,consentaneum
1057 4992 1466 5049 congruumque
1513 4980 1798 5059 [videtur].
1841 4987 1974 5045 Illud

2079 4441 2229 4498 λειαν
2256 4445 2641 4512 εἰσοικίζονται
2669 4467 2684 4482 ο
2718 4451 2874 4515 ὅσους
2901 4452 2960 4505 δέ
2980 4453 3090 4506 τῶν
3118 4454 3363 4507 ἀπίστων
3392 4455 3659 4516 ἑκουσίως

2079 4533 2218 4606 πρὸς
2251 4534 2320 4588 τὰ
2345 4537 2454 4591 τῶν
2476 4537 2654 4610 ἔργων
2683 4541 2942 4614 ὑπερφυῆ
2987 4543 3401 4614 τυφλώττοντας
3429 4545 3659 4599 ἐπιστά-

2083 4626 2247 4698 μεθα,
2284 4628 2499 4692 τούτοις
2528 4632 2561 4702 ή
2589 4633 2699 4686 τῶν
2730 4636 2972 4706 σημείων
3017 4637 3258 4707 προϐολὴ
3313 4639 3659 4710 ἁπρονόητόν

2077 4735 2137 4772 τε
2159 4721 2254 4774 καὶ
2286 4722 2539 4792 μάταιον.
2576 4725 2740 4779 Ὥστε
2764 4726 2998 4793 καὶτοῖς
3042 4729 3292 4794 ἀπίστοις
3321 4730 3390 4784 τὰ
3449 4733 3659 4802 σημεῖα

2080 4812 2466 4883 προϐάλλεται,
2506 4817 2602 4870 καὶ
2633 4818 2771 4888 πρὸς
2796 4818 2859 4872 τδ
2884 4820 2960 4891 μὴ
2980 4820 3090 4874 δεῖν
3119 4822 3304 4886 αὐτοῖς
3331 4823 3504 4877 ταῦτα
3526 4841 3663 4896 προ-

2082 4903 2301 4959 ϐάλλειν
2334 4907 2626 4979 σύμφωνόν
2656 4929 2716 4964 τε
2748 4912 2845 4965 καὶ
2899 4915 3243 4984 ἐναρμόνιον,
3295 4916 3358 4970 τὸ
3414 4915 3539 4986 μὲν,
3577 4918 3662 4971 ὅτι

2082 4994 2150 5049 δι’
2177 4996 2357 5053 αὐτῶν
2385 4999 2485 5071 τὴν
2522 5003 2798 5074 σωτηρίαν
2847 5005 3213 5076 κερδαίνουσι,
3275 5008 3336 5062 τὸ
3383 5008 3461 5077 δέ,
3529 5010 3664 5064 διότι

463 5110 542 5206 rt
565 5109 984 5206 loTiII1.II.,1-5.n
1020 5114 1239 5206 οιῐξοιιιὶ
1268 5134 1349 5206 ιιι,
1374 5118 1441 5173 l0
1469 5122 1869 5206 seqq._ndibid.
1902 5127 1968 5206 23

2073 5132 2183 5206 sal.
2205 5148 2326 5206 3m,
2359 5135 2426 5192 10
2442 5146 2494 5190 et
2525 5136 2669 5193 Psal.
2709 5141 2885 5205 xu,4.
2967 5152 2991 5180 ε
3017 5141 3147 5195 an.
3175 5159 3289 5206 nx,
3312 5141 3398 5199 10.
3480 5141 3502 5180 τ
3528 5142 3663 5197 Luc.

391 5181 642 5266 ἔτι),ξῇ
722 5186 748 5224 ε
775 5183 929 5266 Iliun.
955 5198 1025 5266 v,_
1198 5188 1243 5266 _h
1271 5181 1598 5266 nmmxui;
1617 5193 1684 5266 18
1709 5209 1845 5266 seqq

391 5261 432 5289 ιιι
463 5252 654 5308 Matth.
684 5269 805 5318 xm,
835 5253 925 5308 58.
999 5261 1028 5293 ³
1060 5256 1251 5314 Matth.
1283 5261 1524 5327 ινιι,19.

1771 5211 1863 5266 (Νι
1948 5199 2135 5281 illud.
2162 5203 2253 5260 19.
2314 5199 2346 5256 ι
2379 5206 2582 5279 Ephes.
2609 5225 2645 5276 ι,
2669 5209 2725 5266 4.
2799 5199 2830 5250 Ῑι
2860 5211 3021 5268 Rom.
3053 5229 3108 5280 n,
3133 5215 3188 5269 7.
3250 5199 3435 5268 l"lim.
3465 5229 3541 5281 tv,
3574 5213 3663 5268 l0.

1603 5271 1628 5298 °
1657 5265 1678 5320 l
1711 5265 1954 5334 (ἔοι-τιν.
1988 5268 2082 5325 22.

1651 5440 1659 5455 .
1678 5401 1910 5458 VARI/11‘.
1951 5405 2358 5464 LECTIONES.

393 5551 442 5583 ..
469 5481 809 5583 ῗηέξιιξῖῗεῖ
837 5482 1056 5583 Ξῖῖητι
1090 5487 1202 5583 ¹⁵;.
1233 5488 1761 5583 .Z’_3‘.&°PE;1._‘.‘P"?-
1791 5511 1874 5583 ’.ιιι
1909 5497 2015 5583 1.0-.
2057 5499 2384 5583 τξάχτες]
2411 5500 2570 5583 ποηιο
2612 5501 2842 5583 115.9%»:
2866 5501 2943 5583 .3}
2975 5503 3004 5556 δ
3029 5490 3656 5583 K6a2=lﬁt¢pflﬁfllz

474 5553 812 5644 ῖττὲςςῑιβέιέξιὲ
837 5571 952 5644 γιιι-
969 5556 1122 5644 ,ίὲοη
1231 5553 1477 5644 ἔξελθε-ί
1493 5553 1758 5644 Eius--1.
1786 5553 1882 5644 ιοζ
1909 5568 1956 5644 '1
1993 5570 2027 5640 ἡ
2054 5553 2390 5644 exi-Iron}:
2412 5553 2573 5643 iiii:
2613 5553 2842 5644 Val-1'1
2866 5553 3008 5629 Tim:
3030 5553 3106 5626 Ivi
3122 5553 3252 5620 ἰ’θῗ
3297 5563 3346 5597 θ’
3373 5553 3660 5634 φιλόπονος

392 5622 442 5678 Δ
471 5636 486 5674 ³
517 5621 802 5696 φιλότιμος
828 5643 889 5692 ςο
969 5629 985 5659 ⁸
1013 5621 1336 5701 διά1ΜειιιῙι.
1369 5621 1500 5702 ινίι,
1532 5621 1620 5690 i9,
1695 5637 1716 5670 ι
1741 5621 1834 5708 Im]
1866 5621 2034 5695 mor:
2064 5621 2389 5711 ἡδεῖ-ην
2424 5621 2500 5643 ”“·ν
2527 5621 2573 5629 --
2713 5621 2793 5662 -υ
