3972 6248
395 210 506 276 818

1445 207 1966 272 BIBLIOTHECA.
2006 230 2058 247 ο
2104 209 2268 272 COD.
2308 212 2589 277 CCXXII.

3525 215 3630 281 816

393 331 532 404 πρὸς
562 327 726 400 βάθος
747 328 1071 394 καταδύντες
1093 330 1114 361 ³
1137 327 1430 396 ἀπωλείας,
1461 331 1521 396 ἐξ
1551 321 1627 384 ὧν
1651 329 1800 383 ἄλλοι
1818 329 1961 400 μέγα

2073 332 2304 400 quidem,
2325 333 2466 426 quia
2516 333 3014 426 salutem‘pcrlluec
3058 342 3494 426 consequuntur;
3529 336 3630 394 boe

394 423 586 497 κέρδος
611 421 980 492 συλλέγουσιν,
1026 422 1181 476 αὐτοὶ
1224 422 1656 494 κακουργοῦντες
1689 421 1825 491 πρὸς
1884 420 1958 474 τὰ

392 517 562 588 χείρω
587 514 1010 585 κατασύρονται.
1053 512 1213 568 Ἀλλὰ
1233 513 1408 568 ταῦτα
1451 513 1550 583 μὲν
1594 514 1687 566 καὶ
1731 515 1790 566 έν
1820 511 1956 583 τῷδε

392 608 470 678 τῷ
499 606 802 676 κεφαλαίῳ.

474 699 562 752 Ἐν
592 698 650 752 δὲ
677 700 790 762 τοῖς
827 697 956 768 ἑξῆς
1007 696 1204 768 ἐρεύνῃ
1233 695 1583 766 φιλοθεάμονι
1636 695 1955 768 ἐμϐατεύων

392 789 700 857 αἰτιολογεῖ,
724 789 827 842 Διὰ
870 789 928 842 τί
979 787 1062 856 μὴ
1091 788 1244 856 ὑπὲρ
1297 786 1567 857 ἀγγέλων
1620 788 1956 854 πεσόντων,

391 877 593 946 ὥσπερ
630 878 782 945 ὑπὲρ
809 877 1136 943 ἀνθρώπων
1171 875 1419 947 γέγονεν
1443 877 1775 945 ἅνθρωπος,
1805 876 1958 930 οὕτω

392 969 492 1024 καί
514 969 792 1040 ἅγγελος.
835 969 944 1022 Καὶ
975 966 1197 1038 πρώτην
1229 968 1325 1039 μὲν
1373 968 1696 1022 ἀποδίδωσιν
1756 967 1955 1028 αἰτίαν,

391 1062 585 1132 ὅτιπερ
647 1060 835 1131 ἐπειδὴ
867 1061 932 1113 ὲκ
960 1060 1141 1128 πάσης
1174 1058 1274 1130 τῆς
1299 1059 1523 1129 λογικῆς
1555 1058 1766 1127 φύσεως
1802 1060 1959 1128 μόνος

392 1157 422 1208 6
457 1153 744 1222 ἄνθρωπος
773 1154 938 1224 σαρκί
961 1152 1056 1204 καὶ
1087 1147 1186 1222 ὕλῃ
1210 1151 1485 1222 συνεδέθη,
1519 1150 1714 1222 ἑτοίμη
1737 1151 1794 1204 δὲ
1823 1151 1960 1221 πρὸς

391 1242 606 1299 δλισθον
640 1245 674 1314 ἠ
702 1243 824 1314 ὕλη,
850 1245 930 1297 ἔτι
958 1243 1014 1296 δὲ
1033 1242 1054 1274 ⁸
1077 1244 1200 1297 δυσὶ
1237 1241 1433 1312 φύσεσι
1467 1242 1807 1313 μαχομέναις
1835 1260 1957 1294 συν.

391 1335 568 1398 τεθεὶς
594 1337 624 1389 6
648 1333 958 1406 ἄνθρωπος,
987 1335 1254 1404 ἑκατέρας
1285 1333 1422 1404 πρὸς
1456 1333 1516 1386 τὸ
1557 1335 1756 1386 οἰκεῖον
1806 1334 1960 1383 ἐπει-

393 1429 634 1498 γομένης
659 1425 991 1481 διασπᾶσθαι
1050 1425 1198 1494 φιλεῖ
1227 1425 1287 1477 τὸ
1351 1423 1488 1488 ζῶον
1524 1425 1618 1479 καὶ
1651 1423 1958 1495 διαμερίζεο

398 1517 518 1572 σθαι
545 1518 642 1588 (Τὸ
678 1517 829 1586 γὰρ’
869 1518 1146 1586 φρόνημα
1200 1513 1308 1583 τῆς
1340 1515 1590 1582 σαρκὸς,
1651 1515 1728 1578 ὡς
1790 1515 1885 1566 καὶ
1931 1513 1960 1564 6

393 1603 680 1666 θεσπέσιος
745 1603 954 1666 Παῦλος
1013 1601 1468 1673 ἐπιμαρτύρεται,
1520 1601 1601 1667 τῷ
1649 1603 1808 1672 νόμῳ
1853 1601 1958 1656 τοῦ

2064 435 2216 486 vero,
2245 423 2373 491 quia
2426 425 2479 477 in
2542 423 2865 494 profundum
2893 423 3164 480 interitus
3194 424 3451 490 demersi,
3490 427 3632 480 unde

2067 513 2157 567 alii
2209 529 2462 584 magnum
2511 515 2719 570 lucrum
2769 515 3066 586 colligunt,
3120 515 3218 585 ipsi
3273 515 3503 570 maleﬁci
3564 517 3631 570 ad

2063 604 2332 660 deteriora
2365 605 2723 674 abripiuntur.
2760 606 2939 675 Atque
2963 607 3060 659 ista
3084 606 3184 661 hoc
3215 604 3390 674 capite
3418 605 3630 661 Jobius.

2135 696 2496 768 Sequentibus
2525 713 2673 764 vero,
2705 699 2796 770 (40
2821 709 2876 753 et
2907 699 3022 767 41),
3054 699 3325 754 curiosam
3355 701 3633 770 ingressus

2065 789 2514 859 speculationem,
2540 804 2734 846 causas
2769 790 2944 846 reddit
2973 807 2988 845 :
3023 789 3200 856 Quare
3243 807 3345 846 non
3390 805 3483 859 pro
3525 808 3630 844 an-

2065 881 2194 952 gelis
2229 878 2396 949 lapsis
2427 882 2494 935 sit
2533 881 2705 951 factus
2735 881 2953 952 angelus
2996 880 3113 953 [Dei
3160 879 3352 952 Filius]
3383 881 3634 950 quemad-

2063 972 2276 1026 modum
2322 987 2416 1041 pro
2461 971 2757 1026 hominibus
2806 972 2960 1026 homo
3010 971 3182 1041 factus
3232 981 3330 1026 εει.
3394 973 3631 1026 Primam

2064 1077 2194 1134 ergo
2235 1063 2395 1118 istam
2443 1078 2660 1118 causam
2693 1062 2870 1120 aﬂ‘ert.
2905 1063 3349 1136 Quandoquidem
3391 1079 3455 1119 ex
3484 1063 3634 1120 omni

2067 1155 2322 1212 rationali
2351 1165 2564 1220 natura,
2591 1155 2739 1211 solus
2767 1156 2928 1210 homo
2952 1169 3120 1210 carne
3151 1164 3206 1210 et
3232 1156 3459 1210 materia
3480 1169 3632 1210 com-

2065 1255 2256 1316 pactus
2287 1254 2371 1300 est
2394 1244 2641 1315 (materia
2673 1257 2803 1298 vero
2833 1243 2898 1297 ad
2927 1257 3114 1299 casum
3147 1243 3337 1314 prona)
3365 1255 3526 1314 atque
3564 1256 3634 1298 ex

2067 1339 2281 1393 duabus
2322 1337 2543 1404 insuper
2577 1335 2938 1406 pugnantibus
2999 1335 3209 1390 naturis
3254 1335 3584 1401 compositus
3613 1368 3631 1399 ,

2067 1429 2193 1484 dum
2241 1439 2476 1498 utraque
2517 1428 2584 1483 ad
2629 1442 2781 1483 suam
2825 1442 2950 1482 eum
2985 1427 3352 1483 conditionem
3379 1426 3630 1494 impellit,

2067 1519 2248 1576 divelli
2267 1520 2430 1575 debet
2447 1517 2669 1586 animal,
2689 1533 2752 1574 ac
2769 1519 2931 1574 dividi
2958 1518 3254 1590 (Sapientia
3277 1520 3412 1573 enim
3437 1518 3631 1582 carnis,

2066 1620 2126 1666 ut
2147 1611 2360 1666 divinus
2378 1613 2453 1664 ait
2467 1609 2686 1677 Paulus,
2705 1610 2804 1680 legi
2827 1609 2921 1664 Dei
2941 1625 3041 1663 non
3066 1618 3144 1664 est
3167 1608 3399 1677 subjecta
3419 1607 3491 1675 P),
3509 1621 3636 1678 pro-

395 1692 545 1748 Θεοῦ
570 1695 680 1762 οὐχ
702 1692 1156 1760 ὑποτάσσεται),
1190 1692 1280 1745 διὰ
1309 1692 1484 1746 ταῦτα
1533 1690 1608 1754 ὡς
1655 1693 1813 1763 μόνος
1854 1690 1962 1745 τῶν

2073 1713 2258 1774 pterea
2292 1701 2441 1758 solus
2470 1702 2630 1756 homo
2654 1701 2795 1756 inter
2824 1701 3032 1755 ratione
3062 1700 3304 1768 praedita,
3332 1697 3637 1753 istiusmodi

392 1779 626 1854 λογικῶν
640 1784 668 1838 6
689 1783 974 1855 ἄνθρωπος
991 1781 1269 1845 τοιαύταις
1291 1784 1630 1853 σωματικαῖς
1645 1781 1916 1846 συνδεθεὶς
1938 1783 1960 1815 ⁸

394 1874 604 1942 πέδαις,
635 1869 753 1928 εἶτα
779 1875 873 1928 καὶ
902 1875 998 1945 τὴν
1023 1875 1312 1943 μετάνοιαν
1344 1871 1556 1926 οἴκοθεν
1595 1871 1690 1926 τοῦ
1734 1872 1958 1943 ὀλισθή-

397 1985 566 2039 ματος
594 1967 1050 2040 προϐαλλόμενος,
1083 1966 1308 2028 εἰκότως
1340 1965 1435 2019 καὶ
1472 1965 1732 2036 προνοίας
1773 1963 1855 2028 εἰς
1900 1963 1962 2017 τὸ

393 2059 692 2130 ἀναστῆναι
723 2059 965 2122 πλείονός
1000 2076 1059 2111 τε
1087 2061 1181 2112 καὶ
1224 2056 1469 2128 μείζονος
1496 2057 1688 2118 δεῖται,
1735 2057 1834 2109 καὶ
1863 2055 1963 2126 τῆς

395 2145 549 2216 θείας
569 2149 954 2222 δαψιλέστερον
978 2149 1236 2204 ἀπολαύει
1279 2150 1552 2221 βοηθείας.
1607 2147 1718 2202 Καὶ
1768 2147 1796 2202 ὃ
1841 2147 1962 2201 κατ’

395 2238 573 2316 ἀρχὰς
601 2239 822 2297 ἔλαττον
843 2243 949 2297 τῶν
969 2242 1140 2298 ἄλλων
1162 2242 1395 2310 λογικῶν
1418 2242 1717 2310 ἀπέφαινεν
1743 2239 1763 2271 ⁷
1792 2240 1960 2309 ἡμᾶς,

393 2337 551 2392 τοῦτο
578 2335 820 2407 μεγάλης
868 2337 998 2406 ἡμῖν
1031 2337 1306 2405 σωτηρίας
1364 2334 1617 2405 ἀφορμὴν
1664 2332 1692 2385 6
1755 2332 1965 2394 δίκαιος

395 2429 636 2496 ἀνέδειξε
666 2430 894 2500 Κριτής,
923 2425 1164 2500 [55511.]
1198 2424 1256 2491 ὃς
1284 2424 1380 2480 καὶ
1414 2425 1670 2495 συνέδησε
1693 2425 1715 2457 ⁸
1757 2425 1857 2494 μὲν
1885 2423 1964 2491 τῶ

398 2521 611 2592 σαρκίῳ
636 2521 883 2586 ’κολάζων
908 2524 1008 2589 τὴν
1057 2519 1313 2588 ἔπαρσιν,
1369 2515 1439 2572 δι’
1470 2513 1538 2590 ἧς
1575 2518 1671 2571 καὶ
1717 2515 1964 2584 ἀγγέλων

395 2613 528 2683 τέλη
552 2613 1044 2684 ἐκτραχηλισθέντα
1060 2613 1081 2644 ⁹
1112 2611 1328 2664 ἀνίατον
1346 2607 1470 2680 ἔσχε
1499 2609 1562 2662 τὺ
1588 2610 1961 2680 παράπτωμα,

398 2701 519 2759 εἶτα
540 2704 596 2758 δὲ
636 2705 728 2758 καὶ
757 2705 1009 2775 ἀφορμὴν
1045 2707 1147 2776 τῆς
1193 2699 1335 2774 ὑπὲρ
1364 2701 1490 2755 νοῦν
1519 2701 1836 2771 εὐεργεσίας
1875 2699 1966 2752 τὸν

399 2794 727 2865 νομισθέντα
753 2793 953 2862 δεσμὸν
986 2795 1084 2862 τῆς
1106 2793 1236 2863 θλης
1267 2791 1516 2846 ὑπέθετο.
1552 2791 1616 2843 Τί
1645 2790 1753 2860 γὰρ
1785 2791 1852 2843 ἂν
1879 2787 1964 2857 εἴη

406 2887 593 2958 μεῖζον
627 2886 722 2940 καί⁵
751 2886 1083 2957 ὑψηλότερον
1119 2888 1199 2949 εἰς
1222 2884 1565 2956 εὐεργεσίαν,
1602 2883 1730 2955 [648
1761 2881 1856 2955 R.]
1908 2885 1966 2935 ὲν

400 2980 553 3052 Gesti
572 2980 666 3032 τοῦ
704 2980 916 3050 Πατρός
949 2977 1078 3050 όρᾷν
1111 2978 1171 3031 τὸ
1201 2977 1466 3047 ἡμέτερον
1528 2975 1812 3046 ἱδρυμένον
1853 2973 1960 3044 φύε·
1995 3019 2038 3076 C

407 3085 560 3141 ραμα
587 3067 681 3121 καί⁷
705 3068 806 3139 τήν
837 3084 969 3121 ποτε
999 3065 1269 3135 στασιώδη
1301 3065 1464 3136 φύσιν
1497 3065 1737 3134 ὑπήκοόν
1777 3081 1836 3116 τε
1877 3064 1972 3116 καὶ

403 3159 692 3232 εἰρηναίαν
722 3159 814 3212 καί
837 3159 915 3229 τῷ
945 3159 1122 3228 Πατρί
1143 3155 1254 3209 τῶν
1280 3157 1416 3210 ὅλων
1476 3155 1909 3225 διηλλαγμένην;
1943 3153 1972 3206 ὃ

402 3252 495 3306 διὰ
525 3253 622 3323 τῆς
650 3252 903 3322 ἀπαρχῆς
933 3252 962 3304 6
986 3251 1188 3320 ταύτην
1213 3247 1539 3320 προσλαϐὼν
1573 3248 1743 3316 Λόγος
1775 3251 1973 3316 ἀπειρ-

404 3343 634 3411 γάσατο.
662 3341 878 3411 Ταύτην
908 3359 998 3411 μοι
1029 3340 1177 3394 δοκεῖ
1204 3338 1302 3410 τὴν
1324 3339 1545 3409 εἰρήνην
1566 3337 1645 3408 τῷ
1665 3338 1854 3407 κόσμῳ
1881 3337 1976 3390 καὶ

401 3433 496 3489 διὰ
516 3434 626 3488 τῶν
689 3433 968 3504 μαθητῶν,
1006 3431 1082 3495 ὡς
1115 3433 1173 3485 έν
1219 3429 1540 3503 ἀρῤαὸῶνος
1585 3429 1750 3499 λόγῳ,
1806 3444 1975 3482 κατα-

400 3521 688 3596 λιμπάνων
704 3524 904 3592 λέγειν’
927 3522 1192 3592 Εἰρήνην
1217 3524 1262 3555 ¹⁰
1284 3521 1559 3590 τὴνέμὴν
1579 3521 1782 3590 δίδωμι
1810 3520 1973 3589 ὑμῖν,

404 3617 508 3672 καί
532 3617 748 3686 ἀφίημι
768 3615 930 3685 ὑμῖν.
953 3615 1084 3681 Καὶ,
1109 3617 1190 3668 Οὐ
1213 3613 1406 3680 καθὼς
1432 3616 1464 3667 ό
1484 3614 1709 3682 κόσμος
1731 3612 1978 3665 δίδωσιν

403 3706 675 3776 εἰρήνην.
704 3703 800 3770 Οἷς
845 3707 1089 3778 συνᾴδων
1140 3707 1236 3759 καὶ
1268 3707 1296 3758 6
1333 3706 1554 3776 γνήσιος
1605 3704 1877 3774 μαθητὴς,
1917 3703 1979 3757 Ἠ

406 3797 616 3866 εἰρήνη
647 3799 712 3861 “,
741 3797 900 3868 φησὶ,
929 3796 1038 3851 τοῦ
1059 3796 1230 3861 Θεοῦ,
1262 3797 1301 3864 ή
1346 3796 1728 3865 ὑπερέχουσα
1780 3795 1979 3849 πάντα

405 3887 580 3954 νοῦν,
641 3886 967 3959 φρουρήσει
1009 3890 1115 3954 τὰς
1138 3887 1386 3957 καρδίας
1442 3887 1611 3957 ὑμῶν
1645 3902 1659 3916 ⁸
1710 3886 1828 3953 καὶ,
1886 3888 1978 3940 Δι-

409 3980 758 4048 καιωθέντες
791 3982 834 4012 ⁸⁸
885 3980 955 4034 ἐκ
1000 3980 1258 4046 πίστεως
1326 3979 1576 4047 εἰρήνην
1627 3979 1845 4050 ἔχομεν
1906 3977 1978 4032 τὰ

408 4070 563 4138 πρὸς
609 4071 716 4124 τὸν
757 4071 906 4126 Θεὸν
953 4071 1069 4124 ’διὰ
1107 4071 1215 4125 τοῦ
1267 4071 1485 4139 Κυρίου
1544 4069 1714 4140 ἡμῶν
1772 4071 1977 4137 Ἰησοῦ

405 4160 692 4228 Χριστοῦ,
732 4159 807 4215 δι’
830 4157 902 4217 οὖ
926 4162 1024 4215 καὶ
1046 4161 1163 4228 τὴν
1186 4161 1586 4232 προσαγωγὴν
1607 4161 1977 4233 ἐσχήκαμεν.

412 4252 488 4305 Οὐ
514 4252 622 4321 γὰρ
650 4253 716 4324 δὴ
737 4253 839 4326 τὴν
862 4255 929 4308 bc
955 4253 1062 4308 τῶν
1099 4253 1353 4326 πολέμων
1383 4255 1608 4326 εἰρήνην
1651 4253 1683 4326 ἢ
1705 4256 1805 4326 τὴν
1843 4255 1978 4324 πρὸς

2062 1793 2436 1866 corporalibus
2469 1793 2700 1849 vinculis
2734 1793 2983 1856 innexus,
3011 1792 3313 1860 deindcquc
3333 1790 3519 1860 lapsus
3545 1789 3629 1844 sui

2064 1885 2496 1954 resipiscentiam
2542 1897 2572 1937 a
2613 1884 2792 1952 seipso
2830 1871 3088 1946 oﬂ‘erens,
3121 1884 3316 1934 merito
3357 1890 3410 1934 et
3444 1878 3634 1948 provi-

2065 1977 2251 2034 dentia
2291 1975 2358 2030 ad
2386 1972 2717 2043 surgendum
2760 1973 3023 2043 ampliore
3063 1981 3227 2042 atque
3258 1969 3462 2039 majore
3491 1969 3638 2024 indi-

2068 2077 2179 2140 get,
2225 2076 2279 2121 et
2303 2065 2486 2120 divino
2509 2065 2780 2134 copiosius
2807 2063 3004 2117 fruitur
3041 2062 3266 2116 auxilio.
3294 2060 3369 2114 Ita
3391 2059 3538 2128 quod
3566 2059 3636 2114 ab

2066 2155 2222 2211 initio
2265 2152 2402 2209 infra
2439 2152 2675 2222 reliquas
2701 2151 2911 2204 ratione
2947 2150 3198 2219 praeditas
3229 2157 3512 2202 creaturas
3535 2159 3636 2200 nos

2065 2261 2186 2303 esse
2216 2245 2472 2308 ostendit,
2506 2245 2609 2298 hoc
2655 2257 2862 2312 magna:
2904 2243 3059 2296 nobis
3091 2240 3284 2296 Salutis
3305 2255 3522 2294 causam
3552 2249 3635 2292 at-

2067 2337 2256 2392 tulisse
2297 2336 2478 2406 justus
2507 2333 2683 2390 Judex
2725 2333 3045 2397 declaravit,
3091 2332 3182 2402 qui
3229 2345 3327 2386 nos
3369 2331 3640 2400 colligavit

2065 2429 2281 2497 quidem
2309 2427 2458 2483 carni
2487 2427 2553 2482 ad
2581 2424 2938 2481 coercendam
2989 2423 3322 2491 superbiam,
3350 2437 3445 2491 per
3475 2437 3638 2491 quant

2065 2520 2169 2591 ipsi
2221 2520 2533 2590 angelorum
2573 2518 2792 2572 ordines
2827 2515 3166 2585 irreparabili
3211 2515 3364 2584 lapsu
3393 2514 3447 2567 in
3480 2528 3639 2582 pra:-

2066 2626 2194 2683 ceps
2225 2611 2330 2666 acti
2359 2620 2526 2675 sunt;
2571 2612 2665 2663 sed
2704 2615 2969 2664 statutum
3017 2599 3146 2660 illud
3184 2604 3430 2659 materia:
3453 2604 3640 2658 vincu-

2068 2700 2174 2754 lum
2231 2700 2284 2753 in
2334 2699 2556 2753 inﬁnita:
2603 2706 2791 2766 postea
2880 2695 3249 2750 beneﬁcentiae
3295 2694 3637 2749 occasionem

2067 2791 2248 2846 vertit.
2268 2790 2525 2858 Qua-nam
2549 2791 2691 2845 enim
2718 2794 2810 2844 aut
2839 2789 3031 2856 major,
3055 2797 3152 2842 aut
3169 2787 3516 2855 praestantior
3538 2789 3635 2840 be-

2067 2882 2355 2937 neﬁcentia
2397 2895 2520 2936 esse
2553 2880 2744 2949 possit,
2771 2893 2930 2947 quam
2970 2877 3035 2930 ad
3075 2877 3352 2931 dexteram
3400 2874 3492 2928 Dei
3533 2865 3640 2927 Pa-

2073 2976 2171 3029 tris
2207 2974 2389 3028 videre
2429 2972 2710 3027 sedentem
2758 2979 2994 3025 nostram
3039 2967 3442 3023 conditionem:
3472 2974 3524 3020 et
3551 2979 3639 3019 re-

2074 3067 2364 3124 bellantem
2424 3064 2695 3135 quondam
2742 3071 2991 3116 naturam
3041 3060 3383 3115 obedientem
3421 3057 3534 3128 jatu
3577 3069 3641 3110 ac

2075 3159 2376 3230 paciﬁcam,
2401 3167 2453 3212 et
2475 3157 2850 3211 universorum
2879 3151 3086 3222 parenti
3123 3150 3461 3205 conciliatam
3506 3163 3640 3204 con-

2077 3251 2257 3307 tueri?
2289 3251 2438 3317 Quod
2478 3255 2598 3319 post
2646 3249 2783 3300 hanc
2827 3253 3182 3313 assumptam,
3225 3256 3320 3312 per
3346 3255 3498 3294 suam
3532 3241 3641 3309 pri-

2077 3342 2348 3396 mitiarum
2377 3339 2730 3398 oblationem,
2764 3333 3000 3389 Verbum
3037 3332 3259 3402 perfeci.
3294 3332 3470 3400 Atque
3499 3330 3640 3383 hanc

2077 3433 2208 3486 mihi
2231 3445 2414 3500 pacem
2442 3427 2642 3482 mundo
2662 3439 2759 3495 per
2798 3422 3068 3492 apostolos
3090 3420 3232 3474 velut
3255 3419 3496 3488 pignoris
3526 3418 3642 3470 loco

2079 3521 2454 3591 relinquendo,
2493 3519 2672 3572 dicere
2713 3516 2967 3568 videtur:
3011 3507 3203 3564 Pacem
3253 3510 3510 3563 meamdo
3551 3524 3643 3561 vo-

2079 3617 2158 3670 bis
2181 3625 2231 3670 (ι.
2262 3613 2328 3668 Ει
2357 3627 2370 3665 :
2409 3610 2531 3665 Non
2555 3607 2811 3680 quomoda
2862 3605 3089 3657 mundus
3135 3603 3228 3655 dat
3265 3615 3443 3670 pacem
3475 3610 3519 3652 ι’.
3541 3599 3641 3653 Cui

2077 3708 2238 3762 etiam
2269 3702 2506 3759 concinit
2544 3712 2832 3768 germanus
2871 3695 2988 3762 ejus
3025 3693 3320 3761 discipulus
3351 3708 3364 3744 :
3394 3689 3531 3757 Pax,
3560 3691 3644 3745 in-

2079 3799 2218 3868 quit,
2269 3796 2388 3858 Dei,
2437 3808 2552 3862 qua:
2585 3799 2858 3852 exsuperat
2892 3802 3096 3841 omnem
3123 3799 3353 3843 sensum.
3380 3785 3645 3837 custodiat

2077 3886 2240 3941 corda
2277 3893 2445 3938 uestra
2468 3891 2515 3935 ι.
2549 3880 2651 3934 Et:
2684 3873 2879 3946 204a
2902 3873 3192 3940 Justiﬁcati
3239 3888 3302 3926 ea:
3339 3872 3443 3940 ﬁde
3465 3887 3643 3938 pacem

2079 3981 2328 4034 habemus
2383 3977 2453 4030 ad
2504 3974 2690 4036 Deum,
2723 3987 2814 4036 per
2861 3969 3142 4023 Dominum
3190 3978 3427 4019 nostrum
3460 3964 3646 4017 Iesum

2079 4068 2346 4126 Christum
2399 4081 2490 4135 per
2545 4077 2693 4134 quem
2742 4069 2793 4115 et
2828 4070 3093 4112 accessum
3143 4054 3483 4108 hubuimus‘.
3529 4052 3643 4109 NOII

2078 4162 2223 4216 enim
2257 4157 2499 4229 profecto
2535 4170 2566 4210 e
2605 4153 2743 4208 bello
2791 4164 2978 4220 pacem
3025 4155 3207 4200 natam
3234 4158 3472 4200 mutuam
3502 4144 3646 4197 illam

2081 4254 2222 4306 inter
2253 4263 2352 4303 nos
2402 4247 2490 4300 hic
2534 4244 2833 4312 Intelligere
2873 4246 3085 4308 oportet
3125 4236 3260 4291 :sed
3299 4250 3460 4303 quam
3489 4236 3650 4287 habet

406 4341 675 4414 ἀλλήλους
696 4342 928 4396 ένηῦθα
957 4346 1099 4397 νοεῖν
1133 4343 1232 4412 δεῖ,
1265 4343 1400 4399 ἀλλὰ
1425 4344 1672 4416 δηλονότι
1701 4345 1800 4417 τὴν
1847 4346 1969 4399 ἐκά-

2083 4342 2450 4412 unusquisque
2472 4352 2679 4398 secum,
2701 4350 2766 4388 ac
2796 4346 2894 4401 per
2921 4329 3164 4384 eamdem
3195 4328 3356 4381 etiam
3381 4341 3502 4381 cum
3529 4326 3649 4395 ejus

407 4449 538 4489 στου
571 4435 708 4508 πρὸς
737 4435 950 4502 ἑαυτὸν,
980 4435 1076 4490 καὶ
1104 4435 1191 4490 διὰ
1223 4436 1427 4506 ταύτης
1455 4437 1590 4508 πρὸς
1639 4437 1730 4491 τὸν
1771 4437 1973 4509 δοτῆρα

404 4528 612 4599 ταύτης
655 4528 749 4584 καί
785 4530 884 4599 τῆς
932 4529 1296 4583 ἀστασιάστου
1345 4530 1619 4602 σωτηρίας
1647 4531 1805 4602 ήμῶν
1841 4549 1975 4602 χορ-

402 4622 562 4691 ηγδν,
586 4622 708 4692 ἥτις
728 4621 822 4676 καὶ
853 4624 1085 4692 φρουρεί
1107 4621 1206 4685 τὰς
1226 4622 1452 4693 καρδίας
1480 4623 1638 4693 ἡμῶν
1677 4624 1771 4676 καὶ
1803 4623 1973 4694 ὑπερ-

408 4713 527 4784 έχει
554 4715 736 4770 πάντα
763 4713 910 4780 νοῦν,
958 4714 1056 4768 καὶ
1089 4714 1155 4786 ἠν
1182 4717 1212 4769 6
1235 4715 1438 4785 κόσμος
1483 4713 1684 4768 διδόναι
1713 4715 1773 4766 ού
1812 4714 1976 4768 δύνα-

403 4821 513 4859 ται.
539 4805 629 4858 Διὸ
655 4805 776 4858 οὐδὲ
802 4806 1034 4876 μάχεται
1055 4805 1139 4870 τὸ,
1169 4807 1290 4859 οὐκ
1313 4806 1357 4838 ⁸³
1411 4801 1604 4875 ἦλθον
1627 4803 1848 4870 ,ϐαλεῖν
1894 4807 1974 4859 εἰσ

394 4896 599 4964 ρήνην
626 4894 789 4951 ἀλλὰ
806 4895 1133 4964 μάχαιραν.
1163 4896 1277 4966 Τὴν
1307 4895 1416 4967 γὰρ
1457 4896 1748 4965 κοσμικὴν,
1778 4895 1968 4964 φησὶν,

401 4988 629 5059 εἰρήνην
652 4989 752 5042 οὐκ
774 4983 938 5060 ἦλθον
971 4989 1155 5059 βαλεῖν
1194 4989 1380 5052 πάλιν,
1409 4988 1671 5042 Ἔσεσθε
1698 4986 1742 5018 ¹⁸
1762 4987 1977 5056 εμισού·⁵

397 5098 571 5150 μενοι
596 5081 718 5137 ὑπὸ
757 5082 1020 5148 πάντων,
1051 5082 1145 5136 καὶ
1179 5082 1350 5136 πολλὰ
1373 5079 1631 5135 τοιαῦτα·
1667 5081 1700 5151 ἠ
1752 5081 1861 5149 γὰρ
1898 5082 1978 5145 εἰς

512 5228 541 5270 Ρ
575 5219 734 5274 Rom.
765 5232 885 5280 VIII,
922 5217 976 5271 7.
1079 5229 1108 5270 (ι
1139 5220 1294 5276 Joan.
1347 5234 1459 5280 xlv,
1490 5217 1581 5270 37.
1697 5225 1720 5254 τ
1747 5217 1878 5271 ibid.
1910 5217 2003 5273 28.

401 5296 431 5327 ν
461 5290 633 5343 Marc.
667 5304 784 5355 XIII,
825 5287 912 5343 i3.

1079 5229 1108 5270 (ι
1139 5220 1294 5276 Joan.
1347 5234 1459 5282 xiv,
1490 5217 1581 5270 37.

2081 4431 2360 4502 largitore,
2411 4435 2465 4482 et
2509 4419 2974 4492 imperturbabilis
3019 4415 3210 4471 salutis
3247 4414 3650 4485 suppeditatore

2080 4540 2202 4596 qua:
2229 4533 2285 4579 et
2306 4519 2468 4576 corda
2499 4526 2680 4570 nostra
2707 4511 2964 4575 custodit,
2983 4519 3034 4565 et
3053 4521 3268 4564 omnem
3301 4506 3513 4560 excedit
3533 4520 3649 4560 seno

2081 4632 2223 4679 sum,
2253 4624 2304 4669 et
2335 4625 2498 4680 quam
2523 4607 2758 4662 mundus
2787 4607 2917 4657 dare
2951 4615 3057 4654 non
3085 4607 3284 4669 potest.
3320 4597 3500 4664 Quare
3525 4611 3646 4651 cum

2083 4709 2170 4762 his
2193 4719 2298 4760 non
2325 4709 2523 4772 pugnat
2553 4696 2684 4751 illud
2714 4711 2728 4748 :
2764 4692 2889 4747 Non
2928 4691 3042 4745 veni
3090 4689 3300 4742 mittere
3327 4703 3530 4756 pacem,
3559 4688 3651 4741 sed

2083 4799 2318 4870 gladium
2337 4805 2382 4847 ⁸.
2420 4789 2612 4864 Mundi
2653 4785 2797 4840 enim
2841 4797 3050 4853 pacem,
3099 4778 3294 4848 inquit,
3359 4793 3464 4832 non
3527 4781 3648 4831 veni

2085 4894 2318 4946 mittere.
2345 4886 2578 4940 Rursum
2613 4899 2626 4935 :
2660 4877 2827 4932 Eritis
2851 4877 2972 4930 odio
2995 4873 3232 4928 omnibus
3249 4879 3298 4936 ν,
3321 4881 3378 4928 et
3406 4871 3457 4926 id
3477 4885 3650 4942 genus

2085 4981 2342 5054 plurima.
2363 4978 2578 5033 Piorum
2605 4974 2748 5028 enim
2773 4986 2894 5024 cum
2921 4968 3033 5022 Deo
3065 4966 3317 5029 afﬁnitas,
3346 4966 3412 5020 ad
3441 4964 3648 5022 odium,

2086 5074 2366 5137 invidiam,
2393 5077 2450 5126 et
2491 5076 2692 5122 metum
2725 5063 2920 5133 impios
2949 5059 3259 5116 concitavit.
3294 5056 3451 5112 Venit
3487 5057 3650 5126 igitur

2667 5203 2689 5239 ‘
2713 5200 2874 5257 Rom.
2909 5212 2963 5265 ν,
2992 5200 3045 5255 ἰ.
3151 5205 3180 5235 υ
3203 5195 3395 5252 Matth.
3451 5211 3508 5260 ι,
3555 5193 3642 5248 54.

2111 5180 2139 5254 η·
2163 5210 2485 5282 Philipp.tv,
2508 5207 2562 5261 7.

1668 5397 1902 5454 γΑιιιιΕ
1940 5395 2344 5454 LECTIONES.

484 5486 506 5518 ³
527 5493 851 5564 καταδύνται
885 5493 950 5546 Λ.
1028 5494 1048 5524 ⁸
1070 5493 1126 5546 δὲ
1162 5493 1287 5564 add.
1320 5492 1385 5564 Α.
1474 5491 1738 5564 ’κτδίγὰρῖ
1767 5491 1920 5546 Rom.
1962 5507 2082 5558 νιιι,
2105 5493 2185 5564 7.,
2238 5487 2656 5564 summa“.
2732 5487 2754 5523 ’
2785 5483 3162 5564 ἀτεέφηνεχςο
3237 5477 3556 5564 ’λσξνέδιιεξε
3582 5491 3648 5564 ς·

409 5559 430 5626 9
459 5557 553 5608 ὲκτ
563 5560 987 5626 ραχηλιαοθέντα
1020 5566 1080 5616 Δ.

409 5625 454 5659 ⁸⁸
480 5623 604 5697 οὐκ]
633 5623 824 5684 Matth.
857 5645 911 5694 ιι,
949 5635 1039 5687 54.
1115 5632 1161 5665 ¹⁸
1193 5623 1405 5704 ἔσεσθε]
1433 5623 1596 5688 ι’ἰιιίε.
1655 5649 1773 5698 χιιι,
1827 5633 1914 5687 15.

1195 5563 1236 5633 ’γ’
1274 5563 1520 5633 εἰρήνην]
1579 5563 1734 5618 Joan.
1790 5578 1900 5624 xw,
1945 5564 2036 5618 21.

2151 5544 2190 5594 ιι
2228 5563 2263 5631 ἡ
2289 5557 2423 5631 εερ,]
2470 5544 2699 5632 Ριιίιῲν.
2727 5569 2804 5620 vi,
2840 5544 2920 5607 7.’
2959 5544 3472 5612 “etiametiam.
3511 5563 3564 5615 ἵν
3592 5544 3649 5600 4-
