3972 6248
318 219 423 285 815

1462 209 1727 272 PHOTII
1762 208 2265 271 ΡΑἸἮῙΑΒΟΗᾹΞ
2291 209 2403 270 CP.

3455 195 3566 262 816

325 333 578 386 Salvator
621 341 808 398 pacem
851 327 1086 393 mittere,
1125 337 1246 394 qua:
1293 339 1416 380 cum
1443 324 1624 380 animo
1671 339 1732 379 ea
1763 338 1891 378 con-

1999 321 2126 377 Θεὸν
2155 320 2266 374 τῶν
2298 316 2666 372 εὐσεϐούντων
2695 331 2962 386 συναφεια
2984 314 3064 378 είς
3096 313 3251 384 μῖσος
3301 309 3397 365 καὶ
3427 310 3564 378 φθό-

319 425 545 488 sentire,
574 437 692 492 quae
720 421 965 491 corporis
992 427 1140 486 sunt,
1170 417 1318 485 facit,
1348 417 1600 488 quodque
1646 416 1886 472 deterius

319 526 423 584 est,
463 514 702 569 melioris
736 513 961 567 arbitrio
995 509 1240 578 subiicit.
1271 508 1444 575 Quam
1479 508 1695 577 quidem
1722 507 1882 561 nobis

321 607 571 680 prtebuit,
594 622 715 660 cum
750 604 934 658 rebelli
961 614 1158 658 nostra:
1183 613 1386 657 naturae
1415 602 1693 671 pacificam
1718 602 1887 655 deita-

323 715 433 759 tem
470 700 760 772 c0pulavit.
799 698 953 764 Quod
985 708 1039 753 et
1065 700 1283 754 divinus
1305 699 1500 754 Paulus
1528 699 1728 762 docuit,
1763 713 1886 753 cum

322 794 431 848 ait:
455 793 595 846 Nam
620 792 758 862 quod
787 791 1106 859 impossibile
1131 802 1244 846 erat
1274 791 1395 862 legi,
1429 793 1483 845 in
1513 809 1614 861 quo
1641 791 1885 860 inﬁrma-

320 885 473 938 batur
524 900 618 953 per
665 899 896 948 carnem,
971 883 1106 937 Deus
1154 883 1352 937 Filium
1394 901 1547 938 suum
1588 885 1795 938 mittens
1831 886 1888 940 in

320 973 723 1030 similitudinem
752 974 926 1027 carnis
956 973 1178 1040 peccati,
1203 983 1249 1027 et
1275 975 1337 1027 de
1368 985 1577 1042 peccato
1617 975 1889 1029 damnavit

324 1075 593 1136 peccatum
625 1065 678 1117 in
707 1081 864 1120 carne
891 1077 940 1119 ι.
974 1065 1044 1120 Ut
1078 1065 1187 1132 jam
1237 1074 1360 1133 apte
1401 1065 1466 1119 de
1507 1066 1694 1120 eadem
1719 1081 1779 1119 re
1807 1067 1888 1119 di-

322 1169 515 1213 catur:
550 1155 650 1211 Ubi
685 1159 822 1212 enim
849 1159 1136 1211 abundavit
1160 1157 1428 1218 delictum,
1448 1157 1892 1226 superabundavit

321 1249 490 1318 gratia
510 1258 560 1302 γ.
591 1249 954 1315 Quamobrem
1007 1259 1062 1303 et
1115 1249 1500 1317 redemptionis
1528 1261 1725 1303 nostra:
1765 1264 1891 1318 per-

323 1338 521 1393 fectum
553 1354 584 1393 a
620 1339 784 1394 verbo
805 1353 962 1408 opus,
987 1338 1266 1408 justitiam
1300 1337 1418 1403 Dei,
1447 1347 1502 1392 et
1517 1337 1808 1407 judicium,
1840 1346 1896 1392 et

321 1431 742 1485 misericordiam
778 1445 930 1485 sacra
982 1430 1269 1500 Scriptura
1320 1430 1578 1500 praedicat
1613 1447 1628 1484 :
1663 1430 1895 1500 utjusto

318 1524 523 1594 judicio
564 1524 680 1587 Dei,
722 1525 812 1595 qui
864 1525 1004 1578 inter
1057 1523 1352 1578 rationales
1399 1535 1683 1580 creaturas
1731 1523 1832 1578 soli
1863 1537 1895 1578 e

322 1615 437 1670 luto
471 1614 718 1670 fabricati
749 1615 1016 1681 sunt,snli
1046 1617 1208 1670 etiam
1242 1624 1391 1669 tanto
1429 1616 1633 1671 honore
1663 1626 1719 1671 et
1751 1617 1893 1670 inef-

325 1707 476 1762 fabili
501 1707 875 1762 misericordia
903 1707 1047 1779 digni
1081 1707 1249 1763 habiti
1278 1709 1408 1763 sint.
1435 1707 1716 1763 Indicabat
1747 1709 1891 1763 idem

326 1807 381 1852 et
412 1813 508 1866 per
538 1797 732 1853 Oscam
765 1799 952 1854 dicens
984 1818 999 1853 :
1048 1799 1318 1868 Sponsabo
1345 1809 1394 1855 te
1426 1801 1556 1854 mihi
1583 1801 1639 1853 in
1658 1802 1894 1870 justitia,

329 1891 384 1942 in
415 1890 800 1955 misericordia,
827 1899 873 1944 et
899 1890 954 1942 in
976 1890 1396 1945 miserationibus
1417 1899 1462 1946 ι.
1494 1890 1636 1947 Mille
1663 1894 1786 1947 item
1805 1891 1895 1948 alii

325 1993 494 2034 sacrae
547 1977 844 2048 Scriptura
890 1978 993 2034 loci
1033 1979 1308 2047 clamant,
1339 1982 1408 2036 ob
1455 1982 1634 2037 carnis
1682 1983 1895 2038 vincula

325 2070 801 2123 commiseratione
858 2069 1078 2138 dignum
1133 2084 1254 2126 esse
1313 2070 1554 2126 habitum
1599 2072 1893 2129 humanum

323 2175 516 2229 genus,
551 2169 605 2214 et
640 2175 736 2231 pro
768 2175 975 2216 annexa
1007 2162 1162 2216 nobis
1189 2163 1435 2230 materia,
1465 2164 1891 2220 incarnationem

319 2265 494 2316 suam,
521 2261 826 2320 caeteraqne
856 2268 920 2306 ex
959 2268 1024 2306 ea
1052 2251 1293 2321 profecta
1319 2253 1461 2310 bona
1480 2255 1718 2312 vicissim
1746 2257 1901 2314 nobis

320 2341 603 2395 Dominum
623 2343 887 2397 donasse:
917 2340 1240 2398 Recordatus
1261 2355 1358 2410 est,
1377 2345 1753 2417 inquitDavid,
1781 2365 1902 2419 quo-

323 2430 467 2484 niam
509 2430 676 2498 pulvis
697 2447 876 2485 sumus
903 2439 946 2485 '.
980 2431 1045 2486 Et
1073 2451 1088 2488 :
1127 2431 1391 2498 Quoniam
1413 2452 1718 2492 carosumus
1747 2438 1800 2494 ι).
1838 2439 1904 2498 Et

318 2519 418 2575 Job
454 2540 468 2577 :
505 2520 764 2576 Memento
805 2521 944 2591 quod
986 2524 1120 2577 sicut
1159 2524 1325 2578 lutum
1363 2524 1548 2595 feceris
1577 2543 1658 2582 me
1679 2538 1728 2583 ο.

319 2616 453 2686 ἡμῖν
501 2616 780 2689 όΚυριος.
836 2616 1140 2686 Ἐμνήσθη
1189 2617 1238 2649 ³³
1271 2620 1418 2692 γὰρ,
1473 2622 1637 2692 φησὶν
1689 2624 1718 2676 6
1769 2622 1954 2690 Δαϐὶδ,

1991 430 2084 467 νον
2113 411 2209 466 καὶ
2232 411 2393 482 φόνον
2413 409 2454 442 ’⁸
2495 409 2622 472 τοὺς
2672 407 2890 470 ἀσεϐεῖς
2943 404 3310 476 διεκύμαι-νεν.
3355 398 3567 456 Ἦλθεν

1991 502 2085 558 οῦν
2106 505 2134 557 6
2160 503 2347 574 Σωτὴρ
2375 502 2600 574 εἰρήνην
2625 500 2828 570 βαλεῖν,
2859 500 2979 568 ἥτις
3009 498 3277 567 σύμφωνα
3315 497 3383 565 τῇ
3407 493 3564 564 ψυχῇ

1992 598 2062 650 τά
2080 594 2176 648 τοῦ
2209 593 2462 664 σώματος
2497 590 2756 645 ἀποτελεῖ
2793 592 2885 643 καὶ
2913 589 3235 653 ὐποτὰσσει,
3279 586 3340 639 τὸ
3380 589 3567 656 χεῖρον

1992 689 2105 750 τοῖς
2126 685 2218 739 τοῦ
2243 686 2552 756 κρείττονος
2569 683 2876 756 βουλήμασι
2899 683 2964 736 ³⁸.
3013 682 3121 734 Καὶ
3154 679 3397 752 παρέσχε
3428 678 3569 731 ταύ-

1991 795 2114 850 την,
2137 778 2347 842 ἑνώσας
2375 779 2531 850 ἡμῶν
2556 781 2622 849 τῇ
2658 776 2945 830 στασιώδει
2975 773 3138 843 φύσει
3173 773 3272 843 τὴν
3307 772 3570 843 είρήναρο
3596 833 3602 839 ν

1991 891 2090 947 χον
2129 873 2381 944 θεότητα.
2415 871 2586 925 Τοῦτο
2609 872 2665 924 δὲ
2687 870 2783 924 καὶ
2835 871 2864 923 ό
2893 869 3182 929 θεσπέσιος
3223 866 3437 929 Παῦλος
3472 867 3570 918 ὲκ-

1992 967 2236 1021 διδάσκει
2261 965 2455 1034 λέγων,
2493 965 2563 1018 T6
2588 964 2630 996 ¹⁷
2665 964 2774 1032 γὰρ
2796 961 3098 1017 ἀδύνατον
3121 959 3231 1014 τοῦ
3255 958 3467 1028 γόμου,
3496 957 3572 1010 ἐν

1993 1053 2303 1128 ᾦήσθένει
2329 1056 2427 1110 διὰ
2454 1054 2566 1124 τῆς
2599 1056 2850 1122 σαρκὸς,
2911 1057 2944 1108 ὀ
2997 1053 3145 1119 Θεὸς
3193 1051 3301 1105 τὸν
3349 1050 3572 1104 ἑαυτοῦ

2004 1151 2142 1204 Υίὸν
2182 1149 2423 1217 πέμψας
2467 1148 2536 1200 ἐν
2602 1149 2917 1216 ὁμοιώματι
2979 1141 3570 1214 σαρκὸςάμαρτίας,

1994 1242 2089 1297 καὶ
2122 1241 2255 1310 περὶ
2277 1241 2586 1311 ἁμαρτίας,
2643 1240 2953 1307 κατέκρινε
3003 1237 3118 1306 τὴν
3150 1237 3445 1306 ἁμαρτίαν
3498 1235 3574 1287 ἐν

1993 1339 2070 1410 τῇ
2090 1339 2294 1407 σαρκί.
2335 1338 2420 1401 Ὠς
2446 1337 2709 1408 ἁρμόζειν
2734 1334 2821 1388 ἐπ’
2838 1334 3006 1404 αὐτῆς
3033 1333 3292 1402 λέγεσθαι
3319 1331 3400 1397 τὸ,
3423 1325 3504 1386 Οὖ
3523 1329 3572 1362 ⁸⁸

1995 1431 2105 1502 γὰρ
2117 1430 2492 1485 ἐπλεόνασεν
2517 1429 2554 1496 ἠ
2598 1427 2873 1496 ἁμαρτία,
2916 1422 3572 1494 ὑπερεπερίσσευσενη

1997 1527 2036 1594 ἡ
2070 1523 2262 1596 χάρις.
2295 1523 2387 1576 Διὸ
2420 1523 2515 1575 καὶ
2547 1521 2645 1592 τὴν
2666 1519 2791 1573 καθ’
2821 1521 2966 1591 ἡμᾶς
3008 1518 3102 1572 τοῦ
3134 1518 3310 1586 Λόγου
3355 1519 3568 1571 οίκονο-

2003 1617 2132 1687 μίαν
2167 1613 2517 1683 δικαιοσύνην
2535 1609 2670 1665 Θεοῦ
2699 1610 2793 1664 καὶ
2822 1611 3005 1682 κρίσιν
3035 1609 3127 1664 καὶ
3159 1609 3306 1662 ἔλεον
3336 1608 3398 1661 τὸ
3425 1607 3575 1680 ἱερὸν

1995 1705 2360 1778 ἀνακηρύττει
2398 1705 2658 1776 Γράμμα,
2687 1703 2763 1767 ῶς
2815 1701 3001 1774 δικαίᾳ
3051 1702 3233 1774 κρίσει
3290 1699 3386 1754 τοῦ
3431 1699 3573 1752 Θεοῦ

1995 1799 2193 1870 μόνους
2219 1797 2328 1850 τῶν
2353 1796 2590 1864 λογικῶν
2621 1794 2702 1864 τῷ
2756 1792 2913 1864 πηλῷ
2969 1791 3323 1854 συνδεθέντας
3374 1789 3575 1861 μόνους

1994 1888 2092 1944 καὶ
2115 1887 2215 1959 τῆς
2228 1887 2497 1957 τοσαύτης
2521 1884 2823 1954 ἀξιωθῆναι
2848 1881 3161 1953 φιλοτιμίας
3186 1879 3392 1934 καὶτοῦ
3412 1880 3577 1933 ἀνεκ-

1991 1982 2236 2052 φρὰστου
2260 1979 2468 2041 ἐλέους.
2499 1976 2720 2047 Ἐδήλου
2740 1975 2796 2028 δὲ
2812 1974 2906 2028 καὶ
2918 1973 3007 2027 διὰ
3020 1972 3114 2027 τοῦ
3145 1973 3305 2045 Ὠσηὲ
3323 1972 3391 2038 ’⁸,
3409 1974 3578 2040 Μνη-

1991 2071 2322 2142 στεὺσομαί
2345 2087 2420 2125 σε
2433 2067 2669 2140 ἐμαυτῷ
2691 2067 2760 2134 ³⁸,
2777 2065 2972 2136 λέγων,
2997 2065 3068 2119 ὲν
3093 2063 3446 2132 δικαιοσύνῃ
3471 2061 3574 2116 καί

1998 2167 2069 2221 ἐν
2093 2166 2242 2230 ἐλέῳ
2304 2163 2405 2218 καὶ
2435 2160 2781 2232 οίκτιρμοῖς.
2835 2159 2949 2214 Καὶ
2991 2157 3176 2229 μυρίοι
3233 2155 3381 2226 λόγοι
3423 2153 3576 2210 ἄλλοι

1999 2258 2138 2328 ἱεροὶ
2156 2259 2203 2290 ’³
2239 2254 2670 2327 διακεκράγασιν
2697 2255 2779 2308 δτι
2809 2251 2898 2306 διὰ
2921 2249 3030 2305 τῶν
3049 2248 3262 2322 δεσμῶν
3287 2248 3384 2318 τῆς
3441 2263 3578 2316 σαρ-

1997 2351 2094 2414 κὸς
2119 2347 2467 2421 συμπαθείας
2495 2347 2556 2401 τὸ
2581 2344 2923 2417 ἀνθρώπινον
2975 2341 3184 2415 ἠξιώθη
3245 2341 3424 2412 γένος,
3477 2337 3577 2393 καὶ

1997 2440 2121 2494 ἀντὶ
2157 2439 2361 2510 ταύτης
2398 2437 2497 2507 τῆς
2526 2435 2895 2507 συναφθείσης
2919 2436 3050 2506 ἡμῖν
3080 2432 3216 2502 ὕλης
3268 2430 3366 2503 τὴν
3415 2433 3576 2485 ἐναν-

1999 2531 2283 2604 θρῶπησιν
2311 2528 2479 2583 αὐτοῦ
2512 2528 2608 2583 καὶ
2624 2529 2692 2582 τὰ
2712 2528 2781 2582 δι’
2802 2528 2972 2598 αὐτῆς
2992 2525 3172 2594 ἀγαθά
3188 2523 3577 2580 ἀνταπέδωκεν

1995 2625 2086 2681 ὅτι
2133 2625 2283 2696 χοῦς
2337 2624 2549 2695 ἐσμεν,
2604 2621 2705 2679 καί
2766 2621 2925 2675 ὅτιν’
2975 2619 3136 2689 σάρξ
3193 2620 3380 2689 ἐσμεν
3403 2633 3422 2650 ο
3481 2610 3581 2670 καὶ

318 2709 444 2782 [556
483 2707 578 2781 Η.]
610 2711 639 2763 6
677 2709 796 2763 Ἰὼϐ
822 2712 893 2777 ’⁵,
923 2711 1246 2783 Μνήσθητι
1276 2714 1365 2768 ὅτι
1402 2716 1602 2784 πηλόν
1633 2732 1710 2786 με
1737 2715 2036 2787 ἔπλασας.

398 2821 643 2877 Alteram
669 2821 864 2877 deinde
897 2831 1002 2878 tam
1037 2824 1249 2895 egregie
1284 2825 1520 2880 humano
1556 2830 1739 2896 generi
1773 2840 1901 2896 pro.

2075 2825 2346 2898 Δευτέραν
2381 2825 2428 2879 δ’
2457 2825 2523 2879 ἄν
2554 2840 2640 2888 τις
2664 2822 2846 2877 αίτίαν
2888 2819 3022 2891 φαίη
3050 2819 3152 2888 τῆς
3202 2818 3338 2890 περὶ
3391 2815 3454 2871 τὸ
3483 2815 3578 2870 ἀν·

322 2914 604 2984 ερὶοἱοιιιίε
645 2929 789 2968 cura:
843 2913 982 2968 bane
1034 2914 1202 2970 fuisse
1228 2930 1448 2970 causam
1486 2917 1723 2981 dixeris,
1751 2920 1896 2986 quod

2001 2919 2275 2992 θρὼπινον
2298 2917 2570 2989 τοσαύτης
2598 2917 2882 2987 προνοίας,
2905 2914 2981 2978 ὡς
2996 2913 3092 2967 ἀπ’
3123 2911 3298 2984 ἀρχῆς
3345 2911 3374 2964 6
3416 2909 3568 2966 Πλά-

325 3020 666 3074 nequaquam
713 3019 742 3058 a
787 3005 1055 3076 principio
1101 3005 1364 3062 Conditor
1415 3019 1664 3062 naturam
1705 3009 1898 3078 perfe-

326 3109 492 3162 ctam,
542 3097 998 3168 quemadmodum
1032 3099 1258 3168 angelis,
1289 3099 1484 3172 204b
1537 3101 1610 3156 ita
1645 3113 1700 3156 et
1727 3102 1901 3158 homi-

332 3185 494 3241 nibus
527 3186 810 3250 tribuerit;
877 3189 973 3243 sed
1019 3189 1246 3243 modicis
1297 3191 1676 3261 progressibus
1719 3193 1898 3261 perfe.

327 3279 564 3334 ctionem
598 3277 813 3333 tandem
845 3281 1105 3350 consequi
1150 3281 1400 3338 voluerit.
1435 3282 1798 3349 Quamobrem
1844 3296 1900 3340 et

321 3385 426 3438 pro
459 3369 680 3426 virtutis
716 3371 957 3440 praemio,
989 3382 1043 3427 et
1071 3386 1170 3442 pro
1210 3373 1473 3430 molestiis
1515 3374 1754 3432 toleratis
1779 3392 1901 3446 per-

324 3462 615 3519 fectionem
648 3463 896 3532 rependit
931 3481 946 3519 :
981 3465 1109 3536 quin
1142 3475 1196 3520 et
1222 3466 1461 3521 medium
1493 3479 1723 3524 mortem
1757 3469 1901 3527 inter

327 3563 492 3626 atque
529 3552 994 3611 immortalitatem
1025 3557 1200 3628 ipsum
1229 3559 1549 3624 constituit;
1587 3561 1900 3618 alterutrius

328 3649 564 3719 eligendi
618 3651 759 3706 facta
785 3660 1101 3720 potestate;
1133 3666 1254 3706 cum
1288 3652 1506 3707 interim
1539 3653 1736 3722 angeli,
1761 3661 1816 3708 et
1853 3655 1896 3708 si

327 3742 457 3812 quid
477 3742 622 3796 aliud
646 3742 858 3796 ratione
883 3741 1169 3811 praeditum
1193 3751 1246 3794 et
1270 3745 1642 3811 incorporeum
1663 3740 1897 3814 [uspiam

329 3831 568 3906 exsistit]
611 3848 676 3888 ex
733 3835 850 3902 ipso
891 3849 1014 3888 mox
1071 3842 1194 3888 ortu
1253 3843 1460 3888 natura:
1511 3832 1898 3902 perfectionem

331 3925 510 3993 adepti
547 3925 674 3979 sint.
711 3923 862 3980 Unde
904 3934 958 3978 et
997 3924 1163 3977 David
1209 3925 1286 3978 ait
1319 3942 1334 3979 :
1388 3924 1636 3979 Potentes
1687 3926 1896 3992 virtute,

328 4013 578 4082 facientes
624 4013 833 4068 verbum
867 4013 1012 4068 illius
1035 4011 1086 4079 ἀ,
1121 4015 1220 4070 boc
1260 4025 1345 4071 est
1377 4032 1393 4071 :
1431 4015 1897 4082 Quemadmodum

327 4119 423 4158 eos
454 4103 588 4158 nibil
618 4104 985 4169 materiatura,
1021 4105 1098 4160 uti
1148 4121 1270 4172 nos,
1300 4105 1385 4160 vel
1415 4106 1672 4162 deorsum
1707 4107 1896 4175 trahit,

327 4194 414 4248 vel
445 4195 685 4264 impedit,
739 4196 813 4251 ita
857 4198 987 4262 cito,
1022 4207 1078 4254 et
1121 4200 1328 4268 absque
1359 4213 1511 4253 mora
1539 4197 1690 4269 jussa
1730 4199 1895 4267 perfi-

325 4285 496 4340 ciunt.
526 4285 786 4356 Exigebat
812 4302 940 4358 ergo
965 4286 1238 4344 ineffabile
1270 4288 1364 4344 Dei
1397 4288 1713 4359 iustumque
1747 4288 1895 4357 judi-

327 4377 495 4445 cium,
526 4385 586 4431 ut
631 4377 965 4448 imperfectis
1009 4379 1230 4449 quidem
1263 4380 1284 4450 (
1313 4394 1421 4450 quo
1445 4389 1689 4451 tempore
1723 4383 1895 4452 placi-

327 4473 438 4518 tum
486 4466 652 4536 esset)
708 4466 853 4536 quod
896 4469 1086 4523 deerat
1125 4468 1426 4538 suppleret,
1471 4482 1609 4537 quos
1657 4483 1785 4526 vero
1827 4469 1898 4532 ab

325 4553 480 4610 initio
541 4560 812 4624 perfectos
870 4556 1216 4624 reddidisset,
1269 4572 1377 4613 non
1422 4557 1585 4614 simili
1635 4559 1722 4616 bis
1767 4575 1899 4616 cura

323 4647 672 4715 provideret:
693 4650 787 4704 sed
807 4663 875 4704 ex
899 4649 1154 4718 aequitate
1169 4647 1461 4717 iudicaret,
1483 4665 1607 4706 cum
1635 4652 1736 4708 hos
1766 4666 1900 4707 con-

332 4748 512 4794 tentos
545 4741 654 4796 illis
683 4739 893 4814 [rebus]
919 4756 1040 4797 esse
1071 4740 1295 4805 debere,
1320 4757 1460 4813 quas
1490 4742 1709 4813 ipsitoct
1737 4757 1900 4799 occu-

326 4840 576 4900 passent,
609 4842 719 4886 tum
767 4835 875 4889 illis
907 4850 1094 4889 earum
1129 4849 1310 4890 rerum
1358 4833 1605 4890 defectus
1641 4837 1899 4907 supplen-

324 4923 444 4988 dos,
477 4923 676 4992 quibus
702 4924 998 4993 aliquando
1037 4925 1235 4996 privati
1296 4923 1552 4980 fuissent.
1605 4924 1897 4982 Enimvero

325 5022 592 5080 quotquot
623 5029 686 5069 ex
720 5015 927 5086 angelis
955 5014 1090 5084 lapsi
1119 5025 1264 5080 sunt,
1299 5029 1407 5070 non
1452 5013 1488 5070 ii
1531 5016 1758 5070 materia
1810 5017 1896 5072 di—

335 5104 595 5174 vellente,
639 5122 812 5176 neque
856 5122 1021 5162 carne
1066 5106 1398 5172 retrahente,
1447 5107 1540 5158 sed
1573 5108 1800 5162 arbitrio
1842 5109 1894 5163 id

393 5213 420 5241 κ
449 5203 584 5256 Rom
617 5218 735 5264 χιιι,
764 5203 818 5257 ’5.
898 5212 924 5251 γ
960 5203 1117 5257 Rom.
1158 5219 1210 5267 v,
1237 5203 1330 5255 20.
1411 5208 1436 5236 ι
1475 5197 1635 5255 Osee.
1680 5218 1743 5272 ιι,
1790 5204 1878 5259 19.

333 5269 363 5309 ἀ
393 5271 538 5326 Psal.
567 5288 663 5338 cn,
687 5273 777 5326 20.

1988 5214 2018 5244 ι
2053 5200 2200 5258 Psal.
2247 5218 2342 5272 cn,
2389 5204 2478 5260 M.

2001 3029 2134 3082 στης
2161 3012 2262 3066 οὐκ
2291 3009 2554 3079 αὐτοτελῆ
2600 3008 2701 3080 τὴν
2749 3008 2933 3077 φύσιν,
2978 3004 3233 3076 καθάπερ
3292 3003 3574 3072 ἀγγέλοις,

1999 3105 2252 3160 οὕτωκαὶ
2291 3104 2371 3176 τῷ
2399 3103 2727 3176 ἀνθρωπίνῳ
2745 3101 2894 3170 γένει.
2925 3099 3254 3171 παρέσχετο,
3286 3097 3424 3151 ἀλλά
3455 3098 3581 3161 ταῖς

2002 3200 2146 3253 κατὰ
2179 3197 2378 3270 μικρὸν
2403 3195 2710 3267 προκοπαῖς
2746 3195 2839 3247 τοῦ
2872 3191 3080 3246 τελείου
3135 3191 3427 3261 τυγχάνειν
3482 3189 3579 3243 εύ-

1997 3291 2226 3362 δόκησεν
2243 3307 2258 3322 ·
2287 3289 2370 3345 διὸ
2394 3289 2487 3344 καὶ
2513 3288 2713 3358 ἀρετῆς
2743 3282 2906 3340 ἆθλον
2939 3286 3031 3338 καὶ
3055 3283 3426 3346 κακοπαθείας
3448 3285 3580 3338 ἀντ-

1998 3384 2222 3454 ἀμειψιν
2274 3383 2374 3453 τὴν
2418 3380 2730 3450 τελειότητα
2780 3377 2980 3433 δίδωσι.
3039 3375 3168 3449 [649
3202 3374 3293 3447 R.]
3345 3375 3457 3430 Kal
3509 3373 3577 3444 δὴ

2003 3478 2100 3530 καὶ
2137 3475 2300 3546 μέσον
2328 3472 2562 3528 θανάτου
2594 3471 2689 3526 καὶ
2711 3470 3012 3533 ἀθανασίας
3059 3469 3225 3522 αὑτὸν
3256 3467 3430 3533 ἔθετο,
3479 3467 3581 3537 τῆς

2001 3565 2141 3636 πρὸς
2167 3564 2429 3635 ἑκάτερον
2454 3563 2721 3634 αἱρέσεως
2747 3562 3032 3630 ἀναφήνας
3067 3560 3280 3631 κύριον.
3313 3557 3578 3628 Ἀγγελοι

2001 3656 2079 3721 δὲ,
2109 3657 2204 3709 καὶ
2231 3656 2284 3709 εἴ
2310 3673 2362 3709 τι
2391 3654 2521 3709 ἄλλο
2538 3653 2758 3721 λογικὸν
2806 3652 2901 3706 καὶ
2936 3649 3249 3722 ἀσώματον,
3289 3649 3351 3715 ἐξ
3407 3649 3581 3719 αὐτῆς

2002 3739 2232 3820 προόδου
2269 3747 2332 3800 τὸ
2373 3749 2431 3799 ὲν
2461 3748 2527 3817 τῇ
2561 3746 2725 3816 φύσει
2764 3744 2969 3797 τέλειον
3024 3743 3427 3814 ἐκληρώσαντο.
3486 3741 3581 3795 Διδ

1999 3841 2094 3894 καὶ
2120 3840 2215 3893 ό²⁶
2263 3838 2426 3892 Δαϐίδ
2476 3855 2634 3909 φησι,
2666 3836 2984 3891 Δυνατοὶ¹⁷
3042 3837 3218 3904 ἰσχύϊ
3263 3834 3578 3900 ποιοῦντες

2008 3926 2115 3981 τὸν
2144 3927 2336 3997 λόγον
2361 3925 2571 3992 αὐτοῦ,
2603 3924 2882 3978 τουτέστιν
2912 3923 2963 3978 οἳ
2991 3925 3038 3956 ³⁸
3079 3923 3269 3995 μηδενὶ
3312 3923 3420 3976 τῶν
3465 3924 3581 3976 ὑλι-

2001 4017 2139 4084 κῶν,
2174 4017 2424 4087 καθάπερ
2449 4019 2632 4088 ἡμεῖς,
2666 4015 3057 4086 καθελκόμενοί
3083 4033 3143 4069 τε
3193 4017 3288 4069 καὶ
3313 4015 3579 4086 συμποδι-

2002 4110 2242 4181 ζόμενοι,
2270 4109 2413 4162 οὕτω
2439 4109 2528 4164 διὰ
2557 4108 2772 4178 ταχέων
2826 4110 2922 4163 κα)⁵
2957 4107 3128 4179 χωρίς
3179 4123 3326 4170 τινος
3377 4106 3581 4178 μελλή-

2004 4218 2140 4265 σεως
2175 4192 2442 4271 πληροῦσι
2493 4199 2554 4252 τὸ
2606 4199 2987 4270 κελευόμενον.
3035 4198 3149 4268 Τῆς
3191 4197 3288 4252 οὖν
3333 4198 3579 4270 ἀρρήτου

2001 4286 2396 4358 δικαιοκρισίας
2424 4281 2494 4358 ἦν
2521 4285 2614 4338 τοῦ
2635 4285 2772 4340 Θεοῦ
2808 4290 2922 4351 τοῖς
2952 4287 3053 4358 μὲν
3075 4286 3319 4353 ἀτελέσι,
3355 4285 3477 4341 καθ’
3514 4286 3576 4340 δν

1999 4377 2296 4450 ἐδοκίμασε
2321 4377 2367 4409 ’⁸
2397 4376 2610 4448 καιρὸν,
2630 4377 2693 4431 τὸ
2711 4377 2894 4432 λεῖπον
2936 4377 3356 4450 ἀναπληρῶσαι,
3401 4375 3498 4442 οὓς
3531 4376 3580 4431 δ’

1998 4469 2096 4523 ἀπ’
2125 4466 2303 4540 ἀρχῆς
2327 4467 2570 4532 τελείους
2607 4469 2906 4540 ὑπέστησε,
2943 4470 3020 4542 μὴ
3046 4471 3147 4542 τῆς
3192 4469 3388 4540 ὁμοίας
3441 4486 3581 4541 προ-

1999 4561 2152 4625 νοίας
2178 4559 2431 4626 ἀξιῶσαι,
2462 4560 2598 4614 ἀλλά
2625 4563 2752 4626 τοὺς
2777 4562 2877 4634 μὲν
2921 4557 3003 4626 οἷς
3040 4562 3342 4633 προέλαϐον
3391 4561 3579 4633 ἀρκεῖ-

2002 4653 2150 4720 σθαι,
2177 4653 2302 4718 τοὺς
2347 4654 2406 4707 δὲ
2434 4646 2511 4708 ὧν
2567 4653 2946 4726 ἐστερήθησαν
2997 4655 3471 4727 ἀναπληρωθῆναι
3518 4655 3581 4710 τὸ

2002 4744 2288 4816 ὑστέρημα
2321 4745 2629 4800 δικαιῶσαι.
2661 4746 2770 4799 Καὶ
2793 4747 2901 4800 τῶν
2949 4747 3199 4816 ἀγγέλων
3223 4747 3280 4802 δὲ
3315 4747 3432 4802 ὅσοι
3482 4764 3581 4800 πε-

2006 4836 2314 4901 πτώκασιν,
2341 4838 2402 4892 ού
2418 4839 2518 4908 τῆς
2539 4837 2672 4910 ὕλης
2689 4838 3058 4911 κατασπώσης
3084 4840 3208 4895 οὐδὲ
3226 4839 3323 4894 τοῦ
3350 4840 3582 4913 σαρκίον

2006 4924 2386 4996 μεθέλκοντος,
2415 4927 2512 4997 τῆς
2553 4927 2928 4999 προαιρέσεως
2973 4928 3032 4982 δὲ
3086 4929 3148 4982 τὸ
3201 4928 3407 4999 φαῦλον
3461 4930 3582 4981 ἑλο-

2005 5017 2196 5088 μένης,
2221 5019 2318 5088 τῆς
2341 5021 2546 5082 οἰκείας
2591 5019 2750 5092 δόξης
2785 5021 3222 5092 κατηνέχθησαν.
3281 5022 3478 5093 Ἡμεῖς
3523 5021 3581 5075 δὲ

2003 5106 2098 5160 τοῦ
2129 5123 2189 5160 τε
2217 5109 2446 5180 σαρκίου
2477 5110 2815 5180 διοχλοῦντος
2855 5114 2952 5165 καὶ
2979 5113 3092 5166 τῶν
3130 5111 3346 5166 ἐκεῖθεν
3390 5113 3582 5166 παθῶν

2589 5205 2619 5248 ι»
2650 5205 2796 5263 Psal.
2829 5223 3038 5273 Lxxvn,
3071 5208 3160 5264 Η.
3261 5218 3285 5246 ο
3314 5207 3419 5264 Job
3446 5228 3501 5277 x,
3524 5210 3582 5270 9.

1592 5366 1678 5422 VA
1689 5364 1828 5421 ΒΙᾹΞ
1861 5361 2274 5420 LECTIONES.

386 5462 431 5493 ⁸⁵
455 5429 618 5530 φόνον.
656 5464 698 5515 Α
722 5462 918 5530 ιφόϐον
950 5481 1010 5528 ς.
1087 5460 1132 5492 ¹⁶
1163 5458 1494 5530 βουλεύμασι
1535 5480 1594 5528 ς.

324 5598 620 5682 σρηῌξερί.
654 5598 872 5682 euq“.
903 5602 1118 5682 “'f‘xai-
1146 5598 1249 5682 ὅτι]
1302 5600 1439 5654 l’sal.
1483 5617 1649 5671 cxvtt,
1683 5604 1772 5658 li.

325 5671 372 5702 se
415 5667 509 5741 τί]
541 5671 666 5726 libri
717 5667 825 5727 οἷα.
903 5673 948 5704 ²⁹
972 5667 1262 5743 ὲδοκίμαζὲ
1299 5687 1360 5735 ς·

1710 5463 1750 5493 ιτ
1784 5453 2373 5533 τρργἀρῖᾓβοιῃιμνιιι,
2410 5459 2496 5533 §._
2549 5460 2593 5533 “f
2619 5454 2708 5533 οῦ]
2767 5461 2928 5519 Rom.
2957 5478 3009 5526 ν,
3048 5465 3139 5520 20.

325 5527 638 5602 ριόςσευσεν
659 5547 745 5599 pr.
772 5527 823 5586 ’Δ
853 5549 867 5584 :
903 5527 1432 5614 ὑπερεπερίσσευσεν
1465 5549 1526 5596 ς.
1548 5527 1559 5528 ί
1601 5533 1648 5564 ²⁰
1682 5527 1866 5629 ὨσηὲΙ
1900 5527 1960 5590 Il,
1992 5527 2081 5582 '19.
2156 5528 2197 5559 ²¹
2222 5528 2446 5599 ἐμαυτῷ
2470 5530 2509 5582 Α
2534 5549 2549 5585 :
2572 5531 2632 5584 ὲν
2654 5527 2800 5603 αύτῷ
2828 5553 2887 5600 ς.

327 5598 447 5629 -n...l
479 5601 595 5629 0..-:
656 5618 724 5629 η..
787 5605 805 5629 ι
829 5605 845 5629 ι
948 5605 993 5629 n
1021 5602 1109 5629 ..-ι
1147 5599 1249 5629 --.⁸1
1305 5600 1419 5629 nunt
1485 5617 1627 5629 ........
1683 5604 1702 5629 ι
1726 5605 1742 5629 ι
1873 5599 1893 5629 δ
1933 5595 2078 5629 NAR]
2112 5613 2138 5629 υ
2201 5597 2234 5629 0
2332 5600 2377 5629 ac
2409 5602 2436 5629 Α
2495 5616 2581 5629 η...
2655 5604 2679 5629 Α
2788 5606 2832 5629 n
2884 5608 2887 5629 ι

3253 5469 3301 5504 υ
3335 5469 3433 5516 ὗπε
3443 5479 3576 5535 ρπε-

2965 5537 3010 5567 ²¹
3044 5536 3280 5605 ίερδςλς.
3345 5535 3391 5564 ²’
3413 5536 3578 5605 ἐμνή-

1873 5599 1893 5629 δ
1933 5595 2078 5667 Ἰὼϐ]
2111 5613 2166 5666 x,
2201 5595 2268 5652 9.‘
2332 5600 2377 5632 “
2409 5595 2439 5653 6
2495 5616 2605 5656 om.
2644 5604 2710 5657 Α.
2773 5595 2854 5639 ’²’⁷
2881 5595 3127 5673 δυνατοὶ]
3177 5600 3324 5661 Psal.
3355 5595 3457 5674 cu,
3483 5595 3576 5664 20.
