3972 6248
361 335 467 405 817

1421 350 1944 416 BIBLIOTHECA.
1981 380 2054 390 —
2080 355 2245 420 COD.
2274 359 2556 422 CCXXII.

3493 360 3629 427 818'

363 458 933 532 ὁπογαργαλιξόντων,
960 464 1100 534 πρὸς
1127 466 1196 519 τὰ
1237 464 1406 518 πλείω
1436 465 1547 518 τῶν
1599 468 1935 540 ἁμαρτημά-

2049 472 2196 542 quod
2237 472 2434 527 malum
2466 483 2583 528 erat
2623 473 2876 547 eligente,
2903 473 2970 532 de
3005 491 3099 531 sua
3132 475 3298 547 gloria
3330 477 3600 535 deturbati

360 565 472 604 των
507 548 570 602 οῦ
608 551 660 603 τί
689 569 754 620 γε
780 553 1042 620 ἑκούσιοι,
1059 558 1109 610 εἰ
1141 557 1236 610 καὶ
1265 556 1341 628 μὴ
1363 558 1426 610 τὸ
1449 558 1569 611 ὅλον
1593 560 1840 614 ἀκούσιοι
1859 561 1928 627 ³⁰,

362 641 803 714 καταπίπτομεν.
832 647 944 701 Καὶ
972 648 1082 720 γὰρ
1108 647 1170 702 τὸ
1197 649 1472 720 δαιμόνιον
1516 649 1704 720 φῦλον,
1743 652 1793 704 εί
1839 651 1934 705 καὶ

364 733 480 784 τοῖς
505 732 735 802 αἰμασιν
755 735 943 807 ἥδεται
969 739 1064 792 καὶ
1091 741 1206 803 τοῖς
1241 739 1330 793 διὰ
1376 740 1580 810 σαρκὸς
1605 741 1787 811 χαίρει
1829 742 1936 796 πά-

365 817 538 886 θεσιν,
567 821 688 876 ’ἀλλ’
725 819 820 879 οὖν
869 827 1021 881 οὐδὲν
1049 828 1257 883 τούτων
1307 829 1370 884 οὐ
1406 829 1566 901 μόνον
1612 832 1936 904 αὐτουργεῖν

363 910 527 979 φύσιν
555 914 655 967 οὐκ
682 914 895 987 ἔλαχεν,
927 918 1043 972 ἀλλ’
1067 920 1175 973 οὐδ’
1207 921 1387 974 αἰτίαν
1414 921 1626 976 οἴκοθεν
1660 922 1774 993 ἔχει
1795 923 1935 995 πρὸς

360 1002 401 1058 ἃ
429 1004 509 1075 μὴ
529 1004 690 1076 Θέμις
731 1007 1134 1080 ύποσύρουσαν.
1161 1009 1302 1066 Οὔτε
1334 1013 1445 1083 γὰρ
1472 1011 1624 1081 ξίφος
1677 1012 1814 1067 ὠθεῖ
1843 1015 1936 1069 διὰ

365 1097 466 1167 τῆς
494 1096 680 1162 δεξιᾶς
723 1099 864 1171 πρὸς
892 1101 992 1172 τὴν
1043 1104 1280 1175 σφαγὴν,
1339 1104 1464 1158 οὔτε
1495 1105 1719 1177 ,γάμους
1772 1108 1938 1172 αὐτὸς

362 1189 572 1260 ὁμιλῶν
590 1194 658 1263 τῇ
713 1193 988 1265 μοιχαλίδι
1037 1196 1164 1259 τοὺς
1207 1197 1581 1269 ἀνθρωπίνους
1624 1198 1934 1270 διορύσσει*

365 1280 483 1334 ἁλλ’
515 1278 639 1335 οὐδὲ
670 1283 841 1354 θυμὸς
870 1285 1032 1340 αὐτὸν
1064 1288 1312 1352 κολάζειν
1366 1289 1612 1361 ἀδίκημα
1659 1293 1798 1364 πρὸς
1836 1294 1940 1364 τὴν

368 1375 589 1446 σφαγὴν
613 1377 866 1443 συνωθεῖ,
901 1379 961 1432 οὐ
989 1380 1097 1452 μὴν
1139 1382 1261 1436 οὐδὲ
1299 1386 1621 1456 σωματικῆς
1649 1385 1792 1456 ἔρως
1841 1385 1936 1457 μί-

363 1461 524 1530 ξεως.
578 1464 773 1537 Ἡμεῖς
803 1469 862 1521 δὲ
884 1469 1146 1535 πολλάκις
1171 1473 1266 1526 καὶ
1295 1467 1371 1529 ὧν
1428 1474 1528 1547 τὴν
1571 1476 1782 1548 αἵρεσιν
1816 1476 1938 1547 βδε-

365 1554 695 1627 λυττόμεθα,
749 1563 817 1632 τῇ
852 1562 992 1634 ῥοπῇ
1051 1565 1152 1634 τῆς
1196 1563 1330 1634 ῦλης
1358 1566 1676 1639 νικηθέντες
1706 1569 1939 1642 ὲργαζό-
1977 1591 1984 1594 ·

368 1647 533 1718 μεθα,
570 1652 664 1705 καὶ
681 1651 854 1725 βραχύ
885 1673 936 1708 τι
970 1656 1110 1727 πρὸς
1129 1657 1221 1710 τὸν
1252 1656 1349 1712 τοῦ
1380 1661 1572 1731 νήφειν
1595 1661 1748 1716 τόνον
1773 1663 1941 1716 ὑπεν-

366 1740 549 1806 δόντες
605 1746 716 1809 τοῖς
769 1746 1000 1801 πάθεσιν
1051 1748 1572 1821 ὰνδραποδιζόμεθα.
1623 1753 1787 1808 Ὅθεν
1845 1756 1940 1808 καὶ

370 1833 584 1899 Παῦλος
604 1836 755 1903 ὲόόα,
794 1834 940 1892 Οἶδα
962 1839 1006 1871 ⁸¹
1037 1840 1126 1895 ὅτι
1155 1844 1268 1896 οὐκ
1319 1842 1473 1897 οἰκεῖ
1502 1845 1574 1897 ἐν
1599 1844 1749 1914 ἐμοὶ,
1777 1863 1936 1901 τουτ-
1966 1821 2015 1883 Β

368 1925 520 1981 ἐστιν
543 1929 603 1981 ὲν
629 1932 696 2000 τῇ
729 1931 898 2000 σαρκί
927 1949 1052 2001 μου,
1083 1932 1152 1987 τὸ
1192 1935 1420 2004 ἀγαθόν
1440 1952 1458 1971 ο
1512 1937 1577 1991 τό
1610 1939 1720 2008 τὰρ
1743 1939 1943 1996 θέλειν

369 2019 720 2088 παράκειταί
729 2040 852 2092 μοι,
867 2024 962 2078 καὶ
983 2025 1112 2095 ἑξῆς
1132 2041 1146 2056 ο
1175 2029 1272 2081 καὶ
1288 2029 1473 2096 πάλιν,
1500 2033 1582 2084 Οὐ
1599 2033 1709 2101 γὰρ
1729 2031 1760 2086 ὃ
1791 2032 1944 2089 θέλω

369 2111 520 2168 ποιῶ
568 2115 816 2185 ἀγαθὸν,
850 2117 989 2172 ἀλλ’
1028 2119 1062 2173 ὃ
1106 2121 1180 2174 οὑ
1205 2119 1380 2188 θέλω,
1421 2123 1598 2177 τοῦτο
1653 2125 1940 2194 πράσσω.

370 2203 612 2270 Εἰκότως
638 2203 733 2262 οὖν
755 2210 851 2264 καὶ
879 2209 1054 2264 πλείω
1081 2211 1190 2264 τῶν
1208 2213 1523 2284 δαιμονίων,
1547 2217 1733 2287 φησὶν,
1766 2219 1946 2290 ἁμαρ-

372 2295 623 2362 τάνοντες
646 2337 663 2365 ,
701 2298 1035 2373 συγγνώμης
1061 2305 1219 2375 ἡμεῖς
1256 2305 1372 2358 ἀλλ’
1405 2306 1506 2360 οὐκ
1524 2308 1723 2362 ἐκεῖνοι
1743 2311 1948 2382 τυγχά-

374 2402 578 2445 νουσιν.

452 2654 575 2708 Ἐτι
602 2655 658 2710 δὲ
688 2657 799 2712 οὐδ’
824 2661 879 2713 ετ
896 2678 980 2724 τις
1010 2659 1150 2733 δοίη,
1169 2664 1327 2736 φησὶ,
1351 2665 1513 2736 φύσιν
1539 2667 1787 2736 ἀγγέλων
1815 2669 1949 2723 ἁνα-

373 2744 559 2801 λαὸεῖν
579 2748 670 2802 τὸν
699 2750 856 2821 ἡμῶν
877 2754 1108 2826 Σωτῆρα
1149 2758 1245 2811 καὶ
1277 2759 1578 2832 Λυτρωτὴν
1609 2761 1706 2814 ἐπὶ
1724 2763 1793 2834 τῇ
1821 2762 1950 2816 τού-

371 2853 483 2891 των
500 2841 766 2914 σωτηρίᾳ,
790 2843 942 2899 οὺδὲν
979 2847 1047 2900 ἂν
1079 2848 1268 2920 κέρδος
1301 2852 1367 2905 ὲκ
1395 2852 1496 2922 τῆς
1526 2854 1821 2923 συναφείας
1850 2855 1951 2910 αύ-

373 2933 486 3017 τοῖς
514 2933 751 3005 ἀπήντα.
792 2936 1032 3011 ’Δνάγκη
1063 2939 1164 3010 μὲν
1195 2942 1304 3014 γὰρ
1337 2943 1438 2996 οὐκ
1481 2943 1550 2998 ἂν
1577 2945 1778 3009 αὐτοὺς
1815 2963 1952 3017 μετ-

373 3015 532 3086 ῆγεν,
555 3018 741 3088 ὥσπερ
762 3021 883 3074 οὐδὲ
906 3024 1032 3086 τοὺς
1048 3025 1391 3096 ἀνθρώπους,
1415 3029 1523 3081 ἀπὸ
1543 3029 1639 3082 τοῦ
1659 3015 1952 3102 πτώματος

2033 575 2181 620 sunt.
2212 565 2321 622 Nos
2345 577 2536 622 eontra
2560 579 2615 622 et
2638 583 2803 624 carne
2831 569 3253 634 interturbante,
3285 574 3340 625 et
3365 573 3508 626 natis
3536 588 3602 626 ex

2032 671 2097 713 ea
2121 657 2503 715 affectionibus
2526 659 2888 723 titillantibus,
2909 660 2975 715 ad
3002 661 3258 732 pleraque
3277 662 3470 717 delicta
3497 678 3603 716 non

2034 761 2228 819 sponte
2256 751 2524 817 volentes,
2555 753 2650 807 sed
2685 768 2784 808 nec
2813 753 3039 808 omnino
3065 753 3242 819 inviti,
3277 754 3599 808 delabimur.

2037 843 2353 899 Demonutn
2396 844 2542 899 enim
2584 860 2778 918 genus,
2824 845 3044 900 tametsi
3078 846 3344 916 sanguine
3370 845 3604 900 delecte-

2038 944 2146 1001 tur,
2189 945 2245 991 et
2287 935 2501 991 carneis
2553 937 2783 1006 gaudeat
2830 933 3233 1001 affectionibus,
3295 951 3401 989 non
3445 936 3607 989 modo

2039 1039 2218 1084 tamen
2248 1044 2370 1084 eam
2413 1037 2667 1086 naturam
2697 1041 2809 1084 non
2833 1028 3061 1098 accepit,
3097 1038 3156 1082 ut
3187 1029 3480 1095 quidquam
3509 1027 3606 1079 tro-

2036 1135 2157 1176 rum
2186 1119 2450 1190 perficere
2471 1135 2573 1191 per
2603 1133 2664 1176 se
2688 1119 2881 1191 possit,
2915 1121 3012 1173 sed
3049 1131 3224 1184 neque
3262 1116 3425 1168 ullam
3453 1130 3519 1167 ex
3548 1129 3607 1166 se

2038 1214 2472 1282 proficiscentem
2501 1227 2723 1268 causam
2755 1211 2920 1266 habet
2957 1225 3078 1280 quae
3111 1211 3178 1263 ad
3209 1207 3361 1262 nefas
3401 1206 3604 1263 trahat.

2038 1305 2224 1375 Neque
2252 1305 2398 1360 enim
2427 1303 2667 1375 gladium
2701 1303 2896 1359 dextra
2923 1302 3106 1357 vibrat
3148 1301 3214 1355 ad
3246 1299 3469 1364 ctedem,
3510 1313 3607 1352 ne-

2038 1413 2144 1470 que
2191 1398 2405 1468 nuptias
2454 1398 2720 1452 humanas
2773 1411 2899 1451 cum
2946 1394 3190 1449 adultera
3243 1404 3610 1447 consuescens

2039 1489 2227 1546 violat.
2284 1489 2392 1545 Sed
2439 1503 2546 1544 nec
2566 1486 2849 1543 iracundia
2889 1486 3068 1556 ipsum
3100 1483 3348 1556 impellit,
3371 1484 3516 1537 crede
3551 1493 3612 1534 ut

2042 1590 2323 1651 acceptam
2373 1579 2633 1650 iniuriam
2663 1575 2926 1644 vindicet,
2945 1591 3122 1646 neque
3151 1589 3427 1643 corporeae
3458 1588 3613 1629 com-

2043 1673 2313 1730 mistionis
2360 1688 2536 1727 amor.
2558 1669 2673 1727 Nos
2719 1683 2850 1726 vero
2879 1685 3047 1740 saepe,
3089 1669 3334 1723 materiae
3379 1667 3614 1737 pondere

2044 1765 2274 1831 incitati,
2303 1779 2368 1818 ea
2401 1765 2638 1834 quoque
2681 1771 3077 1832 perpetramus,
3125 1773 3246 1830 quae
3285 1767 3478 1826 sponte
3520 1756 3613 1808 de-

2052 1867 2311 1913 testemur
2333 1849 2562 1926 eligere,
2592 1863 2754 1924 atque
2787 1854 2854 1908 ad
2887 1853 3051 1908 breve
3086 1851 3378 1905 admodum
3406 1858 3617 1916 tempus

2041 1948 2354 2006 sobrietatis
2393 1946 2726 2002 contentioni
2769 1945 3046 2009 cedentes,
3104 1957 3294 1996 rursus
3347 1940 3418 1994 ab
3482 1938 3612 1992 atie-

2042 2041 2221 2095 ctibus
2241 2039 2440 2094 nostris
2461 2037 2659 2106 captivi
2679 2037 3018 2092 abducimur.
3041 2032 3194 2088 Unde
3215 2041 3269 2084 et
3292 2031 3490 2085 Paulus
3507 2029 3592 2082 cla

2042 2128 2243 2182 mabat.
2279 2124 2403 2179 Scio
2454 2125 2584 2195 quia
2642 2140 2750 2179 non
2802 2123 3005 2176 habitat
3053 2122 3109 2175 in
3156 2136 3258 2184 me,
3295 2122 3393 2172 hoc
3427 2129 3525 2180 est,
3561 2117 3616 2169 in

2044 2235 2200 2272 carne
2222 2234 2357 2282 mea,
2385 2217 2598 2272 bonum.
2634 2215 2776 2270 Nam
2804 2217 2930 2271 velle
2957 2214 3164 2283 adjacet
3205 2213 3390 2277 mihie,
3413 2221 3466 2265 et
3497 2224 3618 2278 qua:

2047 2321 2398 2380 sequuntur:
2440 2310 2788 2377 iterumque:
2825 2305 2949 2361 Non
3000 2306 3138 2360 enim
3186 2304 3324 2374 quod
3363 2303 3479 2356 volo
3527 2301 3618 2353 bo-

2047 2421 2194 2470 num,
2229 2405 2327 2460 Itoc
2370 2404 2537 2475 fat-ia,
2578 2401 2669 2456 sed
2707 2400 2846 2471 quod
2886 2399 3006 2453 nolo
3039 2395 3288 2471 [malum]
3324 2395 3419 2448 hoc
3450 2409 3546 2465 ago
3570 2392 3616 2446 ί.

2047 2498 2240 2554 Merito
2287 2497 2470 2567 igitur,
2522 2494 2628 2550 etsi
2675 2493 2828 2564 plura
2878 2506 3042 2562 quam
3090 2489 3385 2551 daemones,
3423 2483 3618 2554 inquit,

2047 2601 2355 2660 peccemus,
2407 2600 2508 2640 nos
2568 2585 2784 2638 veniam
2837 2593 3275 2651 consequemur,
3324 2590 3433 2630 non
3496 2573 3620 2644 ipsi.

2117 2677 2365 2746 Amplius
2383 2690 2536 2741 vero,
2558 2687 2735 2744 neque
2770 2671 2816 2728 si
2860 2669 3194 2726 concesserit
3217 2665 3511 2736 quiSpiam,
3542 2663 3622 2715 in-

2048 2771 2188 2842 quit,
2241 2767 2440 2839 205a
2472 2775 2718 2822 nostrum
2750 2761 3090 2818 Salvatorem
3117 2775 3179 2814 ac
3203 2757 3624 2824 Redemptoretu

2051 2860 2368 2933 angeiorunt
2395 2867 2646 2913 naturam
2685 2870 2786 2925 pro
2824 2854 3041 2909 illorutn
3079 2852 3254 2908 salute
3296 2847 3627 2918 snsceplsse,

2052 2954 2403 3010 commodum
2437 2951 2572 3023 ipsis
2608 2949 2778 3007 ullum
2824 2963 2887 3002 ex
2923 2946 3025 3001 hac
3061 2942 3320 2998 afﬁnitate
3350 2939 3625 2996 obveniat.

2054 3047 2173 3103 Non
2219 3045 2368 3101 enim
2413 3043 2713 3099 necessitas
2758 3040 2930 3109 ipsos,
2979 3044 3037 3091 ut
3069 3049 3246 3105 neque
3285 3032 3562 3092 homines,
3599 3044 3629 3080 a

382 3111 573 3223 salvto
602 3115 886 3224 κρεῖττον
938 3116 1032 3171 τὸν
1079 3117 1135 3170 δὲ
1167 3117 1392 3190 θεοφιλῆ
1437 3121 1534 3175 καὶ
1561 3121 1788 3193 ἄριστον
1835 3123 1948 3194 βίον

2056 3141 2209 3210 lapsu
2243 3139 2311 3194 ad
2353 3137 2634 3194 meliorem
2681 3141 2884 3189 statum
2914 3129 3208 3186 transferat
3242 3141 3259 3181 :
3300 3125 3394 3182 sed
3425 3125 3625 3193 optima

375 3203 576 3274 πρᾶξις
604 3205 804 3277 ἀρίστη
831 3208 926 3260 καὶ
953 3207 1137 3272 νεῦσις
1165 3211 1247 3273 είς
1275 3211 1430 3272 Θεὸν,
1467 3213 1604 3284 ὅπερ
1629 3214 1749 3268 ἐστὶ
1769 3215 1952 3280 πίστις

377 3295 734 3366 ἀκηλίδωτος,
769 3301 1196 3367 κατασκευάζει,
1224 3295 1301 3357 ὧν
1333 3305 1466 3374 ἡμῖν
1503 3304 1803 3377 εἰσηγητὴς
1853 3305 1951 3361 καὶ

374 3389 699 3456 διδασκαλος
721 3393 751 3445 ὁ
783 3394 1094 3464 σαρκωθεὶς
1128 3396 1468 3466 ἐχρημάτισε
1505 3396 1702 3466 Λόγος.
1732 3397 1956 3452 Τούτων

378 3480 439 3534 δὲ
464 3482 747 3554 οὐδέτερον
777 3483 912 3554 πρὸς
947 3482 1070 3556 [557
1091 3484 1556 3557 Η.],διδασκαλίαν
1586 3489 1681 3542 καὶ
1719 3488 1958 3560 μάθησιν

380 3575 624 3646 (ᾔδεισαν
651 3577 761 3648 γὰρ
795 3578 985 3646 σαφῶς
1012 3577 1295 3649 ἑκάτερον)
1322 3579 1401 3650 τῷ
1429 3580 1537 3633 τῶν
1558 3581 1804 3650 ἀγγέλων
1823 3599 1951 3637 συν-

379 3669 556 3721 ετέλει
607 3671 792 3739 γένει·
823 3670 885 3734 ἐξ
909 3670 1080 3740 αὐτῆς
1106 3671 1216 3742 γὰρ
1246 3673 1588 3743 παραγωγῆς
1620 3675 1720 3744 τὴν
1748 3675 1957 3731 τούτων

379 3758 528 3830 εἶχον
550 3761 772 3831 γνῶσιν.
800 3765 877 3818 Οὐ
906 3767 1039 3838 γὰρ,
1085 3767 1275 3840 ὥσπερ
1303 3769 1485 3840 ἡμεῖς,
1537 3770 1646 3824 τῶν
1693 3773 1957 3828 τοιούτων

382 3851 593 3916 ἑπιδεὲς
622 3855 682 3908 τὸ
735 3855 1049 3926 ἀσώματον.
1086 3860 1197 3912 Καὶ
1250 3860 1360 3930 γὰρ
1416 3862 1510 3914 καὶ
1559 3862 1653 3917 τὸν
1701 3864 1831 3917 Υίὸν
1863 3865 1958 3919 τοῦ

381 3942 521 3996 Θεοῦ
551 3946 717 4016 σαρκὶ
746 3948 991 4018 παρόντα
1020 3949 1276 4018 δαίμονες
1292 3953 1684 4024 ἐπεγίνωσκον,
1714 3956 1811 4009 καὶ
1833 3973 1958 4027 κρι-

381 4034 484 4105 τὴν
517 4038 611 4090 καὶ
644 4037 977 4111 βασανιστὴν
1000 4043 1094 4095 καὶ
1125 4044 1406 4115 Δεσπότην
1429 4047 1818 4119 ἁνεκήρυττον.
1851 4050 1963 4104 Καὶ

2054 3247 2281 3307 quaeque
2308 3231 2572 3303 operatio,
2593 3237 2756 3298 atque
2781 3238 3085 3298 propensus
3105 3223 3161 3276 iu
3189 3222 3356 3275 Deum
3391 3217 3627 3277 animus,

2054 3329 2201 3398 quod
2232 3335 2318 3381 est
2348 3325 2486 3379 fides
2518 3320 2889 3387 immaculata,
2920 3326 3127 3388 gratam
3166 3315 3275 3368 Deo
3308 3311 3475 3365 vitam
3506 3323 3632 3377 prn-

2056 3421 2292 3487 bamque
2347 3414 2533 3480 efficit,
2594 3427 2828 3483 quorum
2880 3408 3200 3478 nobisgdux
3238 3415 3295 3460 et
3332 3409 3634 3474 praeceptor

2057 3509 2298 3568 Verbum
2339 3508 2691 3562 incarnatum
2736 3503 2859 3568 fuit,
2892 3515 3014 3556 cum
3055 3511 3245 3553 eorum
3289 3505 3468 3550 tamen
3494 3505 3634 3545 nen-

2061 3613 2208 3658 trum
2243 3601 2312 3656 ad
2349 3598 2578 3671 angelici
2617 3595 2832 3667 generis
2859 3593 2968 3663 (cui
3005 3592 3120 3645 lta‘c
3153 3591 3270 3657 ipsa
3304 3586 3440 3641 satis
3478 3593 3636 3637 erant

2057 3689 2300 3764 cognita)
2351 3687 2769 3743 instructionem
2821 3691 2986 3749 atque
3031 3677 3337 3732 doctrinam
3366 3673 3638 3728 conduce-

2061 3762 2177 3852 rei;
2207 3782 2301 3851 qui
2333 3780 2400 3834 ab
2443 3779 2559 3848 ipsa
2603 3775 2687 3832 sui
2719 3770 3080 3844 productione
3122 3767 3314 3821 horum
3349 3762 3636 3820 scientiam

2063 3875 2401 3930 habuissent.
2429 3868 2615 3938 Neque
2640 3869 2809 3930 enim,
2845 3868 2920 3933 ut;
2946 3877 3065 3928 nos,
3097 3860 3294 3915 talibus
3328 3855 3640 3926 incorporei

2063 3966 2331 4036 indigent.
2360 3961 2580 4017 Etenim
2611 3959 2706 4014 Dei
2752 3956 2950 4012 Filium
2998 3955 3052 4010 in
3101 3966 3267 4009 carne
3315 3958 3642 4020 praesentem

2063 4061 2333 4114 daemones
2355 4053 2748 4126 agnoscebant,
2777 4058 2833 4105 et
2867 4047 3106 4120 judieem
3135 4058 3258 4102 eum
3299 4056 3518 4114 poenam
3561 4041 3646 4092 iu.

382 4124 448 4177 τὸ
469 4126 609 4196 ἱερὸν
630 4128 869 4201 Γράμμα
899 4135 1173 4207 μαρτυρεῖ
1189 4134 1366 4202 λέγον,
1386 4136 1470 4190 Σὺ
1489 4137 1534 4168 ³⁸
1550 4139 1850 4206 πιστεύεις
1873 4139 1948 4194 ὅτ.

2066 4152 2350 4213 ferentem,
2375 4124 2441 4204 ac
2464 4146 2750 4204 Dominum
2783 4143 3151 4212 praedicabant
3170 4141 3219 4194 ε.
3244 4137 3314 4194 Ει
3343 4151 3512 4192 sacrae
3539 4136 3644 4188 hoc

387 4217 533 4283 Θεός
551 4217 701 4283 ἐστι,
724 4221 916 4276 καὶτὰ
945 4223 1224 4294 δαιμόνια
1249 4227 1608 4280 πιστεύουσι
1661 4228 1762 4281 καὶ
1789 4231 1948 4297 φρίσ-

2076 4252 2291 4300 testatze
2316 4241 2533 4296 Litterae
2565 4239 2715 4292 aiunt
2747 4255 2762 4292 :
2792 4235 2872 4290 Tu
2908 4235 3080 4289 credis
3098 4232 3346 4303 quoniam
3381 4228 3518 4282 Deus
3547 4235 3644 4289 est,

385 4320 606 4396 σουσι·
646 4308 774 4382 [652
810 4312 904 4386 ιι]
931 4315 1026 4369 καὶ
1046 4315 1308 4388 ἀλλαχοῦ,
1345 4317 1457 4371 Ter
1471 4319 1593 4388 μὲν
1621 4319 1664 4351 ³³
1704 4318 1948 4387 Χριστὸν

2066 4336 2224 4391 etiam
2249 4335 2516 4388 da'mones
2562 4329 2805 4396 credunt,
2838 4335 2888 4380 et
2917 4316 3388 4380 contremiscunth.
3415 4321 3647 4372 Iterum-

387 4393 545 4497 ρξδα,
575 4402 676 4497 καί
699 4405 808 4458 τὸν
842 4407 1094 4462 Παῦλον
1114 4410 1441 4480 ἐπίσταμαι
1461 4428 1476 4442 ο
1521 4410 1603 4466 σὺ
1636 4409 1705 4464 δὲ
1749 4413 1843 4478 τίς
1871 4408 1929 4466 εἷ
1945 4453 1948 4477 ,

2069 4440 2176 4497 que
2206 4423 2332 4478 alibi
2359 4423 2576 4479 :Jesum
2601 4423 2738 4486 novi,
2777 4429 2825 4473 et
2860 4416 3094 4471 Paulum
3111 4416 3220 4468 scio
3243 4429 3261 4468 :
3287 4424 3343 4466 tu
3376 4426 3495 4466 vero
3531 4411 3648 4479 quis

388 4489 452 4556 ἐξ
479 4485 553 4545 ὧν
583 4494 744 4565 δῆλον
775 4497 858 4549 ὅτι
881 4499 943 4550 τὸ
976 4498 1254 4582 δαιμόνιον
1282 4501 1450 4570 φῦλον
1484 4502 1545 4554 οὐ
1575 4503 1736 4570 μόνον
1759 4503 1876 4574 ᾔδει
1903 4521 1948 4557 τε

2072 4485 2194 4572 esi?
2221 4514 2378 4571 Unde
2411 4514 2547 4568 satis
2582 4521 2754 4582 patet,
2791 4509 3094 4563 daemonum
3119 4506 3391 4559 nationem
3426 4517 3533 4556 non
3565 4516 3652 4555 so-

387 4583 481 4636 τὸν
510 4584 644 4640 Θεὸν
666 4589 762 4642 καὶ
799 4589 1058 4645 ἐδεδοίκει
1104 4573 1200 4646 καί).
1229 4592 1440 4660 ἔσεϐεν,
1498 4594 1636 4649 ἀλλὰ
1686 4573 1789 4650 και
1837 4598 1948 4659 τοὺς

2077 4613 2186 4668 lum
2214 4610 2358 4667 scire
2390 4608 2582 4670 Deum,
2607 4618 2844 4673 eumque
2871 4611 3133 4662 metuere,
3166 4607 3222 4654 et
3246 4593 3521 4659 venerari,
3554 4594 3650 4649 sed

388 4677 604 4732 ἐκείνου
637 4683 894 4752 γνησίους
927 4683 1300 4753 θεραπευτάς.

2075 4714 2129 4759 et
2161 4713 2448 4772 germanos
2484 4699 2604 4766 ejus
2645 4696 2904 4768 cultores.

459 4769 653 4824 Αίτίαν
682 4772 740 4825 δὲ
768 4773 867 4843 τῆς
905 4775 1114 4845 ἀφάτου
1167 4775 1605 4847 φιλανθρωπίας,
1631 4776 1948 4832 ὲπισύναπτι

2148 4796 2321 4852 Porro
2353 4790 2646 4848 ineffabilis
2687 4789 2739 4843 in
2774 4786 3024 4842 homines
3063 4783 3268 4838 amoris
3299 4779 3392 4834 Dei
3428 4791 3653 4833 causam

388 4861 488 4914 καὶ
535 4861 761 4934 ταύτην.
798 4864 958 4934 Ἡμῖν
1015 4866 1114 4937 μὲν
1167 4868 1375 4936 ἀνοίγει
1417 4867 1510 4920 τὸν
1538 4868 1768 4938 οὐρανὸν
1816 4865 1948 4920 οὕπιι

2078 4897 2132 4944 et
2167 4887 2308 4940 hanc
2331 4882 2598 4952 adjungit.
2644 4877 2814 4934 Nobis
2838 4872 3066 4950 [inquit]
3101 4873 3442 4928 inaccessum
3467 4879 3654 4931 antea,

387 4953 650 5021 γεγονότα
679 4954 841 5025 βατδν
871 4956 992 5009 οὐδὲ
1023 4956 1214 5011 θεατόν
1232 4972 1247 4986 ⁸
1276 4959 1334 5020 ὃς
1368 4959 1462 5010 καὶ
1505 4958 1768 5028 οὐρανῶν,
1789 4954 1943 5029 οἶμαι

2081 4977 2393 5045 neminique
2418 4973 2597 5026 adhuc
2623 4971 2798 5024 visum
2826 4969 3024 5022 coelum
3051 4962 3218 5036 (quod
3242 4962 3498 5016 caelorum
3527 4968 3656 5028 puto

393 5044 643 5135 βασιλεία
674 5047 1167 5119 προσαγορεύεται.
1201 5049 1359 5102 Κατὰ
1386 5052 1496 5121 γὰρ
1528 5051 1621 5103 τὸν
1646 5051 1790 5106 θεῖον
1819 5052 1948 5105 Παῦε

2082 5044 2596 5135 τευιιιαηίθρρθιιοι)
2644 5059 2842 5130 aperit.
2890 5055 3026 5111 Nam
3084 5055 3379 5110 secundum
3438 5051 3655 5105 beatum

392 5134 503 5200 λον,
527 5137 938 5193 Ὲνεκαίνισεν
951 5138 998 5170 ³⁵
1023 5139 1172 5209 ἡμῖν
1199 5139 1346 5193 ὁδὸν
1367 5141 1723 5210 πρόσφατον
1754 5143 1852 5196 καὶ
1871 5143 1944 5203 ζῶ

2083 5158 2309 5213 Paulum
2341 5175 2354 5211 :
2388 5154 2630 5210 Initiavit
2664 5151 2814 5205 nobis
2845 5149 2982 5202 viam
3007 5163 3215 5211 novam,
3249 5155 3298 5198 et
3339 5147 3587 5200 virentem
3614 5139 3655 5193 ι.

393 5243 518 5280 σαν
541 5245 554 5258 ·
601 5231 715 5295 καὶ,
754 5235 877 5286 Οὐκ
895 5233 940 5264 ³⁸
969 5234 1056 5298 εἰς
1098 5235 1480 5303 χειροποίητα
1504 5235 1642 5304 ἅγια
1663 5235 1948 5305 εἰσῆλθεν

2085 5249 2153 5302 Et
2181 5265 2195 5300 :
2231 5245 2353 5300 Non
2381 5246 2433 5298 in
2455 5243 2762 5310 manufacta
2781 5247 2964 5292 sancta
2993 5235 3259 5302 introivit,
3286 5235 3375 5287 sed
3401 5235 3456 5284 in
3488 5231 3654 5300 ipsum

393 5317 534 5372 ἀλλ’
565 5322 651 5386 εὶς
677 5323 866 5376 αὐτὸν
913 5324 1022 5378 τὸν
1056 5327 1339 5394 οὐρανὸν,
1386 5328 1504 5382 νῦν
1531 5329 1948 5398 ἐμφανισθῆνα

2087 5339 2295 5404 mlum,
2315 5346 2372 5391 ut
2395 5343 2647 5406 appareat
2671 5347 2810 5386 nunc
2835 5327 3003 5384 vultui
3033 5326 3129 5380 Dei
3162 5341 3256 5394 pro
3302 5323 3450 5377 nobis
3471 5323 3522 5376 ι.
3553 5320 3656 5374 Et:

475 5443 500 5472 ο
530 5432 684 5490 Rom.
718 5439 926 5501 vn,18.
998 5439 1276 5497 fibid.f9.
1340 5441 1822 5511 5Mattlt.Vttt,29.
1884 5445 2044 5504 h.Iac.
2071 5453 2240 5518 ",19.
2287 5447 2698 5516 iAet.xtx,15.
2771 5445 2784 5497 ἱ
2819 5438 3166 5504 ίιεὺτ.κ,20.
3231 5435 3644 5502 ιιῖεϋτ..ιι,94

1678 5606 1919 5665 VARUE
1953 5607 2364 5667 LECTIONES.

481 5721 906 5806 “ﬁfOGGfPVS;
933 5723 1179 5806 ._'.‘_oi8at}
1208 5729 1365 5806 liam.
1396 5745 1488 5788 ιιι.
1528 5733 1613 5788 18.
1690 5733 1733 5766 ³³
1769 5731 1858 5806 σὺ]
1883 5732 1995 5790 Jac.
2037 5748 2098 5801 tt,
2135 5733 2216 5791 f9.
2293 5731 2338 5764 ³³
2374 5730 2466 5786 τὸν
2498 5727 2621 5803 μὲν]
2646 5728 2762 5784 Act.
2790 5741 2902 5793 arx,
2938 5724 3026 5780 15.
3127 5723 3172 5757 δ”
3197 5707 3454 5792 evenat;
3496 5716 3659 5773 ilebr.’

388 5803 466 5885 ⁵ιι,
530 5792 623 5862 ao,
716 5796 761 5829 ιε
783 5794 907 5867 οικ]
933 5797 1060 5854 ibid.
1094 5792 1178 5870 ut;
1201 5801 1296 5866 st,
