3972 6248
311 329 418 396 819
1453 325 1714 387 ΡΗΟἹἹῘ
1752 321 2254 384 ΡΛΤΗΙΑΒΟΗΑΞ
2292 323 2400 384 CP.
3439 322 3552 395 820

315 447 412 502 Ubi
445 459 742 516 prwcursor
780 460 872 515 pro
901 443 1048 498 nobis
1089 440 1324 496 introivit
1373 438 1615 496 Christus
1641 439 1684 495 ι.
1719 439 1866 496 Hanc

1981 435 2048 501 τῷ
2073 435 2370 504 προσώπῳ
2389 434 2495 490 τοῦ
2518 433 2665 490 Θεοῦ
2701 433 2855 503 ὑπὲρ
2878 432 3050 505 ἡμῶν
3071 449 3089 466 ·
3122 433 3237 502 καὶ,
3277 433 3475 490 Ὅπου
3493 434 3549 470 ⁸⁸

313 540 480 609 igitur
516 539 659 593 viam
708 534 988 599 revelavit,
1035 535 1102 586 ad
1153 547 1314 601 quam
1347 542 1405 586 ut
1444 531 1598 587 nobis
1632 530 1870 600 praeiret,

1983 528 2311 600 πρόδρομος
2335 527 2491 598 ὑπὲρ
2533 527 2706 598 ἡμῶν
2731 525 2979 596 είσῆλθε
3012 530 3288 597 Χριστός.
3328 528 3551 599 Ταύτην

306 629 533 698 Ῑιιειίιὶω
560 625 838 696 exemplar
879 619 1003 687 fuit,
1033 635 1139 690 quo
1172 621 1463 690 aliquando
1496 621 1698 686 edocti,
1727 619 1873 674 desi-

1980 616 2072 671 οὖν
2095 618 2196 686 τὴν
2224 618 2344 672 ὁδὸν
2370 619 2504 688 ήμτν
2532 617 2864 687 ἀνεκάλυψε,
2899 619 2996 673 καὶ
3022 618 3226 691 ταύτης
3249 619 3381 690 ἡμῖν
3408 617 3548 672 καθ-

312 721 468 776 derio
498 718 935 781 accenderemur,
972 727 1144 784 eoque
1170 712 1384 768 accensi
1443 712 1511 766 ad
1568 726 1681 766 rem
1726 711 1876 768 desi-

1982 707 2288 779 ηγήσασθαι
2315 707 2662 779 δικαιοσύνης
2680 708 2954 774 ἀπόδειξις
2980 703 3073 780 ἦν,
3093 709 3171 775 ώς
3194 709 3261 764 ἀν
3284 707 3550 779 μαθόντες

311 812 553 867 deratam
591 821 1040 879 praepararentur.
1073 803 1300 876 Angelis
1346 818 1477 859 vero
1521 803 1717 859 ccelum
1763 803 1874 873 jam

1979 799 2420 870 ἐπιποθήσωμεν,
2455 800 2792 870 ποθήσαντες
2822 799 2880 854 δὲ
2931 801 3070 872 πρὸς
3105 799 3167 856 τὸ
3213 798 3547 870 ’ποθούμενοε⁹

270 863 289 971 ξ
311 900 438 956 inde
459 915 490 956 a
516 863 782 970 principio
815 908 1004 953 notum
1032 863 1345 966 fuit,'atque
1369 903 1647 954 testatum.
1665 896 1838 952 Nostr:

1981 863 2543 963 παρασκευαξώμεθα.
2573 863 2696 956 ίΐοῖς
2740 863 2796 945 δέ
2853 863 3108 962 ἀγγέλοις
3161 863 3441 962 γνώριμος
3475 885 3549 960 ἦν

278 985 572 1064 praeterea
615 991 933 1058 coniunctus
960 997 1165 1044 natura:
1212 986 1668 1042 resurrectionem
1701 987 1846 1042 nobis

1983 982 2076 1036 ἀπ’
2105 982 2282 1053 ἀρχῆς
2312 983 2404 1038 καὶ
2428 983 2510 1049 είς
2561 983 2762 1053 γνῶσιν
2794 983 3032 1055 ἠγμένος
3076 985 3105 1038 ὁ
3141 983 3392 1054 οὐρανός.
3426 981 3551 1036 Ἔτι

307 1092 366 1139 et
404 1081 866 1151 incorruptionem
903 1091 1067 1149 atque
1092 1078 1562 1133 immortalitatem
1593 1091 1688 1148 per
1720 1091 1875 1132 suam

1986 1074 2036 1128 δὲ
2087 1075 2183 1128 καὶ
2223 1077 2358 1146 ἡμῖν
2415 1077 2515 1149 μὲν
2574 1075 2674 1146 τὴν
2725 1076 3019 1134 ἀνάστασιν
3069 1075 3291 1140 ἐνωθεὶς
3337 1075 3435 1130 καὶ⁵
3487 1077 3554 1131 τὸ

308 1169 772 1227 resurrectionem
816 1168 1058 1224 donavit.
1087 1165 1462 1237 lneorporeum
1511 1181 1642 1222 vero
1683 1181 1876 1236 genus,

1983 1165 2264 1239 ἄφθαρτον
2303 1168 2400 1223 καὶ
2445 1169 2712 1224 ἀθάνατον
2758 1168 2848 1224 διὰ
2878 1171 2980 1242 τῆς
3023 1168 3231 1231 οίκείας
3261 1167 3551 1241 χαρίζεται

311 1274 432 1315 cum
468 1262 538 1315 sit
570 1261 896 1325 immortale,
931 1261 1032 1314 hac
1060 1275 1165 1314 non
1197 1259 1401 1328 indiget
1451 1259 1647 1328 gratia.
1679 1256 1876 1313 Nostra

1980 1256 2332 1321 ἀναστάσεως
2351 1274 2367 1290 ο
2419 1258 2482 1312 τὸ
2507 1258 2566 1312 δέ
2590 1257 2880 1327 ἀσώματον
2930 1257 3119 1326 γένος,
3169 1256 3434 1310 ἀθάνατον
3464 1253 3548 1321 ὃν,

315 1351 540 1420 insuper
561 1366 723 1406 causa
752 1351 806 1405 in
835 1367 1001 1407 carne
1030 1351 1433 1421 peregrinatus,
1465 1366 1494 1405 a
1527 1350 1748 1416 diaboli,
1773 1363 1880 1420 qua

1984 1350 2084 1418 τῆς
2115 1348 2374 1420 τοιαύτης
2411 1349 2658 1413 ἀνενδεὲς
2699 1349 2943 1420 χάριτος.
2988 1349 3099 1402 Καὶ
3147 1349 3216 1402 δι’
3247 1349 3396 1419 ἡμᾶς
3449 1347 3552 1419 μὲν

315 1444 654 1510 tenebamur,
689 1444 973 1515 tyrannide
1009 1458 1110 1498 nos
1137 1443 1412 1509 liberavit,
1453 1443 1519 1497 de
1552 1441 1873 1512 principati-

1982 1440 2328 1511 ἐπιδημήσας
2379 1442 2542 1512 σαρκὶ
2604 1442 2703 1512 τῆς
2753 1441 3094 1513 κατεχούσης
3153 1440 3250 1495 τοῦ
3301 1440 3550 1495 διαϐόλου

313 1536 464 1590 busm
510 1536 848 1605 triumphans
892 1544 946 1590 et
992 1535 1354 1606 potestatibus
1393 1535 1448 1588 in
1493 1548 1654 1589 cruce
1688 1575 1704 1600 ,
1754 1535 1878 1588 data

1985 1534 2295 1604 τυραννίδος
2326 1534 2688 1604 ἠλευθέρωσε,
2731 1534 2834 1599 τὰς
2856 1534 3031 1605 ἀρχὰς
3055 1533 3429 1606 θριαμὸεύσας
3455 1533 3553 1588 καὶ

311 1629 440 1682 item
493 1627 648 1682 nobis
709 1638 978 1697 potestate
1042 1627 1286 1683 calcandi
1355 1642 1571 1682 omnem
1623 1627 1879 1682 virtutem

1983 1624 2081 1690 τὰς
2113 1626 2360 1690 ἐξουσίας
2393 1628 2451 1680 ἐν
2481 1625 2561 1696 τῷ
2592 1625 2829 1698 σταυρῷ,
2864 1627 2959 1680 καὶ
2987 1626 3215 1697 δύναμιν
3242 1627 3375 1697 ἡμῖν
3397 1641 3551 1696 χαρι-

311 1717 521 1774 inimici
546 1727 596 1769 η.
636 1714 732 1771 Ubi
763 1717 809 1771 si
836 1717 1026 1772 horum
1049 1717 1598 1783 subiissetnaturam,
1618 1731 1876 1785 quosnam

1984 1718 2218 1789 σάμενος
2241 1720 2421 1772 πᾶσαν
2448 1716 2548 1790 τὴν
2568 1717 2662 1770 τοῦ
2693 1716 2890 1788 ἐχθροῦ
2921 1716 3148 1786 δύναμιν
3177 1716 3512 1770 καταπατεῖν
3528 1730 3547 1746 ·

311 1807 744 1863 destruxisset0?
795 1807 886 1863 Del
918 1809 1114 1878 quibus
1159 1809 1598 1880 triumphasset?
1652 1791 1876 1876 Qualem

1983 1809 2031 1862 εί
2059 1777 2121 1863 δὲ
2144 1777 2243 1879 την
2267 1809 2489 1862 ἐκείνων
2504 1777 2685 1862 ’ὑπέδυ
2717 1777 2902 1876 φύσιν,
2931 1777 3084 1870 τίνας
3108 1806 3174 1860 ἂν
3199 1808 3551 1877 κατήργησες

310 1894 441 1953 item
471 1896 792 1965 quibusdam
819 1905 1145 1966 potestatem
1169 1897 1428 1963 dedisset,
1463 1909 1558 1954 aut
1582 1898 1633 1952 in
1666 1898 1837 1968 quos?

1986 1899 2139 1954 ποίαν
2189 1900 2246 1954 δὲ
2288 1900 2388 1971 τὴν
2439 1900 2686 1966 ἐξουσίαν
2717 1900 2858 1953 τίσιν
2904 1899 3076 1953 ἐδίδου
3133 1899 3232 1954 καὶ
3272 1898 3417 1954 κατὰ
3467 1898 3554 1952 τί-

1980 2009 2086 2046 νων
2105 2008 2120 2058 ;

377 2074 572 2151 205!)
605 2074 684 2133 Ad
721 2076 834 2132 Intec
869 2090 997 2130 vero
1030 2091 1150 2130 cum
1191 2091 1290 2131 nos
1355 2076 1486 2145 lapsi
1519 2091 1725 2142 sumus,
1762 2076 1882 2130 nul-

2048 2083 2234 2155 Χωρὶς
2257 2083 2315 2136 δὲ
2336 2083 2444 2136 τῶν
2469 2081 2801 2152 εἰρημένων,
2819 2084 2952 2153 ἡμῖν
2978 2081 3076 2154 μὲν
3097 2081 3354 2136 πεσοῦσιν
3378 2079 3560 2143 οὐδεὶς

311 2163 421 2224 lum
468 2165 734 2233 reliquum
784 2165 884 2218 fuit
925 2166 1220 2235 exemplar,
1250 2169 1392 2237 quod
1439 2167 1685 2223 eamdem
1719 2179 1879 2222 natl-

1987 2170 2046 2246 ἦν
2067 2174 2433 2244 ὑπογραμμὺς
2463 2172 2560 2242 τὴν
2586 2171 2754 2242 αὐτὴν
2782 2170 2964 2242 λαχὼν
3001 2169 3163 2240 φύσιν
3193 2166 3555 2240 διορθώσεως,

312 2269 429 2310 ram
461 2256 726 2325 integram
758 2258 1038 2315 retineret.
1067 2259 1138 2312 At
1163 2257 1329 2328 lapsis
1356 2257 1693 2314 daemonibus
1724 2259 1880 2314 innu-

1991 2267 2094 2330 τοῖς
2115 2265 2172 2319 δὲ
2195 2263 2511 2317 πεπτωκόσι
2535 2263 2644 2318 τῶν
2670 2262 2940 2333 δαιμόνων
2967 2261 3136 2332 μυρία
3163 2259 3421 2340 τάγματα
3443 2257 3559 2311 τῶν

309 2349 599 2404 merabiles
649 2349 1005 2406 nihilominus
1037 2351 1485 2421 incorporearum
1531 2353 1680 2408 acies
1726 2353 1877 2410 inva-

1991 2354 2291 2425 ἀσωμάτων
2341 2353 2628 2425 ἀτρέπτως
2673 2352 2944 2424 ἑστηκότα
2982 2351 3288 2422 πρόκειται,
3325 2349 3421 2404 καὶ
3457 2363 3559 2402 πο-

310 2441 447 2495 riate
470 2440 802 2507 consistunt,
833 2457 955 2513 quae
983 2453 1039 2497 et
1065 2436 1262 2499 divitiae
1293 2443 1656 2500 ordinationis
1694 2460 1878 2502 exem-

1991 2448 2188 2510 λιτείας
2239 2445 2422 2500 ἐνθέου
2474 2445 2830 2515 παράδειγμα
2882 2443 3012 2498 ὅντα
3065 2443 3160 2497 καὶ
3214 2440 3559 2514 διορθώσεως

311 2530 454 2599 plum
488 2568 506 2596 ,
566 2539 623 2584 et
665 2547 939 2602 nunquam
991 2533 1143 2589 ﬂexae
1206 2535 1550 2591 rectitudinis
1606 2538 1879 2606 specimen

1992 2538 2233 2604 ἀκλινοῦς
2279 2537 2647 2602 ύποτύπωσις.
2683 2537 2883 2607 Διόπερ
2940 2537 2968 2589 ὁ
3018 2537 3195 2591 πάντα
3237 2533 3418 2603 σοφῶς
3460 2531 3560 2585 καὶ

310 2621 656 2676 exhiberem.
691 2622 1034 2694 Quapropter
1059 2626 1150 2695 qui
1177 2627 1360 2680 omnia
1397 2628 1690 2696 sapienter,
1723 2640 1778 2684 et
1798 2646 1878 2686 su-

1989 2633 2125 2705 ὑπὲρ
2171 2633 2329 2701 λόγον
2361 2631 2758 2701 προνοούμενος
2785 2631 2880 2684 καὶ
2917 2628 3172 2701 πράττων
3213 2626 3344 2689 Θεὸς
3375 2624 3557 2696 ἡμῶν,

313 2727 406 2777 pra
432 2727 593 2782 quam
619 2713 728 2768 dici
751 2724 945 2784 potest,
966 2716 1212 2786 providet
1239 2732 1304 2772 ac
1331 2716 1463 2772 facit
1487 2717 1630 2774 Deus
1657 2730 1879 2789 noster,

1992 2725 2010 2777 5
2039 2722 2134 2778 τοῦ
2178 2721 2312 2776 Θεοῦ
2344 2722 2535 2791 Λόγος,
2563 2721 2662 2791 τῆς
2699 2719 2795 2790 μὲν
2841 2717 3190 2789 ἀνθρωπίνης
3222 2715 3437 2784 φύσεως
3469 2713 3560 2767 τὸν

313 2803 515 2872 Deique
543 2804 796 2872 Verbum,
831 2823 950 2866 cum
981 2808 1092 2877 jam
1121 2808 1357 2863 humana
1393 2819 1592 2865 natura
1627 2811 1881 2882 prolapsa

1993 2815 2197 2871 5λισθον
2265 2814 2581 2882 ὑποστάσης
2649 2815 2744 2866 καὶ
2807 2811 3288 2883 προσλαμϐάνεται
3351 2807 3561 2876 ταύτην

312 2901 478 2962 esset,
511 2911 615 2951 non
646 2897 785 2952 hanc
808 2899 984 2954 solum
1025 2917 1093 2956 ex
1145 2901 1360 2956 inﬁnita
1401 2917 1500 2958 sua
1535 2904 1592 2958 in
1631 2904 1880 2960 homines

1993 2908 2209 2981 ἀρρήτῳ
2260 2903 2671 2975 φιλανθρωπίας
2705 2902 2908 2974 μέτρῳ,
2957 2902 3052 2956 καὶ
3097 2899 3163 2954 δι’
3191 2898 3364 2968 αὐτῆς
3421 2898 3561 2948 πᾶσι

313 2986 516 3045 amoris
537 2987 588 3041 vi
609 2987 860 3054 assumit,
878 2991 970 3044 sed
993 3005 1090 3060 per
1109 3006 1227 3045 eam
1250 3007 1464 3062 quoque
1484 2995 1759 3062 omnibus,
1780 2996 1873 3066 qui

1993 3001 2098 3062 τοῖς
2126 2997 2389 3069 ὁμοφυέσι
2436 2997 2537 3066 τήν
2569 3012 2629 3048 τε
2661 2994 2944 3066 διόρθωσιν
2978 2992 3074 3045 καὶ
3119 2991 3218 3062 τὴν
3251 2988 3561 3059 ἀφθαρσίαν

311 3074 551 3144 ejusdem
569 3086 772 3132 natura:
785 3087 988 3143 essent,
1008 3080 1879 3154 correctionem,incorruptionem

313 3163 587 3184 Mm-.-”
1160 3168 1209 3184 ,.
1316 3170 1349 3184 η
1642 3174 1653 3184 .
1839 3175 1850 3184 .

1996 3090 2086 3144 καὶ
2116 3089 2188 3142 τὰ
2213 3087 2383 3159 μυρία
2410 3085 2694 3156 χαρίζεται
2720 3085 2922 3152 ἀγαθὰ,
2947 3082 3041 3137 τοῦ
3072 3083 3128 3136 δὲ
3157 3079 3436 3150 δαιμονίου
3459 3076 3564 3147 φύ-

308 3163 480 3218 etalia
495 3163 594 3219 ista
616 3164 1022 3220 innumerabilia
1042 3167 1178 3221 bona
1196 3168 1425 3238 largitur
1445 3189 1459 3224 :
1482 3186 1603 3226 cum
1623 3174 1876 3230 damonis

1996 3181 2080 3234 λου
2101 3181 2163 3235 οὐ
2187 3179 2286 3250 μὲν
2309 3176 2404 3232 οὖν
2431 3177 2552 3231 οὔτε
2579 3177 2791 3231 δικαίαν
2819 3173 2942 3228 οὔτε
2971 3173 3358 3246 συμφέρουσαν
3387 3168 3564 3240 κρίνει

313 3264 495 3318 tamen
524 3272 695 3328 genus
730 3273 1012 3314 assumere
1061 3274 1237 3329 neque
1274 3261 1506 3333 justum,
1541 3278 1713 3335 neque
1757 3267 1881 3322 utile

1997 3274 2090 3345 τὴν
2119 3270 2446 3343 πρόσληψιν.
2497 3269 2655 3324 Οὕτω
2693 3269 2791 3340 μὲν
2821 3266 2913 3321 οὖν
2939 3267 3034 3320 καὶ
3070 3265 3132 3319 τὸ
3157 3263 3251 3318 ἐπὶ
3282 3261 3456 3332 τούτῳ
3483 3258 3565 3330 τῷ

314 3363 438 3407 esse
459 3348 685 3419 judicet.
713 3349 806 3406 Sic
840 3351 910 3406 40
945 3360 998 3407 et
1023 3353 1167 3423 quod
1192 3355 1438 3423 sequitur
1464 3369 1627 3428 caput
1659 3359 1728 3415 ab
1759 3375 1882 3430 spe-

1995 3364 2342 3436 φιλοθεάμονι
2371 3361 2466 3416 καὶ
2506 3359 2912 3430 σπουδαιολόγῳ
2955 3358 3110 3429 ἀνδρὶ
3143 3354 3421 3411 διανύεται
3464 3370 3563 3407 κε-

312 3440 547 3499 culativo
578 3454 632 3498 et
656 3445 894 3499 studiose
925 3446 1192 3515 scriptore
1217 3446 1509 3504 clauditur.
1991 3459 2241 3528 φάλαιον.

381 3532 474 3596 42.
506 3531 800 3604 investigat
835 3535 978 3591 unde
1012 3538 1166 3592 nobis
1205 3552 1234 3591 e
1267 3539 1538 3594 deteriore
1578 3542 1629 3594 in
1673 3542 1884 3610 melius,

2073 3549 2162 3602 Ἐν
2195 3548 2253 3600 δὲ
2296 3545 2376 3619 τῷ
2408 3545 2496 3617 μβ¹
2547 3547 2700 3614 ζητεῖ
2729 3544 2894 3598 πόθεν
2925 3545 3057 3614 ἡμῖν
3111 3541 3212 3612 μὲν
3257 3539 3320 3592 ἐκ
3363 3554 3424 3590 τε
3467 3533 3565 3590 τοῦ

309 3634 367 3680 et
393 3635 581 3679 contra
637 3627 704 3680 ad
760 3627 999 3682 deterius
1041 3645 1072 3681 e
1109 3629 1320 3684 meliori
1360 3631 1589 3688 mutatio
1634 3643 1742 3687 tam
1777 3634 1877 3688 fre.

1997 3643 2236 3714 χείρονος
2267 3643 2348 3706 εἰς
2394 3640 2456 3694 τὸ
2486 3643 2735 3711 κρεῖττον
2757 3637 2854 3692 καὶ
2880 3636 3020 3706 πρὸς
3047 3633 3108 3687 τὸ
3133 3636 3314 3704 χεῖρον
3337 3629 3445 3684 ἀπὸ
3467 3625 3565 3682 τοῦ

311 3730 508 3786 quens,
537 3718 708 3782 varia,
742 3733 804 3771 ac
840 3735 977 3788 pene
1021 3723 1281 3776 continua
1311 3726 1545 3781 exsistat
1580 3745 1593 3783 :
1629 3729 1879 3800 incorpo-

2002 3734 2304 3806 κρείττονος
2337 3734 2371 3804 ἡ
2401 3729 2672 3802 μεταὸολὴ
2713 3729 2809 3781 καὶ
2838 3726 3009 3797 πολλὴ
3041 3725 3136 3778 καὶ
3175 3723 3430 3793 διάφορος
3472 3719 3570 3772 καὶ

311 3807 421 3863 reis
453 3823 606 3874 vero,
632 3810 754 3865 aliis
777 3811 975 3865 bonum
1009 3812 1080 3867 sit
1107 3815 1463 3882 immutabile,
1501 3819 1624 3875 aliis
1678 3823 1879 3876 vitium?

2003 3824 2195 3896 μικροῦ
2227 3823 2477 3894 συνεχὴς,
2507 3821 2618 3874 τῶν
2657 3819 2713 3873 δὲ
2749 3818 3054 3887 ἀσωμάτων
3097 3814 3272 3882 γενῶν
3323 3815 3435 3876 τοῖς
3467 3811 3571 3882 μὲν

311 3897 546 3956 Causam
575 3901 776 3969 reddit,
818 3905 962 3972 quod
997 3905 1052 3959 in
1083 3908 1240 3962 nobis
1261 3923 1384 3964 cum
1414 3911 1582 3965 animi
1613 3913 1879 3970 inclinatio

2003 3916 2052 3968 τὸ
2101 3914 2265 3968 καλὸν
2295 3911 2700 3983 ἀμετάϐλητον,
2737 3910 2848 3970 τοῖς
2878 3906 2935 3958 δὲ
2965 3906 3024 3958 τὸ
3068 3903 3294 3975 φαῦλον.
3337 3902 3447 3956 Καὶ
3486 3899 3571 3952 τί·

315 3992 371 4046 in
413 3992 737 4046 alterutram
758 4005 964 4061 partem
991 3997 1325 4064 connitatur,
1351 4000 1422 4055 ob
1443 4003 1699 4072 subjecta:
1725 4015 1883 4062 mate-

2001 4007 2150 4079 Βησιν
2172 4007 2352 4061 αἰτίαν
2374 4006 2505 4075 ἡμῖν
2536 4004 2635 4074 μὲν
2661 4004 2762 4073 τῆς
2788 4001 2873 4071 ἐφ’
2901 4001 3142 4071 ἑκάτερα
3169 3996 3569 4065 στασιαζούσης

316 4085 413 4138 riae
457 4083 659 4149 ﬂuxum
708 4096 870 4156 atque
909 4089 1331 4160 vacillationem,
1356 4092 1447 4147 illa
1481 4094 1772 4165 aliquando
1803 4114 1884 4152 ra-

2002 4098 2168 4171 ῥοπῆς
2189 4098 2289 4167 τῆς
2319 4095 2446 4169 [558
2477 4093 2570 4167 H.]
2614 4093 2887 4162 ὑποὸεὸλη
2898 4091 3068 4163 μένης
3098 4090 3230 4159 ὕλης
3261 4087 3324 4144 τὸ
3369 4086 3570 4159 ροὦδές

312 4176 515 4229 tionem
547 4188 786 4246 superet,
815 4180 1084 4240 interdum
1110 4182 1277 4238 etiam
1315 4195 1642 4254 superetur:
1682 4187 1736 4242 in
1761 4189 1880 4255 illis,

2004 4209 2049 4246 re
2097 4191 2192 4246 καὶ
2225 4189 2632 4260 εὐπαράφορον,
2671 4185 2803 4239 ποτὲ
2836 4185 2935 4254 μὲν
2969 4185 3062 4238 τοῦ
3117 4179 3382 4252 λογισμοῦ
3434 4194 3572 4249 κρα-

314 4267 383 4322 ad
408 4283 546 4338 quos
579 4285 920 4342 nequaquam
956 4275 1182 4330 materia
1226 4275 1469 4346 irrepere
1507 4289 1706 4348 potest,
1750 4282 1882 4336 ratio

2001 4281 2187 4336 τοῦσαν
2207 4280 2276 4344 ³⁷,
2297 4278 2428 4332 ποτὲ
2450 4277 2508 4332 δὲ
2523 4275 2924 4348 κρατουμένην.
2943 4275 3032 4328 Ἐν
3060 4273 3289 4335 ἐκείνοις
3310 4270 3368 4324 δὲ
3396 4268 3569 4339 μηδα-

309 4358 424 4420 sola
453 4360 504 4422 in
530 4371 773 4417 actiones
805 4378 993 4421 omnes
1048 4365 1333 4436 imperium
1371 4368 1635 4424 obtineat.
1687 4370 1877 4438 Quam-

2001 4373 2112 4444 μῶς
2156 4373 2256 4442 τῆς
2312 4369 2446 4438 ὕλης
2507 4367 2862 4440 παρείσδυσιν
2909 4364 3184 4434 λαϐούσης
3225 4365 3255 4418 ό
3308 4357 3569 4430 λογισμδς

310 4451 496 4508 obrem
525 4454 741 4509 illorum
774 4456 992 4527 quidem
1029 4473 1214 4527 casus,
1241 4461 1332 4530 qui
1374 4471 1565 4531 sponte
1609 4473 1664 4520 et
1714 4464 1878 4534 impe-

2003 4465 2159 4536 μόνος
2192 4463 2299 4517 τῶν
2361 4461 2617 4532 πράξεων
2664 4459 2778 4530 ἔχει
2812 4458 2875 4512 τὺ
2927 4457 3152 4527 κράτος.
3188 4455 3280 4508 Διὸ
3324 4452 3436 4506 τῶν
3469 4449 3571 4522 μὲν

312 4543 485 4600 rantis
511 4561 702 4603 revera
734 4563 886 4605 more
925 4550 990 4604 ad
1016 4550 1256 4608 deterius
1297 4553 1498 4623 delapsi
1535 4565 1682 4622 sunt,
1710 4555 1770 4610 ﬁt
1793 4558 1880 4612 im-

2003 4555 2259 4619 ἑκουσίως
2300 4555 2392 4608 καὶ
2440 4553 2516 4616 ὼς
2555 4550 2770 4620 ἀληθῶς
2822 4545 3302 4619 αὐτοκρατορικῶς
3345 4545 3482 4616 πρὸς
3510 4542 3571 4595 τὸ

312 4637 677 4705 medicabilis,
716 4655 836 4694 cum
868 4642 1002 4696 nihil
1033 4645 1329 4715 quidquam
1355 4647 1408 4698 in
1440 4658 1500 4700 se
1529 4646 1759 4702 validius
1797 4649 1880 4702 ha-

2004 4652 2174 4719 χεῖρον
2205 4645 2613 4715 ἀπενεχθέντων
2645 4644 2677 4706 ή
2703 4641 2912 4704 πτῶσις
2958 4639 3176 4702 ἀνίατος
3209 4637 3442 4706 γίνεται,
3470 4634 3572 4687 οὐκ

309 4724 498 4794 beant,
526 4732 674 4801 quod
715 4735 796 4787 sui
825 4734 966 4804 juris
992 4745 1253 4800 mentem,
1281 4734 1394 4804 jam
1426 4751 1492 4792 ex
1523 4752 1581 4792 se
1610 4737 1877 4806 ﬂuentem,

2005 4741 2227 4811 ἑχόντων
2249 4738 2438 4807 ἕτερόν
2474 4751 2526 4788 τι
2558 4736 2809 4805 κρεῖττον
2856 4733 2914 4785 ἐν
2943 4731 3178 4793 ἑαυτοῖς,
3215 4728 3243 4781 ὃ
3275 4727 3374 4798 τὴν
3413 4725 3573 4779 αὑτο-

309 4821 460 4878 adid
488 4825 631 4893 quod
670 4825 934 4893 deterius,
969 4837 1186 4884 revocet
1229 4846 1243 4883 :
1274 4829 1730 4900 quemadmodum
1767 4833 1877 4888 alii:

2005 4831 2252 4886 ςὲσποτον
2283 4829 2511 4901 γνώμην
2561 4826 2733 4896 αὐτὴν
2763 4824 2852 4894 ὑφ’
2878 4823 3080 4893 ἑαυτῆς
3130 4820 3402 4892 ρεύσασαν
3433 4815 3573 4881 πρὸς

311 4925 522 4983 cutura,
547 4918 637 4985 qui
668 4928 860 4986 sponte
890 4935 954 4975 ac
978 4920 1150 4976 libere
1179 4937 1420 4978 amorem
1471 4924 1684 4979 honesti
1731 4938 1879 4980 acce-

2005 4925 2054 4978 τὸ
2081 4926 2262 4994 χεῖρον
2289 4921 2452 4976 πάλιν
2494 4919 2911 4974 ἀνακαλέσοιτο·
2941 4915 3131 4985 ὥσπερ
3165 4912 3232 4968 αὖ
3268 4911 3431 4966 πάλιν
3460 4910 3573 4971 τοῖς

319 5015 537 5074 perunt,
575 5008 723 5062 nullo
765 5008 911 5065 ﬂuxu
955 5015 1236 5068 turbatum
1277 5013 1408 5075 illud
1446 5029 1634 5070 eorum
1675 5015 1887 5070 deside-

2005 5015 2258 5076 ἑκουσίως
2288 5012 2386 5066 καὶ
2414 5011 2731 5080 αὐτονόμως
2771 5009 2866 5062 τὸν
2902 5007 3082 5079 ἔρωτα
3113 5006 3206 5059 τοῦ
3235 5001 3446 5073 ἀγαθοῦ
3475 5001 3573 5053 λα-

313 5097 454 5152 rium
486 5110 864 5156 conservatur.
887 5102 1023 5164 Cum
1056 5120 1159 5161 nos
1186 5107 1407 5168 interim
1448 5106 1612 5162 veluti
1647 5106 1881 5177 duplices

2005 5107 2180 5162 δοῦσιν
2204 5105 2334 5179 [655
2361 5102 2458 5176 11.]
2487 5101 2912 5173 ἀπαράτρεπτος
2943 5101 2972 5153 ό
3019 5098 3180 5162 πόθος
3207 5096 3370 5151 one“
3405 5092 3573 5165 μηδι-

311 5192 561 5261 quidam,
577 5210 643 5250 ac
669 5208 957 5267 propterea
979 5199 1146 5252 etiam
1180 5199 1321 5255 male
1343 5200 1702 5256 admissurum
1725 5200 1879 5269 paeni-

2005 5203 2128 5270 μιᾶς
2153 5203 2282 5270 ῥοῆς
2308 5196 2694 5268 ἐνοχλούμενος
2720 5191 3066 5258 διασώζεται.
3084 5189 3277 5259 Ἡμεῖς
3301 5186 3357 5239 δὲ
3379 5184 3573 5270 ὥσπερ

314 5286 479 5346 tentia
509 5286 683 5355 ducti,
717 5304 823 5346 non
857 5289 1003 5360 ipsos
1041 5299 1296 5360 tanquam
1319 5290 1528 5346 alienos
1554 5267 1882 5347 ineusenms.

2005 5267 2174 5348 διπλοί.⁵
2224 5267 2373 5354 τινές
2422 5291 2620 5360 ἐσμεν·
2677 5285 2758 5340 διὸ
2815 5285 2910 5340 καὶ
2971 5277 3438 5355 μεταμεληθέντες
3490 5267 3573 5336 οἷς

391 5443 410 5485 ι
465 5445 632 5502 llcbr.
674 5464 747 5514 νι,
787 5448 879 5505 20.
954 5448 1224 5507 IIttioloss.
1255 5465 1319 5515 ιι,
1347 5448 1435 5504 15.
1515 5459 1542 5488 ιι
1579 5449 1710 5506 Luc.
1745 5467 1801 5518 χ,
1839 5451 1927 5507 19.

954 5448 1224 5507 lMicloss.
1255 5465 1319 5515 ιι,
1347 5448 1435 5504 1ΰ.
1515 5459 1542 5488 ιι
1579 5449 1710 5506 Luc.
1745 5467 1801 5518 χ,
1839 5451 1927 5507 19.
2041 5457 2066 5484 ο
2097 5449 2118 5504 1
2150 5447 2278 5504 Cor.
2314 5462 2375 5510 ll,
2401 5445 2454 5501 6.

1592 5605 1832 5663 VARUS
1884 5601 2293 5662 LECTIONES.

391 5751 438 5794 ⁸⁸
466 5751 627 5829 ὅπου]
660 5752 792 5814 ibid.
828 5770 905 5824 Vt,
936 5753 1026 5815 20.
1058 5822 1084 5830 ’_
1106 5705 1150 5790 ἔτ
1197 5754 1317 5826 lege
1349 5751 1662 5826 κρατούσης
1705 5782 1755 5795 -
1784 5750 2189 5826 κρατουμένης.
2279 5749 2325 5784 ³⁸
2353 5746 2494 5822 ὑπὲρ
2529 5763 2588 5812 ς.
