3972 6248
367 291 472 358 823

1511 298 1776 360 PHOTII
1808 296 2313 362 PATRIABCHIE
2335 295 2447 358 CP.

3510 278 3625 348 824

366 419 532 478 quam
559 403 807 461 fecerint.
846 404 1164 464 Praedictam
1205 421 1338 478 ergo
1365 406 1664 470 Salvatoris
1708 421 1929 466 senten-

2036 409 2184 463 λύσιν
2224 407 2422 476 ἐπάγει
2474 403 2574 474 τῆς
2604 400 2865 470 δευτέραις
2903 396 3159 468 ἀπορίας,
3203 392 3300 450 καὶ
3351 393 3610 467 δεύτερον

373 507 501 554 tiam
560 497 720 554 simul
751 498 943 568 20612
975 513 1072 566 pro
1119 498 1391 556 solutione
1443 500 1798 559 dubitationis
1842 517 1933 558 se-

368 591 557 646 cunda:
586 589 762 655 affert,
811 598 865 642 et
908 589 1069 643 simul
1115 605 1213 659 pro
1243 591 1418 648 altero
1445 602 1790 663 argumento,
1827 608 1937 665 quo

369 682 675 736 daemonum
708 689 959 733 naturam
1005 695 1036 735 e
1065 683 1209 737 malo
1245 697 1354 738 non
1405 685 1605 739 mutari
1643 699 1803 755 posse
1852 700 1937 740 os-

375 777 650 827 tendatur.

434 862 567 918 Post
605 862 719 918 hinc
745 863 922 933 capite
970 863 1041 919 44
1071 865 1369 933 excutitur,
1418 881 1524 937 qua
1554 867 1622 922 de
1646 882 1807 923 causa
1841 868 1935 939 qui

365 955 794 1024 regenerationis
848 955 1063 1010 lavacro
1111 956 1349 1026 tiugeudi
1404 960 1689 1032 accedunt,
1721 959 1936 1016 Satanas

365 1053 421 1099 et
441 1045 700 1112 operibus
720 1045 836 1114 ejus
869 1047 1120 1101 nuntium
1165 1050 1440 1103 remittant
1471 1068 1486 1105 :
1518 1066 1624 1104 non
1673 1051 1796 1106 item
1836 1053 1934 1106 lto-

278 1127 283 1132 ’
369 1134 602 1190 minibus
632 1135 912 1204 improbis,
946 1148 1244 1207 eorumque
1265 1140 1611 1195 actionibus?
1645 1141 1936 1197 Enimvero

367 1225 543 1284 sinon
587 1229 890 1281 daemonum
947 1237 1174 1294 natura},
1225 1231 1318 1284 sed
1368 1233 1620 1300 operibus
1671 1233 1935 1288 duntaxat

364 1333 576 1382 eorum,
613 1329 867 1387 tanquam
905 1319 1084 1383 malis,
1121 1323 1518 1386 renuntiemus,
1556 1325 1672 1391 pari
1721 1325 1935 1381 ratione

367 1410 654 1479 oportebat
700 1409 978 1465 hominum
1034 1427 1142 1466 non
1179 1422 1382 1468 natura:
1411 1415 1647 1484 quidem,
1692 1427 1749 1470 at
1787 1426 1935 1474 certe

367 1500 628 1567 operibus
656 1502 984 1556 renuntiare.
1016 1500 1135 1557 Non
1169 1504 1314 1557 enim
1358 1508 1499 1574 quod
1535 1505 1762 1574 majora,
1793 1506 1936 1562 ditii-

370 1590 582 1654 ciliora,
608 1607 672 1647 ac
699 1607 862 1662 supra
888 1605 1134 1650 naturam
1169 1606 1413 1652 nostram
1437 1599 1740 1654 daemonum
1766 1615 1934 1671 opera

369 1681 498 1747 sint,
525 1693 672 1738 recte
693 1684 960 1753 quispiam
993 1701 1090 1755 pro
1121 1687 1478 1745 dubitationis
1523 1692 1804 1748 solutione
1850 1693 1932 1747 di-

369 1773 529 1828 xerit.
566 1774 699 1830 Nam
727 1759 1055 1832 contrarium
1108 1781 1285 1848 potius
1340 1781 1442 1837 hoc
1489 1783 1662 1850 ipsum
1714 1785 1933 1839 dubium

369 1875 574 1934 auget:
611 1865 654 1921 si
676 1867 890 1937 quidem
921 1868 1008 1922 illa
1043 1870 1307 1940 quispiam
1339 1887 1409 1926 ne
1448 1873 1716 1938 admittat,
1747 1877 1940 1944 depre-

369 1966 542 2022 cetur,
571 1972 675 2012 non
710 1973 829 2028 quae
856 1957 1035 2015 facere
1087 1961 1228 2017 nullo
1283 1963 1443 2018 modo
1499 1967 1688 2033 possit,
1747 1969 1842 2022 sed
1871 1969 1938 2024 ad

370 2057 490 2111 qua:
519 2044 726 2116 agenda
755 2047 1072 2116 propendet.
1125 2047 1300 2118 ipsum
1335 2050 1502 2119 igitur
1543 2051 1936 2110 dubitationem

367 2134 450 2189 sic
477 2133 587 2189 fere
619 2135 853 2190 instituit
884 2156 898 2193 :
941 2138 1095 2208 cujus
1135 2141 1273 2195 hanc
1324 2141 1549 2212 subjicit
1587 2143 1934 2202 solutionem.

367 2221 604 2279 Primam
632 2227 872 2295 quidem,
901 2228 1041 2296 quod
1065 2229 1335 2285 daemones
1359 2231 1674 2301 resipiscere
1693 2248 1937 2305 nonpos-

366 2313 477 2370 sint
506 2333 523 2370 :
551 2318 696 2386 quod
728 2319 913 2388 utique
957 2319 1116 2389 longe
1163 2321 1381 2392 gravius
1415 2334 1579 2393 atque
1610 2325 1935 2382 abominan-

367 2407 492 2461 dum
525 2409 695 2480 magis
723 2421 830 2478 est,
849 2427 1013 2482 quam
1047 2411 1153 2468 alia
1177 2413 1344 2470 multo
1371 2418 1622 2486 graviora
1666 2428 1886 2487 peccata
1915 2437 1931 2475 :

364 2499 458 2554 sed
483 2516 603 2570 quae
629 2501 696 2556 ab
717 2502 1044 2569 hominibus,
1062 2505 1152 2575 qui
1181 2520 1281 2576 per
1306 2509 1681 2578 paenitentiam
1710 2511 1762 2566 in
1790 2514 1932 2568 viam

364 2594 547 2648 reduci
577 2593 806 2664 possint,
834 2595 1266 2655 committuntur.
1287 2597 1525 2654 Alteram
1550 2601 1760 2671 deinde,
1790 2607 1933 2672 quod

363 2682 433 2738 ab
460 2683 614 2738 initio
667 2683 939 2753 Salvator,
984 2695 1041 2741 et
1083 2688 1397 2744 securitatis
1453 2700 1651 2746 nostra:
1687 2704 1931 2762 curator,

365 2776 655 2830 terminum
716 2776 1126 2832 inimicitiarum
1190 2777 1565 2846 immobilem,
1633 2782 1931 2840 daemonem

363 2869 505 2925 inter
554 2877 610 2925 et
661 2870 911 2927 homines
965 2870 1276 2941 praeiixerit,
1328 2882 1388 2927 ut
1437 2875 1698 2931 adversus
1755 2876 1930 2947 ipsum

363 2962 542 3015 odium
568 2961 872 3016 immortale
901 2964 1044 3018 inter
1070 2965 1279 3035 seipsos
1301 2979 1606 3032 servantes,
1654 2984 1930 3039 nunquam

361 3044 592 3113 amplius
646 3045 879 3099 oblatam
934 3047 1003 3102 ab
1055 3047 1172 3116 ipso
1241 3048 1484 3103 fraudem
1545 3051 1924 3121 excipiamus:

362 3137 810 3204 quemadmodum
843 3135 1004 3190 etiam
1033 3137 1229 3207 singuli
1278 3141 1366 3208 qui
1396 3141 1765 3209 baptizantur,
1817 3153 1931 3197 tan-

361 3241 524 3296 quam
558 3224 836 3281 fateantur
863 3243 923 3283 se
955 3228 1020 3284 ad
1054 3229 1102 3284 id
1135 3246 1306 3302 usque
1335 3241 1548 3303 tempus
1585 3249 1709 3288 cum
1755 3236 1934 3306 primo

250 3328 252 3330 '
361 3335 460 3375 suo
493 3331 715 3390 parente
747 3321 953 3377 Adamo
1000 3322 1260 3393 deceptos
1295 3323 1484 3388 fuisse,
1531 3337 1677 3381 recte
1727 3341 1792 3381 ac
1842 3342 1933 3382 sa-

360 3411 570 3482 pienter
601 3411 653 3465 in
682 3422 956 3478 posterum
984 3415 1290 3485 deceptoris
1312 3416 1569 3471 amicitia:
1594 3416 1929 3472 renuntiant.

360 3505 438 3560 De
462 3504 768 3560 hominibus
793 3516 996 3570 autem,
1049 3507 1262 3562 tametsi
1289 3506 1534 3578 improbe
1561 3509 1765 3577 vivant,
1794 3505 1932 3564 nihil

361 3598 469 3652 tale
492 3597 776 3662 Dominus,
797 3599 926 3668 quin
967 3598 1148 3664 potius
1178 3600 1516 3654 contrarium
1541 3601 1762 3672 penitus
1785 3619 1928 3675 prae-

360 3689 522 3758 cepit.
553 3687 631 3744 Ac
668 3688 734 3745 de
759 3690 1032 3745 sexcentis
1068 3687 1119 3744 id
1143 3704 1312 3760 genus
1337 3689 1484 3757 aliis,
1519 3706 1640 3760 quae
1669 3692 1757 3749 ltic
1783 3710 1930 3751 com-

360 3793 664 3836 memorare
688 3788 954 3849 poteram,
988 3795 1154 3834 unum
1184 3779 1314 3835 illud
1335 3794 1366 3834 e
1390 3781 1631 3838 maxime
1676 3799 1930 3842 necessa-

359 3871 477 3938 riis,
539 3872 682 3941 quod
736 3873 990 3927 charitati
1043 3883 1245 3926 mutum
1283 3874 1619 3943 prOSpiciens
1672 3877 1930 3936 Ecclesiae

359 3964 444 4018 lex
473 3965 665 4035 (quam
699 3963 844 4018 mille
872 3965 1044 4019 modis
1071 3965 1347 4034 improbus
1380 3965 1591 4020 daemon
1623 3968 1931 4028 discindere

359 4052 622 4122 conatur)
649 4053 797 4108 omni
837 4068 958 4107 eam
994 4053 1082 4106 via
1107 4065 1170 4108 ac
1216 4053 1480 4122 sapientia
1511 4070 1837 4124 componere
1864 4073 1929 4115 ac

358 4154 680 4195 conservare
701 4139 876 4208 jubet.
943 4139 1125 4208 Quare
1173 4156 1356 4210 neque
1404 4143 1552 4210 ipsos
1612 4145 1927 4215 improbos,

363 4231 594 4301 proximi
626 4247 750 4286 cum
776 4231 885 4286 sint
906 4241 958 4297 ιι,
990 4247 1086 4302 pro
1110 4235 1462 4288 exsecrandis
1506 4237 1730 4302 habere,
1763 4250 1928 4308 atque

361 4324 486 4378 odio
513 4338 632 4379 esse
665 4325 926 4393 permittit
957 4342 970 4378 :
1000 4325 1095 4379 sed
1141 4334 1352 4392 contra,
1411 4329 1591 4395 quoad
1645 4328 1763 4398 ejus
1809 4330 1927 4386 ﬁeri

2033 497 2386 570 ἐπιχείρημα,
2431 494 2560 569 [656
2602 490 2693 565 8.]
2739 491 2809 546 δι’
2859 483 2922 544 οὗ
2973 488 3034 542 τὸ
3080 484 3459 558 ἀμετάϐλητον
3503 484 3616 540 ἀπὺ

2033 590 2231 654 κακίας
2257 589 2356 660 τῆς
2387 585 2668 658 δαιμονίας
2702 581 3073 636 ἐπιδείκνυται
3109 580 3349 649 φύσεως.

2102 853 2228 906 Ἐπὶ
2254 852 2311 906 δὲ
2337 851 2548 914 τούτοις
2580 850 2638 904 ἐν
2681 847 2760 920 τῷ
2795 847 2877 918 μδ⁹
2908 844 3189 917 κεφαλαίῳ
3232 843 3606 918 διερευνᾶται,

2032 945 2176 1009 τινος
2198 945 2356 1015 χάριν
2386 943 2436 996 οἱ
2472 940 2550 1012 τῷ
2584 937 2794 1010 λουτρῷ
2839 941 2940 1009 τῆς
2987 935 3410 1005 παλιγγενεσίας
3434 949 3614 1006 προσ-

2035 1037 2318 1106 ερχόμενοι
2340 1033 2418 1104 τῷ
2447 1033 2546 1104 μὲν
2579 1031 2796 1102 Σατανᾷ
2823 1028 2919 1082 καὶ
2947 1029 3059 1090 τοῖς
3080 1027 3262 1098 ἔργοις
3280 1025 3444 1080 αὐτοῦ
3475 1026 3617 1079 ἀπο-

2032 1128 2347 1191 τάσσονται,
2382 1125 2567 1180 οὐκέτι
2604 1123 2661 1178 δὲ
2718 1121 2813 1178 καὶ
2867 1123 2979 1185 τοῖς
3013 1122 3270 1191 πονηροῖς
3301 1117 3614 1190 ἀνθρώποις

2033 1220 2130 1274 καὶ
2159 1221 2281 1283 ταῖς
2307 1217 2512 1272 τούτων
2540 1216 2774 1288 πράξεσι
2796 1230 2811 1246 ⁸
2849 1213 3031 1268 καίτοι
3063 1228 3152 1281 γε,
3199 1213 3248 1264 εί
3285 1210 3362 1282 μὴ
3393 1211 3460 1280 τῇ
3500 1208 3617 1262 τῶν

2032 1310 2306 1381 δαιμόνων
2341 1309 2498 1381 οὐσίᾳ
2530 1308 2668 1362 ἀλλά
2702 1310 2817 1370 τοῖς
2848 1305 3031 1376 ἔργοις
3064 1303 3244 1357 αὐτῶν
3274 1302 3351 1366 ὡς
3383 1300 3615 1373 φαύλοις

2033 1401 2479 1474 ἀποτασσόμεθα,
2535 1401 2702 1472 ἐχρῆν
2740 1400 2835 1453 καὶ
2865 1401 2933 1469 τῇ
2991 1395 3100 1450 τῶν
3157 1394 3458 1466 ἀνθρώπων
3512 1394 3618 1464 μὲν

2033 1495 2191 1566 οὐσίᾳ
2223 1493 2298 1565 μὴ
2351 1490 2776 1558 ἀποτάσσεσθαι,
2803 1491 2916 1552 τοῖς
2963 1486 3146 1559 ἔργοις
3171 1487 3215 1540 δ’
3255 1486 3438 1542 αὐτῶν
3471 1487 3617 1540 ἀπο-

2032 1587 2349 1643 τάσσεσθαι.
2377 1585 2450 1639 Οὐ
2481 1586 2589 1654 γὰρ
2615 1583 2698 1636 ὅτι
2729 1580 2957 1651 μείζονα
2999 1579 3095 1632 καλ⁸
3122 1575 3480 1650 χαλεπώτερα
3517 1576 3618 1630 καὶ

2038 1679 2180 1752 ὑπὲρ
2211 1680 2312 1749 τὴν
2341 1679 2497 1750 ἡμῶν
2542 1675 2708 1748 φύσιν
2739 1675 2809 1728 τὰ
2836 1674 2944 1729 τῶν
2972 1673 3245 1744 δαιμόνων
3273 1670 3430 1743 ἔργα,
3455 1669 3618 1724 τοῦτο

1963 1751 2012 1812 Β
2040 1771 2105 1824 ἄν
2133 1751 2216 1833 τις
2247 1769 2404 1823 λύσιν
2431 1768 2549 1840 θείη
2592 1766 2685 1820 τοῦ
2720 1767 3075 1838 ἀπορήματος
3095 1779 3111 1794 ο
3147 1763 3456 1816 τούναντίον
3502 1760 3616 1830 γὰρ

2041 1861 2244 1932 μᾶλλον
2282 1859 2504 1924 αὐξάνει
2539 1858 2601 1912 τὸ
2633 1858 2858 1926 ἄπορον,
2895 1857 3052 1925 εἴπερ
3083 1853 3269 1909 ἐκεῖνά
3307 1871 3392 1916 τις
3435 1854 3618 1923 ἁμαρ-

2037 1955 2217 2008 τάνειν
2263 1952 2585 2022 ἁπεύχεται,
2624 1950 2724 2021 οὐχ
2779 1949 2816 2004 ἃ.
2856 1948 2992 2020 μηδὲ
3026 1947 3290 2019 πράττειν
3342 1944 3614 2013 πέφυκεν,

2037 2046 2152 2100 ἀλλ’
2183 2042 2257 2100 ὧν
2302 2046 2382 2108 είς
2435 2043 2534 2115 τὴν
2566 2041 2768 2114 πρᾶξιν
2813 2039 3208 2110 καταφέρεται.
3240 2037 3354 2109 Τὴν
3383 2037 3481 2108 μὲν
3520 2030 3616 2088 οὖν

2035 2137 2275 2210 ἀπορίαν
2309 2134 2452 2190 οὕτω
2499 2135 2810 2204 συγκροτεῖ.
2856 2130 3028 2187 Λύσιν
3056 2129 3114 2184 δὲ
3153 2128 3351 2197 ἐπάγει
3389 2125 3616 2197 πρώτην

2038 2230 2137 2302 μὲν
2187 2229 2250 2282 τὸ
2285 2229 2395 2282 τῶν
2433 2227 2706 2297 δαιμόνων
2751 2223 3142 2294 ἀμετανόητον,
3175 2220 3316 2292 ὅπερ
3373 2218 3491 2272 ἐστὶ
3520 2218 3618 2271 καὶ

2038 2323 2150 2376 τῶν
2175 2321 2310 2375 πολύ
2358 2318 2458 2390 μὲν
2489 2316 2890 2391 χαλεπωτέρων
2923 2313 3361 2387 ἁμαρτημάτων,
3399 2309 3614 2380 ἀνθρώ-

2035 2430 2158 2478 ποις
2186 2411 2244 2466 δὲ
2281 2410 2671 2484 πραττομένων
2691 2447 2708 2475 ,
2758 2409 2855 2464 ἀτε
2895 2405 2961 2477 δὴ
3015 2403 3276 2477 μετανοίᾳ
3329 2400 3616 2474 μεθοδεύε-

2036 2505 2158 2560 σθαι
2190 2503 2538 2572 δυναμένων,
2589 2501 2710 2557 λίαν
2740 2497 3042 2572 βαρύτερόν
3085 2512 3147 2550 τε
3192 2495 3287 2549 καὶ
3329 2492 3618 2566 βδελυκτό-

2032 2615 2213 2666 τερον.
2240 2595 2514 2667 Δευτέραν
2543 2595 2620 2660 δὲ,
2652 2594 2728 2656 ὼς
2754 2593 2850 2663 ἀπ’
2884 2589 3061 2662 ἀρχῆς
3085 2590 3113 2644 6
3154 2586 3346 2659 Σωτὴρ
3382 2585 3479 2639 καὶ
3515 2583 3616 2654 τῆς

2033 2691 2332 2761 ἀσφαλείας
2383 2687 2542 2760 ήμῶν
2582 2684 2891 2758 προνοητὴς
2932 2684 3058 2754 ὅρον
3104 2679 3301 2752 ἔχθρας
3346 2676 3630 2760 ἀμετακίτ

2033 2800 2194 2854 νητον
2228 2781 2433 2854 μεταξὺ
2463 2781 2558 2834 τοῦ
2588 2795 2648 2834 τε
2667 2776 2915 2831 διαϐόλου
2938 2773 3033 2829 καὶ
3060 2771 3218 2845 ⁴ἡμῶν
3247 2769 3508 2842 ἐπήξατο.
3534 2767 3612 2832 ὡς

2036 2876 2102 2932 ἂν
2131 2876 2233 2948 τὴν
2267 2877 2404 2947 πρὸς
2432 2871 2594 2926 αὐτὸν
2624 2869 2829 2941 ἔχθραν
2857 2868 3138 2937 ἀκήρατον
3159 2866 3218 2918 ἐν
3261 2863 3474 2926 ἑαυτοῖς
3493 2860 3614 2915 δια-

2037 2969 2304 3035 σώζοντες
2334 2966 2535 3039 μηκέτι
2560 2961 2685 3035 περ’
2706 2959 2872 3014 αὐτοῦ
2900 2956 3322 3029 προσαγομένην
3340 2953 3441 3025 τὴν
3465 2950 3616 3007 ἀπά-

1953 3090 1998 3150 C
2031 3077 2132 3132 την
2162 3057 2527 3130 εἰσδεξώμεθα
2558 3055 2627 3110 ⁵⁸.
2663 3052 2756 3107 Διὸ
2784 3053 2880 3150 καὶ
2906 3049 3015 3106 τῶν
3041 3046 3428 3150 φωτιζομίνων
3451 3045 3616 3150 ἕκασ-

2032 3169 2146 3218 τος,
2167 3149 2316 3204 ὥσπε
2324 3167 2354 3220 ρ
2370 3145 2648 3220 ὁμολογῶν
2666 3147 2733 3216 τῇ
2756 3142 2850 3198 τοῦ
2870 3143 3214 3214 προπάτορος
3235 3138 3423 3212 ἀπάτῃ
3451 3136 3616 3208 μέχρι

2031 3247 2155 3298 τότε
2196 3239 2538 3312 συνέχεσθαι,
2561 3237 2743 3302 καλῶς
2760 3253 2820 3290 τε
2840 3237 2934 3290 καὶ
2953 3233 3226 3304 θεοσόφως
3250 3233 3310 3287 τὸ
3333 3231 3516 3285 λοιπὸν
3544 3230 3612 3301 τῇ

2034 3335 2169 3406 πρὸς
2199 3335 2407 3387 ἐκεῖνον
2437 3330 2803 3385 ἀποτάσσεται
2825 3327 2996 3398 φιλίᾳ.
3036 3325 3163 3381 Ἐπὶ
3190 3325 3249 3379 δὲ
3267 3323 3378 3379 τῶν
3402 3321 3615 3392 ἀνθρώ-

2035 3444 2177 3490 πων,
2205 3424 2311 3479 κᾶν
2359 3423 2596 3495 πονηρίᾳ
2621 3421 2856 3486 συζῶσιν
2876 3461 2891 3487 ,
2917 3419 3068 3474 οὐδὲν
3105 3415 3364 3479 τοιοῦτον,
3394 3414 3482 3468 ἵνα
3537 3410 3616 3484 μὴ

2035 3516 2182 3585 λέγω
2204 3517 2314 3570 πᾶν
2333 3512 2704 3578 τούναντίον,ὁ
2727 3513 3004 3583 Δεσπότης
3017 3508 3295 3564 ἐκέλευσε.
3309 3507 3420 3560 Καὶ
3445 3503 3615 3576 μυρία

2034 3610 2134 3680 μὲν
2162 3607 2308 3662 ἐστιν
2323 3609 2494 3660 εἰπεῖν
2514 3604 2608 3658 καὶ
2629 3603 2764 3660 ἄλλα
2783 3643 2799 3666 ,
2832 3601 2889 3655 ἓν
2909 3601 2968 3654 δὲ
3000 3600 3108 3654 τῶν
3145 3594 3611 3666 ἀναγκαιοτάτων,

2030 3700 2104 3764 ώς
2141 3699 2240 3771 τῆς
2269 3699 2349 3762 είς
2369 3695 2632 3769 ἀλλήλους
2663 3695 2884 3764 ἀγάπης
2899 3694 2928 3747 ό
2944 3694 3042 3763 τῇς
3075 3687 3397 3760 Ἐκκλησίας
3413 3684 3612 3755 θεσμὸς

2035 3791 2432 3863 προνοούμενος
2452 3829 2468 3857 ,
2512 3790 2580 3861 ἢν
2634 3785 3012 3858 μυριοτρόπως
3034 3785 3064 3838 6
3091 3779 3327 3852 πονηρὸς
3378 3775 3613 3846 διασπᾷν

2028 3883 2330 3952 ἐπείγεται,
2365 3881 2517 3953 πάσῃ
2555 3878 2764 3952 μεθόδῳ
2819 3877 2916 3932 καὶ
2973 3873 3137 3945 σοφία
3181 3870 3502 3941 συγκροτεῖν
3549 3883 3612 3919 τε

2028 3973 2230 4045 ταύτην
2261 3973 2356 4026 καὶ
2388 3972 2633 4041 συνέχειν
2677 3967 2976 4040 νομοθετεῖ.
3009 3963 3100 4018 Διὸ
3114 3963 3234 4019 οὐδὲ
3259 3961 3456 4023 αὐτοὺς
3484 3957 3612 4020 τοὺς

2032 4067 2272 4136 φαύλους
2294 4063 2597 4134 ὁμοφύλους
2622 4061 2782 4125 ὄντας
2813 4057 3192 4131 βδελύττεσθαι
3215 4053 3312 4108 καὶ
3325 4053 3503 4124 μισεῖν
3521 4051 3609 4120 ἐᾷ,

2027 4160 2088 4214 τὸ
2109 4157 2375 4213 ἀνάπαλιν
2409 4157 2466 4210 δὲ
2493 4155 2742 4226 στέργειν
2774 4169 2835 4206 τε
2888 4151 2982 4204 καὶ
3005 4149 3200 4220 φιλεῖν,
3226 4148 3329 4217 ὅση
3360 4143 3609 4213 δύναμις,

2028 4252 2117 4305 ναὶ
2137 4249 2200 4320 δὴ
2235 4249 2329 4302 καὶ
2341 4247 2383 4280 ⁸⁷
2410 4245 2679 4316 κάθαρσιν
2697 4242 2930 4317 [54011.]
2961 4242 3060 4313 μὲν
3084 4241 3183 4310 τῆς
3199 4235 3468 4308 πονηρίας
3513 4232 3611 4285 καὶ

2029 4339 2328 4413 θεραπείαν
2379 4340 2638 4403 ἐπινοεῖν,
2667 4331 3186 4410 προσλαμϐάνεσθαι
3233 4329 3313 4392 δὲ,
3362 4325 3478 4380 ἀλλ’
3509 4323 3613 4376 οὐκ

359 4425 555 4484 potest,
586 4426 787 4470 amare'
821 4416 974 4484 jubet
1021 4427 1183 4486 atque
1220 4419 1462 4489 diligere.
1519 4420 1632 4474 luto
1687 4437 1814 4476 vero
1861 4423 1928 4478 de

2036 4433 2397 4491 ἀπωθεῖσθαι.
2443 4433 2554 4484 Καὶ
2591 4429 2752 4483 τοῦτο
2802 4425 3012 4489 Παῦλος
3049 4425 3094 4456 ⁵⁸
3128 4423 3266 4494 μετά
3294 4419 3405 4473 τῶν
3433 4415 3612 4471 ἄλλων

357 4509 635 4578 purganda
674 4508 1022 4578 curandaque
1061 4510 1265 4563 malitia
1299 4511 1562 4580 cogitare,
1592 4512 1818 4582 illosque
1861 4517 1929 4568 ad

2037 4529 2313 4600 παραινεῖ,
2365 4526 2425 4590 ὃς
2470 4524 2566 4578 καὶ⁹
2611 4524 2723 4586 τοῖς
2769 4519 3044 4581 Ἰουδαίοις
3097 4517 3174 4579 ὡς
3230 4512 3483 4574 Ἰουδαῖος
3515 4505 3613 4560 καὶ

357 4613 417 4653 se
453 4613 690 4662 sumere,
725 4600 872 4654 nullo
910 4611 1088 4655 autem
1122 4603 1282 4656 modo
1326 4604 1609 4672 repellere,
1664 4607 1926 4675 praecipit.

356 4690 608 4760 Idemque
631 4691 827 4746 Paulus
851 4693 990 4748 inter
1011 4692 1114 4747 alia
1138 4704 1320 4748 mouet
1340 4735 1355 4759 ,
1398 4694 1488 4763 qui
1513 4693 1711 4749 Judacis
1733 4696 1929 4766 207a

357 4790 614 4852 tanquam
649 4781 889 4850 Judwus,
918 4795 973 4839 ct
1005 4786 1257 4840 omnibus
1287 4787 1468 4840 omnia
1497 4783 1674 4841 factus
1719 4797 1822 4855 est,
1870 4801 1929 4844 ut

357 4875 578 4928 omnino
602 4874 809 4943 aliquos
842 4877 1022 4931 salvos
1051 4873 1260 4933 laceret
1282 4886 1331 4932 τ.

429 4965 583 5030 Quod
613 4966 656 5019 si
688 4981 718 5017 a
766 4968 1146 5036 peccatoribus
1170 4967 1444 5038 justorum
1477 4979 1652 5026 cmtus
1697 4971 1822 5026 inde
1861 4971 1929 5025 ab

2034 4597 2148 4685 τοῖς
2180 4618 2438 4688 Ἕλλησιν
2479 4617 2522 4648 ⁸⁸
2578 4614 2654 4678 ὼς
2704 4612 2905 4681 Ἕλλην
2954 4610 3049 4662 καὶ¹
3101 4607 3213 4668 τοῖς
3272 4603 3496 4672 ἀνόμοις
3533 4597 3612 4659 ὡς

2035 4713 2234 4781 ἄνομος
2263 4709 2358 4763 καὶ
2383 4709 2498 4772 τοῖς
2526 4707 2662 4760 πᾶσι
2709 4703 2778 4758 τὰ
2803 4703 2980 4758 πάντα
2998 4697 3238 4770 ἐγένετο,
3270 4694 3357 4748 ἵνα
3391 4690 3614 4753 πάντως

2034 4800 2187 4862 τινὰς
2215 4797 2386 4871 σώσῃ.

2102 4974 2165 5028 Ei
2193 4973 2250 5026 δὲ
2287 4973 2400 5036 τοῖς
2431 4967 2774 5041 ἁμαρτωλοῖς
2810 4966 2838 5018 ὁ
2888 4965 2998 5019 τῶν
3041 4963 3266 5018 δικαίων
3314 4958 3475 5030 χορὸς
3513 4955 3612 5010 ἀπ’

359 5055 515 5125 injtio
554 5056 605 5110 in
646 5057 789 5112 hunc
817 5073 989 5128 usque
1019 5059 1160 5113 diem
1194 5060 1567 5128 abstinuisset,
1605 5063 1731 5132 quis
1753 5063 1932 5118 salvus

2036 5065 2205 5136 ἀρχῆς
2261 5063 2424 5135 μέχρι
2477 5061 2572 5115 νῦν
2607 5059 2970 5124 ἁπετάσαετο,
2997 5055 3080 5120 τίς
3122 5054 3189 5108 ἂν
3219 5051 3432 5120 ἐσώθης
3484 5048 3610 5110 Πῶς

358 5147 545 5202 esset?
590 5147 872 5214 Quomodo
910 5149 1142 5204 mundus
1175 5165 1373 5221 sagena
1410 5159 1601 5220 captus
1636 5162 1808 5218 esset,
1861 5153 1933 5220 si,

364 5254 486 5293 cum
532 5251 846 5310 peccatores
906 5241 1043 5296 nihil
1103 5242 1330 5298 invicem
1384 5243 1631 5298 utilitatis
1679 5241 1931 5311 afferant,

435 5423 463 5460 (ι
499 5413 690 5471 Matth.
736 5433 788 5484 v,
844 5417 934 5485 44,
969 5417 1059 5472 45.
1141 5427 1163 5455 ι·
1194 5417 1214 5471 l
1253 5416 1380 5472 Cor.
1406 5433 1482 5483 Ix,
1509 5416 1598 5473 29.

2030 5157 2076 5210 δ’
2114 5157 2182 5211 ἂν
2218 5157 2247 5208 6
2285 5155 2488 5224 κόσμος
2522 5149 2884 5220 ἐσαγηνεύθη,
2916 5148 3026 5200 τῶν
3060 5146 3158 5219 μὲν
3190 5143 3408 5214 φαύλων
3441 5139 3612 5210 ἀλλὴο

2032 5245 2155 5309 λους
2183 5243 2336 5297 οὐδὲν
2361 5239 2736 5312 ὠφελούντων,
2765 5237 2876 5294 τῶν
2903 5236 2949 5292 δ’
2975 5234 3208 5306 ἀγαθῶν
3238 5232 3462 5296 τούτους
3491 5228 3611 5301 βδε-

1636 5550 1867 5608 VARUE
1901 5551 2316 5608 LECTIONES.

440 5662 484 5691 “
515 5663 857 5732 εἰσδεξάμεθα
889 5684 947 5730 ς.

369 5732 572 5800 ἄνομος
605 5737 727 5788 add.
765 5737 811 5790 Α

1028 5672 1065 5700 ⁴ῖ
1102 5667 1186 5722 va".
1219 5666 1286 5736 δὴ
1317 5667 1412 5720 καὶ
1448 5669 1491 5719 Α
1522 5684 1533 5721 ;
1569 5667 1661 5722 ml.
1684 5667 1748 5739 δὴ
1785 5686 1843 5731 ς,
1923 5669 1964 5701 ⁸⁸
1995 5663 2232 5740 Παῦλος]
2278 5667 2300 5723 Ι
2353 5665 2485 5730 Cor,
2541 5683 2616 5733 Ix,
2649 5665 2742 5722 20.

2847 5665 2893 5698 δ’
2925 5667 3017 5722 καὶ
3079 5667 3188 5730 τοῖς
3239 5660 3505 5736 Ἕλλησιν
3527 5683 3611 5748 -_
