3972 6248
1374 312 1900 377 BIBLIOTIIECA.
1937 339 2008 351 —
2044 314 2209 378 COD.
2239 314 2523 377 CCXXII.

3482 312 3593 377 826

341 422 699 498 λυσσομινων
722 441 783 479 τε
816 423 914 479 καὶ
939 421 1412 497 ἀποπεμπόντων;
1452 423 1615 478 Ἀλλὰ
1643 424 1739 479 καὶ
1784 425 1819 497 ἡ
1848 422 1926 497 τῷ

2047 425 2151 481 usti
2183 426 2398 494 insuper
2430 425 2551 480 illos
2569 402 2987 481 exsecrarentur
3008 433 3074 476 ac
3108 418 3443 490 reﬁcerent?
3488 417 3601 475 Sed

348 518 544 590 Πέτρῳ
569 514 764 571 σινδὼν
795 514 1048 586 ὀφθεῖσα,
1083 516 1179 570 καὶ
1212 515 1430 589 πλήρης
1458 515 1718 588 καθαρῶν
1741 534 1801 570 τε
1829 518 1924 571 καὶ

346 603 676 673 ἀκαθάρτων
724 601 880 669 ζώων
936 600 1278 675 ὑπάρχουσα,
1330 604 1432 674 τὴν
1482 605 1955 676 συναναστροφὴν-

352 686 557 760 μᾶλλον
606 689 703 744 καὶ
758 689 1062 763 πρόσληψιν
1096 692 1209 746 τῶν
1254 692 1496 761 φαύλων,
1557 693 1671 748 ἀλλ’
1717 695 1778 748 ού
1824 697 1925 765 τὴν

350 782 707 853 ἀποστροφὴν
757 783 1098 855 ὑπῃνίττετο.
1141 784 1204 838 El
1257 786 1315 840 δὲ
1351 787 1472 858 τῆν’
1504 789 1724 858 ἀγάπην
1782 786 1924 842 οὕτω

348 873 627 944 πανταχοῦ
648 873 745 929 τοῦ
780 875 916 930 Θεοῦ
956 877 1132 948 Λόγου
1164 880 1583 951 νομοθετοῦντος
1616 880 1713 935 καὶ
1741 882 1923 953 πάσης

347 965 518 1037 ἄλλης
550 966 756 1040 ἀρετῆς
785 967 1157 1041 ὑπερέχουσαν
1187 973 1278 1027 διὰ
1317 972 1427 1026 τῶν
1470 973 1637 1027 αὑτοῦ
1667 974 1924 1044 μαθητῶν

346 1059 693 1123 ἀναϐοῶντος
712 1061 862 1132 ὅμως
879 1062 1152 1132 πολεμίως
1173 1066 1310 1135 πρὸς
1333 1065 1557 1129 ἑαυτοὺς
1578 1064 1920 1135 διακείμεθα,

348 1152 445 1205 καὶ
476 1152 677 1223 μικροῦ
710 1152 803 1207 τὸν
852 1154 1079 1224 πλησίον
1131 1156 1383 1225 ἕκαστος,
1432 1157 1538 1211 κᾶν
1588 1157 1809 1228 ἄριστος
1861 1155 1922 1234 ᾗ,

348 1242 531 1315 φθόνῳ
587 1244 906 1317 κακίζομεν,
960 1246 1073 1300 ἔσθ’
1121 1249 1210 1303 ὅτε
1234 1248 1291 1302 δὲ
1335 1249 1430 1303 καὶ
1479 1249 1921 1321 ἐπιϐουλεύομεν,

351 1335 481 1408 [657
519 1334 613 1409 IL]
659 1339 709 1392 εί
756 1338 1011 1411 τοιαύτης
1062 1340 1319 1412 ἀφορμῆς
1361 1341 1725 1413 ὲδραξάμεθα,
1780 1340 1949 1411 λέγω

348 1428 417 1500 δὴ
443 1427 537 1483 τοῦ
566 1431 681 1494 τοϊς
708 1433 963 1501 πονηροῖς
984 1433 1048 1486 ἐκ
1073 1432 1393 1501 νομοθεσίας
1421 1450 1480 1486 τε
1514 1434 1608 1486 καὶ
1633 1432 1924 1503 ὁμολογίας

350 1520 780 1587 ἀποτάσσεσθαι,
814 1521 925 1591 ἐγὼ
961 1524 1060 1593 μὲν
1102 1521 1164 1589 ἐξ
1199 1517 1273 1578 ὧν
1309 1525 1421 1596 ὀρῶ
1460 1525 1523 1578 τὸ
1560 1525 1920 1598 ἀνθρώπινον,

349 1614 599 1679 καὶτοὺς
632 1616 930 1686 εὐεργέτας
964 1616 1128 1687 φημὶ,
1157 1616 1279 1670 ἐπεὶ
1316 1617 1446 1682 τούς
1471 1616 1535 1687 γέ
1574 1634 1626 1671 τι
1674 1617 1924 1687 παραλυ-

349 1706 611 1772 ποῦντας,
646 1707 750 1760 κᾶν
778 1707 1001 1771 δικαίως
1033 1707 1193 1761 τοῦτο
1226 1708 1531 1778 πράττωσι,
1592 1709 1812 1771 πάντως
1855 1708 1921 1763 ἂν

352 1766 609 1861 ἐκτόπως⁷
644 1798 945 1868 ἐμισοῦμέν
980 1766 1043 1853 τε
1096 1800 1193 1853 καὶ
1222 1766 1701 1871 ἀπεστρεφόμεθα,
1741 1766 1836 1855 ἅτε
1860 1800 1926 1868 δὴ
1954 1766 1999 1824 Β

350 1890 772 1961 παρακάλυμμα
798 1891 900 1961 τῆς
920 1890 1186 1962 φθονερᾶς
1212 1891 1439 1963 γνώμης
1472 1893 1567 1946 καὶ
1594 1890 1695 1961 τῆς
1729 1891 1929 1961 πολλῆς

350 1981 441 2051 ἐφ’
484 1977 565 2047 οἷς
610 1983 879 2053 μισοῦμεν
923 1983 1189 2055 ἀλλήλους
1216 1984 1480 2055 αἰσχύνης
1509 1984 1609 2056 τὴν
1654 1983 1806 2038 θείαν
1834 1985 1923 2037 ἑν-

348 2072 516 2143 τολὴν
563 2073 993 2145 προϐαλλόμενοι
1039 2074 1135 2129 καὶ
1191 2076 1488 2148 συνήγορον
1534 2075 1769 2146 ἔχοντες,
1833 2077 1927 2129 καὶ

350 2164 456 2217 οὐκ
486 2162 555 2219 ἂν
578 2165 696 2219 οὐδὲ
733 2165 896 2237 μέχρι
923 2165 1159 2221 θανάτου
1186 2166 1287 2239 τὴν
1326 2166 1462 2239 πρὸς
1495 2168 1624 2231 τοὺς
1657 2166 1931 2229 τοιούτους

352 2256 556 2329 ἔχθραν
577 2257 917 2329 διελυόμεθα,
947 2257 1051 2312 κᾶν
1072 2258 1164 2313 τὸν
1188 2259 1340 2331 ἥλιον
1377 2260 1453 2331 μὴ
1476 2259 1714 2314 ιπιδύειν
1741 2260 1836 2313 ἐπὶ
1858 2259 1933 2330 τῷ

350 2348 722 2421 παροργισμῷ
775 2349 932 2421 ἡμῶν
984 2350 1089 2421 τῆς
1148 2352 1488 2422 Δεσποτικῆς
1539 2350 1935 2422 νομοθετούσης

353 2439 715 2511 ἀγαθότητος,
748 2442 843 2496 καὶ
864 2441 959 2495 τοῦ
1002 2441 1219 2513 Πατρδς
1260 2440 1508 2513 μιμητὰς
1541 2440 1937 2511 ἀποφαίνοντος

353 2533 419 2586 ὲν
445 2532 524 2604 τῷ
551 2534 688 2587 πᾶσι
722 2534 820 2588 καὶ
867 2535 982 2597 τοῖς
1039 2533 1259 2605 μισοῦσι
1312 2533 1583 2605 χρηστοὺς
1622 2529 1783 2596 εἶναι,
1838 2534 1937 2600 Ὃς

350 2624 566 2694 ,βρέχει
602 2623 652 2657 ³⁸
689 2625 788 2679 ἐπὶ
810 2624 1085 2691 δικαίους
1106 2624 1207 2678 καί
1241 2625 1494 2691 ἀδίκους
1536 2622 1639 2677 καί
1684 2622 1939 2679 ἀνατέλ-

354 2719 457 2772 λει
488 2718 596 2771 τὸν
618 2715 799 2785 ἥλιον
822 2716 1010 2771 αὐτοῦ
1036 2716 1131 2786 ἐφ’
1159 2714 1457 2785 ἑκατέραν
1475 2717 1690 2786 ὁμοίως
1702 2715 1937 2786 μερίδα.

356 2807 425 2862 Et
465 2807 523 2862 δὲ
564 2802 634 2879 ἦν
667 2808 1063 2880 νενομισμένον
1085 2809 1201 2871 τοῖς
1227 2809 1485 2879 πονηροῖς
1509 2807 1619 2861 τῶν
1637 2807 1942 2877 ἀνθρώπων

356 2901 491 2964 τοὺς
528 2897 935 2971 φωτιζομένους
961 2900 1392 2967 ἀποτάσσεσθαι,
1428 2900 1522 2954 καὶ
1550 2900 1688 2971 γυνὴ
1719 2900 1787 2954 ἂν
1813 2899 1945 2954 ταύ-

358 3014 464 3069 της
509 2996 609 3066 τῆς
659 2995 916 3069 ἀφορμῆς
951 2995 1227 3068 λαϐομένη
1255 2995 1352 3050 τοῦ
1383 2994 1575 3067 ἀνδρὸς
1616 2994 1942 3066 διεσχίζετο,

2025 526 2081 573 et
2108 519 2251 586 quod
2289 500 2450 573 Peiro
2470 516 2645 573 visum
2670 527 2751 572 est
2774 516 3000 570 linteum
3028 525 3073 577 ³,
3100 513 3253 581 puris
3294 524 3460 581 atque
3501 512 3605 565 im-

2026 608 2178 677 puris
2198 608 2565 663 animantibus
2581 608 2820 677 plenum,
2852 606 2920 661 ad
2950 605 3398 660 consuetudinem
3424 604 3605 672 potius

2025 697 2200 756 malos
2224 701 2601 767 assumendos,
2627 715 2789 768 quam
2814 697 3151 768 repellendos
3181 696 3447 767 designat.
3480 695 3603 751 Jam

2023 792 2071 849 si
2112 801 2223 848 tum
2242 794 2426 859 etiam,
2459 792 2676 863 quando
2710 792 3037 848 charitatem
3070 790 3204 845 adeo
3238 789 3332 844 Dei
3355 785 3601 843 Verbum

2025 886 2227 956 ubique
2288 885 2549 956 imperat,
2575 894 2631 940 et
2662 884 2916 941 omnibus
2945 884 3067 939 aliis
3114 881 3407 937 virtutibus
3438 879 3609 948 majo-

2025 990 2139 1032 rem
2160 992 2256 1046 per
2282 990 2412 1033 suos
2440 985 2735 1031 sectatores
2754 975 3013 1039 clamitat,
3034 973 3213 1029 hostili
3236 982 3414 1029 tamen
3438 972 3525 1026 alii
3554 971 3608 1027 in

2023 1068 2158 1124 alios
2192 1070 2373 1123 animo
2412 1084 2619 1136 sumus,
2657 1078 2711 1124 et
2740 1067 2852 1124 fere
2875 1067 3243 1136 unusquisque
3276 1065 3604 1136 proximum,

2025 1162 2237 1218 tametsi
2262 1162 2500 1232 optimus
2531 1162 2623 1224 sit,
2652 1176 2747 1228 per
2817 1160 3073 1215 invidiam
3134 1158 3398 1224 laedimus,
3448 1166 3611 1226 atque

2024 1253 2297 1309 interdum
2324 1255 2492 1309 etiam
2510 1254 2557 1309 ei
2588 1253 2816 1308 insidias
2847 1266 3101 1321 paramus
3133 1268 3148 1306 :
3182 1252 3284 1305 hac
3310 1250 3489 1303 oblata
3514 1262 3611 1302 oc-

2022 1348 2240 1404 casione
2267 1347 2351 1417 (ut
2386 1345 2595 1401 scilicet
2636 1336 2945 1412 improbis,
2978 1357 3043 1397 ex
3080 1341 3197 1409 lege
3241 1352 3406 1410 atque
3453 1346 3611 1406 pacto

2023 1442 2241 1499 nuntius
2272 1438 2625 1495 remittendus
2653 1437 2757 1506 sit)
2784 1435 3036 1503 equidem
3056 1443 3316 1504 quantum
3332 1432 3610 1487 hominum

2023 1548 2207 1593 mores
2234 1531 2530 1602 perspicio,
2556 1530 2701 1599 ipsos
2728 1542 2942 1598 quoque
2982 1524 3250 1579 beneficos
3286 1522 3339 1577 in
3371 1536 3494 1586 nos,
3520 1519 3612 1588 qui

2023 1628 2185 1684 modo
2201 1627 2433 1697 aliquam
2449 1620 2937 1689 molestiant,eti:tm
2950 1602 3093 1686 iuste
3112 1616 3365 1670 all'errent
3381 1612 3613 1668 absurde

2025 1721 2215 1791 utique
2243 1728 2297 1775 et
2341 1718 2652 1774 indecenter
2698 1714 3004 1768 odissemus
3048 1720 3210 1777 atque
3238 1720 3613 1778 aversarentur

2028 1811 2420 1882 (velamentum
2482 1807 2735 1863 nimirum
2798 1803 2973 1857 noxim
3031 1800 3189 1869 hujus
3236 1797 3532 1853 voluntatis
3560 1805 3616 1850 et

2028 1901 2296 1975 probrosi
2350 1901 2499 1956 illius
2573 1911 2682 1967 quo
2724 1897 2958 1951 invicem
3046 1892 3422 1964 prosequimur
3502 1887 3611 1941 odii

2028 1996 2273 2050 divinum
2326 2000 2656 2063 praeceptum
2695 1987 3035 2056 objicientes,
3101 1995 3157 2039 et
3210 1993 3466 2052 tanquam
3520 1994 3617 2048 pro

2031 2087 2292 2142 advocato
2335 2079 2642 2151 habentes)
2675 2096 2740 2153 ac
2783 2093 2961 2148 neque
2990 2078 3054 2131 ad
3085 2087 3391 2131 extremum
3446 2084 3617 2139 usque

2032 2176 2279 2245 spiritum
2335 2173 2520 2230 odium
2577 2172 2632 2228 in
2691 2171 2827 2226 tales
2884 2183 3120 2237 unquam
3186 2166 3613 2234 deponeremus,

2032 2269 2242 2322 etiamsi
2284 2265 2452 2321 solem
2480 2280 2586 2319 non
2619 2262 2868 2319 occidere
2913 2274 3075 2329 super
3126 2256 3467 2312 iracundiam
3518 2266 3618 2306 no-

2033 2370 2202 2417 stram
2235 2358 2443 2414 Domini
2486 2357 2702 2412 bonitas
2744 2354 3020 2423 praecipiat
3054 2353 3097 2416 ι,
3140 2360 3307 2419 atque
3339 2361 3438 2417 per
3463 2344 3618 2401 beni-

2038 2452 2296 2522 gnitatem
2326 2463 2451 2518 erga
2492 2462 2703 2511 omnes,
2752 2445 2914 2500 etiam
2963 2442 3252 2506 inimicos,
3301 2436 3485 2493 Patris
3530 2434 3617 2491 sui

2040 2543 2342 2600 imitatores
2371 2540 2487 2595 fore
2515 2538 2791 2603 declaret,
2817 2536 2906 2605 qui
2946 2534 3078 2605 pluit
3131 2546 3289 2598 super
3336 2529 3511 2600 justas
3566 2533 3619 2581 et

2038 2637 2287 2707 iniustos,
2342 2644 2390 2688 et
2423 2631 2587 2688 solem
2636 2645 2788 2685 suum
2830 2627 2961 2682 oriri
2995 2625 3122 2695 facit
3156 2637 3312 2691 super
3345 2623 3526 2684 bonos,
3569 2626 3619 2671 et

2041 2704 2284 2785 mulos“.
2317 2726 2389 2782 Et
2430 2739 2556 2780 vero
2587 2722 2631 2778 si
2666 2721 2781 2792 lege
2824 2722 3099 2775 decretura
3136 2716 3296 2781 foret,
3328 2722 3389 2767 ut
3440 2710 3601 2780 bapti-
3630 2704 3637 2781 ᾖ

2046 2821 2202 2878 undi
2242 2819 2414 2875 malos
2444 2815 2695 2873 homines
2739 2812 2960 2867 omnino
2981 2809 3163 2866 valere
3186 2806 3440 2877 juberent
3470 2801 3617 2872 :jara

2044 2920 2102 2969 et
2128 2926 2263 2967 uxor
2288 2909 2390 2964 hoc
2438 2906 2621 2963 colore
2657 2919 2688 2958 a
2743 2904 2858 2957 viro
2902 2902 3225 2961 discederet,
3287 2904 3345 2951 et
3402 2894 3484 2947 vir
3551 2891 3621 2946 ab

2044 3016 2234 3067 uxore,
2275 2999 2417 3054 [ilius
2443 3013 2473 3051 a
2506 3004 2678 3067 patre,
2716 3009 2745 3047 a
2795 3002 2968 3046 matre
2996 2988 3124 3054 lilia,
3153 3003 3186 3043 a
3236 2985 3455 3041 domino
3502 2998 3641 3061 εει-ο,

364 3090 465 3144 καὶ
492 3087 753 3158 γυναικὸς
782 3089 813 3142 ό
852 3088 1015 3159 ἀνὴρ,
1068 3087 1280 3159 πατρός
1310 3104 1370 3141 τε
1409 3089 1438 3141 ό
1465 3086 1577 3149 υίὸς
1610 3085 1708 3141 καὶ⁷
1739 3085 1943 3158 μητρὸς

2050 3108 2170 3149 vus.
2196 3091 2559 3149 Conlirmaret
2588 3088 2734 3144 enim
2782 3086 2973 3139 borum
3013 3081 3242 3153 quilibet
3272 3093 3333 3134 se
3363 3092 3461 3133 suo
3499 3090 3624 3132 cum

358 3180 400 3252 ἡ
447 3179 695 3251 θυγάτηρ
760 3178 859 3233 καὶ
899 3177 1087 3243 δοῦλος
1131 3178 1395 3231 δεσπότου
1420 3192 1436 3207 ο
1472 3176 1792 3248 ἐστηρίζετο
1837 3174 1947 3245 γὰρ

362 3272 435 3327 ἂν
479 3270 716 3337 ἕκαστος
765 3270 974 3326 τούτων
1020 3271 1089 3341 τῇ
1121 3268 1257 3341 πρὸς
1278 3268 1411 3323 Θεὸν
1441 3268 1622 3341 οἰκείᾳ
1664 3266 1946 3339 ὁμολογίᾳ,

362 3363 465 3418 καὶ
516 3364 681 3435 νόμον
727 3362 936 3417 ετίοετο
971 3361 1164 3417 τοῦτον
1218 3360 1577 3432 ἀπαράϐατον
1633 3359 1711 3431 τῷ
1762 3358 1950 3430 οικείῳ

366 3456 641 3527 θελήματι
672 3455 1083 3526 βεϐαιούμενον.
1125 3454 1225 3507 Διά
1260 3452 1437 3507 ταῦτα
1485 3453 1668 3508 τοίνυν
1713 3453 1792 3526 τῷ
1835 3454 1952 3509 δια-

365 3550 517 3619 ϐόλῳ
550 3549 712 3619 μόνον
752 3549 848 3603 καὶ
873 3550 987 3613 τοῖς
1020 3547 1320 3619 δαιμονίοις
1351 3546 1448 3600 καὶ
1479 3547 1593 3608 τοῖς
1622 3544 1829 3600 τούτων
1858 3546 1953 3617 ἔρ-

366 3659 493 3711 γοις
525 3641 749 3711 φεύγειν
787 3657 848 3695 τε
878 3641 974 3695 καὶ
1002 3639 1384 3711 βδελύττεσθαι
1416 3639 1512 3693 κα)⁸
1552 3637 1952 3692 ἀποτάττεσθαι

369 3733 852 3806 προστετάγμεθα,
891 3732 1150 3803 ἀμέτοχοι
1179 3732 1280 3801 τῆς
1305 3729 1533 3783 ἐκείνων
1585 3729 1814 3800 γνώμης
1862 3729 1955 3785 διὰ

370 3828 580 3892 παντὸς
612 3825 1019 3899 συντηρηθῆναι
1056 3822 1450 3894 ὁμολογοῦντές
1478 3839 1539 3877 τε
1588 3822 1684 3876 καὶ
1727 3821 1955 3893 εὐχόμεο

368 3940 479 3989 νοι,
505 3923 595 3976 διὰ
627 3923 726 3993 τὴν
751 3920 931 3976 αὐτῶν
962 3918 1099 3991 πρὸς
1150 3919 1219 3972 τὰ
1268 3917 1451 3987 φαῦλα
1502 3916 1695 3987 ἀκλινῆ
1749 3933 1811 3969 τε
1861 3916 1958 3970 καὶ

370 4014 713 4085 ἀμετάθετον
746 4014 920 4085 ῥοπὴν
953 4014 1051 4067 καὶ
1079 4012 1169 4067 διὰ
1196 4010 1258 4065 τὸ
1286 4008 1448 4080 κόρον
1480 4007 1590 4062 τῶν
1622 4007 1958 4079 ἁμαρτημά-

372 4124 489 4161 των
519 4107 595 4177 μὴ
631 4105 904 4176 δέχεσθαι.
956 4104 1236 4173 Ἀλλήλοις
1262 4102 1343 4165 δὲ,
1386 4100 1489 4155 κᾶν
1521 4098 1861 4170 ἀνθρώπινον
1897 4094 1955 4172 ᾗ,

378 4200 488 4255 κᾶν
521 4200 601 4263 είς
634 4199 696 4253 τὸ
742 4199 897 4253 Θεῖον
949 4196 1205 4268 διαϐαίνῃ
1253 4196 1299 4228 ⁸⁸
1356 4194 1418 4247 τὸ
1468 4193 1799 4265 ἁμάρτημα,
1858 4193 1960 4245 οὐκ

376 4290 564 4358 ὀξεῖαν
601 4292 697 4344 καὶ
726 4291 1003 4361 ἀπότομον
1032 4289 1130 4359 τὴν
1169 4288 1353 4359 κρίσιν
1393 4286 1581 4359 φέρειν
1626 4283 1915 4355 ὀφείλομεν
1940 4297 1957 4312 ⁸

378 4382 715 4454 λυμαντικόν
737 4400 797 4436 τε
818 4385 927 4454 γὰρ
952 4382 1114 4436 τοῦτο
1136 4380 1237 4449 τῆς
1260 4379 1504 4451 ἐμφύτου
1535 4377 1670 4451 πρὸς
1697 4374 1959 4447 ἀλλήλους

383 4477 644 4547 στοργῆς,
673 4475 762 4529 διὰ
790 4474 891 4545 τὴν
925 4471 1344 4544 συνηρτημένην
1378 4470 1512 4541 ὓλην
1547 4468 1627 4540 τῷ
1663 4468 1833 4537 γένει,
1863 4467 1960 4519 καὶ

2050 3188 2161 3244 Deo
2186 3186 2320 3242 inito
2345 3193 2525 3255 pacto,
2553 3182 2837 3252 legemque
2875 3177 3017 3232 banc
3040 3174 3144 3230 sibi
3174 3170 3398 3243 propria
3430 3168 3627 3223 volun-

2050 3288 2161 3334 tate
2210 3275 2620 3334 corroboratam
2653 3284 2927 3339 nunquam
2971 3262 3477 3337 transgrediendum
3515 3269 3629 3316 sta-

2051 3378 2245 3427 lueret.
2292 3364 2405 3424 Has
2442 3366 2607 3438 igitur
2631 3365 2702 3420 ob
2730 3375 2925 3418 causas
2948 3358 3123 3413 solum
3148 3354 3425 3411 diabolum
3465 3360 3629 3421 atque

2050 3459 2341 3527 daemonia,
2381 3468 2648 3514 eteorum
2700 3469 2864 3525 opera
2910 3452 3165 3521 iubemur
3223 3446 3433 3517 fugere,
3468 3457 3629 3498 exse-

2051 3556 2216 3622 crari,
2268 3551 2548 3625 repellere,
2588 3563 2654 3605 ac
2674 3562 2772 3603 nos
2806 3561 2901 3617 per
2929 3544 3110 3599 omnia
3152 3540 3375 3603 liberos,
3411 3552 3478 3593 ne
3505 3549 3630 3591 cum

2054 3648 2123 3704 iis
2151 3648 2478 3711 sentiamus,
2508 3654 2859 3704 conservare,
2892 3638 3214 3710 profitentes
3242 3642 3405 3702 atque
3441 3640 3634 3699 optan-

2058 3753 2164 3806 tes,
2211 3748 2432 3811 propter
2457 3750 2645 3793 eorum
2684 3734 2750 3790 ad
2776 3733 2972 3787 tualum
3006 3725 3394 3785 immutabilem
3417 3733 3472 3778 et
3495 3722 3636 3776 irre-

2055 3832 2357 3890 vocabilem
2412 3828 2847 3887 inclinationem,
2906 3832 2961 3879 et
2994 3822 3121 3892 quia
3178 3818 3372 3889 207b
3400 3812 3637 3886 peccatis

2057 3940 2166 3980 non
2209 3923 2496 3987 satiantur,
2544 3918 2762 3976 eosdem
2814 3931 2911 3971 nos
2950 3913 3171 3968 minime
3220 3908 3529 3964 admittere.
3575 3905 3637 3959 In

2059 4030 2160 4073 nos
2194 4024 2382 4070 mutuo
2412 4028 2561 4078 vero,
2591 4011 2707 4067 sive
2734 4009 2787 4063 in
2818 4005 3089 4063 hominem
3115 4002 3231 4059 sive
3260 4000 3312 4055 in
3344 3999 3513 4054 Deum
3543 3994 3639 4049 ad-

2061 4107 2287 4162 missum
2316 4114 2597 4174 peccatum
2632 4098 2725 4163 sit,
2752 4096 2982 4152 celerem
3044 4102 3101 4147 et
3155 4092 3442 4158 abruptam
3496 4084 3640 4139 ferre

2060 4199 2385 4256 sententiam
2422 4209 2528 4250 non
2567 4192 2829 4248 debemus
2859 4186 3111 4262 (noxium
3138 4180 3431 4239 enimillud
3456 4180 3641 4235 innato

2063 4291 2219 4347 nobis
2254 4287 2424 4343 amori
2459 4294 2646 4341 mutuo
2703 4295 2824 4339 esse
2879 4279 3073 4349 solet),
3119 4288 3231 4331 tum
3269 4274 3411 4344 quod
3470 4284 3642 4341 genus

2069 4385 2385 4437 universum
2432 4393 2462 4432 a
2497 4375 2723 4431 materia
2765 4373 3089 4440 dependeat,
3135 4378 3247 4423 tum
3296 4365 3461 4421 etiam
3514 4362 3641 4433 quia

2072 4471 2236 4541 lapsis
2256 4483 2380 4538 spes
2410 4464 2776 4521 restitutionis
2804 4463 2979 4515 adhuc
3021 4459 3228 4526 reliqua
3254 4464 3358 4510 est.
3413 4452 3568 4508 Unde
3591 4450 3640 4503 si

379 4569 467 4624 ὅτι
487 4544 757 4621 πεσοῦσιν
790 4544 947 4629 ἐλπὶς
984 4561 1325 4635 διορθώσεως
1352 4560 1705 4616 ὑπολείπεται
1754 4559 1820 4613 ⁸³.
1869 4557 1943 4611 Διέ

2057 4565 2181 4633 quis
2205 4559 2443 4615 dixerit:
2481 4556 2660 4627 Egone
2705 4555 2786 4609 vel
2836 4568 2998 4606 unum
3039 4550 3336 4603 datmonem
3381 4544 3641 4597 imitando

378 4662 478 4715 καὶ
507 4659 573 4714 άν
600 4676 688 4723 τις
712 4659 813 4729 μὲν
842 4658 1001 4730 λέγῃ,
1030 4658 1153 4711 Οὐκ
1184 4654 1301 4725 ειμι
1329 4654 1459 4709 καθ’
1482 4652 1591 4707 ἕνα
1617 4650 1737 4705 τῶν
1757 4649 1963 4718 δαιμό-

2057 4669 2247 4724 sequor
2272 4669 2289 4707 :
2321 4650 2368 4706 si
2398 4648 2619 4720 quidem
2641 4660 2831 4702 verum
2859 4643 3014 4706 dicit,
3052 4655 3157 4695 non
3184 4646 3268 4695 est
3288 4634 3636 4703 rejiciendus,

378 4769 529 4818 νων,
555 4751 675 4824 [5H
865 4727 1100 4820 ἐπείπερ
1150 4746 1409 4819 ἀλήθειάν
1467 4759 1654 4815 φησιν,
1693 4742 1795 4796 ούκ
1836 4740 1943 4794 ἀπό

2060 4748 2173 4811 sin,
2206 4753 2268 4799 ut
2302 4742 2393 4799 ille
2424 4740 2755 4803 Pbarisaeus,
2787 4752 2909 4793 sese
2953 4734 3193 4804 jactitet,
3240 4740 3297 4787 et
3347 4727 3643 4784 Publicano

382 4846 617 4917 ϐλητος⁶
667 4846 696 4899 ό
744 4845 803 4898 δὲ
854 4843 997 4898 κατὰ.
1041 4843 1133 4896 τὸν
1192 4841 1490 4911 Φαρισαῖον
1534 4838 1603 4868 ⁸³·
1643 4834 1967 4898 ἀλαζονευό-

384 4958 549 5014 μενος
579 4940 675 4994 xui.
694 4941 770 5003 ὡς
797 4941 827 4993 ὁ
846 4937 1085 5008 τελώνης
1117 4934 1194 5007 μὴ
1224 4930 1363 4987 εἶναι
1403 4928 1762 5004 μεγαλαυχῶν
1801 4944 1966 4981 κατα-

2064 4853 2172 4894 non
2236 4850 2358 4892 esse
2410 4833 2639 4891 similem
2698 4828 2989 4899 superbius
3046 4825 3328 4898 glorietur,
3354 4812 3407 4877 is
3462 4820 3649 4888 utique

2068 4932 2356 4984 damnatur
2389 4934 2437 4981 ν.
2464 4924 2650 4993 Neque
2674 4922 2817 4977 enim
2848 4928 3083 4983 constat,
3123 4933 3189 4971 an
3219 4914 3311 4970 ille
3339 4912 3435 4983 qui
3468 4912 3651 4967 stabat

383 5005 631 5101 κρίνεται
658 5044 672 5061 ·
707 5031 833 5085 οὔτε
875 5030 985 5101 γὰρ
1008 5005 1170 5090 αύτδς
1196 5027 1226 5079 ὁ
1259 5025 1547 5095 ἱστάμενος
1590 5024 1640 5076 εί
1692 5019 1769 5092 μὴ
1809 5019 1943 5072 πέσο

2063 5019 2178 5091 jam
2208 5034 2315 5074 non
2354 5016 2666 5072 deciderit:
2698 5026 2875 5081 neque
2938 5023 3118 5063 annon
3167 5005 3239 5061 sit
3278 5010 3651 5063 surrecturus,

383 5127 570 5196 δῆλον,
613 5125 740 5179 οὔτε
784 5126 814 5177 ὁ
866 5123 1175 5185 πεπτωκὼς
1217 5123 1267 5175 εί
1329 5120 1402 5191 μὴ
1458 5120 1738 5189 στήσεται.
1784 5112 1969 5178 Χωρὶς

2070 5115 2162 5185 qui
2189 5111 2481 5168 ceciderat.
2516 5108 2722 5161 Praeter
2761 5120 2824 5159 ea
2852 5117 3002 5168 vero,
3035 5115 3159 5171 qua:
3188 5098 3301 5167 jam
3333 5096 3477 5150 dicta
3500 5100 3653 5154 sunt,

383 5181 454 5274 δὲ.
472 5181 585 5273 τῶν
624 5218 936 5291 είρημένων
968 5181 1191 5271 κάκεῖνο
1221 5181 1557 5284 θεωρητέον,
1578 5210 1657 5273 ὡς
1688 5206 1879 5278 ἐπειδὴ
1908 5224 1943 5259 τ

2070 5181 2235 5260 etiam
2292 5201 2421 5256 illud
2483 5195 2962 5259 considerandum,
3022 5190 3281 5262 quoniam
3331 5181 3652 5257 paenitentia

389 5310 495 5381 μὲν
524 5308 806 5379 δαιμόνιον
837 5307 1004 5380 φῦλον
1036 5304 1432 5380 ἀμετανόητον,
1468 5303 1632 5373 ἡμεῖς
1668 5300 1725 5354 δὲ
1753 5300 1842 5353 διὰ
1874 5316 1970 5369 με-

385 5403 606 5470 τανοίας
633 5404 712 5476 τῷ
742 5402 1079 5475 βαπτίσματι
1112 5400 1403 5474 πρόσιμεν,
1437 5396 1508 5451 δι’
1526 5388 1603 5451 ὧν
1630 5396 1743 5458 τοῖς
1761 5393 1969 5464 ἀμετα-

2076 5296 2202 5351 duci
2255 5294 2528 5350 daemones
2559 5302 2667 5343 non
2726 5294 2984 5356 possunt;
3055 5298 3152 5338 nos
3184 5293 3312 5333 vero
3348 5290 3447 5346 pep
3475 5270 3651 5343 poeni—

2081 5387 2302 5443 tentiam
2325 5386 2391 5440 ad
2418 5383 2745 5455 baptismum
2780 5379 3112 5444 accedimus,
3152 5389 3221 5431 ex
3259 5386 3327 5429 eo
3350 5368 3498 5444 quod
3542 5367 3650 5423 im-

469 5552 494 5583 σ
525 5540 647 5598 Act.
670 5558 726 5608 χ,
749 5542 812 5597 ll
840 5556 993 5612 seqq.
1073 5541 1095 5577 ί
1132 5539 1335 5610 pres.
1367 5553 1420 5593 tv
1442 5577 1461 5603 ,
1487 5533 1577 5591 26.
1637 5546 1666 5575 ι
1696 5530 1851 5588 Matt.
1882 5544 1935 5593 ν,

2043 5566 2057 5581 .
2099 5532 2129 5564 ν
2166 5523 2294 5578 Luc.
2340 5535 2494 5585 xvm,
2526 5520 2559 5575 9
2584 5532 2736 5588 seqq.

1706 5666 1942 5722 VARIAS
1992 5658 2400 5717 LECTIONES.

468 5770 521 5806 ⁸⁸
547 5771 753 5848 βρέχει]
784 5771 972 5830 Muttb.
1012 5789 1063 5841 ν,
1100 5773 1189 5828 45.
1266 5772 1309 5804 ⁸⁸
1340 5766 1557 5839 διαϐαίη
1591 5783 1677 5837 ς..
1724 5766 1768 5798 ⁵³
1802 5759 2155 5818 ἀπολείπεται
2187 5773 2249 5824 ς.
2323 5756 2391 5788 ⁸³⁵
2416 5754 2505 5809 τὸν
2545 5749 2709 5823 duo}
2769 5750 2903 5808 Luc.
2947 5764 3102 5816 xvttt,
3136 5747 3223 5804 ιι.
