3972 6248
374 325 479 390 8‘27
1506 321 1770 384 PHOTII
1806 321 2307 382 PATRIARCHAE
2335 321 2446 382 cp.
3513 295 3640 390 323'

374 438 765 510 prenitentibns
849 437 1236 501 renuntiamus,
1297 437 1672 507 pmnitentiam
1736 437 1955 492 omnino

2062 435 2259 507 νοήτως
2288 434 2500 506 ἔχουσιν
2531 433 2952 506 ἀποτασσόμεθα
2971 472 2988 499 ,
3032 433 3132 506 τὴν
3167 432 3454 506 μενάνοιαν
3481 436 3625 493 πάν-

376 530 490 587 Deo
518 531 787 600 spondere
820 544 920 585 nos
945 538 1188 598 apparet.
1243 526 1311 584 Et
1341 542 1469 583 vero
1495 529 1587 597 qui
1621 528 1955 584 daemonibus

2062 544 2160 590 τως
2193 525 2312 597 Θεῷ
2352 525 2846 596 καθομολογοῦντες
2898 525 3247 597 δεικνύμεθα.
3297 527 3408 582 Καὶ
3443 530 3471 582 6
3507 530 3625 592 τοῖς

375 621 450 675 ob
514 621 565 674 id
623 618 765 688 qttod
820 632 926 673 non
983 617 1346 686 resipiscam,
1410 618 1760 683 renuntiavit,
1815 632 1953 687 quo-

2062 618 2354 688 δαιμονίοις
2382 616 2470 670 διὰ
2495 617 2558 670 τὸ
2595 617 2744 686 σφῶν
2796 618 3134 689 ἀμετάθετον
3172 619 3626 687 ἀποτασσόμενος

380 713 539 767 ιηοιΙο
575 713 620 766 is
677 728 782 766 non
849 712 1262 782 impmnitcntia:
1317 712 1551 782 primum
1581 711 1956 766 renuntiavit?

2062 712 2173 774 πῶς
2197 695 2324 780 ὀὐχὶ
2348 710 2425 781 τῷ
2463 709 2779 780 ἀμεταθέτῳ
2806 709 3022 779 πρῶτος
3061 710 3222 774 αὐτὸς
3270 711 3622 779 ἀπετάξατο;

373 806 479 871 Qui
518 805 676 860 etiam
732 805 928 874 prioris
984 821 1094 861 suae
1148 806 1400 876 nequitia:
1449 816 1610 875 atque
1662 804 1953 875 impietatis

2062 803 2166 856 Καὶ
2193 802 2221 854 6
2250 802 2351 872 τῆς
2391 803 2666 873 προτέρας
2698 801 2863 854 αὐτοῦ
2911 803 3177 872 πονηρίας
3226 802 3321 855 καὶ
3365 803 3625 866 ἀσεϐείας

378 897 586 949 veniam
638 897 790 964 petit,
845 898 1112 966 quomodo
1158 898 1203 953 is
1244 898 1572 960 hominibus,
1619 897 1710 967 qui
1761 897 1953 953 iisdem

372 989 598 1042 obnoxii
639 998 763 1043 sunt
798 991 1161 1056 passionibus,
1216 992 1459 1045 eamdem
1483 1005 1642 1058 quam
1687 1005 1786 1060 per
1841 1006 1956 1059 pce-

382 1077 666 1131 nitentiam
717 1089 1040 1134 consecutus
1089 1090 1172 1136 est
1210 1081 1659 1146 misericordiam,
1711 1081 1952 1137 sectuse-

378 1167 496 1221 rit?

453 1261 633 1329 Atque
666 1261 764 1315 i5ta
785 1262 1000 1331 quidem
1038 1263 1138 1318 hoc
1187 1265 1364 1331 capite
1392 1263 1698 1334 complexus
1732 1273 1835 1320 est.
1871 1264 1957 1319 in-

375 1359 462 1404 ter
495 1364 614 1419 quae
651 1351 777 1406 illud
803 1353 963 1407 etiam
1002 1354 1076 1407 ait
1131 1369 1228 1407 nos
1263 1354 1316 1406 in
1360 1353 1754 1408 resurrectione
1787 1366 1954 1421 ange-

375 1429 536 1494 licam
568 1442 730 1495 vitam
766 1453 999 1509 acturos,
1038 1460 1141 1498 non
1177 1445 1288 1515 jatn
1349 1445 1581 1513 amplius
1630 1445 1698 1498 ad
1753 1444 1952 1498 malum

374 1532 543 1586 ullum
578 1551 798 1603 pronos,
840 1537 932 1591 sed
986 1539 1037 1590 in
1085 1537 1350 1591 constanti
1391 1545 1534 1591 statu
1575 1537 1950 1604 continuatos;

381 1645 486 1682 non
524 1630 578 1683 id
611 1631 822 1699 quidem
856 1647 919 1685 ex
964 1645 1152 1686 natura
1185 1633 1479 1694 consecuti,
1516 1633 1608 1687 sed
1638 1642 1768 1687 utet
1793 1647 1957 1702 ange-

384 1724 560 1778 lorum
600 1727 750 1790 ordo,
798 1727 994 1779 virtute
1015 1726 1185 1779 sancti
1222 1725 1474 1793 Spiritus.
1502 1724 1726 1788 Eadem,
1760 1726 1950 1794 inquit,

381 1817 589 1872 ratione
622 1821 782 1874 etiam
815 1820 942 1873 illud
992 1820 1121 1873 dicit
1158 1839 1171 1873 :
1209 1817 1313 1884 Qui
1357 1821 1530 1872 minor
1576 1826 1648 1870 est
1705 1819 1762 1872 in
1795 1835 1951 1886 regno

378 1916 647 1977 caalorum,
698 1914 870 1983 major
899 1922 973 1967 est
1007 1913 1211 1966 Joanne
1255 1912 1496 1980 Baptista
1520 1925 1568 1978 κ,
1603 1913 1726 1981 quia
1751 1912 1956 1966 scilicet

379 2023 491 2078 prae
517 2005 840 2061 abundantia
873 2006 1056 2076 gratim
1077 2005 1338 2072 spiritalis
1380 2004 1572 2058 mutari
1599 2003 1827 2071 amplius
1861 2017 1953 2057 ne-

378 2101 514 2169 quit.
545 2097 770 2164 Quando
801 2099 940 2151 enim
979 2098 1232 2166 majorem
1291 2094 1552 2150 Joannem
1611 2095 1750 2148 inter
1799 2102 1955 2149 natos

383 2193 662 2247 mulierum
688 2191 993 2259 appellavit,
1015 2190 1102 2256 qui
1128 2188 1180 2241 in
1200 2187 1432 2257 Spiritus
1451 2187 1620 2240 sancti
1641 2187 1792 2240 donis
1807 2186 1949 2239 veri-

384 2293 468 2338 tas
495 2290 596 2347 est,
627 2279 886 2334 Conditor
918 2292 980 2332 ac
1007 2277 1263 2330 Dominus
1296 2283 1506 2339 noster,
1547 2289 1666 2326 cum
1703 2273 1862 2342 hujus
1895 2283 1950 2326 et

381 2370 575 2425 futura:
598 2369 721 2423 vitae
751 2365 1108 2422 diﬂ‘erentiam
1141 2366 1448 2420 ostenderet
1477 2379 1492 2417 :
1523 2363 1632 2418 Etsi
1670 2379 1831 2424 nunc.
1854 2362 1950 2424 ait,

377 2462 713 2533 spiritalibus
739 2459 892 2514 donis
923 2456 1094 2527 major
1117 2466 1200 2511 est
1230 2455 1554 2519 Prtecursor,
1587 2461 1734 2508 tanta
1774 2463 1949 2507 tamen

377 2559 486 2616 erit
519 2560 570 2612 in
609 2556 783 2609 futura
815 2553 922 2606 vita
961 2552 1152 2605 harum
1189 2564 1364 2602 rerum
1403 2548 1452 2600 in
1495 2546 1682 2600 melius
1715 2560 1955 2600 commu-

383 2653 535 2715 tatio,
559 2659 810 2717 tantaque
837 2645 1070 2714 Spiritus
1094 2642 1268 2709 c0pia,
1295 2651 1352 2694 ut
1386 2640 1474 2709 qui
1510 2638 1616 2692 illis
1653 2638 1830 2692 minor
1850 2646 1954 2706 est,

382 2744 641 2811 ampliora
672 2741 807 2794 dona
826 2745 1215 2792 consecuturus
1230 2733 1320 2799 sit,
1341 2746 1500 2801 quam
1529 2731 1617 2801 qui
1645 2730 1732 2784 hic
1756 2731 1954 2797 majora

382 2842 726 2903 acceperunt.
781 2830 880 2896 Qui
923 2827 1063 2881 enim
1095 2825 1182 2880 hic
1216 2825 1464 2894 degebat,
1510 2822 1720 2877 etiamsi
1789 2820 1958 2888 majus

382 2927 511 2996 quid
528 2933 668 2977 esset
691 2930 1034 2983 consecutus,
1053 2916 1288 2970 nondum
1315 2925 1492 2969 tamen
1513 2914 1740 2968 habebat
1762 2914 1956 2966 immu-

385 3017 724 3080 tabilitatem;
751 3012 1003 3083 qtti’vero
1029 3009 1079 3062 in
1098 3009 1357 3063 cmlorum
1382 3021 1554 3079 regno
1583 3005 1777 3066 minor,
1811 3003 1956 3072 quis-

384 3109 506 3179 quis
534 3106 749 3160 tandem
787 3105 875 3157 ille
909 3101 1101 3165 fuerit,
1139 3100 1278 3168 quod
1310 3097 1430 3151 tulit
1462 3098 1689 3158 bonum,
1720 3087 1779 3149 id
1798 3093 1954 3187 simul
1981 3124 2025 3187 Ο

387 3198 579 3253 stabile
595 3206 646 3250 et
669 3208 939 3264 nunquam
960 3191 1303 3246 adimendum
1328 3188 1468 3255 tulit,
1497 3186 1624 3242 nulli
1647 3182 1958 3240 mutationis

386 3289 684 3347 infirmitati
714 3286 997 3342 obnoxius.

417 3481 422 3485 ·
457 3472 653 3542 2080
675 3469 874 3536 Quinto
893 3477 946 3520 et
963 3466 1373 3537 quadragesimo
1397 3467 1571 3534 capite
1600 3468 1651 3522 in
1671 3483 1790 3524 eam
1817 3469 1962 3524 venit

385 3564 771 3635 quaestionem:
806 3560 1083 3627 Quomodo
1124 3559 1196 3613 illi
1236 3558 1377 3624 duo,
1419 3561 1507 3629 qui
1528 3559 1682 3629 primi
1717 3560 1770 3614 in
1808 3570 1961 3615 utro-

386 3665 491 3725 q'tte
518 3651 824 3726 [rationalis
853 3649 1135 3723 creaturae]
1166 3664 1362 3720 genere
1392 3645 1590 3705 conditi
1629 3649 1800 3716 fuere,
1846 3653 1962 3705 dia-

384 3745 540 3798 bolus
583 3743 845 3802 etAdam.
885 3739 1064 3793 statim
1119 3754 1146 3790 a
1191 3739 1462 3794 creatione
1512 3740 1864 3795 ceciderunt?
1899 3741 1965 3795 Et

384 3835 648 3888 Adaututn
688 3833 902 3900 quidem
955 3830 1191 3883 omnium
1222 3829 1301 3882 sui
1339 3831 1552 3898 generis
1583 3831 1813 3898 primum
1845 3848 1964 3888 esse

386 3926 686 3987 conditum,
739 3921 935 3977 nemini
989 3921 1227 3974 dubium.
1270 3918 1422 3985 Quod
1465 3935 1592 3975 vero
1628 3931 1683 3975 et
1725 3923 1967 3980 diabolus

393 4032 648 4087 tanquam
683 4015 788 4067 dux
826 4013 1214 4081 antesignanus
1246 4011 1519 4073 ceciderit,
1559 4014 1696 4082 apud
1729 4012 1848 4080 Job,
1885 4015 1967 4070 in-

387 4108 527 4178 quit,
560 4103 797 4179 [lcgitur]
832 4104 946 4158 Hoc
974 4111 1048 4156 est
1073 4101 1388 4169 principium
1409 4101 1688 4155 creationis
1730 4101 1964 4172 Domini,

388 4202 606 4270 factum,
644 4209 697 4250 ut
724 4197 1031 4248 illuderelur
1061 4196 1123 4246 ab
1145 4194 1340 4264 angelis
1366 4194 1479 4263 ejus
1497 4203 1549 4248 1.
1575 4195 1640 4248 Ει
1661 4194 1918 4260 propheta
1948 4213 1962 4250 :

390 4292 660 4357 Quomodo
690 4289 874 4343 cecidit
899 4287 1128 4352 Lucifer,
1156 4289 1412 4358 quimane
1436 4288 1727 4340 oriebaturz
1750 4287 1774 4341 ?
1803 4286 1964 4341 Luci-

387 4382 468 4436 fer
495 4382 656 4445 enim,
689 4394 810 4433 cmn
849 4388 992 4431 motu
1024 4377 1253 4446 quodam
1287 4392 1382 4431 suo
1397 4376 1746 4446 prepinquior
1770 4376 1839 4429 sit
1865 4391 1969 4429 cte-

2057 893 2384 964 συγγνώμην
2413 891 2579 947 αἰτῶν
2619 893 2736 954 πῶς
2765 891 2831 946 ἂν
2858 895 2972 956 τοῖς
2995 892 3381 961 ὁμοιοπαθέσιν
3408 892 3625 963 ἀνθρώ-

2053 1000 2196 1048 ποις,
2251 983 2310 1037 ὃν
2355 982 2487 1037 αὐτὸ
2531 981 2620 1036 διὰ
2669 981 2954 1052 μετανοίας
3014 981 3196 1051 ἔσχεν,
3247 979 3625 1033 ἀποκλείσειεν

2050 1073 2201 1128 ἔλεον
2223 1091 2240 1142 ;

2123 1250 2290 1306 Ἀλλά
2333 1251 2506 1307 ταῦτα
2548 1251 2645 1322 μὲν
2684 1250 2779 1307 καὶ
2808 1251 2865 1305 ὲν
2891 1250 2969 1322 τῷ
3021 1250 3250 1322 παρόντι
3292 1248 3574 1319 κεφαλαίῳ
3604 1265 3622 1280 ο

2044 1345 2111 1398 ’έν
2149 1340 2230 1407 οἷς
2266 1343 2360 1397 καί
2386 1360 2549 1413 φησιν
2572 1343 2648 1406 ὡς
2674 1345 2731 1395 ὲν
2764 1346 2828 1414 τῇ
2857 1343 3152 1398 ἀναστάσει
3193 1341 3284 1394 τὸν
3331 1339 3626 1408 ἀγγελικδν

2054 1434 2367 1507 βιωσόμεθα
2397 1435 2533 1504 βίον,
2581 1434 2778 1504 μηκέτι
2821 1433 2958 1504 πρός
2996 1451 3048 1485 τι
3092 1431 3200 1484 τῶν
3255 1430 3473 1500 φαύλων
3526 1429 3628 1481 ὲκ-
3663 1423 3670 1429 ’

2053 1531 2344 1594 κλίνοντες,
2367 1529 2480 1582 ἀλλ’
2508 1529 2565 1582 ἐν
2592 1527 2668 1599 τῷ
2702 1530 2955 1600 ἀτρέπτῳ
2984 1528 3383 1600 στηριζόμενοι,
3413 1527 3474 1580 ού
3517 1523 3626 1596 φύ-

2055 1637 2135 1674 σει
2159 1619 2314 1675 τοῦτο
2339 1620 2693 1691 κτησάμενοι,
2732 1623 2796 1690 τῇ
2827 1620 2882 1673 δὲ
2911 1619 3003 1672 τοῦ
3032 1619 3348 1688 Πνεύματος
3369 1618 3622 1687 δυνάμει,

2054 1711 2242 1782 ῶσπερ
2283 1712 2376 1766 καὶ
2410 1711 2540 1765 αὐτὸ
2589 1711 2648 1763 τὸ
2685 1710 2793 1766 τῶν
2821 1711 3070 1779 ἀγγέλων
3106 1711 3380 1780 σύστημα.
3435 1708 3621 1778 Ταύτῃ

2053 1802 2135 1855 τοί
2165 1817 2295 1871 φησι
2347 1801 2439 1854 καὶ
2488 1801 2570 1866 τὸ,
2641 1801 2695 1853 '0
2732 1802 3078 1870 μικρότερος·
3117 1802 3186 1854 ἐν
3215 1799 3290 1868 τῇ
3330 1801 3626 1864 βασιλείῃ

2053 1895 2171 1949 τῶν
2227 1894 2500 1963 οὐρανῶν
2541 1891 2754 1963 μείζων
2799 1894 2970 1948 ἐστὶν
3015 1893 3305 1957 Ἰωάννου,
3347 1892 3474 1964 [660
3526 1891 3622 1963 ιι]

2054 1985 2297 2038 τουτέστι
2328 1987 2394 2056 τῇ
2423 1985 2560 2052 πρὸς
2599 1985 2662 2037 τὸ
2713 1983 2981 2055 ἄτρεπτον
3019 1983 3266 2055 δαψιλείᾳ
3313 1981 3408 2035 τοῦ
3455 1983 3624 2034 Πνεῦ-

2059 2091 2243 2143 ματος.
2289 2073 2505 2140 Ἐπειδὴ
2538 2073 2645 2144 γάρ
2702 2073 2927 2143 μείζονα
2974 2073 3064 2125 τὸν
3109 2074 3360 2142 Ἰωάννην
3396 2074 3454 2124 ἐν
3499 2088 3624 2138 γεν-

2054 2167 2234 2233 νητοῖς
2260 2165 2532 2233 γυναικῶν
2559 2164 2666 2236 [ἐν]
2693 2167 2807 2227 τοῖς
2831 2164 2923 2218 τοῦ
2947 2164 3258 2234 Πνεύματος
3285 2162 3340 2234 [ἡ
3371 2159 3621 2232 ἀλήθεια]

2054 2256 2388 2326 χαρίσμασιν
2407 2258 2434 2308 6
2463 2256 2640 2318 κοινὸς
2655 2256 2996 2327 Δημιουργὸς
3017 2256 3108 2308 καὶ
3132 2255 3402 2326 Δεσπότης
3425 2253 3528 2325 ἔφη
3538 2271 3620 2316 σε,

2054 2346 2267 2408 δεικνὺς
2299 2345 2358 2398 τὸ
2407 2346 2662 2416 διάφορον
2709 2347 2808 2415 τῆς
2843 2344 3143 2416 μελλούσης
3177 2346 3314 2416 πρὸς
3343 2346 3442 2414 τὴν
3475 2361 3622 2414 παρ-

2054 2437 2220 2490 οῦσαν
2251 2435 2394 2508 ζωὴν
2432 2437 2818 2500 καταστάσεως
2848 2438 3014 2507 φησιν
3036 2439 3130 2501 ὼς,
3158 2440 3208 2489 εί
3250 2437 3342 2490 καὶ
3375 2435 3468 2489 νῦν
3507 2439 3623 2498 τοῖς

2055 2531 2444 2600 πνευματικοῖς
2473 2529 2774 2600 χαρίσμασι
2816 2530 3014 2598 μείζων
3052 2529 3197 2581 ἐστὶν
3229 2530 3256 2581 6
3284 2528 3621 2598 Πρὸδρομος,

2055 2620 2172 2674 ἀλλ’
2201 2619 2292 2672 οὖν
2324 2619 2556 2690 τοσαύτη
2593 2637 2677 2683 τις
2711 2620 2862 2672 ἔσται
2893 2620 3033 2672 κατὰ
3077 2621 3135 2672 τὸ
3189 2619 3378 2688 μέλλον
3432 2621 3463 2688 ἡ
3514 2618 3624 2670 τῶν

2057 2715 2341 2785 παρόντων
2375 2713 2643 2784 μεταϐολὴ
2675 2715 2810 2784 πρὸς
2839 2714 2898 2765 τὸ
2930 2714 3149 2783 ἄμεινον
3184 2711 3280 2764 καὶ
3308 2713 3341 2781 ἡ
3372 2710 3624 2780 δαψίλεια

2055 2804 2149 2858 τοῦ
2192 2804 2526 2874 Πνεύματος,
2560 2804 2636 2868 ὠς
2667 2806 2758 2857 καὶ
2791 2805 2880 2856 τὸν
2918 2806 3094 2856 ἐκεῖσε
3155 2803 3475 2873 μικρότερον
3511 2801 3624 2854 τῶν

2056 2895 2289 2947 ἐνταῦθα
2328 2893 2389 2946 τὸ
2433 2893 2618 2964 μεῖζον
2655 2895 2886 2963 ἐχόντων
2917 2891 3500 2963 μεγαλοπρεπεστέρας
3532 2908 3626 2943 τν-

2055 2987 2170 3056 χεῖν
2202 2985 2429 3057 δωρεᾶς.
2465 2986 2576 3038 Καὶ
2600 2985 2709 3055 γὰρ
2739 2987 2766 3038 6
2803 2985 2900 3055 μὲν
2929 2983 3184 3045 ἐνταῦθα,
3217 2983 3319 3036 κᾶν
3341 2982 3399 3036 τὸ
3439 2981 3625 3052 μεῖζον

2057 3074 2220 3148 εἶχεν,
2268 3078 2368 3129 οὐκ
2418 3071 2529 3147 εἶχε
2575 3079 2633 3130 τὸ
2656 3079 2923 3146 ἄτρεπτον
2953 3092 2969 3106 ·
3004 3079 3032 3128 6
3065 3077 3120 3128 δὲ
3162 3076 3222 3127 ὲν
3266 3077 3332 3145 τῇ
3379 3073 3628 3144 βασιλείᾳ

2056 3169 2164 3221 τῶν
2217 3167 2462 3237 οὐρανῶν
2519 3167 2860 3237 μικρότερος,
2911 3168 3059 3226 ὅστις
3100 3162 3218 3216 ποτ’
3265 3163 3334 3216 ἂν
3374 3159 3432 3236 ᾖ,
3485 3162 3627 3231 ὅπερ

2057 3259 2124 3314 ἂν
2165 3259 2356 3330 ἔφερεν
2385 3258 2607 3325 ἀγαθὸν,
2639 3257 3004 3325 ἀναφαίρετον
3048 3255 3468 3323 ωνεπεφέρετο,
3520 3269 3627 3322 μη-

2057 3351 2244 3422 δαμῶς
2263 3349 2543 3422 ἀρρωστίᾳ
2559 3351 2768 3420 τροπῆς
2797 3347 3168 3417 ὑποκείμενος.

2142 3446 2232 3499 Ἐν
2259 3444 2316 3498 δὲ
2344 3443 2420 3514 τῷ
2447 3449 2526 3512 με’
2554 3442 2831 3511 κεφαλαίῳ
2862 3442 2940 3500 είς
2979 3440 3225 3504 ἐξέτασιν
3253 3438 3375 3508 ἄγει
3419 3436 3536 3499 πῶς
3575 3435 3628 3489 oi

2059 3537 2152 3590 δύο
2193 3539 2252 3590 ὲν
2275 3537 2518 3606 ἑκατέρῳ
2549 3535 2695 3604 γένει
2751 3532 3187 3604 πρωτόπλαστοι,
3222 3532 3250 3584 ὅ
3279 3538 3342 3583 τε
3384 3528 3630 3589 διάϐολος

2063 3629 2156 3682 καὶ
2181 3629 2210 3681 6
2239 3627 2430 3695 Ἀδὰμ,
2472 3627 2676 3688 εὐθέως
2700 3623 3014 3686 κτισθέντες
3043 3621 3321 3687 ἐξέπεσον.
3360 3620 3502 3671 Ἀλλ’
3546 3618 3630 3672 ὅτι

2068 3721 2168 3790 μὲν
2211 3722 2240 3774 6
2291 3719 2465 3788 Ἀδὰμ
2494 3717 2603 3770 τῶν
2642 3716 2796 3786 ἐντῷ
2826 3715 2972 3784 αὑτῷ
3003 3713 3132 3767 εἴδει
3182 3709 3630 3782 πρωτόπλαστος,

2065 3814 2222 3883 δῆλον
2254 3828 2270 3842 ο
2310 3811 2391 3864 ὃτι
2441 3809 2497 3863 δὲ
2544 3809 2636 3861 καὶ
2683 3808 2710 3860 6
2744 3807 3007 3870 διάϐολος,
3036 3807 3095 3859 ὲν
3137 3802 3388 3874 τῷίΊώδ
3442 3817 3631 3870 φησιν,

2067 3903 2256 3974 ὥσπερ
2292 3905 2319 3956 6
2360 3902 2663 3971 στρατηγὸς
2695 3900 3087 3972 πρωτοστάτης
3117 3895 3442 3958 πεπτωκὼς,
3494 3892 3636 3947 Τοῦ-

2066 3998 2135 4052 τό
2195 3998 2366 4052 ἐστιν
2418 3995 2575 4064 ἀρχὴ
2621 3996 2840 4062 Kvplov
2896 3990 3249 4060 πλάσματος
3310 3987 3651 4056 «exempto

2068 4109 2178 4146 νον
2196 4093 2282 4157 εις
2310 4091 2374 4144 τὸ
2415 4089 2871 4150 καταπαιζεσθαι
2905 4086 3024 4142 ὑπὸ
3057 4085 3177 4139 τῶν
3215 4083 3488 4153 ἀγγέλων
3530 4083 3638 4136 αὐ-

2066 4182 2195 4236 τοῦ.
2253 4183 2361 4236 Καὶ
2388 4182 2416 4233 6
2450 4181 2762 4250 προφήτης,
2793 4177 2926 4244 Πῶς
2965 4177 3184 4231 ἔπεσεν
3234 4179 3268 4229 d
3305 4175 3633 4243 ἑωσφόρος,

2068 4279 2103 4331 ὁ
2147 4276 2299 4344 πρωϊ
2362 4275 2750 4335 (iocarentur;
2807 4273 2866 4325 ὐ
2919 4273 3026 4342 γὰρ
3075 4271 3370 4340 ἑωσφόρος,
3418 4270 3514 4323 ἀτε
3569 4268 3636 4338 δὴ

2069 4366 2384 4437 πλησιάζων
2437 4365 2578 4418 κατά
2613 4381 2733 4418 τινα
2777 4359 3002 4434 πορείαν
3051 4362 3251 4432 μᾶλλον
3304 4361 3414 4413 τῶν
3457 4360 3637 4413 ἄλλων

387 4472 519 4527 teris
551 4470 746 4537 stellis,
796 4469 1000 4538 primus
1026 4477 1336 4523 estaurorae
1362 4467 1598 4520 nuntius.
1647 4465 1799 4531 Quod
1839 4482 1960 4535 pro-

2067 4460 2332 4529 ἀστέρων,
2364 4456 2577 4528 πρῶτός
2611 4458 2758 4508 ἐστιν
2807 4454 2959 4524 ἡλίου
3007 4453 3226 4524 κῆρυξ·
3273 4453 3302 4506 ὃ
3348 4451 3637 4518 ἀναλόγως

387 4565 632 4636 portione
654 4565 884 4634 quadam
915 4563 1041 4616 olim
1072 4561 1124 4615 in
1150 4562 1440 4624 diabolum,
1475 4571 1718 4630 respectu
1744 4563 1960 4632 spirita-

2068 4552 2211 4622 ἔχειν
2250 4550 2380 4603 ποτὲ
2406 4551 2497 4601 τδν
2530 4546 2773 4602 διάϐολον
2804 4546 3178 4616 αίνιττόμενον
3209 4543 3268 4596 τὸ
3291 4543 3469 4610 λόγιον
3498 4542 3638 4613 πρὸς

389 4655 455 4711 lis
505 4654 909 4724 jnstitiaa’SolEs
969 4654 1306 4717 convenisse,
1337 4653 1618 4707 obscurius
1684 4653 1960 4722 Scriptura

2067 4644 2158 4695 τὸν
2187 4641 2372 4712 νοητὸν
2403 4640 2502 4710 τῆς
2535 4635 2884 4708 δικαιοσύνης
2916 4637 3068 4707 ἥλιόν
3110 4651 3297 4706 φησιν.
3333 4634 3474 4689 Ἀλλ’
3500 4635 3636 4702 ὅπερ

392 4723 608 4803 indicat.
648 4747 753 4802 Sed
783 4748 921 4816 quod
953 4747 1061 4815 jam
1101 4745 1276 4813 agitur
1303 4761 1317 4798 :
1355 4744 1488 4810 Etsi,
1523 4745 1714 4814 inquit,
1742 4747 1960 4802 minime

2070 4735 2374 4804 πρόκειται,
2405 4731 2454 4784 εί
2498 4731 2590 4784 καὶ
2615 4731 2875 4801 λυπηρὸν,
2905 4729 3076 4799 φησὶ,
3109 4728 3170 4780 τὸ
3199 4727 3464 4797 ἑκατέρας
3523 4723 3641 4777 κτί-

390 4840 680 4909 jucundum
699 4848 960 4894 creatura:
989 4839 1285 4905 utriusque,
1310 4848 1415 4890 tam
1445 4838 1964 4908 intelligibilisquam

392 4946 511 4998 qua:
541 4945 792 4984 sensuum
845 4929 1106 4996 particeps
1133 4939 1238 4989 est.
1275 4928 1658 4996 primogenitos
1689 4931 1740 4982 in
1774 4930 1964 4984 interi-

396 5035 506 5077 tum
546 5023 757 5076 ruisse:
791 5023 1018 5090 posteris
1051 5033 1226 5074 tamen
1254 5021 1504 5074 omnibus
1544 5020 1753 5075 illorum
1790 5021 1970 5090 lapsus

395 5113 449 5168 in
491 5113 849 5167 counnuuitcr
881 5111 1010 5165 utile
1038 5111 1316 5179 exemplar
1334 5110 1669 5179 proponitur,
1696 5109 1959 5177 praeconis

397 5220 548 5260 more
598 5204 928 5266 exclamans,
959 5218 1206 5273 magnum
1240 5210 1298 5255 ut
1330 5200 1712 5257 incolumitatis
1742 5216 1852 5256 suae
1874 5216 1967 5256 cu-

399 5308 512 5352 ram
536 5309 747 5368 gerant.
779 5313 846 5352 ne
880 5305 1114 5350 autcum
1143 5295 1259 5349 istis
1282 5295 1334 5349 in
1362 5295 1546 5347 eadem
1567 5293 1802 5348 incidant
1827 5293 1964 5347 mala

398 5398 492 5442 aut
520 5388 703 5442 talium
727 5399 874 5444 certe
896 5402 1074 5442 rerum
1099 5400 1284 5440 amore
1313 5393 1619 5448 teneantur,
1639 5396 1735 5453 per
1763 5397 1898 5451 quas
1915 5383 1966 5436 in

402 5482 691 5548 perniciem
724 5482 919 5551 aliquis
953 5489 1076 5535 ruat
1109 5498 1122 5533 :
1157 5479 1248 5532 sed
1279 5474 1423 5532 omni
1452 5475 1610 5528 modo
1642 5475 1893 5544 omnique
1917 5475 1969 5530 vi

404 5568 840 5633 inobedientlam,
860 5573 1107 5641 quodque
1136 5585 1228 5638 per
1255 5568 1396 5622 illam
1417 5565 1768 5620 committitur
1784 5579 1975 5633 pecca-

405 5669 519 5713 tum
541 5671 888 5717 exsecrentur
908 5680 920 5715 :
937 5660 1150 5730 quando
1169 5673 1280 5728 ipsa
1298 5671 1510 5727 quoque
1526 5653 1814 5709 crcationis
1832 5655 1972 5709 velut

2072 4842 2232 4887 σεως,
2265 4823 2361 4892 τῆς
2388 4839 2447 4875 τε
2472 4821 2668 4891 νοητῆς
2695 4820 2908 4887 καὶτῆς
2937 4817 3272 4889 μετεχούσης
3299 4816 3408 4868 τῶν
3448 4814 3642 4884 αἰσθή-

2067 4931 2226 4972 σεων.
2260 4915 2387 4976 τοὺς
2426 4914 2794 4984 πρωτογενεῖς
2823 4912 2903 4970 είς
2935 4909 3148 4962 ὄλισθον
3193 4907 3472 4970 ἐκπεσεῖν,
3526 4904 3639 4958 ἀλλ’

2065 5002 2158 5060 οὖν
2209 5006 2321 5067 τοῖς
2359 5004 2484 5073 ἑξῆς
2529 5004 2738 5056 ἅπασαι
2767 5001 2828 5053 τὸ
2854 5000 3080 5053 ἐκείνων
3111 4999 3311 5067 πτῶμα
3363 4997 3498 5068 [562
3548 4994 3640 5067 IL]

2065 5098 2393 5167 κοινωφελὲς
2423 5095 2776 5165 παράδειγμα
2829 5093 3137 5162 πρόκειται,
3185 5092 3427 5162 κήρυκος
3486 5089 3642 5155 δίκην

2073 5188 2388 5259 ἀναφωνοῦν
2436 5186 2640 5256 πολλῆς
2695 5184 2995 5253 ἀσφαλείας
3050 5183 3195 5252 ἔχειν
3229 5181 3512 5252 πρόνοιαν,
3567 5179 3642 5250 μὴ

2072 5287 2187 5348 τοῖς
2217 5284 2396 5346 αὐτοῖς
2428 5283 2773 5353 περιπεσεῖν,
2813 5280 2948 5351 μηδὲ
2980 5280 3226 5348 στέργειν
3254 5277 3319 5329 δι’
3349 5267 3424 5327 ῶν
3454 5275 3518 5328 ἄν
3563 5288 3644 5333 τις

2074 5376 2429 5446 ὀλισθήσειεν,
2485 5373 2619 5427 ἀλλά
2666 5375 2830 5426 παντὶ
2876 5372 3062 5442 τρόπῳ
3096 5370 3190 5422 καὶ
3217 5369 3367 5437 πάσῃ
3416 5366 3645 5432 δυνάμει

2075 5469 2177 5538 τὴν
2205 5466 2490 5539 παρακοήν
2523 5465 2618 5520 καλ⁵
2648 5465 2748 5535 τὴν
2789 5463 2857 5516 δι’
2897 5463 3071 5531 αὐτῆς
3112 5459 3389 5530 ἁμαρτίαν
3431 5456 3647 5528 βδελύτο

2078 5558 2285 5624 τεσθαι,
2331 5557 2383 5610 εἴ
2426 5575 2489 5626 γε
2530 5557 2624 5610 καὶ
2653 5555 2792 5609 αὐτὰ
2818 5556 2916 5624 τῆς
2948 5551 3329 5623 ,δημιουργίας
3371 5551 3440 5604 τὰ
3486 5548 3645 5600 οἱονεὶ

2085 5651 2260 5722 βάθρα
2314 5649 2410 5704 καὶ
2455 5647 2681 5719 θεμέλια
2713 5645 2788 5717 μὴ
2825 5646 2922 5716 τῆς
2951 5643 3175 5713 δεούσης
3209 5641 3435 5704 ἑαυτοὺς
3480 5635 3643 5708 ἀξιῶ-

477 5778 503 5806 ι
532 5769 714 5827 Matth.
742 5788 799 5834 ιι,
834 5773 887 5826 2.
966 5781 990 5821 .V
1018 5771 1134 5828 Job.
1167 5787 1229 5824 χι.
1273 5769 1358 5837 Η,
1384 5783 1486 5821 sec.
1516 5764 1680 5820 LXX.
1753 5775 1775 5803 ι
1801 5766 1901 5821 lsa.
1941 5782 2052 5833 χιιι,
2087 5767 2170 5820 1'2.
