3972 6248
336 321 445 386 829

339 447 531 495 σαντες
559 431 834 502 προσοχῆς
870 431 964 486 ἐπὶ
997 432 1246 490 τοσοῦτον
1280 433 1329 467 ⁸³
1348 452 1364 467 ο
1384 437 1433 470 ⁸⁸
1451 436 1781 511 ὠλίσθησαν.
1802 444 1903 494 Δια

334 520 499 575 τοῦτο
525 520 635 592 γὰρ
658 522 753 575 καὶ
776 521 805 574 ό
831 524 994 593 σοφὸς
1028 524 1183 595 ἡμῶν
1210 526 1455 597 πλάστης
1474 530 1568 584 καὶ
1596 531 1903 603 προνοητὴς

335 613 475 682 πρὸς
523 615 901 688 σωφρονισμόν
930 617 1040 670 τῶν
1078 619 1217 689 μετὰ
1262 620 1434 673 ταῦτα
1488 621 1707 676 πάντων
1760 640 1903 694 παρ-

336 707 536 760 αυτίκα
552 709 648 761 καὶ
669 709 775 780 πρὸ
798 707 993 779 καιροῦ
1009 711 1207 781 τρόπον
1230 712 1350 766 τινὰ
1370 713 1615 785 ἐκατέρῳ
1638 714 1903 787 προσάγει

332 798 435 869 τὴν
464 799 706 864 κόλασιν,
742 800 834 853 τὸν
867 801 964 871 μέν
992 801 1072 873 τῷ
1104 801 1283 875 θνητῷ
1313 804 1704 871 καταδικάσας,
1737 805 1815 877 τῷ
1843 808 1901 860 δὲ

332 888 435 958 τὴν
465 888 648 960 χώραν
676 890 916 961 ἀμείψας
954 894 1048 946 καὶ
1083 893 1203 947 ἀντὶ
1223 894 1323 963 τῆς
1354 895 1467 948 ἄνω
1493 897 1584 949 καὶ
1625 897 1905 968 μακαρίας

331 980 618 1051 διατριϐῆς
669 981 729 1034 τὸ
785 983 974 1045 σκότος
1029 985 1277 1048 ἀντιδοὺς
1320 987 1415 1040 καὶ
1461 986 1554 1040 τὸν
1606 988 1900 1060 τάρταρον,

333 1070 582 1142 ἐκατέρῳ
630 1073 792 1126 πάθει
826 1075 1163 1144 κατάλληλον
1200 1077 1437 1147 κεράσας
1486 1078 1548 1131 τὸ
1587 1079 1899 1149 φάρμακον.

345 1161 406 1214 Ὀ
440 1165 539 1233 μὲν
571 1163 681 1234 γὰρ
710 1164 884 1234 Ἀδὰμ
920 1165 1051 1228 Θεὸς
1098 1165 1317 1221 ἔσεσθαι
1362 1168 1591 1237 νομίσας
1639 1171 1730 1222 καὶ
1777 1170 1905 1231 τούς

331 1252 649 1323 ὀφθαλμοὺς
678 1255 863 1325 φέρειν
901 1256 1281 1326 ἀνεῳγμένους
1316 1258 1409 1310 καὶ
1438 1257 1640 1325 γνῶσιν
1677 1258 1905 1328 πλουτῆ-

336 1361 429 1407 σαι
470 1344 514 1375 "
565 1344 662 1397 τοῦ
710 1344 877 1398 καλοῦ
916 1363 975 1398 τε
1020 1346 1242 1399 καὶτοῦ
1294 1347 1554 1418 πονηροῦ,
1608 1348 1799 1416 θνητός
1843 1367 1903 1402 τε

331 1434 550 1506 ἐδείχθη
575 1437 670 1488 καὶ
689 1437 1025 1507 πολυπαθὴς,
1050 1438 1143 1490 καὶ
1166 1439 1361 1509 μικροῦ
1376 1438 1791 1507 τυφλώττουσαν
1812 1441 1904 1493 καὶ

331 1528 710 1592 παντοδαπῶς
755 1528 977 1596 ἀγνοίας
1009 1530 1209 1600 μεστὴν
1245 1534 1406 1599 φύσιν
1434 1532 1701 1601 ἠνέγκατο
1732 1549 1745 1562 '
1771 1536 1798 1586 ὁ
1848 1534 1903 1587 δὲ

326 1619 424 1669 τὸν
472 1619 517 1650 ⁸⁸
575 1618 763 1689 θρόνον
810 1622 890 1683 είς
934 1622 1024 1672 τὸν
1062 1622 1290 1693 οὐρανὸν
1321 1625 1386 1693 τῇ
1419 1624 1693 1694 φαντασίᾳ
1736 1624 1905 1688 τιθεὶς

328 1711 425 1762 καὶ
471 1712 655 1781 ὅμοιος
683 1711 762 1781 τῷ
810 1710 1047 1783 ’Υψίστῳ
1089 1714 1382 1781 γενόμενος
1415 1715 1518 1767 ὐπὸ
1567 1719 1670 1785 γῆν
1716 1733 1774 1767 τε
1824 1716 1899 1769 διο
1932 1706 1973 1762 Β

329 1801 506 1864 καίως
530 1802 727 1873 ἐρρίφη
766 1803 859 1855 καὶ
907 1804 1033 1865 τοὺς
1087 1805 1414 1876 ταρταρίους
1461 1805 1627 1858 ὑπέδυ
1676 1806 1896 1875 μυχοὺς,

330 1894 428 1947 καὶ
456 1895 677 1963 γέγονεν
702 1896 888 1956 αὐτοῖς
925 1895 956 1963 ἡ
986 1896 1261 1964 ἀπληστία
1288 1897 1379 1950 καὶ
1402 1896 1502 1967 τῆς
1534 1899 1592 1949 ἐν
1617 1891 1696 1961 οἷς
1725 1898 1903 1969 ὑπῆρ-

327 2002 426 2056 χον
480 1986 820 2056 συμμετρίας
874 1988 1209 2049 ἀπόπτωσις.
1262 1987 1568 2058 ’ἰατρικῆς
1601 1989 1658 2042 δὲ
1714 1988 1901 2056 σοφίας

328 2076 425 2127 καὶ
447 2076 506 2127 τὸ
524 2075 853 2147 προσφέρειν
872 2080 984 2139 τοῖς
1006 2076 1273 2140 ἐναντίοις
1318 2078 1386 2130 τὰ
1412 2080 1630 2131 ἐναντία
1674 2079 1898 2146 ἰάματα.

327 2165 452 2238 [661
497 2167 590 2238 1ὶ.]
626 2169 765 2221 Ἀλλ’
799 2174 856 2222 ἐν
884 2172 1096 2232 τούτοις
1131 2170 1228 2241 μὲν
1266 2170 1343 2240 τῷ
1384 2171 1666 2241 ἱερομαθεί
1695 2189 1754 2224 τε
1807 2173 1902 2225 καὶ

326 2259 679 2330 φιλοθεάμονι
726 2262 786 2314 τὸ
820 2267 861 2313 ε’
892 2261 983 2314 καὶ
1020 2261 1071 2330 μ’
1096 2261 1156 2315 τὸ
1198 2263 1373 2334 πέρας
1417 2264 1755 2337 ἀποφέρεται
1805 2281 1900 2317 κε-

326 2352 579 2419 φάλαιον.

1036 2448 1237 2517 sura:

322 2538 615 2607 Διοδώρου
665 2540 1000 2595 ἐπισκόπου
1059 2542 1287 2609 Ταρσοῦ
1332 2541 1481 2595 κατὰ
1519 2542 1896 2612 εἱμαρμένης.

401 2628 745 2701 Ἀνεγνώσθη
764 2632 1010 2695 βιϐλίον
1039 2633 1306 2703 Διοδώρου
1344 2633 1389 2666 ⁸⁸
1423 2634 1726 2688 ἐπισκόπου
1757 2637 1901 2707 Tap-

325 2716 425 2770 σοῦ
454 2719 604 2771 κατὰ
637 2720 1014 2789 εἱμαρμένης,
1048 2723 1104 2774 ἐν
1137 2722 1314 2790 λόγοις
1349 2722 1447 2793 μὲν
1483 2729 1555 2794 η’,
1584 2725 1896 2793 κεφαλαίοις

320 2813 382 2865 δὲ
403 2810 451 2880 γ’
476 2814 571 2866 καὶ
592 2818 654 2866 ν’.
685 2814 843 2865 Ἐστι
872 2815 972 2883 μὲν
988 2813 1078 2879 οὐν
1096 2815 1153 2868 ἐν
1172 2814 1383 2877 τούτοις
1412 2814 1653 2868 εὐσεϐῶν
1681 2816 1709 2867 ό
1734 2817 1895 2886 ἀνὴρ,

321 2905 418 2958 καὶ
468 2903 588 2956 οὐδὲ
636 2904 765 2975 περὶ
797 2905 898 2973 τὴν
927 2905 1084 2972 δόξαν
1122 2906 1217 2959 τοῦ
1266 2905 1395 2959 Υἱοῦ
1427 2906 1520 2960 τοῦ
1555 2907 1715 2971 Θεοῦ,
1750 2909 1816 2978 ἢν
1863 2910 1895 2976 ή

317 2996 417 3048 τοῦ
476 2996 773 3066 Νεστορίου
810 2995 984 3051 λύσσα
1039 2996 1451 3068 διασπαράττει,
1490 2998 1856 3069 σφαλλόμενος
1879 3014 1892 3027 ·

1336 324 1860 392 BIBLIOTHECA.
1900 357 1970 368 -
2007 330 2171 395 COD.
2188 330 2497 393 CCXXIII.

3484 332 3589 396 830

2003 439 2351 496 fundamenta
2381 454 2446 517 ac
2472 439 2651 504 bases,
2674 439 2799 493 dum
2841 447 3101 508 quantum
3130 447 3443 508 oportuerat
3483 440 3589 499 sibi

2003 548 2110 587 non
2132 534 2433 599 attendunt,
2468 542 2574 585 tam
2598 530 2828 600 turpiter
2857 530 3017 601 lapsa:
3041 540 3186 586 sunt.
3225 530 3360 585 Nam
3386 541 3439 585 et
3456 545 3583 598 pro-

2005 633 2189 694 pterea
2214 624 2431 694 sapiens
2457 624 2735 678 hominum
2762 622 3028 678 formator
3064 633 3232 692 atque
3267 631 3489 678 curator
3515 625 3583 678 ad

2008 715 2170 768 totius
2204 713 2979 783 poSteritatisemendationem
3010 716 3213 776 statim,
3235 723 3290 767 et
3320 714 3583 782 quodam-

2007 808 2164 861 modo
2204 817 2333 862 ante
2372 816 2578 876 tempus
2611 807 2825 875 utrique
2856 820 3068 874 pinnam
3110 806 3325 876 inﬂigit,
3354 807 3586 861 alterum

2003 898 2216 965 quidem
2243 907 2414 951 morte
2442 898 2742 953 damnando
2772 914 2785 949 :
2819 897 2974 953 alteri
2997 913 3127 953 vero
3162 898 3335 953 locum
3373 913 3589 965 permu-

2006 984 2183 1048 tando,
2199 993 2253 1035 et
2273 999 2367 1050 pro
2388 1000 2581 1055 supera
2595 986 2860 1053 beataque
2877 986 3007 1052 vita,
3023 986 3272 1041 tenebras
3296 987 3587 1053 rependen-

2004 1078 2072 1128 do
2106 1089 2168 1128 ac
2198 1073 2728 1143 Tartarum.utrique
2756 1075 2888 1131 vitio
2928 1076 3069 1143 quod
3099 1076 3404 1139 conveniat,
3424 1076 3588 1130 misto

2006 1167 2317 1234 pbarmaco.
2354 1167 2518 1221 Deum
2556 1168 2700 1221 enim
2740 1165 2973 1234 aliquem
3016 1166 3132 1220 fore
3167 1166 3416 1220 seAdam
3441 1165 3590 1221 arbi-

1960 1296 1963 1297 ν
2007 1266 2198 1322 tratus,
2229 1268 2557 1328 apertosque
2586 1268 2923 1327 gestaturum
2951 1257 3157 1323 oculos,
3186 1267 3240 1312 et
3275 1257 3398 1311 boui
3439 1257 3588 1313 insu-

2004 1367 2100 1421 per
2130 1366 2194 1405 ac
2224 1350 2353 1403 mali
2394 1350 2699 1417 cognitione
2732 1350 3013 1403 ditandum
3047 1367 3061 1402 :
3098 1347 3340 1403 mortalis
3381 1348 3586 1419 [subito

2005 1454 2061 1497 et
2116 1442 2282 1496 variis
2346 1441 2684 1508 passionibus
2729 1440 2994 1494 obnoxius
3021 1454 3142 1494 esse
3182 1439 3584 1494 demonstratus

2005 1544 2107 1599 est,
2163 1543 2482 1589 occalcatam
2524 1532 2695 1587 ferme
2720 1548 2783 1587 ac
2834 1531 3006 1606 varia.
3036 1532 3339 1602 ignorantia
3370 1530 3582 1602 plenam

2006 1638 2253 1681 naturam
2286 1625 2532 1680 sortitus.
2583 1624 2683 1691 Qui
2708 1640 2838 1680 vero
2877 1624 3192 1693 animojam
3232 1628 3486 1678 thronum
3528 1624 3584 1680 in

2003 1720 2139 1775 cmlo
2163 1718 2473 1784 collocarat,
2505 1717 2602 1788 ipsi
2633 1732 2847 1786 quoque
2873 1717 3151 1772 Altissimo
3191 1715 3383 1770 similis
3409 1714 3585 1769 factus

2005 1812 2194 1866 merito
2207 1814 2305 1865 sub
2326 1822 2525 1864 terram
2544 1807 2782 1875 deiectus
2798 1807 3086 1862 Tartareas
3102 1820 3367 1861 cavernas
3391 1803 3581 1862 subiit.

2002 1901 2078 1957 lta
2123 1904 2173 1958 bi
2206 1918 2300 1971 per
2360 1901 2718 1956 insatiabilem
2768 1899 3122 1970 cupiditatem
3179 1898 3247 1952 ab
3275 1912 3342 1951 eo
3387 1897 3584 1967 inquo

2001 2004 2155 2050 erant
2192 1995 2456 2050 bonorum
2498 2001 2921 2061 temperamento
2979 1990 3329 2053 exciderunt;
3390 1986 3583 2043 medici

2000 2101 2128 2141 vero
2149 2086 2406 2154 sapientis
2434 2085 2530 2138 fuit
2562 2082 2849 2138 contrariis
2870 2095 3140 2150 opponere
3166 2080 3438 2135 contraria
3467 2092 3584 2134 me-

2000 2178 2324 2232 dicamenta.
2354 2174 2549 2228 Verum
2578 2177 2629 2229 in
2665 2175 2749 2228 his
2780 2188 3055 2229 sacrarqu
3097 2171 3187 2225 ille
3225 2186 3403 2225 rerum
3441 2169 3583 2241 peric

2000 2278 2107 2331 tus,
2140 2276 2193 2321 et
2240 2266 2707 2335 contemplationis
2766 2279 2956 2318 amans
2979 2265 3212 2332 scriptor
3252 2263 3495 2332 quintum
3526 2269 3581 2316 et

2000 2358 2472 2430 quadragesimum
2507 2366 2670 2425 caput
2707 2356 2959 2411 absolvit.

2537 2448 2731 2519 203i
2762 2446 3034 2503 ccxxru.

2196 2543 2460 2597 Diodorus
2489 2541 2642 2595 Tarsi
2671 2542 2938 2609 episcopus
2979 2538 3174 2593 Contra
3208 2537 3400 2607 fattun.

2069 2635 2290 2690 Lectum
2320 2643 2402 2688 est
2437 2634 2608 2687 Diodo
2628 2634 2667 2685 ri
2697 2632 2807 2702 (58)
2845 2632 3085 2701 episcopi
3110 2629 3400 2683 Tarsensis
3431 2627 3585 2697 Opus

1998 2728 2245 2779 adversus
2287 2724 2482 2792 fatum,
2522 2723 2671 2776 libris
2705 2734 2847 2785 octo,
2887 2738 2950 2775 ac
3009 2723 3181 2776 tribus
3223 2737 3383 2789 supra
3414 2720 3578 2789 quin-

2000 2818 2253 2887 quaginta
2288 2818 2554 2886 Capitibus
2582 2816 2913 2870 distinctum.
2948 2814 3152 2881 Quibus
3196 2816 3247 2868 in
3286 2815 3436 2869 libris
3458 2813 3579 2880 pius

1999 2906 2213 2975 quidem
2240 2914 2322 2957 est
2369 2904 2457 2957 hic
2479 2903 2734 2971 scriptor,
2769 2918 2943 2972 neque
2988 2904 3038 2956 iu
3070 2919 3187 2956 eam
3222 2915 3426 2957 sectam
3456 2902 3573 2970 {59)

1998 3000 2065 3053 de
2099 2999 2189 3052 Dei
2238 2995 2393 3058 Filio,
2424 3011 2580 3063 quem
2614 2996 2777 3062 impia
2792 2994 3021 3049 Nestorii
3056 2996 3236 3050 rabies
3283 2996 3571 3059 dissecuit,

318 3090 436 3151 τοῖς
474 3086 532 3139 δὲ
564 3088 991 3158 ἐπιχειρήμασιν
1030 3088 1144 3141 ἔστι
1182 3088 1280 3159 μὲν
1335 3082 1415 3152 οἷς
1466 3088 1642 3159 ὀρθῶς
1688 3106 1748 3142 τε
1800 3092 1892 3142 καὶ

2000 3091 2296 3147 aberrando
2340 3088 2594 3144 deﬂectit.
2657 3086 2860 3141 Verum
2929 3087 2982 3141 iu
3042 3090 3410 3157 argumentis,
3470 3089 3575 3145 etsi

317 3178 535 3248 εὐφυῶς
568 3177 868 3243 ἐπιϐάλλει,
902 3178 1193 3249 διελέγχων
1238 3181 1367 3242 τούς
1409 3179 1506 3251 τὴν
1553 3180 1894 3251 εἱμαρμένην

318 3271 665 3335 δοξάζοντας,
696 3270 891 3323 ἔστιδὲ
915 3271 1052 3324 ὅπου
1099 3272 1234 3343 πρὸς
1282 3272 1440 3341 μόνον
1480 3272 1542 3323 τὸ
1572 3272 1894 3341 φαινόμενον

315 3364 413 3418 τὸν
445 3364 633 3432 ἀγῶνα
668 3364 843 3434 φέρει,
878 3364 970 3417 καὶ
1002 3364 1136 3433 μηδὲ
1166 3364 1354 3434 σαφῶς
1393 3363 1453 3416 τὸ
1480 3364 1588 3417 τῶν
1620 3365 1891 3417 ἐναντίων

315 3456 629 3527 ἐξακριόῶν
682 3456 882 3525 δόγμα.
942 3457 1107 3510 Ὅθεν
1157 3457 1419 3520 πολλάκις
1477 3459 1579 3511 οὐκ
1632 3458 1891 3519 ἐκείνοις,

314 3548 460 3618 πρὸς
504 3545 597 3610 οὓς
640 3550 670 3601 ό
709 3548 968 3618 πόλεμος,
1009 3548 1126 3601 ἀλλ’
1181 3550 1387 3618 ἑτέροις
1441 3548 1642 3619 μᾶλλον
1691 3548 1894 3613 δόξειεν

313 3638 387 3693 ἂν
430 3639 811 3710 διαμάχεσθαι.
863 3641 1011 3711 Πλὴν
1047 3641 1077 3694 ὅ
1113 3658 1177 3711 γε
1212 3640 1511 3711 εὐγνώμων
1560 3639 1753 3711 κριτὴς
1796 3641 1895 3711 οὐχ

314 3730 465 3801 ὑπὲρ
496 3724 570 3784 ῶν
601 3731 701 3784 οὐκ
734 3731 1007 3802 εὐστόχως
1034 3730 1252 3802 ἐνιαχοῦ
1295 3731 1520 3801 φέρεται
1566 3730 1896 3801 μωμήσαιτό

315 3819 387 3873 ἄν
414 3835 429 3850 °
484 3821 625 3891 ὑπὲρ
652 3814 729 3875 ὧν
781 3822 837 3874 δέ
887 3819 1179 3884 σπουδάζει
1225 3821 1323 3892 τὴν
1352 3822 1396 3853 ⁶⁰
1429 3820 1528 3891 τῆς
1556 3818 1895 3890 εἱμαρμένης

315 3912 530 3983 πλάνην
560 3914 933 3981 κατενεγκεῖν,
970 3914 1065 3966 καὶ
1097 3913 1173 3976 ὡς
1200 3914 1300 3965 οὐκ
1329 3912 1388 3965 ἐν
1410 3912 1615 3980 ὀλίγοις
1641 3912 1761 3966 κατ’
1801 3913 1897 3965 αὐ-

312 4005 417 4076 τῆς
466 4006 762 4074 εὐδοκιμεῖ,
803 4005 892 4059 τὸν
934 4005 1106 4076 ἄνδρα
1148 4006 1316 4076 τιμῆς
1344 4006 1440 4058 καὶ
1470 4006 1694 4075 χάριτος
1744 4005 1895 4069 ἄξιον

313 4096 667 4166 ἁνομολογεῖν
691 4098 805 4150 ἐστι
845 4096 1053 4160 δίκαιος
1083 4098 1150 4151 ⁸³.
1184 4097 1279 4150 Ἐν
1307 4098 1490 4166 μέντοι
1525 4113 1590 4163 γε
1610 4096 1690 4167 τῷ
1720 4103 1767 4150 α’
1797 4098 1895 4149 καὶ

311 4194 359 4239 ν’
397 4188 696 4259 κεφαλαίῳ,
748 4191 865 4260 ἅμα
909 4190 1009 4259 τὴν
1056 4189 1156 4260 τῆς
1198 4189 1541 4260 εἱμαρμένης
1590 4190 1895 4243 κατασείων

312 4278 494 4347 δόξαν,
552 4282 647 4334 καὶ
699 4281 798 4352 τὴν
829 4282 1164 4352 Βαρδισάνου
1222 4282 1696 4352 συνεπιρῤαπίζει.
1737 4281 1888 4352 Αὕτη

313 4371 374 4424 δὲ
415 4373 696 4445 ἡμιμανής
729 4374 811 4435 τίς
856 4373 974 4427 ἐστι
1015 4374 1110 4426 καὶ
1145 4375 1414 4444 ἡμίτομος
1439 4391 1456 4407 ο
1489 4374 1589 4444 τὴν
1627 4375 1726 4445 μὲν
1776 4374 1886 4443 γὰρ

310 4461 490 4532 ψυχὴν
519 4465 861 4535 εἱμαρμένης
898 4482 958 4518 τε
990 4466 1083 4518 καὶ
1129 4466 1228 4535 τῆς
1273 4464 1573 4536 λεγομένης
1602 4465 1884 4534 γενεθλια-

309 4552 499 4627 λογίας
524 4554 813 4629 ἐλευθέραν
861 4555 1112 4620 ἀπολύει,
1162 4555 1442 4627 συντηρῶν
1481 4557 1621 4628 αὐτῇ
1667 4558 1729 4609 τὸ
1755 4557 1887 4610 αὐτ-

1994 3186 2236 3253 quacdam
2290 3193 2436 3235 recte
2477 3180 2610 3236 satis
2650 3194 2714 3233 ac
2756 3180 2976 3234 dextere
3016 3181 3257 3247 adhibet,
3290 3182 3427 3253 dum
3477 3182 3576 3236 fall

1993 3274 2299 3327 laudatores
2327 3280 2617 3342 Oppugnat,
2669 3270 2810 3327 alias
2833 3281 3016 3324 tamen
3048 3287 3224 3338 neque
3244 3272 3380 3327 satis
3403 3273 3571 3341 clare,

1996 3378 2169 3433 neque
2200 3363 2336 3418 satis
2366 3373 2623 3419 accurate
2671 3362 3103 3418 adversariorum
3155 3360 3350 3431 dogma
3382 3377 3572 3428 perse-

1995 3464 2174 3517 cutus,
2210 3470 2272 3508 ea
2303 3467 2617 3523 oppugnare
2658 3451 2990 3523 aggreditur,
3032 3466 3151 3518 quae
3176 3451 3410 3518 speciem
3433 3450 3575 3505 dun-

1997 3552 2144 3598 taxat
2195 3543 2463 3610 dogmatis
2522 3557 2633 3610 prae
2665 3555 2727 3596 se
2779 3540 2975 3595 ferant.
3027 3541 3157 3594 lude
3200 3555 3572 3608 sarpenumero

1994 3650 2100 3690 non
2136 3650 2259 3689 cum
2295 3633 2423 3697 illis,
2465 3632 2788 3701 quibuscum
2832 3639 3109 3685 certamen
3165 3631 3427 3698 suscepit,
3475 3630 3571 3686 sed

1994 3742 2114 3780 cum
2165 3726 2288 3779 aliis
2347 3725 2527 3794 potius
2572 3722 2894 3791 quibusdam
2951 3736 3192 3790 pugnare
3250 3731 3562 3775 censeatur.

1994 3817 2315 3885 Quanquam
2365 3816 2501 3869 bene
2548 3814 2790 3868 sentiens
2834 3812 3057 3876 arbiter,
3106 3826 3211 3866 non
3243 3813 3311 3866 ob
3337 3812 3387 3867 id
3424 3814 3570 3881 quod

1993 3909 2172 3964 minus
2200 3906 2435 3961 feliciter
2465 3905 2661 3959 alicubi
2698 3905 2837 3959 hanc
2871 3918 2981 3957 rem
3012 3913 3155 3973 agat,
3186 3904 3569 3971 reprehensum

1993 4016 2115 4057 eum
2147 4000 2273 4055 velit
2311 4017 2324 4052 :
2355 4014 2475 4052 cum
2505 4013 2570 4051 ex
2614 4012 2679 4052 eo
2722 3997 2915 4051 saltem
2980 3996 3156 4051 lionor
3206 3995 3279 4049 illi
3317 4006 3365 4050 et
3395 3996 3571 4065 gratia

1992 4091 2188 4146 merito
2214 4090 2500 4152 debeatur,
2542 4088 2687 4156 quod
2717 4102 2823 4142 non
2848 4087 3087 4150 sine,sua
3122 4088 3175 4141 in
3208 4087 3391 4142 multis
3415 4084 3575 4143 laude

1994 4183 2261 4259 [noxium]
2297 4184 2363 4237 de
2395 4183 2507 4237 fato
2544 4196 2788 4236 errorem
2847 4181 3154 4251 opprimere
3201 4181 3473 4235 inoliatur.
3510 4179 3569 4235 In

1994 4278 2169 4347 primo
2192 4273 2411 4344 quidem
2442 4284 2593 4328 certe
2620 4281 2675 4326 et
2693 4273 3149 4341 quinquagesinm
3177 4271 3374 4340 capite,
3407 4269 3571 4325 simul

1994 4371 2118 4423 dum
2146 4368 2238 4422 fati
2266 4365 2574 4436 Opinionem
2616 4364 2891 4427 convellit,
2928 4364 3093 4418 etiam
3123 4362 3434 4417 Bardisanis
3453 4361 3567 4431 (60)

1992 4460 2314 4517 sententiam
2351 4457 2544 4511 refellit
2573 4473 2588 4509 :
2620 4470 2739 4525 quae
2776 4454 2891 4523 ipsa
2956 4465 3013 4507 ut
3038 4470 3069 4509 e
3101 4454 3324 4508 dimidio
3374 4453 3442 4508 ab
3475 4452 3567 4505 illa

2000 4552 2223 4614 reiecta,
2258 4554 2329 4604 ita
2359 4548 2493 4604 semi
2531 4547 2722 4601 insana
2759 4546 3062 4601 etiamnum
3108 4543 3393 4599 remansit.
3430 4541 3564 4597 Nam

1600 4752 1836 4810 VARI/l5
1870 4747 2287 4809 LECTIONES.

379 4893 521 4927 "'5‘
541 4892 762 4946 τοσοῦτο
784 4911 846 4959 ς.
922 4893 966 4925 ⁵⁷
997 4891 1120 4947 libri
1150 4890 1451 4945 πλουτίσαι.

307 4962 383 5027 ὡς
417 4963 625 5036 προῖὼν
667 4964 943 5035 εὑρήσεις.

1530 4891 1574 4922 ⁵⁸
1606 4891 1698 4943 τὸν
1725 4900 1846 4959 post
1874 4890 1954 4951 εἰς
1988 4886 2111 4942 add.
2145 4886 2209 4939 A.
2286 4883 2331 4916 ”
2360 4878 2684 4948 ΘεοδώρονΛ
2713 4893 2752 4941 ς
2782 4894 2796 4929 :
2828 4876 2922 4931 scil
2950 4892 3055 4947 mg.
3087 4878 3129 4929 A
3153 4893 3243 4946 γρ.
3271 4873 3563 4946 Διοδώρου,

1022 4964 1069 4995 ⁶⁰
1101 4963 1199 5034 τὴν
1245 4963 1367 5017 add.
1404 4965 1469 5016 Α.
1546 4962 1589 4992 ³³
1625 4962 1833 5015 δίκαιον
1867 4978 1930 5024 ς.

1827 5071 2058 5133 NOTAE.

381 5197 496 5268 (58)
521 5197 813 5251 Diodorum
847 5200 1029 5269 potius
1054 5214 1215 5268 quam
1254 5197 1588 5269 Theodorum
1616 5195 1889 5269 appellare

303 5264 507 5346 placuit
537 5286 552 5321 :
579 5285 699 5323 cum
729 5264 870 5352 quod
903 5280 1021 5352 post
1048 5264 1225 5352 paulo
1263 5284 1301 5351 a.
1329 5267 1558 5352 _Pb.otio.
1588 5267 1666 5319 sic
1715 5264 1889 5352 nolui:

305 5334 488 5401 inetur,
528 5348 638 5392 lum
662 5334 804 5407 quod
833 5334 1018 5394 suidas
1048 5334 1302 5394 Tarsensi
1329 5338 1455 5392 huic
1477 5336 1728 5406 episcopo
1745 5334 1889 5387 κατὰ

301 5408 756 5480 ἀστρονόμωνκαὶ
778 5411 1123 5480 ἀστρολόγων
1143 5411 1238 5463 καὶ
1260 5408 1606 5480 εἱμαρμένης
1640 5421 1775 5475 opus
1804 5412 1887 5457 at-

302 5477 532 5534 tribuat.
548 5477 702 5532 ’ldem
726 5477 962 5533 tractant
992 5477 1371 5548 argmnentuin
1389 5478 1447 5532 Β,
1465 5478 1884 5546 Cbrysostomus

299 5565 399 5603 Sex
429 5564 479 5602 v1
512 5549 748 5603 homiliis
783 5549 860 5603 De
905 5548 1065 5614 Fato;
1095 5559 1149 5604 et
1186 5551 1333 5603 hom.
1380 5550 1404 5600 l
1468 5548 1520 5602 in
1568 5561 1686 5615 cap.
1727 5561 1768 5610 ι,
1813 5548 1883 5615 ad

302 5618 503 5674 Timot.
539 5619 733 5673 Euseb.
768 5629 879 5675 toto
923 5620 1062 5675 libro
1088 5635 1157 5672 vt.
1196 5620 1269 5673 De
1320 5627 1605 5686 ναρρατ-αι.
1635 5613 1878 5684 ἐυαηθεί.

302 5690 499 5745 Cicero
524 5689 595 5743 De
616 5690 836 5744 divinat.
864 5700 917 5745 et
943 5691 1016 5742 De
1049 5687 1208 5743 Fato.
1238 5689 1538 5742 Alexander
1558 5686 1878 5758 Aphrodisi-

301 5776 404 5817 cus
427 5758 745 5847 Favorinus,
776 5763 916 5837 apud
942 5761 1089 5832 Aget.
1122 5758 1257 5822 XIV,
1284 5775 1402 5829 cap.
1436 5773 1473 5815 I.

2016 5262 2029 5275 .
2060 5190 2173 5262 (59)
2213 5188 2496 5275 _Ob_qnam
2526 5182 2664 5238 male
2692 5182 2967 5237 audivisse
3003 5197 3163 5251 supra
3190 5179 3391 5234 indicat
3423 5180 3563 5235 Pho-

1990 5258 2099 5317 tius
2126 5258 2246 5315 eod.
2294 5258 2418 5313 102.

2056 5331 2168 5403 (60)
2204 5329 2380 5383 Habes
2410 5340 2532 5403 eam
2574 5324 2714 5403 apud
2738 5322 2936 5377 Euseb.
2965 5320 3059 5403 lib.
3090 5336 3144 5403 iv
3177 5322 3253 5372 De
3271 5330 3559 5403 pra'paral.

1982 5391 2162 5472 eva‘ng:
2194 5414 2314 5466 cap.
2344 5413 2460 5451 vm.
2496 5396 2568 5478 pe
2605 5391 2715 5462 ipsa
2750 5409 2912 5460 porro
2962 5391 3257 5471 Bardisane
3309 5392 3562 5459 legendus

1982 5474 2180 5528 Euseb.
2216 5470 2308 5523 lib.
2345 5484 2416 5530 IV,
2439 5464 2583 5519 Hm.
2604 5479 2723 5530 cap.
2748 5463 2848 5525 28;
2880 5462 2939 5515 Β.
2966 5459 3186 5513 Hieron.
3207 5458 3556 5530 inCatalogo,

1982 5470 2180 5528 Euseb.
2216 5470 2308 5523 lib.
2345 5484 2416 5533 IV,
2439 5470 2583 5519 Hist.
2604 5479 2723 5530 cap.
2748 5470 2848 5525 28;
2880 5470 2939 5515 IS.
2966 5470 3186 5513 Hieran.
3207 5470 3556 5529 Inbatalogo,

1987 5558 2109 5615 gap,
2129 5542 2231 5604 45;
2260 5538 2483 5615 Nicepli.
2527 5535 2618 5587 lib.
2644 5530 2974 5615 4,_cap."25',‘
3008 5530 3193 5615 ctdib.
3219 5529 3276 5615 ἢ,
3301 5545 3420 5598 cap.

1988 5600 2435 5681 B.'Augustin_us,
2469 5607 2661 5681 haeres.
2698 5602 2900 5681 33;-
2934 5600 3197 5681 Epiphan.
3241 5600 3432 5657 haeres.
3460 5601 3558 5672 10;

1988 5671 2313 5740 Theodbret.
2346 5678 2439 5734 lib.
2475 5692 2513 5744 ι,
2549 5673 2750 5730 Ilwm.
2794 5671 2965 5742 fabul.
