3972 6248
377 322 478 390 831

1504 319 1768 380 PHOTII
1807 317 2311 380 PATRIARCIMS
2341 318 2450 379 ΟΡ.

3517 314 3628 383 832

374 444 477 494 etsi
510 439 746 495 animam
767 439 984 508 quidem
1011 452 1040 491 a
1068 437 1198 497 l'ato.
1231 445 1286 490 et
1317 451 1346 490 a
1383 436 1626 490 natalitia
1667 434 1944 490 notatione
1973 471 1981 494 λ

2085 433 2325 500 ξούσιον,
2383 432 2676 488 ὑποτάττει
2736 433 2794 486 δὲ
2846 433 2913 504 τῇ
2965 431 3174 502 ταύτης
3252 429 3516 499 διοικήσει
3561 433 3627 487 τὸ

375 545 497 598 qua:
526 531 744 594 dicitur,
787 530 1008 584 liberam
1052 530 1320 594 dimittit,
1376 529 1584 583 arbitrii
1642 528 1944 582 libertatem

371 618 455 674 illi
492 620 882 683 conservando,
939 632 1134 686 corpus
1172 629 1375 682 tamen,
1426 627 1481 674 et
1514 633 1854 688 quaecunque
1879 618 1949 673 ad

369 726 574 780 corpus
613 719 880 781 spectant,
909 710 1019 764 fato
1049 710 1396 778 gubernanda
1435 711 1672 779 subjicit.
1699 710 1946 776 Divitias,

373 805 624 872 inquam,
683 811 999 868 egestatem,
1051 801 1320 862 morbum,
1354 801 1558 865 vitam,
1616 809 1868 866 mortem,
1897 809 1954 853 et

370 906 500 961 quae
543 891 592 944 in
645 902 828 944 nostra
875 906 978 943 non
1019 901 1144 949 sunt
1186 899 1495 958 potestate:
1537 903 1714 958 eaque
1764 890 1946 944 omnia

375 982 476 1038 lati
511 999 632 1038 esse
664 983 852 1039 all‘erta
889 985 1072 1037 tradit.
1103 982 1242 1052 Ergo
1294 983 1440 1039 hunc
1473 985 1748 1038 studiosus
1775 983 1866 1036 ille
1900 991 1954 1037 et

380 1076 587 1131 sciendi
619 1079 846 1144 cupidus
875 1077 1142 1131 Diodorus
1167 1076 1311 1130 clare
1353 1092 1418 1131 ac
1455 1077 1633 1131 valide
1658 1075 1952 1138 convincit,

381 1170 553 1222 verbo
593 1167 812 1235 quidem
876 1168 1106 1219 mediam
1165 1169 1426 1220 duntaxat
1481 1168 1689 1220 erroris
1745 1177 1954 1235 partem

381 1259 708 1327 praedicare,
729 1273 786 1312 re
809 1267 986 1311 autem
1013 1259 1125 1326 ipsa
1152 1269 1318 1310 totum
1341 1256 1663 1311 continuare
1685 1270 1701 1310 ε
1723 1257 1959 1326 quando-

381 1351 608 1420 quidem
639 1349 884 1418 plurimae
913 1351 1157 1416 corporis
1178 1350 1292 1404 sive
1313 1349 1626 1403 alfectiones
1653 1361 1748 1416 per
1765 1348 1958 1401 anima:

387 1443 797 1512 Operatiouem,
865 1443 1322 1509 cooperationem,
1379 1449 1471 1496 aut
1533 1443 1697 1496 etiam
1755 1449 1961 1495 natura;

384 1545 740 1596 censensum,
770 1531 1018 1586 accidere
1043 1532 1220 1586 solent
1259 1545 1321 1584 ac
1358 1531 1564 1599 perlici.

463 1622 649 1679 Primo
682 1623 843 1692 igitur
869 1622 1006 1675 libro
1032 1633 1151 1690 post
1195 1622 1298 1674 alia
1351 1622 1420 1676 de
1458 1621 1572 1675 l‘ato
1619 1621 1811 1686 relata,
1846 1629 1957 1675 tum

396 1716 543 1770 unde
571 1721 675 1768 tam
710 1716 876 1769 libere
904 1715 1095 1783 agendi
1148 1714 1427 1769 audaciam
1462 1730 1618 1768 error
1644 1714 1960 1782 sumpserit,

2059 525 2220 595 σῶμα
2271 525 2367 578 καὶ
2412 524 2481 576 τὰ
2525 524 2657 594 περὶ
2686 521 2750 576 τὸ
2782 522 2961 593 σῶμα,
2993 520 3226 575 πλοῦτον
3266 520 3333 590 δή
3384 521 3429 553 ⁶²
3481 538 3628 593 φημι

2056 617 2154 671 καὶ
2207 617 2403 670 πενίαν
2446 615 2544 668 καὶ
2582 615 2736 668 νόσον
2775 615 2871 668 καὶ
2919 613 3066 685 ζωὴν
3102 615 3199 668 καὶ
3249 613 3477 667 θάνατον
3531 615 3631 668 καὶ

2057 709 2158 762 ὅσα
2183 709 2284 761 οὐκ
2311 709 2400 777 ἐφ’
2433 709 2586 777 ἡμῖν,
2621 708 2715 762 καὶ
2742 705 2915 759 ταῦτα
2942 705 3120 758 πάντα
3145 705 3246 774 τῆς
3287 705 3634 776 εἱμαρμένης

2059 799 2199 871 ἔργα
2233 798 2570 870 δογματίζει.
2608 800 2706 851 Ὃν
2743 798 2788 830 ⁸³
2818 799 2847 850 ὁ
2879 796 3181 868 φιλομαθὴς
3212 797 3306 850 καὶ
3345 797 3632 861 σπουδαῖος

2058 891 2324 962 Διόδωρος
2353 889 2540 958 σαφῶς
2567 889 2694 961 [54⁸5
2726 887 2820 960 ll.]
2850 905 2909 942 τε
2945 888 3038 942 καὶ
3070 887 3333 957 γενναίως
3363 888 3632 958 διελέγχει

2060 983 2204 1053 λόγῳ
2260 981 2360 1052 μὲν
2413 981 2682 1052 ἡμίτομον
2729 981 2829 1048 τὴν
2879 981 2980 1050 τῆς
3035 979 3376 1048 εἱμαρμένης
3420 978 3634 1050 πλάνην

2061 1074 2386 1146 κηρύττειν,
2433 1073 2580 1145 ἔργῳ
2627 1073 2683 1126 δὲ
2740 1073 3058 1142 συγκροτεῖν
3109 1072 3212 1140 τὴν
3258 1071 3423 1142 ὅλην,
3473 1074 3637 1140 εἴπερ

2063 1167 2158 1220 καὶ⁵
2187 1167 2256 1220 τὰ
2283 1166 2513 1219 πλεῖστα
2539 1165 2648 1218 τῶν
2679 1164 3006 1234 σωματικῶν
3033 1162 3222 1216 παθῶν
3245 1180 3304 1215 τε
3334 1162 3426 1214 καὶ⁸
3455 1162 3638 1232 ἔργων

2063 1257 2150 1310 διὰ
2172 1257 2270 1326 τῆς
2303 1256 2542 1326 ψυχικῆς
2569 1255 2852 1326 ἐνεργείας
2885 1272 2944 1306 τε
2974 1255 3067 1306 καὶ
3100 1253 3438 1322 συνεργείας,
3471 1253 3561 1306 ναὶ
3589 1252 3639 1284 ⁸³

2065 1347 2130 1417 δὴ
2165 1348 2260 1400 καὶ
2290 1346 2639 1418 συμπαθείας
2667 1345 2859 1400 εἴωθεν
2896 1346 3312 1417 ὲπισυμόαίνειν
3360 1345 3457 1398 καὶ
3501 1344 3640 1398 ἀπο-

2065 1438 2356 1494 τελεῖσθαι.

2070 1624 2075 1649 τ
2137 1623 2228 1674 Ἔν
2258 1621 2356 1690 μὲν
2387 1616 2482 1675 οὖν
2508 1620 2587 1693 τῷ
2614 1626 2662 1674 α’
2699 1621 2844 1692 λόγῳ
2873 1620 3010 1675 ἄλλα
3047 1621 3109 1673 τέ
3137 1637 3261 1675 τινα
3288 1620 3416 1690 περὶ
3442 1621 3642 1692 εἱμαρ-

2074 1714 2240 1783 μένης
2283 1713 2528 1778 διελθὼν,
2568 1713 2663 1768 καὶ
2699 1713 2822 1767 ὅθεν
2858 1713 2983 1782 ἔσχε
3016 1714 3116 1780 τὴν
3143 1713 3345 1783 τόλμαν
3381 1715 3414 1780 ἡ
3459 1713 3640 1783 πλάνη

399 1805 661 1860 adversus
687 1821 804 1859 eam
839 1806 1069 1875 insurgit
1119 1806 1453 1872 opinionem,
1496 1820 1614 1872 quae
1654 1806 1966 1859 universum

2085 1803 2594 1874 παρρησιάσασθαι,
2663 1803 2757 1855 καὶ
2821 1803 2964 1855 κατά
3018 1802 3117 1872 τῆς
3166 1801 3432 1872 λεγούσης
3480 1799 3644 1870 δόξης

399 1892 508 1946 hoc
529 1900 651 1946 ortu
686 1907 872 1946 carere
900 1893 1096 1946 asserit
1128 1891 1303 1960 (putat
1326 1893 1470 1946 enim
1494 1905 1560 1945 ex
1585 1892 1686 1945 hac
1715 1893 1972 1960 opinione

399 1980 530 2037 illud
563 1995 776 2051 quoque
817 1984 884 2036 de
929 1985 1038 2036 fato
1075 1982 1392 2051 ﬁgmentum
1433 1981 1678 2052 conﬂari)
1730 1983 1974 2050 libroque

404 2070 530 2126 huic
555 2072 642 2140 ,ξω
676 2074 833 2128 linem
867 2074 1110 2140 imponit,
1144 2083 1200 2127 ut
1234 2088 1300 2127 ne
1353 2074 1404 2127 in
1436 2071 1608 2126 altero
1649 2071 1866 2142 quidem
1903 2073 1972 2125 ab

403 2165 593 2222 eadem
626 2181 802 2236 pugna
825 2168 1070 2222 desistat.

477 2343 836 2411 Quamobrem
859 2347 1068 2402 decimo
1091 2355 1212 2417 post
1233 2347 1346 2402 haec
1367 2348 1566 2417 capite,
1582 2359 1690 2404 tam
1714 2347 1973 2403 mundum

406 2435 606 2503 ipsum,
647 2452 806 2505 quam
845 2439 898 2492 in
932 2454 998 2494 eo
1021 2440 1306 2508 degentem
1347 2440 1622 2494 hominem
1658 2449 1838 2495 ortum
1878 2441 1974 2495 hac

410 2527 540 2583 bere
572 2529 973 2596 demonstrans,
1012 2532 1115 2587 hoc
1152 2533 1261 2585 lere
1307 2535 1464 2586 modo
1514 2533 1581 2586 ad
1631 2542 1976 2602 argumenta-

409 2620 616 2676 tionem
647 2623 982 2690 aggreditur.
1013 2621 1483 2692 Quandoquidem,
1516 2625 1611 2688 ait,
1661 2623 1973 2694 singulatim

412 2711 686 2765 hominum
711 2712 909 2782 ξορα
937 2713 1132 2783 singuli
1174 2715 1506 2784 corruptioni
1553 2723 1716 2784 atque
1748 2730 1980 2786 genera-

413 2802 546 2857 tioni
575 2803 795 2860 obnoxii
824 2813 971 2868 sunt,
1003 2806 1347 2861 manifestum
1400 2822 1532 2862 sane
1563 2808 1733 2876 ipsam
1763 2823 1980 2877 quoque

413 2893 608 2950 horum
639 2905 890 2950 naturam
925 2898 991 2952 ad
1031 2897 1264 2952 similem
1319 2900 1488 2969 redigi
1537 2899 1979 2965 dissolutionem,

413 2995 470 3040 ct
501 2986 713 3042 nonnisi
742 2988 794 3042 in
829 2989 960 3044 solis
988 3005 1052 3043 ex
1085 3005 1144 3046 se
1174 3000 1362 3045 mutuo
1391 2993 1833 3047 successionibus
1858 3010 1984 3063 per-

415 3076 636 3133 durare.
669 3077 854 3147 Neque
905 3081 1047 3132 enim
1088 3081 1231 3148 quod
1264 3091 1387 3135 ortu
1438 3093 1618 3147 caret,
1658 3083 1782 3137 inde
1826 3100 1978 3138 suam

419 3166 622 3222 habere
664 3164 1231 3238 incorruptibilitatem
1289 3181 1484 3238 poteSt,
1530 3173 1674 3240 quod
1723 3188 1886 3225 unum
1925 3174 1979 3228 in

417 3259 647 3315 alterius
696 3261 872 3314 locant
929 3261 1224 3316 identidem
1288 3264 1581 3317 succedere
1631 3265 1986 3334 cogitemus:

418 3351 512 3406 sed
533 3353 675 3421 quod
703 3354 751 3406 id
775 3367 870 3422 per
887 3354 1145 3423 seipsum,
1171 3363 1332 3423 atque
1352 3367 1418 3407 ex
1444 3364 1657 3409 suamet
1687 3355 1989 3411 subsisten-

423 3443 520 3507 tia,
562 3444 667 3500 tale
699 3445 790 3500 sit.
830 3445 998 3501 Porro
1025 3447 1281 3500 mundum
1311 3461 1527 3518 quoque
1558 3447 1734 3518 ipsum
1785 3450 1989 3505 habere

419 3548 626 3602 Ortum,
674 3540 838 3594 exiis
870 3548 956 3594 est
991 3539 1361 3606 manifestum,
1419 3543 1562 3610 quod
1608 3557 1728 3610 quae
1772 3542 1825 3596 in
1877 3545 1994 3612 ipso

424 3638 572 3692 sunt,
608 3630 768 3700 ignis,
801 3646 961 3700 aqua,
996 3641 1162 3695 terra,
1191 3647 1306 3696 aer,
1336 3643 1519 3686 ortum
1569 3633 1827 3689 habeant.
1865 3634 1994 3690 Haao

422 3721 567 3775 enim
618 3723 856 3790 quotidie
909 3723 1266 3790 particulatim
1315 3735 1369 3778 et
1423 3737 1868 3793 corrumpuntur,
1938 3739 1994 3782 et

425 3812 739 3881 gignuntur.
773 3811 1006 3867 Rursum
1043 3825 1221 3870 autem
1271 3816 1415 3886 quod
1465 3827 1612 3870 terra
1665 3821 1995 3888 corruptibi-

426 3903 497 3960 lis
535 3905 625 3969 sit,
654 3921 720 3959 ex
759 3906 824 3959 iis
853 3907 1188 3975 perspicuum
1223 3910 1424 3976 evadit,
1462 3914 1607 3980 quod
1655 3914 1768 3967 sive
1808 3913 1991 3978 homo,

432 3994 551 4049 sive
583 3995 690 4049 alia
727 3996 978 4051 animalia
1028 4012 1466 4070 corrumpantur,
1505 4003 1556 4056 in
1613 4011 1813 4057 terram
1850 4014 1998 4066 .‘con-

434 4095 734 4141 vertantur.
767 4085 900 4142 Nam
950 4092 1089 4159 quod
1133 4089 1249 4146 bare
1280 4091 1332 4145 in
1377 4091 1521 4145 illam
1553 4104 1996 4161 corrumpantur,

433 4188 754 4248 argumento
786 4180 970 4250 utique
1002 4191 1105 4248 est,
1141 4197 1207 4237 ex
1241 4182 1330 4237 illa
1372 4184 1487 4252 ipsa
1532 4193 1789 4255 corrupta
1819 4197 1998 4240 ortum

435 4283 592 4323 suum
639 4269 792 4323 initio
831 4273 1130 4341 accepisse.
1172 4272 1326 4326 Adde
1367 4274 1510 4340 quod
1553 4273 1847 4326 etiamnum
1883 4273 2002 4326 ani-

432 4363 636 4416 mantia
676 4362 932 4432 pleraque
975 4379 1042 4418 ex
1092 4364 1196 4418 hac
1233 4377 1389 4418 versa
1429 4373 1590 4432 atque
1621 4373 1876 4432 corrupta
1918 4365 2002 4430 gi-

2071 1896 2191 1949 τόδε
2216 1895 2277 1947 τὸ
2306 1897 2416 1948 πᾶν
2445 1895 2708 1963 ἀγένητον
2742 1895 2786 1926 ⁸⁵
2825 1889 2964 1947 εἶναι
2999 1893 3409 1962 διανιστάμενος
3450 1893 3644 1962 (οἴεται

2071 1986 2180 2057 γὰρ
2215 1987 2280 2040 ἐκ
2313 1987 2409 2056 τῆς
2457 1986 2776 2056 ὑπολήψεως
2821 1986 2920 2055 τῆς
2979 1985 3068 2036 τὸν
3122 1985 3328 2054 κόσμον
3378 1985 3648 2054 ἀγένητον

2073 2081 2354 2150 ποιούσης,
2403 2080 2611 2134 ἐκεῖθεν
2655 2080 2748 2133 καὶ
2795 2078 2856 2131 τὸ
2888 2078 2988 2148 τῆς
3026 2079 3366 2148 εἱμαρμένης
3410 2093 3647 2147 συγκρο-

2076 2172 2290 2225 τεῖσθαι
2325 2171 2574 2243 πλάσμα)
2607 2171 2839 2241 περατοῖ
2874 2170 2963 2222 τὸν
2992 2167 3039 2221 α’
3083 2168 3262 2236 λόγον,
3320 2167 3416 2221 καὶ
3462 2167 3522 2221 ὲν
3569 2163 3650 2236 τῷ

2079 2263 2123 2334 β’
2147 2262 2241 2316 τοῦ
2271 2262 2437 2317 αὐτοῦ
2467 2262 2544 2333 μὴ
2591 2262 2957 2332 ἀφιστάμενος
2989 2258 3392 2329 ἀγωνίσματος.

2147 2355 2238 2408 Διὸ
2287 2355 2384 2407 καὶ
2423 2355 2481 2406 ὲν
2525 2352 2603 2422 τῷ
2659 2349 2690 2404 ι’
2723 2351 3002 2422 κεφαλαίῳ
3028 2350 3254 2418 γενητὸν
3285 2344 3424 2402 εἶναι
3452 2347 3547 2401 τόν
3586 2363 3652 2399 τε

2078 2448 2282 2518 κόσμον
2314 2446 2408 2498 καὶ
2441 2445 2534 2498 τὸν
2561 2446 2620 2497 έν
2656 2442 2806 2513 αὐτῷ
2851 2443 3139 2513 ἄνθρωπον
3193 2441 3506 2502 ἐπιδεικνὺς
3547 2431 3652 2492 ὧδέ

2078 2555 2196 2602 πως
2221 2536 2489 2590 εἰσϐάλλει
2531 2533 2669 2606 πρὸς
2700 2533 2800 2604 τὴν
2840 2532 3182 2604 ἐπιχείρησιν
3205 2549 3218 2562 ·
3280 2529 3455 2593 Ἐπεὶ,
3491 2529 3651 2599 φησὶ,

2078 2627 2188 2683 τῶν
2215 2625 2357 2680 κατά
2381 2624 2546 2694 μέρος
2567 2621 2868 2694 ἀνθρώπων
2893 2621 3123 2684 ἕκαστος
3148 2618 3385 2690 φθαρτός
3413 2620 3530 2670 ἐστι
3556 2618 3652 2670 καὶ

2079 2718 2324 2789 γενητὸς,
2358 2717 2516 2787 δῆλον
2547 2715 2622 2778 ὡς
2654 2717 2750 2768 καλ⁵
2773 2715 2805 2783 ἡ
2828 2713 3033 2766 τούτων
3062 2709 3223 2780 φύσις
3243 2711 3322 2774 είς
3344 2709 3444 2778 τὴν
3459 2707 3656 2778 ὁμοίαν

2080 2811 2274 2880 ἄγεται
2305 2808 2478 2872 λύσιν,
2507 2809 2566 2860 ὲν
2615 2805 2803 2877 μόναις
2848 2807 2969 2868 ταῖς
3014 2803 3074 2868 ἐξ
3116 2802 3359 2872 ἀλλήλων
3386 2800 3657 2869 διαδοχαῖς

2081 2902 2408 2973 διαμένουσα
2428 2915 2443 2930 ο
2475 2899 2534 2953 τὸ
2556 2899 2662 2970 γὰρ
2692 2898 2957 2967 ἀγένητον
2977 2897 3076 2949 οὐκ
3106 2896 3162 2947 ἐν
3180 2895 3225 2927 ⁸⁸
3246 2894 3521 2962 διαδοχαῖς
3545 2893 3658 2943 ὲπι-

2083 2995 2369 3065 νοούμενον
2422 2991 2535 3063 ἔχει
2587 2991 2647 3045 τὸ
2693 2990 2992 3060 ἄφθαρτον,
3021 2987 3157 3042 ἀλλὰ
3199 2985 3321 3040 καθ’
3356 2983 3519 3038 ἑαυτὸ
3567 2981 3661 3036 καὶ

2085 3086 2228 3141 κατά
2253 3086 2351 3156 τὴν
2371 3085 2512 3138 ἰδίαν
2538 3081 2985 3136 ὑπόστασιν.⁹οτι
3002 3081 3058 3133 δὲ
3077 3081 3106 3132 ὁ
3129 3079 3334 3149 κόσμος
3353 3075 3578 3147 γενητὸς
3592 3075 3659 3137 ⁸⁷,

2085 3179 2242 3251 δῆλον
2294 3177 2354 3242 ἐξ
2390 3171 2466 3231 ὧν
2499 3176 2593 3230 καὶ
2621 3175 2688 3229 τὰ
2723 3176 2781 3228 ἐν
2808 3173 2956 3244 αὐτῷ
2986 3174 3210 3243 γενητὰ,
3253 3171 3365 3241 πῦρ
3391 3168 3486 3222 καὶ
3519 3166 3664 3235 ὕδωρ

2087 3273 2182 3325 καὶ
2211 3271 2282 3341 γῆ
2325 3272 2419 3324 καὶ
2446 3270 2589 3340 ἀήρ’
2619 3268 2716 3321 καὶ
2754 3268 2864 3338 γὰρ
2908 3265 3080 3318 ταῦτα
3131 3260 3284 3333 παρά
3319 3259 3485 3329 μέρος
3533 3255 3666 3310 καθ’

2089 3361 2328 3430 ἑκάστην
2353 3361 2447 3413 καὶ
2472 3358 2756 3428 φθείρεται
2790 3357 2884 3410 καὶ
2913 3355 3141 3423 γίνεται.
3177 3351 3304 3425 [664
3337 3347 3427 3420 IL]
3463 3348 3584 3401 Ὅτι
3608 3344 3669 3398 δὲ

2089 3453 2255 3508 πάλιν
2283 3453 2317 3522 ή
2344 3452 2415 3521 γῆ
2437 3448 2673 3520 φθαρτὴ,
2693 3449 2851 3519 δῆλον
2877 3447 2935 3513 ἐξ
2960 3441 3034 3498 ὧν
3063 3447 3145 3507 είς
3167 3444 3269 3512 γῆν
3295 3441 3390 3494 καὶ
3415 3441 3442 3493 ό
3461 3437 3669 3508 ἀνθρω-

2090 3563 2194 3610 πος
2220 3545 2314 3599 καὶ
2339 3543 2406 3598 τὰ
2429 3543 2564 3597 ἄλλα
2587 3542 2696 3595 τῶν
2718 3540 2871 3603 ζώων
2895 3537 3225 3610 φθειρόμενα
3251 3531 3667 3604 μεταϐάλλεται·

2092 3640 2153 3694 τὸ
2177 3639 2287 3710 γὰρ
2312 3639 2391 3701 είς
2416 3635 2622 3706 ταύτην
2647 3633 2965 3704 φθείρεσθαι
2996 3629 3268 3695 ἀπόδειξίς
3291 3627 3405 3678 ἐστι
3428 3622 3523 3676 τοῦ
3540 3623 3585 3654 ⁸⁸
3608 3625 3672 3675 ἐκ

2092 3732 2297 3800 ταύτης
2325 3727 2623 3798 φθαρείσης
2651 3725 2773 3779 κατ’
2803 3721 2978 3793 ἀρχὰς
3007 3719 3182 3773 ταῦτα
3216 3715 3492 3786 γενέσθαι.
3524 3711 3672 3782 Πλὴν

2095 3820 2189 3872 καὶ
2223 3820 2318 3870 νῦν
2354 3816 2435 3868 ἔτι
2464 3815 2535 3868 τά
2555 3817 2598 3848 ⁶⁹
2631 3812 2802 3866 πολλὰ
2831 3811 2942 3864 τῶν
2966 3807 3120 3874 ζώων
3149 3806 3355 3875 ταύτης
3401 3800 3673 3874 τρεπομέ-

2095 3925 2193 3980 νης
2217 3909 2310 3961 καὶ
2342 3904 2708 3977 φθειρομένης
2736 3901 2947 3973 γίνεταί
2995 3917 3054 3952 τε
3099 3901 3194 3951 καὶ
3225 3897 3566 3950 συνίσταται.
3602 3891 3675 3943 Τὸ

2096 4001 2155 4056 δὲ
2185 4000 2520 4072 τρεπόμενον
2555 3998 2605 4050 εί
2637 3997 2730 4050 καὶ
2763 3995 2838 4066 μὴ
2870 3991 3136 4064 πρόδηλον
3168 3988 3282 4060 εἶχε
3312 3988 3410 4057 τὴν
3443 3982 3670 4055 φθορὰν,

2099 4092 2216 4156 πῶς
2266 4091 2334 4146 ἂν
2367 4093 2451 4161 εἴη
2482 4089 2777 4159 ἀγένητον;
2819 4085 3007 4156 Τροπὴ
3039 4084 3149 4154 γὰρ
3198 4083 3347 4134 πᾶσα
3393 4077 3487 4132 τοῦ
3533 4074 3676 4130 κατὰ

2100 4185 2261 4256 φύσιν
2301 4182 2751 4254 προϋπάρχοντος
2801 4180 2895 4232 καὶ
2945 4177 3182 4247 μάλιστα
3222 4173 3322 4242 τῆς
3376 4167 3676 4239 ἀγενησίας

2099 4276 2439 4346 καθέστηκεν
2466 4273 2760 4335 ἔκπτωσις.
2791 4271 2853 4324 Et
2890 4270 2947 4322 δὲ
2977 4265 3045 4340 ἦν
3076 4265 3339 4336 ἀγένητον
3366 4261 3675 4330 ἄνθρωπος,

2101 4369 2221 4432 πῶς
2271 4367 2378 4420 ὑπὸ
2423 4367 2522 4437 τῆς
2566 4365 2834 4434 γενέσεως
2883 4364 3003 4431 ἦτοι
3052 4362 3151 4430 τῆς
3203 4355 3546 4426 εἱμαρμένης
3598 4352 3673 4404 δι-

433 4465 693 4526 gnuntur,
726 4466 780 4509 et
810 4457 957 4509 liant.
999 4457 1150 4521 Quod
1198 4465 1376 4508 autem
1422 4456 1777 4521 convertitur,
1831 4457 1981 4510 etiau

2099 4459 2340 4532 ῳκεῖτ’⁷⁰
2369 4460 2472 4526 av;
2516 4458 2590 4512 Τὸ
2617 4461 2727 4528 γὰρ
2755 4456 3020 4526 ἀγένητον
3051 4456 3113 4507 οὐ
3145 4448 3316 4504 δεῖταί
3351 4463 3494 4508 τινος
3522 4443 3681 4498 ἀλλο-

433 4546 478 4600 si
517 4545 655 4601 forte
689 4548 865 4602 minus
894 4547 1055 4602 fuerit
1083 4545 1364 4602 manifesta
1386 4547 1504 4616 ejus
1529 4548 1826 4617 corruptio,
1868 4563 2002 4617 quo-

2107 4549 2256 4620 τρίου
2296 4549 2433 4620 πρὸς
2468 4547 2572 4620 τὴν
2606 4549 2743 4602 ίδίαν
2783 4545 3061 4599 σύσταστν.

438 4643 598 4698 modo
658 4644 709 4697 id
775 4655 896 4697 ortu
949 4660 1140 4699 carere
1171 4645 1376 4714 possit?
1423 4643 1686 4710 Quoniam
1753 4647 1934 4699 omnis
2003 4647 2233 4701 mutatio
2277 4647 2393 4716 ejus
2431 4646 2573 4716 quod
2626 4655 2782 4700 antea
2829 4658 2926 4698 sua
2997 4652 3185 4695 natura
3239 4635 3558 4698 exsistebat,
3601 4631 3682 4686 vel

439 4739 677 4792 maxime
709 4738 761 4792 in
781 4754 943 4792 causa
971 4755 1089 4794 esse
1117 4738 1274 4807 solet,
1305 4755 1401 4794 cur
1436 4741 1486 4793 id
1513 4749 1634 4794 ortu
1661 4755 1764 4794 non
1825 4749 1996 4794 creat.
2033 4757 2151 4796 eam
2185 4745 2230 4796 si
2267 4753 2420 4797 ortus
2450 4744 2629 4797 omnis
2669 4756 2865 4811 expers
2918 4738 3110 4793 fuisset
3163 4734 3395 4789 hominis
3465 4740 3680 4796 natura,

439 4830 709 4898 quomodo
735 4845 852 4884 eam
896 4839 989 4884 aut
1029 4833 1244 4898 genesis
1268 4840 1361 4886 aut
1409 4831 1580 4886 fatum
1627 4832 2001 4902 dispensaret?
2026 4834 2155 4890 Nam
2184 4837 2330 4907 quod
2358 4844 2480 4892 ortu
2532 4843 2703 4900 caret,
2761 4833 2984 4888 alterius

441 4936 500 4981 ut
532 4927 810 4982 subsistat.

522 5019 577 5074 Si
627 5020 748 5086 quis
795 5029 978 5074 autem
1019 5019 1132 5089 ipsa
1201 5035 1384 5074 rerum
1426 5019 1720 5081 .evidentia
1773 5029 2016 5086 coactus,
2089 5004 2094 5009 ’

445 5112 668 5167 lor-sitan
695 5109 949 5175 fateatur,
981 5123 1098 5166 orta
1133 5114 1349 5183 quidem
1399 5127 1524 5168 esse
1565 5128 1686 5168 cum
1717 5115 2016 5181 terrestria,

445 5217 558 5262 tum
601 5208 847 5276 aquatica
875 5217 929 5262 et
958 5223 1114 5260 aerea
1150 5226 1163 5262 :
1201 5207 1299 5262 sed
1354 5207 1502 5263 illam
1535 5215 1714 5261 tamen
1751 5209 2014 5278 genesim,

446 5313 543 5366 per
571 5313 733 5366 quam
771 5299 886 5352 haec
917 5298 1306 5368 perﬁciantur,
1358 5313 1519 5354 cursu
1573 5312 1673 5353 suo
1699 5298 2012 5354 continuam

447 5391 760 5458 quattttlant,
812 5401 870 5447 et
910 5401 1063 5448 ortus
1122 5400 1400 5462 expertem
1453 5391 1859 5462 corruptionem
1902 5389 2018 5446 elli-

3064 4843 3407 4898 nequaquam
3456 4824 3680 4893 indiget,

2185 5019 2248 5072 Ei
2274 5018 2332 5072 δέ
2359 5035 2444 5081 τις
2474 5017 2579 5071 ὑπὸ
2606 5017 2707 5088 τῆς
2731 5015 2840 5069 τῶν
2867 5014 3215 5086 πραγμάτων,
3235 5010 3527 5081 ἐναργείας
3569 5011 3685 5081 βιαο

2112 5108 2337 5180 ζόμενος
2379 5107 2631 5179 ὁμολογεῖ
2665 5105 2865 5176 γενητὰ
2899 5105 2997 5175 μὲν
3027 5100 3265 5156 εἶναιτὰ
3309 5103 3400 5155 ἐπὶ
3447 5101 3553 5171 γῆς
3598 5101 3684 5152 καὶ

2113 5201 2384 5274 θαλάττης
2413 5201 2507 5254 καὶ
2536 5200 2606 5252 τὰ
2633 5201 2691 5252 ὲν
2719 5199 2874 5270 ἀέρι,
2906 5198 3005 5269 τὴν
3032 5197 3086 5249 δὲ
3117 5197 3290 5250 ταῦτα
3321 5193 3684 5248 ἀποτελοῦσαν

2111 5296 2325 5366 γένεσιν
2358 5294 2658 5364 τρέχουσαν
2686 5293 2907 5363 διηνεκῆ
2935 5290 3108 5362 φορὰν
3125 5289 3178 5320 ⁷⁸·
3202 5289 3296 5342 καὶ
3323 5287 3584 5357 ἀγένητον
3615 5287 3685 5339 ἐνο

2110 5389 2314 5458 εργεῖν,
2341 5384 2434 5438 καὶ
2457 5382 2786 5454 ἐργάζεσθαι
2812 5383 2883 5436 τὰ
2909 5381 3286 5455 προειρημένα
3306 5380 3484 5433 πάντα
3507 5379 3686 5438 ἀῖδξως

1727 5542 1960 5598 ἻᾹΒΙΛΕ
2003 5539 2409 5599 LECTIONES.

525 5660 570 5692 “
593 5659 656 5730 δή
681 5661 724 5713 Α
755 5679 768 5715 :
796 5661 853 5713 δὲ
873 5679 935 5725 ς.
1011 5662 1056 5694 ⁸³
1087 5662 1146 5716 ὃν
1181 5659 1440 5716 Scltotlus
1469 5673 1483 5712 :
1515 5657 1632 5712 libri
1660 5652 1756 5712 ὧν.
1834 5657 1877 5688 ⁸³
1905 5657 1994 5709 ναὶ
2023 5657 2064 5707 Λ
2094 5674 2106 5710 :
2137 5654 2228 5706 καὶ
2263 5671 2323 5717 ς.
2399 5652 2444 5683 ⁸⁸
2486 5650 2780 5720 ἀγέννητον
2808 5650 2873 5702 Λ.

525 5731 615 5781 τὸς
650 5761 716 5772 -
741 5731 971 5781 γεννητά
999 5749 1060 5781 σ.
1136 5733 1179 5764 ⁸⁸
1205 5729 1322 5781 τοῦι
1360 5729 1482 5781 libri
1519 5729 1597 5781 τό.
1675 5730 1718 5761 ⁶³
1746 5728 1811 5781 τὰ
1841 5744 1950 5781 om.
1983 5728 2048 5781 A.
2124 5725 2170 5757 7°
2221 5723 2343 5778 libri
2373 5721 2637 5781 διοικεῖτ’,
2684 5731 2734 5778 et
2763 5720 2873 5781 paul

1746 5739 1811 5781 τα
1841 5744 1950 5783 om.
1983 5739 2048 5781 Λ.
2129 5739 2170 5757 ’ν
2221 5739 2343 5778 tum
2373 5739 2594 5777 οιοιιιειτ
2621 5761 2637 5789 ,

455 5731 615 5799 νητὸς
647 5729 716 5772 ἒ-
741 5731 971 5802 γεννητά
999 5749 1060 5796 ς.
1136 5733 1179 5764 ⁸⁸
1205 5729 1322 5802 τοῦ]
1360 5729 1482 5786 librl
1519 5729 1597 5783 τό.

2978 5649 3022 5679 ⁸⁵
3050 5650 3104 5699 ἐν
3126 5649 3172 5700 Δ.
3201 5665 3215 5704 ;
3247 5648 3312 5704 ἂν
3348 5665 3406 5712 ς’.
3486 5645 3532 5679 ⁸⁷
3569 5661 3685 5714 γενο

2684 5731 2734 5778 et
2761 5719 2920 5792 paulo
2948 5727 3072 5790 post
3109 5721 3235 5774 an).
3312 5719 3354 5751 ⁷³
3384 5718 3588 5789 φθορὰν
3622 5731 3681 5782 ς.
