3972 6248
245 225 357 294 8‘33

1267 219 1790 282 BIBLIOTHECA.
1833 243 1897 254 -
1935 218 2099 279 COD.
2126 219 2440 280 CCXXIII.

3390 225 3498 292 834

257 342 344 400 καὶ
363 335 642 407 ἀγένητον,
658 331 889 388 αὐτόθεν
903 332 1016 405 ἔχει
1043 333 1134 387 τὸν
1153 332 1395 403 ἔλεγχον.
1411 334 1487 385 Οὐ
1504 330 1613 401 γὰρ
1636 326 1746 385 οἷόν
1768 347 1828 384 τε

1951 344 2074 393 :ere,
2118 330 2334 399 illaque,
2366 345 2485 400 quae
2518 327 2630 398 jam
2694 329 2953 398 diximus,
3005 334 3188 389 omnia
3238 349 3502 408 perpetuo

260 435 388 494 αὐτὰ
405 433 504 502 μὲν
537 426 678 483 εἶναι
709 428 912 497 γενητὰ
940 426 1037 481 καὶ
1062 426 1162 479 οὐκ
1182 425 1349 490 ἀΐδια,
1368 423 1540 477 ἀΐδιον
1560 422 1617 475 δὲ
1637 421 1816 476 αὐτῶν

1956 422 2120 477 tsine
2170 432 2293 477 ortu
2332 422 2571 491 sperari,
2622 421 2713 477 hic
2746 431 2955 478 suamet
3004 424 3178 494 ipsius
3225 430 3502 485 sententia

260 530 347 599 τὴν
380 525 668 595 διοίκησιν.
699 522 781 575 Τὰ
809 521 917 591 γὰρ
939 520 1071 573 ὄντα
1108 536 1191 582 τις
1235 518 1535 587 συγκρατεῖ
1566 516 1662 569 καὶ
1690 516 1820 569 διοι-

1918 514 2279 584 redarguitur.
2302 512 2417 569 Non
2458 513 2603 573 enim
2636 514 2751 568 ﬁeri
2782 525 2958 585 potest
3002 527 3059 571 ut
3089 518 3204 575 bmc
3231 520 3420 575 eadem
3445 529 3504 575 et

264 619 359 679 κεῖ,
384 616 452 667 τὰ
478 614 535 666 δὲ
562 613 661 667 οὐκ
679 612 808 665 ὅντα
833 612 1097 680 πρότερον
1126 611 1270 663 ποιεῖ
1293 609 1413 680 μὲν,
1435 603 1554 661 εἶτα
1583 607 1823 677 κυϐερνᾲ

1951 618 2041 661 ιηο
2072 618 2126 662 et
2162 621 2269 669 non
2298 608 2627 676 sempiterna
2653 608 2782 674 sint,
2814 619 2870 664 et
2902 616 3083 665 tamen
3109 613 3496 680 sempiternam

261 707 347 763 καὶ
376 705 604 763 διοικεῖο
638 704 701 756 οὐ
756 703 863 774 μὴν
911 702 1017 768 πρὸ
1066 701 1164 755 τοῦ
1212 701 1466 769 γενέσθαι
1506 700 1698 754 διοικεῖ
1730 699 1824 753 καὶ

1951 699 2214 754 ιιιιιιίιιοηι
2271 700 2756 769 dispensationem.
2815 700 2949 755 Nam
3012 718 3075 757 ea
3118 704 3333 771 quidem
3379 720 3507 772 qua:

263 799 496 869 κυϐερνᾷ
518 796 587 850 τὰ
622 796 697 867 μὴ
726 795 875 862 ὄντα,
903 791 1023 849 εἶτα
1051 795 1392 866 δημιουργεῖ.

1921 790 2190 847 exsistunt
2217 791 2356 846 tueri
2388 791 2654 858 quispiam
2684 806 2750 847 ac
2779 792 3091 862 dispensare
3122 803 3305 865 potest
3332 812 3344 848 :
3379 811 3507 866 qua

264 904 382 944 vero
415 902 519 941 non
549 885 839 947 exsistunt,
870 885 1104 948 primum
1152 884 1305 949 facit,
1333 898 1406 937 ac
1451 893 1562 937 tum
1594 881 1807 936 demum
1848 880 2114 948 gubernat
2165 890 2329 950 atque
2378 880 2696 951 dispensat:
2731 899 2837 938 non
2888 895 3067 939 autem
3129 888 3301 955 prius,
3375 904 3497 959 qua:

265 997 363 1040 non
394 987 539 1043 sunt,
572 977 846 1045 dispensat
877 986 1039 1044 atque
1083 975 1366 1044 gubernat,
1397 989 1460 1027 ac
1486 974 1677 1027 deinde
1713 971 1903 1025 eadem
1934 978 2103 1026 creat.

327 1069 533 1142 Γενητὰ
557 1069 615 1122 δέ
648 1085 780 1138 φησι
804 1070 873 1121 τὰ
898 1071 1135 1138 στοιχεῖα
1163 1069 1258 1120 καὶ
1287 1067 1347 1131 ἐξ
1372 1062 1446 1121 ὧν
1473 1068 1664 1136 ὁρᾶται
1695 1064 1829 1118 καθ’

1997 1065 2189 1119 Ortum
2219 1074 2397 1118 autem
2443 1065 2644 1119 habere
2692 1065 2856 1120 etiam
2898 1067 3189 1133 elementa,
3218 1069 3302 1123 vel
3332 1085 3399 1125 ex
3429 1088 3496 1127 eo

263 1164 494 1232 ἑκάστην
544 1160 788 1231 ἀλλήλων
841 1160 1100 1229 δεόμεναι
1145 1160 1206 1212 τὸ
1258 1159 1368 1228 γὰρ
1419 1160 1684 1227 ἀγένητον
1733 1156 1828 1210 καὶ

1951 1153 2104 1217 locet,
2131 1155 2273 1224 quod
2308 1163 2496 1209 nmtuo
2526 1157 2641 1211 haec
2671 1158 2913 1226 quotidie
2937 1158 3180 1214 subsidio
3210 1176 3369 1232 egere
3417 1165 3506 1216 vi-

262 1256 520 1325 ἄτρεπτον
558 1253 651 1306 καὶ
683 1252 949 1314 ἀνενδεές.
983 1254 1161 1304 Δείται
1190 1250 1248 1304 δὲ
1281 1250 1350 1307 τὰ
1380 1252 1620 1321 στοιχεῖα
1662 1249 1828 1318 ἀλλή-

1922 1247 2167 1302 deamus.
2217 1249 2480 1315 Quoniam
2509 1251 2651 1318 quod
2705 1261 2825 1304 ortu
2871 1263 3043 1315 caret,
3094 1253 3236 1308 idem
3287 1271 3501 1324 quoque

263 1346 366 1399 λων
399 1345 493 1398 καὶ
525 1346 606 1406 είς
643 1343 703 1396 τὸ
728 1342 857 1414 [544
880 1342 973 1413 IL]
1012 1341 1280 1405 σώζεσθαι
1310 1343 1406 1399 καὶ
1434 1344 1513 1405 είς
1538 1342 1601 1395 τὸ
1635 1341 1826 1405 σώζειν

1951 1339 2260 1394 mmutabile
2311 1350 2390 1394 est
2415 1348 2469 1395 et
2495 1341 2691 1395 nullius
2716 1343 2986 1412 indigens.
3027 1343 3198 1398 Porro
3260 1347 3502 1416 indigent

261 1434 329 1489 τά
355 1435 413 1486 ὲν
446 1432 626 1495 αὐτοῖς
660 1432 795 1496 ζῶα.
817 1431 874 1482 Ὁ
905 1431 962 1483 δὲ
988 1431 1192 1499 κόσμος
1234 1429 1354 1493 ὅλος
1396 1430 1641 1499 γενητὸς,
1672 1427 1731 1492 ἐξ
1753 1420 1827 1480 ὧν

1951 1439 2127 1483 nntuo
2156 1428 2448 1497 elementa,
2480 1445 2585 1485 non
2616 1431 2790 1485 solum
2832 1442 2890 1486 ut
2930 1433 3040 1501 ipsa
3067 1448 3375 1503 serventur,
3409 1452 3507 1491 ve-

262 1528 353 1581 καὶ
382 1523 631 1587 σύνθεσις
664 1524 877 1593 ὁρᾶται,
911 1521 970 1585 ἐξ
1003 1521 1233 1590 οὐρανοῦ
1266 1521 1363 1574 καὶ
1390 1521 1493 1590 γῆς
1520 1520 1614 1574 καὶ
1642 1520 1750 1572 τῶν
1773 1520 1831 1573 ὲν

1934 1534 2055 1573 rum
2099 1520 2263 1574 etiam
2313 1530 2373 1574 ut
2425 1521 2765 1587 animantia,
2803 1539 2922 1591 qua;
2978 1525 3032 1578 in
3096 1526 3227 1594 ipsis
3272 1528 3493 1598 degunt.

266 1615 413 1687 μέσῳ
447 1611 823 1681 συγκείμενος.
860 1611 923 1664 Εἰ
970 1612 1079 1682 γὰρ
1120 1612 1213 1664 καὶ
1258 1610 1446 1681 ὥσπερ
1489 1610 1827 1680 ὀφθαλμὸςῆ

1951 1622 2273 1666 :onservent.
2303 1612 2561 1667 Mundnm
2596 1614 2660 1667 ad
2696 1613 2812 1668 haec
2853 1622 3021 1669 totum
3077 1617 3279 1674 habere
3324 1631 3503 1679 ortum

264 1705 471 1775 κεφαλὴ
504 1702 599 1758 τοῦ
644 1704 830 1758 λοιποῦ
880 1704 1151 1774 σώματος,
1179 1702 1351 1766 οὕτως
1392 1704 1421 1755 ὁ
1454 1703 1678 1773 οὐρανὸς
1721 1703 1832 1757 τῶν

1951 1713 2159 1773 ipparet
2190 1718 2256 1759 ex
2288 1720 2374 1769 eo,
2413 1705 2556 1773 quod
2596 1704 2743 1759 hunc
2771 1708 3298 1775 coagmentationem
3315 1724 3506 1778 quam-

262 1797 543 1869 κοσμικῶν
574 1796 852 1867 στοιχείων
897 1796 960 1850 τὸ
989 1796 1333 1866 τιμιώτατον,
1370 1795 1483 1848 ἀλλ’
1517 1792 1612 1848 οὖν
1641 1796 1831 1867 ὥσπερ

1951 1795 2053 1845 lam
2072 1808 2194 1847 esse
2217 1793 2570 1862 percipimus,
2602 1809 2633 1848 e
2674 1793 2831 1859 cosio,
2871 1804 3036 1862 terra,
3061 1810 3359 1866 eorumque
3386 1813 3513 1869 qua:

263 1888 472 1960 κεφαλὴ
516 1888 610 1943 καὶ
640 1888 915 1959 ὀφθαλμὸς
935 1928 950 1953 ,
980 1888 1085 1942 κᾶν
1126 1888 1474 1958 τιμιώτατον,
1512 1887 1834 1957 ὁμοιοπαθεί

262 1980 337 2050 τῷ
364 1978 540 2049 λοιπῷ
574 1977 807 2050 σώματι,
853 1978 997 2031 οὕτω
1038 1978 1134 2031 καὶ
1166 1978 1394 2049 οὐρανὸς
1424 1980 1493 2049 γῇ
1528 1980 1636 2049 ,καὶ
1684 1978 1834 2031 ὓδατι

263 2073 357 2125 καὶ
386 2071 513 2143 ἀέρι
542 2071 635 2123 καλ⁸
674 2071 787 2132 τοῖς
834 2071 892 2121 ὲν
923 2068 1072 2139 αὐτῷ
1100 2069 1358 2140 φθαρτοῖς
1404 2069 1606 2122 ἆπασιν
1651 2070 1834 2139 ὁμοιο-

264 2159 440 2233 παθὴς
467 2163 729 2233 ὑπάρχων
750 2161 847 2232 τὴν
871 2161 1055 2232 κοινὴν
1077 2161 1282 2232 φθορὰν
1304 2162 1364 2215 οὐ
1387 2161 1657 2231 διέφυγεν.
1676 2161 1837 2215 Ἀλλὰ

264 2258 370 2324 γὰρ
398 2252 522 2317 πῶς
553 2255 622 2307 τὰ
661 2250 1009 2323 διοικούμενα
1036 2251 1141 2306 ὑπὸ
1171 2252 1436 2322 γενέσεως
1462 2253 1735 2324 ἀγένητα;
1765 2254 1837 2306 Ἢ

264 2346 380 2408 πῶς
412 2345 486 2399 τὰ
515 2346 594 2408 εἰς
617 2345 677 2398 τδ
705 2337 845 2397 εἶναι
887 2344 1089 2415 ἑτέρων
1132 2344 1209 2416 μὴ
1246 2343 1504 2415 δεηθέντα
1536 2346 1617 2409 είς
1648 2346 1839 2415 χρείαν

264 2433 426 2508 ἦλθεν
475 2435 762 2507 ἀλλοτρίας
797 2436 1133 2506 διοικήσεως,
1168 2434 1263 2488 καὶ
1294 2434 1499 2507 ταύτης
1552 2435 1653 2489 οὐκ
1703 2437 1840 2504 ἀγα-

1935 1882 1987 1936 in
2022 1883 2211 1936 borum
2260 1884 2438 1937 medio
2497 1893 2627 1938 sunt
2669 1892 3026 1945 constantem.
3076 1886 3145 1940 Et
3177 1901 3307 1942 vero
3346 1887 3416 1953 si,
3449 1895 3514 1941 ut

1934 1974 2124 2029 oculus
2161 1973 2244 2028 vel
2277 1985 2444 2043 caput
2485 1976 2538 2029 in
2572 1975 2784 2045 reliquo
2814 1990 3060 2045 corpore,
3096 1978 3175 2034 sic
3214 1988 3270 2033 et
3308 1978 3505 2033 coelum

1934 2064 2079 2119 inter
2092 2065 2271 2118 mundi
2289 2073 2469 2133 partes
2486 2066 2889 2135 dignissimum:
2909 2065 3510 2136 omnino,quemadmo-

1937 2156 2062 2211 dum
2093 2165 2253 2224 caput
2290 2164 2347 2209 et
2375 2156 2587 2218 oculus.
2622 2165 2682 2212 et
2706 2155 2751 2215 si
2785 2156 3099 2225 dignissima
3140 2171 3251 2226 prae
3294 2155 3517 2238 caeteris

1938 2248 2205 2311 membra,
2233 2247 2424 2301 iisdem
2451 2262 2571 2301 cum
2595 2247 2808 2316 reliquo
2838 2260 3064 2317 corpore
3083 2248 3517 2316 permotionibus

1937 2335 2321 2406 subjiciuntur,
2344 2338 2425 2392 sic
2449 2339 2612 2393 etiam
2638 2339 2835 2392 caelum
2862 2338 3031 2408 (quod
3053 2339 3242 2394 iisdem
3274 2338 3518 2395 motibus

1939 2440 2061 2481 cum
2095 2437 2266 2493 terra,
2298 2429 2490 2500 209b
2524 2445 2661 2499 aqua
2690 2474 2704 2496 ,
2737 2445 2884 2495 aere,
2931 2441 2985 2486 et
3013 2432 3264 2487 omnibus
3295 2446 3416 2501 qua
3456 2432 3515 2485 in

267 2527 400 2595 θῆς;
431 2524 503 2577 Τί
544 2524 600 2578 δὲ
634 2524 744 2578 ἀπὸ
768 2524 864 2578 τοῦ
889 2524 1209 2578 διοικεῖσθαι
1254 2527 1503 2595 κρεῖττον
1531 2524 1643 2592 ἕξει
1676 2543 1840 2596 προσ-

1951 2532 2010 2575 eo
2043 2530 2173 2575 sunt
2200 2522 2645 2589 corruptibilibus
2692 2523 2985 2579 obnoxium
3017 2522 3125 2596 est)
3166 2538 3515 2579 communem

264 2617 431 2685 ούσης
464 2614 652 2679 αὐτοῖς
674 2614 994 2684 ἀγενησίας;
1022 2614 1217 2669 Καίτοι
1250 2615 1426 2687 τροπὴ
1454 2616 1605 2668 πᾶσα
1627 2615 1842 2684 φύσεως

1951 2626 2289 2681 nequaquam
2314 2612 2498 2683 ell'ngit
2534 2613 2935 2683 corruptionem
2962 2615 3197 2671 :etenim
3219 2615 3513 2684 quomodo,

267 2708 542 2779 ἀγενήτου
591 2706 768 2777 φθορὰ
807 2709 902 2760 καὶ
949 2705 1204 2770 ἔκστασις
1232 2707 1419 2770 οὐσίας
1448 2707 1702 2778 ἀνάρχου.
1733 2709 1846 2761 Καὶ

1951 2718 2064 2773 qum
2095 2720 2126 2757 a
2153 2705 2368 2771 genesis
2405 2704 2806 2774 dispensatione
2831 2706 3085 2775 pendent,
3118 2716 3242 2761 ortu
3271 2713 3516 2773 careant,

269 2799 382 2861 πῶς
412 2799 622 2869 ἤνεγκε
650 2797 721 2853 τὰ
746 2798 989 2867 ἀγένητα
1013 2797 1116 2850 ὑπὸ
1142 2798 1411 2867 γενέσεως
1429 2800 1475 2830 ⁷³
1526 2799 1845 2854 διοικεῖσθαι

1951 2796 2029 2849 vel
2059 2795 2331 2864 quomodo
2365 2811 2483 2866 quae
2513 2798 2579 2851 ad
2619 2798 2990 2855 exsistendum
3027 2797 3254 2852 aliorum
3296 2811 3402 2850 non
3432 2797 3518 2851 in-

266 2891 366 2945 οὐκ
393 2892 499 2944 ἐπὶ
529 2890 591 2944 τὸ
620 2890 859 2962 σωθῆναι
880 2890 925 2923 ⁷³
952 2891 1136 2954 αὐτοῖς
1181 2890 1243 2944 τὺ
1285 2891 1569 2963 ἀγένητον,
1616 2892 1732 2946 an?
1757 2894 1848 2946 ἐπὶ

1951 2887 2260 2955 diguerunt,
2303 2883 2418 2953 jam
2472 2886 2682 2955 aliena),
2718 2896 2775 2942 et
2832 2888 3047 2956 quidem
3091 2901 3196 2942 non
3241 2887 3396 2942 bona
3440 2884 3522 2940 di-

267 2984 326 3038 τὸ
356 2980 745 3053 φυλαχθῆναι;
778 2981 841 3034 Ei
880 2981 937 3035 δέ
968 2999 1054 3046 τις
1082 2983 1343 3054 ἀγένητον
1370 2983 1517 3052 λέγοι
1546 2983 1726 3037 αὐτῶν
1751 2985 1849 3055 τὴν

1954 2978 2318 3048 spensationis
2347 2988 2628 3047 creperum
2674 2980 2951 3051 indigere?
2986 2978 3124 3051 Quid
3154 2994 3280 3033 vero
3314 2991 3380 3033 ea
3419 2977 3521 3032 hac

265 3076 505 3148 τροπὴν,
524 3074 585 3128 τὸ
609 3075 823 3129 πάντων
848 3073 1250 3147 ἀδυνατώτερον
1270 3076 1478 3144 εἰσάγει
1497 3091 1513 3108 ο
1539 3077 1716 3147 τροπὴ
1739 3075 1847 3147 γὰρ

1951 3066 2348 3135 dispensatione
2402 3068 2752 3124 emolumenti
2806 3070 3040 3138 capient,
3104 3069 3149 3125 si
3192 3070 3304 3137 jam
3354 3079 3522 3123 antea

267 3168 438 3231 πάθος
464 3167 624 3220 ἐστὶν
653 3165 977 3237 ἀρχόμενον,
1009 3167 1106 3220 καὶ
1135 3168 1235 3220 οὐκ
1266 3166 1331 3222 ἄν
1356 3186 1440 3232 τις
1467 3169 1612 3222 είποι
1638 3168 1849 3240 τροπὴν

1951 3169 2073 3215 ortu
2106 3161 2400 3217 carebant?
2423 3160 2614 3216 Omnis
2657 3162 2855 3231 quippe
2901 3172 3108 3216 naturae
3132 3173 3253 3216 urtu
3283 3162 3528 3216 carentis

266 3261 537 3331 ἄναρχον.
564 3258 676 3312 Καὶ¹
722 3258 1003 3329 συντόμως
1045 3259 1243 3322 εἰπεῖν,
1274 3257 1384 3311 τῶν
1430 3258 1710 3329 στοιχείων
1759 3259 1850 3312 καὶ

1951 3253 2203 3319 mutatio,
2244 3254 2520 3322 corruptio
2554 3262 2657 3317 est,
2691 3265 2855 3322 atque
2892 3255 3114 3310 amissio
3155 3254 3299 3309 illius
3343 3255 3524 3309 exsis-

264 3352 369 3405 τῶν
422 3351 500 3418 ἐξ
544 3351 723 3405 αὐτῶν
772 3350 927 3416 ζώων
971 3368 1031 3403 τε
1079 3351 1172 3404 καὶ
1222 3351 1489 3421 σωμάτων
1517 3353 1551 3421 ἡ
1581 3351 1850 3419 πάνσοφος

1952 3346 2158 3411 tentia},
2176 3359 2296 3413 qua:
2320 3346 2589 3414 principio
2609 3348 2849 3401 carebat.
2868 3344 3149 3411 Quomodo
3177 3346 3308 3400 item
3342 3345 3524 3415 posuit

262 3444 462 3513 τροπὴ,
506 3442 741 3497 καὶτῶν
783 3442 1077 3515 σχημάτων
1120 3442 1215 3497 καὶ
1259 3442 1565 3513 χρωμάτων
1609 3442 1706 3496 καὶ
1746 3441 1850 3496 τῶν

1951 3451 2015 3491 ea
2046 3452 2167 3507 quae
2194 3446 2316 3492 ortu
2334 3446 2523 3489 carent
2543 3451 2572 3489 a
2597 3437 3237 3506 genesis-dispensatione
3264 3437 3522 3506 pendere,

264 3534 443 3587 ἄλλων
479 3534 795 3603 ποιοτήτων
824 3536 859 3603 ἡ
884 3530 1102 3603 ποικίλη
1133 3532 1367 3603 διαφορὰ
1403 3531 1561 3602 μόνον
1589 3530 1711 3601 οὐχὶ
1740 3549 1850 3599 φω-

1953 3546 2063 3585 nen
2096 3540 2154 3585 ut
2184 3533 2264 3587 eis
2298 3533 2527 3587 donetur
2557 3531 2645 3584 illa
2676 3542 2831 3586 ortus
2851 3547 3046 3601 expers
3077 3542 3290 3597 natura,
3334 3531 3427 3587 sed
3466 3539 3525 3586 ut

270 3625 367 3697 νην
414 3626 623 3696 ἀφίησι
652 3626 787 3696 μήτε
816 3624 1085 3695 ἀγένητον
1119 3626 1256 3695 μήτε
1287 3624 1587 3692 αὐτόματον
1616 3626 1850 3693 νομίζειν

1954 3633 2319 3681 conservetur
2360 3622 2703 3694 [duntaxat].
2731 3623 2788 3677 Si
2828 3624 2950 3692 quis
2978 3639 3105 3678 vero
3126 3625 3526 3680 dixeriteornm

269 3719 362 3773 τὸν
410 3719 628 3789 κόσμον
650 3759 668 3785 ,
701 3718 826 3789 μήτ’
854 3712 927 3785 αὖ,
953 3717 1307 3786 ἀπρονόητον,
1347 3715 1474 3788 [665
1500 3714 1591 3787 IL]
1639 3714 1769 3769 Θεὸν
1803 3717 1850 3770 δὲ

1955 3717 2309 3771 mutationem
2365 3726 2485 3770 ortu
2541 3730 2753 3781 carere,
2809 3717 2970 3771 etiam
3024 3717 3122 3772 hoc
3166 3716 3346 3780 infert,
3381 3716 3523 3785 quod

270 3810 459 3874 αὐτοῖς
485 3810 589 3864 καὶ
614 3810 675 3863 τὸ
698 3806 838 3863 εἶναι
865 3808 1037 3863 καὶτὸ
1063 3804 1122 3862 εὗ
1152 3804 1291 3862 εἶναι
1319 3808 1736 3880 παρασχόμενον
1766 3826 1850 3862 σα-

1959 3810 2183 3864 minime
2232 3809 2473 3863 omnium
2537 3808 2656 3863 ﬁeri
2708 3819 2902 3877 potest.
2940 3810 3163 3863 Mutatio
3200 3811 3343 3863 enim
3376 3808 3526 3878 ejus-

270 3903 391 3970 φῶς
422 3903 634 3957 εἰδέναι
663 3904 761 3957 καὶ
784 3902 1122 3965 ἁδιστάκτως
1146 3900 1497 3957 ἐπίστασθαι.

1961 3904 2103 3957 modi
2161 3902 2409 3971 quaedam
2442 3901 2658 3957 :tll'ectio
2691 3911 2813 3966 est,
2847 3916 2966 3971 quae
3002 3902 3326 3972 principium
3358 3902 3525 3956 habet

270 4001 325 4044 et
376 3992 567 4047 nullus
612 4007 844 4060 unquam
879 3992 1079 4049 dixerit
1123 3993 1473 4049 mutationem
1524 4008 1645 4049 esse
1710 3992 1829 4050 sine
1866 3993 2151 4065 principio.
2184 3992 2459 4059 Quinimo,
2489 4003 2549 4048 ut
2602 3993 2837 4049 breviter
2879 3995 3049 4049 dicam
3078 4034 3093 4057 ,
3127 4003 3180 4049 et
3228 3995 3526 4049 elemento-

272 4093 417 4146 rum,
465 4090 527 4137 et
573 4081 853 4151 quaeipsis
884 4082 1021 4137 ﬁunt
1068 4095 1191 4137 cum
1246 4083 1627 4151 animantium,
1680 4092 1791 4138 tum
1845 4100 2135 4154 corporum
2183 4086 2581 4154 sapientissima
2632 4085 2896 4151 mutatio,
2961 4088 3252 4157 ﬁgurarum
3295 4088 3360 4142 ad
3414 4091 3530 4143 haec

272 4184 440 4241 atque
464 4173 736 4238 colorum,
764 4181 819 4226 et
850 4171 1177 4243 reliquarum
1236 4173 1559 4243 qualitatum
1603 4175 1751 4229 varia
1806 4176 2132 4243 differentia,
2189 4186 2395 4233 tantum
2443 4193 2548 4233 non
2614 4179 2829 4243 clamat,
2877 4182 2971 4233 'ne
3019 4187 3113 4233 aut
3157 4190 3277 4234 ortu
3341 4195 3534 4237 carere

268 4266 576 4332 mundum,
618 4274 710 4320 aut
752 4277 962 4323 natura
990 4275 1182 4336 sponte
1220 4268 1487 4324 exsiStere
1532 4278 1693 4339 atque
1742 4271 1858 4325 sine
1895 4270 2231 4340 providentia
2281 4285 2401 4325 esse
2458 4280 2736 4340 putemus,
2783 4271 2877 4327 sed
2921 4272 3051 4327 illud
3089 4272 3238 4328 clare
3276 4276 3537 4332 sciamus.

272 4366 329 4409 ct
372 4356 690 4412 indubitate
759 4367 1040 4414 teneamus
1102 4358 1270 4413 Deum
1322 4359 1474 4414 hisce
1522 4361 1772 4415 omnibus
1817 4371 1872 4415 et
1899 4376 2039 4427 esse,
2069 4372 2125 4417 et
2158 4363 2297 4418 bene
2321 4376 2442 4418 esse
2466 4362 2677 4433 largiri.

338 4449 509 4521 Τάχα
557 4448 617 4501 δὲ
664 4447 869 4518 γενητὰ
901 4447 1000 4519 μὲν
1026 4447 1097 4502 τὰ
1126 4447 1260 4502 ἄλλα
1303 4449 1565 4518 φήσουσι,
1599 4449 1767 4519 μόνην
1811 4449 1850 4502 δὲ

2044 4450 2245 4507 Verum
2276 4450 2405 4506 illud
2439 4449 2667 4506 forsitan
2697 4449 2907 4519 dicent;
2951 4459 3145 4506 camera
3193 4453 3408 4519 quidem
3438 4468 3532 4510 or-

267 4540 370 4613 τὴν
423 4540 545 4594 τῶν
597 4538 815 4609 ἄστρων
864 4538 1026 4608 φύσιν
1064 4537 1162 4592 καὶ
1205 4538 1356 4592 θέσιν
1404 4539 1686 4610 ἀγένητον.
1704 4540 1864 4594 Ἀλλὰ

266 4633 500 4704 πρῶτον
536 4632 641 4704 μὲν
666 4632 811 4694 τίνος
835 4625 906 4701 ἦν
934 4631 968 4701 ἡ
992 4631 1204 4701 γένεσις
1229 4630 1359 4701 πρὶν
1383 4630 1637 4698 γενέσθαι
1657 4630 1863 4699 causa;

268 4727 375 4790 Τίς
408 4725 471 4779 δὲ
506 4726 539 4777 ὁ
570 4726 640 4779 τά
670 4725 907 4793 στοιχεῖα
936 4722 1381 4794 δημιουργήσας;
1417 4724 1487 4776 Ἦ
1533 4723 1718 4793 ἕτερος
1765 4722 1866 4793 μὲν

268 4815 481 4883 οὐδεὶς,
517 4814 664 4869 αὐτὰ
701 4812 759 4867 δὲ
798 4812 985 4867 ἑαυτά.
1020 4813 1094 4867 Τὸ
1130 4813 1187 4866 δὲ
1216 4813 1478 4883 ἀγένητον
1503 4812 1626 4866 οὔτε
1656 4812 1866 4883 τροπὴν

268 4905 616 4973 αὐθαίρετον
657 4904 724 4959 ἂν
760 4904 1027 4976 ὑποσταίη
1041 4905 1120 4937 ⁷⁵·
1152 4906 1288 4959 πᾶσι
1336 4906 1434 4975 μὲν
1467 4905 1575 4976 γὰρ
1622 4905 1774 4974 φίλον
1804 4905 1867 4959 τὸ

269 4996 422 5051 κατὰ
477 4996 672 5065 φύσιν,
715 4996 948 5065 μάλιστα
991 4996 1049 5050 δὲ
1097 4999 1163 5067 τῇ
1221 5000 1470 5068 ἀγενήτῳ
1518 4997 1716 5067 φύσει·
1747 4998 1872 5052 οὔτε

270 5087 365 5155 ὑφ’
396 5088 607 5159 ἑτέρου
661 5088 735 5158 μὴ
764 5107 771 5115 ’
782 5088 1105 5159 βουλόμενον
1154 5089 1350 5144 πάθοι·
1393 5088 1651 5144 ἀὸίαστον
1677 5090 1784 5161 γὰρ
1813 5091 1874 5145 τὸ

272 5180 568 5249 κρεῖττον,
610 5182 856 5250 κρεῖττον
885 5180 941 5234 δὲ
970 5182 1233 5251 ἀγενήτου
1262 5182 1445 5246 οὐσίας
1466 5182 1639 5240 οὐδέν.
1671 5184 1794 5247 Πῶς
1817 5184 1873 5236 δ’

270 5269 341 5323 ἂν
371 5270 448 5325 τὰ
482 5269 719 5341 μηδαμῆ
740 5271 1009 5343 μηδαμῶς
1036 5273 1275 5342 γένοιντο
1296 5272 1420 5344 δίχα
1440 5273 1533 5327 τοῦ
1558 5275 1870 5343 ποιοῦντοςς

271 5360 408 5425 Πῶς
436 5362 501 5417 δὲ
536 5362 634 5416 τὸν
662 5362 795 5416 Θεὸν
826 5363 1033 5434 ταύτην
1058 5364 1156 5434 τὴν
1188 5365 1341 5435 ἰσχὺν
1371 5365 1732 5434 ἀφαιροῦντες
1769 5368 1868 5420 αὐ-

269 5454 391 5517 τοῖς
425 5452 614 5508 ἑαυτὰ
656 5455 920 5525 προάγειν
952 5456 1017 5508 ὲκ
1065 5456 1142 5525 μὴ
1186 5454 1355 5509 ὄντων
1401 5457 1762 5527 περιάπτουσι
1809 5457 1872 5509 τδ

1966 4553 2083 4599 tum
2118 4543 2321 4600 habere
2348 4543 2550 4610 omnia,
2583 4543 2677 4600 sed
2704 4542 2876 4597 solam
2920 4543 3196 4597 stellarum
3230 4546 3344 4600 sive
3374 4556 3536 4602 natu-

1969 4650 2110 4699 ram,
2144 4635 2260 4691 sive
2280 4635 2600 4705 positionem
2626 4643 2748 4689 ortu
2773 4649 2984 4690 carere.
3009 4634 3081 4690 At
3106 4636 3281 4704 primo
3308 4654 3324 4691 :
3352 4638 3539 4706 cujus-

1969 4740 2096 4780 nam
2116 4726 2189 4781 sit
2208 4726 2422 4797 genesis
2443 4725 2889 4796 illa,lpriusquam
2912 4724 3112 4795 aliquid
3140 4725 3338 4781 factum
3355 4729 3540 4784 esset?

1972 4817 2105 4883 Quis
2129 4831 2261 4873 vero
2290 4817 2559 4873 elementa
2606 4816 2879 4872 creasset?
2914 4832 2982 4870 an
3026 4816 3168 4873 alius
3206 4832 3391 4883 nemo,
3441 4821 3537 4876 sed

1970 4909 2088 4967 haec
2159 4908 2313 4977 ipsa?
2367 4907 2563 4963 Verum
2629 4910 2772 4978 quod
2845 4918 2965 4965 ortu
3034 4919 3205 4975 creat,
3261 4925 3534 4980 nunquam

1970 5010 2161 5071 sponte
2187 5015 2283 5054 sua
2348 5000 2703 5055 mutationem
2753 5000 2917 5057 ullam
2974 5002 3182 5057 subeat.
3226 5000 3361 5056 Nam
3412 5019 3535 5058 cum

1968 5092 2220 5147 omnibus
2262 5091 2392 5147 illud
2432 5105 2646 5163 gratum
2702 5108 2824 5149 esse
2854 5095 3012 5161 solet,
3052 5096 3194 5165 quod
3243 5096 3537 5151 secundum

1969 5183 2087 5251 ejus
2138 5192 2385 5238 naturam
2432 5195 2539 5249 est,
2576 5194 2689 5239 tum
2752 5185 2827 5240 illi
2866 5187 3097 5241 maxime
3138 5195 3384 5255 naturae,
3419 5202 3540 5257 qua:

1967 5286 2091 5332 ortu
2114 5286 2318 5332 careat.
2357 5277 2544 5346 Neque
2576 5294 2705 5334 vero
2739 5279 2876 5346 hac,
2916 5280 2961 5335 si
2992 5280 3142 5345 nolit,
3180 5281 3247 5334 ab
3276 5280 3382 5337 alio
3410 5295 3543 5349 quo.

1978 5368 2120 5437 piam
2152 5367 2258 5435 pati
2314 5382 2402 5423 res
2430 5368 2535 5423 ulla
2597 5370 2789 5438 possit.
2830 5369 3093 5436 Quoniam
3127 5371 3271 5439 quod
3307 5371 3538 5426 validius
3596 5354 3627 5417 (

1977 5469 2082 5527 est,
2112 5461 2163 5514 vi
2195 5460 2339 5515 nulla
2374 5459 2632 5534 [minore]
2672 5462 2788 5531 cogi
2828 5472 3020 5531 queat,
3048 5471 3101 5518 et
3128 5478 3257 5520 sane
3283 5463 3417 5521 nihil
3445 5464 3536 5521 illa

1554 5573 1795 5631 VARIAS
1832 5577 2241 5634 LECTIONES.

354 5666 404 5698 ⁷⁸
440 5664 579 5721 libri
613 5658 940 5736 γεννήσεως.
986 5667 1060 5748 ..⁷³
1094 5665 1354 5739 σωθῆναι]
1386 5666 1602 5738 δοθῆναι
1658 5669 1938 5726 Schottus.

2043 5673 2086 5703 7"
2123 5671 2186 5725 ἂν
2236 5672 2565 5746 ὑποσταεηΑ
2618 5694 2630 5729 :
2678 5675 3037 5738 ὑποσταεεις.
