3972 6248
517 259 626 325 835

1573 284 1579 290 -
1663 241 1929 306 PHOTII
1967 236 2472 302 PATRIARCHIE
2505 236 2616 300 CP.

3645 237 3737 302 836

518 381 712 428 natura
739 366 990 432 validius,
1013 377 1132 436 quae
1163 369 1340 418 ortum
1372 358 1577 414 nullum
1607 357 1791 414 habet.
1825 355 2091 424 Quomodo

2201 353 2441 424 κράτος;
2487 352 2550 405 El
2579 349 2639 406 δὲ
2667 350 2760 404 καὶ
2792 347 2931 404 αὕτά
2959 350 3289 420 προαγαγεῖν
3330 348 3551 419 ἴσχυσεν
3592 348 3740 404 ἑαυτά

520 461 672 525 item,
705 474 825 530 quae
863 456 1013 512 nullo
1066 466 1296 524 prorsus
1349 447 1505 505 modo
1551 457 1699 512 sunt,
1739 447 1858 503 sine
1901 445 2094 516 opiﬁce

521 551 638 606 tleri
668 548 914 620 possint?
941 555 1032 600 aut
1057 543 1326 614 quomodo
1354 542 1464 596 Deo
1482 541 1624 595 hanc
1640 539 1747 594 vim
1766 537 2090 601 auferentes,

520 642 623 697 sibi
677 641 956 693 vindicare.
1037 635 1348 689 facultatem
1402 647 1519 687 eam
1558 640 1800 702 possunt,
1828 638 1888 685 ut
1916 630 2093 699 seipsa

519 732 838 800 producam.
879 743 998 798 quae
1043 735 1202 779 antea
1241 739 1349 779 non
1372 722 1742 778 exsistebant?
1769 719 1825 776 Si
1857 735 1986 776 vero
2009 734 2094 776 se-

519 821 746 887 metipsa
803 819 1102 886 producere
1155 823 1443 884 potuerunt
1485 814 1613 882 quin
1669 816 1797 867 item
1830 828 1859 867 a
1901 812 2091 882 seipsis

521 910 867 980 dispensandi
919 908 1000 962 sui
1037 906 1347 961 facultatem
1393 915 1744 974 acceperunt,
1777 906 1869 960 sed
1918 905 2090 960 aliena

520 1017 654 1056 cura
701 1017 836 1072 Opus
875 1002 1218 1056 habuerunt?
1249 1003 1411 1058 Multo
1437 1003 1580 1057 enim
1627 1002 1768 1057 factu
1824 1001 2089 1058 diﬂlcilius

522 1099 627 1155 est,
659 1090 896 1159 primum
929 1092 1131 1159 aliquid
1166 1092 1302 1156 fieri,
1344 1108 1506 1162 quam
1553 1102 1836 1162 postquam
1887 1094 2084 1148 factum

524 1182 700 1236 fuerit
740 1197 1082 1251 permanere.
1109 1183 1387 1248 Quomodo
1417 1185 1580 1254 igitur
1598 1187 1738 1254 quod
1759 1194 1874 1239 erat
1901 1186 2089 1240 difﬁci-

522 1275 630 1329 lius
655 1274 708 1346 [a
738 1289 856 1330 sese
904 1275 1258 1348 habuerunt,]
1310 1279 1452 1346 quod
1490 1288 1672 1332 autem
1723 1277 1953 1342 facilius,
1987 1295 2090 1331 non
2155 1335 2160 1350 Ι

527 1366 813 1432 baberent,
871 1367 973 1420 nisi
1030 1373 1097 1421 at)
1144 1368 1248 1420 alio
1292 1369 1662 1436 accepissent?
1714 1369 1780 1423 Et
1824 1370 2091 1439 quomodo

521 1458 735 1526 genesis
759 1466 978 1520 terram,
1021 1473 1226 1525 aerem,
1273 1470 1326 1513 et
1359 1462 1458 1513 alia
1487 1477 1606 1530 quae
1654 1476 1756 1514 non
1794 1462 1937 1524 fecit,
1969 1463 2086 1516 dis-

521 1556 732 1614 pensat.
773 1547 1086 1602 Conditoris
1124 1552 1264 1604 enim
1331 1567 1524 1606 munus
1558 1561 1639 1606 est
1677 1552 1839 1606 etiam
1873 1553 2088 1623 dispen-

521 1637 685 1702 satio,
713 1653 835 1692 cum
868 1653 973 1692 non
1006 1640 1176 1694 solum
1206 1643 1442 1696 omnium
1473 1659 1591 1713 qum
1625 1643 1692 1698 ab
1721 1645 1835 1713 ipso
1872 1645 2085 1700 condita

521 1737 648 1781 sunt
691 1737 937 1782 naturam
974 1732 1134 1796 norit,
1173 1747 1352 1787 verum
1381 1733 1542 1787 etiam
1594 1750 1712 1802 qua:
1748 1736 2086 1804 potissimum

523 1819 732 1873 ratione
779 1824 1108 1887 conservari,
1131 1834 1184 1878 et
1215 1824 1806 1899 untlehrursu5210a
1833 1827 2086 1882 confundi

523 1921 753 1980 queant,
779 1920 942 1980 atque
967 1916 1261 1984 corrumpi.
1295 1915 1348 1968 Si
1368 1897 1463 1982 qui
1513 1930 1672 1986 porro
1707 1918 1959 1982 audeant,
1980 1919 2089 1973 ele-

525 2009 834 2054 mentorum
879 2015 1098 2069 quoque
1124 2005 1450 2058 creationem
1483 2005 1591 2060 fato
1623 2007 1878 2072 tribuere,
1905 2009 2086 2064 dicant

523 2087 684 2142 velim
729 2091 905 2156 nobis,
933 2092 1214 2161 qualenam
1263 2103 1489 2155 astrum,
1528 2099 1590 2149 ad
1629 2111 1786 2151 suum
1812 2099 1862 2150 in
1906 2100 2090 2152 zodia-

521 2193 646 2234 cum
693 2182 952 2236 circulum
987 2186 1308 2253 ingressum,
1349 2197 1544 2242 terram
1574 2187 1894 2258 perfecerit?
1927 2191 2093 2259 Quale

521 2271 686 2324 etiam
720 2288 924 2338 aerem,
980 2275 1065 2328 vel
1118 2277 1316 2345 ignem,
1383 2279 1467 2332 vel
1515 2282 1746 2349 aquam?
1800 2283 1995 2336 Verum
2039 2283 2090 2336 id

521 2375 799 2430 nunquam
821 2365 1078 2430 dixerint,
1130 2369 1338 2423 etiamsi
1375 2373 1606 2427 maxime
1636 2373 1868 2441 amplius
1901 2375 2089 2441 nugari

522 2455 710 2509 velint.
759 2455 1026 2511 Praeterea
1061 2460 1128 2525 si,
1169 2462 1309 2527 quod
1356 2460 1483 2515 facit
1516 2464 1749 2532 genesis.
1785 2480 1890 2520 non
1928 2467 2092 2522 semel

521 2543 672 2609 facit,
735 2548 830 2600 sed
868 2550 1055 2603 eadem
1109 2552 1303 2619 sa-pius
1370 2563 1489 2622 post
1544 2563 1840 2624 temporum
1893 2557 2094 2624 aliquot

521 2637 791 2692 curricula
823 2641 1038 2707 repetit,
1083 2643 1370 2697 ostendant
1406 2644 1563 2699 nobis
1625 2647 1820 2713 smpius
1852 2663 1972 2702 esse
2010 2647 2094 2701 fa-

531 2740 650 2784 ctas
674 2731 871 2784 multas
908 2735 1143 2802 integras
1172 2747 1363 2800 terras,
1402 2738 1598 2792 multas
1621 2740 1866 2808 integras
1901 2755 2089 2808 aquas,

524 2822 692 2876 multa
739 2823 944 2893 integra
985 2828 1176 2891 maria,
1209 2830 1350 2883 unde
1386 2832 1548 2884 etiam
1595 2833 1825 2886 mundos
1852 2833 2092 2888 infinitos

523 2915 885 2970 constituant.
928 2917 1006 2971 Ac
1050 2921 1495 2988 quemadmodum
1545 2922 1647 2977 hoc
1687 2923 1801 2978 fieri
1843 2940 1948 2978 non
1995 2941 2091 2995 po-

2192 445 2284 501 διά
2309 445 2363 497 τί
2397 443 2472 514 μὴ
2503 442 2597 496 καὶ
2621 439 3026 494 τδδιοικεῖσθαι
3052 437 3264 492 οἴκοθεν
3295 438 3590 509 παρέσχεν,
3619 439 3739 494 ἀλλά

2192 539 2292 609 τῆς
2325 536 2512 606 ἐτέρου
2543 533 2871 605 κηδεμονίας
2894 532 3086 601 ἐδεήθη
3111 547 3127 596 ;
3163 530 3240 583 Tb
3263 530 3375 600 γὰρ
3395 531 3640 599 γενέσθαι
3659 532 3738 585 τοῦ

2191 626 2464 697 διαμένειν
2497 623 2788 693 γενόμενον
2820 621 3001 693 πολλῷ
3024 619 3468 690 δυσχερέστερον.
3495 622 3614 684 Πῶς
3640 619 3737 690 οὖν,

2191 717 2220 771 δ
2269 717 2369 787 μὶν
2417 711 2488 786 ἦν
2533 713 2972 784 δυσχερέστερον,
3005 713 3086 774 είς
3137 711 3337 782 πρᾶξιν
3365 713 3612 780 ἤνεγκεν,
3640 713 3665 767 ὃ
3691 715 3739 768 δὲ

2195 810 2394 882 ῥᾴδιον,
2425 809 2524 861 οὐκ
2553 807 2618 860 ἂν
2646 805 2760 876 ἔχοι
2809 804 2884 875 μὴ
2918 805 3047 874 παρ’
3075 803 3263 874 ἐτέρου
3296 801 3518 867 λασών;
3551 803 3666 866 Πῶς
3690 805 3738 856 δὲ

2191 900 2286 954 καὶ
2334 901 2369 970 η
2413 897 2625 967 γένεσις
2668 899 2772 968 γῆν
2801 914 2862 949 τε
2891 898 2984 950 καὶ
3015 897 3151 967 ἀέρα
3184 896 3280 949 καὶ
3306 896 3377 949 τὰ
3409 895 3562 962 ἀλλα,
3599 895 3634 950 ἀ
3673 901 3736 968 μὴ

2193 992 2490 1062 πεποίηκε,
2523 991 2750 1057 διοικεῖ;
2785 991 2984 1060 Ἔργον
3011 991 3120 1060 γάρ
3148 989 3241 1042 τοῦ
3273 991 3628 1060 πεποιηκότος
3658 994 3737 1044 καὶ

2191 1086 2252 1140 rb
2279 1086 2518 1146 διοικεῖν,
2550 1085 2630 1138 ὅτι
2662 1085 2756 1138 καὶ
2789 1085 2948 1154 μόνος
2974 1085 3082 1137 τῶν
3116 1084 3309 1138 ἑαυτοῦ
3342 1086 3736 1155 δημιουργημά-

2189 1197 2296 1232 των
2340 1179 2439 1248 τὴν
2465 1177 2624 1247 φύσιν
2657 1173 2784 1242 οἶδε,
2829 1176 2922 1230 καὶ
2954 1177 3102 1238 ὅπως
3144 1177 3245 1246 μὲν
3291 1179 3564 1246 κρατοῖτο,
3594 1177 3735 1229 πόθεν

2189 1269 2245 1320 δὲ
2276 1269 2557 1337 συγκέοιτο
2589 1267 2682 1321 καὶ
2713 1266 3093 1336 διαφθείροιτο.
3129 1264 3191 1318 El
3226 1265 3283 1319 δὲ
3309 1265 3633 1334 τολμήσαιεν
3657 1265 3734 1318 καὶ

2190 1359 2297 1411 τῶν
2328 1359 2603 1428 στοιχείων
2629 1360 2728 1431 τὴν
2755 1357 3110 1428 δημιουργίαν
3135 1356 3396 1408 ἀνάπτειν
3409 1355 3453 1386 ⁷⁵
3477 1356 3542 1424 τῇ
3566 1355 3735 1424 είμαρο

2196 1452 2350 1521 μένῃ,
2385 1449 2637 1523 [545ξΗ.]
2671 1450 2977 1519 λεγέτωσαν
3017 1449 3149 1517 ἡμῖν
3177 1449 3324 1509 ποῖος
3359 1446 3456 1516 μὲν
3481 1446 3643 1515 ἀστὴρ
3667 1447 3733 1508 είς

2189 1544 2306 1597 τόδε
2334 1543 2394 1596 rb
2423 1542 2610 1608 ζώδιον
2642 1541 2898 1596 εἰσελθὼν
2922 1541 3213 1594 ἀπετέλεσε
3248 1538 3348 1610 τὴν
3376 1538 3502 1608 γῆν,
3530 1541 3666 1601 ποῖος
3685 1539 3731 1591 δὲ

2191 1637 2280 1690 rbv
2313 1639 2452 1705 ἀέρα
2479 1635 2512 1707 ἢ
2541 1636 2601 1689 rb
2627 1635 2738 1707 πῦρ
2765 1631 2799 1704 ἢ
2829 1636 2888 1688 rb
2913 1634 3076 1704 ὕδωρ.
3094 1632 3233 1685 Ἀλλ’
3261 1633 3364 1685 οὐκ
3388 1631 3454 1684 ἂν
3480 1631 3638 1701 ἔχοιεν
3660 1631 3733 1683 λέ-

2191 1745 2328 1798 γειν,
2359 1730 2407 1782 εί
2440 1729 2536 1781 καὶ
2575 1727 2737 1780 πλέον
2759 1727 2943 1795 ληρεῖν
2974 1725 3360 1797 μελετήσωσιν.
3384 1721 3586 1786 ’Ἄλλως
3608 1739 3661 1774 τε
3685 1722 3731 1774 δὲ

2192 1823 2240 1874 εί
2271 1821 2366 1890 οὐχ
2390 1817 2536 1885 ἃπαξ
2558 1821 2702 1872 ποιεῖ
2730 1817 2758 1871 ὃ
2782 1819 2929 1870 ποιεῖ
2951 1818 2984 1888 ἠ
3012 1817 3243 1885 γένεσις,
3273 1814 3534 1876 πολλάκις
3555 1814 3608 1866 δέ
3626 1812 3731 1864 rit"

2189 1912 2330 1966 αὑτά
2357 1912 2499 1964 κατά
2521 1928 2672 1975 τινας
2699 1910 2904 1981 χρόνων
2933 1909 3232 1979 περιόδους,
3249 1907 3604 1961 δεικνύτωσαν
3622 1907 3732 1974 ἡμῖν

2192 2003 2447 2066 πολλάκις
2486 2002 2584 2073 μὲν
2620 2002 2990 2073 γεγενημένας
3023 2002 3223 2064 πολλάς
3269 1999 3526 2070 ὀλότητας
3561 1997 3728 2066 γαιῶν,

2192 2093 2392 2158 πολλὰς
2438 2093 2494 2146 δὲ
2542 2091 2768 2161 ὑδάτων,
2799 2093 3002 2157 πολλάς
3028 2093 3087 2146 δὲ
3116 2093 3423 2153 θαλασσῶν,
3464 2092 3520 2157 ἐξ
3554 2085 3621 2144 ὧν
3654 2092 3731 2144 καὶ

2192 2186 2430 2255 κόσμους
2475 2185 2735 2255 ἀπείρους
2766 2186 3146 2255 συστήσουσιν.
3165 2184 3332 2238 Ἀλλά
3367 2184 3473 2254 μὴν
3503 2183 3731 2236 ἀδύνατον

2191 2278 2348 2332 τοῦτο
2368 2293 2386 2310 ο
2417 2276 2674 2332 ἀδύνατον
2713 2277 2819 2349 ἀρα
2863 2278 2958 2330 καὶ
2984 2269 3046 2330 rb
3072 2275 3220 2340 ἀπαξ
3247 2275 3347 2344 τὴν
3378 2276 3583 2343 γένεσιν
3611 2273 3663 2326 ἓν
3685 2289 3729 2326 τι

2191 2371 2300 2425 τῶν
2333 2371 2608 2440 στοιχείων
2635 2372 2989 2440 προαγαγεῖν.
3017 2368 3081 2422 Εἰ
3107 2369 3163 2422 δὲ
3192 2370 3256 2421 ὲκ
3297 2370 3492 2436 μανίας
3534 2369 3606 2429 εἰς
3645 2382 3728 2434 μα-

2192 2464 2312 2518 νίαν
2340 2463 2770 2534 μεταπίπτοντες
2801 2462 2906 2515 ὑπὸ
2954 2461 3088 2514 Θεοῦ
3141 2461 3239 2530 μὲν
3290 2457 3728 2530 δημιουργηθῆναι

2193 2557 2351 2624 φαῖεν
2373 2552 2439 2606 τὰ
2469 2555 2728 2622 στοιχεῖα,
2757 2552 2861 2604 ὑπὸ
2885 2550 2942 2604 δὲ
2967 2551 3066 2622 τῆς
3093 2552 3362 2618 γενέσεως
3388 2551 3632 2617 άγενήτου
3653 2545 3728 2600 καὶ

2193 2647 2362 2713 αὐτῆς
2388 2645 2574 2715 ὥσπερ
2593 2645 2653 2697 rb
2679 2643 2832 2697 Θεῖον
2853 2642 3019 2712 οὔσης
3046 2641 3389 2701 διοικεῖσθαι,
3413 2640 3726 2709 ἐκδηλότερον

2191 2737 2370 2791 αὑτῶν
2417 2737 2514 2806 τὴν
2561 2737 2747 2789 ἄνοιαν
2786 2733 3239 2804 στηλιτεύουσι⁷⁷.
3289 2732 3389 2785 Διὰ
3439 2732 3488 2784 τί
3541 2731 3638 2798 γὰρ
3676 2730 3726 2780 rb

2191 2829 2344 2882 Θεῖον
2372 2828 2587 2894 ἀτάκτῳ
2615 2828 2824 2895 γενέσει
2843 2828 2904 2879 τὸ
2933 2827 3128 2879 οἰκεῖον
3156 2823 3394 2877 ὑπέϐαλε
3423 2822 3726 2893 δημιούργη-

2198 2938 2271 2992 μα
2298 2937 2313 2988 ;
2345 2914 2474 2988 ’Ἆρ’
2500 2919 2575 2980 ὡς
2605 2917 2766 2980 αὐτὸς
2797 2917 2895 2970 οὐκ
2921 2915 3058 2985 ἔχων
3103 2913 3204 2985 τὴν
3246 2913 3345 2967 τοῦ
3396 2913 3628 2985 προνοεῖν
3653 2927 3726 2962 σο-

527 3014 651 3072 test,
697 3007 768 3060 ita
804 3023 903 3063 nec
928 3009 1082 3075 illud,
1121 3021 1178 3064 ut
1220 3012 1300 3066 vel
1337 3015 1501 3068 semel
1539 3016 1751 3083 genesis
1783 3033 1946 3072 unum
1987 3019 2082 3073 ali-

2193 3012 2350 3082 φίαν;
2381 3010 2493 3064 Καὶ
2533 3008 2616 3070 τίς
2662 3007 2728 3060 ἂν
2770 3007 2979 3075 ἐνέγκοι
3021 3005 3082 3059 rb
3126 3005 3432 3076 δύσφημον,
3459 3005 3539 3067 τίς
3587 3003 3638 3057 δὲ
3675 3000 3724 3054 rb

523 3097 667 3166 quod
738 3097 1066 3155 elementum
1132 3105 1468 3172 produxerit.
1510 3106 1627 3160 .lam
1677 3109 1720 3162 si
1764 3109 1829 3162 de
1883 3110 2090 3165 insania

525 3187 580 3242 in
613 3187 877 3243 insaniam
924 3193 1251 3260 delabentes,
1292 3211 1320 3248 a
1355 3195 1464 3251 Deo
1490 3198 1704 3265 quidem
1742 3208 1923 3254 creata
1971 3215 2092 3257 esse

522 3279 759 3334 dixerint
785 3281 1072 3348 elementa,
1125 3300 1308 3340 verum
1338 3289 1452 3342 haec
1479 3290 1547 3344 ab
1578 3305 1640 3344 ea
1676 3292 1856 3359 genesi
1887 3292 2093 3362 dispen-

523 3370 663 3433 sari,
692 3385 812 3439 quae
854 3387 1008 3442 mque
1072 3390 1136 3429 ac
1202 3377 1341 3432 Deus
1386 3378 1502 3448 ipse
1549 3391 1719 3436 tortus
1759 3397 1950 3453 expers
1996 3385 2088 3449 sit,

523 3459 696 3513 multo
719 3460 882 3514 etiam
915 3465 1254 3520 manifestius
1299 3469 1589 3522 amentiam
1643 3485 1796 3525 suam
1832 3475 2086 3542 produnt.

521 3547 795 3614 Quorsum
838 3555 983 3608 enim
1036 3554 1178 3612 Deus
1201 3559 1447 3614 ordinem
1477 3563 1683 3616 nullum
1716 3566 1950 3620 servanti
1998 3581 2090 3636 ge-

527 3643 645 3696 nesi
680 3655 946 3712 ,creatum
979 3661 1009 3701 a
1046 3662 1107 3702 se
1137 3662 1272 3716 opus
1299 3651 1593 3720 subjiciat?
1645 3653 1725 3708 Au
1773 3656 1913 3725 quod
1968 3671 2080 3712 eau

523 3732 641 3802 ipse
681 3735 1002 3804 sapientiam
1031 3754 1135 3792 non
1169 3740 1387 3804 habeat,
1414 3758 1518 3811 qua
1574 3745 1646 3798 illi
1677 3749 1988 3815 provideat?
2018 3751 2088 3803 At

539 3823 664 3891 {uis
718 3825 858 3880 hanc
914 3828 1100 3882 tulerit
1147 3830 1571 3898 blasphemiam?
1599 3837 1719 3904 quis
1767 3840 2089 3894 amentiam?

541 3914 763 3968 creandi
794 3915 1010 3983 quidem
1041 3920 1334 3986 potentiam
1369 3922 1567 3976 habere
1593 3924 1780 3988 Deum,
1813 3930 2089 3995 providen-

531 4004 621 4058 tia:
651 4020 756 4058 non
806 4006 1009 4062 habere
1056 4019 1286 4077 tantum,
1337 4024 1596 4080 quantum
1646 4016 1948 4071 inordinata
1998 4021 2087 4074 illa

522 4096 738 4168 genesis
771 4098 873 4152 sibi
903 4102 1178 4167 rapuerit?
1209 4103 1347 4167 Quin
1371 4116 1426 4158 et
1457 4107 1723 4160 infinitum
1749 4121 1944 4176 praeter
1975 4112 2088 4166 haec

521 4189 878 4244 absurdorum
913 4204 1142 4244 examen
1192 4197 1562 4262 consequitur.
1583 4195 1779 4251 Verum
1800 4199 1868 4264 si,
1899 4214 2087 4268 quem-

523 4283 812 4337 admodum
871 4283 1114 4338 bonitate
1175 4299 1270 4339 sua
1293 4284 1618 4358 [creaturas]
1661 4287 1788 4342 fecit
1817 4291 1974 4355 Deus,
2002 4291 2083 4346 sic

522 4385 578 4430 et
615 4375 902 4444 providet:
938 4386 1395 4444 supervacaneum
1433 4388 1581 4430 certe
1608 4357 1695 4432 rae
1743 4379 1963 4433 stultum
2001 4389 2084 4434 est
2108 4357 2160 4416 Ῑ)

519 4467 623 4522 hoc
645 4466 716 4522 de
737 4467 850 4522 fato
878 4468 995 4522 sive
1014 4466 1197 4536 genesi
1225 4479 1611 4523 commentum.
1645 4470 1924 4537 Quomodo
1953 4472 2082 4528 item

521 4562 642 4616 sine
675 4571 796 4616 ortu
828 4561 1024 4616 caelum
1066 4573 1190 4614 esse
1234 4561 1423 4629 possit,
1468 4565 1900 4631 quandoquidem
1935 4581 2086 4620 com-

519 4653 679 4722 positi
730 4653 940 4718 mundi,
980 4667 1142 4722 quem
1195 4652 1432 4721 undique
1475 4653 1663 4723 cingit,
1716 4669 1840 4723 pars
1871 4657 1987 4711 est?
2029 4666 2087 4712 at

518 4748 661 4813 quod
714 4755 892 4799 ortum
939 4746 1142 4800 nullum
1181 4745 1363 4810 habet,
1407 4746 1459 4800 id
1485 4761 1660 4815 neque
1680 4747 1898 4818 cingere
1925 4750 2084 4819 quid-

519 4851 679 4905 quam
701 4850 879 4906 neque
903 4837 1134 4892 aliorum
1175 4835 1325 4892 locus
1359 4851 1482 4893 esse
1515 4839 1705 4905 possit,
1736 4842 1829 4895 sed
1853 4855 1976 4894 cum
2013 4841 2082 4896 ab

519 4925 628 4990 bis,
669 4935 782 4980 tum
815 4928 884 4980 ab
911 4925 1036 4980 aliis
1065 4925 1442 4982 aﬁectionibus
1459 4929 1952 4984 omnibusliberum
1977 4941 2079 4988 est.

517 5013 657 5080 Quin
680 5015 764 5070 vel
787 5029 853 5070 ex
887 5016 1000 5084 ipsa
1035 5029 1222 5071 eorum
1252 5032 1414 5086 quam
1438 5020 1750 5090 confingunt
1781 5021 2080 5090 hypothesi,

2191 3102 2434 3171 ἀνόητον,
2468 3099 2826 3170 δημιουργίας
2859 3100 2956 3165 μὲν
2985 3099 3182 3168 κράτος
3219 3098 3387 3168 ἔχειν.
3420 3096 3656 3167 προνοίας
3675 3093 3724 3146 δὲ

2193 3193 2318 3265 μηδ’
2343 3195 2466 3245 ὅσον
2512 3194 2544 3260 ἡ
2590 3191 2824 3253 ἄτακτος
2855 3191 3071 3260 ἦρπῖιισε
3117 3190 3372 3259 γένεσις;
3417 3191 3521 3244 Καὶ
3561 3186 3725 3258 μυρίος

2189 3284 2346 3346 ἄλλος
2373 3283 2539 3353 ἐσμὸς
2573 3283 2940 3352 ἀτοπημάτων
2965 3283 3174 3335 ἕπεται.
3209 3281 3270 3334 Εἰ
3323 3281 3369 3334 δ’
3397 3281 3576 3350 ὥσπερ
3611 3280 3723 3344 ἀγα·

2191 3377 2374 3447 θότητι
2403 3377 2658 3445 ἐποίησεν
2687 3379 2716 3430 ό
2747 3377 2900 3440 Θεὸς,
2933 3375 3073 3428 οὕτω
3116 3374 3211 3428 καὶ
3256 3375 3496 3446 προνοεῖ,
3526 3365 3722 3442 περιττὴ

2191 3469 2283 3522 καὶ
2311 3468 2512 3538 ματαία
2545 3469 2579 3538 ἡ
2609 3469 2820 3521 ἐπίνοια
2849 3467 2948 3537 τῆς
2973 3466 3316 3537 είμαρμένης
3340 3466 3454 3536 ἦτοι
3481 3464 3569 3532 τῆς
3596 3459 3722 3527 γενέ·

2191 3577 2349 3622 σεως.
2383 3559 2508 3625 Πῶς
2535 3561 2590 3614 δὲ
2625 3561 2886 3630 ἀγένητος
2914 3561 2944 3612 6
2967 3557 3216 3628 οὐρανὸς,
3243 3555 3340 3610 τοῦ
3377 3555 3614 3609 συνθέτου
3642 3550 3719 3603 κός

2190 3676 2327 3728 σμου
2361 3656 2524 3728 μέρος
2556 3653 2812 3722 ὑπάρχων
2838 3651 2931 3704 καὶ
2961 3649 3190 3721 περιοχή
3214 3666 3229 3715 ;
3257 3648 3335 3701 Tb
3361 3647 3468 3716 γὰρ
3491 3645 3722 3714 ἀγένητον

2189 3751 2310 3804 οὔτε
2343 3748 2569 3820 περιοχή
2607 3763 2690 3808 τις
2731 3743 2853 3797 οὔτε
2882 3744 3044 3806 τόπος
3075 3742 3276 3813 ἑτέρων
3328 3741 3394 3796 ἂν
3441 3740 3543 3810 εἴη,
3571 3735 3721 3790 καθα-

2192 3844 2337 3913 ρεύει
2363 3839 2420 3893 δὲ
2447 3839 2553 3892 τῶν
2584 3835 2844 3890 τοιούτων
2869 3853 2929 3887 τε
2956 3838 3050 3887 καὶ
3083 3833 3271 3887 παθῶν
3308 3833 3569 3888 ἁπάντων.
3586 3826 3720 3881 Ἀλλὰ

2188 3933 2284 3986 καὶ
2333 3931 2392 3996 ἐξ
2448 3929 2618 3998 αὐτῆς
2670 3927 2849 3981 αὐτῶν
2879 3927 2979 3998 τῆς
3011 3925 3388 3997 πλαττομένης
3445 3921 3720 3981 ὑποθέσεως

2187 4025 2345 4094 δῆλον
2375 4023 2451 4086 ὡς
2483 4020 2606 4076 οὔτε
2655 4021 2683 4074 ὁ
2730 4019 2958 4089 οὐρανὸς
2985 4016 3107 4070 οὔτε
3141 4019 3190 4070 οἱ
3221 4019 3449 4088 ἀστέρες
3473 4013 3719 4082 ἀγένητοι.

2187 4118 2294 4171 Καὶ
2323 4117 2432 4186 γάρ
2464 4115 2591 4178 τοὺς
2619 4113 2714 4184 μὲν
2743 4112 2920 4166 αὐτῶν
2950 4110 3313 4178 ἀγαθοποιοὺς
3356 4109 3478 4172 τοὺς
3499 4108 3550 4159 δὲ
3575 4117 3721 4158 κακοσ-

2187 4207 2373 4267 ποιοὺς
2421 4204 2657 4270 λέγουσι,
2695 4202 2819 4274 [668
2846 4201 2936 4273 IL]
2985 4202 3078 4254 καὶ
3124 4199 3307 4264 οἴκους
3337 4199 3522 4261 ἀλλους
3566 4192 3721 4253 ἄλλοις

2186 4296 2556 4370 ἀφορίζουσιν,
2587 4296 2647 4347 ὲν
2671 4289 2750 4358 οἷς
2777 4293 3053 4362 γινόμενοι
3095 4292 3247 4346 ἄλλοι
3279 4292 3377 4362 μὲν
3404 4286 3718 4342 κακὺνονται,

2185 4389 2218 4460 ἢ
2253 4387 2411 4442 πλέον
2435 4386 2467 4456 ἢ
2496 4387 2590 4440 καὶ
2617 4386 2675 4451 ἐξ
2705 4384 3042 4454 ἀγαθότητσς
3059 4381 3362 4454 τραπέντες
3383 4380 3462 4443 εἰς
3483 4376 3718 4434 κάκωσιν,

2184 4482 2234 4533 oi
2258 4479 2316 4534 δὲ
2345 4477 2654 4533 τούναντίον
2685 4476 2717 4547 ἢ
2754 4477 2892 4546 πρὸς
2917 4475 3234 4543 ἀγαθότητα
3261 4472 3420 4526 κακοὶ
3449 4469 3589 4528 ὄντες
3609 4477 3718 4533 μετ-

2184 4568 2509 4639 εϐλήθησαν,
2535 4566 2570 4636 ἢ
2603 4566 2764 4620 πλέον
2790 4566 2893 4635 τῆς
2921 4562 3193 4634 προτέρας
3217 4557 3587 4630 ἠγαθύνθησαν
3605 4553 3719 4620 ἀγα-

2186 4661 2427 4732 θότητος.
2461 4657 2572 4713 Καὶ
2604 4657 2720 4720 πῶς
2748 4656 2816 4709 ἂν
2841 4657 2899 4708 έν
2925 4654 3134 4717 τούτοις
3162 4651 3326 4722 νοηθῇ
3367 4650 3402 4720 ἢ
3444 4648 3502 4702 rb
3537 4639 3720 4732 amet;

2185 4754 2219 4825 ἢ
2251 4730 2312 4806 rb
2341 4750 2546 4805 ἁπλοῦν
2567 4749 2600 4820 ἢ
2624 4748 2686 4802 rb
2705 4747 2996 4825 aaévesrgv
3024 4745 3058 4815 ἢ
3087 4745 3148 4797 rb
3174 4743 3438 4813 ἀγένητον
3462 4739 3550 4793 καὶ
3571 4730 3718 4825 μυρία

2340 4801 2603 4907 οἷς
2631 4801 2725 4892 καί
2765 4837 2794 4890 ὁ
2835 4801 3085 4906 δειίτερός
3113 4801 3266 4904 αὑτῷ
3298 4801 3716 4899 συναπαρτίζεται

2186 4931 2344 5000 λόγος
2372 4930 2468 4984 καὶ
2507 4927 2578 4981 τὰ
2605 4929 2736 4981 δέκα
2771 4926 3060 4996 κεφάλαια,
3089 4921 3480 4996 τελευτήσαντα
3520 4918 3610 4989 μὲν
3647 4913 3716 4974 εἰς

2193 5024 2256 5076 rb
2281 5028 2354 5088 κ’,
2388 5021 2559 5092 ἀρχὴν
2587 5020 2644 5074 δὲ
2669 5020 2730 5074 rb
2760 5018 2789 5072 t'
2816 5019 3180 5089 ποιησάμενα.

517 5108 650 5163 satis
685 5115 936 5177 apparet,
963 5107 1186 5161 omnino
1213 5124 1389 5178 neque
1443 5111 1661 5178 caelum,
1708 5126 1882 5180 neque
1913 5113 2095 5170 stellas
2123 5125 2243 5169 ortu
2275 5127 2484 5169 carere.
2522 5113 2733 5168 Etenim
2790 5112 3051 5182 quasdam
3089 5125 3274 5166 earum
3328 5121 3448 5164 esse
3479 5096 3717 5196 benefica!

522 5196 723 5261 volunt,
745 5199 1007 5266 quasdam
1027 5213 1219 5253 rursus
1245 5199 1523 5256 maleﬁcus
1545 5201 1770 5267 faciunt,
1795 5205 2089 5274 domosque
2117 5205 2236 5261 aliis
2263 5206 2398 5260 alias
2415 5203 2740 5268 attribuunt,
2773 5205 2831 5258 in
2855 5203 3049 5274 quibus
3097 5203 3224 5257 dum
3286 5203 3575 5257 versentur,
3613 5186 3712 5241 alit

520 5289 600 5344 vel
633 5291 982 5358 maligniores
1001 5293 1166 5356 'ﬁant,
1187 5293 1270 5346 vel
1299 5304 1448 5347 certe
1467 5310 1534 5348 ex
1569 5296 1814 5367 benignis
1846 5299 2095 5369 maligna:
2127 5303 2381 5364 evadant,
2430 5301 2548 5355 aliae
2621 5310 2807 5355 contra
2850 5299 2934 5353 vel
2981 5299 3048 5352 ad
3098 5294 3495 5353 beneﬁcentiam
3562 5278 3712 5380 (mali?

514 5394 637 5436 eum
665 5381 799 5454 sint)
833 5383 1171 5450 delabantur,
1205 5383 1290 5439 vel
1344 5384 1690 5454 benigniores
1719 5405 1880 5456 quam
1917 5399 2078 5446 antea
2123 5393 2438 5447 reddantur.
2469 5391 2748 5458 Quomodo
2777 5403 2910 5457 ergo
2934 5388 2999 5445 de
3033 5387 3116 5445 bis
3148 5386 3256 5461 _vel
3315 5390 3490 5442 mente
3531 5381 3710 5436 concivi

1801 5551 2034 5609 VARIA‘I
2062 5550 2466 5608 LECTIONES.

621 5649 668 5683 "
705 5651 896 5706 ἀπτειν
921 5659 985 5708 Λ.
1061 5658 1105 5690 ⁷⁸
1127 5658 1193 5712 τὰ
1219 5670 1266 5710 et
1299 5659 1437 5719 infra
1474 5660 1664 5728 ἄλλους
1693 5666 1815 5723 add.
1844 5668 1906 5719 Α.

2017 5669 2060 5700 ⁷⁷
2101 5667 2500 5738 στηλιτεύσουσι
2523 5685 2582 5734 ς.
