3972 6248
303 251 410 319 837

1325 239 1855 306 BIBLIO'I‘HECA.
1893 261 1963 280 ο-
1993 237 2158 301 COD.
2179 237 2501 301 CCXXIII.

3455 241 3561 306 838

302 369 496 442 possit,
539 361 961 436 perturbationis
990 374 1054 418 ea
1085 373 1208 418 esse
1235 355 1507 431 expertia,
1535 362 1630 410 aut
1658 350 1945 422 simplicia,
1982 359 2077 405 aut
2138 349 2516 421 incomposita,
2573 360 2670 408 aut
2752 350 2869 408 sine
2925 358 3076 418 ortu,
3144 350 3359 422 aliaque
3401 364 3569 420 prope

303 459 546 518 infinita?
605 455 705 512 Ubi
758 456 975 510 demum
1035 452 1303 510 secundus
1353 451 1493 506 liber
1556 446 1877 510 absolvitur,
1910 456 2126 513 unaque
2171 443 2358 500 decem
2398 443 2491 501 illa
2525 445 2702 516 capita
2739 445 2890 517 (61),
2931 461 3052 516 quae
3105 461 3137 502 a
3199 445 3413 502 decimo
3460 446 3571 503 ini-

303 554 380 609 tio
405 551 568 608 ducto
602 550 654 604 in
679 548 1000 604 vicesimum
1027 561 1198 616 usque
1225 544 1564 616 pertingunt.

370 645 462 700 Ἐν
494 643 552 698 δὲ
580 633 659 713 τῷ
690 641 860 712 τρίτῳ
889 640 1148 711 πειρᾶται
1196 637 1296 708 μὲν
1324 636 1416 690 διά
1455 652 1516 689 τε
1556 634 1654 688 τοῦ
1678 639 1764 688 κα¹
1795 650 1884 686 κε-

2058 625 2242 684 Tertio
2304 625 2503 683 deinde
2555 626 2696 681 libro
2755 637 2986 681 conatur
3029 626 3245 696 quidem
3305 626 3571 682 vicesimo

301 737 530 808 φαλαίου
559 736 653 790 καὶ
681 735 774 788 τοῦ
807 733 913 805 κβ’,
940 734 1032 786 καὶ
1059 731 1166 802 μὴν
1191 731 1288 786 καὶ
1315 729 1411 784 τοῦ
1433 729 1482 798 γ’
1503 729 1598 783 καὶ⁹
1625 734 1674 782 κ’
1699 727 1796 782 καὶ
1817 727 1880 793 δ’,

302 829 546 899 ἐλέγχειν
576 827 705 890 τοὺς
731 826 821 880 τὸν
851 823 1078 896 οὐρανὸν
1127 822 1416 894 σφαιρικὸν
1439 819 1881 892 ὑποτιθεμένους,

299 923 365 975 οὐ
397 919 582 990 μέντοι
611 934 676 987 γε
709 917 798 971 διὰ
823 917 932 971 τῶν
965 919 1119 987 ίσχύν
1149 917 1384 988 ἑχόντων
1413 915 1466 969 oi
1493 915 1704 986 ἔλεγχοι
1745 912 1884 983 πρό-

302 1030 431 1067 εισι.
467 1012 541 1065 Τὸ
565 1009 854 1079 σφαιρικὸν
885 1010 943 1064 δὲ
979 1011 1040 1064 οὐ
1078 1009 1330 1081 βούλεται
1355 1009 1658 1078 συγχωρεῖν
1682 1005 1762 1076 τῷ
1792 1006 1884 1058 οὐ·

308 1103 478 1177 ρανῷ,
507 1103 645 1158 διότι
675 1103 887 1174 νομίζει
913 1103 1014 1174 τὴν
1035 1100 1380 1175 εἱμαρμένην
1411 1103 1477 1155 ὲκ
1502 1100 1604 1171 τῆς
1625 1099 1883 1170 τοιαύτης

302 1195 621 1265 εἰσάγεσθαι
654 1194 876 1257 θέσεως.
905 1195 1100 1250 Καίτοι
1127 1194 1372 1265 οὐδεμία
1412 1194 1570 1248 τοῦτο
1612 1191 1883 1258 ἀπόδειξις

301 1287 648 1352 ἐκϐιάζεται·
678 1285 740 1340 οὐ
770 1286 900 1357 γὰρ,
931 1286 983 1340 εἴ
1010 1301 1074 1354 γε
1127 1285 1412 1356 σφαιρικδς
1447 1285 1477 1338 ὁ
1507 1285 1754 1356 οὐρανὸς,
1788 1285 1883 1338 καὶ

299 1377 364 1431 τὸ
389 1379 491 1449 τῆς
521 1376 866 1449 εἱμαρμένης
893 1376 954 1442 ἐξ
986 1375 1233 1447 ἀνάγκης
1263 1375 1600 1429 συνίσταται.

371 1555 446 1608 Τὸ
470 1554 528 1609 δὲ
555 1553 633 1608 κε’
654 1554 751 1608 καὶ
775 1553 830 1620 ς’
855 1553 1152 1624 κεφάλαιον
1181 1552 1428 1616 εὐσεϐεῖς
1453 1554 1552 1624 μὲν
1577 1552 1880 1625 προϐάλλε-

296 1664 393 1702 ται
412 1646 632 1715 λόγους,
659 1645 794 1717 πρὸς
823 1646 1048 1716 ἔλεγχον
1075 1645 1133 1699 δὲ
1161 1649 1262 1716 τῆς
1293 1645 1662 1717 προκειμένης
1689 1645 1884 1699 ὑποθέ-

302 1753 442 1800 σεως
470 1735 568 1806 τὴν
617 1735 770 1804 ίσχύν
817 1735 878 1787 οὐ
925 1733 1046 1786 λίαν
1093 1732 1695 1802 ἐπιδεικνυμένους.Ἐν
1721 1729 1883 1801 δὲτῷ

296 1830 383 1896 κζ’
409 1830 568 1898 δόξας
613 1829 949 1901 προθέμενος
999 1827 1130 1900 περί
1169 1845 1231 1883 τε
1271 1827 1504 1899 οὐρανοῦ
1547 1827 1643 1882 καὶ
1684 1827 1794 1882 τῶν
1824 1828 1883 1881 ἐν

295 1922 451 1995 αὐτῷ
480 1922 745 1992 ἀστέρων,
771 1921 839 1986 ἀς
885 1921 1034 1991 λέγει
1067 1921 1175 1975 τῶν
1219 1919 1690 1992 ἀστρολογούντων
1719 1915 1879 1983 εἶναι,

1993 719 2188 790 primo,
2226 721 2485 784 secundo,
2525 719 2686 774 tertio
2707 726 2764 772 et
2814 726 3010 787 quarto
3058 718 3327 787 capitibus
3380 733 3570 788 repre-

1992 812 2229 867 hendere
2253 826 2349 868 eos
2403 812 2493 882 qui
2541 810 2742 866 coelum
2795 823 2916 865 esse
2959 808 3240 879 globosnm
3299 818 3568 873 statuunt,

1992 904 2185 973 210b
2220 903 2315 958 sed
2359 901 2621 970 ejusmodi
2667 914 3012 970 nequaquam
3052 901 3386 971 argumentis
3413 901 3568 954 adhi-

1990 995 2143 1057 bitis,
2222 1009 2349 1064 quae
2392 994 2751 1064 redarguendi
2811 994 2920 1048 vim
2971 995 3226 1050 habeant.
3280 994 3570 1050 Globosam

1988 1100 2124 1139 vero
2154 1085 2387 1141 formam
2446 1086 2586 1142 crelo
2617 1087 2919 1142 concedere
2982 1099 3268 1156 pr0pterea
3329 1099 3571 1155 recusat,

1990 1179 2133 1248 quod
2164 1175 2335 1232 fatum
2365 1194 2432 1233 ex
2477 1178 2569 1232 tali
2611 1180 2875 1248 positione
2953 1179 3140 1234 induci
3183 1187 3354 1249 putet,
3397 1196 3571 1248 quan-

1989 1287 2151 1340 quam
2191 1271 2332 1325 nulla
2379 1272 2432 1326 id
2474 1272 2866 1327 demonstratio
2903 1281 3214 1342 extorquet.
3243 1271 3358 1326 Non
3401 1273 3567 1337 enim,

1990 1359 2035 1414 si
2060 1359 2254 1414 cadum
2300 1361 2576 1432 globosuin
2605 1361 2694 1426 sit,
2735 1377 2859 1417 mox
2899 1362 3066 1417 etiam
3113 1361 3280 1416 fatum
3322 1376 3572 1417 necessa-

1990 1449 2072 1504 rio
2116 1449 2355 1518 ponitur.

2061 1539 2228 1597 Porto
2279 1542 2596 1597 vicesimum
2633 1542 2881 1612 quintum
2917 1552 2971 1596 et
3000 1554 3211 1598 sextum
3243 1545 3416 1614 fcaput
3449 1545 3570 1615 pias

1989 1632 2234 1687 continet
2296 1632 2559 1698 rationes,
2621 1635 2717 1689 sed
2773 1648 2894 1702 qua:
2958 1634 3024 1688 ad
3091 1638 3568 1704 reprehensionem

1988 1724 2244 1792 subjecta:
2278 1724 2596 1795 hypothesis
2627 1727 2792 1779 robur
2817 1742 2922 1779 non
2961 1727 3098 1780 adeo
3125 1742 3375 1795 magnum
3427 1745 3569 1798 prat-

1990 1815 2187 1871 ferant.
2217 1818 2458 1887 Septimo
2481 1817 2673 1872 dehinc
2701 1832 2756 1872 et
2796 1819 3054 1872 vicesimo
3091 1820 3155 1873 de
3194 1820 3353 1883 caelo,
3392 1823 3566 1891 deque

1987 1908 2104 1977 ejus
2134 1910 2324 1974 stellis,
2375 1911 2726 1979 opinionibus
2783 1911 2940 1980 (quas
2989 1911 3390 1982 astrologorum
3447 1927 3571 1968 esse

295 2015 426 2069 οὔτε
455 2012 656 2078 ταύτας
705 2012 834 2086 [διδ
871 2011 965 2085 Η.]
1013 2012 1319 2084 ἁκιϐδήλως
1369 2011 1620 2082 προάγει,
1647 2011 1741 2066 καὶ
1786 2011 1884 2074 τὰς

1989 2001 2087 2071 ait)
2121 2001 2319 2065 allatis,
2375 2011 2429 2057 et
2457 2018 2562 2058 non
2614 2003 2751 2058 satis
2795 2005 2940 2070 ipsas
2981 2004 3193 2058 sincere
3242 2006 3479 2070 adducit,
3514 2014 3571 2060 et

297 2105 420 2159 κατ’
452 2103 636 2162 αὐτῶν
678 2104 1054 2175 ἐπιχειρήσεις
1104 2101 1226 2156 οὔτε
1286 2100 1711 2166 ἀποδεικτικὰς,
1758 2100 1887 2156 ἀλλ’

299 2194 424 2250 οὐδὲ
457 2193 547 2248 διὰ
575 2193 671 2249 τοῦ
701 2193 928 2249 πιθανοῦ
963 2192 1204 2248 δείκνυσι
1232 2192 1552 2264 προῖούσας.
1581 2192 1656 2247 Τὸ
1696 2192 1754 2246 δὲ
1799 2207 1886 2265 κη’

300 2287 440 2360 πρὸς
461 2286 563 2351 τὰς
585 2285 756 2350 αὐτὰς
785 2285 1140 2356 ἐνιστάμενον
1170 2284 1326 2350 δόξας
1371 2285 1438 2340 δι’
1471 2286 1586 2339 ίσου
1635 2284 1732 2356 μὲν
1775 2284 1886 2338 τῶν

299 2378 632 2446 ἀποδείξεων
670 2377 976 2443 διαπίπτει,
1001 2377 1063 2430 οὐ
1099 2376 1286 2448 μέντοι
1313 2394 1379 2446 γε
1403 2377 1498 2430 καὶ
1524 2376 1618 2430 τοῦ
1653 2375 1884 2430 πιθανοῦ

297 2468 684 2542 διαμαρτάνει.
704 2469 793 2522 Ἐν
825 2467 883 2522 δὲ
911 2468 990 2538 τῷ
1023 2467 1104 2520 κθ¹
1145 2467 1303 2536 φησὶ,
1345 2465 1464 2530 πῶς
1495 2465 1594 2536 τὴν
1625 2465 1752 2535 ὅλην
1783 2465 1887 2534 γῆν

297 2563 382 2626 είς
409 2562 499 2616 ῐσα
523 2561 668 2634 μέρη
696 2562 809 2623 τοῖς
840 2558 1049 2613 δώδεκα
1079 2557 1541 2629 καταμερίζοντες
1566 2556 1798 2621 ζωδίοις,
1817 2557 1887 2612 τὰ

305 2655 408 2727 μὲν
437 2656 706 2727 τμήματα
737 2655 838 2724 τῆς
881 2652 987 2724 γῆς
1018 2652 1114 2706 καὶ
1151 2653 1276 2715 τούς
1324 2653 1383 2706 ὲν
1413 2651 1593 2714 αὐτοῖς
1623 2650 1780 2720 δῆλον
1809 2650 1888 2702 οἰ-

299 2748 533 2812 κοῦντας
559 2749 641 2813 είς
681 2747 914 2802 ἕκαστον
962 2745 1359 2816 ἀφωρισμένως
1404 2743 1733 2814 ἀναφέρουσι
1776 2741 1887 2796 τῶν

301 2840 536 2905 ζωδίων,
569 2840 666 2894 καὶ
695 2837 1021 2893 ὑποκεῖσθαι
1060 2835 1160 2908 μὲν
1191 2835 1263 2888 τὰ
1285 2836 1386 2906 τῆς
1411 2835 1516 2906 γῆς
1547 2835 1690 2906 μέρη
1709 2872 1726 2897 ,
1759 2835 1884 2887 ὲπι-

299 2928 519 2983 κεῖσθαι
559 2928 616 2982 δὲ
657 2928 767 2982 τῶν
811 2927 1018 2992 ζωδίων
1056 2928 1287 2981 ἕκαστον
1333 2925 1488 2997 δίκην
1539 2927 1770 2997 νεφέλης
1817 2930 1883 2998 τῇ

299 3020 660 3091 ἀφωρισμένη
699 3019 867 3092 μοίρᾳ
917 3019 1022 3089 τῆς
1073 3020 1176 3089 γῆς
1211 3017 1710 3090 ὲποχούμενον.Ἐν
1735 3020 1888 3089 κινή-

301 3131 388 3168 σει
413 3112 524 3186 γάρ
550 3111 671 3166 κατ’
702 3113 900 3175 αὐτοὺς
925 3114 1167 3181 διηνεκεῖ
1186 3112 1280 3167 τοῦ
1303 3113 1558 3182 οὐρανίου
1590 3111 1755 3166 πόλου
1791 3128 1887 3180 φε-

301 3205 556 3276 ρομένου,
581 3204 676 3258 καὶ
701 3205 1231 3275 συμπεριαγομένων
1256 3204 1406 3274 αὐτῷ
1425 3202 1534 3257 τῶν
1561 3203 1626 3273 ιβ’
1653 3203 1882 3270 ζωδίων,

1988 2110 2115 2165 quae
2141 2106 2329 2151 contra
2378 2098 2596 2153 easdem
2648 2098 2854 2168 profert
2903 2109 3240 2169 argumenta,
3282 2114 3346 2154 ea
3393 2113 3569 2167 neque

1986 2189 2391 2245 demonstrandi
2421 2191 2526 2244 vim
2561 2191 2761 2246 habere
2786 2206 2960 2260 neque
2982 2191 3172 2246 saltem
3199 2192 3342 2248 veris
3367 2192 3566 2247 similia

1985 2296 2287 2353 proponere
2316 2281 2583 2338 videntur.
2605 2280 2724 2336 Jain
2772 2282 3084 2338 vicesimum
3117 2295 3367 2338 octavum
3407 2292 3568 2352 caput

1987 2375 2247 2432 adversus
2297 2374 2516 2431 easdem
2561 2373 2844 2443 opiniones
2881 2375 3189 2445 insurgens,
3220 2392 3317 2445 per
3335 2377 3566 2432 similem

1986 2469 2206 2538 quidem
2243 2467 2650 2524 demonstrandi
2693 2468 2963 2523 rationem
2996 2469 3287 2534 delabitur,
3327 2470 3422 2524 sed
3458 2483 3565 2523 non

1987 2562 2060 2616 ita
2133 2560 2296 2615 etiam
2368 2559 2501 2614 illud
2571 2559 2636 2613 ad
2697 2559 2978 2614 verisimili
3025 2563 3262 2615 aberrat.
3312 2560 3564 2615 Proximo

1986 2663 2166 2708 autem
2220 2651 2390 2707 refert
2455 2649 2817 2724 [Astrologos]
2883 2663 3083 2706 terram
3137 2652 3449 2708 universam
3511 2655 3564 2708 in

1985 2744 2271 2801 duodecim
2314 2760 2496 2813 inquas
2533 2752 2718 2812 partes
2768 2757 2871 2813 pro
2906 2743 3024 2812 pari
3066 2743 3346 2814 signorum
3402 2745 3566 2799 coele-

1997 2837 2162 2892 stium
2196 2851 2424 2890 numero
2451 2835 2766 2906 partientes,
2803 2835 3245 2905 singulas‘terra:
3274 2836 3566 2903 sectiones,

1989 2944 2096 2982 una
2143 2943 2264 2984 cum
2303 2943 2487 2983 earum
2539 2927 2749 2993 incolis,
2788 2927 2862 2981 ita
2913 2928 3134 2982 definite
3166 2928 3362 2998 cuique
3409 2931 3567 2998 signo

1986 3022 2316 3087 attribuere,
2363 3031 2424 3075 ut
2480 3029 2640 3076 terrae
2690 3022 2934 3088 partibus
3003 3020 3258 3088 subjectis
3319 3009 3565 3090 singtila,

1994 3109 2201 3166 zodiaci
2233 3109 2384 3180 signa
2411 3109 2744 3174 incumbant,
2789 3122 2950 3178 atque
2977 3110 3151 3165 inStar
3171 3111 3379 3166 nebula.-
3403 3126 3569 3180 supra

1987 3201 2265 3254 definitam
2300 3211 2460 3256 terrae
2496 3211 2706 3270 partem
2745 3201 3099 3256 devehantur.
3130 3203 3201 3256 At
3240 3217 3362 3257 cum
3404 3204 3567 3256 etiam

299 3295 562 3351 ἀδύνατον
584 3296 646 3349 τὸ
670 3295 802 3350 αὐτὸ
827 3297 926 3365 τῆς
953 3297 1056 3366 γῆς
1085 3296 1173 3349 διὰ
1202 3295 1402 3358 παντὸς
1423 3296 1638 3366 ἐπέχειν
1663 3296 1883 3367 τμῆμα,

1989 3307 2054 3348 ex
2081 3293 2297 3348 illorum
2345 3293 2637 3357 sententia,
2674 3303 2934 3363 perpetuo
2962 3293 3160 3347 ctelum
3191 3303 3336 3348 motu
3365 3295 3570 3348 feratur

299 3389 442 3444 ἀλλὰ
466 3389 804 3460 παραλλάξει
845 3388 946 3459 μὲν
993 3388 1136 3442 κατά
1180 3389 1280 3459 τὴν
1325 3389 1550 3458 πορείαν
1577 3388 1674 3442 τοῦ
1722 3389 1884 3443 πόλου

1991 3400 2207 3456 unaque
2233 3401 2354 3440 cum
2386 3385 2504 3452 ipso
2528 3396 2582 3438 et
2605 3385 2890 3439 duodecim
2916 3385 3066 3455 signa
3092 3386 3529 3455 circuinagantur
3548 3427 3567 3454 ,

297 3481 531 3535 ἕκαστον
560 3479 750 3546 coam
781 3481 962 3534 πάντα
997 3481 1071 3533 τά
1109 3480 1374 3551 τμήματα
1401 3480 1502 3550 τῆς
1532 3479 1633 3550 γῆς
1653 3521 1669 3546 ,
1697 3479 1887 3534 ἄλλοτε

300 3572 404 3643 μὲν
433 3574 520 3626 ἐπ’
555 3573 821 3642 ἀνατολῆς
850 3573 921 3636 ⁷⁸,
960 3570 1149 3625 ἄλλοτε
1188 3572 1246 3624 δὲ
1275 3573 1368 3625 ἐπὶ
1396 3571 1548 3624 δύσιν
1567 3611 1583 3633 ,
1613 3571 1801 3625 ἄλλοτε
1829 3572 1888 3626 δὲ

297 3664 398 3718 ἐπὶ
421 3663 770 3736 μεσημϐρίαν
798 3668 866 3735 τῇ
893 3663 1121 3736 οὐρανίᾳ
1149 3664 1363 3732 κινήσει
1391 3663 1885 3733 συμπεριδινούμε-

298 3775 416 3823 νον,
447 3758 547 3812 καὶ
593 3759 694 3813 οὐκ
741 3760 827 3828 ἐφ’
857 3758 936 3811 ἑνί
963 3775 1069 3812 τινι
1101 3756 1619 3828 στηριζόμενον.Ὲξ
1643 3752 1704 3812 οὗ
1743 3775 1886 3828 συμ-

299 3849 480 3904 σαίνει
509 3849 616 3904 τῶν
644 3849 910 3915 ζωδίων⁷⁹
942 3850 1172 3905 ἕκαστον
1195 3849 1348 3904 οὐδὲν
1379 3846 1544 3921 ἦττον
1575 3851 1640 3903 τὸ
1670 3851 1880 3920 ἀφωρι-

300 3941 499 4012 σμένον
529 3941 630 4009 τῆς
657 3943 760 4012 γῆς
793 3941 1013 4012 ἐπέχειν
1055 3945 1252 4013 τμῆμα
1279 3942 1313 4014 ἢ
1341 3941 1403 3995 τὸ
1441 3941 1886 4013 ἀλλότριον.¹¹Λλ-

298 4033 410 4097 λως
435 4051 495 4088 τε
541 4033 598 4087 δὲ
640 4035 689 4087 εἰ
719 4034 839 4088 κατ’
868 4035 1064 4099 αὐτοὺς
1096 4037 1129 4106 ἡ
1159 4035 1233 4104 γῆ
1267 4035 1493 4104 κέντρου
1527 4037 1624 4090 καὶ
1656 4037 1882 4105 σημείου

299 4122 464 4192 λόγον
502 4125 690 4195 ἐπέχει
725 4126 862 4196 πρὸς
905 4125 1000 4178 τὸν
1045 4125 1294 4196 οὐρανὸν,
1332 4125 1560 4180 καὶτῶν
1590 4125 1794 4189 ζωδίων
1829 4125 1888 4179 ἓν

299 4215 586 4272 ὁποιονοῦν
605 4215 683 4287 τῷ
703 4233 764 4270 τε
791 4216 987 4271 πλάτει
1008 4219 1104 4271 καὶ
1127 4218 1295 4288 μήκει
1319 4218 1720 4272 πολλαπλάσιόν
1739 4220 1886 4270 ἐστιν

299 4307 498 4378 αὐτῆς,
527 4307 644 4372 πῶς
669 4301 780 4361 οἷόν
819 4307 881 4360 τέ
923 4309 1072 4361 ὲστιν
1114 4307 1345 4363 ἕκαστον
1372 4310 1482 4363 τῶν
1509 4309 1783 4379 δωδεκάτη
1794 4326 1888 4379 μο-

302 4399 438 4471 ρίων
472 4398 574 4469 τῆς
607 4399 708 4470 γῆς
740 4397 955 4471 ἑκάστῳ
980 4400 1091 4454 τῶν
1134 4399 1341 4464 ζωδίων
1372 4403 1669 4475 ίσομοιρεῖν
1697 4418 1758 4456 τε
1792 4403 1888 4456 καὶ

300 4491 840 4561 συμπαρατείνεσθαι
868 4491 965 4546 καὶ
993 4491 1080 4546 διὰ
1107 4493 1266 4547 τοῦτο
1297 4494 1398 4564 τὴν
1430 4493 1705 4549 οἱκείωσιν
1741 4493 1886 4566 ἔχειν

294 4582 441 4654 «πρὸς
472 4581 632 4648 αὐτός
659 4583 770 4636 Καὶ
797 4583 920 4636 τότε
949 4585 1057 4637 οὐδ’
1080 4585 1253 4654 αὐτῆς
1279 4587 1407 4656 ὅλης
1429 4588 1763 4660 οἰκουμένης
1785 4589 1886 4659 τῆς

1992 3478 2106 3532 fieri
2139 3477 2288 3532 nullo
2321 3477 2479 3532 modo
2509 3493 2665 3546 posse
2699 3475 2906 3548 [docet]
2933 3487 2992 3530 ut
3016 3478 3259 3531 eamdem
3296 3478 3382 3532 illa
3412 3489 3569 3533 terra:

1988 3569 2281 3625 sectionem
2318 3580 2581 3639 perpetuo
2609 3569 2912 3635 obtineant,
2940 3570 3032 3624 sed
3065 3571 3442 3638 pertransibit,
3468 3573 3568 3640 ait,

1983 3661 2138 3732 juxta
2171 3662 2291 3716 caeli
2337 3676 2682 3730 progressum
2738 3676 2928 3716 omnes
2973 3673 3134 3718 terra:
3177 3665 3446 3720 sectioues
3491 3668 3568 3719 si-

1988 3769 2150 3824 gnum
2179 3754 2474 3824 quodlibet,
2501 3755 2626 3808 dum
2659 3754 2791 3808 alias
2821 3757 2888 3809 ad
2919 3766 3120 3825 ortum,
3141 3758 3276 3814 alias
3307 3761 3377 3814 ad
3407 3772 3570 3816 occa-

1987 3861 2105 3901 sum
2153 3847 2304 3912 solis,
2342 3846 2582 3917 aliasque
2618 3849 2684 3902 ad
2731 3847 3012 3903 meridiem
3049 3865 3152 3904 una
3203 3867 3325 3905 cum
3360 3852 3568 3907 caelesti

1987 3944 2136 3992 motu
2171 3937 2579 4008 circumagitur,
2609 3947 2664 3993 et
2695 3955 2966 4010 nunquam
2995 3943 3046 3996 in
3077 3958 3181 3997 una
3222 3944 3398 4014 aliqua
3447 3961 3566 4000 sec-

1987 4027 2134 4084 tione
2202 4029 2368 4084 fixum
2402 4042 2604 4086 manet.
2657 4031 2810 4088 Unde
2845 4033 2902 4088 fit
2933 4043 2991 4087 ut
3022 4035 3226 4103 singula
3262 4037 3412 4106 signa
3459 4053 3566 4096 non

1989 4123 2170 4177 minus
2191 4121 2334 4177 illam
2365 4121 2466 4177 sibi
2505 4123 2784 4179 delinitam
2828 4134 2988 4180 terra:
3023 4129 3317 4184 sectionem
3353 4140 3562 4197 regant,

1986 4227 2145 4280 quam
2175 4213 2430 4269 alienam.
2460 4214 2629 4282 Adde,
2661 4216 2706 4270 si
2731 4217 3026 4272 secundum
3041 4235 3226 4274 eorum
3257 4223 3562 4290 opinionem

1988 4319 2132 4359 terra
2161 4305 2332 4360 centri
2365 4322 2430 4362 ac
2479 4308 2664 4376 puncti
2711 4310 2975 4365 rationem
3013 4313 3174 4366 habet
3226 4314 3292 4366 ad
3339 4314 3560 4378 malum,

1985 4405 2042 4451 et
2081 4397 2360 4467 quodlibet
2409 4399 2690 4454 zodiacum
2717 4400 2928 4468 signum
2973 4416 3095 4455 cuin
3123 4402 3428 4466 latitudine,
3447 4414 3559 4458 tum

1984 4487 2321 4560 longitudine
2351 4489 2540 4546 multis
2566 4492 2814 4560 partibus
2845 4503 2950 4558 est,
2996 4509 3155 4562 quam
3187 4494 3298 4558 illa,
3337 4495 3508 4563 majus
3539 4513 3556 4549 :

1985 4580 2079 4649 qui
2114 4579 2231 4635 fieri
2286 4581 2507 4635 omnino
2555 4591 2747 4648 p0test.
2797 4592 2854 4636 ut
2890 4582 3143 4651 quaelibet
3185 4583 3556 4639 duodenarum

296 4671 430 4744 τῆς,
459 4673 603 4728 κατά
628 4673 688 4728 δὲ
711 4674 774 4728 τὸ
807 4675 1076 4742 πλεῖστον,
1097 4676 1161 4730 τὸ
1193 4677 1291 4746 μὲν
1317 4677 1404 4731 διὰ
1436 4679 1718 4750 καύματος
1741 4681 1802 4733 τὸ
1821 4680 1879 4733 δὲ

1989 4681 2143 4728 terras
2175 4673 2408 4742 partium
2432 4673 2709 4742 signorum
2771 4674 2992 4730 cuilibet
3024 4690 3087 4728 ex
3135 4690 3289 4746 atquo
3329 4691 3557 4745 respou-

296 4765 392 4821 διὰ
436 4765 644 4836 ψύχους
685 4766 1014 4839 ὑπερϐολὴν,
1045 4767 1348 4841 ἀνθρώπων
1399 4769 1568 4840 οὔσης
1601 4771 1880 4840 ἀοικήτου,

297 4855 396 4914 καὶ
418 4855 701 4919 παντελῶς
732 4857 828 4911 ἀπ’
855 4857 1034 4928 ἀρχῆς
1066 4860 1478 4931 ἀφωρισμένης.
1510 4861 1576 4915 Εἰ
1599 4861 1658 4915 δὲ
1691 4861 1766 4934 μὴ
1790 4879 1882 4915 τοι

298 4946 481 5011 πικῶς
508 4947 617 5000 τῶν
646 4947 748 5018 τῆς
777 4947 886 5017 γῆς
911 4949 1218 5020 τμημάτων
1246 4951 1318 5004 τά
1341 4950 1509 5014 ζῴδια
1537 4955 1760 5023 κρατεῖν
1783 4952 1885 5006 λέ-

298 5053 472 5107 γοιεν,
509 5037 644 5109 μηδὲ
690 5039 990 5108 σωματικῷ
1020 5038 1244 5109 μεγέθει
1273 5040 1415 5094 κατά
1451 5041 1512 5094 τὺ
1542 5041 1688 5112 ἔχειν
1718 5042 1887 5112 αὐτῆς

296 5130 363 5183 τὸ
395 5129 619 5196 πλάτος,
635 5129 762 5203 [669
787 5129 885 5203 Β.]
917 5131 1053 5185 ἀλλά
1064 5132 1111 5164 ⁸ο
1145 5135 1388 5202 φυσικῶς
1410 5133 1622 5206 χαίρειν
1650 5133 1880 5214 ἕκαστον

287 5217 410 5308 ’τῶν
441 5219 648 5285 ζωδίων
675 5219 894 5294 ἑκάστῳ
936 5221 1098 5294 μέρει
1139 5221 1242 5292 τῆς
1268 5222 1372 5294 γῆς
1390 5264 1406 5290 ,
1442 5223 1712 5294 περιττῶς
1743 5223 1883 5295 πρὸς

1982 4765 2127 4827 deat,
2155 4775 2318 4835 atque
2347 4768 2757 4829 coexteudatur,
2795 4782 2858 4820 ac
2890 4777 3172 4836 propterea
3203 4769 3364 4823 etiam
3386 4767 3558 4824 amni-

1981 4863 2146 4910 tatem
2183 4856 2328 4910 illam
2359 4871 2482 4910 cum
2509 4871 2576 4912 eo
2606 4857 2858 4927 habeati,
2880 4857 3188 4914 Praesertim
3227 4876 3351 4916 cum
3382 4877 3556 4932 neque

1985 4955 2126 5002 terra
2152 4949 2404 5002 universa
2431 4949 2504 5004 sit
2529 4949 2860 5016 habitabilis,
2886 4950 2978 5005 sed
3003 4965 3100 5020 pro
3123 4952 3355 5006 maxima
3380 4963 3554 5023 parte.

1982 5053 2096 5110 pm
2126 5038 2292 5094 nimio
2322 5039 2517 5109 partim
2575 5040 2774 5106 calore,
2813 5041 3014 5112 partim
3059 5043 3278 5113 frigore,
3323 5045 3556 5100 habitari

1985 5132 2056 5187 ab
2092 5130 2406 5188 hominibus
2435 5141 2686 5201 nequeat,
2723 5133 2792 5188 ab
2817 5135 3028 5190 caeteris
3066 5136 3193 5191 item
3241 5144 3398 5192 terra:
3434 5152 3559 5207 par-

1991 5221 2140 5277 tibns
2162 5219 2276 5289 jam
2300 5219 2436 5276 inde
2471 5235 2503 5274 a
2537 5222 2802 5293 principio
2831 5224 3048 5294 penitus
3097 5225 3373 5282 distincta.
3403 5226 3557 5293 Quod

1596 5359 1836 5417 VARIZE
1880 5357 2288 5418 LiECTlONES.

371 5448 420 5481 ⁷⁸
449 5449 738 5522 ἀνατολῆς]
768 5449 879 5506 imo
905 5451 1194 5524 ἀνατολὴν.
1269 5453 1315 5485 ⁷⁸
1345 5451 1550 5521 ζώδων,
1568 5464 1627 5508 ιιι
1658 5453 1814 5518 solet,
1849 5452 1914 5506 A.
1991 5451 2038 5483 ⁸⁸
2063 5450 2200 5505 ἀλλὰ
2248 5447 2385 5520 μηδὲ
2415 5464 2542 5518 φυσ-
2565 5465 2628 5513 ςο

1828 5591 1964 5649 ΝΟΤ
1969 5591 2061 5648 1E.

375 5681 491 5755 (Μ)
518 5682 756 5740 Ἕνδεκα
785 5681 1090 5756 legendum,
1125 5692 1185 5742 ut
1214 5683 1451 5744 calculus
1475 5687 1740 5758 quadret:
1767 5686 1870 5744 nisi
1895 5685 2034 5744 libro
2064 5684 2372 5758 insequenti
2414 5685 2729 5745 vicesimum
2756 5695 2918 5759 caput
2951 5686 3176 5745 Photius
3221 5688 3482 5748 omiserit.
