  <div class='ocr_page' id='page_1' title='image "/cluster/home/n/w/nwhite01/storage/ocr_20150623/103 pt.3/mdp.39015061933738/429.png"; bbox 0 0 3972 6248; ppageno 0'>
   <div class='ocr_carea' id='block_1_1' title="bbox 413 186 1986 278">
    <p class='ocr_par' dir='ltr' id='par_1_1' title="bbox 413 197 1986 278">
     <span class='ocr_line' id='line_1_1' title="bbox 413 197 1986 278; baseline -0.003 -16"><span class='ocrx_word' id='word_1_1' title='bbox 413 212 522 278; x_wconf 78' lang='lat'><strong>339</strong></span> <span class='ocrx_word' id='word_1_2' title='bbox 1561 197 1826 260; x_wconf 81' lang='grc' dir='ltr'><strong>ΡΗΟΤΠ</strong></span> <span class='ocrx_word' id='word_1_3' title='bbox 1861 197 1986 259; x_wconf 78' lang='lat' dir='ltr'><strong>PM</strong></span> 
     </span>
    </p>
   </div>
   <div class='ocr_carea' id='block_1_2' title="bbox 2085 186 3668 278">
    <p class='ocr_par' dir='ltr' id='par_1_2' title="bbox 2085 186 3668 256">
     <span class='ocr_line' id='line_1_2' title="bbox 2085 186 3668 256; baseline -0.002 0"><span class='ocrx_word' id='word_1_4' title='bbox 2085 189 2369 256; x_wconf 52' lang='lat' dir='ltr'><strong>iARCHB</strong></span> <span class='ocrx_word' id='word_1_5' title='bbox 2405 192 2516 255; x_wconf 70' lang='lat' dir='ltr'><strong>CB.</strong></span> <span class='ocrx_word' id='word_1_6' title='bbox 3551 186 3668 253; x_wconf 59' lang='lat'><strong>810</strong></span> 
     </span>
    </p>
   </div>
   <div class='ocr_carea' id='block_1_3' title="bbox 410 301 1986 390">
    <p class='ocr_par' dir='ltr' id='par_1_3' title="bbox 410 313 1984 390">
     <span class='ocr_line' id='line_1_3' title="bbox 410 313 1984 390; baseline -0.011 -7"><span class='ocrx_word' id='word_1_7' title='bbox 410 329 457 384; x_wconf 91' lang='lat' dir='ltr'><strong>si</strong></span> <span class='ocrx_word' id='word_1_8' title='bbox 489 341 594 384; x_wconf 90' lang='lat' dir='ltr'><strong>non</strong></span> <span class='ocrx_word' id='word_1_9' title='bbox 623 324 836 380; x_wconf 98' lang='lat' dir='ltr'><strong>ratione</strong></span> <span class='ocrx_word' id='word_1_10' title='bbox 874 322 1014 380; x_wconf 86' lang='lat' dir='ltr'><strong>situs</strong></span> <span class='ocrx_word' id='word_1_11' title='bbox 1033 315 1259 390; x_wconf 81' lang='lat' dir='ltr'><strong>singulis</strong></span> <span class='ocrx_word' id='word_1_12' title='bbox 1297 326 1455 372; x_wconf 77' lang='lat' dir='ltr'><strong>terra:</strong></span> <span class='ocrx_word' id='word_1_13' title='bbox 1482 314 1812 369; x_wconf 73' lang='lat' dir='ltr'><strong>sectionibus</strong></span> <span class='ocrx_word' id='word_1_14' title='bbox 1831 313 1984 382; x_wconf 78' lang='lat' dir='ltr'><strong>signa</strong></span> 
     </span>
    </p>
   </div>
   <div class='ocr_carea' id='block_1_4' title="bbox 2085 301 3664 390">
    <p class='ocr_par' dir='ltr' id='par_1_4' title="bbox 2085 301 3664 381">
     <span class='ocr_line' id='line_1_4' title="bbox 2085 301 3664 381; baseline -0.003 -17"><span class='ocrx_word' id='word_1_15' title='bbox 2085 309 2153 364; x_wconf 83' lang='grc' dir='ltr'><strong>τά</strong></span> <span class='ocrx_word' id='word_1_16' title='bbox 2179 311 2433 381; x_wconf 76' lang='grc' dir='ltr'><strong>σχήματα</strong></span> <span class='ocrx_word' id='word_1_17' title='bbox 2454 307 2566 362; x_wconf 71' lang='grc' dir='ltr'><strong>τῶν</strong></span> <span class='ocrx_word' id='word_1_18' title='bbox 2588 301 2910 372; x_wconf 55' lang='lat' dir='ltr'><strong>{Militaui</strong></span> <span class='ocrx_word' id='word_1_19' title='bbox 2939 303 3044 376; x_wconf 82' lang='grc' dir='ltr'><strong>γῆς</strong></span> <span class='ocrx_word' id='word_1_20' title='bbox 3073 302 3275 368; x_wconf 74' lang='grc' dir='ltr'><strong>τόπους</strong></span> <span class='ocrx_word' id='word_1_21' title='bbox 3297 301 3664 374; x_wconf 70' lang='grc' dir='ltr'><strong>ἀπονέμουσιν</strong></span> 
     </span>
    </p>
   </div>
   <div class='ocr_carea' id='block_1_5' title="bbox 413 394 1986 487">
    <p class='ocr_par' dir='ltr' id='par_1_5' title="bbox 413 403 1986 487">
     <span class='ocr_line' id='line_1_5' title="bbox 413 403 1986 487; baseline -0.01 -15"><span class='ocrx_word' id='word_1_22' title='bbox 413 418 681 487; x_wconf 83' lang='lat' dir='ltr'><strong>imperare</strong></span> <span class='ocrx_word' id='word_1_23' title='bbox 697 412 952 477; x_wconf 74' lang='lat' dir='ltr'><strong>dixerint,</strong></span> <span class='ocrx_word' id='word_1_24' title='bbox 978 424 1152 480; x_wconf 83' lang='lat' dir='ltr'><strong>neque</strong></span> <span class='ocrx_word' id='word_1_25' title='bbox 1175 407 1382 464; x_wconf 81' lang='lat' dir='ltr'><strong>ratione</strong></span> <span class='ocrx_word' id='word_1_26' title='bbox 1411 417 1687 474; x_wconf 69' lang='lat' dir='ltr'><strong>corporeae</strong></span> <span class='ocrx_word' id='word_1_27' title='bbox 1713 403 1986 475; x_wconf 88' lang='lat' dir='ltr'><strong>magnitu-</strong></span> 
     </span>
    </p>
   </div>
   <div class='ocr_carea' id='block_1_6' title="bbox 2085 394 3669 487">
    <p class='ocr_par' dir='ltr' id='par_1_6' title="bbox 2089 394 3669 469">
     <span class='ocr_line' id='line_1_6' title="bbox 2089 394 3669 469; baseline -0.003 -14"><span class='ocrx_word' id='word_1_28' title='bbox 2089 401 2213 464; x_wconf 77' lang='grc' dir='ltr'><strong>ταῖς</strong></span> <span class='ocrx_word' id='word_1_29' title='bbox 2247 399 2347 469; x_wconf 75' lang='grc' dir='ltr'><strong>μὲν</strong></span> <span class='ocrx_word' id='word_1_30' title='bbox 2371 397 2467 452; x_wconf 81' lang='grc' dir='ltr'><strong>τοῦ</strong></span> <span class='ocrx_word' id='word_1_31' title='bbox 2495 397 2757 468; x_wconf 83' lang='grc' dir='ltr'><strong>καρκίνου</strong></span> <span class='ocrx_word' id='word_1_32' title='bbox 2790 394 2982 468; x_wconf 79' lang='grc' dir='ltr'><strong>χηλαῖς</strong></span> <span class='ocrx_word' id='word_1_33' title='bbox 3013 395 3208 466; x_wconf 66' lang='grc' dir='ltr'><strong>ἐξοχάς</strong></span> <span class='ocrx_word' id='word_1_34' title='bbox 3244 409 3399 458; x_wconf 84' lang='grc' dir='ltr'><strong>τινας</strong></span> <span class='ocrx_word' id='word_1_35' title='bbox 3441 395 3539 454; x_wconf 73' lang='grc' dir='ltr'><strong>καὶ</strong></span> <span class='ocrx_word' id='word_1_36' title='bbox 3566 395 3669 450; x_wconf 75' lang='grc' dir='ltr'><strong>ὲκ-</strong></span> 
     </span>
    </p>
   </div>
   <div class='ocr_carea' id='block_1_7' title="bbox 413 485 1986 576">
    <p class='ocr_par' dir='ltr' id='par_1_7' title="bbox 413 485 1986 576">
     <span class='ocr_line' id='line_1_7' title="bbox 413 485 1986 576; baseline -0.01 -13"><span class='ocrx_word' id='word_1_37' title='bbox 413 485 574 570; x_wconf 83' lang='lat' dir='ltr'><strong>dinis,</strong></span> <span class='ocrx_word' id='word_1_38' title='bbox 590 507 742 576; x_wconf 87' lang='lat' dir='ltr'><strong>quasi</strong></span> <span class='ocrx_word' id='word_1_39' title='bbox 763 516 915 559; x_wconf 81' lang='lat' dir='ltr'><strong>terrae</strong></span> <span class='ocrx_word' id='word_1_40' title='bbox 932 505 1182 556; x_wconf 86' lang='lat' dir='ltr'><strong>nimirum</strong></span> <span class='ocrx_word' id='word_1_41' title='bbox 1201 500 1433 554; x_wconf 86' lang='lat' dir='ltr'><strong>habeant</strong></span> <span class='ocrx_word' id='word_1_42' title='bbox 1448 494 1872 566; x_wconf 79' lang='lat' dir='ltr'><strong>amplitudinem,</strong></span> <span class='ocrx_word' id='word_1_43' title='bbox 1891 493 1986 548; x_wconf 88' lang='lat' dir='ltr'><strong>sed</strong></span> 
     </span>
    </p>
   </div>
   <div class='ocr_carea' id='block_1_8' title="bbox 2085 485 3666 576">
    <p class='ocr_par' dir='ltr' id='par_1_8' title="bbox 2088 485 3666 558">
     <span class='ocr_line' id='line_1_8' title="bbox 2088 485 3666 558; baseline -0.001 -16"><span class='ocrx_word' id='word_1_44' title='bbox 2088 490 2275 552; x_wconf 80' lang='grc' dir='ltr'><strong>τάσεις</strong></span> <span class='ocrx_word' id='word_1_45' title='bbox 2304 487 2462 550; x_wconf 75' lang='grc' dir='ltr'><strong>ἐκτὸς</strong></span> <span class='ocrx_word' id='word_1_46' title='bbox 2483 487 2582 540; x_wconf 83' lang='grc' dir='ltr'><strong>τοῦ</strong></span> <span class='ocrx_word' id='word_1_47' title='bbox 2608 486 2734 541; x_wconf 80' lang='grc' dir='ltr'><strong>ὅλου</strong></span> <span class='ocrx_word' id='word_1_48' title='bbox 2780 485 3069 556; x_wconf 81' lang='grc' dir='ltr'><strong>μεγέθους,</strong></span> <span class='ocrx_word' id='word_1_49' title='bbox 3095 488 3211 550; x_wconf 78' lang='grc' dir='ltr'><strong>τοῖς</strong></span> <span class='ocrx_word' id='word_1_50' title='bbox 3233 485 3293 542; x_wconf 62' lang='grc' dir='ltr'><strong>δὲ</strong></span> <span class='ocrx_word' id='word_1_51' title='bbox 3329 485 3426 539; x_wconf 81' lang='grc' dir='ltr'><strong>τοῦ</strong></span> <span class='ocrx_word' id='word_1_52' title='bbox 3457 486 3666 558; x_wconf 75' lang='grc' dir='ltr'><strong>ταύρου</strong></span> 
     </span>
    </p>
   </div>
   <div class='ocr_carea' id='block_1_9' title="bbox 413 577 1986 669">
    <p class='ocr_par' dir='ltr' id='par_1_9' title="bbox 413 583 1986 669">
     <span class='ocr_line' id='line_1_9' title="bbox 413 583 1986 669; baseline -0.01 -15"><span class='ocrx_word' id='word_1_53' title='bbox 413 615 590 669; x_wconf 90' lang='lat' dir='ltr'><strong>neque</strong></span> <span class='ocrx_word' id='word_1_54' title='bbox 617 598 818 668; x_wconf 71' lang='lat' dir='ltr'><strong>211a</strong></span> <span class='ocrx_word' id='word_1_55' title='bbox 841 594 1048 649; x_wconf 79' lang='lat' dir='ltr'><strong>ratione</strong></span> <span class='ocrx_word' id='word_1_56' title='bbox 1069 602 1275 647; x_wconf 72' lang='lat' dir='ltr'><strong>natura:</strong></span> <span class='ocrx_word' id='word_1_57' title='bbox 1292 591 1522 658; x_wconf 87' lang='lat' dir='ltr'><strong>gaudere</strong></span> <span class='ocrx_word' id='word_1_58' title='bbox 1548 586 1788 658; x_wconf 88' lang='lat' dir='ltr'><strong>singulas</strong></span> <span class='ocrx_word' id='word_1_59' title='bbox 1814 583 1986 654; x_wconf 81' lang='lat' dir='ltr'><strong>signi-</strong></span> 
     </span>
    </p>
   </div>
   <div class='ocr_carea' id='block_1_10' title="bbox 2085 577 3669 669">
    <p class='ocr_par' dir='ltr' id='par_1_10' title="bbox 2090 577 3669 653">
     <span class='ocr_line' id='line_1_10' title="bbox 2090 577 3669 653; baseline -0.003 -18"><span class='ocrx_word' id='word_1_60' title='bbox 2090 581 2288 653; x_wconf 76' lang='grc' dir='ltr'><strong>κέρασι</strong></span> <span class='ocrx_word' id='word_1_61' title='bbox 2318 579 2414 634; x_wconf 81' lang='grc' dir='ltr'><strong>καὶ</strong></span> <span class='ocrx_word' id='word_1_62' title='bbox 2455 580 2571 642; x_wconf 87' lang='grc' dir='ltr'><strong>τοῖς</strong></span> <span class='ocrx_word' id='word_1_63' title='bbox 2612 577 2776 634; x_wconf 71' lang='grc' dir='ltr'><strong>ποσὶν</strong></span> <span class='ocrx_word' id='word_1_64' title='bbox 2803 578 3023 652; x_wconf 75' lang='grc' dir='ltr'><strong>ἑτέρους</strong></span> <span class='ocrx_word' id='word_1_65' title='bbox 3045 577 3127 648; x_wconf 77' lang='grc' dir='ltr'><strong>τῷ</strong></span> <span class='ocrx_word' id='word_1_66' title='bbox 3152 579 3253 650; x_wconf 70' lang='grc' dir='ltr'><strong>τῆς</strong></span> <span class='ocrx_word' id='word_1_67' title='bbox 3284 577 3501 649; x_wconf 77' lang='grc' dir='ltr'><strong>φύσεως</strong></span> <span class='ocrx_word' id='word_1_68' title='bbox 3530 578 3669 648; x_wconf 79' lang='grc' dir='ltr'><strong>σχή-</strong></span> 
     </span>
    </p>
   </div>
   <div class='ocr_carea' id='block_1_11' title="bbox 315 667 1986 760">
    <p class='ocr_par' dir='ltr' id='par_1_11' title="bbox 315 667 1986 760">
     <span class='ocr_line' id='line_1_11' title="bbox 315 667 1986 760; baseline -0.01 -16"><span class='ocrx_word' id='word_1_69' title='bbox 315 717 318 720; x_wconf 79' lang='lat'><strong><em>~</em></strong></span> <span class='ocrx_word' id='word_1_70' title='bbox 419 667 518 745; x_wconf 83' lang='lat' dir='ltr'><strong>feri</strong></span> <span class='ocrx_word' id='word_1_71' title='bbox 557 667 736 760; x_wconf 84' lang='lat' dir='ltr'><strong>partes</strong></span> <span class='ocrx_word' id='word_1_72' title='bbox 781 686 1007 756; x_wconf 81' lang='lat' dir='ltr'><strong>singulis</strong></span> <span class='ocrx_word' id='word_1_73' title='bbox 1036 694 1194 739; x_wconf 73' lang='lat' dir='ltr'><strong>terrm</strong></span> <span class='ocrx_word' id='word_1_74' title='bbox 1227 683 1490 752; x_wconf 87' lang='lat' dir='ltr'><strong>partibus,</strong></span> <span class='ocrx_word' id='word_1_75' title='bbox 1537 681 1732 735; x_wconf 80' lang='lat' dir='ltr'><strong>frustra</strong></span> <span class='ocrx_word' id='word_1_76' title='bbox 1765 675 1986 732; x_wconf 89' lang='lat' dir='ltr'><strong>omnino</strong></span> 
     </span>
    </p>
   </div>
   <div class='ocr_carea' id='block_1_12' title="bbox 2085 667 2694 760">
    <p class='ocr_par' dir='ltr' id='par_1_12' title="bbox 2093 667 2694 742">
     <span class='ocr_line' id='line_1_12' title="bbox 2093 667 2694 742; baseline -0.007 -17"><span class='ocrx_word' id='word_1_77' title='bbox 2093 687 2226 742; x_wconf 87' lang='grc' dir='ltr'><strong>ματι</strong></span> <span class='ocrx_word' id='word_1_78' title='bbox 2252 667 2694 742; x_wconf 70' lang='grc' dir='ltr'><strong>παραπλησίους.</strong></span> 
     </span>
    </p>
   </div>
   <div class='ocr_carea' id='block_1_13' title="bbox 412 759 3666 852">
    <p class='ocr_par' dir='ltr' id='par_1_13' title="bbox 412 759 3666 852">
     <span class='ocr_line' id='line_1_13' title="bbox 412 759 3666 852; baseline -0.006 -16"><span class='ocrx_word' id='word_1_79' title='bbox 412 759 568 851; x_wconf 75' lang='lat' dir='ltr'><strong>juxta</strong></span> <span class='ocrx_word' id='word_1_80' title='bbox 602 782 803 852; x_wconf 80' lang='lat' dir='ltr'><strong>ﬁguras</strong></span> <span class='ocrx_word' id='word_1_81' title='bbox 843 781 1143 850; x_wconf 84' lang='lat' dir='ltr'><strong>signorum,</strong></span> <span class='ocrx_word' id='word_1_82' title='bbox 1166 777 1327 832; x_wconf 90' lang='lat' dir='ltr'><strong>etiam</strong></span> <span class='ocrx_word' id='word_1_83' title='bbox 1360 784 1514 830; x_wconf 76' lang='lat' dir='ltr'><strong>terra:</strong></span> <span class='ocrx_word' id='word_1_84' title='bbox 1545 775 1659 828; x_wconf 91' lang='lat' dir='ltr'><strong>loca</strong></span> <span class='ocrx_word' id='word_1_85' title='bbox 1679 769 2009 826; x_wconf 89' lang='lat' dir='ltr'><strong>distribuunt</strong></span> <span class='ocrx_word' id='word_1_86' title='bbox 2045 782 2061 820; x_wconf 90' lang='lat'><strong>:</strong></span> <span class='ocrx_word' id='word_1_87' title='bbox 2095 771 2155 818; x_wconf 89' lang='lat' dir='ltr'><strong>ut</strong></span> <span class='ocrx_word' id='word_1_88' title='bbox 2207 778 2334 819; x_wconf 85' lang='lat' dir='ltr'><strong>cum</strong></span> <span class='ocrx_word' id='word_1_89' title='bbox 2377 761 2558 817; x_wconf 87' lang='lat' dir='ltr'><strong>cancri</strong></span> <span class='ocrx_word' id='word_1_90' title='bbox 2611 759 2782 818; x_wconf 82' lang='lat' dir='ltr'><strong>ehelis</strong></span> <span class='ocrx_word' id='word_1_91' title='bbox 2838 759 2954 817; x_wconf 90' lang='lat' dir='ltr'><strong>sive</strong></span> <span class='ocrx_word' id='word_1_92' title='bbox 2991 760 3283 832; x_wconf 73' lang='lat' dir='ltr'><strong>forcipibus</strong></span> <span class='ocrx_word' id='word_1_93' title='bbox 3357 761 3666 818; x_wconf 77' lang='lat' dir='ltr'><strong>eminentes</strong></span> 
     </span>
    </p>
   </div>
   <div class='ocr_carea' id='block_1_14' title="bbox 413 856 3666 947">
    <p class='ocr_par' dir='ltr' id='par_1_14' title="bbox 413 856 3666 947">
     <span class='ocr_line' id='line_1_14' title="bbox 413 856 3666 947; baseline -0.005 -20"><span class='ocrx_word' id='word_1_94' title='bbox 413 875 672 947; x_wconf 87' lang='lat' dir='ltr'><strong>quasdam</strong></span> <span class='ocrx_word' id='word_1_95' title='bbox 724 885 884 943; x_wconf 88' lang='lat' dir='ltr'><strong>atque</strong></span> <span class='ocrx_word' id='word_1_96' title='bbox 941 879 1292 942; x_wconf 77' lang='lat' dir='ltr'><strong>exporrectas</strong></span> <span class='ocrx_word' id='word_1_97' title='bbox 1344 877 1496 923; x_wconf 82' lang='lat' dir='ltr'><strong>extra</strong></span> <span class='ocrx_word' id='word_1_98' title='bbox 1547 868 1712 922; x_wconf 86' lang='lat' dir='ltr'><strong>totius</strong></span> <span class='ocrx_word' id='word_1_99' title='bbox 1781 866 1976 918; x_wconf 90' lang='lat' dir='ltr'><strong>molem</strong></span> <span class='ocrx_word' id='word_1_100' title='bbox 2011 869 2192 930; x_wconf 81' lang='lat' dir='ltr'><strong>partes</strong></span> <span class='ocrx_word' id='word_1_101' title='bbox 2224 857 2664 914; x_wconf 70' lang='lat' dir='ltr'><strong>attribuuntzet</strong></span> <span class='ocrx_word' id='word_1_102' title='bbox 2685 856 2827 912; x_wconf 83' lang='lat' dir='ltr'><strong>tauri</strong></span> <span class='ocrx_word' id='word_1_103' title='bbox 2857 871 3071 912; x_wconf 78' lang='lat' dir='ltr'><strong>rursum</strong></span> <span class='ocrx_word' id='word_1_104' title='bbox 3127 857 3384 922; x_wconf 84' lang='lat' dir='ltr'><strong>cornibus</strong></span> <span class='ocrx_word' id='word_1_105' title='bbox 3436 872 3503 914; x_wconf 88' lang='lat' dir='ltr'><strong>ac</strong></span> <span class='ocrx_word' id='word_1_106' title='bbox 3561 871 3666 926; x_wconf 81' lang='lat' dir='ltr'><strong>pe-</strong></span> 
     </span>
    </p>
   </div>
   <div class='ocr_carea' id='block_1_15' title="bbox 415 950 2873 1036">
    <p class='ocr_par' dir='ltr' id='par_1_15' title="bbox 415 950 2873 1036">
     <span class='ocr_line' id='line_1_15' title="bbox 415 950 2873 1036; baseline -0.007 -14"><span class='ocrx_word' id='word_1_107' title='bbox 415 966 573 1022; x_wconf 85' lang='lat' dir='ltr'><strong>dibus</strong></span> <span class='ocrx_word' id='word_1_108' title='bbox 600 967 705 1020; x_wconf 89' lang='lat' dir='ltr'><strong>alia</strong></span> <span class='ocrx_word' id='word_1_109' title='bbox 737 965 983 1036; x_wconf 81' lang='lat' dir='ltr'><strong>quaedam</strong></span> <span class='ocrx_word' id='word_1_110' title='bbox 1036 966 1175 1029; x_wconf 89' lang='lat' dir='ltr'><strong>loca,</strong></span> <span class='ocrx_word' id='word_1_111' title='bbox 1211 977 1330 1032; x_wconf 71' lang='lat' dir='ltr'><strong>qua:</strong></span> <span class='ocrx_word' id='word_1_112' title='bbox 1369 962 1588 1032; x_wconf 90' lang='lat' dir='ltr'><strong>pr0pius</strong></span> <span class='ocrx_word' id='word_1_113' title='bbox 1626 960 1693 1014; x_wconf 92' lang='lat' dir='ltr'><strong>ad</strong></span> <span class='ocrx_word' id='word_1_114' title='bbox 1752 953 2061 1012; x_wconf 82' lang='lat' dir='ltr'><strong>naturalem</strong></span> <span class='ocrx_word' id='word_1_115' title='bbox 2089 953 2282 1008; x_wconf 84' lang='lat' dir='ltr'><strong>horum</strong></span> <span class='ocrx_word' id='word_1_116' title='bbox 2319 951 2545 1023; x_wconf 79' lang='lat' dir='ltr'><strong>ﬁguram</strong></span> <span class='ocrx_word' id='word_1_117' title='bbox 2587 950 2873 1006; x_wconf 74' lang='lat' dir='ltr'><strong>accedant.</strong></span> 
     </span>
    </p>
   </div>
   <div class='ocr_carea' id='block_1_16' title="bbox 494 1043 1986 1132">
    <p class='ocr_par' dir='ltr' id='par_1_16' title="bbox 494 1055 1978 1132">
     <span class='ocr_line' id='line_1_16' title="bbox 494 1055 1978 1132; baseline -0.005 -18"><span class='ocrx_word' id='word_1_118' title='bbox 494 1061 694 1114; x_wconf 76' lang='lat' dir='ltr'><strong>Adhzec</strong></span> <span class='ocrx_word' id='word_1_119' title='bbox 722 1058 815 1132; x_wconf 75' lang='lat' dir='ltr'><strong>[si]</strong></span> <span class='ocrx_word' id='word_1_120' title='bbox 853 1057 1061 1129; x_wconf 87' lang='lat' dir='ltr'><strong>singula</strong></span> <span class='ocrx_word' id='word_1_121' title='bbox 1105 1057 1347 1128; x_wconf 80' lang='lat' dir='ltr'><strong>signiferi</strong></span> <span class='ocrx_word' id='word_1_122' title='bbox 1375 1057 1526 1127; x_wconf 89' lang='lat' dir='ltr'><strong>signa</strong></span> <span class='ocrx_word' id='word_1_123' title='bbox 1561 1055 1789 1125; x_wconf 77' lang='lat' dir='ltr'><strong>singulis</strong></span> <span class='ocrx_word' id='word_1_124' title='bbox 1819 1063 1978 1108; x_wconf 59' lang='lat' dir='ltr'><strong>terra)</strong></span> 
     </span>
    </p>
   </div>
   <div class='ocr_carea' id='block_1_17' title="bbox 2085 1043 3642 1132">
    <p class='ocr_par' dir='ltr' id='par_1_17' title="bbox 2151 1043 3642 1118">
     <span class='ocr_line' id='line_1_17' title="bbox 2151 1043 3642 1118; baseline -0.003 -17"><span class='ocrx_word' id='word_1_125' title='bbox 2151 1045 2273 1101; x_wconf 76' lang='grc' dir='ltr'><strong>Ἔτι</strong></span> <span class='ocrx_word' id='word_1_126' title='bbox 2296 1046 2364 1115; x_wconf 57' lang='grc' dir='ltr'><strong>,δὲ</strong></span> <span class='ocrx_word' id='word_1_127' title='bbox 2394 1047 2444 1101; x_wconf 78' lang='grc' dir='ltr'><strong>εί</strong></span> <span class='ocrx_word' id='word_1_128' title='bbox 2474 1046 2655 1118; x_wconf 77' lang='grc' dir='ltr'><strong>χαίρει</strong></span> <span class='ocrx_word' id='word_1_129' title='bbox 2690 1045 2800 1100; x_wconf 85' lang='grc' dir='ltr'><strong>τῶν</strong></span> <span class='ocrx_word' id='word_1_130' title='bbox 2844 1044 3054 1109; x_wconf 80' lang='grc' dir='ltr'><strong>ζωδίιιιν</strong></span> <span class='ocrx_word' id='word_1_131' title='bbox 3093 1043 3327 1098; x_wconf 67' lang='grc' dir='ltr'><strong>ἕκαστον</strong></span> <span class='ocrx_word' id='word_1_132' title='bbox 3386 1044 3642 1114; x_wconf 77' lang='grc' dir='ltr'><strong>φυσικῶς</strong></span> 
     </span>
    </p>
   </div>
   <div class='ocr_carea' id='block_1_18' title="bbox 417 1135 1986 1215">
    <p class='ocr_par' dir='ltr' id='par_1_18' title="bbox 417 1142 1983 1215">
     <span class='ocr_line' id='line_1_18' title="bbox 417 1142 1983 1215; baseline -0.01 -5"><span class='ocrx_word' id='word_1_133' title='bbox 417 1150 771 1212; x_wconf 76' lang='lat' dir='ltr'><strong>sectionibus,</strong></span> <span class='ocrx_word' id='word_1_134' title='bbox 803 1152 876 1203; x_wconf 92' lang='lat' dir='ltr'><strong>ita</strong></span> <span class='ocrx_word' id='word_1_135' title='bbox 923 1159 1127 1202; x_wconf 70' lang='lat' dir='ltr'><strong>naturae</strong></span> <span class='ocrx_word' id='word_1_136' title='bbox 1155 1148 1364 1202; x_wconf 84' lang='lat' dir='ltr'><strong>ratione</strong></span> <span class='ocrx_word' id='word_1_137' title='bbox 1396 1147 1685 1215; x_wconf 82' lang='lat' dir='ltr'><strong>gaudeant,</strong></span> <span class='ocrx_word' id='word_1_138' title='bbox 1719 1154 1778 1198; x_wconf 84' lang='lat' dir='ltr'><strong>ut</strong></span> <span class='ocrx_word' id='word_1_139' title='bbox 1805 1153 1861 1198; x_wconf 90' lang='lat' dir='ltr'><strong>et</strong></span> <span class='ocrx_word' id='word_1_140' title='bbox 1891 1142 1983 1196; x_wconf 70' lang='lat' dir='ltr'><strong>lae-</strong></span> 
     </span>
    </p>
   </div>
   <div class='ocr_carea' id='block_1_19' title="bbox 2085 1135 3668 1215">
    <p class='ocr_par' dir='ltr' id='par_1_19' title="bbox 2085 1135 3668 1212">
     <span class='ocr_line' id='line_1_19' title="bbox 2085 1135 3668 1212; baseline -0.004 -17"><span class='ocrx_word' id='word_1_141' title='bbox 2085 1139 2296 1212; x_wconf 68' lang='grc' dir='ltr'><strong>Εκάστῳ</strong></span> <span class='ocrx_word' id='word_1_142' title='bbox 2337 1140 2491 1211; x_wconf 80' lang='grc' dir='ltr'><strong>μέρει</strong></span> <span class='ocrx_word' id='word_1_143' title='bbox 2530 1138 2634 1209; x_wconf 80' lang='grc' dir='ltr'><strong>τῆς</strong></span> <span class='ocrx_word' id='word_1_144' title='bbox 2677 1136 2804 1207; x_wconf 82' lang='grc' dir='ltr'><strong>γῆς,</strong></span> <span class='ocrx_word' id='word_1_145' title='bbox 2832 1136 2930 1191; x_wconf 75' lang='grc' dir='ltr'><strong>καὶ</strong></span> <span class='ocrx_word' id='word_1_146' title='bbox 2982 1136 3212 1206; x_wconf 81' lang='grc' dir='ltr'><strong>βλάπτει</strong></span> <span class='ocrx_word' id='word_1_147' title='bbox 3257 1135 3564 1206; x_wconf 64' lang='grc' dir='ltr'><strong>μὶν-αὑτῆς</strong></span> <span class='ocrx_word' id='word_1_148' title='bbox 3592 1135 3668 1190; x_wconf 80' lang='grc' dir='ltr'><strong>τά</strong></span> 
     </span>
    </p>
   </div>
   <div class='ocr_carea' id='block_1_20' title="bbox 421 1226 1986 1311">
    <p class='ocr_par' dir='ltr' id='par_1_20' title="bbox 421 1235 1986 1311">
     <span class='ocr_line' id='line_1_20' title="bbox 421 1235 1986 1311; baseline -0.005 -12"><span class='ocrx_word' id='word_1_149' title='bbox 421 1246 553 1299; x_wconf 87' lang='lat' dir='ltr'><strong>dant</strong></span> <span class='ocrx_word' id='word_1_150' title='bbox 582 1240 699 1311; x_wconf 82' lang='lat' dir='ltr'><strong>ejus</strong></span> <span class='ocrx_word' id='word_1_151' title='bbox 721 1251 904 1311; x_wconf 89' lang='lat' dir='ltr'><strong>partes</strong></span> <span class='ocrx_word' id='word_1_152' title='bbox 935 1256 1000 1296; x_wconf 89' lang='lat' dir='ltr'><strong>ac</strong></span> <span class='ocrx_word' id='word_1_153' title='bbox 1035 1240 1250 1302; x_wconf 88' lang='lat' dir='ltr'><strong>vitient,</strong></span> <span class='ocrx_word' id='word_1_154' title='bbox 1297 1240 1377 1294; x_wconf 84' lang='lat' dir='ltr'><strong>vel</strong></span> <span class='ocrx_word' id='word_1_155' title='bbox 1413 1250 1569 1293; x_wconf 74' lang='lat' dir='ltr'><strong>terrae</strong></span> <span class='ocrx_word' id='word_1_156' title='bbox 1601 1237 1854 1304; x_wconf 88' lang='lat' dir='ltr'><strong>motibus,</strong></span> <span class='ocrx_word' id='word_1_157' title='bbox 1901 1235 1986 1291; x_wconf 80' lang='lat' dir='ltr'><strong>vel</strong></span> 
     </span>
    </p>
   </div>
   <div class='ocr_carea' id='block_1_21' title="bbox 2085 1226 3655 1311">
    <p class='ocr_par' dir='ltr' id='par_1_21' title="bbox 2085 1226 3655 1303">
     <span class='ocr_line' id='line_1_21' title="bbox 2085 1226 3655 1303; baseline -0.003 -19"><span class='ocrx_word' id='word_1_158' title='bbox 2085 1231 2224 1303; x_wconf 76' lang='grc' dir='ltr'><strong>μέρη</strong></span> <span class='ocrx_word' id='word_1_159' title='bbox 2254 1234 2352 1286; x_wconf 78' lang='grc' dir='ltr'><strong>καὶ</strong></span> <span class='ocrx_word' id='word_1_160' title='bbox 2377 1229 2633 1300; x_wconf 69' lang='grc' dir='ltr'><strong>ἀφανίζει</strong></span> <span class='ocrx_word' id='word_1_161' title='bbox 2668 1229 2706 1301; x_wconf 76' lang='grc' dir='ltr'><strong>ἢ</strong></span> <span class='ocrx_word' id='word_1_162' title='bbox 2741 1231 2983 1300; x_wconf 73' lang='grc' dir='ltr'><strong>σεισμοῖς</strong></span> <span class='ocrx_word' id='word_1_163' title='bbox 3004 1228 3051 1261; x_wconf 72' lang='grc'>³⁸</span> <span class='ocrx_word' id='word_1_164' title='bbox 3082 1227 3115 1299; x_wconf 78' lang='grc' dir='ltr'>ἢ</span> <span class='ocrx_word' id='word_1_165' title='bbox 3149 1227 3414 1298; x_wconf 80' lang='grc' dir='ltr'><strong>πολέμοις</strong></span> <span class='ocrx_word' id='word_1_166' title='bbox 3441 1226 3476 1297; x_wconf 79' lang='grc' dir='ltr'>ἢ</span> <span class='ocrx_word' id='word_1_167' title='bbox 3507 1243 3655 1295; x_wconf 84' lang='grc' dir='ltr'><strong>πυρ-</strong></span> 
     </span>
    </p>
   </div>
   <div class='ocr_carea' id='block_1_22' title="bbox 418 1318 1986 1404">
    <p class='ocr_par' dir='ltr' id='par_1_22' title="bbox 418 1328 1986 1404">
     <span class='ocr_line' id='line_1_22' title="bbox 418 1328 1986 1404; baseline -0.006 -12"><span class='ocrx_word' id='word_1_168' title='bbox 418 1336 597 1394; x_wconf 89' lang='lat' dir='ltr'><strong>bellis.</strong></span> <span class='ocrx_word' id='word_1_169' title='bbox 620 1333 702 1388; x_wconf 92' lang='lat' dir='ltr'><strong>vel</strong></span> <span class='ocrx_word' id='word_1_170' title='bbox 725 1332 864 1404; x_wconf 85' lang='lat' dir='ltr'><strong>ignis</strong></span> <span class='ocrx_word' id='word_1_171' title='bbox 885 1331 1299 1395; x_wconf 83' lang='lat' dir='ltr'><strong>vastationibus,</strong></span> <span class='ocrx_word' id='word_1_172' title='bbox 1328 1329 1412 1384; x_wconf 86' lang='lat' dir='ltr'><strong>vel</strong></span> <span class='ocrx_word' id='word_1_173' title='bbox 1441 1329 1749 1392; x_wconf 90' lang='lat' dir='ltr'><strong>sterilitate,</strong></span> <span class='ocrx_word' id='word_1_174' title='bbox 1775 1328 1986 1397; x_wconf 84' lang='lat' dir='ltr'><strong>quoties</strong></span> 
     </span>
    </p>
   </div>
   <div class='ocr_carea' id='block_1_23' title="bbox 2085 1318 3670 1404">
    <p class='ocr_par' dir='ltr' id='par_1_23' title="bbox 2085 1318 3670 1395">
     <span class='ocr_line' id='line_1_23' title="bbox 2085 1318 3670 1395; baseline -0.003 -20"><span class='ocrx_word' id='word_1_175' title='bbox 2085 1323 2382 1395; x_wconf 86' lang='grc' dir='ltr'><strong>πολήσεσιν</strong></span> <span class='ocrx_word' id='word_1_176' title='bbox 2424 1324 2460 1394; x_wconf 76' lang='grc' dir='ltr'><strong>ἢ</strong></span> <span class='ocrx_word' id='word_1_177' title='bbox 2521 1321 2777 1393; x_wconf 73' lang='grc' dir='ltr'><strong>ἀφορίαις</strong></span> <span class='ocrx_word' id='word_1_178' title='bbox 2829 1319 3128 1374; x_wconf 83' lang='grc' dir='ltr'><strong>κακοποωῦ</strong></span> <span class='ocrx_word' id='word_1_179' title='bbox 3183 1319 3446 1389; x_wconf 75' lang='grc' dir='ltr'><strong>φανέντος</strong></span> <span class='ocrx_word' id='word_1_180' title='bbox 3497 1318 3592 1372; x_wconf 76' lang='grc' dir='ltr'><strong>τοῦ</strong></span> <span class='ocrx_word' id='word_1_181' title='bbox 3613 1318 3670 1350; x_wconf 76' lang='grc'>⁸⁸</span> 
     </span>
    </p>
   </div>
   <div class='ocr_carea' id='block_1_24' title="bbox 422 1409 1986 1494">
    <p class='ocr_par' dir='ltr' id='par_1_24' title="bbox 422 1421 1986 1494">
     <span class='ocr_line' id='line_1_24' title="bbox 422 1421 1986 1494; baseline -0.003 -15"><span class='ocrx_word' id='word_1_182' title='bbox 422 1423 715 1494; x_wconf 85' lang='lat' dir='ltr'><strong>malignum</strong></span> <span class='ocrx_word' id='word_1_183' title='bbox 765 1423 979 1494; x_wconf 80' lang='lat' dir='ltr'><strong>aliquod</strong></span> <span class='ocrx_word' id='word_1_184' title='bbox 1027 1424 1176 1477; x_wconf 89' lang='lat' dir='ltr'><strong>sidus</strong></span> <span class='ocrx_word' id='word_1_185' title='bbox 1225 1429 1471 1490; x_wconf 86' lang='lat' dir='ltr'><strong>apparet,</strong></span> <span class='ocrx_word' id='word_1_186' title='bbox 1501 1430 1555 1486; x_wconf 87' lang='lat' dir='ltr'><strong>et</strong></span> <span class='ocrx_word' id='word_1_187' title='bbox 1585 1431 1770 1476; x_wconf 90' lang='lat' dir='ltr'><strong>contra</strong></span> <span class='ocrx_word' id='word_1_188' title='bbox 1802 1421 1986 1491; x_wconf 79' lang='lat' dir='ltr'><strong>juveni</strong></span> 
     </span>
    </p>
   </div>
   <div class='ocr_carea' id='block_1_25' title="bbox 2085 1409 3671 1494">
    <p class='ocr_par' dir='ltr' id='par_1_25' title="bbox 2088 1409 3671 1487">
     <span class='ocr_line' id='line_1_25' title="bbox 2088 1409 3671 1487; baseline -0.004 -18"><span class='ocrx_word' id='word_1_189' title='bbox 2088 1415 2336 1487; x_wconf 86' lang='grc' dir='ltr'><strong>ἀστέρος,</strong></span> <span class='ocrx_word' id='word_1_190' title='bbox 2365 1414 2568 1484; x_wconf 82' lang='grc' dir='ltr'><strong>ὠφελεῖ</strong></span> <span class='ocrx_word' id='word_1_191' title='bbox 2592 1412 2649 1466; x_wconf 85' lang='grc' dir='ltr'><strong>δὲ</strong></span> <span class='ocrx_word' id='word_1_192' title='bbox 2679 1411 2746 1466; x_wconf 83' lang='grc' dir='ltr'><strong>τὰ</strong></span> <span class='ocrx_word' id='word_1_193' title='bbox 2788 1411 3023 1482; x_wconf 79' lang='grc' dir='ltr'><strong>μέγιστα</strong></span> <span class='ocrx_word' id='word_1_194' title='bbox 3049 1410 3160 1465; x_wconf 86' lang='grc' dir='ltr'><strong>τῶν</strong></span> <span class='ocrx_word' id='word_1_195' title='bbox 3201 1409 3546 1479; x_wconf 79' lang='grc' dir='ltr'><strong>ἀγαθοποιῶν</strong></span> <span class='ocrx_word' id='word_1_196' title='bbox 3583 1425 3671 1463; x_wconf 78' lang='grc' dir='ltr'><strong>τι·</strong></span> 
     </span>
    </p>
   </div>
   <div class='ocr_carea' id='block_1_26' title="bbox 421 1502 1986 1582">
    <p class='ocr_par' dir='ltr' id='par_1_26' title="bbox 421 1511 1986 1582">
     <span class='ocr_line' id='line_1_26' title="bbox 421 1511 1986 1582; baseline -0.003 -14"><span class='ocrx_word' id='word_1_197' title='bbox 421 1516 677 1579; x_wconf 83' lang='lat' dir='ltr'><strong>maxime,</strong></span> <span class='ocrx_word' id='word_1_198' title='bbox 731 1514 1085 1582; x_wconf 89' lang='lat' dir='ltr'><strong>agricultura,</strong></span> <span class='ocrx_word' id='word_1_199' title='bbox 1131 1511 1505 1578; x_wconf 58' lang='lat' dir='ltr'><strong>aediﬁcatione,</strong></span> <span class='ocrx_word' id='word_1_200' title='bbox 1552 1513 1818 1578; x_wconf 87' lang='lat' dir='ltr'><strong>ubertate,</strong></span> <span class='ocrx_word' id='word_1_201' title='bbox 1864 1511 1986 1565; x_wconf 86' lang='lat' dir='ltr'><strong>dum</strong></span> 
     </span>
    </p>
   </div>
   <div class='ocr_carea' id='block_1_27' title="bbox 2085 1502 3665 1582">
    <p class='ocr_par' dir='ltr' id='par_1_27' title="bbox 2087 1502 3665 1577">
     <span class='ocr_line' id='line_1_27' title="bbox 2087 1502 3665 1577; baseline -0.004 -16"><span class='ocrx_word' id='word_1_202' title='bbox 2087 1523 2178 1570; x_wconf 88' lang='grc' dir='ltr'><strong>νος</strong></span> <span class='ocrx_word' id='word_1_203' title='bbox 2217 1509 2299 1570; x_wconf 88' lang='grc' dir='ltr'><strong>είς</strong></span> <span class='ocrx_word' id='word_1_204' title='bbox 2332 1507 2466 1562; x_wconf 80' lang='grc' dir='ltr'><strong>αὐτὸ</strong></span> <span class='ocrx_word' id='word_1_205' title='bbox 2508 1505 2833 1577; x_wconf 71' lang='grc' dir='ltr'><strong>ἐρχομένου,</strong></span> <span class='ocrx_word' id='word_1_206' title='bbox 2862 1503 3172 1576; x_wconf 75' lang='grc' dir='ltr'><strong>γηπονίαις,</strong></span> <span class='ocrx_word' id='word_1_207' title='bbox 3208 1502 3512 1574; x_wconf 82' lang='grc' dir='ltr'><strong>εὐφορίαις,</strong></span> <span class='ocrx_word' id='word_1_208' title='bbox 3539 1503 3665 1568; x_wconf 83' lang='grc' dir='ltr'><strong>πῶς</strong></span> 
     </span>
    </p>
   </div>
   <div class='ocr_carea' id='block_1_28' title="bbox 420 1593 1986 1670">
    <p class='ocr_par' dir='ltr' id='par_1_28' title="bbox 420 1598 1986 1670">
     <span class='ocr_line' id='line_1_28' title="bbox 420 1598 1986 1670; baseline -0.001 -16"><span class='ocrx_word' id='word_1_209' title='bbox 420 1600 714 1670; x_wconf 86' lang='lat' dir='ltr'><strong>benignum</strong></span> <span class='ocrx_word' id='word_1_210' title='bbox 747 1600 965 1668; x_wconf 87' lang='lat' dir='ltr'><strong>aliquod</strong></span> <span class='ocrx_word' id='word_1_211' title='bbox 1009 1601 1161 1654; x_wconf 89' lang='lat' dir='ltr'><strong>sidus</strong></span> <span class='ocrx_word' id='word_1_212' title='bbox 1193 1601 1258 1653; x_wconf 90' lang='lat' dir='ltr'><strong>atl</strong></span> <span class='ocrx_word' id='word_1_213' title='bbox 1291 1614 1385 1654; x_wconf 87' lang='lat' dir='ltr'><strong>eas</strong></span> <span class='ocrx_word' id='word_1_214' title='bbox 1415 1598 1695 1665; x_wconf 88' lang='lat' dir='ltr'><strong>defertur;</strong></span> <span class='ocrx_word' id='word_1_215' title='bbox 1725 1598 1986 1668; x_wconf 90' lang='lat' dir='ltr'><strong>quomodo</strong></span> 
     </span>
    </p>
   </div>
   <div class='ocr_carea' id='block_1_29' title="bbox 2085 1593 3665 1670">
    <p class='ocr_par' dir='ltr' id='par_1_29' title="bbox 2088 1593 3665 1668">
     <span class='ocr_line' id='line_1_29' title="bbox 2088 1593 3665 1668; baseline -0.002 -18"><span class='ocrx_word' id='word_1_216' title='bbox 2088 1598 2195 1651; x_wconf 74' lang='grc' dir='ltr'><strong>εισι</strong></span> <span class='ocrx_word' id='word_1_217' title='bbox 2220 1599 2377 1651; x_wconf 83' lang='grc' dir='ltr'><strong>τόποι</strong></span> <span class='ocrx_word' id='word_1_218' title='bbox 2389 1597 2479 1652; x_wconf 81' lang='grc' dir='ltr'><strong>διὰ</strong></span> <span class='ocrx_word' id='word_1_219' title='bbox 2508 1597 2709 1668; x_wconf 82' lang='grc' dir='ltr'><strong>κρύους</strong></span> <span class='ocrx_word' id='word_1_220' title='bbox 2736 1595 2770 1666; x_wconf 79' lang='grc' dir='ltr'>ἢ</span> <span class='ocrx_word' id='word_1_221' title='bbox 2796 1595 3032 1658; x_wconf 79' lang='grc' dir='ltr'><strong>θάλπους</strong></span> <span class='ocrx_word' id='word_1_222' title='bbox 3057 1593 3363 1667; x_wconf 71' lang='grc' dir='ltr'><strong>ὑπερϐολὴν</strong></span> <span class='ocrx_word' id='word_1_223' title='bbox 3390 1594 3482 1648; x_wconf 87' lang='grc' dir='ltr'><strong>διά</strong></span> <span class='ocrx_word' id='word_1_224' title='bbox 3515 1610 3665 1647; x_wconf 72' lang='grc' dir='ltr'><strong>παν⁴</strong></span> 
     </span>
    </p>
   </div>
   <div class='ocr_carea' id='block_1_30' title="bbox 421 1685 1986 1760">
    <p class='ocr_par' dir='ltr' id='par_1_30' title="bbox 421 1691 1986 1760">
     <span class='ocr_line' id='line_1_30' title="bbox 421 1691 1986 1760; baseline -0.001 -14"><span class='ocrx_word' id='word_1_225' title='bbox 421 1693 609 1747; x_wconf 66' lang='lat' dir='ltr'><strong>adhaec</strong></span> <span class='ocrx_word' id='word_1_226' title='bbox 657 1691 773 1746; x_wconf 90' lang='lat' dir='ltr'><strong>loca</strong></span> <span class='ocrx_word' id='word_1_227' title='bbox 816 1691 1060 1759; x_wconf 85' lang='lat' dir='ltr'><strong>quaedam</strong></span> <span class='ocrx_word' id='word_1_228' title='bbox 1104 1693 1467 1758; x_wconf 86' lang='lat' dir='ltr'><strong>reperiuntur,</strong></span> <span class='ocrx_word' id='word_1_229' title='bbox 1503 1707 1622 1760; x_wconf 85' lang='lat' dir='ltr'><strong>quae</strong></span> <span class='ocrx_word' id='word_1_230' title='bbox 1654 1692 1722 1746; x_wconf 94' lang='lat' dir='ltr'><strong>ob</strong></span> <span class='ocrx_word' id='word_1_231' title='bbox 1766 1691 1986 1746; x_wconf 90' lang='lat' dir='ltr'><strong>nimium</strong></span> 
     </span>
    </p>
   </div>
   <div class='ocr_carea' id='block_1_31' title="bbox 2085 1685 3668 1760">
    <p class='ocr_par' dir='ltr' id='par_1_31' title="bbox 2085 1685 3668 1760">
     <span class='ocr_line' id='line_1_31' title="bbox 2085 1685 3668 1760; baseline -0.004 -16"><span class='ocrx_word' id='word_1_232' title='bbox 2085 1689 2180 1754; x_wconf 81' lang='grc' dir='ltr'><strong>τὸς</strong></span> <span class='ocrx_word' id='word_1_233' title='bbox 2231 1691 2454 1744; x_wconf 76' lang='grc' dir='ltr'><strong>πάντων</strong></span> <span class='ocrx_word' id='word_1_234' title='bbox 2502 1689 2722 1760; x_wconf 73' lang='grc' dir='ltr'><strong>ἔρημοι,</strong></span> <span class='ocrx_word' id='word_1_235' title='bbox 2776 1687 2867 1743; x_wconf 72' lang='grc' dir='ltr'><strong>καὶ</strong></span> <span class='ocrx_word' id='word_1_236' title='bbox 2913 1686 3036 1740; x_wconf 76' lang='grc' dir='ltr'><strong>οὔτε</strong></span> <span class='ocrx_word' id='word_1_237' title='bbox 3091 1685 3424 1756; x_wconf 79' lang='grc' dir='ltr'><strong>ἀγαθοποιδς</strong></span> <span class='ocrx_word' id='word_1_238' title='bbox 3474 1686 3668 1750; x_wconf 74' lang='grc' dir='ltr'><strong>αὐτοις</strong></span> 
     </span>
    </p>
   </div>
   <div class='ocr_carea' id='block_1_32' title="bbox 422 1776 1986 1853">
    <p class='ocr_par' dir='ltr' id='par_1_32' title="bbox 422 1780 1986 1852">
     <span class='ocr_line' id='line_1_32' title="bbox 422 1780 1986 1852; baseline -0.003 -14"><span class='ocrx_word' id='word_1_239' title='bbox 422 1782 538 1838; x_wconf 82' lang='lat' dir='ltr'><strong>sive</strong></span> <span class='ocrx_word' id='word_1_240' title='bbox 578 1780 773 1852; x_wconf 88' lang='lat' dir='ltr'><strong>frigus,</strong></span> <span class='ocrx_word' id='word_1_241' title='bbox 801 1781 919 1836; x_wconf 89' lang='lat' dir='ltr'><strong>sive</strong></span> <span class='ocrx_word' id='word_1_242' title='bbox 951 1783 1183 1834; x_wconf 85' lang='lat' dir='ltr'><strong>calorem</strong></span> <span class='ocrx_word' id='word_1_243' title='bbox 1214 1783 1436 1835; x_wconf 92' lang='lat' dir='ltr'><strong>omnino</strong></span> <span class='ocrx_word' id='word_1_244' title='bbox 1469 1782 1684 1836; x_wconf 87' lang='lat' dir='ltr'><strong>deserta</strong></span> <span class='ocrx_word' id='word_1_245' title='bbox 1731 1789 1986 1850; x_wconf 87' lang='lat' dir='ltr'><strong>perpetuo</strong></span> 
     </span>
    </p>
   </div>
   <div class='ocr_carea' id='block_1_33' title="bbox 2085 1776 3670 1853">
    <p class='ocr_par' dir='ltr' id='par_1_33' title="bbox 2086 1776 3670 1853">
     <span class='ocr_line' id='line_1_33' title="bbox 2086 1776 3670 1853; baseline -0.003 -18"><span class='ocrx_word' id='word_1_246' title='bbox 2086 1781 2274 1850; x_wconf 77' lang='grc' dir='ltr'><strong>ἀφεῖλε</strong></span> <span class='ocrx_word' id='word_1_247' title='bbox 2328 1779 2428 1853; x_wconf 78' lang='grc' dir='ltr'><strong>τὴν</strong></span> <span class='ocrx_word' id='word_1_248' title='bbox 2473 1780 2732 1852; x_wconf 79' lang='grc' dir='ltr'><strong>ἐρημίαν,</strong></span> <span class='ocrx_word' id='word_1_249' title='bbox 2767 1779 3010 1851; x_wconf 72' lang='grc' dir='ltr'><strong>παρέσχε</strong></span> <span class='ocrx_word' id='word_1_250' title='bbox 3036 1778 3096 1832; x_wconf 74' lang='grc' dir='ltr'><strong>εδ</strong></span> <span class='ocrx_word' id='word_1_251' title='bbox 3121 1779 3225 1849; x_wconf 61' lang='grc' dir='ltr'><strong>τὴν</strong></span> <span class='ocrx_word' id='word_1_252' title='bbox 3266 1777 3567 1848; x_wconf 74' lang='grc' dir='ltr'><strong>εὐκρασίαν</strong></span> <span class='ocrx_word' id='word_1_253' title='bbox 3588 1776 3670 1842; x_wconf 72' lang='grc'><strong>⁸³,</strong></span> 
     </span>
    </p>
   </div>
   <div class='ocr_carea' id='block_1_34' title="bbox 423 1868 1986 1944">
    <p class='ocr_par' dir='ltr' id='par_1_34' title="bbox 423 1871 1985 1944">
     <span class='ocr_line' id='line_1_34' title="bbox 423 1871 1985 1944; baseline -0.002 -16"><span class='ocrx_word' id='word_1_254' title='bbox 423 1882 709 1928; x_wconf 86' lang='lat' dir='ltr'><strong>remanent</strong></span> <span class='ocrx_word' id='word_1_255' title='bbox 751 1889 766 1927; x_wconf 90' lang='lat'><strong>:</strong></span> <span class='ocrx_word' id='word_1_256' title='bbox 809 1888 985 1944; x_wconf 89' lang='lat' dir='ltr'><strong>neque</strong></span> <span class='ocrx_word' id='word_1_257' title='bbox 1040 1871 1125 1927; x_wconf 90' lang='lat' dir='ltr'><strong>vel</strong></span> <span class='ocrx_word' id='word_1_258' title='bbox 1179 1872 1476 1928; x_wconf 79' lang='lat' dir='ltr'><strong>beneﬁcum</strong></span> <span class='ocrx_word' id='word_1_259' title='bbox 1527 1872 1745 1942; x_wconf 87' lang='lat' dir='ltr'><strong>aliquod</strong></span> <span class='ocrx_word' id='word_1_260' title='bbox 1783 1881 1985 1926; x_wconf 84' lang='lat' dir='ltr'><strong>astrum</strong></span> 
     </span>
    </p>
   </div>
   <div class='ocr_carea' id='block_1_35' title="bbox 2085 1868 3667 1944">
    <p class='ocr_par' dir='ltr' id='par_1_35' title="bbox 2086 1868 3667 1944">
     <span class='ocr_line' id='line_1_35' title="bbox 2086 1868 3667 1944; baseline -0.004 -17"><span class='ocrx_word' id='word_1_261' title='bbox 2086 1873 2209 1928; x_wconf 79' lang='grc' dir='ltr'><strong>οὕτε</strong></span> <span class='ocrx_word' id='word_1_262' title='bbox 2236 1872 2365 1936; x_wconf 76' lang='grc' dir='ltr'><strong>τοὺς</strong></span> <span class='ocrx_word' id='word_1_263' title='bbox 2391 1872 2720 1944; x_wconf 78' lang='grc' dir='ltr'><strong>οἰκησίμους</strong></span> <span class='ocrx_word' id='word_1_264' title='bbox 2751 1872 2949 1934; x_wconf 83' lang='grc' dir='ltr'><strong>τόπους</strong></span> <span class='ocrx_word' id='word_1_265' title='bbox 2970 1868 3264 1933; x_wconf 74' lang='grc' dir='ltr'><strong>κακοποιὸς</strong></span> <span class='ocrx_word' id='word_1_266' title='bbox 3292 1868 3467 1932; x_wconf 76' lang='grc' dir='ltr'><strong>οὐδεὶς</strong></span> <span class='ocrx_word' id='word_1_267' title='bbox 3490 1869 3667 1937; x_wconf 64' lang='grc' dir='ltr'><strong>ἐπεμ-</strong></span> 
     </span>
    </p>
   </div>
   <div class='ocr_carea' id='block_1_36' title="bbox 424 1964 1986 2033">
    <p class='ocr_par' dir='ltr' id='par_1_36' title="bbox 424 1964 1986 2033">
     <span class='ocr_line' id='line_1_36' title="bbox 424 1964 1986 2033; baseline -0.001 -13"><span class='ocrx_word' id='word_1_268' title='bbox 424 1965 638 2020; x_wconf 88' lang='lat' dir='ltr'><strong>snblata</strong></span> <span class='ocrx_word' id='word_1_269' title='bbox 687 1964 986 2021; x_wconf 90' lang='lat' dir='ltr'><strong>solitudine</strong></span> <span class='ocrx_word' id='word_1_270' title='bbox 1019 1965 1332 2033; x_wconf 76' lang='lat' dir='ltr'><strong>temperiem</strong></span> <span class='ocrx_word' id='word_1_271' title='bbox 1381 1965 1532 2020; x_wconf 89' lang='lat' dir='ltr'><strong>hisce</strong></span> <span class='ocrx_word' id='word_1_272' title='bbox 1566 1965 1765 2028; x_wconf 88' lang='lat' dir='ltr'><strong>attulit,</strong></span> <span class='ocrx_word' id='word_1_273' title='bbox 1800 1964 1884 2018; x_wconf 85' lang='lat' dir='ltr'><strong>vel</strong></span> <span class='ocrx_word' id='word_1_274' title='bbox 1918 1964 1986 2018; x_wconf 88' lang='lat' dir='ltr'><strong>ad</strong></span> 
     </span>
    </p>
   </div>
   <div class='ocr_carea' id='block_1_37' title="bbox 424 2057 1986 2128">
    <p class='ocr_par' dir='ltr' id='par_1_37' title="bbox 424 2057 1986 2128">
     <span class='ocr_line' id='line_1_37' title="bbox 424 2057 1986 2128; baseline 0 -16"><span class='ocrx_word' id='word_1_275' title='bbox 424 2057 751 2113; x_wconf 80' lang='lat' dir='ltr'><strong>habitabiles</strong></span> <span class='ocrx_word' id='word_1_276' title='bbox 798 2057 946 2112; x_wconf 87' lang='lat' dir='ltr'><strong>locos</strong></span> <span class='ocrx_word' id='word_1_277' title='bbox 985 2058 1276 2128; x_wconf 85' lang='lat' dir='ltr'><strong>malignum</strong></span> <span class='ocrx_word' id='word_1_278' title='bbox 1325 2057 1537 2126; x_wconf 80' lang='lat' dir='ltr'><strong>signum</strong></span> <span class='ocrx_word' id='word_1_279' title='bbox 1582 2057 1898 2123; x_wconf 87' lang='lat' dir='ltr'><strong>ascendens,</strong></span> <span class='ocrx_word' id='word_1_280' title='bbox 1932 2057 1986 2112; x_wconf 89' lang='lat' dir='ltr'><strong>in</strong></span> 
     </span>
    </p>
   </div>
   <div class='ocr_carea' id='block_1_38' title="bbox 423 2148 1987 2220">
    <p class='ocr_par' dir='ltr' id='par_1_38' title="bbox 423 2148 1987 2220">
     <span class='ocr_line' id='line_1_38' title="bbox 423 2148 1987 2220; baseline 0.001 -17"><span class='ocrx_word' id='word_1_281' title='bbox 423 2164 630 2204; x_wconf 88' lang='lat' dir='ltr'><strong>meram</strong></span> <span class='ocrx_word' id='word_1_282' title='bbox 659 2164 755 2204; x_wconf 88' lang='lat' dir='ltr'><strong>eos</strong></span> <span class='ocrx_word' id='word_1_283' title='bbox 777 2149 1122 2204; x_wconf 86' lang='lat' dir='ltr'><strong>solitudinem</strong></span> <span class='ocrx_word' id='word_1_284' title='bbox 1157 2165 1220 2204; x_wconf 91' lang='lat' dir='ltr'><strong>ac</strong></span> <span class='ocrx_word' id='word_1_285' title='bbox 1251 2151 1553 2204; x_wconf 86' lang='lat' dir='ltr'><strong>vastitatem</strong></span> <span class='ocrx_word' id='word_1_286' title='bbox 1601 2149 1846 2220; x_wconf 78' lang='lat' dir='ltr'><strong>redegit?</strong></span> <span class='ocrx_word' id='word_1_287' title='bbox 1875 2148 1987 2204; x_wconf 82' lang='lat' dir='ltr'><strong>Etsi</strong></span> 
     </span>
    </p>
   </div>
   <div class='ocr_carea' id='block_1_39' title="bbox 421 2241 1987 2313">
    <p class='ocr_par' dir='ltr' id='par_1_39' title="bbox 421 2241 1987 2313">
     <span class='ocr_line' id='line_1_39' title="bbox 421 2241 1987 2313; baseline -0.002 -17"><span class='ocrx_word' id='word_1_288' title='bbox 421 2241 565 2296; x_wconf 89' lang='lat' dir='ltr'><strong>enim</strong></span> <span class='ocrx_word' id='word_1_289' title='bbox 591 2243 678 2296; x_wconf 90' lang='lat' dir='ltr'><strong>hic</strong></span> <span class='ocrx_word' id='word_1_290' title='bbox 707 2242 1034 2313; x_wconf 81' lang='lat' dir='ltr'><strong>contigerint</strong></span> <span class='ocrx_word' id='word_1_291' title='bbox 1062 2241 1355 2310; x_wconf 90' lang='lat' dir='ltr'><strong>aliquando</strong></span> <span class='ocrx_word' id='word_1_292' title='bbox 1379 2242 1674 2310; x_wconf 82' lang='lat' dir='ltr'><strong>eluviones,</strong></span> <span class='ocrx_word' id='word_1_293' title='bbox 1704 2241 1786 2296; x_wconf 83' lang='lat' dir='ltr'><strong>vel</strong></span> <span class='ocrx_word' id='word_1_294' title='bbox 1824 2255 1987 2310; x_wconf 79' lang='lat' dir='ltr'><strong>gran-</strong></span> 
     </span>
    </p>
   </div>
   <div class='ocr_carea' id='block_1_40' title="bbox 423 2330 1987 2402">
    <p class='ocr_par' dir='ltr' id='par_1_40' title="bbox 423 2330 1987 2402">
     <span class='ocr_line' id='line_1_40' title="bbox 423 2330 1987 2402; baseline -0.001 -14"><span class='ocrx_word' id='word_1_295' title='bbox 423 2333 612 2388; x_wconf 89' lang='lat' dir='ltr'><strong>dinum</strong></span> <span class='ocrx_word' id='word_1_296' title='bbox 654 2343 748 2388; x_wconf 88' lang='lat' dir='ltr'><strong>aut</strong></span> <span class='ocrx_word' id='word_1_297' title='bbox 781 2333 1064 2387; x_wconf 91' lang='lat' dir='ltr'><strong>fulminum</strong></span> <span class='ocrx_word' id='word_1_298' title='bbox 1091 2333 1256 2394; x_wconf 88' lang='lat' dir='ltr'><strong>ictus,</strong></span> <span class='ocrx_word' id='word_1_299' title='bbox 1283 2333 1484 2402; x_wconf 86' lang='lat' dir='ltr'><strong>quibus</strong></span> <span class='ocrx_word' id='word_1_300' title='bbox 1527 2346 1590 2386; x_wconf 89' lang='lat' dir='ltr'><strong>ea</strong></span> <span class='ocrx_word' id='word_1_301' title='bbox 1624 2345 1743 2401; x_wconf 68' lang='lat' dir='ltr'><strong>qua!</strong></span> <span class='ocrx_word' id='word_1_302' title='bbox 1775 2331 1828 2385; x_wconf 90' lang='lat' dir='ltr'><strong>in</strong></span> <span class='ocrx_word' id='word_1_303' title='bbox 1855 2330 1987 2400; x_wconf 85' lang='lat' dir='ltr'><strong>ipsis</strong></span> 
     </span>
    </p>
   </div>
   <div class='ocr_carea' id='block_1_41' title="bbox 422 2421 1986 2495">
    <p class='ocr_par' dir='ltr' id='par_1_41' title="bbox 422 2421 1986 2495">
     <span class='ocr_line' id='line_1_41' title="bbox 422 2421 1986 2495; baseline 0 -17"><span class='ocrx_word' id='word_1_304' title='bbox 422 2433 569 2488; x_wconf 86' lang='lat' dir='ltr'><strong>sunt,</strong></span> <span class='ocrx_word' id='word_1_305' title='bbox 598 2423 875 2492; x_wconf 80' lang='lat' dir='ltr'><strong>perirent:</strong></span> <span class='ocrx_word' id='word_1_306' title='bbox 911 2433 1150 2479; x_wconf 85' lang='lat' dir='ltr'><strong>attamen</strong></span> <span class='ocrx_word' id='word_1_307' title='bbox 1179 2423 1493 2495; x_wconf 82' lang='grc' dir='ltr'><strong>συμμετρία</strong></span> <span class='ocrx_word' id='word_1_308' title='bbox 1515 2438 1699 2478; x_wconf 86' lang='lat' dir='ltr'><strong>rursus</strong></span> <span class='ocrx_word' id='word_1_309' title='bbox 1727 2422 1842 2478; x_wconf 72' lang='lat' dir='ltr'><strong>haec</strong></span> <span class='ocrx_word' id='word_1_310' title='bbox 1867 2421 1986 2478; x_wconf 79' lang='lat' dir='ltr'><strong>loca</strong></span> 
     </span>
    </p>
   </div>
   <div class='ocr_carea' id='block_1_42' title="bbox 421 2513 1987 2581">
    <p class='ocr_par' dir='ltr' id='par_1_42' title="bbox 421 2513 1987 2581">
     <span class='ocr_line' id='line_1_42' title="bbox 421 2513 1987 2581; baseline 0.002 -14"><span class='ocrx_word' id='word_1_311' title='bbox 421 2513 491 2567; x_wconf 91' lang='lat' dir='ltr'><strong>ad</strong></span> <span class='ocrx_word' id='word_1_312' title='bbox 534 2516 832 2570; x_wconf 90' lang='lat' dir='ltr'><strong>naturalem</strong></span> <span class='ocrx_word' id='word_1_313' title='bbox 865 2516 1166 2570; x_wconf 86' lang='lat' dir='ltr'><strong>ubertatem</strong></span> <span class='ocrx_word' id='word_1_314' title='bbox 1199 2515 1436 2581; x_wconf 76' lang='lat' dir='ltr'><strong>reduxit,</strong></span> <span class='ocrx_word' id='word_1_315' title='bbox 1470 2531 1592 2570; x_wconf 90' lang='lat' dir='ltr'><strong>cum</strong></span> <span class='ocrx_word' id='word_1_316' title='bbox 1627 2515 1730 2570; x_wconf 90' lang='lat' dir='ltr'><strong>illis</strong></span> <span class='ocrx_word' id='word_1_317' title='bbox 1755 2514 1987 2569; x_wconf 82' lang='lat' dir='ltr'><strong>desertis</strong></span> 
     </span>
    </p>
   </div>
   <div class='ocr_carea' id='block_1_43' title="bbox 422 2603 1985 2676">
    <p class='ocr_par' dir='ltr' id='par_1_43' title="bbox 422 2603 1985 2676">
     <span class='ocr_line' id='line_1_43' title="bbox 422 2603 1985 2676; baseline 0.002 -19"><span class='ocrx_word' id='word_1_318' title='bbox 422 2618 696 2672; x_wconf 90' lang='lat' dir='ltr'><strong>nunquam</strong></span> <span class='ocrx_word' id='word_1_319' title='bbox 745 2605 960 2675; x_wconf 89' lang='lat' dir='ltr'><strong>aliquod</strong></span> <span class='ocrx_word' id='word_1_320' title='bbox 1002 2606 1265 2661; x_wconf 84' lang='lat' dir='ltr'><strong>hactenus</strong></span> <span class='ocrx_word' id='word_1_321' title='bbox 1307 2603 1431 2660; x_wconf 83' lang='lat' dir='ltr'><strong>felix</strong></span> <span class='ocrx_word' id='word_1_322' title='bbox 1463 2615 1668 2661; x_wconf 84' lang='lat' dir='ltr'><strong>astrum</strong></span> <span class='ocrx_word' id='word_1_323' title='bbox 1704 2604 1985 2676; x_wconf 88' lang='lat' dir='ltr'><strong>profuerit.</strong></span> 
     </span>
    </p>
   </div>
   <div class='ocr_carea' id='block_1_44' title="bbox 424 2695 1984 2763">
    <p class='ocr_par' dir='ltr' id='par_1_44' title="bbox 424 2695 1984 2763">
     <span class='ocr_line' id='line_1_44' title="bbox 424 2695 1984 2763; baseline 0 -13"><span class='ocrx_word' id='word_1_324' title='bbox 424 2695 533 2750; x_wconf 90' lang='lat' dir='ltr'><strong>Sed</strong></span> <span class='ocrx_word' id='word_1_325' title='bbox 555 2704 748 2750; x_wconf 87' lang='lat' dir='ltr'><strong>natura</strong></span> <span class='ocrx_word' id='word_1_326' title='bbox 785 2696 1038 2751; x_wconf 89' lang='lat' dir='ltr'><strong>nimirum</strong></span> <span class='ocrx_word' id='word_1_327' title='bbox 1071 2697 1299 2763; x_wconf 87' lang='lat' dir='ltr'><strong>obtinet,</strong></span> <span class='ocrx_word' id='word_1_328' title='bbox 1329 2712 1452 2751; x_wconf 90' lang='lat' dir='ltr'><strong>cum</strong></span> <span class='ocrx_word' id='word_1_329' title='bbox 1498 2697 1552 2750; x_wconf 93' lang='lat' dir='ltr'><strong>in</strong></span> <span class='ocrx_word' id='word_1_330' title='bbox 1583 2696 1984 2761; x_wconf 87' lang='lat' dir='ltr'><strong>solitudinibus,</strong></span> 
     </span>
    </p>
   </div>
   <div class='ocr_carea' id='block_1_45' title="bbox 423 2787 1985 2857">
    <p class='ocr_par' dir='ltr' id='par_1_45' title="bbox 423 2787 1985 2857">
     <span class='ocr_line' id='line_1_45' title="bbox 423 2787 1985 2857; baseline 0.002 -17"><span class='ocrx_word' id='word_1_331' title='bbox 423 2797 536 2840; x_wconf 92' lang='lat' dir='ltr'><strong>tum</strong></span> <span class='ocrx_word' id='word_1_332' title='bbox 587 2787 927 2857; x_wconf 90' lang='lat' dir='ltr'><strong>ubicunque,</strong></span> <span class='ocrx_word' id='word_1_333' title='bbox 958 2805 1062 2842; x_wconf 92' lang='lat' dir='ltr'><strong>non</strong></span> <span class='ocrx_word' id='word_1_334' title='bbox 1105 2788 1294 2845; x_wconf 85' lang='lat' dir='ltr'><strong>eadem</strong></span> <span class='ocrx_word' id='word_1_335' title='bbox 1332 2789 1418 2843; x_wconf 85' lang='lat' dir='ltr'><strong>illa</strong></span> <span class='ocrx_word' id='word_1_336' title='bbox 1469 2791 1630 2844; x_wconf 86' lang='lat' dir='ltr'><strong>rebus</strong></span> <span class='ocrx_word' id='word_1_337' title='bbox 1673 2788 1920 2844; x_wconf 87' lang='lat' dir='ltr'><strong>omnibus</strong></span> <span class='ocrx_word' id='word_1_338' title='bbox 1954 2803 1985 2843; x_wconf 75' lang='grc' dir='ltr'><strong>ο</strong></span> 
     </span>
    </p>
   </div>
   <div class='ocr_carea' id='block_1_46' title="bbox 423 2878 1985 2953">
    <p class='ocr_par' dir='ltr' id='par_1_46' title="bbox 423 2878 1985 2953">
     <span class='ocr_line' id='line_1_46' title="bbox 423 2878 1985 2953; baseline 0.002 -22"><span class='ocrx_word' id='word_1_339' title='bbox 423 2878 534 2953; x_wconf 72' lang='lat' dir='ltr'><strong>Deo</strong></span> <span class='ocrx_word' id='word_1_340' title='bbox 567 2879 754 2946; x_wconf 88' lang='lat' dir='ltr'><strong>indita,</strong></span> <span class='ocrx_word' id='word_1_341' title='bbox 785 2890 843 2934; x_wconf 90' lang='lat' dir='ltr'><strong>ttt</strong></span> <span class='ocrx_word' id='word_1_342' title='bbox 885 2896 1058 2948; x_wconf 87' lang='lat' dir='ltr'><strong>neque</strong></span> <span class='ocrx_word' id='word_1_343' title='bbox 1088 2881 1266 2950; x_wconf 92' lang='lat' dir='ltr'><strong>pluvia</strong></span> <span class='ocrx_word' id='word_1_344' title='bbox 1294 2880 1367 2935; x_wconf 90' lang='lat' dir='ltr'><strong>ibi</strong></span> <span class='ocrx_word' id='word_1_345' title='bbox 1395 2881 1610 2936; x_wconf 85' lang='lat' dir='ltr'><strong>decidat</strong></span> <span class='ocrx_word' id='word_1_346' title='bbox 1637 2881 1726 2936; x_wconf 89' lang='lat' dir='ltr'><strong>ubi</strong></span> <span class='ocrx_word' id='word_1_347' title='bbox 1762 2895 1857 2949; x_wconf 88' lang='lat' dir='ltr'><strong>per</strong></span> <span class='ocrx_word' id='word_1_348' title='bbox 1887 2895 1985 2935; x_wconf 84' lang='lat' dir='ltr'><strong>na-</strong></span> 
     </span>
    </p>
   </div>
   <div class='ocr_carea' id='block_1_47' title="bbox 424 2965 1987 3037">
    <p class='ocr_par' dir='ltr' id='par_1_47' title="bbox 424 2965 1987 3037">
     <span class='ocr_line' id='line_1_47' title="bbox 424 2965 1987 3037; baseline 0.003 -20"><span class='ocrx_word' id='word_1_349' title='bbox 424 2974 596 3019; x_wconf 86' lang='lat' dir='ltr'><strong>turam</strong></span> <span class='ocrx_word' id='word_1_350' title='bbox 631 2980 738 3019; x_wconf 90' lang='lat' dir='ltr'><strong>non</strong></span> <span class='ocrx_word' id='word_1_351' title='bbox 792 2965 956 3028; x_wconf 87' lang='lat' dir='ltr'><strong>solet,</strong></span> <span class='ocrx_word' id='word_1_352' title='bbox 1002 2981 1176 3035; x_wconf 90' lang='lat' dir='ltr'><strong>neque</strong></span> <span class='ocrx_word' id='word_1_353' title='bbox 1223 2967 1438 3022; x_wconf 88' lang='lat' dir='ltr'><strong>nivibus</strong></span> <span class='ocrx_word' id='word_1_354' title='bbox 1471 2983 1706 3037; x_wconf 85' lang='lat' dir='ltr'><strong>unquam</strong></span> <span class='ocrx_word' id='word_1_355' title='bbox 1758 2967 1846 3022; x_wconf 82' lang='lat' dir='ltr'><strong>illa</strong></span> <span class='ocrx_word' id='word_1_356' title='bbox 1896 2982 1987 3022; x_wconf 79' lang='lat' dir='ltr'><strong>ca-</strong></span> 
     </span>
    </p>
   </div>
   <div class='ocr_carea' id='block_1_48' title="bbox 420 3057 1987 3128">
    <p class='ocr_par' dir='ltr' id='par_1_48' title="bbox 420 3057 1987 3128">
     <span class='ocr_line' id='line_1_48' title="bbox 420 3057 1987 3128; baseline 0.002 -18"><span class='ocrx_word' id='word_1_357' title='bbox 420 3064 594 3120; x_wconf 88' lang='lat' dir='ltr'><strong>reant,</strong></span> <span class='ocrx_word' id='word_1_358' title='bbox 629 3073 965 3127; x_wconf 59' lang='lat' dir='ltr'><strong>quaecunque</strong></span> <span class='ocrx_word' id='word_1_359' title='bbox 1001 3059 1256 3112; x_wconf 85' lang='lat' dir='ltr'><strong>immania</strong></span> <span class='ocrx_word' id='word_1_360' title='bbox 1291 3059 1400 3128; x_wconf 84' lang='lat' dir='ltr'><strong>pati</strong></span> <span class='ocrx_word' id='word_1_361' title='bbox 1451 3057 1652 3128; x_wconf 89' lang='lat' dir='ltr'><strong>frigora</strong></span> <span class='ocrx_word' id='word_1_362' title='bbox 1691 3073 1987 3114; x_wconf 86' lang='lat' dir='ltr'><strong>consueve-</strong></span> 
     </span>
    </p>
   </div>
   <div class='ocr_carea' id='block_1_49' title="bbox 2085 1957 3661 2031">
    <p class='ocr_par' dir='ltr' id='par_1_49' title="bbox 2085 1957 3661 2031">
     <span class='ocr_line' id='line_1_49' title="bbox 2085 1957 3661 2031; baseline -0.004 -13"><span class='ocrx_word' id='word_1_363' title='bbox 2085 1963 2290 2018; x_wconf 80' lang='grc' dir='ltr'><strong>σαίνων</strong></span> <span class='ocrx_word' id='word_1_364' title='bbox 2334 1962 2444 2017; x_wconf 86' lang='grc' dir='ltr'><strong>τῶν</strong></span> <span class='ocrx_word' id='word_1_365' title='bbox 2499 1963 2708 2028; x_wconf 78' lang='grc' dir='ltr'><strong>ζωδίων</strong></span> <span class='ocrx_word' id='word_1_366' title='bbox 2744 1962 2827 2026; x_wconf 79' lang='grc' dir='ltr'><strong>είς</strong></span> <span class='ocrx_word' id='word_1_367' title='bbox 2856 1957 3095 2031; x_wconf 76' lang='grc' dir='ltr'><strong>παντελῆ</strong></span> <span class='ocrx_word' id='word_1_368' title='bbox 3129 1957 3365 2031; x_wconf 75' lang='grc' dir='ltr'><strong>ίρημίαν</strong></span> <span class='ocrx_word' id='word_1_369' title='bbox 3385 1958 3480 2012; x_wconf 79' lang='grc' dir='ltr'><strong>καὶ</strong></span> <span class='ocrx_word' id='word_1_370' title='bbox 3509 1959 3661 2026; x_wconf 84' lang='grc' dir='ltr'><strong>ἀφα-</strong></span> 
     </span>
    </p>
   </div>
   <div class='ocr_carea' id='block_1_50' title="bbox 2085 2049 3660 2126">
    <p class='ocr_par' dir='ltr' id='par_1_50' title="bbox 2085 2049 3660 2126">
     <span class='ocr_line' id='line_1_50' title="bbox 2085 2049 3660 2126; baseline -0.003 -16"><span class='ocrx_word' id='word_1_371' title='bbox 2085 2055 2276 2126; x_wconf 82' lang='grc' dir='ltr'><strong>νισμὸν</strong></span> <span class='ocrx_word' id='word_1_372' title='bbox 2327 2053 2767 2126; x_wconf 75' lang='grc' dir='ltr'><strong>μετεσκεύασενς</strong></span> <span class='ocrx_word' id='word_1_373' title='bbox 2796 2054 2847 2108; x_wconf 81' lang='lat' dir='ltr'><strong>si</strong></span> <span class='ocrx_word' id='word_1_374' title='bbox 2877 2053 2988 2124; x_wconf 84' lang='grc' dir='ltr'><strong>γάρ</strong></span> <span class='ocrx_word' id='word_1_375' title='bbox 3015 2052 3112 2106; x_wconf 72' lang='grc' dir='ltr'><strong>καὶ</strong></span> <span class='ocrx_word' id='word_1_376' title='bbox 3136 2050 3378 2121; x_wconf 76' lang='grc' dir='ltr'><strong>γένοιντο</strong></span> <span class='ocrx_word' id='word_1_377' title='bbox 3401 2049 3532 2124; x_wconf 67' lang='grc' dir='ltr'>βιῖ</span> <span class='ocrx_word' id='word_1_378' title='bbox 3561 2049 3660 2123; x_wconf 71' lang='lat' dir='ltr'><strong>IL]</strong></span> 
     </span>
    </p>
   </div>
   <div class='ocr_carea' id='block_1_51' title="bbox 2085 2143 3668 2217">
    <p class='ocr_par' dir='ltr' id='par_1_51' title="bbox 2085 2143 3668 2217">
     <span class='ocr_line' id='line_1_51' title="bbox 2085 2143 3668 2217; baseline -0.004 -17"><span class='ocrx_word' id='word_1_379' title='bbox 2085 2146 2462 2217; x_wconf 73' lang='grc' dir='ltr'><strong>κατακλυσμοὶ</strong></span> <span class='ocrx_word' id='word_1_380' title='bbox 2491 2145 2526 2217; x_wconf 74' lang='grc' dir='ltr'>ἢ</span> <span class='ocrx_word' id='word_1_381' title='bbox 2563 2145 2805 2217; x_wconf 77' lang='grc' dir='ltr'><strong>χαλάζης</strong></span> <span class='ocrx_word' id='word_1_382' title='bbox 2858 2145 2894 2217; x_wconf 79' lang='grc' dir='ltr'>ἢ</span> <span class='ocrx_word' id='word_1_383' title='bbox 2947 2143 3228 2216; x_wconf 72' lang='grc' dir='ltr'><strong>κεραυνῶν</strong></span> <span class='ocrx_word' id='word_1_384' title='bbox 3264 2143 3442 2215; x_wconf 78' lang='grc' dir='ltr'><strong>βολαὶ,</strong></span> <span class='ocrx_word' id='word_1_385' title='bbox 3486 2144 3558 2198; x_wconf 73' lang='grc' dir='ltr'><strong>τὰ</strong></span> <span class='ocrx_word' id='word_1_386' title='bbox 3599 2145 3668 2196; x_wconf 65' lang='grc' dir='ltr'><strong>ἐν</strong></span> 
     </span>
    </p>
   </div>
   <div class='ocr_carea' id='block_1_52' title="bbox 2085 2234 3666 2307">
    <p class='ocr_par' dir='ltr' id='par_1_52' title="bbox 2085 2234 3666 2307">
     <span class='ocr_line' id='line_1_52' title="bbox 2085 2234 3666 2307; baseline -0.003 -14"><span class='ocrx_word' id='word_1_387' title='bbox 2085 2239 2271 2301; x_wconf 79' lang='grc' dir='ltr'><strong>αὐτοῖς</strong></span> <span class='ocrx_word' id='word_1_388' title='bbox 2319 2236 2694 2307; x_wconf 77' lang='grc' dir='ltr'><strong>ἀφανίζοντες,</strong></span> <span class='ocrx_word' id='word_1_389' title='bbox 2723 2237 2841 2291; x_wconf 86' lang='grc' dir='ltr'><strong>ἀλλ’</strong></span> <span class='ocrx_word' id='word_1_390' title='bbox 2870 2238 2904 2307; x_wconf 75' lang='grc' dir='ltr'>ἡ</span> <span class='ocrx_word' id='word_1_391' title='bbox 2933 2237 3248 2307; x_wconf 71' lang='grc' dir='ltr'><strong>συμμετρία</strong></span> <span class='ocrx_word' id='word_1_392' title='bbox 3291 2235 3462 2292; x_wconf 73' lang='grc' dir='ltr'><strong>πάλιν</strong></span> <span class='ocrx_word' id='word_1_393' title='bbox 3485 2235 3580 2300; x_wconf 77' lang='grc' dir='ltr'><strong>είς</strong></span> <span class='ocrx_word' id='word_1_394' title='bbox 3597 2234 3666 2298; x_wconf 58' lang='lat' dir='ltr'><strong>ab</strong></span> 
     </span>
    </p>
   </div>
   <div class='ocr_carea' id='block_1_53' title="bbox 2085 2329 3664 2402">
    <p class='ocr_par' dir='ltr' id='par_1_53' title="bbox 2085 2329 3664 2402">
     <span class='ocr_line' id='line_1_53' title="bbox 2085 2329 3664 2402; baseline -0.002 -15"><span class='ocrx_word' id='word_1_395' title='bbox 2085 2332 2230 2387; x_wconf 80' lang='grc' dir='ltr'><strong>κατὰ</strong></span> <span class='ocrx_word' id='word_1_396' title='bbox 2254 2331 2416 2400; x_wconf 88' lang='grc' dir='ltr'><strong>φύσιν</strong></span> <span class='ocrx_word' id='word_1_397' title='bbox 2439 2330 2668 2402; x_wconf 77' lang='grc' dir='ltr'><strong>εΰφορον</strong></span> <span class='ocrx_word' id='word_1_398' title='bbox 2697 2329 2892 2394; x_wconf 75' lang='grc' dir='ltr'><strong>αὐτοὺς</strong></span> <span class='ocrx_word' id='word_1_399' title='bbox 2917 2330 3256 2401; x_wconf 63' lang='grc' dir='ltr'><strong>ἐπανήγαγε.</strong></span> <span class='ocrx_word' id='word_1_400' title='bbox 3279 2329 3508 2394; x_wconf 74' lang='grc' dir='ltr'><strong>Τοὺςδὶ</strong></span> <span class='ocrx_word' id='word_1_401' title='bbox 3527 2329 3664 2400; x_wconf 68' lang='grc' dir='ltr'><strong>δρή-</strong></span> 
     </span>
    </p>
   </div>
   <div class='ocr_carea' id='block_1_54' title="bbox 2090 2421 3657 2495">
    <p class='ocr_par' dir='ltr' id='par_1_54' title="bbox 2090 2421 3657 2495">
     <span class='ocr_line' id='line_1_54' title="bbox 2090 2421 3657 2495; baseline 0 -19"><span class='ocrx_word' id='word_1_402' title='bbox 2090 2441 2222 2495; x_wconf 88' lang='grc' dir='ltr'><strong>μους</strong></span> <span class='ocrx_word' id='word_1_403' title='bbox 2240 2424 2441 2487; x_wconf 81' lang='grc' dir='ltr'><strong>τόπους</strong></span> <span class='ocrx_word' id='word_1_404' title='bbox 2483 2423 2638 2477; x_wconf 75' lang='grc' dir='ltr'><strong>οὔπω</strong></span> <span class='ocrx_word' id='word_1_405' title='bbox 2669 2439 2755 2487; x_wconf 89' lang='grc' dir='ltr'><strong>τις</strong></span> <span class='ocrx_word' id='word_1_406' title='bbox 2785 2421 3065 2494; x_wconf 72' lang='grc' dir='ltr'><strong>ὠφέλησεν</strong></span> <span class='ocrx_word' id='word_1_407' title='bbox 3091 2421 3423 2491; x_wconf 76' lang='grc' dir='ltr'><strong>ἀγαθοποιὺς</strong></span> <span class='ocrx_word' id='word_1_408' title='bbox 3452 2421 3657 2493; x_wconf 66' lang='grc' dir='ltr'><strong>ἀστὴρ,</strong></span> 
     </span>
    </p>
   </div>
   <div class='ocr_carea' id='block_1_55' title="bbox 2087 2513 3654 2588">
    <p class='ocr_par' dir='ltr' id='par_1_55' title="bbox 2087 2513 3654 2588">
     <span class='ocr_line' id='line_1_55' title="bbox 2087 2513 3654 2588; baseline -0.002 -17"><span class='ocrx_word' id='word_1_409' title='bbox 2087 2516 2204 2572; x_wconf 80' lang='grc' dir='ltr'><strong>ἀλλ’</strong></span> <span class='ocrx_word' id='word_1_410' title='bbox 2236 2517 2270 2588; x_wconf 75' lang='grc' dir='ltr'><strong>ἡ</strong></span> <span class='ocrx_word' id='word_1_411' title='bbox 2308 2516 2470 2587; x_wconf 81' lang='grc' dir='ltr'><strong>φύσις</strong></span> <span class='ocrx_word' id='word_1_412' title='bbox 2505 2517 2701 2587; x_wconf 77' lang='grc' dir='ltr'><strong>κρατεῖ</strong></span> <span class='ocrx_word' id='word_1_413' title='bbox 2749 2515 2844 2569; x_wconf 73' lang='grc' dir='ltr'><strong>καὶ</strong></span> <span class='ocrx_word' id='word_1_414' title='bbox 2867 2515 2928 2569; x_wconf 78' lang='grc' dir='ltr'><strong>ὲν</strong></span> <span class='ocrx_word' id='word_1_415' title='bbox 2953 2514 3214 2586; x_wconf 62' lang='grc' dir='ltr'><strong>ἔρημίαις</strong></span> <span class='ocrx_word' id='word_1_416' title='bbox 3247 2513 3344 2569; x_wconf 73' lang='grc' dir='ltr'><strong>καὶ</strong></span> <span class='ocrx_word' id='word_1_417' title='bbox 3367 2513 3654 2584; x_wconf 73' lang='grc' dir='ltr'><strong>πανταχοῦ</strong></span> 
     </span>
    </p>
   </div>
   <div class='ocr_carea' id='block_1_56' title="bbox 2089 2603 3659 2679">
    <p class='ocr_par' dir='ltr' id='par_1_56' title="bbox 2089 2603 3659 2679">
     <span class='ocr_line' id='line_1_56' title="bbox 2089 2603 3659 2679; baseline -0.001 -18"><span class='ocrx_word' id='word_1_418' title='bbox 2089 2609 2242 2679; x_wconf 81' lang='grc' dir='ltr'><strong>παρὰ</strong></span> <span class='ocrx_word' id='word_1_419' title='bbox 2289 2607 2428 2662; x_wconf 77' lang='grc' dir='ltr'><strong>Θεοῦ</strong></span> <span class='ocrx_word' id='word_1_420' title='bbox 2457 2610 2568 2672; x_wconf 79' lang='grc' dir='ltr'><strong>τοῖς</strong></span> <span class='ocrx_word' id='word_1_421' title='bbox 2600 2607 2720 2661; x_wconf 77' lang='grc' dir='ltr'><strong>οὖσι</strong></span> <span class='ocrx_word' id='word_1_422' title='bbox 2758 2606 3033 2678; x_wconf 81' lang='grc' dir='ltr'><strong>διαφόρως</strong></span> <span class='ocrx_word' id='word_1_423' title='bbox 3059 2605 3302 2672; x_wconf 68' lang='grc' dir='ltr'><strong>δοθεῖσα,</strong></span> <span class='ocrx_word' id='word_1_424' title='bbox 3329 2606 3424 2660; x_wconf 70' lang='grc' dir='ltr'><strong>καὶ</strong></span> <span class='ocrx_word' id='word_1_425' title='bbox 3448 2604 3564 2660; x_wconf 72' lang='grc' dir='ltr'><strong>οὐτ’</strong></span> <span class='ocrx_word' id='word_1_426' title='bbox 3587 2603 3659 2660; x_wconf 78' lang='grc' dir='ltr'><strong>ἀν</strong></span> 
     </span>
    </p>
   </div>
   <div class='ocr_carea' id='block_1_57' title="bbox 2087 2694 3662 2769">
    <p class='ocr_par' dir='ltr' id='par_1_57' title="bbox 2087 2694 3662 2769">
     <span class='ocr_line' id='line_1_57' title="bbox 2087 2694 3662 2769; baseline -0.001 -17"><span class='ocrx_word' id='word_1_427' title='bbox 2087 2699 2241 2762; x_wconf 79' lang='grc' dir='ltr'><strong>ὑετὸς</strong></span> <span class='ocrx_word' id='word_1_428' title='bbox 2285 2695 2638 2769; x_wconf 80' lang='grc' dir='ltr'><strong>κατενεχθείη</strong></span> <span class='ocrx_word' id='word_1_429' title='bbox 2667 2698 2802 2751; x_wconf 80' lang='grc' dir='ltr'><strong>ὅπου</strong></span> <span class='ocrx_word' id='word_1_430' title='bbox 2843 2699 2920 2768; x_wconf 81' lang='grc' dir='ltr'><strong>μὴ</strong></span> <span class='ocrx_word' id='word_1_431' title='bbox 2954 2696 3226 2765; x_wconf 80' lang='grc' dir='ltr'><strong>πέφυκεν,</strong></span> <span class='ocrx_word' id='word_1_432' title='bbox 3261 2694 3374 2750; x_wconf 75' lang='grc' dir='ltr'><strong>οὔτ’</strong></span> <span class='ocrx_word' id='word_1_433' title='bbox 3400 2695 3470 2750; x_wconf 81' lang='grc' dir='ltr'><strong>ἀν</strong></span> <span class='ocrx_word' id='word_1_434' title='bbox 3505 2711 3662 2766; x_wconf 64' lang='grc' dir='ltr'><strong>νιφε-</strong></span> 
     </span>
    </p>
   </div>
   <div class='ocr_carea' id='block_1_58' title="bbox 2084 2785 3662 2859">
    <p class='ocr_par' dir='ltr' id='par_1_58' title="bbox 2084 2785 3662 2859">
     <span class='ocr_line' id='line_1_58' title="bbox 2084 2785 3662 2859; baseline -0.002 -16"><span class='ocrx_word' id='word_1_435' title='bbox 2084 2789 2196 2844; x_wconf 86' lang='grc' dir='ltr'><strong>τῶν</strong></span> <span class='ocrx_word' id='word_1_436' title='bbox 2247 2787 2592 2859; x_wconf 81' lang='grc' dir='ltr'><strong>ἀπαλλαγείη</strong></span> <span class='ocrx_word' id='word_1_437' title='bbox 2647 2789 2716 2843; x_wconf 87' lang='grc' dir='ltr'><strong>τά</strong></span> <span class='ocrx_word' id='word_1_438' title='bbox 2763 2788 2852 2844; x_wconf 77' lang='grc' dir='ltr'><strong>διὰ</strong></span> <span class='ocrx_word' id='word_1_439' title='bbox 2893 2787 3093 2852; x_wconf 69' lang='grc' dir='ltr'><strong>παντὸς</strong></span> <span class='ocrx_word' id='word_1_440' title='bbox 3125 2787 3362 2859; x_wconf 71' lang='grc' dir='ltr'><strong>φέροντα</strong></span> <span class='ocrx_word' id='word_1_441' title='bbox 3409 2785 3662 2858; x_wconf 76' lang='grc' dir='ltr'><strong>κρυμοὺς</strong></span> 
     </span>
    </p>
   </div>
   <div class='ocr_carea' id='block_1_59' title="bbox 2083 2876 3660 2952">
    <p class='ocr_par' dir='ltr' id='par_1_59' title="bbox 2083 2876 3660 2952">
     <span class='ocr_line' id='line_1_59' title="bbox 2083 2876 3660 2952; baseline -0.003 -16"><span class='ocrx_word' id='word_1_442' title='bbox 2083 2880 2327 2952; x_wconf 84' lang='grc' dir='ltr'><strong>ἀγρίους.</strong></span> <span class='ocrx_word' id='word_1_443' title='bbox 2370 2881 2434 2934; x_wconf 85' lang='grc' dir='ltr'><strong>Εί</strong></span> <span class='ocrx_word' id='word_1_444' title='bbox 2457 2877 2515 2932; x_wconf 78' lang='grc' dir='ltr'><strong>δὲ</strong></span> <span class='ocrx_word' id='word_1_445' title='bbox 2539 2880 2672 2934; x_wconf 75' lang='grc' dir='ltr'><strong>αὐτὸ</strong></span> <span class='ocrx_word' id='word_1_446' title='bbox 2711 2880 2811 2950; x_wconf 86' lang='grc' dir='ltr'><strong>τῆς</strong></span> <span class='ocrx_word' id='word_1_447' title='bbox 2838 2877 2949 2934; x_wconf 88' lang='grc' dir='ltr'><strong>τῶν</strong></span> <span class='ocrx_word' id='word_1_448' title='bbox 2980 2879 3161 2934; x_wconf 84' lang='grc' dir='ltr'><strong>τόπων</strong></span> <span class='ocrx_word' id='word_1_449' title='bbox 3188 2877 3408 2950; x_wconf 83' lang='grc' dir='ltr'><strong>φύσεως</strong></span> <span class='ocrx_word' id='word_1_450' title='bbox 3432 2876 3496 2932; x_wconf 72' lang='grc' dir='ltr'><strong>τὸ</strong></span> <span class='ocrx_word' id='word_1_451' title='bbox 3517 2878 3660 2949; x_wconf 73' lang='grc' dir='ltr'><strong>ἀμε-</strong></span> 
     </span>
    </p>
   </div>
   <div class='ocr_carea' id='block_1_60' title="bbox 2082 2968 3662 3043">
    <p class='ocr_par' dir='ltr' id='par_1_60' title="bbox 2082 2968 3662 3043">
     <span class='ocr_line' id='line_1_60' title="bbox 2082 2968 3662 3043; baseline -0.001 -18"><span class='ocrx_word' id='word_1_452' title='bbox 2082 2972 2349 3042; x_wconf 80' lang='grc' dir='ltr'><strong>τάϐλητον</strong></span> <span class='ocrx_word' id='word_1_453' title='bbox 2395 2972 2595 3043; x_wconf 77' lang='grc' dir='ltr'><strong>δεῖγμα</strong></span> <span class='ocrx_word' id='word_1_454' title='bbox 2628 2971 2966 3042; x_wconf 77' lang='grc' dir='ltr'><strong>λαμϐάνουσι</strong></span> <span class='ocrx_word' id='word_1_455' title='bbox 3017 2968 3112 3024; x_wconf 85' lang='grc' dir='ltr'><strong>τοῦ</strong></span> <span class='ocrx_word' id='word_1_456' title='bbox 3167 2971 3381 3041; x_wconf 80' lang='grc' dir='ltr'><strong>χαίρειν</strong></span> <span class='ocrx_word' id='word_1_457' title='bbox 3424 2969 3662 3024; x_wconf 67' lang='grc' dir='ltr'><strong>ἕκαστον</strong></span> 
     </span>
    </p>
   </div>
   <div class='ocr_carea' id='block_1_61' title="bbox 2085 3060 3662 3134">
    <p class='ocr_par' dir='ltr' id='par_1_61' title="bbox 2085 3060 3662 3134">
     <span class='ocr_line' id='line_1_61' title="bbox 2085 3060 3662 3134; baseline -0.004 -15"><span class='ocrx_word' id='word_1_458' title='bbox 2085 3066 2280 3130; x_wconf 80' lang='grc' dir='ltr'><strong>ζὼδιον</strong></span> <span class='ocrx_word' id='word_1_459' title='bbox 2309 3062 2530 3134; x_wconf 77' lang='grc' dir='ltr'><strong>ἑκάστῳ</strong></span> <span class='ocrx_word' id='word_1_460' title='bbox 2556 3063 2712 3134; x_wconf 77' lang='grc' dir='ltr'><strong>μέρει</strong></span> <span class='ocrx_word' id='word_1_461' title='bbox 2738 3065 2865 3133; x_wconf 81' lang='grc' dir='ltr'><strong>γῆς,</strong></span> <span class='ocrx_word' id='word_1_462' title='bbox 2903 3063 2962 3116; x_wconf 89' lang='grc' dir='ltr'><strong>αί</strong></span> <span class='ocrx_word' id='word_1_463' title='bbox 2989 3061 3099 3116; x_wconf 76' lang='grc' dir='ltr'><strong>ἀπὸ</strong></span> <span class='ocrx_word' id='word_1_464' title='bbox 3127 3060 3398 3132; x_wconf 74' lang='grc' dir='ltr'><strong>εὐφοριιῖιν</strong></span> <span class='ocrx_word' id='word_1_465' title='bbox 3417 3063 3498 3125; x_wconf 83' lang='grc' dir='ltr'><strong>είς</strong></span> <span class='ocrx_word' id='word_1_466' title='bbox 3520 3061 3662 3129; x_wconf 86' lang='grc' dir='ltr'><strong>ἀφο-</strong></span> 
     </span>
    </p>
   </div>
   <div class='ocr_carea' id='block_1_62' title="bbox 422 3148 1986 3230">
    <p class='ocr_par' dir='ltr' id='par_1_62' title="bbox 422 3148 1982 3218">
     <span class='ocr_line' id='line_1_62' title="bbox 422 3148 1982 3218; baseline 0.003 -18"><span class='ocrx_word' id='word_1_467' title='bbox 422 3159 566 3200; x_wconf 89' lang='lat' dir='ltr'><strong>runt.</strong></span> <span class='ocrx_word' id='word_1_468' title='bbox 596 3148 747 3214; x_wconf 79' lang='lat' dir='ltr'><strong>Quod</strong></span> <span class='ocrx_word' id='word_1_469' title='bbox 796 3152 840 3203; x_wconf 92' lang='lat' dir='ltr'><strong>si</strong></span> <span class='ocrx_word' id='word_1_470' title='bbox 886 3149 979 3218; x_wconf 90' lang='lat' dir='ltr'><strong>qui</strong></span> <span class='ocrx_word' id='word_1_471' title='bbox 1017 3148 1243 3204; x_wconf 86' lang='lat' dir='ltr'><strong>forsitan</strong></span> <span class='ocrx_word' id='word_1_472' title='bbox 1298 3148 1690 3204; x_wconf 83' lang='lat' dir='ltr'><strong>immutabilem</strong></span> <span class='ocrx_word' id='word_1_473' title='bbox 1737 3150 1877 3204; x_wconf 90' lang='lat' dir='ltr'><strong>hunc</strong></span> <span class='ocrx_word' id='word_1_474' title='bbox 1929 3150 1982 3205; x_wconf 90' lang='lat' dir='ltr'><strong>in</strong></span> 
     </span>
    </p>
   </div>
   <div class='ocr_carea' id='block_1_63' title="bbox 2085 3148 3659 3230">
    <p class='ocr_par' dir='ltr' id='par_1_63' title="bbox 2085 3153 3659 3230">
     <span class='ocr_line' id='line_1_63' title="bbox 2085 3153 3659 3230; baseline -0.004 -18"><span class='ocrx_word' id='word_1_475' title='bbox 2085 3158 2210 3230; x_wconf 86' lang='grc' dir='ltr'><strong>ρίας</strong></span> <span class='ocrx_word' id='word_1_476' title='bbox 2241 3156 2536 3227; x_wconf 73' lang='grc' dir='ltr'><strong>μεταϐολαὶ</strong></span> <span class='ocrx_word' id='word_1_477' title='bbox 2584 3156 2681 3210; x_wconf 75' lang='grc' dir='ltr'><strong>καὶ</strong></span> <span class='ocrx_word' id='word_1_478' title='bbox 2715 3157 2764 3208; x_wconf 84' lang='lat' dir='ltr'><strong>oi.</strong></span> <span class='ocrx_word' id='word_1_479' title='bbox 2792 3154 3008 3225; x_wconf 75' lang='grc' dir='ltr'><strong>σεισμοὶ</strong></span> <span class='ocrx_word' id='word_1_480' title='bbox 3051 3154 3114 3208; x_wconf 78' lang='grc' dir='ltr'><strong>τὸ</strong></span> <span class='ocrx_word' id='word_1_481' title='bbox 3145 3153 3439 3224; x_wconf 78' lang='grc' dir='ltr'><strong>λεγόμενον</strong></span> <span class='ocrx_word' id='word_1_482' title='bbox 3468 3153 3659 3214; x_wconf 77' lang='grc' dir='ltr'><strong>αὑτοῐς</strong></span> 
     </span>
    </p>
   </div>
   <div class='ocr_carea' id='block_1_64' title="bbox 419 3240 1986 3312">
    <p class='ocr_par' dir='ltr' id='par_1_64' title="bbox 419 3240 1986 3312">
     <span class='ocr_line' id='line_1_64' title="bbox 419 3240 1986 3312; baseline 0.001 -18"><span class='ocrx_word' id='word_1_483' title='bbox 419 3240 656 3296; x_wconf 92' lang='lat' dir='ltr'><strong>locorum</strong></span> <span class='ocrx_word' id='word_1_484' title='bbox 696 3249 890 3297; x_wconf 85' lang='lat' dir='ltr'><strong>natura</strong></span> <span class='ocrx_word' id='word_1_485' title='bbox 935 3242 1183 3298; x_wconf 90' lang='lat' dir='ltr'><strong>ordinem</strong></span> <span class='ocrx_word' id='word_1_486' title='bbox 1215 3257 1315 3311; x_wconf 73' lang='lat' dir='ltr'><strong>pro</strong></span> <span class='ocrx_word' id='word_1_487' title='bbox 1359 3241 1564 3297; x_wconf 89' lang='lat' dir='ltr'><strong>indicio</strong></span> <span class='ocrx_word' id='word_1_488' title='bbox 1609 3252 1772 3312; x_wconf 86' lang='lat' dir='ltr'><strong>atque</strong></span> <span class='ocrx_word' id='word_1_489' title='bbox 1824 3259 1986 3310; x_wconf 83' lang='lat' dir='ltr'><strong>argu-</strong></span> 
     </span>
    </p>
   </div>
   <div class='ocr_carea' id='block_1_65' title="bbox 419 3333 1987 3406">
    <p class='ocr_par' dir='ltr' id='par_1_65' title="bbox 419 3333 1987 3406">
     <span class='ocr_line' id='line_1_65' title="bbox 419 3333 1987 3406; baseline -0.001 -14"><span class='ocrx_word' id='word_1_490' title='bbox 419 3349 606 3396; x_wconf 87' lang='lat' dir='ltr'><strong>mento</strong></span> <span class='ocrx_word' id='word_1_491' title='bbox 636 3344 937 3400; x_wconf 84' lang='lat' dir='ltr'><strong>assumant,</strong></span> <span class='ocrx_word' id='word_1_492' title='bbox 985 3337 1128 3406; x_wconf 86' lang='lat' dir='ltr'><strong>quod</strong></span> <span class='ocrx_word' id='word_1_493' title='bbox 1166 3334 1374 3405; x_wconf 88' lang='lat' dir='ltr'><strong>singula</strong></span> <span class='ocrx_word' id='word_1_494' title='bbox 1412 3333 1654 3405; x_wconf 76' lang='lat' dir='ltr'><strong>signiferi</strong></span> <span class='ocrx_word' id='word_1_495' title='bbox 1690 3335 1844 3406; x_wconf 85' lang='lat' dir='ltr'><strong>signa</strong></span> <span class='ocrx_word' id='word_1_496' title='bbox 1875 3336 1987 3391; x_wconf 86' lang='lat' dir='ltr'><strong>sin-</strong></span> 
     </span>
    </p>
   </div>
   <div class='ocr_carea' id='block_1_66' title="bbox 2084 3245 3656 3319">
    <p class='ocr_par' dir='ltr' id='par_1_66' title="bbox 2084 3245 3656 3319">
     <span class='ocr_line' id='line_1_66' title="bbox 2084 3245 3656 3319; baseline -0.004 -15"><span class='ocrx_word' id='word_1_497' title='bbox 2084 3249 2307 3313; x_wconf 72' lang='grc' dir='ltr'><strong>άσθενδς</strong></span> <span class='ocrx_word' id='word_1_498' title='bbox 2335 3248 2702 3319; x_wconf 76' lang='grc' dir='ltr'><strong>διελέγχουσιο</strong></span> <span class='ocrx_word' id='word_1_499' title='bbox 2733 3246 2844 3301; x_wconf 88' lang='grc' dir='ltr'><strong>τῶν</strong></span> <span class='ocrx_word' id='word_1_500' title='bbox 2897 3247 2998 3317; x_wconf 79' lang='grc' dir='ltr'><strong>μὲν</strong></span> <span class='ocrx_word' id='word_1_501' title='bbox 3029 3245 3140 3316; x_wconf 81' lang='grc' dir='ltr'><strong>γὰρ</strong></span> <span class='ocrx_word' id='word_1_502' title='bbox 3193 3245 3416 3315; x_wconf 81' lang='grc' dir='ltr'><strong>ἀγαθῶν</strong></span> <span class='ocrx_word' id='word_1_503' title='bbox 3469 3245 3656 3300; x_wconf 83' lang='grc' dir='ltr'><strong>τόπων</strong></span> 
     </span>
    </p>
   </div>
   <div class='ocr_carea' id='block_1_67' title="bbox 2083 3335 3658 3410">
    <p class='ocr_par' dir='ltr' id='par_1_67' title="bbox 2083 3335 3658 3410">
     <span class='ocr_line' id='line_1_67' title="bbox 2083 3335 3658 3410; baseline -0.004 -15"><span class='ocrx_word' id='word_1_504' title='bbox 2083 3340 2345 3404; x_wconf 84' lang='grc' dir='ltr'><strong>πολλάκις</strong></span> <span class='ocrx_word' id='word_1_505' title='bbox 2389 3338 2661 3410; x_wconf 72' lang='grc' dir='ltr'><strong>ἠφανίσθη</strong></span> <span class='ocrx_word' id='word_1_506' title='bbox 2685 3338 2746 3392; x_wconf 85' lang='grc' dir='ltr'><strong>τὸ</strong></span> <span class='ocrx_word' id='word_1_507' title='bbox 2779 3335 3067 3410; x_wconf 80' lang='grc' dir='ltr'><strong>εὔκρατον,</strong></span> <span class='ocrx_word' id='word_1_508' title='bbox 3091 3337 3202 3391; x_wconf 83' lang='grc' dir='ltr'><strong>τῶν</strong></span> <span class='ocrx_word' id='word_1_509' title='bbox 3223 3337 3282 3391; x_wconf 71' lang='grc' dir='ltr'><strong>δὲ</strong></span> <span class='ocrx_word' id='word_1_510' title='bbox 3311 3337 3537 3408; x_wconf 68' lang='grc' dir='ltr'><strong>ἐρήμων</strong></span> <span class='ocrx_word' id='word_1_511' title='bbox 3569 3335 3658 3388; x_wconf 78' lang='grc' dir='ltr'><strong>οὐ·</strong></span> 
     </span>
    </p>
   </div>
   <div class='ocr_carea' id='block_1_68' title="bbox 417 3425 1986 3499">
    <p class='ocr_par' dir='ltr' id='par_1_68' title="bbox 417 3426 1986 3499">
     <span class='ocr_line' id='line_1_68' title="bbox 417 3426 1986 3499; baseline 0 -18"><span class='ocrx_word' id='word_1_512' title='bbox 417 3432 556 3497; x_wconf 74' lang='grc' dir='ltr'><strong>αιιιίε</strong></span> <span class='ocrx_word' id='word_1_513' title='bbox 597 3441 756 3486; x_wconf 74' lang='lat' dir='ltr'><strong>terrae</strong></span> <span class='ocrx_word' id='word_1_514' title='bbox 785 3429 1032 3499; x_wconf 87' lang='lat' dir='ltr'><strong>partibus</strong></span> <span class='ocrx_word' id='word_1_515' title='bbox 1060 3428 1371 3496; x_wconf 88' lang='lat' dir='ltr'><strong>gaudeant:</strong></span> <span class='ocrx_word' id='word_1_516' title='bbox 1402 3435 1548 3481; x_wconf 88' lang='lat' dir='ltr'><strong>certe</strong></span> <span class='ocrx_word' id='word_1_517' title='bbox 1592 3426 1886 3481; x_wconf 87' lang='lat' dir='ltr'><strong>fertilitatis</strong></span> <span class='ocrx_word' id='word_1_518' title='bbox 1932 3427 1986 3482; x_wconf 92' lang='lat' dir='ltr'><strong>in</strong></span> 
     </span>
    </p>
   </div>
   <div class='ocr_carea' id='block_1_69' title="bbox 2085 3425 3657 3499">
    <p class='ocr_par' dir='ltr' id='par_1_69' title="bbox 2085 3425 3657 3497">
     <span class='ocr_line' id='line_1_69' title="bbox 2085 3425 3657 3497; baseline 0 -17"><span class='ocrx_word' id='word_1_519' title='bbox 2085 3426 2361 3481; x_wconf 81' lang='grc' dir='ltr'><strong>δεπώποτε</strong></span> <span class='ocrx_word' id='word_1_520' title='bbox 2408 3426 2719 3497; x_wconf 69' lang='grc' dir='ltr'><strong>μετεϐλήθη</strong></span> <span class='ocrx_word' id='word_1_521' title='bbox 2749 3425 2810 3478; x_wconf 84' lang='grc' dir='ltr'><strong>τὸ</strong></span> <span class='ocrx_word' id='word_1_522' title='bbox 2841 3425 3032 3497; x_wconf 86' lang='grc' dir='ltr'><strong>ἀγριον</strong></span> <span class='ocrx_word' id='word_1_523' title='bbox 3080 3425 3174 3479; x_wconf 79' lang='grc' dir='ltr'><strong>καὶ</strong></span> <span class='ocrx_word' id='word_1_524' title='bbox 3223 3427 3502 3496; x_wconf 83' lang='grc' dir='ltr'><strong>ἀοίκητον.</strong></span> <span class='ocrx_word' id='word_1_525' title='bbox 3531 3426 3657 3480; x_wconf 81' lang='grc' dir='ltr'><strong>Τῶν</strong></span> 
     </span>
    </p>
   </div>
   <div class='ocr_carea' id='block_1_70' title="bbox 418 3517 1985 3589">
    <p class='ocr_par' dir='ltr' id='par_1_70' title="bbox 418 3517 1985 3589">
     <span class='ocr_line' id='line_1_70' title="bbox 418 3517 1985 3589; baseline -0.003 -12"><span class='ocrx_word' id='word_1_526' title='bbox 418 3524 763 3577; x_wconf 85' lang='lat' dir='ltr'><strong>sterilitatem</strong></span> <span class='ocrx_word' id='word_1_527' title='bbox 791 3521 1262 3585; x_wconf 87' lang='lat' dir='ltr'><strong>commutationes,</strong></span> <span class='ocrx_word' id='word_1_528' title='bbox 1297 3531 1562 3588; x_wconf 67' lang='lat' dir='ltr'><strong>terraeque</strong></span> <span class='ocrx_word' id='word_1_529' title='bbox 1589 3517 1758 3589; x_wconf 88' lang='lat' dir='ltr'><strong>ipsius</strong></span> <span class='ocrx_word' id='word_1_530' title='bbox 1783 3525 1985 3584; x_wconf 85' lang='lat' dir='ltr'><strong>motus,</strong></span> 
     </span>
    </p>
   </div>
   <div class='ocr_carea' id='block_1_71' title="bbox 2087 3515 3657 3589">
    <p class='ocr_par' dir='ltr' id='par_1_71' title="bbox 2087 3515 3657 3589">
     <span class='ocr_line' id='line_1_71' title="bbox 2087 3515 3657 3589; baseline -0.001 -19"><span class='ocrx_word' id='word_1_531' title='bbox 2087 3518 2186 3589; x_wconf 85' lang='grc' dir='ltr'><strong>μὲν</strong></span> <span class='ocrx_word' id='word_1_532' title='bbox 2217 3516 2310 3570; x_wconf 80' lang='grc' dir='ltr'><strong>οὖν</strong></span> <span class='ocrx_word' id='word_1_533' title='bbox 2340 3519 2399 3570; x_wconf 83' lang='grc' dir='ltr'><strong>ὲν</strong></span> <span class='ocrx_word' id='word_1_534' title='bbox 2450 3515 2528 3587; x_wconf 82' lang='grc' dir='ltr'><strong>τῷ</strong></span> <span class='ocrx_word' id='word_1_535' title='bbox 2555 3515 2598 3569; x_wconf 87' lang='grc' dir='ltr'><strong>λ’</strong></span> <span class='ocrx_word' id='word_1_536' title='bbox 2629 3515 2908 3586; x_wconf 83' lang='grc' dir='ltr'><strong>κεφαλαίῳ</strong></span> <span class='ocrx_word' id='word_1_537' title='bbox 2949 3516 3050 3569; x_wconf 82' lang='grc' dir='ltr'><strong>ὅσα</strong></span> <span class='ocrx_word' id='word_1_538' title='bbox 3081 3515 3143 3568; x_wconf 81' lang='grc' dir='ltr'><strong>τὺ</strong></span> <span class='ocrx_word' id='word_1_539' title='bbox 3192 3515 3486 3570; x_wconf 81' lang='grc' dir='ltr'><strong>ἀκόλουθόν</strong></span> <span class='ocrx_word' id='word_1_540' title='bbox 3533 3532 3657 3578; x_wconf 85' lang='grc' dir='ltr'><strong>πως</strong></span> 
     </span>
    </p>
   </div>
   <div class='ocr_carea' id='block_1_72' title="bbox 419 3603 1986 3682">
    <p class='ocr_par' dir='ltr' id='par_1_72' title="bbox 419 3611 1979 3682">
     <span class='ocr_line' id='line_1_72' title="bbox 419 3611 1979 3682; baseline -0.003 -12"><span class='ocrx_word' id='word_1_541' title='bbox 419 3616 744 3672; x_wconf 89' lang='lat' dir='ltr'><strong>imbecillum</strong></span> <span class='ocrx_word' id='word_1_542' title='bbox 773 3629 897 3670; x_wconf 89' lang='lat' dir='ltr'><strong>esse</strong></span> <span class='ocrx_word' id='word_1_543' title='bbox 923 3615 1114 3667; x_wconf 91' lang='lat' dir='ltr'><strong>horum</strong></span> <span class='ocrx_word' id='word_1_544' title='bbox 1145 3623 1522 3682; x_wconf 84' lang='lat' dir='ltr'><strong>argumentum</strong></span> <span class='ocrx_word' id='word_1_545' title='bbox 1562 3611 1693 3666; x_wconf 89' lang='lat' dir='ltr'><strong>satis</strong></span> <span class='ocrx_word' id='word_1_546' title='bbox 1725 3618 1979 3681; x_wconf 85' lang='lat' dir='ltr'><strong>arguunt.</strong></span> 
     </span>
    </p>
   </div>
   <div class='ocr_carea' id='block_1_73' title="bbox 2085 3603 3656 3682">
    <p class='ocr_par' dir='ltr' id='par_1_73' title="bbox 2087 3603 3656 3680">
     <span class='ocr_line' id='line_1_73' title="bbox 2087 3603 3656 3680; baseline -0.002 -17"><span class='ocrx_word' id='word_1_547' title='bbox 2087 3609 2230 3680; x_wconf 81' lang='grc' dir='ltr'><strong>μετά</strong></span> <span class='ocrx_word' id='word_1_548' title='bbox 2260 3609 2352 3662; x_wconf 83' lang='grc' dir='ltr'><strong>τοῦ</strong></span> <span class='ocrx_word' id='word_1_549' title='bbox 2387 3606 2613 3664; x_wconf 81' lang='grc' dir='ltr'><strong>πιθανοῦ</strong></span> <span class='ocrx_word' id='word_1_550' title='bbox 2645 3603 2781 3678; x_wconf 77' lang='grc' dir='ltr'><strong>εἷχε,</strong></span> <span class='ocrx_word' id='word_1_551' title='bbox 2839 3607 3012 3661; x_wconf 84' lang='grc' dir='ltr'><strong>ταῦτά</strong></span> <span class='ocrx_word' id='word_1_552' title='bbox 3057 3608 3172 3661; x_wconf 72' lang='grc' dir='ltr'><strong>ἐστι</strong></span> <span class='ocrx_word' id='word_1_553' title='bbox 3192 3623 3207 3637; x_wconf 89' lang='grc'><strong>·</strong></span> <span class='ocrx_word' id='word_1_554' title='bbox 3234 3607 3346 3662; x_wconf 85' lang='grc' dir='ltr'><strong>τῶν</strong></span> <span class='ocrx_word' id='word_1_555' title='bbox 3383 3607 3428 3660; x_wconf 76' lang='grc' dir='ltr'><strong>δ’</strong></span> <span class='ocrx_word' id='word_1_556' title='bbox 3475 3607 3656 3661; x_wconf 82' lang='grc' dir='ltr'><strong>ἀλλων</strong></span> 
     </span>
    </p>
   </div>
   <div class='ocr_carea' id='block_1_74' title="bbox 416 3697 1986 3773">
    <p class='ocr_par' dir='ltr' id='par_1_74' title="bbox 416 3703 1982 3773">
     <span class='ocr_line' id='line_1_74' title="bbox 416 3703 1982 3773; baseline -0.002 -14"><span class='ocrx_word' id='word_1_557' title='bbox 416 3704 550 3759; x_wconf 78' lang='lat' dir='ltr'><strong>Nam</strong></span> <span class='ocrx_word' id='word_1_558' title='bbox 575 3706 674 3760; x_wconf 88' lang='lat' dir='ltr'><strong>etsi</strong></span> <span class='ocrx_word' id='word_1_559' title='bbox 703 3705 937 3759; x_wconf 89' lang='lat' dir='ltr'><strong>felicium</strong></span> <span class='ocrx_word' id='word_1_560' title='bbox 965 3703 1203 3759; x_wconf 90' lang='lat' dir='ltr'><strong>locorum</strong></span> <span class='ocrx_word' id='word_1_561' title='bbox 1233 3713 1721 3773; x_wconf 75' lang='lat' dir='ltr'><strong>temperamentum</strong></span> <span class='ocrx_word' id='word_1_562' title='bbox 1744 3715 1982 3772; x_wconf 64' lang='lat' dir='ltr'><strong>persaepe</strong></span> 
     </span>
    </p>
   </div>
   <div class='ocr_carea' id='block_1_75' title="bbox 2085 3697 3655 3773">
    <p class='ocr_par' dir='ltr' id='par_1_75' title="bbox 2085 3697 3655 3770">
     <span class='ocr_line' id='line_1_75' title="bbox 2085 3697 3655 3770; baseline -0.001 -15"><span class='ocrx_word' id='word_1_563' title='bbox 2085 3701 2156 3755; x_wconf 89' lang='grc' dir='ltr'><strong>τά</strong></span> <span class='ocrx_word' id='word_1_564' title='bbox 2209 3700 2308 3770; x_wconf 78' lang='grc' dir='ltr'><strong>μὲν</strong></span> <span class='ocrx_word' id='word_1_565' title='bbox 2335 3703 2448 3763; x_wconf 85' lang='grc' dir='ltr'><strong>τοῖς</strong></span> <span class='ocrx_word' id='word_1_566' title='bbox 2495 3698 2829 3770; x_wconf 78' lang='grc' dir='ltr'><strong>προλαϐοῦσι</strong></span> <span class='ocrx_word' id='word_1_567' title='bbox 2859 3699 3176 3766; x_wconf 81' lang='grc' dir='ltr'><strong>κεφαλαίοις</strong></span> <span class='ocrx_word' id='word_1_568' title='bbox 3205 3699 3548 3770; x_wconf 80' lang='grc' dir='ltr'><strong>προείρηται,</strong></span> <span class='ocrx_word' id='word_1_569' title='bbox 3583 3697 3655 3753; x_wconf 86' lang='grc' dir='ltr'><strong>τά</strong></span> 
     </span>
    </p>
   </div>
   <div class='ocr_carea' id='block_1_76' title="bbox 415 3789 1986 3864">
    <p class='ocr_par' dir='ltr' id='par_1_76' title="bbox 415 3793 1980 3864">
     <span class='ocr_line' id='line_1_76' title="bbox 415 3793 1980 3864; baseline -0.003 -12"><span class='ocrx_word' id='word_1_570' title='bbox 415 3797 661 3864; x_wconf 88' lang='lat' dir='ltr'><strong>perierit,</strong></span> <span class='ocrx_word' id='word_1_571' title='bbox 713 3795 1063 3851; x_wconf 86' lang='lat' dir='ltr'><strong>solitudinum</strong></span> <span class='ocrx_word' id='word_1_572' title='bbox 1098 3803 1282 3848; x_wconf 85' lang='lat' dir='ltr'><strong>tamen</strong></span> <span class='ocrx_word' id='word_1_573' title='bbox 1314 3793 1685 3849; x_wconf 87' lang='lat' dir='ltr'><strong>inhabitabilis</strong></span> <span class='ocrx_word' id='word_1_574' title='bbox 1714 3795 1980 3864; x_wconf 87' lang='lat' dir='ltr'><strong>asperitas</strong></span> 
     </span>
    </p>
   </div>
   <div class='ocr_carea' id='block_1_77' title="bbox 2085 3789 3655 3864">
    <p class='ocr_par' dir='ltr' id='par_1_77' title="bbox 2085 3789 3655 3862">
     <span class='ocr_line' id='line_1_77' title="bbox 2085 3789 3655 3862; baseline -0.002 -15"><span class='ocrx_word' id='word_1_575' title='bbox 2085 3792 2144 3847; x_wconf 78' lang='grc' dir='ltr'><strong>δὲ</strong></span> <span class='ocrx_word' id='word_1_576' title='bbox 2200 3793 2341 3846; x_wconf 86' lang='grc' dir='ltr'><strong>κατά</strong></span> <span class='ocrx_word' id='word_1_577' title='bbox 2378 3791 2439 3844; x_wconf 78' lang='grc' dir='ltr'><strong>τὸ</strong></span> <span class='ocrx_word' id='word_1_578' title='bbox 2482 3789 2805 3862; x_wconf 82' lang='grc' dir='ltr'><strong>φαινόμενον</strong></span> <span class='ocrx_word' id='word_1_579' title='bbox 2835 3789 3035 3860; x_wconf 80' lang='grc' dir='ltr'><strong>μᾶλλον</strong></span> <span class='ocrx_word' id='word_1_580' title='bbox 3064 3791 3160 3844; x_wconf 84' lang='grc' dir='ltr'><strong>καὶ</strong></span> <span class='ocrx_word' id='word_1_581' title='bbox 3185 3791 3506 3846; x_wconf 68' lang='grc' dir='ltr'><strong>ἐπιπόλαιον</strong></span> <span class='ocrx_word' id='word_1_582' title='bbox 3571 3789 3655 3844; x_wconf 81' lang='grc' dir='ltr'><strong>δι-</strong></span> 
     </span>
    </p>
   </div>
   <div class='ocr_carea' id='block_1_78' title="bbox 418 3881 1986 3954">
    <p class='ocr_par' dir='ltr' id='par_1_78' title="bbox 418 3881 1981 3954">
     <span class='ocr_line' id='line_1_78' title="bbox 418 3881 1981 3954; baseline 0.001 -16"><span class='ocrx_word' id='word_1_583' title='bbox 418 3901 690 3953; x_wconf 89' lang='lat' dir='ltr'><strong>nunquam</strong></span> <span class='ocrx_word' id='word_1_584' title='bbox 727 3885 1008 3938; x_wconf 88' lang='lat' dir='ltr'><strong>immutata</strong></span> <span class='ocrx_word' id='word_1_585' title='bbox 1054 3892 1159 3937; x_wconf 88' lang='lat' dir='ltr'><strong>est.</strong></span> <span class='ocrx_word' id='word_1_586' title='bbox 1195 3881 1316 3938; x_wconf 57' lang='lat' dir='ltr'><strong>Haec</strong></span> <span class='ocrx_word' id='word_1_587' title='bbox 1368 3883 1530 3954; x_wconf 84' lang='lat' dir='ltr'><strong>igitur</strong></span> <span class='ocrx_word' id='word_1_588' title='bbox 1561 3884 1648 3937; x_wconf 92' lang='lat' dir='ltr'><strong>illa</strong></span> <span class='ocrx_word' id='word_1_589' title='bbox 1685 3893 1811 3938; x_wconf 85' lang='lat' dir='ltr'><strong>sunt</strong></span> <span class='ocrx_word' id='word_1_590' title='bbox 1859 3897 1981 3954; x_wconf 73' lang='lat' dir='ltr'><strong>qua:</strong></span> 
     </span>
    </p>
   </div>
   <div class='ocr_carea' id='block_1_79' title="bbox 2085 3881 2439 3954">
    <p class='ocr_par' dir='ltr' id='par_1_79' title="bbox 2085 3881 2439 3938">
     <span class='ocr_line' id='line_1_79' title="bbox 2085 3881 2439 3938; baseline -0.008 0"><span class='ocrx_word' id='word_1_591' title='bbox 2085 3881 2439 3938; x_wconf 80' lang='grc' dir='ltr'><strong>εσκεύασται.</strong></span> 
     </span>
    </p>
   </div>
   <div class='ocr_carea' id='block_1_80' title="bbox 418 3971 3650 4047">
    <p class='ocr_par' dir='ltr' id='par_1_80' title="bbox 418 3971 3650 4047">
     <span class='ocr_line' id='line_1_80' title="bbox 418 3971 3650 4047; baseline 0 -20"><span class='ocrx_word' id='word_1_592' title='bbox 418 3974 691 4029; x_wconf 92' lang='lat' dir='ltr'><strong>tricesimo</strong></span> <span class='ocrx_word' id='word_1_593' title='bbox 731 3975 908 4042; x_wconf 88' lang='lat' dir='ltr'><strong>capite</strong></span> <span class='ocrx_word' id='word_1_594' title='bbox 951 3973 1027 4028; x_wconf 84' lang='lat' dir='ltr'><strong>ita</strong></span> <span class='ocrx_word' id='word_1_595' title='bbox 1070 3983 1389 4039; x_wconf 90' lang='lat' dir='ltr'><strong>tractantur,</strong></span> <span class='ocrx_word' id='word_1_596' title='bbox 1424 3983 1484 4028; x_wconf 87' lang='lat' dir='ltr'><strong>ut</strong></span> <span class='ocrx_word' id='word_1_597' title='bbox 1537 3977 1979 4044; x_wconf 78' lang='lat' dir='ltr'><strong>consequentiam</strong></span> <span class='ocrx_word' id='word_1_598' title='bbox 2021 3977 2260 4047; x_wconf 87' lang='lat' dir='ltr'><strong>aliquam</strong></span> <span class='ocrx_word' id='word_1_599' title='bbox 2312 3982 2371 4028; x_wconf 89' lang='lat' dir='ltr'><strong>et</strong></span> <span class='ocrx_word' id='word_1_600' title='bbox 2422 3971 2858 4042; x_wconf 80' lang='lat' dir='ltr'><strong>probabilitatem</strong></span> <span class='ocrx_word' id='word_1_601' title='bbox 2917 3971 3175 4036; x_wconf 83' lang='lat' dir='ltr'><strong>habeant,</strong></span> <span class='ocrx_word' id='word_1_602' title='bbox 3239 3982 3432 4027; x_wconf 66' lang='lat' dir='ltr'><strong>caetera</strong></span> <span class='ocrx_word' id='word_1_603' title='bbox 3495 3988 3650 4041; x_wconf 76' lang='lat' dir='ltr'><strong>vero,</strong></span> 
     </span>
    </p>
   </div>
   <div class='ocr_carea' id='block_1_81' title="bbox 417 4065 3574 4140">
    <p class='ocr_par' dir='ltr' id='par_1_81' title="bbox 417 4065 3574 4140">
     <span class='ocr_line' id='line_1_81' title="bbox 417 4065 3574 4140; baseline 0 -20"><span class='ocrx_word' id='word_1_604' title='bbox 417 4066 613 4137; x_wconf 86' lang='lat' dir='ltr'><strong>partim</strong></span> <span class='ocrx_word' id='word_1_605' title='bbox 641 4066 907 4136; x_wconf 87' lang='lat' dir='ltr'><strong>capitibus</strong></span> <span class='ocrx_word' id='word_1_606' title='bbox 951 4065 1094 4120; x_wconf 92' lang='lat' dir='ltr'><strong>dicta</strong></span> <span class='ocrx_word' id='word_1_607' title='bbox 1128 4074 1254 4120; x_wconf 89' lang='lat' dir='ltr'><strong>sunt</strong></span> <span class='ocrx_word' id='word_1_608' title='bbox 1284 4067 1736 4134; x_wconf 85' lang='lat' dir='ltr'><strong>praecedentibus,</strong></span> <span class='ocrx_word' id='word_1_609' title='bbox 1783 4071 1978 4139; x_wconf 81' lang='lat' dir='ltr'><strong>partim</strong></span> <span class='ocrx_word' id='word_1_610' title='bbox 2022 4071 2075 4126; x_wconf 92' lang='lat' dir='ltr'><strong>iu</strong></span> <span class='ocrx_word' id='word_1_611' title='bbox 2111 4069 2346 4140; x_wconf 84' lang='lat' dir='ltr'><strong>speciem</strong></span> <span class='ocrx_word' id='word_1_612' title='bbox 2374 4068 2634 4121; x_wconf 72' lang='lat' dir='ltr'><strong>duntaxat</strong></span> <span class='ocrx_word' id='word_1_613' title='bbox 2657 4068 2978 4122; x_wconf 75' lang='lat' dir='ltr'><strong>exteriorem</strong></span> <span class='ocrx_word' id='word_1_614' title='bbox 3015 4065 3276 4120; x_wconf 85' lang='lat' dir='ltr'><strong>instructa</strong></span> <span class='ocrx_word' id='word_1_615' title='bbox 3306 4065 3574 4122; x_wconf 72' lang='lat' dir='ltr'><strong>videntur.</strong></span> 
     </span>
    </p>
   </div>
   <div class='ocr_carea' id='block_1_82' title="bbox 485 4159 1986 4235">
    <p class='ocr_par' dir='ltr' id='par_1_82' title="bbox 485 4159 1980 4235">
     <span class='ocr_line' id='line_1_82' title="bbox 485 4159 1980 4235; baseline 0.004 -21"><span class='ocrx_word' id='word_1_616' title='bbox 485 4160 556 4214; x_wconf 81' lang='lat' dir='ltr'><strong>At</strong></span> <span class='ocrx_word' id='word_1_617' title='bbox 581 4159 754 4230; x_wconf 89' lang='lat' dir='ltr'><strong>primo</strong></span> <span class='ocrx_word' id='word_1_618' title='bbox 795 4169 851 4214; x_wconf 89' lang='lat' dir='ltr'><strong>et</strong></span> <span class='ocrx_word' id='word_1_619' title='bbox 887 4160 1162 4215; x_wconf 89' lang='lat' dir='ltr'><strong>tricesimo</strong></span> <span class='ocrx_word' id='word_1_620' title='bbox 1206 4161 1389 4230; x_wconf 88' lang='lat' dir='ltr'><strong>capite</strong></span> <span class='ocrx_word' id='word_1_621' title='bbox 1433 4163 1830 4233; x_wconf 87' lang='lat' dir='ltr'><strong>astrologorum</strong></span> <span class='ocrx_word' id='word_1_622' title='bbox 1861 4167 1980 4235; x_wconf 89' lang='lat' dir='ltr'><strong>opi-</strong></span> 
     </span>
    </p>
   </div>
   <div class='ocr_carea' id='block_1_83' title="bbox 2085 4159 3654 4235">
    <p class='ocr_par' dir='ltr' id='par_1_83' title="bbox 2169 4159 3654 4232">
     <span class='ocr_line' id='line_1_83' title="bbox 2169 4159 3654 4232; baseline -0.005 -14"><span class='ocrx_word' id='word_1_623' title='bbox 2169 4164 2256 4217; x_wconf 85' lang='grc' dir='ltr'><strong>Ἐν</strong></span> <span class='ocrx_word' id='word_1_624' title='bbox 2280 4163 2337 4217; x_wconf 72' lang='grc' dir='ltr'><strong>δὲ</strong></span> <span class='ocrx_word' id='word_1_625' title='bbox 2363 4160 2442 4232; x_wconf 79' lang='grc' dir='ltr'><strong>τῷ</strong></span> <span class='ocrx_word' id='word_1_626' title='bbox 2465 4160 2548 4214; x_wconf 85' lang='grc' dir='ltr'><strong>λα’</strong></span> <span class='ocrx_word' id='word_1_627' title='bbox 2574 4161 2824 4231; x_wconf 82' lang='grc' dir='ltr'><strong>διαπορεῖ</strong></span> <span class='ocrx_word' id='word_1_628' title='bbox 2853 4159 2953 4231; x_wconf 73' lang='grc' dir='ltr'><strong>τὴν</strong></span> <span class='ocrx_word' id='word_1_629' title='bbox 2975 4159 3086 4213; x_wconf 83' lang='grc' dir='ltr'><strong>τῶν</strong></span> <span class='ocrx_word' id='word_1_630' title='bbox 3119 4160 3464 4231; x_wconf 82' lang='grc' dir='ltr'><strong>ἀστρολόγων</strong></span> <span class='ocrx_word' id='word_1_631' title='bbox 3487 4161 3654 4229; x_wconf 78' lang='grc' dir='ltr'><strong>δόξαν·</strong></span> 
     </span>
    </p>
   </div>
   <div class='ocr_carea' id='block_1_84' title="bbox 413 4249 1986 4324">
    <p class='ocr_par' dir='ltr' id='par_1_84' title="bbox 413 4249 1978 4324">
     <span class='ocr_line' id='line_1_84' title="bbox 413 4249 1978 4324; baseline 0.004 -20"><span class='ocrx_word' id='word_1_632' title='bbox 413 4251 632 4305; x_wconf 87' lang='lat' dir='ltr'><strong>nionem</strong></span> <span class='ocrx_word' id='word_1_633' title='bbox 675 4249 1026 4310; x_wconf 84' lang='lat' dir='ltr'><strong>labefactans.</strong></span> <span class='ocrx_word' id='word_1_634' title='bbox 1071 4250 1141 4305; x_wconf 85' lang='lat' dir='ltr'><strong>ita</strong></span> <span class='ocrx_word' id='word_1_635' title='bbox 1174 4251 1404 4320; x_wconf 70' lang='lat' dir='ltr'><strong>quaerit:</strong></span> <span class='ocrx_word' id='word_1_636' title='bbox 1435 4250 1547 4306; x_wconf 85' lang='lat' dir='ltr'><strong>Cur</strong></span> <span class='ocrx_word' id='word_1_637' title='bbox 1581 4253 1788 4308; x_wconf 82' lang='lat' dir='ltr'><strong>zodiaci</strong></span> <span class='ocrx_word' id='word_1_638' title='bbox 1824 4256 1978 4324; x_wconf 82' lang='lat' dir='ltr'><strong>signa</strong></span> 
     </span>
    </p>
   </div>
   <div class='ocr_carea' id='block_1_85' title="bbox 2085 4249 3647 4324">
    <p class='ocr_par' dir='ltr' id='par_1_85' title="bbox 2085 4249 3647 4320">
     <span class='ocr_line' id='line_1_85' title="bbox 2085 4249 3647 4320; baseline 0.002 -14"><span class='ocrx_word' id='word_1_639' title='bbox 2085 4252 2346 4316; x_wconf 72' lang='grc' dir='ltr'><strong>διασείων,</strong></span> <span class='ocrx_word' id='word_1_640' title='bbox 2381 4252 2477 4304; x_wconf 78' lang='grc' dir='ltr'><strong>καί</strong></span> <span class='ocrx_word' id='word_1_641' title='bbox 2525 4266 2680 4320; x_wconf 82' lang='grc' dir='ltr'><strong>φησιο</strong></span> <span class='ocrx_word' id='word_1_642' title='bbox 2714 4249 2816 4304; x_wconf 85' lang='grc' dir='ltr'><strong>Διά</strong></span> <span class='ocrx_word' id='word_1_643' title='bbox 2841 4251 2896 4304; x_wconf 88' lang='grc' dir='ltr'><strong>τί</strong></span> <span class='ocrx_word' id='word_1_644' title='bbox 2944 4249 3054 4320; x_wconf 79' lang='grc' dir='ltr'><strong>γὰρ</strong></span> <span class='ocrx_word' id='word_1_645' title='bbox 3108 4249 3276 4314; x_wconf 74' lang='grc' dir='ltr'><strong>ζώδια</strong></span> <span class='ocrx_word' id='word_1_646' title='bbox 3327 4251 3508 4317; x_wconf 74' lang='grc' dir='ltr'><strong>οἴκους</strong></span> <span class='ocrx_word' id='word_1_647' title='bbox 3533 4255 3647 4309; x_wconf 69' lang='grc' dir='ltr'><strong>τῶν</strong></span> 
     </span>
    </p>
   </div>
   <div class='ocr_carea' id='block_1_86' title="bbox 410 4337 1986 4415">
    <p class='ocr_par' dir='ltr' id='par_1_86' title="bbox 410 4341 1980 4413">
     <span class='ocr_line' id='line_1_86' title="bbox 410 4341 1980 4413; baseline 0.003 -17"><span class='ocrx_word' id='word_1_648' title='bbox 410 4342 708 4396; x_wconf 85' lang='lat' dir='ltr'><strong>errantium</strong></span> <span class='ocrx_word' id='word_1_649' title='bbox 738 4341 1019 4396; x_wconf 88' lang='lat' dir='ltr'><strong>stellarum</strong></span> <span class='ocrx_word' id='word_1_650' title='bbox 1037 4343 1233 4397; x_wconf 81' lang='lat' dir='ltr'><strong>domos</strong></span> <span class='ocrx_word' id='word_1_651' title='bbox 1263 4341 1572 4413; x_wconf 76' lang='lat' dir='ltr'><strong>appellant?</strong></span> <span class='ocrx_word' id='word_1_652' title='bbox 1597 4343 1679 4398; x_wconf 81' lang='lat' dir='ltr'><strong>An</strong></span> <span class='ocrx_word' id='word_1_653' title='bbox 1711 4345 1835 4413; x_wconf 86' lang='lat' dir='ltr'><strong>quia</strong></span> <span class='ocrx_word' id='word_1_654' title='bbox 1867 4347 1980 4402; x_wconf 67' lang='lat' dir='ltr'><strong>hare</strong></span> 
     </span>
    </p>
   </div>
   <div class='ocr_carea' id='block_1_87' title="bbox 2085 4337 3648 4415">
    <p class='ocr_par' dir='ltr' id='par_1_87' title="bbox 2085 4337 3648 4415">
     <span class='ocr_line' id='line_1_87' title="bbox 2085 4337 3648 4415; baseline 0.001 -18"><span class='ocrx_word' id='word_1_655' title='bbox 2085 4343 2357 4415; x_wconf 73' lang='grc' dir='ltr'><strong>πλανήτων</strong></span> <span class='ocrx_word' id='word_1_656' title='bbox 2385 4341 2643 4395; x_wconf 74' lang='grc' dir='ltr'><strong>καλοῦσιν</strong></span> <span class='ocrx_word' id='word_1_657' title='bbox 2666 4357 2682 4407; x_wconf 89' lang='grc'><strong>;</strong></span> <span class='ocrx_word' id='word_1_658' title='bbox 2715 4337 2806 4412; x_wconf 81' lang='grc' dir='ltr'><strong>ἆρ’</strong></span> <span class='ocrx_word' id='word_1_659' title='bbox 2835 4341 2921 4395; x_wconf 85' lang='grc' dir='ltr'><strong>ὅτι</strong></span> <span class='ocrx_word' id='word_1_660' title='bbox 2949 4341 3196 4410; x_wconf 70' lang='grc' dir='ltr'><strong>πέπηγεν</strong></span> <span class='ocrx_word' id='word_1_661' title='bbox 3209 4342 3260 4373; x_wconf 68' lang='grc'><strong>⁸⁸</strong></span> <span class='ocrx_word' id='word_1_662' title='bbox 3287 4342 3345 4394; x_wconf 71' lang='grc' dir='ltr'><strong>ἐν</strong></span> <span class='ocrx_word' id='word_1_663' title='bbox 3375 4342 3455 4414; x_wconf 84' lang='grc' dir='ltr'><strong>τῷ</strong></span> <span class='ocrx_word' id='word_1_664' title='bbox 3478 4345 3648 4415; x_wconf 73' lang='grc' dir='ltr'><strong>οὐρα-</strong></span> 
     </span>
    </p>
   </div>
   <div class='ocr_carea' id='block_1_88' title="bbox 411 4428 1986 4504">
    <p class='ocr_par' dir='ltr' id='par_1_88' title="bbox 411 4432 1975 4504">
     <span class='ocr_line' id='line_1_88' title="bbox 411 4432 1975 4504; baseline 0.003 -18"><span class='ocrx_word' id='word_1_665' title='bbox 411 4433 467 4486; x_wconf 81' lang='lat' dir='ltr'><strong>in</strong></span> <span class='ocrx_word' id='word_1_666' title='bbox 517 4433 670 4488; x_wconf 66' lang='lat' dir='ltr'><strong>casio</strong></span> <span class='ocrx_word' id='word_1_667' title='bbox 701 4432 801 4487; x_wconf 81' lang='lat' dir='ltr'><strong>fixa</strong></span> <span class='ocrx_word' id='word_1_668' title='bbox 835 4433 1007 4488; x_wconf 78' lang='lat' dir='ltr'><strong>sunt?</strong></span> <span class='ocrx_word' id='word_1_669' title='bbox 1054 4433 1196 4504; x_wconf 79' lang='lat' dir='ltr'><strong>Ergo</strong></span> <span class='ocrx_word' id='word_1_670' title='bbox 1251 4443 1522 4503; x_wconf 84' lang='lat' dir='ltr'><strong>quotquot</strong></span> <span class='ocrx_word' id='word_1_671' title='bbox 1567 4435 1818 4492; x_wconf 82' lang='lat' dir='ltr'><strong>similiter</strong></span> <span class='ocrx_word' id='word_1_672' title='bbox 1870 4436 1975 4490; x_wconf 79' lang='lat' dir='ltr'><strong>ﬁxa</strong></span> 
     </span>
    </p>
   </div>
   <div class='ocr_carea' id='block_1_89' title="bbox 2085 4428 3648 4504">
    <p class='ocr_par' dir='ltr' id='par_1_89' title="bbox 2085 4428 3648 4504">
     <span class='ocr_line' id='line_1_89' title="bbox 2085 4428 3648 4504; baseline -0.001 -15"><span class='ocrx_word' id='word_1_673' title='bbox 2085 4433 2184 4504; x_wconf 68' lang='grc' dir='ltr'><strong>ιῷς</strong></span> <span class='ocrx_word' id='word_1_674' title='bbox 2233 4432 2329 4487; x_wconf 74' lang='grc' dir='ltr'><strong>καὶ</strong></span> <span class='ocrx_word' id='word_1_675' title='bbox 2367 4432 2570 4496; x_wconf 77' lang='grc' dir='ltr'><strong>πάντες</strong></span> <span class='ocrx_word' id='word_1_676' title='bbox 2623 4432 2734 4502; x_wconf 82' lang='grc' dir='ltr'><strong>ἄρα</strong></span> <span class='ocrx_word' id='word_1_677' title='bbox 2785 4432 2838 4486; x_wconf 91' lang='grc' dir='ltr'><strong>οί</strong></span> <span class='ocrx_word' id='word_1_678' title='bbox 2881 4431 3087 4503; x_wconf 80' lang='grc' dir='ltr'><strong>ὁμοίως</strong></span> <span class='ocrx_word' id='word_1_679' title='bbox 3127 4433 3442 4502; x_wconf 54' lang='grc' dir='ltr'><strong>πενπηγότες</strong></span> <span class='ocrx_word' id='word_1_680' title='bbox 3503 4428 3648 4492; x_wconf 73' lang='grc' dir='ltr'><strong>οἶκοι</strong></span> 
     </span>
    </p>
   </div>
   <div class='ocr_carea' id='block_1_90' title="bbox 410 4521 1986 4597">
    <p class='ocr_par' dir='ltr' id='par_1_90' title="bbox 410 4525 1972 4595">
     <span class='ocr_line' id='line_1_90' title="bbox 410 4525 1972 4595; baseline 0.003 -18"><span class='ocrx_word' id='word_1_681' title='bbox 410 4535 630 4578; x_wconf 84' lang='lat' dir='ltr'><strong>manent</strong></span> <span class='ocrx_word' id='word_1_682' title='bbox 674 4533 844 4588; x_wconf 87' lang='lat' dir='ltr'><strong>astra,</strong></span> <span class='ocrx_word' id='word_1_683' title='bbox 877 4525 1116 4591; x_wconf 83' lang='lat' dir='ltr'><strong>ipsorum</strong></span> <span class='ocrx_word' id='word_1_684' title='bbox 1144 4540 1297 4594; x_wconf 77' lang='lat' dir='ltr'><strong>teque</strong></span> <span class='ocrx_word' id='word_1_685' title='bbox 1339 4527 1536 4582; x_wconf 84' lang='lat' dir='ltr'><strong>domus</strong></span> <span class='ocrx_word' id='word_1_686' title='bbox 1565 4526 1786 4582; x_wconf 90' lang='lat' dir='ltr'><strong>fuerint.</strong></span> <span class='ocrx_word' id='word_1_687' title='bbox 1819 4526 1972 4595; x_wconf 81' lang='lat' dir='ltr'><strong>Non;</strong></span> 
     </span>
    </p>
   </div>
   <div class='ocr_carea' id='block_1_91' title="bbox 2085 4521 3642 4597">
    <p class='ocr_par' dir='ltr' id='par_1_91' title="bbox 2085 4521 3642 4597">
     <span class='ocr_line' id='line_1_91' title="bbox 2085 4521 3642 4597; baseline 0.006 -20"><span class='ocrx_word' id='word_1_688' title='bbox 2085 4523 2347 4577; x_wconf 77' lang='grc' dir='ltr'><strong>ίσονται⁸⁵</strong></span> <span class='ocrx_word' id='word_1_689' title='bbox 2374 4523 2600 4578; x_wconf 80' lang='grc' dir='ltr'><strong>τούτων.</strong></span> <span class='ocrx_word' id='word_1_690' title='bbox 2647 4521 2786 4578; x_wconf 85' lang='grc' dir='ltr'><strong>Ἀλλ’</strong></span> <span class='ocrx_word' id='word_1_691' title='bbox 2817 4524 2899 4578; x_wconf 81' lang='grc' dir='ltr'><strong>ὅτι</strong></span> <span class='ocrx_word' id='word_1_692' title='bbox 2949 4522 3224 4578; x_wconf 78' lang='grc' dir='ltr'><strong>κινοῦνται</strong></span> <span class='ocrx_word' id='word_1_693' title='bbox 3260 4523 3642 4597; x_wconf 53' lang='lat' dir='ltr'><strong>attumne;</strong></span> 
     </span>
    </p>
   </div>
   <div class='ocr_carea' id='block_1_92' title="bbox 409 4612 1986 4689">
    <p class='ocr_par' dir='ltr' id='par_1_92' title="bbox 409 4615 1977 4689">
     <span class='ocr_line' id='line_1_92' title="bbox 409 4615 1977 4689; baseline 0.003 -22"><span class='ocrx_word' id='word_1_694' title='bbox 409 4615 504 4668; x_wconf 87' lang='lat' dir='ltr'><strong>sed</strong></span> <span class='ocrx_word' id='word_1_695' title='bbox 533 4615 659 4682; x_wconf 89' lang='lat' dir='ltr'><strong>quia</strong></span> <span class='ocrx_word' id='word_1_696' title='bbox 701 4629 805 4670; x_wconf 92' lang='lat' dir='ltr'><strong>non</strong></span> <span class='ocrx_word' id='word_1_697' title='bbox 838 4615 1145 4670; x_wconf 75' lang='lat' dir='ltr'><strong>errantium</strong></span> <span class='ocrx_word' id='word_1_698' title='bbox 1181 4615 1462 4670; x_wconf 84' lang='lat' dir='ltr'><strong>stellarum</strong></span> <span class='ocrx_word' id='word_1_699' title='bbox 1497 4618 1754 4689; x_wconf 73' lang='lat' dir='ltr'><strong>quaelibet</strong></span> <span class='ocrx_word' id='word_1_700' title='bbox 1780 4617 1977 4688; x_wconf 85' lang='lat' dir='ltr'><strong>gudet</strong></span> 
     </span>
    </p>
   </div>
   <div class='ocr_carea' id='block_1_93' title="bbox 2085 4612 3643 4689">
    <p class='ocr_par' dir='ltr' id='par_1_93' title="bbox 2085 4612 3643 4686">
     <span class='ocr_line' id='line_1_93' title="bbox 2085 4612 3643 4686; baseline 0.004 -18"><span class='ocrx_word' id='word_1_701' title='bbox 2085 4613 2166 4668; x_wconf 72' lang='lat' dir='ltr'><strong>rei.</strong></span> <span class='ocrx_word' id='word_1_702' title='bbox 2192 4612 2344 4667; x_wconf 74' lang='grc' dir='ltr'><strong>οὕτω.</strong></span> <span class='ocrx_word' id='word_1_703' title='bbox 2367 4614 2529 4668; x_wconf 88' lang='grc' dir='ltr'><strong>πάλιν</strong></span> <span class='ocrx_word' id='word_1_704' title='bbox 2556 4614 2759 4678; x_wconf 76' lang='grc' dir='ltr'><strong>πάντες</strong></span> <span class='ocrx_word' id='word_1_705' title='bbox 2789 4616 2840 4668; x_wconf 83' lang='lat' dir='ltr'><strong>oi</strong></span> <span class='ocrx_word' id='word_1_706' title='bbox 2863 4615 3180 4686; x_wconf 81' lang='grc' dir='ltr'><strong>πεπηγότες</strong></span> <span class='ocrx_word' id='word_1_707' title='bbox 3200 4613 3341 4671; x_wconf 72' lang='grc' dir='ltr'><strong>οἶκοι</strong></span> <span class='ocrx_word' id='word_1_708' title='bbox 3368 4619 3444 4672; x_wconf 79' lang='grc' dir='ltr'><strong>ἀν</strong></span> <span class='ocrx_word' id='word_1_709' title='bbox 3457 4621 3643 4674; x_wconf 75' lang='grc' dir='ltr'><strong>αὐτῶν</strong></span> 
     </span>
    </p>
   </div>
   <div class='ocr_carea' id='block_1_94' title="bbox 407 4705 1986 4782">
    <p class='ocr_par' dir='ltr' id='par_1_94' title="bbox 407 4707 1972 4782">
     <span class='ocr_line' id='line_1_94' title="bbox 407 4707 1972 4782; baseline 0.001 -20"><span class='ocrx_word' id='word_1_710' title='bbox 407 4707 604 4776; x_wconf 66' lang='lat'><strong>2111:</strong></span> <span class='ocrx_word' id='word_1_711' title='bbox 646 4718 884 4763; x_wconf 89' lang='lat' dir='ltr'><strong>errante.</strong></span> <span class='ocrx_word' id='word_1_712' title='bbox 918 4707 1061 4775; x_wconf 84' lang='lat' dir='ltr'><strong>Quin</strong></span> <span class='ocrx_word' id='word_1_713' title='bbox 1097 4709 1259 4778; x_wconf 80' lang='lat' dir='ltr'><strong>igitur</strong></span> <span class='ocrx_word' id='word_1_714' title='bbox 1298 4719 1354 4764; x_wconf 90' lang='lat' dir='ltr'><strong>et</strong></span> <span class='ocrx_word' id='word_1_715' title='bbox 1407 4709 1635 4779; x_wconf 60' lang='lat' dir='ltr'><strong>planetu</strong></span> <span class='ocrx_word' id='word_1_716' title='bbox 1690 4709 1972 4782; x_wconf 75' lang='lat' dir='ltr'><strong>signorum</strong></span> 
     </span>
    </p>
   </div>
   <div class='ocr_carea' id='block_1_95' title="bbox 2085 4705 3648 4782">
    <p class='ocr_par' dir='ltr' id='par_1_95' title="bbox 2085 4705 3648 4778">
     <span class='ocr_line' id='line_1_95' title="bbox 2085 4705 3648 4778; baseline 0.004 -18"><span class='ocrx_word' id='word_1_717' title='bbox 2085 4707 2261 4778; x_wconf 83' lang='grc' dir='ltr'><strong>ιίησαν</strong></span> <span class='ocrx_word' id='word_1_718' title='bbox 2306 4705 2556 4769; x_wconf 71' lang='grc' dir='ltr'><strong>εἰκότως.</strong></span> <span class='ocrx_word' id='word_1_719' title='bbox 2597 4705 2738 4758; x_wconf 81' lang='grc' dir='ltr'><strong>Ἀλλ’</strong></span> <span class='ocrx_word' id='word_1_720' title='bbox 2789 4707 2870 4760; x_wconf 76' lang='grc' dir='ltr'><strong>ὅτι</strong></span> <span class='ocrx_word' id='word_1_721' title='bbox 2919 4706 3029 4760; x_wconf 85' lang='grc' dir='ltr'><strong>τῶν</strong></span> <span class='ocrx_word' id='word_1_722' title='bbox 3087 4707 3342 4763; x_wconf 81' lang='grc' dir='ltr'><strong>ἀπλανῶν</strong></span> <span class='ocrx_word' id='word_1_723' title='bbox 3411 4711 3648 4776; x_wconf 66' lang='lat' dir='ltr'><strong>tum</strong></span> 
     </span>
    </p>
   </div>
   <div class='ocr_carea' id='block_1_96' title="bbox 411 4787 1986 4873">
    <p class='ocr_par' dir='ltr' id='par_1_96' title="bbox 411 4787 1972 4869">
     <span class='ocr_line' id='line_1_96' title="bbox 411 4787 1972 4869; baseline 0.003 -18"><span class='ocrx_word' id='word_1_724' title='bbox 411 4798 614 4852; x_wconf 87' lang='lat' dir='ltr'><strong>zodiaci</strong></span> <span class='ocrx_word' id='word_1_725' title='bbox 673 4787 865 4855; x_wconf 85' lang='lat' dir='ltr'><strong>domus</strong></span> <span class='ocrx_word' id='word_1_726' title='bbox 927 4799 1308 4869; x_wconf 78' lang='lat' dir='ltr'><strong>appellantur?</strong></span> <span class='ocrx_word' id='word_1_727' title='bbox 1366 4800 1648 4867; x_wconf 84' lang='lat' dir='ltr'><strong>Quomodo</strong></span> <span class='ocrx_word' id='word_1_728' title='bbox 1690 4816 1794 4855; x_wconf 91' lang='lat' dir='ltr'><strong>non</strong></span> <span class='ocrx_word' id='word_1_729' title='bbox 1847 4802 1972 4857; x_wconf 90' lang='lat' dir='ltr'><strong>item</strong></span> 
     </span>
    </p>
   </div>
   <div class='ocr_carea' id='block_1_97' title="bbox 2085 4787 3646 4873">
    <p class='ocr_par' dir='ltr' id='par_1_97' title="bbox 2085 4794 3646 4873">
     <span class='ocr_line' id='line_1_97' title="bbox 2085 4794 3646 4873; baseline 0.003 -22"><span class='ocrx_word' id='word_1_730' title='bbox 2085 4796 2251 4867; x_wconf 63' lang='lat' dir='ltr'><strong>(cipe:</strong></span> <span class='ocrx_word' id='word_1_731' title='bbox 2287 4796 2364 4866; x_wconf 83' lang='grc' dir='ltr'><strong>τῷ</strong></span> <span class='ocrx_word' id='word_1_732' title='bbox 2393 4797 2627 4867; x_wconf 83' lang='grc' dir='ltr'><strong>πλάνητι</strong></span> <span class='ocrx_word' id='word_1_733' title='bbox 2662 4814 2678 4863; x_wconf 88' lang='lat'><strong>;</strong></span> <span class='ocrx_word' id='word_1_734' title='bbox 2710 4796 2800 4850; x_wconf 80' lang='grc' dir='ltr'><strong>διὰ</strong></span> <span class='ocrx_word' id='word_1_735' title='bbox 2831 4796 2885 4850; x_wconf 94' lang='grc' dir='ltr'><strong>τί</strong></span> <span class='ocrx_word' id='word_1_736' title='bbox 2920 4794 3017 4853; x_wconf 81' lang='grc' dir='ltr'><strong>οὖν</strong></span> <span class='ocrx_word' id='word_1_737' title='bbox 3053 4798 3130 4870; x_wconf 83' lang='grc' dir='ltr'><strong>μὴ</strong></span> <span class='ocrx_word' id='word_1_738' title='bbox 3164 4799 3261 4853; x_wconf 69' lang='grc' dir='ltr'><strong>καὶ</strong></span> <span class='ocrx_word' id='word_1_739' title='bbox 3288 4801 3339 4854; x_wconf 80' lang='lat' dir='ltr'><strong>oi</strong></span> <span class='ocrx_word' id='word_1_740' title='bbox 3368 4801 3646 4873; x_wconf 71' lang='grc' dir='ltr'><strong>πλάνητες</strong></span> 
     </span>
    </p>
   </div>
   <div class='ocr_carea' id='block_1_98' title="bbox 407 4885 1986 4962">
    <p class='ocr_par' dir='ltr' id='par_1_98' title="bbox 407 4889 1973 4961">
     <span class='ocr_line' id='line_1_98' title="bbox 407 4889 1973 4961; baseline 0.003 -20"><span class='ocrx_word' id='word_1_741' title='bbox 407 4890 601 4943; x_wconf 87' lang='lat' dir='ltr'><strong>domus</strong></span> <span class='ocrx_word' id='word_1_742' title='bbox 639 4889 867 4944; x_wconf 89' lang='lat' dir='ltr'><strong>invicem</strong></span> <span class='ocrx_word' id='word_1_743' title='bbox 901 4900 1024 4946; x_wconf 89' lang='lat' dir='ltr'><strong>sunt</strong></span> <span class='ocrx_word' id='word_1_744' title='bbox 1071 4891 1300 4946; x_wconf 82' lang='lat' dir='ltr'><strong>beneﬁci</strong></span> <span class='ocrx_word' id='word_1_745' title='bbox 1336 4893 1690 4961; x_wconf 84' lang='lat' dir='ltr'><strong>prosperique</strong></span> <span class='ocrx_word' id='word_1_746' title='bbox 1723 4891 1973 4961; x_wconf 74' lang='lat' dir='ltr'><strong>planetae,</strong></span> 
     </span>
    </p>
   </div>
   <div class='ocr_carea' id='block_1_99' title="bbox 2085 4885 3644 4962">
    <p class='ocr_par' dir='ltr' id='par_1_99' title="bbox 2085 4885 3644 4962">
     <span class='ocr_line' id='line_1_99' title="bbox 2085 4885 3644 4962; baseline 0.003 -22"><span class='ocrx_word' id='word_1_747' title='bbox 2085 4885 2212 4941; x_wconf 65' lang='lat' dir='ltr'><strong>sistat</strong></span> <span class='ocrx_word' id='word_1_748' title='bbox 2248 4886 2360 4940; x_wconf 86' lang='grc' dir='ltr'><strong>τῶν</strong></span> <span class='ocrx_word' id='word_1_749' title='bbox 2388 4887 2596 4952; x_wconf 80' lang='grc' dir='ltr'><strong>ζωδίων</strong></span> <span class='ocrx_word' id='word_1_750' title='bbox 2625 4903 2642 4952; x_wconf 87' lang='grc'><strong>;</strong></span> <span class='ocrx_word' id='word_1_751' title='bbox 2674 4887 2792 4952; x_wconf 81' lang='grc' dir='ltr'><strong>πῶς</strong></span> <span class='ocrx_word' id='word_1_752' title='bbox 2824 4888 2882 4943; x_wconf 77' lang='grc' dir='ltr'><strong>δὲ</strong></span> <span class='ocrx_word' id='word_1_753' title='bbox 2914 4889 2991 4962; x_wconf 77' lang='grc' dir='ltr'><strong>μὴ</strong></span> <span class='ocrx_word' id='word_1_754' title='bbox 3017 4889 3265 4960; x_wconf 77' lang='grc' dir='ltr'><strong>ἀλλήλων</strong></span> <span class='ocrx_word' id='word_1_755' title='bbox 3307 4887 3448 4946; x_wconf 75' lang='grc' dir='ltr'><strong>οἶκοι</strong></span> <span class='ocrx_word' id='word_1_756' title='bbox 3479 4893 3644 4946; x_wconf 83' lang='grc' dir='ltr'><strong>πάλιν</strong></span> 
     </span>
    </p>
   </div>
   <div class='ocr_carea' id='block_1_100' title="bbox 406 4977 1986 5052">
    <p class='ocr_par' dir='ltr' id='par_1_100' title="bbox 406 4979 1975 5052">
     <span class='ocr_line' id='line_1_100' title="bbox 406 4979 1975 5052; baseline 0.003 -19"><span class='ocrx_word' id='word_1_757' title='bbox 406 4987 464 5036; x_wconf 81' lang='lat' dir='ltr'><strong>et</strong></span> <span class='ocrx_word' id='word_1_758' title='bbox 492 4979 724 5035; x_wconf 82' lang='lat' dir='ltr'><strong>malefici</strong></span> <span class='ocrx_word' id='word_1_759' title='bbox 751 4998 768 5034; x_wconf 88' lang='lat'><strong>:</strong></span> <span class='ocrx_word' id='word_1_760' title='bbox 805 4981 915 5035; x_wconf 93' lang='lat' dir='ltr'><strong>imo</strong></span> <span class='ocrx_word' id='word_1_761' title='bbox 942 4990 998 5034; x_wconf 91' lang='lat' dir='ltr'><strong>et</strong></span> <span class='ocrx_word' id='word_1_762' title='bbox 1025 4997 1146 5052; x_wconf 69' lang='lat' dir='ltr'><strong>qua:</strong></span> <span class='ocrx_word' id='word_1_763' title='bbox 1171 4983 1273 5038; x_wconf 89' lang='lat' dir='ltr'><strong>sibi</strong></span> <span class='ocrx_word' id='word_1_764' title='bbox 1308 4993 1498 5037; x_wconf 71' lang='lat' dir='ltr'><strong>mutuo</strong></span> <span class='ocrx_word' id='word_1_765' title='bbox 1529 4982 1814 5036; x_wconf 89' lang='lat' dir='ltr'><strong>familiaria</strong></span> <span class='ocrx_word' id='word_1_766' title='bbox 1847 4992 1975 5038; x_wconf 89' lang='lat' dir='ltr'><strong>sunt</strong></span> 
     </span>
    </p>
   </div>
   <div class='ocr_carea' id='block_1_101' title="bbox 2085 4977 3643 5052">
    <p class='ocr_par' dir='ltr' id='par_1_101' title="bbox 2085 4977 3643 5049">
     <span class='ocr_line' id='line_1_101' title="bbox 2085 4977 3643 5049; baseline 0.004 -17"><span class='ocrx_word' id='word_1_767' title='bbox 2085 4980 2123 5032; x_wconf 65' lang='lat' dir='ltr'><strong>2i.</strong></span> <span class='ocrx_word' id='word_1_768' title='bbox 2156 4977 2473 5047; x_wconf 77' lang='grc' dir='ltr'><strong>ἀγαθοποιοὶ</strong></span> <span class='ocrx_word' id='word_1_769' title='bbox 2496 4978 2766 5048; x_wconf 81' lang='grc' dir='ltr'><strong>πλάνητες</strong></span> <span class='ocrx_word' id='word_1_770' title='bbox 2785 4981 2884 5034; x_wconf 79' lang='grc' dir='ltr'><strong>καὶ</strong></span> <span class='ocrx_word' id='word_1_771' title='bbox 2908 4983 2959 5036; x_wconf 78' lang='lat' dir='ltr'><strong>oi</strong></span> <span class='ocrx_word' id='word_1_772' title='bbox 2995 4983 3304 5049; x_wconf 72' lang='grc' dir='ltr'><strong>κακοποιοὶ,</strong></span> <span class='ocrx_word' id='word_1_773' title='bbox 3341 4984 3438 5038; x_wconf 76' lang='grc' dir='ltr'><strong>καὶ</strong></span> <span class='ocrx_word' id='word_1_774' title='bbox 3467 4985 3550 5038; x_wconf 65' lang='lat' dir='ltr'><strong>Est</strong></span> <span class='ocrx_word' id='word_1_775' title='bbox 3571 4985 3643 5040; x_wconf 75' lang='grc' dir='ltr'><strong>τὰ</strong></span> 
     </span>
    </p>
   </div>
   <div class='ocr_carea' id='block_1_102' title="bbox 407 5067 1986 5144">
    <p class='ocr_par' dir='ltr' id='par_1_102' title="bbox 407 5071 1973 5144">
     <span class='ocr_line' id='line_1_102' title="bbox 407 5071 1973 5144; baseline 0.003 -19"><span class='ocrx_word' id='word_1_776' title='bbox 407 5071 616 5126; x_wconf 80' lang='lat' dir='ltr'><strong>zodiaci</strong></span> <span class='ocrx_word' id='word_1_777' title='bbox 670 5072 844 5142; x_wconf 80' lang='lat' dir='ltr'><strong>signa.</strong></span> <span class='ocrx_word' id='word_1_778' title='bbox 881 5071 941 5126; x_wconf 91' lang='lat' dir='ltr'><strong>Si</strong></span> <span class='ocrx_word' id='word_1_779' title='bbox 997 5087 1128 5127; x_wconf 81' lang='lat' dir='ltr'><strong>vero</strong></span> <span class='ocrx_word' id='word_1_780' title='bbox 1182 5083 1488 5144; x_wconf 78' lang='lat' dir='ltr'><strong>propterea,</strong></span> <span class='ocrx_word' id='word_1_781' title='bbox 1541 5074 1682 5143; x_wconf 86' lang='lat' dir='ltr'><strong>quod</strong></span> <span class='ocrx_word' id='word_1_782' title='bbox 1733 5074 1886 5143; x_wconf 77' lang='lat' dir='ltr'><strong>signa</strong></span> <span class='ocrx_word' id='word_1_783' title='bbox 1940 5088 1973 5129; x_wconf 80' lang='grc' dir='ltr'><strong>ο</strong></span> 
     </span>
    </p>
   </div>
   <div class='ocr_carea' id='block_1_103' title="bbox 2085 5067 3644 5144">
    <p class='ocr_par' dir='ltr' id='par_1_103' title="bbox 2085 5067 3644 5144">
     <span class='ocr_line' id='line_1_103' title="bbox 2085 5067 3644 5144; baseline 0.006 -23"><span class='ocrx_word' id='word_1_784' title='bbox 2085 5068 2318 5140; x_wconf 67' lang='grc' dir='ltr'><strong>ὶλλήλοις</strong></span> <span class='ocrx_word' id='word_1_785' title='bbox 2351 5067 2672 5139; x_wconf 82' lang='grc' dir='ltr'><strong>χαίροντα⁸⁸</strong></span> <span class='ocrx_word' id='word_1_786' title='bbox 2699 5068 2810 5124; x_wconf 86' lang='grc' dir='ltr'><strong>τῶν</strong></span> <span class='ocrx_word' id='word_1_787' title='bbox 2845 5069 3171 5142; x_wconf 61' lang='grc' dir='ltr'><strong>ζωδίωινςεί</strong></span> <span class='ocrx_word' id='word_1_788' title='bbox 3207 5074 3254 5128; x_wconf 73' lang='grc' dir='ltr'><strong>δ’</strong></span> <span class='ocrx_word' id='word_1_789' title='bbox 3281 5075 3374 5128; x_wconf 76' lang='grc' dir='ltr'><strong>ὅτι</strong></span> <span class='ocrx_word' id='word_1_790' title='bbox 3423 5075 3495 5129; x_wconf 72' lang='grc' dir='ltr'><strong>τὰ</strong></span> <span class='ocrx_word' id='word_1_791' title='bbox 3540 5075 3644 5144; x_wconf 66' lang='grc' dir='ltr'><strong>μὲν</strong></span> 
     </span>
    </p>
   </div>
   <div class='ocr_carea' id='block_1_104' title="bbox 409 5159 1986 5236">
    <p class='ocr_par' dir='ltr' id='par_1_104' title="bbox 409 5164 1970 5234">
     <span class='ocr_line' id='line_1_104' title="bbox 409 5164 1970 5234; baseline 0.001 -16"><span class='ocrx_word' id='word_1_792' title='bbox 409 5164 596 5221; x_wconf 75' lang='lat' dir='ltr'><strong>multis</strong></span> <span class='ocrx_word' id='word_1_793' title='bbox 647 5173 1038 5233; x_wconf 73' lang='lat' dir='ltr'><strong>componantur</strong></span> <span class='ocrx_word' id='word_1_794' title='bbox 1090 5165 1282 5231; x_wconf 84' lang='lat' dir='ltr'><strong>stellis,</strong></span> <span class='ocrx_word' id='word_1_795' title='bbox 1328 5181 1450 5221; x_wconf 89' lang='lat' dir='ltr'><strong>cum</strong></span> <span class='ocrx_word' id='word_1_796' title='bbox 1503 5165 1697 5234; x_wconf 84' lang='lat' dir='ltr'><strong>singuli</strong></span> <span class='ocrx_word' id='word_1_797' title='bbox 1743 5164 1970 5234; x_wconf 59' lang='lat' dir='ltr'><strong>planetu</strong></span> 
     </span>
    </p>
   </div>
   <div class='ocr_carea' id='block_1_105' title="bbox 2085 5159 3642 5236">
    <p class='ocr_par' dir='ltr' id='par_1_105' title="bbox 2085 5159 3642 5236">
     <span class='ocr_line' id='line_1_105' title="bbox 2085 5159 3642 5236; baseline 0.003 -22"><span class='ocrx_word' id='word_1_798' title='bbox 2085 5160 2230 5225; x_wconf 75' lang='grc' dir='ltr'><strong>ζώδια</strong></span> <span class='ocrx_word' id='word_1_799' title='bbox 2264 5159 2546 5228; x_wconf 85' lang='grc' dir='ltr'><strong>σύγκειται</strong></span> <span class='ocrx_word' id='word_1_800' title='bbox 2584 5161 2649 5213; x_wconf 81' lang='grc' dir='ltr'><strong>ὲκ</strong></span> <span class='ocrx_word' id='word_1_801' title='bbox 2672 5161 2902 5228; x_wconf 80' lang='grc' dir='ltr'><strong>πολλῶν,</strong></span> <span class='ocrx_word' id='word_1_802' title='bbox 2935 5162 3166 5229; x_wconf 72' lang='grc' dir='ltr'><strong>ἕκαστος</strong></span> <span class='ocrx_word' id='word_1_803' title='bbox 3195 5164 3396 5218; x_wconf 59' lang='lat' dir='ltr'><strong>sua”</strong></span> <span class='ocrx_word' id='word_1_804' title='bbox 3428 5165 3642 5236; x_wconf 75' lang='grc' dir='ltr'><strong>πλανή-</strong></span> 
     </span>
    </p>
   </div>
   <div class='ocr_carea' id='block_1_106' title="bbox 405 5250 1986 5327">
    <p class='ocr_par' dir='ltr' id='par_1_106' title="bbox 405 5255 1967 5327">
     <span class='ocr_line' id='line_1_106' title="bbox 405 5255 1967 5327; baseline 0.001 -17"><span class='ocrx_word' id='word_1_805' title='bbox 405 5258 566 5312; x_wconf 85' lang='lat' dir='ltr'><strong>uuius</strong></span> <span class='ocrx_word' id='word_1_806' title='bbox 600 5256 813 5327; x_wconf 81' lang='lat' dir='ltr'><strong>generis</strong></span> <span class='ocrx_word' id='word_1_807' title='bbox 855 5256 994 5322; x_wconf 83' lang='lat' dir='ltr'><strong>sint;</strong></span> <span class='ocrx_word' id='word_1_808' title='bbox 1035 5271 1160 5312; x_wconf 81' lang='lat' dir='ltr'><strong>mox</strong></span> <span class='ocrx_word' id='word_1_809' title='bbox 1197 5258 1362 5313; x_wconf 82' lang='lat' dir='ltr'><strong>etiam</strong></span> <span class='ocrx_word' id='word_1_810' title='bbox 1391 5255 1688 5326; x_wconf 83' lang='lat' dir='ltr'><strong>quamlibet</strong></span> <span class='ocrx_word' id='word_1_811' title='bbox 1737 5256 1967 5312; x_wconf 73' lang='lat' dir='ltr'><strong>lixarum</strong></span> 
     </span>
    </p>
   </div>
   <div class='ocr_carea' id='block_1_107' title="bbox 2085 5250 3641 5327">
    <p class='ocr_par' dir='ltr' id='par_1_107' title="bbox 2085 5250 3641 5326">
     <span class='ocr_line' id='line_1_107' title="bbox 2085 5250 3641 5326; baseline 0.003 -21"><span class='ocrx_word' id='word_1_812' title='bbox 2085 5269 2179 5305; x_wconf 81' lang='grc' dir='ltr'><strong>ιων</strong></span> <span class='ocrx_word' id='word_1_813' title='bbox 2219 5251 2521 5322; x_wconf 80' lang='grc' dir='ltr'><strong>μονοειδὴς,</strong></span> <span class='ocrx_word' id='word_1_814' title='bbox 2553 5250 2651 5306; x_wconf 75' lang='grc' dir='ltr'><strong>καὶ</strong></span> <span class='ocrx_word' id='word_1_815' title='bbox 2692 5254 2932 5326; x_wconf 79' lang='grc' dir='ltr'><strong>ἑκάστην</strong></span> <span class='ocrx_word' id='word_1_816' title='bbox 2965 5255 3212 5310; x_wconf 80' lang='grc' dir='ltr'><strong>σύνθεσιν</strong></span> <span class='ocrx_word' id='word_1_817' title='bbox 3239 5257 3351 5312; x_wconf 83' lang='grc' dir='ltr'><strong>τῶν</strong></span> <span class='ocrx_word' id='word_1_818' title='bbox 3382 5256 3641 5312; x_wconf 82' lang='grc' dir='ltr'><strong>ἀπλανῶν</strong></span> 
     </span>
    </p>
   </div>
   <div class='ocr_carea' id='block_1_108' title="bbox 1687 5431 2369 5493">
    <p class='ocr_par' dir='ltr' id='par_1_108' title="bbox 1687 5431 2369 5493">
     <span class='ocr_line' id='line_1_108' title="bbox 1687 5431 2369 5493; baseline 0.007 -5"><span class='ocrx_word' id='word_1_819' title='bbox 1687 5431 1920 5488; x_wconf 72' lang='lat' dir='ltr'><strong>VARle</strong></span> <span class='ocrx_word' id='word_1_820' title='bbox 1964 5432 2369 5493; x_wconf 79' lang='lat' dir='ltr'><strong>LECTIONES.</strong></span> 
     </span>
    </p>
   </div>
   <div class='ocr_carea' id='block_1_109' title="bbox 473 5531 3641 5625">
    <p class='ocr_par' dir='ltr' id='par_1_109' title="bbox 473 5531 3641 5625">
     <span class='ocr_line' id='line_1_109' title="bbox 473 5531 3641 5625; baseline 0 -18"><span class='ocrx_word' id='word_1_821' title='bbox 473 5554 515 5586; x_wconf 79' lang='lat'><strong>&quot;</strong></span> <span class='ocrx_word' id='word_1_822' title='bbox 541 5555 717 5625; x_wconf 62' lang='lat' dir='ltr'><strong>ﬂante</strong></span> <span class='ocrx_word' id='word_1_823' title='bbox 752 5531 995 5625; x_wconf 70' lang='grc' dir='ltr'><strong>σεισμοῖς</strong></span> <span class='ocrx_word' id='word_1_824' title='bbox 1041 5570 1152 5609; x_wconf 93' lang='lat' dir='ltr'><strong>om.</strong></span> <span class='ocrx_word' id='word_1_825' title='bbox 1186 5555 1253 5608; x_wconf 74' lang='grc' dir='ltr'><strong>Α.</strong></span> <span class='ocrx_word' id='word_1_826' title='bbox 1357 5553 1402 5584; x_wconf 81' lang='lat'><strong>&quot;</strong></span> <span class='ocrx_word' id='word_1_827' title='bbox 1422 5549 1517 5625; x_wconf 81' lang='grc' dir='ltr'><strong>τοῦ</strong></span> <span class='ocrx_word' id='word_1_828' title='bbox 1549 5565 1660 5625; x_wconf 76' lang='lat' dir='ltr'><strong>om.</strong></span> <span class='ocrx_word' id='word_1_829' title='bbox 1701 5549 1767 5606; x_wconf 92' lang='lat' dir='ltr'><strong>C.</strong></span> <span class='ocrx_word' id='word_1_830' title='bbox 1884 5551 1930 5584; x_wconf 82' lang='grc'><strong>⁸³</strong></span> <span class='ocrx_word' id='word_1_831' title='bbox 1959 5551 2228 5622; x_wconf 79' lang='grc' dir='ltr'><strong>ἀκρασίαν</strong></span> <span class='ocrx_word' id='word_1_832' title='bbox 2257 5569 2316 5617; x_wconf 81' lang='grc' dir='ltr'><strong>ς.</strong></span> <span class='ocrx_word' id='word_1_833' title='bbox 2416 5551 2462 5584; x_wconf 72' lang='grc'><strong>⁸⁵</strong></span> <span class='ocrx_word' id='word_1_834' title='bbox 2511 5550 2599 5621; x_wconf 82' lang='grc' dir='ltr'><strong>ἀρ’</strong></span> <span class='ocrx_word' id='word_1_835' title='bbox 2654 5550 2748 5605; x_wconf 78' lang='grc' dir='ltr'><strong>οὖν</strong></span> <span class='ocrx_word' id='word_1_836' title='bbox 2797 5551 2880 5606; x_wconf 82' lang='grc' dir='ltr'><strong>ὅτι</strong></span> <span class='ocrx_word' id='word_1_837' title='bbox 2927 5570 2988 5618; x_wconf 86' lang='grc' dir='ltr'><strong>ς.</strong></span> <span class='ocrx_word' id='word_1_838' title='bbox 3095 5555 3141 5589; x_wconf 85' lang='grc'><strong><em>⁸⁵</em></strong></span> <span class='ocrx_word' id='word_1_839' title='bbox 3159 5554 3370 5610; x_wconf 75' lang='grc' dir='ltr'><strong>ἔσονται</strong></span> <span class='ocrx_word' id='word_1_840' title='bbox 3401 5583 3476 5598; x_wconf 91' lang='grc'><strong><em>-</em></strong></span> <span class='ocrx_word' id='word_1_841' title='bbox 3502 5547 3641 5609; x_wconf 82' lang='grc' dir='ltr'><strong>οῐκοι</strong></span> 
     </span>
    </p>
   </div>
   <div class='ocr_carea' id='block_1_110' title="bbox 402 5621 1698 5695">
    <p class='ocr_par' dir='ltr' id='par_1_110' title="bbox 402 5621 1698 5695">
     <span class='ocr_line' id='line_1_110' title="bbox 402 5621 1698 5695; baseline -0.005 -16"><span class='ocrx_word' id='word_1_842' title='bbox 402 5624 525 5680; x_wconf 85' lang='lat' dir='ltr'><strong>add.</strong></span> <span class='ocrx_word' id='word_1_843' title='bbox 563 5621 671 5682; x_wconf 56' lang='lat' dir='ltr'><strong>AC.</strong></span> <span class='ocrx_word' id='word_1_844' title='bbox 745 5626 790 5660; x_wconf 79' lang='grc'>⁸⁸</span> <span class='ocrx_word' id='word_1_845' title='bbox 817 5621 1073 5695; x_wconf 83' lang='grc' dir='ltr'><strong>χαίροντα</strong></span> <span class='ocrx_word' id='word_1_846' title='bbox 1107 5636 1163 5680; x_wconf 92' lang='lat' dir='ltr'><strong>et</strong></span> <span class='ocrx_word' id='word_1_847' title='bbox 1201 5639 1324 5680; x_wconf 70' lang='lat' dir='ltr'><strong>tuo:</strong></span> <span class='ocrx_word' id='word_1_848' title='bbox 1356 5623 1481 5684; x_wconf 80' lang='grc' dir='ltr'><strong>τοὺς</strong></span> <span class='ocrx_word' id='word_1_849' title='bbox 1503 5621 1603 5676; x_wconf 82' lang='lat' dir='ltr'><strong>add</strong></span> <span class='ocrx_word' id='word_1_850' title='bbox 1634 5625 1698 5674; x_wconf 81' lang='grc' dir='ltr'><strong>Δ.</strong></span> 
     </span>
    </p>
   </div>
  </div>
