  <div class='ocr_page' id='page_1' title='image "/cluster/home/n/w/nwhite01/storage/ocr_20150623/103 pt.3/mdp.39015061933738/430.png"; bbox 0 0 3972 6248; ppageno 0'>
   <div class='ocr_carea' id='block_1_1' title="bbox 318 346 417 410">
    <p class='ocr_par' dir='ltr' id='par_1_1' title="bbox 318 346 417 410">
     <span class='ocr_line' id='line_1_1' title="bbox 318 346 417 410; baseline 0 -1"><span class='ocrx_word' id='word_1_1' title='bbox 318 348 385 410; x_wconf 72' lang='lat' dir='ltr'><strong>8i</strong></span> <span class='ocrx_word' id='word_1_2' title='bbox 399 346 417 409; x_wconf 83' lang='lat' dir='ltr'><strong>i</strong></span> 
     </span>
    </p>
   </div>
   <div class='ocr_carea' id='block_1_2' title="bbox 1349 342 2504 404">
    <p class='ocr_par' dir='ltr' id='par_1_2' title="bbox 1349 342 2504 404">
     <span class='ocr_line' id='line_1_2' title="bbox 1349 342 2504 404; baseline -0.001 -2"><span class='ocrx_word' id='word_1_3' title='bbox 1349 342 1870 403; x_wconf 76' lang='lat' dir='ltr'><strong>BIBLIOTHECA.</strong></span> <span class='ocrx_word' id='word_1_4' title='bbox 1897 367 1966 377; x_wconf 86' lang='grc'><strong>-··</strong></span> <span class='ocrx_word' id='word_1_5' title='bbox 2000 344 2163 403; x_wconf 88' lang='lat' dir='ltr'><strong>COD.</strong></span> <span class='ocrx_word' id='word_1_6' title='bbox 2195 343 2504 404; x_wconf 73' lang='lat' dir='ltr'><strong>CCXXIII.</strong></span> 
     </span>
    </p>
   </div>
   <div class='ocr_carea' id='block_1_3' title="bbox 3449 344 3557 415">
    <p class='ocr_par' dir='ltr' id='par_1_3' title="bbox 3449 344 3557 415">
     <span class='ocr_line' id='line_1_3' title="bbox 3449 344 3557 415; baseline 0.046 -5"><span class='ocrx_word' id='word_1_7' title='bbox 3449 344 3557 415; x_wconf 65' lang='lat'><strong>842</strong></span> 
     </span>
    </p>
   </div>
   <div class='ocr_carea' id='block_1_4' title="bbox 314 460 1887 533">
    <p class='ocr_par' dir='ltr' id='par_1_4' title="bbox 314 460 1881 533">
     <span class='ocr_line' id='line_1_4' title="bbox 314 460 1881 533; baseline -0.004 -14"><span class='ocrx_word' id='word_1_8' title='bbox 314 464 459 520; x_wconf 80' lang='grc' dir='ltr'>οἷκον</span> <span class='ocrx_word' id='word_1_9' title='bbox 510 462 787 533; x_wconf 76' lang='grc' dir='ltr'><strong>ὀφείλουσι</strong></span> <span class='ocrx_word' id='word_1_10' title='bbox 829 464 1003 517; x_wconf 80' lang='grc' dir='ltr'>ποιεῖν</span> <span class='ocrx_word' id='word_1_11' title='bbox 1038 462 1150 514; x_wconf 86' lang='grc' dir='ltr'><strong>τῶν</strong></span> <span class='ocrx_word' id='word_1_12' title='bbox 1177 460 1464 531; x_wconf 85' lang='grc' dir='ltr'>πλανήτων</span> <span class='ocrx_word' id='word_1_13' title='bbox 1490 476 1503 488; x_wconf 70' lang='grc' dir='ltr'><strong>ο</strong></span> <span class='ocrx_word' id='word_1_14' title='bbox 1543 460 1740 521; x_wconf 76' lang='grc' dir='ltr'>πολλὰς</span> <span class='ocrx_word' id='word_1_15' title='bbox 1771 460 1881 531; x_wconf 73' lang='grc' dir='ltr'>γὰρ</span> 
     </span>
    </p>
   </div>
   <div class='ocr_carea' id='block_1_5' title="bbox 1992 460 3561 533">
    <p class='ocr_par' dir='ltr' id='par_1_5' title="bbox 1992 462 3561 533">
     <span class='ocr_line' id='line_1_5' title="bbox 1992 462 3561 533; baseline 0.004 -19"><span class='ocrx_word' id='word_1_16' title='bbox 1992 462 2265 514; x_wconf 80' lang='lat' dir='ltr'><strong>stellarum</strong></span> <span class='ocrx_word' id='word_1_17' title='bbox 2315 462 2765 531; x_wconf 74' lang='lat' dir='ltr'><strong>compositionem</strong></span> <span class='ocrx_word' id='word_1_18' title='bbox 2828 463 3166 533; x_wconf 77' lang='lat' dir='ltr'><strong>planetarum</strong></span> <span class='ocrx_word' id='word_1_19' title='bbox 3220 465 3561 521; x_wconf 82' lang='lat' dir='ltr'><strong>constituere</strong></span> 
     </span>
    </p>
   </div>
   <div class='ocr_carea' id='block_1_6' title="bbox 312 551 1884 625">
    <p class='ocr_par' dir='ltr' id='par_1_6' title="bbox 312 551 1884 625">
     <span class='ocr_line' id='line_1_6' title="bbox 312 551 1884 625; baseline -0.005 -15"><span class='ocrx_word' id='word_1_20' title='bbox 312 558 381 611; x_wconf 81' lang='grc' dir='ltr'>ἄν</span> <span class='ocrx_word' id='word_1_21' title='bbox 421 574 505 620; x_wconf 87' lang='grc' dir='ltr'><strong>τις</strong></span> <span class='ocrx_word' id='word_1_22' title='bbox 542 555 695 625; x_wconf 74' lang='grc' dir='ltr'>εὖροι</span> <span class='ocrx_word' id='word_1_23' title='bbox 749 555 1046 619; x_wconf 77' lang='grc' dir='ltr'><strong>συνθέσεις,</strong></span> <span class='ocrx_word' id='word_1_24' title='bbox 1079 553 1360 624; x_wconf 75' lang='grc' dir='ltr'>βουληθεὶς</span> <span class='ocrx_word' id='word_1_25' title='bbox 1399 551 1601 618; x_wconf 75' lang='grc' dir='ltr'>ζητεῖν,</span> <span class='ocrx_word' id='word_1_26' title='bbox 1653 551 1884 604; x_wconf 80' lang='grc' dir='ltr'>καὶτῶν</span> 
     </span>
    </p>
   </div>
   <div class='ocr_carea' id='block_1_7' title="bbox 315 642 1885 715">
    <p class='ocr_par' dir='ltr' id='par_1_7' title="bbox 315 642 1885 715">
     <span class='ocr_line' id='line_1_7' title="bbox 315 642 1885 715; baseline -0.004 -12"><span class='ocrx_word' id='word_1_27' title='bbox 315 649 490 703; x_wconf 82' lang='grc' dir='ltr'>ἀλλων</span> <span class='ocrx_word' id='word_1_28' title='bbox 519 646 795 701; x_wconf 83' lang='grc' dir='ltr'><strong>ἀπλανῶν.</strong></span> <span class='ocrx_word' id='word_1_29' title='bbox 832 649 894 699; x_wconf 79' lang='lat' dir='ltr'><strong>Et</strong></span> <span class='ocrx_word' id='word_1_30' title='bbox 917 645 973 699; x_wconf 82' lang='grc' dir='ltr'><strong>δὲ</strong></span> <span class='ocrx_word' id='word_1_31' title='bbox 1003 647 1084 699; x_wconf 80' lang='grc' dir='ltr'>ὅτι</span> <span class='ocrx_word' id='word_1_32' title='bbox 1129 644 1264 715; x_wconf 89' lang='grc' dir='ltr'>μόνα</span> <span class='ocrx_word' id='word_1_33' title='bbox 1287 642 1357 697; x_wconf 84' lang='grc' dir='ltr'><strong>τά</strong></span> <span class='ocrx_word' id='word_1_34' title='bbox 1389 644 1557 708; x_wconf 83' lang='grc' dir='ltr'>ζώδια</span> <span class='ocrx_word' id='word_1_35' title='bbox 1609 646 1723 705; x_wconf 78' lang='grc' dir='ltr'>τοῖς</span> <span class='ocrx_word' id='word_1_36' title='bbox 1753 642 1885 696; x_wconf 87' lang='grc' dir='ltr'>πλά-</span> 
     </span>
    </p>
   </div>
   <div class='ocr_carea' id='block_1_8' title="bbox 314 734 1885 809">
    <p class='ocr_par' dir='ltr' id='par_1_8' title="bbox 314 734 1885 809">
     <span class='ocr_line' id='line_1_8' title="bbox 314 734 1885 809; baseline -0.002 -20"><span class='ocrx_word' id='word_1_37' title='bbox 314 756 469 809; x_wconf 87' lang='grc' dir='ltr'>νησιν</span> <span class='ocrx_word' id='word_1_38' title='bbox 504 740 585 798; x_wconf 74' lang='grc' dir='ltr'>εἰς</span> <span class='ocrx_word' id='word_1_39' title='bbox 618 738 687 791; x_wconf 90' lang='grc' dir='ltr'><strong>τά</strong></span> <span class='ocrx_word' id='word_1_40' title='bbox 718 738 1137 807; x_wconf 77' lang='grc' dir='ltr'><strong>ἀποτελέσματα</strong></span> <span class='ocrx_word' id='word_1_41' title='bbox 1186 738 1456 807; x_wconf 84' lang='grc' dir='ltr'>συνεργεῖ,</span> <span class='ocrx_word' id='word_1_42' title='bbox 1484 735 1574 788; x_wconf 73' lang='grc' dir='ltr'><strong>διὰ</strong></span> <span class='ocrx_word' id='word_1_43' title='bbox 1593 736 1647 787; x_wconf 86' lang='grc' dir='ltr'>τί</span> <span class='ocrx_word' id='word_1_44' title='bbox 1675 734 1749 805; x_wconf 83' lang='grc' dir='ltr'>μὴ</span> <span class='ocrx_word' id='word_1_45' title='bbox 1788 735 1885 787; x_wconf 67' lang='grc' dir='ltr'>καὶ</span> 
     </span>
    </p>
   </div>
   <div class='ocr_carea' id='block_1_9' title="bbox 311 824 1881 900">
    <p class='ocr_par' dir='ltr' id='par_1_9' title="bbox 311 824 1881 900">
     <span class='ocr_line' id='line_1_9' title="bbox 311 824 1881 900; baseline -0.004 -16"><span class='ocrx_word' id='word_1_46' title='bbox 311 835 356 884; x_wconf 84' lang='lat' dir='ltr'><strong>oi</strong></span> <span class='ocrx_word' id='word_1_47' title='bbox 387 832 661 900; x_wconf 79' lang='grc' dir='ltr'><strong>πλάνητες</strong></span> <span class='ocrx_word' id='word_1_48' title='bbox 689 824 828 882; x_wconf 77' lang='grc' dir='ltr'>οἶκοι</span> <span class='ocrx_word' id='word_1_49' title='bbox 858 829 967 882; x_wconf 83' lang='grc' dir='ltr'><strong>τῶν</strong></span> <span class='ocrx_word' id='word_1_50' title='bbox 1001 829 1206 891; x_wconf 74' lang='grc' dir='ltr'>ζωδίων</span> <span class='ocrx_word' id='word_1_51' title='bbox 1237 828 1626 897; x_wconf 75' lang='grc' dir='ltr'>συνεργοῦντες</span> <span class='ocrx_word' id='word_1_52' title='bbox 1658 826 1881 891; x_wconf 80' lang='grc' dir='ltr'>αὑτοίςς</span> 
     </span>
    </p>
   </div>
   <div class='ocr_carea' id='block_1_10' title="bbox 313 918 1885 989">
    <p class='ocr_par' dir='ltr' id='par_1_10' title="bbox 313 918 1885 989">
     <span class='ocr_line' id='line_1_10' title="bbox 313 918 1885 989; baseline -0.004 -13"><span class='ocrx_word' id='word_1_53' title='bbox 313 923 444 977; x_wconf 78' lang='grc' dir='ltr'><strong>εἰδὲ</strong></span> <span class='ocrx_word' id='word_1_54' title='bbox 472 922 610 975; x_wconf 81' lang='grc' dir='ltr'><strong>διότι</strong></span> <span class='ocrx_word' id='word_1_55' title='bbox 640 921 739 985; x_wconf 80' lang='grc' dir='ltr'>τὰς</span> <span class='ocrx_word' id='word_1_56' title='bbox 777 921 889 973; x_wconf 87' lang='grc' dir='ltr'><strong>τῶν</strong></span> <span class='ocrx_word' id='word_1_57' title='bbox 922 921 1129 984; x_wconf 59' lang='lat' dir='ltr'><strong>quam</strong></span> <span class='ocrx_word' id='word_1_58' title='bbox 1177 920 1459 989; x_wconf 79' lang='grc' dir='ltr'><strong>ἐνεργείας</strong></span> <span class='ocrx_word' id='word_1_59' title='bbox 1503 918 1597 971; x_wconf 75' lang='lat' dir='ltr'><strong>xa‘t</strong></span> <span class='ocrx_word' id='word_1_60' title='bbox 1646 919 1885 987; x_wconf 78' lang='grc' dir='ltr'><strong>ἀκύρους</strong></span> 
     </span>
    </p>
   </div>
   <div class='ocr_carea' id='block_1_11' title="bbox 313 1007 1886 1081">
    <p class='ocr_par' dir='ltr' id='par_1_11' title="bbox 313 1007 1886 1081">
     <span class='ocr_line' id='line_1_11' title="bbox 313 1007 1886 1081; baseline -0.005 -14"><span class='ocrx_word' id='word_1_61' title='bbox 313 1014 407 1067; x_wconf 76' lang='grc' dir='ltr'>καὶ</span> <span class='ocrx_word' id='word_1_62' title='bbox 453 1015 701 1081; x_wconf 81' lang='grc' dir='ltr'>ὲνεργείς</span> <span class='ocrx_word' id='word_1_63' title='bbox 741 1012 995 1065; x_wconf 85' lang='grc' dir='ltr'>δύνανται</span> <span class='ocrx_word' id='word_1_64' title='bbox 1052 1011 1250 1074; x_wconf 80' lang='grc' dir='ltr'><strong>ποιεῖν,</strong></span> <span class='ocrx_word' id='word_1_65' title='bbox 1295 1008 1424 1081; x_wconf 75' lang='grc'><strong>[672</strong></span> <span class='ocrx_word' id='word_1_66' title='bbox 1464 1008 1556 1080; x_wconf 68' lang='lat' dir='ltr'><strong>IL]</strong></span> <span class='ocrx_word' id='word_1_67' title='bbox 1607 1008 1722 1071; x_wconf 85' lang='grc' dir='ltr'><strong>πῶς</strong></span> <span class='ocrx_word' id='word_1_68' title='bbox 1760 1007 1886 1075; x_wconf 69' lang='grc' dir='ltr'><strong>οὐχὶ</strong></span> 
     </span>
    </p>
   </div>
   <div class='ocr_carea' id='block_1_12' title="bbox 314 1098 1884 1174">
    <p class='ocr_par' dir='ltr' id='par_1_12' title="bbox 314 1098 1884 1174">
     <span class='ocr_line' id='line_1_12' title="bbox 314 1098 1884 1174; baseline -0.004 -17"><span class='ocrx_word' id='word_1_69' title='bbox 314 1106 410 1157; x_wconf 75' lang='grc' dir='ltr'><strong>καὶ</strong></span> <span class='ocrx_word' id='word_1_70' title='bbox 437 1100 682 1174; x_wconf 79' lang='grc' dir='ltr'>ἀλλήλων</span> <span class='ocrx_word' id='word_1_71' title='bbox 719 1099 856 1155; x_wconf 80' lang='grc' dir='ltr'>οἶκοί</span> <span class='ocrx_word' id='word_1_72' title='bbox 892 1105 1019 1161; x_wconf 83' lang='grc' dir='ltr'>εἱσι.</span> <span class='ocrx_word' id='word_1_73' title='bbox 1053 1104 1167 1162; x_wconf 84' lang='grc' dir='ltr'>τοῖς</span> <span class='ocrx_word' id='word_1_74' title='bbox 1205 1100 1455 1169; x_wconf 85' lang='grc' dir='ltr'>ἀλλήλων</span> <span class='ocrx_word' id='word_1_75' title='bbox 1483 1098 1884 1168; x_wconf 78' lang='grc' dir='ltr'>ἀποτελέσμασι</span> 
     </span>
    </p>
   </div>
   <div class='ocr_carea' id='block_1_13' title="bbox 313 1190 1884 1262">
    <p class='ocr_par' dir='ltr' id='par_1_13' title="bbox 313 1190 1884 1262">
     <span class='ocr_line' id='line_1_13' title="bbox 313 1190 1884 1262; baseline -0.003 -15"><span class='ocrx_word' id='word_1_76' title='bbox 313 1197 406 1248; x_wconf 71' lang='lat' dir='ltr'><strong>ml.</strong></span> <span class='ocrx_word' id='word_1_77' title='bbox 436 1195 601 1262; x_wconf 82' lang='grc' dir='ltr'><strong>κῦρος</strong></span> <span class='ocrx_word' id='word_1_78' title='bbox 626 1194 719 1247; x_wconf 78' lang='grc' dir='ltr'>καὶ</span> <span class='ocrx_word' id='word_1_79' title='bbox 742 1192 1037 1246; x_wconf 81' lang='grc' dir='ltr'><strong>κατάλυσιν</strong></span> <span class='ocrx_word' id='word_1_80' title='bbox 1066 1192 1320 1258; x_wconf 74' lang='grc' dir='ltr'>ἐπάγειν,</span> <span class='ocrx_word' id='word_1_81' title='bbox 1347 1190 1421 1252; x_wconf 82' lang='grc' dir='ltr'>ὥς</span> <span class='ocrx_word' id='word_1_82' title='bbox 1456 1208 1643 1258; x_wconf 81' lang='grc' dir='ltr'>φασιν,</span> <span class='ocrx_word' id='word_1_83' title='bbox 1678 1190 1884 1259; x_wconf 83' lang='grc' dir='ltr'>ἰσχύον-</span> 
     </span>
    </p>
   </div>
   <div class='ocr_carea' id='block_1_14' title="bbox 319 1281 1881 1354">
    <p class='ocr_par' dir='ltr' id='par_1_14' title="bbox 319 1281 1881 1354">
     <span class='ocr_line' id='line_1_14' title="bbox 319 1281 1881 1354; baseline -0.003 -16"><span class='ocrx_word' id='word_1_84' title='bbox 319 1302 432 1351; x_wconf 74' lang='lat' dir='ltr'><strong>ccc;</strong></span> <span class='ocrx_word' id='word_1_85' title='bbox 463 1284 579 1347; x_wconf 89' lang='grc' dir='ltr'><strong>πῶς</strong></span> <span class='ocrx_word' id='word_1_86' title='bbox 610 1285 667 1337; x_wconf 78' lang='grc' dir='ltr'><strong>δὲ</strong></span> <span class='ocrx_word' id='word_1_87' title='bbox 703 1284 839 1354; x_wconf 87' lang='grc' dir='ltr'>μόνα</span> <span class='ocrx_word' id='word_1_88' title='bbox 871 1284 940 1336; x_wconf 83' lang='grc' dir='ltr'>τὰ</span> <span class='ocrx_word' id='word_1_89' title='bbox 969 1283 1136 1346; x_wconf 82' lang='grc' dir='ltr'>ζώδια</span> <span class='ocrx_word' id='word_1_90' title='bbox 1163 1285 1275 1344; x_wconf 84' lang='grc' dir='ltr'>τοῖς</span> <span class='ocrx_word' id='word_1_91' title='bbox 1305 1281 1546 1350; x_wconf 88' lang='grc' dir='ltr'>πλάνησι</span> <span class='ocrx_word' id='word_1_92' title='bbox 1595 1283 1881 1349; x_wconf 87' lang='grc' dir='ltr'>συνεργεῖ;</span> 
     </span>
    </p>
   </div>
   <div class='ocr_carea' id='block_1_15' title="bbox 312 1371 1883 1445">
    <p class='ocr_par' dir='ltr' id='par_1_15' title="bbox 312 1371 1883 1445">
     <span class='ocr_line' id='line_1_15' title="bbox 312 1371 1883 1445; baseline -0.002 -17"><span class='ocrx_word' id='word_1_93' title='bbox 312 1372 424 1444; x_wconf 84' lang='grc' dir='ltr'>ἆρα</span> <span class='ocrx_word' id='word_1_94' title='bbox 454 1374 681 1445; x_wconf 82' lang='grc' dir='ltr'>μάταιός</span> <span class='ocrx_word' id='word_1_95' title='bbox 736 1375 884 1426; x_wconf 71' lang='grc' dir='ltr'>ἐστιν</span> <span class='ocrx_word' id='word_1_96' title='bbox 930 1375 959 1426; x_wconf 98' lang='lat'><strong>6</strong></span> <span class='ocrx_word' id='word_1_97' title='bbox 1004 1373 1187 1435; x_wconf 82' lang='grc' dir='ltr'>λοιπὸς</span> <span class='ocrx_word' id='word_1_98' title='bbox 1236 1372 1344 1425; x_wconf 87' lang='grc' dir='ltr'><strong>τῶν</strong></span> <span class='ocrx_word' id='word_1_99' title='bbox 1374 1371 1633 1425; x_wconf 81' lang='grc' dir='ltr'><strong>ἀπλανῶν</strong></span> <span class='ocrx_word' id='word_1_100' title='bbox 1684 1372 1883 1442; x_wconf 85' lang='grc' dir='ltr'>χορός;</span> 
     </span>
    </p>
   </div>
   <div class='ocr_carea' id='block_1_16' title="bbox 312 1464 1885 1532">
    <p class='ocr_par' dir='ltr' id='par_1_16' title="bbox 312 1464 1885 1532">
     <span class='ocr_line' id='line_1_16' title="bbox 312 1464 1885 1532; baseline -0.004 -14"><span class='ocrx_word' id='word_1_101' title='bbox 312 1466 429 1527; x_wconf 86' lang='grc' dir='ltr'><strong>πῶς</strong></span> <span class='ocrx_word' id='word_1_102' title='bbox 469 1465 527 1517; x_wconf 87' lang='grc' dir='ltr'>δὲ</span> <span class='ocrx_word' id='word_1_103' title='bbox 566 1466 693 1527; x_wconf 78' lang='grc' dir='ltr'>τοὺς</span> <span class='ocrx_word' id='word_1_104' title='bbox 735 1464 1013 1532; x_wconf 81' lang='grc' dir='ltr'>πλάνητας</span> <span class='ocrx_word' id='word_1_105' title='bbox 1064 1464 1415 1531; x_wconf 81' lang='grc' dir='ltr'>ἀγαθοποιεῑν</span> <span class='ocrx_word' id='word_1_106' title='bbox 1442 1464 1537 1516; x_wconf 76' lang='grc' dir='ltr'>καὶ</span> <span class='ocrx_word' id='word_1_107' title='bbox 1571 1465 1885 1516; x_wconf 79' lang='grc' dir='ltr'>κακοποιεῖν</span> 
     </span>
    </p>
   </div>
   <div class='ocr_carea' id='block_1_17' title="bbox 313 1550 1885 1625">
    <p class='ocr_par' dir='ltr' id='par_1_17' title="bbox 313 1550 1885 1625">
     <span class='ocr_line' id='line_1_17' title="bbox 313 1550 1885 1625; baseline -0.002 -17"><span class='ocrx_word' id='word_1_108' title='bbox 313 1556 447 1619; x_wconf 80' lang='grc' dir='ltr'>ὅλως</span> <span class='ocrx_word' id='word_1_109' title='bbox 477 1553 735 1609; x_wconf 83' lang='grc' dir='ltr'>δύνασθαί</span> <span class='ocrx_word' id='word_1_110' title='bbox 769 1572 968 1623; x_wconf 83' lang='grc' dir='ltr'>φασιν;</span> <span class='ocrx_word' id='word_1_111' title='bbox 999 1550 1108 1625; x_wconf 84' lang='grc' dir='ltr'>ἆρα</span> <span class='ocrx_word' id='word_1_112' title='bbox 1148 1553 1235 1607; x_wconf 86' lang='grc' dir='ltr'>διὰ</span> <span class='ocrx_word' id='word_1_113' title='bbox 1267 1554 1328 1605; x_wconf 80' lang='grc' dir='ltr'>τὸ</span> <span class='ocrx_word' id='word_1_114' title='bbox 1360 1553 1627 1606; x_wconf 87' lang='grc' dir='ltr'>κινεῖσθαι</span> <span class='ocrx_word' id='word_1_115' title='bbox 1649 1570 1665 1616; x_wconf 87' lang='grc'>;</span> <span class='ocrx_word' id='word_1_116' title='bbox 1689 1552 1885 1606; x_wconf 80' lang='grc' dir='ltr'>οὐκοῦν</span> 
     </span>
    </p>
   </div>
   <div class='ocr_carea' id='block_1_18' title="bbox 313 1642 1883 1715">
    <p class='ocr_par' dir='ltr' id='par_1_18' title="bbox 313 1642 1883 1715">
     <span class='ocr_line' id='line_1_18' title="bbox 313 1642 1883 1715; baseline -0.003 -16"><span class='ocrx_word' id='word_1_117' title='bbox 313 1647 419 1699; x_wconf 88' lang='grc' dir='ltr'><strong>τῶν</strong></span> <span class='ocrx_word' id='word_1_118' title='bbox 447 1646 511 1715; x_wconf 76' lang='grc' dir='ltr'><strong>ιβ’</strong></span> <span class='ocrx_word' id='word_1_119' title='bbox 544 1645 748 1710; x_wconf 76' lang='grc' dir='ltr'>ζωδίων</span> <span class='ocrx_word' id='word_1_120' title='bbox 786 1645 942 1698; x_wconf 73' lang='grc' dir='ltr'>οὐδὲν</span> <span class='ocrx_word' id='word_1_121' title='bbox 979 1645 1104 1697; x_wconf 75' lang='grc' dir='ltr'>οὔτε</span> <span class='ocrx_word' id='word_1_122' title='bbox 1140 1644 1535 1713; x_wconf 85' lang='grc' dir='ltr'>ἀγαθοποιήσει</span> <span class='ocrx_word' id='word_1_123' title='bbox 1561 1642 1685 1697; x_wconf 71' lang='grc' dir='ltr'>οὔτε</span> <span class='ocrx_word' id='word_1_124' title='bbox 1715 1660 1883 1696; x_wconf 80' lang='grc' dir='ltr'>κακο-</span> 
     </span>
    </p>
   </div>
   <div class='ocr_carea' id='block_1_19' title="bbox 313 1733 1883 1805">
    <p class='ocr_par' dir='ltr' id='par_1_19' title="bbox 313 1733 1883 1805">
     <span class='ocr_line' id='line_1_19' title="bbox 313 1733 1883 1805; baseline -0.002 -16"><span class='ocrx_word' id='word_1_125' title='bbox 313 1738 558 1805; x_wconf 81' lang='grc' dir='ltr'>ποιήσει·</span> <span class='ocrx_word' id='word_1_126' title='bbox 599 1736 712 1789; x_wconf 88' lang='grc' dir='ltr'>ἀλλ’</span> <span class='ocrx_word' id='word_1_127' title='bbox 750 1735 870 1787; x_wconf 81' lang='grc' dir='ltr'><strong>οὑδὲ</strong></span> <span class='ocrx_word' id='word_1_128' title='bbox 917 1750 1002 1798; x_wconf 90' lang='grc' dir='ltr'><strong>τις</strong></span> <span class='ocrx_word' id='word_1_129' title='bbox 1038 1735 1195 1797; x_wconf 83' lang='grc' dir='ltr'>ἄλλος</span> <span class='ocrx_word' id='word_1_130' title='bbox 1250 1733 1359 1788; x_wconf 89' lang='grc' dir='ltr'><strong>τῶν</strong></span> <span class='ocrx_word' id='word_1_131' title='bbox 1400 1734 1679 1788; x_wconf 83' lang='grc' dir='ltr'>ἀπλανῶν.</span> <span class='ocrx_word' id='word_1_132' title='bbox 1720 1735 1784 1787; x_wconf 76' lang='grc' dir='ltr'><strong>Εἰ</strong></span> <span class='ocrx_word' id='word_1_133' title='bbox 1827 1733 1883 1786; x_wconf 80' lang='grc' dir='ltr'><strong>δὲ</strong></span> 
     </span>
    </p>
   </div>
   <div class='ocr_carea' id='block_1_20' title="bbox 1988 550 3561 626">
    <p class='ocr_par' dir='ltr' id='par_1_20' title="bbox 1988 550 3561 626">
     <span class='ocr_line' id='line_1_20' title="bbox 1988 550 3561 626; baseline 0.004 -21"><span class='ocrx_word' id='word_1_134' title='bbox 1988 550 2208 605; x_wconf 88' lang='lat' dir='ltr'><strong>domum</strong></span> <span class='ocrx_word' id='word_1_135' title='bbox 2240 554 2494 621; x_wconf 72' lang='lat' dir='ltr'><strong>astrologi</strong></span> <span class='ocrx_word' id='word_1_136' title='bbox 2522 566 2810 623; x_wconf 75' lang='lat' dir='ltr'><strong>coguntur.</strong></span> <span class='ocrx_word' id='word_1_137' title='bbox 2839 554 3033 611; x_wconf 77' lang='lat' dir='ltr'><strong>Multas</strong></span> <span class='ocrx_word' id='word_1_138' title='bbox 3051 557 3223 621; x_wconf 87' lang='lat' dir='ltr'><strong>enim,</strong></span> <span class='ocrx_word' id='word_1_139' title='bbox 3259 557 3351 626; x_wconf 86' lang='lat' dir='ltr'><strong>qui</strong></span> <span class='ocrx_word' id='word_1_140' title='bbox 3406 558 3561 612; x_wconf 83' lang='lat' dir='ltr'><strong>inve-</strong></span> 
     </span>
    </p>
   </div>
   <div class='ocr_carea' id='block_1_21' title="bbox 1989 643 3563 716">
    <p class='ocr_par' dir='ltr' id='par_1_21' title="bbox 1989 643 3563 716">
     <span class='ocr_line' id='line_1_21' title="bbox 1989 643 3563 716; baseline 0.003 -19"><span class='ocrx_word' id='word_1_141' title='bbox 1989 644 2194 711; x_wconf 78' lang='lat' dir='ltr'><strong>stigare</strong></span> <span class='ocrx_word' id='word_1_142' title='bbox 2219 643 2367 706; x_wconf 84' lang='lat' dir='ltr'><strong>velit,</strong></span> <span class='ocrx_word' id='word_1_143' title='bbox 2414 644 2578 697; x_wconf 84' lang='lat' dir='ltr'><strong>etiam</strong></span> <span class='ocrx_word' id='word_1_144' title='bbox 2618 645 2845 699; x_wconf 84' lang='lat' dir='ltr'><strong>aliarum</strong></span> <span class='ocrx_word' id='word_1_145' title='bbox 2878 646 3107 701; x_wconf 81' lang='lat' dir='ltr'><strong>lixarum</strong></span> <span class='ocrx_word' id='word_1_146' title='bbox 3142 647 3563 716; x_wconf 84' lang='lat' dir='ltr'><strong>compositiones</strong></span> 
     </span>
    </p>
   </div>
   <div class='ocr_carea' id='block_1_22' title="bbox 1988 734 3557 806">
    <p class='ocr_par' dir='ltr' id='par_1_22' title="bbox 1988 734 3557 806">
     <span class='ocr_line' id='line_1_22' title="bbox 1988 734 3557 806; baseline 0.003 -19"><span class='ocrx_word' id='word_1_147' title='bbox 1988 737 2239 802; x_wconf 88' lang='lat' dir='ltr'><strong>reperiat.</strong></span> <span class='ocrx_word' id='word_1_148' title='bbox 2261 734 2358 788; x_wconf 88' lang='lat' dir='ltr'><strong>Sin</strong></span> <span class='ocrx_word' id='word_1_149' title='bbox 2393 736 2538 804; x_wconf 92' lang='lat' dir='ltr'><strong>quod</strong></span> <span class='ocrx_word' id='word_1_150' title='bbox 2582 736 2740 790; x_wconf 62' lang='lat' dir='ltr'><strong>nulla!</strong></span> <span class='ocrx_word' id='word_1_151' title='bbox 2776 748 2972 806; x_wconf 65' lang='lat' dir='ltr'><strong>praeter</strong></span> <span class='ocrx_word' id='word_1_152' title='bbox 3017 739 3223 793; x_wconf 86' lang='lat' dir='ltr'><strong>zodiaci</strong></span> <span class='ocrx_word' id='word_1_153' title='bbox 3271 740 3425 805; x_wconf 80' lang='lat' dir='ltr'><strong>signa</strong></span> <span class='ocrx_word' id='word_1_154' title='bbox 3454 753 3557 792; x_wconf 88' lang='lat' dir='ltr'><strong>una</strong></span> 
     </span>
    </p>
   </div>
   <div class='ocr_carea' id='block_1_23' title="bbox 1987 825 3558 898">
    <p class='ocr_par' dir='ltr' id='par_1_23' title="bbox 1987 825 3558 898">
     <span class='ocr_line' id='line_1_23' title="bbox 1987 825 3558 898; baseline 0.003 -21"><span class='ocrx_word' id='word_1_155' title='bbox 1987 839 2109 879; x_wconf 88' lang='lat' dir='ltr'><strong>cum</strong></span> <span class='ocrx_word' id='word_1_156' title='bbox 2155 825 2388 892; x_wconf 73' lang='lat' dir='ltr'><strong>planetis</strong></span> <span class='ocrx_word' id='word_1_157' title='bbox 2426 826 2654 881; x_wconf 86' lang='lat' dir='ltr'><strong>ell&#39;ectus</strong></span> <span class='ocrx_word' id='word_1_158' title='bbox 2697 827 2894 883; x_wconf 77' lang='lat' dir='ltr'><strong>fatales</strong></span> <span class='ocrx_word' id='word_1_159' title='bbox 2920 838 3256 898; x_wconf 80' lang='lat' dir='ltr'><strong>operentur,</strong></span> <span class='ocrx_word' id='word_1_160' title='bbox 3302 842 3404 883; x_wconf 88' lang='lat' dir='ltr'><strong>cur</strong></span> <span class='ocrx_word' id='word_1_161' title='bbox 3454 844 3558 882; x_wconf 89' lang='lat' dir='ltr'><strong>non</strong></span> 
     </span>
    </p>
   </div>
   <div class='ocr_carea' id='block_1_24' title="bbox 1984 904 3595 990">
    <p class='ocr_par' dir='ltr' id='par_1_24' title="bbox 1984 904 3595 990">
     <span class='ocr_line' id='line_1_24' title="bbox 1984 904 3595 990; baseline 0.003 -24"><span class='ocrx_word' id='word_1_162' title='bbox 1984 925 2040 967; x_wconf 89' lang='lat' dir='ltr'><strong>et</strong></span> <span class='ocrx_word' id='word_1_163' title='bbox 2063 916 2290 983; x_wconf 77' lang='lat' dir='ltr'><strong>planetae</strong></span> <span class='ocrx_word' id='word_1_164' title='bbox 2318 916 2513 971; x_wconf 87' lang='lat' dir='ltr'><strong>domus</strong></span> <span class='ocrx_word' id='word_1_165' title='bbox 2542 926 2670 971; x_wconf 85' lang='lat' dir='ltr'><strong>sunt</strong></span> <span class='ocrx_word' id='word_1_166' title='bbox 2701 919 2977 987; x_wconf 84' lang='lat' dir='ltr'><strong>signorum</strong></span> <span class='ocrx_word' id='word_1_167' title='bbox 3003 919 3332 985; x_wconf 73' lang='lat' dir='ltr'><strong>cmlestium,</strong></span> <span class='ocrx_word' id='word_1_168' title='bbox 3367 934 3561 990; x_wconf 86' lang='lat' dir='ltr'><strong>quem—</strong></span> <span class='ocrx_word' id='word_1_169' title='bbox 3594 904 3595 911; x_wconf 23' lang='lat'>‘</span> 
     </span>
    </p>
   </div>
   <div class='ocr_carea' id='block_1_25' title="bbox 1986 1006 3593 1079">
    <p class='ocr_par' dir='ltr' id='par_1_25' title="bbox 1986 1006 3593 1079">
     <span class='ocr_line' id='line_1_25' title="bbox 1986 1006 3593 1079; baseline 0.003 -22"><span class='ocrx_word' id='word_1_170' title='bbox 1986 1006 2275 1059; x_wconf 81' lang='lat' dir='ltr'><strong>admodum</strong></span> <span class='ocrx_word' id='word_1_171' title='bbox 2328 1021 2453 1060; x_wconf 90' lang='lat' dir='ltr'><strong>cum</strong></span> <span class='ocrx_word' id='word_1_172' title='bbox 2516 1008 2621 1061; x_wconf 85' lang='lat' dir='ltr'><strong>illis</strong></span> <span class='ocrx_word' id='word_1_173' title='bbox 2650 1023 2754 1061; x_wconf 89' lang='lat' dir='ltr'><strong>una</strong></span> <span class='ocrx_word' id='word_1_174' title='bbox 2789 1012 3123 1075; x_wconf 76' lang='lat' dir='ltr'><strong>operantur?</strong></span> <span class='ocrx_word' id='word_1_175' title='bbox 3153 1009 3250 1064; x_wconf 86' lang='lat' dir='ltr'><strong>Sin</strong></span> <span class='ocrx_word' id='word_1_176' title='bbox 3280 1010 3418 1065; x_wconf 86' lang='lat' dir='ltr'><strong>forte</strong></span> <span class='ocrx_word' id='word_1_177' title='bbox 3445 1010 3593 1079; x_wconf 78' lang='lat' dir='ltr'><strong>pro-&#39;</strong></span> 
     </span>
    </p>
   </div>
   <div class='ocr_carea' id='block_1_26' title="bbox 1989 1097 3595 1169">
    <p class='ocr_par' dir='ltr' id='par_1_26' title="bbox 1989 1097 3595 1169">
     <span class='ocr_line' id='line_1_26' title="bbox 1989 1097 3595 1169; baseline 0.002 -20"><span class='ocrx_word' id='word_1_178' title='bbox 1989 1107 2173 1164; x_wconf 85' lang='lat' dir='ltr'><strong>pterea</strong></span> <span class='ocrx_word' id='word_1_179' title='bbox 2212 1097 2355 1165; x_wconf 89' lang='lat' dir='ltr'><strong>quod</strong></span> <span class='ocrx_word' id='word_1_180' title='bbox 2389 1098 2668 1166; x_wconf 81' lang='lat' dir='ltr'><strong>signorum</strong></span> <span class='ocrx_word' id='word_1_181' title='bbox 2710 1101 3017 1155; x_wconf 62' lang='lat' dir='ltr'><strong>caelestium</strong></span> <span class='ocrx_word' id='word_1_182' title='bbox 3057 1103 3403 1169; x_wconf 89' lang='lat' dir='ltr'><strong>operationes</strong></span> <span class='ocrx_word' id='word_1_183' title='bbox 3435 1113 3563 1169; x_wconf 84' lang='lat' dir='ltr'><strong>pos-</strong></span> <span class='ocrx_word' id='word_1_184' title='bbox 3594 1166 3595 1169; x_wconf 19' lang='grc' dir='ltr'><strong>η</strong></span> 
     </span>
    </p>
   </div>
   <div class='ocr_carea' id='block_1_27' title="bbox 1988 1189 3639 1260">
    <p class='ocr_par' dir='ltr' id='par_1_27' title="bbox 1988 1189 3639 1260">
     <span class='ocr_line' id='line_1_27' title="bbox 1988 1189 3639 1260; baseline 0.002 -18"><span class='ocrx_word' id='word_1_185' title='bbox 1988 1190 2097 1242; x_wconf 88' lang='lat' dir='ltr'><strong>sint</strong></span> <span class='ocrx_word' id='word_1_186' title='bbox 2127 1189 2356 1257; x_wconf 78' lang='lat' dir='ltr'><strong>planetae</strong></span> <span class='ocrx_word' id='word_1_187' title='bbox 2386 1200 2475 1243; x_wconf 88' lang='lat' dir='ltr'><strong>aut</strong></span> <span class='ocrx_word' id='word_1_188' title='bbox 2524 1191 2729 1257; x_wconf 82' lang='lat' dir='ltr'><strong>irritas,</strong></span> <span class='ocrx_word' id='word_1_189' title='bbox 2772 1202 2865 1245; x_wconf 88' lang='lat' dir='ltr'><strong>ant</strong></span> <span class='ocrx_word' id='word_1_190' title='bbox 2891 1192 3141 1247; x_wconf 80' lang='lat' dir='ltr'><strong>eﬂlcaces</strong></span> <span class='ocrx_word' id='word_1_191' title='bbox 3175 1192 3374 1255; x_wconf 86' lang='lat' dir='ltr'><strong>facere,</strong></span> <span class='ocrx_word' id='word_1_192' title='bbox 3426 1206 3564 1260; x_wconf 88' lang='lat' dir='ltr'><strong>quo-</strong></span> <span class='ocrx_word' id='word_1_193' title='bbox 3628 1226 3639 1237; x_wconf 60' lang='grc' dir='ltr'><strong>ι</strong></span> 
     </span>
    </p>
   </div>
   <div class='ocr_carea' id='block_1_28' title="bbox 1989 1281 3560 1352">
    <p class='ocr_par' dir='ltr' id='par_1_28' title="bbox 1989 1281 3560 1352">
     <span class='ocr_line' id='line_1_28' title="bbox 1989 1281 3560 1352; baseline -0.001 -19"><span class='ocrx_word' id='word_1_194' title='bbox 1989 1284 2147 1333; x_wconf 87' lang='lat' dir='ltr'><strong>modo</strong></span> <span class='ocrx_word' id='word_1_195' title='bbox 2182 1296 2287 1334; x_wconf 91' lang='lat' dir='ltr'><strong>non</strong></span> <span class='ocrx_word' id='word_1_196' title='bbox 2318 1282 2482 1336; x_wconf 84' lang='lat' dir='ltr'><strong>etiam</strong></span> <span class='ocrx_word' id='word_1_197' title='bbox 2518 1281 2747 1335; x_wconf 85' lang='lat' dir='ltr'><strong>aliorum</strong></span> <span class='ocrx_word' id='word_1_198' title='bbox 2782 1284 2872 1337; x_wconf 85' lang='lat' dir='ltr'><strong>alii</strong></span> <span class='ocrx_word' id='word_1_199' title='bbox 2905 1285 3096 1338; x_wconf 89' lang='lat' dir='ltr'><strong>domus</strong></span> <span class='ocrx_word' id='word_1_200' title='bbox 3125 1294 3272 1349; x_wconf 88' lang='lat' dir='ltr'><strong>sunt,</strong></span> <span class='ocrx_word' id='word_1_201' title='bbox 3296 1283 3560 1352; x_wconf 80' lang='lat' dir='ltr'><strong>quemad-</strong></span> 
     </span>
    </p>
   </div>
   <div class='ocr_carea' id='block_1_29' title="bbox 1988 1370 3565 1438">
    <p class='ocr_par' dir='ltr' id='par_1_29' title="bbox 1988 1370 3565 1438">
     <span class='ocr_line' id='line_1_29' title="bbox 1988 1370 3565 1438; baseline -0.001 -12"><span class='ocrx_word' id='word_1_202' title='bbox 1988 1374 2206 1426; x_wconf 87' lang='lat' dir='ltr'><strong>modum</strong></span> <span class='ocrx_word' id='word_1_203' title='bbox 2241 1381 2456 1427; x_wconf 85' lang='lat' dir='ltr'><strong>mutuos</strong></span> <span class='ocrx_word' id='word_1_204' title='bbox 2475 1370 2728 1437; x_wconf 78' lang='lat' dir='ltr'><strong>eﬂ‘ectus,</strong></span> <span class='ocrx_word' id='word_1_205' title='bbox 2756 1382 2817 1427; x_wconf 87' lang='lat' dir='ltr'><strong>ut</strong></span> <span class='ocrx_word' id='word_1_206' title='bbox 2857 1374 2932 1427; x_wconf 89' lang='lat' dir='ltr'><strong>illi</strong></span> <span class='ocrx_word' id='word_1_207' title='bbox 2964 1374 3227 1438; x_wconf 77' lang='lat' dir='ltr'><strong>fatentur,</strong></span> <span class='ocrx_word' id='word_1_208' title='bbox 3259 1386 3314 1428; x_wconf 89' lang='lat' dir='ltr'><strong>et</strong></span> <span class='ocrx_word' id='word_1_209' title='bbox 3338 1383 3487 1427; x_wconf 82' lang='lat' dir='ltr'><strong>ratos</strong></span> <span class='ocrx_word' id='word_1_210' title='bbox 3508 1381 3565 1425; x_wconf 87' lang='lat' dir='ltr'><strong>et</strong></span> 
     </span>
    </p>
   </div>
   <div class='ocr_carea' id='block_1_30' title="bbox 1987 1461 3562 1532">
    <p class='ocr_par' dir='ltr' id='par_1_30' title="bbox 1987 1461 3562 1532">
     <span class='ocr_line' id='line_1_30' title="bbox 1987 1461 3562 1532; baseline 0 -18"><span class='ocrx_word' id='word_1_211' title='bbox 1987 1464 2174 1518; x_wconf 85' lang='lat' dir='ltr'><strong>irritos</strong></span> <span class='ocrx_word' id='word_1_212' title='bbox 2206 1463 2431 1519; x_wconf 85' lang='lat' dir='ltr'><strong>reddere</strong></span> <span class='ocrx_word' id='word_1_213' title='bbox 2459 1464 2698 1531; x_wconf 81' lang='lat' dir='ltr'><strong>queunt?</strong></span> <span class='ocrx_word' id='word_1_214' title='bbox 2737 1462 3018 1529; x_wconf 85' lang='lat' dir='ltr'><strong>Quomodo</strong></span> <span class='ocrx_word' id='word_1_215' title='bbox 3065 1464 3194 1517; x_wconf 88' lang='lat' dir='ltr'><strong>item</strong></span> <span class='ocrx_word' id='word_1_216' title='bbox 3241 1463 3355 1517; x_wconf 81' lang='lat' dir='ltr'><strong>sola</strong></span> <span class='ocrx_word' id='word_1_217' title='bbox 3390 1461 3562 1532; x_wconf 77' lang='lat' dir='ltr'><strong>signi-</strong></span> 
     </span>
    </p>
   </div>
   <div class='ocr_carea' id='block_1_31' title="bbox 1988 1550 3562 1628">
    <p class='ocr_par' dir='ltr' id='par_1_31' title="bbox 1988 1550 3562 1628">
     <span class='ocr_line' id='line_1_31' title="bbox 1988 1550 3562 1628; baseline 0.002 -19"><span class='ocrx_word' id='word_1_218' title='bbox 1988 1556 2088 1611; x_wconf 88' lang='lat' dir='ltr'><strong>feri</strong></span> <span class='ocrx_word' id='word_1_219' title='bbox 2131 1550 2283 1626; x_wconf 69' lang='lat' dir='ltr'><strong>signa</strong></span> <span class='ocrx_word' id='word_1_220' title='bbox 2325 1556 2563 1625; x_wconf 86' lang='lat' dir='ltr'><strong>planetis</strong></span> <span class='ocrx_word' id='word_1_221' title='bbox 2603 1559 3007 1628; x_wconf 80' lang='lat' dir='ltr'><strong>coaperantur?</strong></span> <span class='ocrx_word' id='word_1_222' title='bbox 3040 1555 3179 1612; x_wconf 79' lang='lat' dir='ltr'><strong>Num</strong></span> <span class='ocrx_word' id='word_1_223' title='bbox 3236 1572 3562 1627; x_wconf 87' lang='lat' dir='ltr'><strong>supervaca-</strong></span> 
     </span>
    </p>
   </div>
   <div class='ocr_carea' id='block_1_32' title="bbox 1988 1647 3562 1717">
    <p class='ocr_par' dir='ltr' id='par_1_32' title="bbox 1988 1647 3562 1717">
     <span class='ocr_line' id='line_1_32' title="bbox 1988 1647 3562 1717; baseline 0.003 -17"><span class='ocrx_word' id='word_1_224' title='bbox 1988 1663 2123 1702; x_wconf 87' lang='lat' dir='ltr'><strong>nens</strong></span> <span class='ocrx_word' id='word_1_225' title='bbox 2149 1657 2232 1702; x_wconf 91' lang='lat' dir='ltr'><strong>est</strong></span> <span class='ocrx_word' id='word_1_226' title='bbox 2260 1647 2502 1717; x_wconf 89' lang='lat' dir='ltr'><strong>reliquus</strong></span> <span class='ocrx_word' id='word_1_227' title='bbox 2546 1648 2777 1702; x_wconf 77' lang='lat' dir='ltr'><strong>lixarum</strong></span> <span class='ocrx_word' id='word_1_228' title='bbox 2809 1651 3018 1705; x_wconf 76' lang='lat' dir='ltr'><strong>coetus!</strong></span> <span class='ocrx_word' id='word_1_229' title='bbox 3055 1650 3336 1715; x_wconf 87' lang='lat' dir='ltr'><strong>Quomodo</strong></span> <span class='ocrx_word' id='word_1_230' title='bbox 3371 1650 3562 1704; x_wconf 74' lang='lat' dir='ltr'><strong>adhtec</strong></span> 
     </span>
    </p>
   </div>
   <div class='ocr_carea' id='block_1_33' title="bbox 1990 1738 3559 1810">
    <p class='ocr_par' dir='ltr' id='par_1_33' title="bbox 1990 1738 3559 1810">
     <span class='ocr_line' id='line_1_33' title="bbox 1990 1738 3559 1810; baseline 0.001 -18"><span class='ocrx_word' id='word_1_231' title='bbox 1990 1738 2234 1806; x_wconf 80' lang='lat' dir='ltr'><strong>planetas</strong></span> <span class='ocrx_word' id='word_1_232' title='bbox 2279 1749 2372 1793; x_wconf 89' lang='lat' dir='ltr'><strong>ant</strong></span> <span class='ocrx_word' id='word_1_233' title='bbox 2430 1740 2675 1810; x_wconf 72' lang='lat' dir='ltr'><strong>;benigne</strong></span> <span class='ocrx_word' id='word_1_234' title='bbox 2728 1740 2933 1807; x_wconf 88' lang='lat' dir='ltr'><strong>facere,</strong></span> <span class='ocrx_word' id='word_1_235' title='bbox 3001 1749 3095 1794; x_wconf 87' lang='lat' dir='ltr'><strong>aut</strong></span> <span class='ocrx_word' id='word_1_236' title='bbox 3153 1755 3351 1797; x_wconf 76' lang='lat' dir='ltr'><strong>noceae</strong></span> <span class='ocrx_word' id='word_1_237' title='bbox 3396 1756 3559 1808; x_wconf 79' lang='lat' dir='ltr'><strong>posse</strong></span> 
     </span>
    </p>
   </div>
   <div class='ocr_carea' id='block_1_34' title="bbox 313 1810 1887 1899">
    <p class='ocr_par' dir='ltr' id='par_1_34' title="bbox 313 1825 1887 1897">
     <span class='ocr_line' id='line_1_34' title="bbox 313 1825 1887 1897; baseline -0.002 -17"><span class='ocrx_word' id='word_1_238' title='bbox 313 1828 467 1891; x_wconf 84' lang='grc' dir='ltr'>διότι,</span> <span class='ocrx_word' id='word_1_239' title='bbox 496 1828 652 1897; x_wconf 75' lang='grc' dir='ltr'>φησὶ,</span> <span class='ocrx_word' id='word_1_240' title='bbox 678 1827 747 1880; x_wconf 88' lang='grc' dir='ltr'>δι’</span> <span class='ocrx_word' id='word_1_241' title='bbox 774 1828 954 1882; x_wconf 84' lang='grc' dir='ltr'>αὐτῶν</span> <span class='ocrx_word' id='word_1_242' title='bbox 982 1826 1373 1897; x_wconf 84' lang='grc' dir='ltr'>πορεύονταιοὶ</span> <span class='ocrx_word' id='word_1_243' title='bbox 1400 1827 1691 1896; x_wconf 80' lang='grc' dir='ltr'>πλάνητες,</span> <span class='ocrx_word' id='word_1_244' title='bbox 1714 1825 1887 1894; x_wconf 88' lang='grc' dir='ltr'>πολλῷ</span> 
     </span>
    </p>
   </div>
   <div class='ocr_carea' id='block_1_35' title="bbox 1992 1810 3559 1899">
    <p class='ocr_par' dir='ltr' id='par_1_35' title="bbox 1994 1830 3559 1899">
     <span class='ocr_line' id='line_1_35' title="bbox 1994 1830 3559 1899; baseline 0.002 -18"><span class='ocrx_word' id='word_1_245' title='bbox 1994 1830 2292 1884; x_wconf 82' lang='lat' dir='ltr'><strong>asserunt?</strong></span> <span class='ocrx_word' id='word_1_246' title='bbox 2328 1843 2394 1884; x_wconf 88' lang='lat' dir='ltr'><strong>an</strong></span> <span class='ocrx_word' id='word_1_247' title='bbox 2422 1841 2645 1899; x_wconf 85' lang='lat' dir='ltr'><strong>propter</strong></span> <span class='ocrx_word' id='word_1_248' title='bbox 2692 1842 2897 1885; x_wconf 90' lang='lat' dir='ltr'><strong>motum</strong></span> <span class='ocrx_word' id='word_1_249' title='bbox 2923 1832 2945 1885; x_wconf 90' lang='lat'><strong>?</strong></span> <span class='ocrx_word' id='word_1_250' title='bbox 2974 1830 3190 1884; x_wconf 85' lang='lat' dir='ltr'><strong>Nullum</strong></span> <span class='ocrx_word' id='word_1_251' title='bbox 3235 1831 3398 1899; x_wconf 76' lang='lat' dir='ltr'><strong>igitur</strong></span> <span class='ocrx_word' id='word_1_252' title='bbox 3428 1844 3458 1884; x_wconf 91' lang='lat' dir='ltr'><strong>e</strong></span> <span class='ocrx_word' id='word_1_253' title='bbox 3483 1843 3559 1884; x_wconf 73' lang='lat' dir='ltr'><strong>XII</strong></span> 
     </span>
    </p>
   </div>
   <div class='ocr_carea' id='block_1_36' title="bbox 315 1911 1885 1989">
    <p class='ocr_par' dir='ltr' id='par_1_36' title="bbox 315 1911 1885 1989">
     <span class='ocr_line' id='line_1_36' title="bbox 315 1911 1885 1989; baseline 0.001 -20"><span class='ocrx_word' id='word_1_254' title='bbox 315 1916 516 1984; x_wconf 75' lang='grc' dir='ltr'>μᾶλλον</span> <span class='ocrx_word' id='word_1_255' title='bbox 574 1918 631 1970; x_wconf 81' lang='grc' dir='ltr'>αἱ</span> <span class='ocrx_word' id='word_1_256' title='bbox 683 1915 851 1979; x_wconf 81' lang='grc' dir='ltr'>ζῶναι</span> <span class='ocrx_word' id='word_1_257' title='bbox 910 1916 1005 1970; x_wconf 81' lang='grc' dir='ltr'><strong>καὶ</strong></span> <span class='ocrx_word' id='word_1_258' title='bbox 1056 1918 1107 1970; x_wconf 78' lang='grc' dir='ltr'>οἱ</span> <span class='ocrx_word' id='word_1_259' title='bbox 1154 1917 1249 1970; x_wconf 81' lang='grc' dir='ltr'>τοῦ</span> <span class='ocrx_word' id='word_1_260' title='bbox 1302 1917 1465 1989; x_wconf 80' lang='grc' dir='ltr'>ἀέρος</span> <span class='ocrx_word' id='word_1_261' title='bbox 1497 1918 1678 1976; x_wconf 86' lang='grc' dir='ltr'>τόποι,</span> <span class='ocrx_word' id='word_1_262' title='bbox 1710 1918 1777 1970; x_wconf 86' lang='grc' dir='ltr'>δι’</span> <span class='ocrx_word' id='word_1_263' title='bbox 1810 1911 1885 1971; x_wconf 83' lang='grc' dir='ltr'>ὧν</span> 
     </span>
    </p>
   </div>
   <div class='ocr_carea' id='block_1_37' title="bbox 312 2004 1885 2077">
    <p class='ocr_par' dir='ltr' id='par_1_37' title="bbox 312 2004 1885 2077">
     <span class='ocr_line' id='line_1_37' title="bbox 312 2004 1885 2077; baseline 0.001 -17"><span class='ocrx_word' id='word_1_264' title='bbox 312 2005 577 2069; x_wconf 82' lang='grc' dir='ltr'>ὁδεύουσι,</span> <span class='ocrx_word' id='word_1_265' title='bbox 614 2004 709 2058; x_wconf 76' lang='grc' dir='ltr'>τοῦ</span> <span class='ocrx_word' id='word_1_266' title='bbox 762 2006 1073 2060; x_wconf 85' lang='grc' dir='ltr'>καλοποιείν</span> <span class='ocrx_word' id='word_1_267' title='bbox 1120 2007 1216 2060; x_wconf 70' lang='grc' dir='ltr'><strong>κα)⁸</strong></span> <span class='ocrx_word' id='word_1_268' title='bbox 1271 2010 1587 2061; x_wconf 87' lang='grc' dir='ltr'>κακοποιεῖν</span> <span class='ocrx_word' id='word_1_269' title='bbox 1652 2007 1885 2077; x_wconf 88' lang='grc' dir='ltr'>δύναμιν</span> 
     </span>
    </p>
   </div>
   <div class='ocr_carea' id='block_1_38' title="bbox 314 2090 1882 2168">
    <p class='ocr_par' dir='ltr' id='par_1_38' title="bbox 314 2090 1882 2168">
     <span class='ocr_line' id='line_1_38' title="bbox 314 2090 1882 2168; baseline 0.001 -19"><span class='ocrx_word' id='word_1_270' title='bbox 314 2095 526 2158; x_wconf 65' lang='grc' dir='ltr'>ἕξουσιν</span> <span class='ocrx_word' id='word_1_271' title='bbox 547 2112 561 2125; x_wconf 80' lang='grc'><em>’</em></span> <span class='ocrx_word' id='word_1_272' title='bbox 588 2096 818 2166; x_wconf 80' lang='grc' dir='ltr'>ούρανοῦ</span> <span class='ocrx_word' id='word_1_273' title='bbox 850 2096 978 2167; x_wconf 81' lang='grc' dir='ltr'>γὰρ,</span> <span class='ocrx_word' id='word_1_274' title='bbox 1009 2098 1068 2150; x_wconf 82' lang='grc' dir='ltr'>ὲν</span> <span class='ocrx_word' id='word_1_275' title='bbox 1100 2090 1143 2165; x_wconf 84' lang='grc' dir='ltr'>ᾧ</span> <span class='ocrx_word' id='word_1_276' title='bbox 1179 2098 1229 2150; x_wconf 82' lang='grc' dir='ltr'>οἱ</span> <span class='ocrx_word' id='word_1_277' title='bbox 1260 2097 1552 2167; x_wconf 82' lang='grc' dir='ltr'>πλάνητες,</span> <span class='ocrx_word' id='word_1_278' title='bbox 1600 2098 1882 2168; x_wconf 78' lang='grc' dir='ltr'>οὐμενοῦν,</span> 
     </span>
    </p>
   </div>
   <div class='ocr_carea' id='block_1_39' title="bbox 314 2188 1885 2260">
    <p class='ocr_par' dir='ltr' id='par_1_39' title="bbox 314 2188 1885 2260">
     <span class='ocr_line' id='line_1_39' title="bbox 314 2188 1885 2260; baseline 0.001 -19"><span class='ocrx_word' id='word_1_279' title='bbox 314 2188 389 2251; x_wconf 81' lang='grc' dir='ltr'>ὥς</span> <span class='ocrx_word' id='word_1_280' title='bbox 417 2205 547 2257; x_wconf 77' lang='grc' dir='ltr'>φασι</span> <span class='ocrx_word' id='word_1_281' title='bbox 576 2227 593 2253; x_wconf 95' lang='grc'><strong>,</strong></span> <span class='ocrx_word' id='word_1_282' title='bbox 651 2188 829 2259; x_wconf 83' lang='grc' dir='ltr'>πολλῷ</span> <span class='ocrx_word' id='word_1_283' title='bbox 875 2189 1169 2256; x_wconf 79' lang='grc' dir='ltr'>κατωτέρω</span> <span class='ocrx_word' id='word_1_284' title='bbox 1192 2190 1342 2253; x_wconf 84' lang='grc' dir='ltr'>ὄντες</span> <span class='ocrx_word' id='word_1_285' title='bbox 1368 2190 1467 2260; x_wconf 81' lang='grc' dir='ltr'><strong>οὐχ</strong></span> <span class='ocrx_word' id='word_1_286' title='bbox 1502 2188 1786 2245; x_wconf 74' lang='grc' dir='ltr'>ἅπτονται.</span> <span class='ocrx_word' id='word_1_287' title='bbox 1821 2192 1885 2243; x_wconf 81' lang='grc' dir='ltr'><strong>Τί</strong></span> 
     </span>
    </p>
   </div>
   <div class='ocr_carea' id='block_1_40' title="bbox 312 2278 1885 2351">
    <p class='ocr_par' dir='ltr' id='par_1_40' title="bbox 312 2278 1885 2351">
     <span class='ocr_line' id='line_1_40' title="bbox 312 2278 1885 2351; baseline 0.002 -20"><span class='ocrx_word' id='word_1_288' title='bbox 312 2278 367 2331; x_wconf 76' lang='grc' dir='ltr'><strong>δὲ</strong></span> <span class='ocrx_word' id='word_1_289' title='bbox 403 2279 467 2347; x_wconf 77' lang='grc' dir='ltr'><strong>δή</strong></span> <span class='ocrx_word' id='word_1_290' title='bbox 508 2295 637 2333; x_wconf 88' lang='grc' dir='ltr'>ποτε</span> <span class='ocrx_word' id='word_1_291' title='bbox 672 2281 870 2351; x_wconf 86' lang='grc' dir='ltr'>σελήνη</span> <span class='ocrx_word' id='word_1_292' title='bbox 925 2282 1025 2350; x_wconf 79' lang='grc' dir='ltr'>μὲν</span> <span class='ocrx_word' id='word_1_293' title='bbox 1065 2282 1128 2334; x_wconf 82' lang='grc' dir='ltr'>τὸ</span> <span class='ocrx_word' id='word_1_294' title='bbox 1164 2280 1445 2351; x_wconf 72' lang='grc' dir='ltr'>μειοῦσθαι</span> <span class='ocrx_word' id='word_1_295' title='bbox 1503 2282 1599 2336; x_wconf 75' lang='grc' dir='ltr'>καὶ</span> <span class='ocrx_word' id='word_1_296' title='bbox 1637 2282 1885 2347; x_wconf 77' lang='grc' dir='ltr'>αὐξάνειν</span> 
     </span>
    </p>
   </div>
   <div class='ocr_carea' id='block_1_41' title="bbox 314 2369 1886 2444">
    <p class='ocr_par' dir='ltr' id='par_1_41' title="bbox 314 2369 1886 2444">
     <span class='ocr_line' id='line_1_41' title="bbox 314 2369 1886 2444; baseline 0.003 -22"><span class='ocrx_word' id='word_1_297' title='bbox 314 2369 596 2441; x_wconf 69' lang='grc' dir='ltr'>ὑπομένει,</span> <span class='ocrx_word' id='word_1_298' title='bbox 628 2371 738 2425; x_wconf 87' lang='grc' dir='ltr'><strong>τῶν</strong></span> <span class='ocrx_word' id='word_1_299' title='bbox 758 2371 801 2424; x_wconf 81' lang='grc' dir='ltr'>δ’</span> <span class='ocrx_word' id='word_1_300' title='bbox 826 2372 1003 2426; x_wconf 86' lang='grc' dir='ltr'>ἀλλων</span> <span class='ocrx_word' id='word_1_301' title='bbox 1034 2373 1323 2444; x_wconf 84' lang='grc' dir='ltr'>πλανήτων</span> <span class='ocrx_word' id='word_1_302' title='bbox 1348 2373 1753 2444; x_wconf 77' lang='grc' dir='ltr'>προποδισμοὺς</span> <span class='ocrx_word' id='word_1_303' title='bbox 1793 2376 1886 2427; x_wconf 77' lang='grc' dir='ltr'>καὶ</span> 
     </span>
    </p>
   </div>
   <div class='ocr_carea' id='block_1_42' title="bbox 315 2464 1883 2538">
    <p class='ocr_par' dir='ltr' id='par_1_42' title="bbox 315 2464 1883 2538">
     <span class='ocr_line' id='line_1_42' title="bbox 315 2464 1883 2538; baseline 0.002 -22"><span class='ocrx_word' id='word_1_304' title='bbox 315 2464 653 2532; x_wconf 82' lang='grc' dir='ltr'>στηριγμοὺς</span> <span class='ocrx_word' id='word_1_305' title='bbox 679 2464 774 2516; x_wconf 77' lang='grc' dir='ltr'>καὶ</span> <span class='ocrx_word' id='word_1_306' title='bbox 815 2464 1217 2535; x_wconf 83' lang='grc' dir='ltr'>ἀναποδισμοὺς</span> <span class='ocrx_word' id='word_1_307' title='bbox 1246 2466 1581 2534; x_wconf 77' lang='grc' dir='ltr'>εἰσάγοντες,</span> <span class='ocrx_word' id='word_1_308' title='bbox 1606 2467 1757 2538; x_wconf 72' lang='grc' dir='ltr'>ἥλιον</span> <span class='ocrx_word' id='word_1_309' title='bbox 1786 2468 1883 2519; x_wconf 76' lang='grc' dir='ltr'>καὶ</span> 
     </span>
    </p>
   </div>
   <div class='ocr_carea' id='block_1_43' title="bbox 313 2554 1887 2628">
    <p class='ocr_par' dir='ltr' id='par_1_43' title="bbox 313 2554 1887 2628">
     <span class='ocr_line' id='line_1_43' title="bbox 313 2554 1887 2628; baseline 0.004 -23"><span class='ocrx_word' id='word_1_310' title='bbox 313 2554 547 2623; x_wconf 83' lang='grc' dir='ltr'>σελήνην</span> <span class='ocrx_word' id='word_1_311' title='bbox 573 2555 673 2625; x_wconf 82' lang='grc' dir='ltr'>τῆς</span> <span class='ocrx_word' id='word_1_312' title='bbox 701 2555 958 2626; x_wconf 82' lang='grc' dir='ltr'>τοιαύτης</span> <span class='ocrx_word' id='word_1_313' title='bbox 988 2556 1115 2627; x_wconf 73' lang='grc'><strong>[548</strong></span> <span class='ocrx_word' id='word_1_314' title='bbox 1143 2556 1237 2628; x_wconf 82' lang='grc' dir='ltr'><strong>Η.]</strong></span> <span class='ocrx_word' id='word_1_315' title='bbox 1267 2557 1636 2625; x_wconf 79' lang='grc' dir='ltr'>παλιντρόπου</span> <span class='ocrx_word' id='word_1_316' title='bbox 1679 2559 1887 2627; x_wconf 81' lang='grc' dir='ltr'>πλάνης</span> 
     </span>
    </p>
   </div>
   <div class='ocr_carea' id='block_1_44' title="bbox 314 2646 1883 2719">
    <p class='ocr_par' dir='ltr' id='par_1_44' title="bbox 314 2646 1883 2719">
     <span class='ocr_line' id='line_1_44' title="bbox 314 2646 1883 2719; baseline 0.003 -21"><span class='ocrx_word' id='word_1_317' title='bbox 314 2646 630 2717; x_wconf 74' lang='grc' dir='ltr'>ἐλευθέρους</span> <span class='ocrx_word' id='word_1_318' title='bbox 682 2646 881 2713; x_wconf 84' lang='grc' dir='ltr'>ὲῶσιν;</span> <span class='ocrx_word' id='word_1_319' title='bbox 922 2648 1018 2701; x_wconf 78' lang='grc' dir='ltr'>καὶ</span> <span class='ocrx_word' id='word_1_320' title='bbox 1066 2650 1115 2699; x_wconf 86' lang='grc' dir='ltr'>εἰ</span> <span class='ocrx_word' id='word_1_321' title='bbox 1177 2650 1519 2718; x_wconf 77' lang='grc' dir='ltr'>μικροφανὴς</span> <span class='ocrx_word' id='word_1_322' title='bbox 1574 2652 1601 2702; x_wconf 87' lang='grc' dir='ltr'>ὁ</span> <span class='ocrx_word' id='word_1_323' title='bbox 1649 2649 1883 2719; x_wconf 81' lang='grc' dir='ltr'>Κρόνος,</span> 
     </span>
    </p>
   </div>
   <div class='ocr_carea' id='block_1_45' title="bbox 314 2735 1887 2817">
    <p class='ocr_par' dir='ltr' id='par_1_45' title="bbox 314 2735 1887 2817">
     <span class='ocr_line' id='line_1_45' title="bbox 314 2735 1887 2817; baseline 0.005 -28"><span class='ocrx_word' id='word_1_324' title='bbox 314 2735 521 2805; x_wconf 81' lang='grc' dir='ltr'>μείζων</span> <span class='ocrx_word' id='word_1_325' title='bbox 555 2788 571 2817; x_wconf 67' lang='grc'><strong><em>,</em></strong></span> <span class='ocrx_word' id='word_1_326' title='bbox 611 2737 687 2802; x_wconf 82' lang='grc' dir='ltr'>ὥς</span> <span class='ocrx_word' id='word_1_327' title='bbox 750 2756 881 2808; x_wconf 76' lang='grc' dir='ltr'>φασι</span> <span class='ocrx_word' id='word_1_328' title='bbox 919 2780 934 2804; x_wconf 90' lang='grc'><strong>,</strong></span> <span class='ocrx_word' id='word_1_329' title='bbox 974 2740 1083 2792; x_wconf 84' lang='grc' dir='ltr'><strong>τῶν</strong></span> <span class='ocrx_word' id='word_1_330' title='bbox 1136 2741 1317 2795; x_wconf 86' lang='grc' dir='ltr'>ἀλλων</span> <span class='ocrx_word' id='word_1_331' title='bbox 1370 2742 1631 2813; x_wconf 85' lang='grc' dir='ltr'>ὑπάρχων</span> <span class='ocrx_word' id='word_1_332' title='bbox 1684 2742 1887 2812; x_wconf 81' lang='grc' dir='ltr'>πλανή-</span> 
     </span>
    </p>
   </div>
   <div class='ocr_carea' id='block_1_46' title="bbox 316 2829 1887 2904">
    <p class='ocr_par' dir='ltr' id='par_1_46' title="bbox 316 2829 1887 2904">
     <span class='ocr_line' id='line_1_46' title="bbox 316 2829 1887 2904; baseline 0.004 -24"><span class='ocrx_word' id='word_1_333' title='bbox 316 2844 441 2891; x_wconf 76' lang='grc' dir='ltr'>των,</span> <span class='ocrx_word' id='word_1_334' title='bbox 488 2830 570 2881; x_wconf 81' lang='grc' dir='ltr'>ὅτι</span> <span class='ocrx_word' id='word_1_335' title='bbox 617 2830 822 2884; x_wconf 88' lang='grc' dir='ltr'>τούτων</span> <span class='ocrx_word' id='word_1_336' title='bbox 889 2829 1161 2901; x_wconf 84' lang='grc' dir='ltr'>ἀνώτερον</span> <span class='ocrx_word' id='word_1_337' title='bbox 1219 2832 1489 2904; x_wconf 78' lang='grc' dir='ltr'>διατρέχει</span> <span class='ocrx_word' id='word_1_338' title='bbox 1548 2833 1767 2899; x_wconf 80' lang='grc' dir='ltr'>κύκλον,</span> <span class='ocrx_word' id='word_1_339' title='bbox 1800 2834 1887 2887; x_wconf 87' lang='grc' dir='ltr'>διά</span> 
     </span>
    </p>
   </div>
   <div class='ocr_carea' id='block_1_47' title="bbox 315 2919 1888 2996">
    <p class='ocr_par' dir='ltr' id='par_1_47' title="bbox 315 2919 1888 2996">
     <span class='ocr_line' id='line_1_47' title="bbox 315 2919 1888 2996; baseline 0.003 -23"><span class='ocrx_word' id='word_1_340' title='bbox 315 2920 366 2972; x_wconf 78' lang='grc' dir='ltr'>τί</span> <span class='ocrx_word' id='word_1_341' title='bbox 402 2919 604 2991; x_wconf 72' lang='grc' dir='ltr'>μείζων</span> <span class='ocrx_word' id='word_1_342' title='bbox 634 2923 665 2975; x_wconf 89' lang='lat'><strong>6</strong></span> <span class='ocrx_word' id='word_1_343' title='bbox 694 2922 844 2991; x_wconf 82' lang='grc' dir='ltr'>ἥλιος</span> <span class='ocrx_word' id='word_1_344' title='bbox 878 2923 977 2992; x_wconf 82' lang='grc' dir='ltr'><strong>τῆς</strong></span> <span class='ocrx_word' id='word_1_345' title='bbox 1011 2923 1266 2994; x_wconf 82' lang='grc' dir='ltr'>σελήνης,</span> <span class='ocrx_word' id='word_1_346' title='bbox 1292 2926 1563 2995; x_wconf 83' lang='grc' dir='ltr'>τετάρτην</span> <span class='ocrx_word' id='word_1_347' title='bbox 1590 2924 1688 2980; x_wconf 82' lang='grc' dir='ltr'>ἀπ’</span> <span class='ocrx_word' id='word_1_348' title='bbox 1716 2924 1888 2996; x_wconf 80' lang='grc' dir='ltr'>αὐτῆς</span> 
     </span>
    </p>
   </div>
   <div class='ocr_carea' id='block_1_48' title="bbox 313 3010 1886 3087">
    <p class='ocr_par' dir='ltr' id='par_1_48' title="bbox 313 3010 1886 3087">
     <span class='ocr_line' id='line_1_48' title="bbox 313 3010 1886 3087; baseline 0.001 -21"><span class='ocrx_word' id='word_1_349' title='bbox 313 3010 494 3083; x_wconf 75' lang='grc' dir='ltr'>ζώνην</span> <span class='ocrx_word' id='word_1_350' title='bbox 517 3013 791 3078; x_wconf 76' lang='grc' dir='ltr'>ὲλαύνωνς</span> <span class='ocrx_word' id='word_1_351' title='bbox 821 3014 989 3085; x_wconf 74' lang='grc' dir='ltr'>ἐχρῆν</span> <span class='ocrx_word' id='word_1_352' title='bbox 1023 3015 1132 3083; x_wconf 84' lang='grc' dir='ltr'><strong>γὰρ</strong></span> <span class='ocrx_word' id='word_1_353' title='bbox 1163 3014 1326 3069; x_wconf 82' lang='grc' dir='ltr'>αὑτὸν</span> <span class='ocrx_word' id='word_1_354' title='bbox 1348 3015 1531 3087; x_wconf 79' lang='grc' dir='ltr'>πολλῷ</span> <span class='ocrx_word' id='word_1_355' title='bbox 1565 3015 1769 3086; x_wconf 85' lang='grc' dir='ltr'>ταύτης</span> <span class='ocrx_word' id='word_1_356' title='bbox 1799 3033 1886 3086; x_wconf 84' lang='grc' dir='ltr'>μι-</span> 
     </span>
    </p>
   </div>
   <div class='ocr_carea' id='block_1_49' title="bbox 314 3104 1886 3177">
    <p class='ocr_par' dir='ltr' id='par_1_49' title="bbox 314 3104 1886 3177">
     <span class='ocr_line' id='line_1_49' title="bbox 314 3104 1886 3177; baseline 0.001 -20"><span class='ocrx_word' id='word_1_357' title='bbox 314 3104 570 3177; x_wconf 82' lang='grc' dir='ltr'>κρότερον</span> <span class='ocrx_word' id='word_1_358' title='bbox 599 3104 914 3175; x_wconf 75' lang='grc' dir='ltr'>φαίνεσθαι.</span> <span class='ocrx_word' id='word_1_359' title='bbox 942 3106 1106 3161; x_wconf 83' lang='grc' dir='ltr'>Ὥστε</span> <span class='ocrx_word' id='word_1_360' title='bbox 1134 3107 1313 3160; x_wconf 88' lang='grc' dir='ltr'>πάντα</span> <span class='ocrx_word' id='word_1_361' title='bbox 1342 3107 1513 3177; x_wconf 76' lang='grc' dir='ltr'>ψευδῆ</span> <span class='ocrx_word' id='word_1_362' title='bbox 1542 3108 1635 3160; x_wconf 71' lang='grc' dir='ltr'>καὶ</span> <span class='ocrx_word' id='word_1_363' title='bbox 1673 3106 1886 3160; x_wconf 77' lang='grc' dir='ltr'>πεπλα-</span> 
     </span>
    </p>
   </div>
   <div class='ocr_carea' id='block_1_50' title="bbox 315 3198 1888 3270">
    <p class='ocr_par' dir='ltr' id='par_1_50' title="bbox 315 3198 1888 3270">
     <span class='ocr_line' id='line_1_50' title="bbox 315 3198 1888 3270; baseline 0.001 -19"><span class='ocrx_word' id='word_1_364' title='bbox 315 3198 512 3267; x_wconf 80' lang='grc' dir='ltr'>σμένα,</span> <span class='ocrx_word' id='word_1_365' title='bbox 549 3200 586 3253; x_wconf 80' lang='grc' dir='ltr'><strong>ἀ</strong></span> <span class='ocrx_word' id='word_1_366' title='bbox 628 3200 727 3269; x_wconf 85' lang='grc' dir='ltr'>τῆς</span> <span class='ocrx_word' id='word_1_367' title='bbox 771 3199 1130 3270; x_wconf 78' lang='grc' dir='ltr'>ἀστρολογίας</span> <span class='ocrx_word' id='word_1_368' title='bbox 1180 3201 1231 3252; x_wconf 79' lang='grc' dir='ltr'>οἱ</span> <span class='ocrx_word' id='word_1_369' title='bbox 1290 3200 1444 3253; x_wconf 88' lang='grc' dir='ltr'>πόνοι</span> <span class='ocrx_word' id='word_1_370' title='bbox 1510 3199 1888 3270; x_wconf 83' lang='grc' dir='ltr'>κρατύνουσιν.</span> 
     </span>
    </p>
   </div>
   <div class='ocr_carea' id='block_1_51' title="bbox 313 3288 1401 3361">
    <p class='ocr_par' dir='ltr' id='par_1_51' title="bbox 313 3288 1401 3361">
     <span class='ocr_line' id='line_1_51' title="bbox 313 3288 1401 3361; baseline 0.003 -19"><span class='ocrx_word' id='word_1_371' title='bbox 313 3290 472 3344; x_wconf 76' lang='grc' dir='ltr'>Οὕτω</span> <span class='ocrx_word' id='word_1_372' title='bbox 508 3291 608 3361; x_wconf 85' lang='grc' dir='ltr'>μὲν</span> <span class='ocrx_word' id='word_1_373' title='bbox 643 3288 739 3345; x_wconf 80' lang='grc' dir='ltr'>οὖν</span> <span class='ocrx_word' id='word_1_374' title='bbox 767 3291 859 3345; x_wconf 81' lang='grc' dir='ltr'>καὶ</span> <span class='ocrx_word' id='word_1_375' title='bbox 886 3291 949 3344; x_wconf 80' lang='grc' dir='ltr'>τὸ</span> <span class='ocrx_word' id='word_1_376' title='bbox 971 3292 1051 3345; x_wconf 90' lang='grc' dir='ltr'>λα’</span> <span class='ocrx_word' id='word_1_377' title='bbox 1083 3291 1401 3358; x_wconf 77' lang='grc' dir='ltr'>κεφάλαιον.</span> 
     </span>
    </p>
   </div>
   <div class='ocr_carea' id='block_1_52' title="bbox 1990 1921 3557 1993">
    <p class='ocr_par' dir='ltr' id='par_1_52' title="bbox 1990 1921 3557 1993">
     <span class='ocr_line' id='line_1_52' title="bbox 1990 1921 3557 1993; baseline -0.002 -18"><span class='ocrx_word' id='word_1_378' title='bbox 1990 1921 2099 1975; x_wconf 89' lang='lat' dir='ltr'><strong>illis</strong></span> <span class='ocrx_word' id='word_1_379' title='bbox 2133 1922 2342 1976; x_wconf 76' lang='lat' dir='ltr'><strong>zodiaci</strong></span> <span class='ocrx_word' id='word_1_380' title='bbox 2375 1922 2545 1993; x_wconf 80' lang='lat' dir='ltr'><strong>signis</strong></span> <span class='ocrx_word' id='word_1_381' title='bbox 2582 1937 2898 1991; x_wconf 84' lang='lat' dir='ltr'><strong>prosperum</strong></span> <span class='ocrx_word' id='word_1_382' title='bbox 2942 1924 3049 1976; x_wconf 88' lang='lat' dir='ltr'><strong>erit</strong></span> <span class='ocrx_word' id='word_1_383' title='bbox 3099 1922 3185 1975; x_wconf 88' lang='lat' dir='ltr'><strong>vel</strong></span> <span class='ocrx_word' id='word_1_384' title='bbox 3228 1921 3511 1977; x_wconf 85' lang='lat' dir='ltr'><strong>adversum</strong></span> <span class='ocrx_word' id='word_1_385' title='bbox 3541 1937 3557 1973; x_wconf 83' lang='lat'><strong>:</strong></span> 
     </span>
    </p>
   </div>
   <div class='ocr_carea' id='block_1_53' title="bbox 1987 2015 3559 2084">
    <p class='ocr_par' dir='ltr' id='par_1_53' title="bbox 1987 2015 3559 2084">
     <span class='ocr_line' id='line_1_53' title="bbox 1987 2015 3559 2084; baseline -0.001 -14"><span class='ocrx_word' id='word_1_386' title='bbox 1987 2015 2082 2070; x_wconf 85' lang='lat' dir='ltr'><strong>sed</strong></span> <span class='ocrx_word' id='word_1_387' title='bbox 2111 2028 2286 2084; x_wconf 89' lang='lat' dir='ltr'><strong>neque</strong></span> <span class='ocrx_word' id='word_1_388' title='bbox 2310 2016 2416 2069; x_wconf 85' lang='lat' dir='ltr'><strong>alia</strong></span> <span class='ocrx_word' id='word_1_389' title='bbox 2453 2016 2561 2070; x_wconf 90' lang='lat' dir='ltr'><strong>ulla</strong></span> <span class='ocrx_word' id='word_1_390' title='bbox 2590 2032 2692 2070; x_wconf 89' lang='lat' dir='ltr'><strong>non</strong></span> <span class='ocrx_word' id='word_1_391' title='bbox 2729 2030 2922 2070; x_wconf 90' lang='lat' dir='ltr'><strong>errans</strong></span> <span class='ocrx_word' id='word_1_392' title='bbox 2948 2016 3130 2071; x_wconf 89' lang='lat' dir='ltr'><strong>stella.</strong></span> <span class='ocrx_word' id='word_1_393' title='bbox 3173 2015 3268 2070; x_wconf 86' lang='lat' dir='ltr'><strong>Sin</strong></span> <span class='ocrx_word' id='word_1_394' title='bbox 3301 2017 3443 2079; x_wconf 89' lang='lat' dir='ltr'><strong>ideo,</strong></span> <span class='ocrx_word' id='word_1_395' title='bbox 3475 2015 3559 2069; x_wconf 77' lang='lat' dir='ltr'><strong>in-</strong></span> 
     </span>
    </p>
   </div>
   <div class='ocr_carea' id='block_1_54' title="bbox 1987 2106 3560 2177">
    <p class='ocr_par' dir='ltr' id='par_1_54' title="bbox 1987 2106 3560 2177">
     <span class='ocr_line' id='line_1_54' title="bbox 1987 2106 3560 2177; baseline 0.001 -19"><span class='ocrx_word' id='word_1_396' title='bbox 1987 2106 2127 2174; x_wconf 89' lang='lat' dir='ltr'><strong>quit,</strong></span> <span class='ocrx_word' id='word_1_397' title='bbox 2167 2107 2308 2173; x_wconf 90' lang='lat' dir='ltr'><strong>quod</strong></span> <span class='ocrx_word' id='word_1_398' title='bbox 2340 2120 2437 2174; x_wconf 90' lang='lat' dir='ltr'><strong>per</strong></span> <span class='ocrx_word' id='word_1_399' title='bbox 2489 2107 2581 2161; x_wconf 89' lang='lat' dir='ltr'><strong>illa</strong></span> <span class='ocrx_word' id='word_1_400' title='bbox 2618 2108 2944 2177; x_wconf 77' lang='lat' dir='ltr'><strong>gradiuntur</strong></span> <span class='ocrx_word' id='word_1_401' title='bbox 2971 2108 3219 2176; x_wconf 68' lang='lat' dir='ltr'><strong>planetae,</strong></span> <span class='ocrx_word' id='word_1_402' title='bbox 3250 2106 3360 2172; x_wconf 87' lang='lat' dir='ltr'><strong>jam</strong></span> <span class='ocrx_word' id='word_1_403' title='bbox 3392 2107 3560 2159; x_wconf 84' lang='lat' dir='ltr'><strong>multo</strong></span> 
     </span>
    </p>
   </div>
   <div class='ocr_carea' id='block_1_55' title="bbox 1987 2196 3556 2265">
    <p class='ocr_par' dir='ltr' id='par_1_55' title="bbox 1987 2196 3556 2265">
     <span class='ocr_line' id='line_1_55' title="bbox 1987 2196 3556 2265; baseline -0.001 -16"><span class='ocrx_word' id='word_1_404' title='bbox 1987 2198 2173 2264; x_wconf 83' lang='lat' dir='ltr'><strong>potius</strong></span> <span class='ocrx_word' id='word_1_405' title='bbox 2207 2198 2321 2250; x_wconf 87' lang='lat' dir='ltr'><strong>sive</strong></span> <span class='ocrx_word' id='word_1_406' title='bbox 2343 2212 2511 2263; x_wconf 71' lang='lat' dir='ltr'><strong>zonae,</strong></span> <span class='ocrx_word' id='word_1_407' title='bbox 2550 2198 2665 2251; x_wconf 88' lang='lat' dir='ltr'><strong>sive</strong></span> <span class='ocrx_word' id='word_1_408' title='bbox 2695 2199 2834 2250; x_wconf 86' lang='lat' dir='ltr'><strong>aeris</strong></span> <span class='ocrx_word' id='word_1_409' title='bbox 2865 2197 2949 2250; x_wconf 83' lang='lat' dir='ltr'><strong>illa</strong></span> <span class='ocrx_word' id='word_1_410' title='bbox 2990 2198 3128 2259; x_wconf 87' lang='lat' dir='ltr'><strong>loca,</strong></span> <span class='ocrx_word' id='word_1_411' title='bbox 3170 2212 3266 2265; x_wconf 90' lang='lat' dir='ltr'><strong>per</strong></span> <span class='ocrx_word' id='word_1_412' title='bbox 3311 2211 3430 2264; x_wconf 72' lang='lat' dir='ltr'><strong>quae</strong></span> <span class='ocrx_word' id='word_1_413' title='bbox 3467 2196 3556 2249; x_wconf 84' lang='lat' dir='ltr'><strong>isti</strong></span> 
     </span>
    </p>
   </div>
   <div class='ocr_carea' id='block_1_56' title="bbox 1987 2280 3554 2358">
    <p class='ocr_par' dir='ltr' id='par_1_56' title="bbox 1987 2280 3554 2358">
     <span class='ocr_line' id='line_1_56' title="bbox 1987 2280 3554 2358; baseline -0.002 -17"><span class='ocrx_word' id='word_1_414' title='bbox 1987 2290 2330 2358; x_wconf 76' lang='lat' dir='ltr'><strong>gradiuntur,</strong></span> <span class='ocrx_word' id='word_1_415' title='bbox 2360 2291 2503 2345; x_wconf 81' lang='lat' dir='ltr'><strong>hanc</strong></span> <span class='ocrx_word' id='word_1_416' title='bbox 2549 2292 2685 2344; x_wconf 85' lang='lat' dir='ltr'><strong>bene</strong></span> <span class='ocrx_word' id='word_1_417' title='bbox 2718 2299 2812 2343; x_wconf 85' lang='lat' dir='ltr'><strong>aut</strong></span> <span class='ocrx_word' id='word_1_418' title='bbox 2842 2280 2980 2342; x_wconf 77' lang='lat' dir='ltr'><strong>male</strong></span> <span class='ocrx_word' id='word_1_419' title='bbox 3007 2291 3199 2358; x_wconf 73' lang='lat' dir='ltr'><strong>agendi</strong></span> <span class='ocrx_word' id='word_1_420' title='bbox 3235 2297 3554 2356; x_wconf 76' lang='lat' dir='ltr'><strong>potestatein</strong></span> 
     </span>
    </p>
   </div>
   <div class='ocr_carea' id='block_1_57' title="bbox 1987 2377 3555 2450">
    <p class='ocr_par' dir='ltr' id='par_1_57' title="bbox 1987 2377 3555 2450">
     <span class='ocr_line' id='line_1_57' title="bbox 1987 2377 3555 2450; baseline -0.002 -18"><span class='ocrx_word' id='word_1_421' title='bbox 1987 2379 2283 2434; x_wconf 85' lang='lat' dir='ltr'><strong>habebunt.</strong></span> <span class='ocrx_word' id='word_1_422' title='bbox 2334 2377 2519 2450; x_wconf 83' lang='lat' dir='ltr'><strong>Neque</strong></span> <span class='ocrx_word' id='word_1_423' title='bbox 2562 2382 2706 2435; x_wconf 91' lang='lat' dir='ltr'><strong>enim</strong></span> <span class='ocrx_word' id='word_1_424' title='bbox 2748 2383 2862 2435; x_wconf 70' lang='lat' dir='ltr'><strong>haec</strong></span> <span class='ocrx_word' id='word_1_425' title='bbox 2955 2380 3290 2449; x_wconf 84' lang='lat' dir='ltr'><strong>planetarum</strong></span> <span class='ocrx_word' id='word_1_426' title='bbox 3336 2378 3555 2442; x_wconf 70' lang='lat' dir='ltr'><strong>cmlum,</strong></span> 
     </span>
    </p>
   </div>
   <div class='ocr_carea' id='block_1_58' title="bbox 1987 2469 3555 2539">
    <p class='ocr_par' dir='ltr' id='par_1_58' title="bbox 1987 2469 3555 2539">
     <span class='ocr_line' id='line_1_58' title="bbox 1987 2469 3555 2539; baseline -0.003 -15"><span class='ocrx_word' id='word_1_427' title='bbox 1987 2484 2110 2524; x_wconf 88' lang='lat' dir='ltr'><strong>cum</strong></span> <span class='ocrx_word' id='word_1_428' title='bbox 2159 2471 2330 2524; x_wconf 90' lang='lat' dir='ltr'><strong>multo</strong></span> <span class='ocrx_word' id='word_1_429' title='bbox 2376 2470 2486 2524; x_wconf 91' lang='lat' dir='ltr'><strong>sint</strong></span> <span class='ocrx_word' id='word_1_430' title='bbox 2525 2470 2609 2539; x_wconf 89' lang='lat' dir='ltr'><strong>(ut</strong></span> <span class='ocrx_word' id='word_1_431' title='bbox 2660 2471 2836 2534; x_wconf 88' lang='lat' dir='ltr'><strong>aiunt)</strong></span> <span class='ocrx_word' id='word_1_432' title='bbox 2881 2469 3163 2534; x_wconf 90' lang='lat' dir='ltr'><strong>inferiora,</strong></span> <span class='ocrx_word' id='word_1_433' title='bbox 3216 2469 3555 2537; x_wconf 77' lang='lat' dir='ltr'><strong>contingunt.</strong></span> 
     </span>
    </p>
   </div>
   <div class='ocr_carea' id='block_1_59' title="bbox 1988 2560 3560 2632">
    <p class='ocr_par' dir='ltr' id='par_1_59' title="bbox 1988 2560 3560 2632">
     <span class='ocr_line' id='line_1_59' title="bbox 1988 2560 3560 2632; baseline -0.001 -17"><span class='ocrx_word' id='word_1_434' title='bbox 1988 2560 2257 2627; x_wconf 85' lang='lat' dir='ltr'><strong>Quorsum</strong></span> <span class='ocrx_word' id='word_1_435' title='bbox 2297 2564 2511 2617; x_wconf 90' lang='lat' dir='ltr'><strong>tandem</strong></span> <span class='ocrx_word' id='word_1_436' title='bbox 2540 2562 2666 2617; x_wconf 88' lang='lat' dir='ltr'><strong>luna</strong></span> <span class='ocrx_word' id='word_1_437' title='bbox 2703 2563 2870 2616; x_wconf 89' lang='lat' dir='ltr'><strong>minui</strong></span> <span class='ocrx_word' id='word_1_438' title='bbox 2900 2573 3063 2631; x_wconf 89' lang='lat' dir='ltr'><strong>atque</strong></span> <span class='ocrx_word' id='word_1_439' title='bbox 3113 2561 3297 2631; x_wconf 76' lang='lat' dir='ltr'><strong>augeri</strong></span> <span class='ocrx_word' id='word_1_440' title='bbox 3339 2567 3560 2632; x_wconf 85' lang='lat' dir='ltr'><strong>potest:</strong></span> 
     </span>
    </p>
   </div>
   <div class='ocr_carea' id='block_1_60' title="bbox 1986 2653 3564 2723">
    <p class='ocr_par' dir='ltr' id='par_1_60' title="bbox 1986 2653 3564 2723">
     <span class='ocr_line' id='line_1_60' title="bbox 1986 2653 3564 2723; baseline -0.003 -16"><span class='ocrx_word' id='word_1_441' title='bbox 1986 2664 2196 2708; x_wconf 89' lang='lat' dir='ltr'><strong>etcum</strong></span> <span class='ocrx_word' id='word_1_442' title='bbox 2249 2664 2568 2708; x_wconf 68' lang='lat' dir='ltr'><strong>umerorum</strong></span> <span class='ocrx_word' id='word_1_443' title='bbox 2622 2653 2963 2723; x_wconf 87' lang='lat' dir='ltr'><strong>planetarum</strong></span> <span class='ocrx_word' id='word_1_444' title='bbox 3012 2666 3356 2721; x_wconf 79' lang='lat' dir='ltr'><strong>progressus,</strong></span> <span class='ocrx_word' id='word_1_445' title='bbox 3389 2660 3564 2706; x_wconf 84' lang='lat' dir='ltr'><strong>status</strong></span> 
     </span>
    </p>
   </div>
   <div class='ocr_carea' id='block_1_61' title="bbox 1992 2746 3566 2817">
    <p class='ocr_par' dir='ltr' id='par_1_61' title="bbox 1992 2746 3566 2817">
     <span class='ocr_line' id='line_1_61' title="bbox 1992 2746 3566 2817; baseline -0.002 -17"><span class='ocrx_word' id='word_1_446' title='bbox 1992 2746 2155 2810; x_wconf 79' lang='lat' dir='ltr'><strong>fixos,</strong></span> <span class='ocrx_word' id='word_1_447' title='bbox 2185 2760 2250 2800; x_wconf 87' lang='lat' dir='ltr'><strong>ac</strong></span> <span class='ocrx_word' id='word_1_448' title='bbox 2283 2746 2742 2817; x_wconf 77' lang='lat' dir='ltr'><strong>retrogressiones</strong></span> <span class='ocrx_word' id='word_1_449' title='bbox 2775 2746 3071 2811; x_wconf 85' lang='lat' dir='ltr'><strong>adducant,</strong></span> <span class='ocrx_word' id='word_1_450' title='bbox 3102 2747 3268 2801; x_wconf 78' lang='lat' dir='ltr'><strong>solem</strong></span> <span class='ocrx_word' id='word_1_451' title='bbox 3297 2756 3478 2801; x_wconf 88' lang='lat' dir='ltr'><strong>tamen</strong></span> <span class='ocrx_word' id='word_1_452' title='bbox 3511 2754 3566 2799; x_wconf 89' lang='lat' dir='ltr'><strong>et</strong></span> 
     </span>
    </p>
   </div>
   <div class='ocr_carea' id='block_1_62' title="bbox 1989 2832 3568 2903">
    <p class='ocr_par' dir='ltr' id='par_1_62' title="bbox 1989 2832 3568 2903">
     <span class='ocr_line' id='line_1_62' title="bbox 1989 2832 3568 2903; baseline -0.001 -14"><span class='ocrx_word' id='word_1_453' title='bbox 1989 2835 2169 2889; x_wconf 91' lang='lat' dir='ltr'><strong>lunam</strong></span> <span class='ocrx_word' id='word_1_454' title='bbox 2195 2837 2262 2889; x_wconf 89' lang='lat' dir='ltr'><strong>ab</strong></span> <span class='ocrx_word' id='word_1_455' title='bbox 2304 2836 2406 2890; x_wconf 89' lang='lat' dir='ltr'><strong>hoc</strong></span> <span class='ocrx_word' id='word_1_456' title='bbox 2439 2836 2754 2903; x_wconf 78' lang='lat' dir='ltr'><strong>retrogrado</strong></span> <span class='ocrx_word' id='word_1_457' title='bbox 2776 2848 2966 2890; x_wconf 87' lang='lat' dir='ltr'><strong>errore</strong></span> <span class='ocrx_word' id='word_1_458' title='bbox 3000 2834 3203 2891; x_wconf 87' lang='lat' dir='ltr'><strong>liberos</strong></span> <span class='ocrx_word' id='word_1_459' title='bbox 3237 2836 3428 2892; x_wconf 83' lang='lat' dir='ltr'><strong>sinunt</strong></span> <span class='ocrx_word' id='word_1_460' title='bbox 3452 2834 3476 2889; x_wconf 64' lang='grc' dir='ltr'><strong><em>ἲ</em></strong></span> <span class='ocrx_word' id='word_1_461' title='bbox 3500 2832 3568 2888; x_wconf 82' lang='lat' dir='ltr'><strong>Et</strong></span> 
     </span>
    </p>
   </div>
   <div class='ocr_carea' id='block_1_63' title="bbox 1989 2924 3568 2998">
    <p class='ocr_par' dir='ltr' id='par_1_63' title="bbox 1989 2924 3568 2998">
     <span class='ocr_line' id='line_1_63' title="bbox 1989 2924 3568 2998; baseline -0.001 -17"><span class='ocrx_word' id='word_1_462' title='bbox 1989 2927 2036 2981; x_wconf 79' lang='lat' dir='ltr'><strong>si</strong></span> <span class='ocrx_word' id='word_1_463' title='bbox 2077 2942 2278 2997; x_wconf 77' lang='lat' dir='ltr'><strong>parvus</strong></span> <span class='ocrx_word' id='word_1_464' title='bbox 2312 2928 2404 2998; x_wconf 90' lang='lat' dir='ltr'><strong>qui</strong></span> <span class='ocrx_word' id='word_1_465' title='bbox 2445 2928 2657 2983; x_wconf 88' lang='lat' dir='ltr'><strong>videtur</strong></span> <span class='ocrx_word' id='word_1_466' title='bbox 2712 2927 3000 2993; x_wconf 86' lang='lat' dir='ltr'><strong>Saturnus,</strong></span> <span class='ocrx_word' id='word_1_467' title='bbox 3057 2927 3181 2982; x_wconf 85' lang='lat' dir='ltr'><strong>aliis</strong></span> <span class='ocrx_word' id='word_1_468' title='bbox 3230 2937 3412 2982; x_wconf 90' lang='lat' dir='ltr'><strong>tamen</strong></span> <span class='ocrx_word' id='word_1_469' title='bbox 3483 2924 3568 2997; x_wconf 90' lang='lat' dir='ltr'><strong>(ut</strong></span> 
     </span>
    </p>
   </div>
   <div class='ocr_carea' id='block_1_64' title="bbox 1988 3018 3566 3089">
    <p class='ocr_par' dir='ltr' id='par_1_64' title="bbox 1988 3018 3566 3089">
     <span class='ocr_line' id='line_1_64' title="bbox 1988 3018 3566 3089; baseline -0.001 -16"><span class='ocrx_word' id='word_1_470' title='bbox 1988 3019 2165 3087; x_wconf 86' lang='lat' dir='ltr'><strong>aiunt)</strong></span> <span class='ocrx_word' id='word_1_471' title='bbox 2211 3018 2382 3087; x_wconf 85' lang='lat' dir='ltr'><strong>major</strong></span> <span class='ocrx_word' id='word_1_472' title='bbox 2421 3028 2506 3073; x_wconf 90' lang='lat' dir='ltr'><strong>est</strong></span> <span class='ocrx_word' id='word_1_473' title='bbox 2555 3019 2806 3087; x_wconf 82' lang='lat' dir='ltr'><strong>planetis,</strong></span> <span class='ocrx_word' id='word_1_474' title='bbox 2855 3034 2921 3075; x_wconf 92' lang='lat' dir='ltr'><strong>eo</strong></span> <span class='ocrx_word' id='word_1_475' title='bbox 2980 3022 3123 3089; x_wconf 90' lang='lat' dir='ltr'><strong>quod</strong></span> <span class='ocrx_word' id='word_1_476' title='bbox 3172 3033 3268 3086; x_wconf 91' lang='lat' dir='ltr'><strong>per</strong></span> <span class='ocrx_word' id='word_1_477' title='bbox 3319 3019 3566 3073; x_wconf 84' lang='lat' dir='ltr'><strong>altiorem</strong></span> 
     </span>
    </p>
   </div>
   <div class='ocr_carea' id='block_1_65' title="bbox 1992 3100 3569 3179">
    <p class='ocr_par' dir='ltr' id='par_1_65' title="bbox 1992 3100 3569 3179">
     <span class='ocr_line' id='line_1_65' title="bbox 1992 3100 3569 3179; baseline -0.003 -15"><span class='ocrx_word' id='word_1_478' title='bbox 1992 3111 2177 3164; x_wconf 89' lang='lat' dir='ltr'><strong>orbem</strong></span> <span class='ocrx_word' id='word_1_479' title='bbox 2204 3107 2556 3174; x_wconf 86' lang='lat' dir='ltr'><strong>obambulet;</strong></span> <span class='ocrx_word' id='word_1_480' title='bbox 2603 3123 2700 3164; x_wconf 91' lang='lat' dir='ltr'><strong>cur</strong></span> <span class='ocrx_word' id='word_1_481' title='bbox 2731 3108 2906 3179; x_wconf 84' lang='lat' dir='ltr'><strong>major</strong></span> <span class='ocrx_word' id='word_1_482' title='bbox 2958 3109 3085 3164; x_wconf 84' lang='lat' dir='ltr'><strong>luna</strong></span> <span class='ocrx_word' id='word_1_483' title='bbox 3141 3123 3303 3178; x_wconf 89' lang='lat' dir='ltr'><strong>quam</strong></span> <span class='ocrx_word' id='word_1_484' title='bbox 3346 3105 3449 3173; x_wconf 88' lang='lat' dir='ltr'><strong>sol,</strong></span> <span class='ocrx_word' id='word_1_485' title='bbox 3475 3100 3569 3172; x_wconf 84' lang='lat' dir='ltr'><strong>qui</strong></span> 
     </span>
    </p>
   </div>
   <div class='ocr_carea' id='block_1_66' title="bbox 2000 3198 3571 3269">
    <p class='ocr_par' dir='ltr' id='par_1_66' title="bbox 2000 3198 3571 3269">
     <span class='ocr_line' id='line_1_66' title="bbox 2000 3198 3571 3269; baseline -0.001 -17"><span class='ocrx_word' id='word_1_486' title='bbox 2000 3210 2195 3269; x_wconf 86' lang='lat' dir='ltr'><strong>quarto</strong></span> <span class='ocrx_word' id='word_1_487' title='bbox 2217 3214 2380 3267; x_wconf 85' lang='lat' dir='ltr'><strong>supra</strong></span> <span class='ocrx_word' id='word_1_488' title='bbox 2434 3198 2577 3252; x_wconf 86' lang='lat' dir='ltr'><strong>illam</strong></span> <span class='ocrx_word' id='word_1_489' title='bbox 2609 3200 2741 3253; x_wconf 89' lang='lat' dir='ltr'><strong>orbe</strong></span> <span class='ocrx_word' id='word_1_490' title='bbox 2771 3199 3016 3254; x_wconf 88' lang='lat' dir='ltr'><strong>decurrit</strong></span> <span class='ocrx_word' id='word_1_491' title='bbox 3042 3198 3066 3251; x_wconf 74' lang='grc' dir='ltr'><strong><em>Ἰ</em></strong></span> <span class='ocrx_word' id='word_1_492' title='bbox 3091 3198 3381 3266; x_wconf 83' lang='lat' dir='ltr'><strong>oportebat</strong></span> <span class='ocrx_word' id='word_1_493' title='bbox 3423 3198 3571 3252; x_wconf 86' lang='lat' dir='ltr'><strong>enim</strong></span> 
     </span>
    </p>
   </div>
   <div class='ocr_carea' id='block_1_67' title="bbox 2004 3289 3573 3360">
    <p class='ocr_par' dir='ltr' id='par_1_67' title="bbox 2004 3289 3573 3360">
     <span class='ocr_line' id='line_1_67' title="bbox 2004 3289 3573 3360; baseline -0.001 -16"><span class='ocrx_word' id='word_1_494' title='bbox 2004 3292 2181 3360; x_wconf 86' lang='lat' dir='ltr'><strong>ipsum</strong></span> <span class='ocrx_word' id='word_1_495' title='bbox 2210 3292 2378 3345; x_wconf 89' lang='lat' dir='ltr'><strong>multo</strong></span> <span class='ocrx_word' id='word_1_496' title='bbox 2404 3290 2494 3344; x_wconf 88' lang='lat' dir='ltr'><strong>illa</strong></span> <span class='ocrx_word' id='word_1_497' title='bbox 2540 3291 2803 3345; x_wconf 89' lang='lat' dir='ltr'><strong>minorem</strong></span> <span class='ocrx_word' id='word_1_498' title='bbox 2828 3306 3110 3359; x_wconf 88' lang='lat' dir='ltr'><strong>apparere.</strong></span> <span class='ocrx_word' id='word_1_499' title='bbox 3161 3289 3342 3356; x_wconf 83' lang='lat' dir='ltr'><strong>Quare</strong></span> <span class='ocrx_word' id='word_1_500' title='bbox 3388 3290 3573 3347; x_wconf 81' lang='lat' dir='ltr'><strong>omnia</strong></span> 
     </span>
    </p>
   </div>
   <div class='ocr_carea' id='block_1_68' title="bbox 314 3384 3575 3458">
    <p class='ocr_par' dir='ltr' id='par_1_68' title="bbox 314 3384 3575 3458">
     <span class='ocr_line' id='line_1_68' title="bbox 314 3384 3575 3458; baseline -0 -20"><span class='ocrx_word' id='word_1_501' title='bbox 314 3384 447 3439; x_wconf 86' lang='lat' dir='ltr'><strong>falsa</strong></span> <span class='ocrx_word' id='word_1_502' title='bbox 487 3398 615 3441; x_wconf 85' lang='lat' dir='ltr'><strong>sunt</strong></span> <span class='ocrx_word' id='word_1_503' title='bbox 644 3400 805 3456; x_wconf 88' lang='lat' dir='ltr'><strong>atque</strong></span> <span class='ocrx_word' id='word_1_504' title='bbox 830 3388 1085 3453; x_wconf 85' lang='lat' dir='ltr'><strong>conlicta,</strong></span> <span class='ocrx_word' id='word_1_505' title='bbox 1115 3403 1234 3457; x_wconf 83' lang='lat' dir='ltr'><strong>quae</strong></span> <span class='ocrx_word' id='word_1_506' title='bbox 1255 3390 1657 3458; x_wconf 77' lang='lat' dir='ltr'><strong>astrologorum</strong></span> <span class='ocrx_word' id='word_1_507' title='bbox 1671 3388 1890 3456; x_wconf 79' lang='lat' dir='ltr'><strong>scriptis</strong></span> <span class='ocrx_word' id='word_1_508' title='bbox 1921 3395 2259 3441; x_wconf 89' lang='lat' dir='ltr'><strong>astruuntur.</strong></span> <span class='ocrx_word' id='word_1_509' title='bbox 2298 3384 2392 3441; x_wconf 88' lang='lat' dir='ltr'><strong>Sic</strong></span> <span class='ocrx_word' id='word_1_510' title='bbox 2429 3387 2643 3454; x_wconf 87' lang='lat' dir='ltr'><strong>quidem</strong></span> <span class='ocrx_word' id='word_1_511' title='bbox 2676 3386 2908 3455; x_wconf 89' lang='lat' dir='ltr'><strong>primum</strong></span> <span class='ocrx_word' id='word_1_512' title='bbox 2946 3397 2999 3439; x_wconf 89' lang='lat' dir='ltr'><strong>et</strong></span> <span class='ocrx_word' id='word_1_513' title='bbox 3030 3387 3360 3440; x_wconf 81' lang='lat' dir='ltr'><strong>tricesimum</strong></span> <span class='ocrx_word' id='word_1_514' title='bbox 3411 3395 3575 3458; x_wconf 86' lang='lat' dir='ltr'><strong>caput</strong></span> 
     </span>
    </p>
   </div>
   <div class='ocr_carea' id='block_1_69' title="bbox 312 3478 632 3534">
    <p class='ocr_par' dir='ltr' id='par_1_69' title="bbox 312 3478 632 3534">
     <span class='ocr_line' id='line_1_69' title="bbox 312 3478 632 3534; baseline 0.006 -2"><span class='ocrx_word' id='word_1_515' title='bbox 312 3478 632 3534; x_wconf 83' lang='lat' dir='ltr'><strong>absolvitur.</strong></span> 
     </span>
    </p>
   </div>
   <div class='ocr_carea' id='block_1_70' title="bbox 387 3574 1887 3648">
    <p class='ocr_par' dir='ltr' id='par_1_70' title="bbox 387 3574 1887 3648">
     <span class='ocr_line' id='line_1_70' title="bbox 387 3574 1887 3648; baseline 0.001 -21"><span class='ocrx_word' id='word_1_516' title='bbox 387 3575 462 3628; x_wconf 84' lang='lat' dir='ltr'><em>T6</em></span> <span class='ocrx_word' id='word_1_517' title='bbox 476 3574 533 3628; x_wconf 70' lang='grc' dir='ltr'><strong>δὲ</strong></span> <span class='ocrx_word' id='word_1_518' title='bbox 557 3574 635 3645; x_wconf 79' lang='grc' dir='ltr'><strong>λβ¹</strong></span> <span class='ocrx_word' id='word_1_519' title='bbox 650 3576 695 3608; x_wconf 81' lang='grc'><strong>⁸⁷</strong></span> <span class='ocrx_word' id='word_1_520' title='bbox 713 3576 866 3628; x_wconf 75' lang='grc' dir='ltr'>οὐδὲν</span> <span class='ocrx_word' id='word_1_521' title='bbox 896 3576 1005 3631; x_wconf 88' lang='grc' dir='ltr'><strong>τῶν</strong></span> <span class='ocrx_word' id='word_1_522' title='bbox 1026 3576 1244 3647; x_wconf 82' lang='grc' dir='ltr'>ἀληθῶν</span> <span class='ocrx_word' id='word_1_523' title='bbox 1271 3578 1404 3648; x_wconf 75' lang='grc' dir='ltr'>πρὸς</span> <span class='ocrx_word' id='word_1_524' title='bbox 1420 3576 1751 3647; x_wconf 78' lang='grc' dir='ltr'>ἀνατροπὴν,</span> <span class='ocrx_word' id='word_1_525' title='bbox 1778 3576 1887 3629; x_wconf 78' lang='grc' dir='ltr'><strong>οὐδ’</strong></span> 
     </span>
    </p>
   </div>
   <div class='ocr_carea' id='block_1_71' title="bbox 310 3670 1887 3741">
    <p class='ocr_par' dir='ltr' id='par_1_71' title="bbox 310 3670 1887 3741">
     <span class='ocr_line' id='line_1_71' title="bbox 310 3670 1887 3741; baseline 0 -18"><span class='ocrx_word' id='word_1_526' title='bbox 310 3670 440 3723; x_wconf 81' lang='grc' dir='ltr'>ὅσον</span> <span class='ocrx_word' id='word_1_527' title='bbox 470 3672 550 3734; x_wconf 73' lang='grc' dir='ltr'>εἰς</span> <span class='ocrx_word' id='word_1_528' title='bbox 584 3671 644 3724; x_wconf 83' lang='grc' dir='ltr'>τὸ</span> <span class='ocrx_word' id='word_1_529' title='bbox 679 3672 1024 3739; x_wconf 78' lang='grc' dir='ltr'>φαινόμενον,</span> <span class='ocrx_word' id='word_1_530' title='bbox 1072 3671 1413 3741; x_wconf 80' lang='grc' dir='ltr'>ἀναγράφει·</span> <span class='ocrx_word' id='word_1_531' title='bbox 1450 3672 1565 3725; x_wconf 87' lang='grc' dir='ltr'>ἀλλ’</span> <span class='ocrx_word' id='word_1_532' title='bbox 1598 3670 1725 3723; x_wconf 84' lang='grc' dir='ltr'>ὅσον</span> <span class='ocrx_word' id='word_1_533' title='bbox 1753 3671 1887 3741; x_wconf 78' lang='grc' dir='ltr'><strong>ὁρᾶ-</strong></span> 
     </span>
    </p>
   </div>
   <div class='ocr_carea' id='block_1_72' title="bbox 312 3761 1893 3833">
    <p class='ocr_par' dir='ltr' id='par_1_72' title="bbox 312 3761 1893 3833">
     <span class='ocr_line' id='line_1_72' title="bbox 312 3761 1893 3833; baseline -0.001 -18"><span class='ocrx_word' id='word_1_534' title='bbox 312 3778 407 3816; x_wconf 85' lang='grc' dir='ltr'><strong>ται</strong></span> <span class='ocrx_word' id='word_1_535' title='bbox 453 3761 732 3816; x_wconf 82' lang='grc' dir='ltr'>κάνταῦθα</span> <span class='ocrx_word' id='word_1_536' title='bbox 768 3765 893 3826; x_wconf 77' lang='grc' dir='ltr'>τοὺς</span> <span class='ocrx_word' id='word_1_537' title='bbox 942 3764 1241 3833; x_wconf 81' lang='grc' dir='ltr'>λογισμοὺς</span> <span class='ocrx_word' id='word_1_538' title='bbox 1279 3762 1520 3817; x_wconf 81' lang='grc' dir='ltr'>εὐσεϐῶν</span> <span class='ocrx_word' id='word_1_539' title='bbox 1553 3764 1581 3816; x_wconf 91' lang='lat'><strong>6</strong></span> <span class='ocrx_word' id='word_1_540' title='bbox 1623 3761 1783 3832; x_wconf 81' lang='grc' dir='ltr'>ἀνὴρ,</span> <span class='ocrx_word' id='word_1_541' title='bbox 1806 3777 1893 3813; x_wconf 84' lang='grc' dir='ltr'>το-</span> 
     </span>
    </p>
   </div>
   <div class='ocr_carea' id='block_1_73' title="bbox 317 3853 1893 3925">
    <p class='ocr_par' dir='ltr' id='par_1_73' title="bbox 317 3853 1893 3925">
     <span class='ocr_line' id='line_1_73' title="bbox 317 3853 1893 3925; baseline -0.001 -19"><span class='ocrx_word' id='word_1_542' title='bbox 317 3854 511 3907; x_wconf 82' lang='grc' dir='ltr'>σοῦτον</span> <span class='ocrx_word' id='word_1_543' title='bbox 549 3854 662 3924; x_wconf 68' lang='grc' dir='ltr'>ἔχει</span> <span class='ocrx_word' id='word_1_544' title='bbox 700 3855 762 3907; x_wconf 81' lang='grc' dir='ltr'>τὸ</span> <span class='ocrx_word' id='word_1_545' title='bbox 790 3855 999 3919; x_wconf 74' lang='grc' dir='ltr'>ἄτονον,</span> <span class='ocrx_word' id='word_1_546' title='bbox 1034 3855 1136 3907; x_wconf 84' lang='grc' dir='ltr'>ὅσα</span> <span class='ocrx_word' id='word_1_547' title='bbox 1178 3870 1243 3922; x_wconf 85' lang='grc' dir='ltr'><strong>γε</strong></span> <span class='ocrx_word' id='word_1_548' title='bbox 1282 3855 1418 3925; x_wconf 78' lang='grc' dir='ltr'>πρὸς</span> <span class='ocrx_word' id='word_1_549' title='bbox 1447 3854 1556 3923; x_wconf 71' lang='grc' dir='ltr'>τὴν</span> <span class='ocrx_word' id='word_1_550' title='bbox 1584 3853 1893 3922; x_wconf 84' lang='grc' dir='ltr'>ἀνασκευὴν</span> 
     </span>
    </p>
   </div>
   <div class='ocr_carea' id='block_1_74' title="bbox 313 3944 1893 4018">
    <p class='ocr_par' dir='ltr' id='par_1_74' title="bbox 313 3944 1893 4018">
     <span class='ocr_line' id='line_1_74' title="bbox 313 3944 1893 4018; baseline -0.016 1"><span class='ocrx_word' id='word_1_551' title='bbox 313 3948 419 4017; x_wconf 65' lang='grc' dir='ltr'><strong>τῆς</strong></span> <span class='ocrx_word' id='word_1_552' title='bbox 453 3947 682 4018; x_wconf 76' lang='grc' dir='ltr'>πλάνης.</span> <span class='ocrx_word' id='word_1_553' title='bbox 734 3949 845 4001; x_wconf 75' lang='grc' dir='ltr'><strong>Καὶ</strong></span> <span class='ocrx_word' id='word_1_554' title='bbox 884 3947 947 4000; x_wconf 73' lang='grc' dir='ltr'>τὸ</span> <span class='ocrx_word' id='word_1_555' title='bbox 996 3948 1180 4015; x_wconf 81' lang='grc' dir='ltr'>τρίτον</span> <span class='ocrx_word' id='word_1_556' title='bbox 1205 3947 1262 4000; x_wconf 86' lang='grc' dir='ltr'><strong>δὲ</strong></span> <span class='ocrx_word' id='word_1_557' title='bbox 1306 3948 1400 3999; x_wconf 74' lang='grc' dir='ltr'>καὶ</span> <span class='ocrx_word' id='word_1_558' title='bbox 1437 3944 1761 4015; x_wconf 76' lang='grc' dir='ltr'>τριακοστὸν</span> <span class='ocrx_word' id='word_1_559' title='bbox 1794 3947 1893 4013; x_wconf 79' lang='grc' dir='ltr'>τῆς</span> 
     </span>
    </p>
   </div>
   <div class='ocr_carea' id='block_1_75' title="bbox 314 4036 1899 4110">
    <p class='ocr_par' dir='ltr' id='par_1_75' title="bbox 314 4036 1899 4110">
     <span class='ocr_line' id='line_1_75' title="bbox 314 4036 1899 4110; baseline -0.004 -16"><span class='ocrx_word' id='word_1_560' title='bbox 314 4039 489 4109; x_wconf 84' lang='grc' dir='ltr'>αὐτῆς</span> <span class='ocrx_word' id='word_1_561' title='bbox 532 4042 647 4093; x_wconf 75' lang='grc' dir='ltr'>ἐστι</span> <span class='ocrx_word' id='word_1_562' title='bbox 697 4041 839 4093; x_wconf 87' lang='grc' dir='ltr'><strong>κατά</strong></span> <span class='ocrx_word' id='word_1_563' title='bbox 876 4038 976 4109; x_wconf 82' lang='grc' dir='ltr'>τὴν</span> <span class='ocrx_word' id='word_1_564' title='bbox 999 4037 1228 4110; x_wconf 86' lang='grc' dir='ltr'>δύναμιν</span> <span class='ocrx_word' id='word_1_565' title='bbox 1261 4038 1433 4101; x_wconf 68' lang='grc' dir='ltr'>ἰδέας·</span> <span class='ocrx_word' id='word_1_566' title='bbox 1461 4037 1499 4091; x_wconf 77' lang='grc' dir='ltr'>ἃ</span> <span class='ocrx_word' id='word_1_567' title='bbox 1521 4036 1630 4108; x_wconf 81' lang='grc' dir='ltr'><strong>γάρ</strong></span> <span class='ocrx_word' id='word_1_568' title='bbox 1664 4038 1744 4101; x_wconf 80' lang='grc' dir='ltr'>εἰς</span> <span class='ocrx_word' id='word_1_569' title='bbox 1767 4038 1899 4089; x_wconf 81' lang='grc' dir='ltr'>ἁνα-</span> 
     </span>
    </p>
   </div>
   <div class='ocr_carea' id='block_1_76' title="bbox 320 4124 1898 4202">
    <p class='ocr_par' dir='ltr' id='par_1_76' title="bbox 320 4124 1898 4202">
     <span class='ocr_line' id='line_1_76' title="bbox 320 4124 1898 4202; baseline -0.003 -19"><span class='ocrx_word' id='word_1_570' title='bbox 320 4131 532 4201; x_wconf 83' lang='grc' dir='ltr'>τροπὴν</span> <span class='ocrx_word' id='word_1_571' title='bbox 554 4130 916 4201; x_wconf 75' lang='grc' dir='ltr'>προϐάλλεται</span> <span class='ocrx_word' id='word_1_572' title='bbox 947 4130 1040 4185; x_wconf 79' lang='grc' dir='ltr'>τοῦ</span> <span class='ocrx_word' id='word_1_573' title='bbox 1076 4130 1152 4202; x_wconf 80' lang='grc' dir='ltr'>μὴ</span> <span class='ocrx_word' id='word_1_574' title='bbox 1189 4132 1423 4199; x_wconf 77' lang='grc' dir='ltr'>σφαῖραν</span> <span class='ocrx_word' id='word_1_575' title='bbox 1448 4124 1589 4181; x_wconf 74' lang='grc' dir='ltr'>εἶναι</span> <span class='ocrx_word' id='word_1_576' title='bbox 1611 4129 1705 4180; x_wconf 84' lang='grc' dir='ltr'>τὸν</span> <span class='ocrx_word' id='word_1_577' title='bbox 1730 4127 1898 4197; x_wconf 83' lang='grc' dir='ltr'>οὐρα-</span> 
     </span>
    </p>
   </div>
   <div class='ocr_carea' id='block_1_77' title="bbox 318 4221 1899 4294">
    <p class='ocr_par' dir='ltr' id='par_1_77' title="bbox 318 4221 1899 4294">
     <span class='ocr_line' id='line_1_77' title="bbox 318 4221 1899 4294; baseline -0.003 -19"><span class='ocrx_word' id='word_1_578' title='bbox 318 4224 434 4289; x_wconf 78' lang='grc' dir='ltr'>νὸν,</span> <span class='ocrx_word' id='word_1_579' title='bbox 464 4224 620 4276; x_wconf 87' lang='grc' dir='ltr'>κοινά</span> <span class='ocrx_word' id='word_1_580' title='bbox 667 4225 734 4276; x_wconf 81' lang='grc' dir='ltr'>ἂν</span> <span class='ocrx_word' id='word_1_581' title='bbox 785 4225 1121 4294; x_wconf 87' lang='grc' dir='ltr'>ἀπορήματα</span> <span class='ocrx_word' id='word_1_582' title='bbox 1169 4222 1256 4292; x_wconf 75' lang='grc' dir='ltr'>εἴη</span> <span class='ocrx_word' id='word_1_583' title='bbox 1314 4222 1408 4275; x_wconf 81' lang='grc' dir='ltr'>καὶ</span> <span class='ocrx_word' id='word_1_584' title='bbox 1452 4221 1591 4289; x_wconf 73' lang='grc' dir='ltr'>πρὸς</span> <span class='ocrx_word' id='word_1_585' title='bbox 1620 4222 1743 4282; x_wconf 81' lang='grc' dir='ltr'>τοὺς</span> <span class='ocrx_word' id='word_1_586' title='bbox 1774 4221 1899 4289; x_wconf 76' lang='grc' dir='ltr'>ἡμι-</span> 
     </span>
    </p>
   </div>
   <div class='ocr_carea' id='block_1_78' title="bbox 320 4312 1899 4385">
    <p class='ocr_par' dir='ltr' id='par_1_78' title="bbox 320 4312 1899 4385">
     <span class='ocr_line' id='line_1_78' title="bbox 320 4312 1899 4385; baseline -0.003 -18"><span class='ocrx_word' id='word_1_587' title='bbox 320 4316 581 4385; x_wconf 76' lang='grc' dir='ltr'>σφαίριον</span> <span class='ocrx_word' id='word_1_588' title='bbox 610 4315 771 4369; x_wconf 80' lang='grc' dir='ltr'>αὑτὸν</span> <span class='ocrx_word' id='word_1_589' title='bbox 825 4316 1073 4379; x_wconf 83' lang='grc' dir='ltr'>τιθέντας</span> <span class='ocrx_word' id='word_1_590' title='bbox 1117 4316 1149 4385; x_wconf 83' lang='grc' dir='ltr'>ἢ</span> <span class='ocrx_word' id='word_1_591' title='bbox 1196 4314 1513 4384; x_wconf 76' lang='grc' dir='ltr'>καμάρανῆ</span> <span class='ocrx_word' id='word_1_592' title='bbox 1546 4330 1595 4364; x_wconf 92' lang='grc' dir='ltr'><strong>τι</strong></span> <span class='ocrx_word' id='word_1_593' title='bbox 1632 4312 1760 4366; x_wconf 83' lang='grc' dir='ltr'>ἄλλο</span> <span class='ocrx_word' id='word_1_594' title='bbox 1791 4312 1899 4364; x_wconf 85' lang='grc' dir='ltr'><strong>τῶν</strong></span> 
     </span>
    </p>
   </div>
   <div class='ocr_carea' id='block_1_79' title="bbox 320 4402 1894 4479">
    <p class='ocr_par' dir='ltr' id='par_1_79' title="bbox 320 4402 1894 4479">
     <span class='ocr_line' id='line_1_79' title="bbox 320 4402 1894 4479; baseline -0.003 -18"><span class='ocrx_word' id='word_1_595' title='bbox 320 4410 725 4478; x_wconf 75' lang='grc' dir='ltr'>παραπλησίων</span> <span class='ocrx_word' id='word_1_596' title='bbox 755 4409 1071 4479; x_wconf 86' lang='grc' dir='ltr'>σχημάτων.</span> <span class='ocrx_word' id='word_1_597' title='bbox 1113 4408 1200 4462; x_wconf 85' lang='grc' dir='ltr'>Ἐν</span> <span class='ocrx_word' id='word_1_598' title='bbox 1220 4402 1301 4470; x_wconf 79' lang='grc' dir='ltr'>οἷς</span> <span class='ocrx_word' id='word_1_599' title='bbox 1329 4409 1421 4459; x_wconf 74' lang='grc' dir='ltr'>καὶ</span> <span class='ocrx_word' id='word_1_600' title='bbox 1450 4408 1478 4458; x_wconf 91' lang='lat'><strong>6</strong></span> <span class='ocrx_word' id='word_1_601' title='bbox 1504 4407 1688 4477; x_wconf 82' lang='grc' dir='ltr'>τρίτος</span> <span class='ocrx_word' id='word_1_602' title='bbox 1716 4405 1894 4472; x_wconf 85' lang='grc' dir='ltr'>λόγος.</span> 
     </span>
    </p>
   </div>
   <div class='ocr_carea' id='block_1_80' title="bbox 2057 3569 3575 3638">
    <p class='ocr_par' dir='ltr' id='par_1_80' title="bbox 2057 3569 3575 3638">
     <span class='ocr_line' id='line_1_80' title="bbox 2057 3569 3575 3638; baseline 0.001 -14"><span class='ocrx_word' id='word_1_603' title='bbox 2057 3572 2300 3626; x_wconf 79' lang='lat' dir='ltr'><strong>Alterum</strong></span> <span class='ocrx_word' id='word_1_604' title='bbox 2352 3584 2480 3624; x_wconf 89' lang='lat' dir='ltr'><strong>vero</strong></span> <span class='ocrx_word' id='word_1_605' title='bbox 2514 3584 2675 3638; x_wconf 87' lang='lat' dir='ltr'><strong>supra</strong></span> <span class='ocrx_word' id='word_1_606' title='bbox 2722 3569 3054 3625; x_wconf 82' lang='lat' dir='ltr'><strong>tricesimum</strong></span> <span class='ocrx_word' id='word_1_607' title='bbox 3106 3570 3241 3624; x_wconf 87' lang='lat' dir='ltr'><strong>nihil</strong></span> <span class='ocrx_word' id='word_1_608' title='bbox 3312 3572 3382 3626; x_wconf 88' lang='lat' dir='ltr'><strong>ad</strong></span> <span class='ocrx_word' id='word_1_609' title='bbox 3432 3572 3575 3627; x_wconf 76' lang='lat' dir='ltr'><strong>refu-</strong></span> 
     </span>
    </p>
   </div>
   <div class='ocr_carea' id='block_1_81' title="bbox 1991 3659 3568 3729">
    <p class='ocr_par' dir='ltr' id='par_1_81' title="bbox 1991 3659 3568 3729">
     <span class='ocr_line' id='line_1_81' title="bbox 1991 3659 3568 3729; baseline -0.004 -12"><span class='ocrx_word' id='word_1_610' title='bbox 1991 3663 2180 3718; x_wconf 86' lang='lat' dir='ltr'><strong>tandos</strong></span> <span class='ocrx_word' id='word_1_611' title='bbox 2210 3661 2553 3715; x_wconf 85' lang='lat' dir='ltr'><strong>adversarios</strong></span> <span class='ocrx_word' id='word_1_612' title='bbox 2578 3659 2753 3723; x_wconf 82' lang='lat' dir='ltr'><strong>atl‘ert,</strong></span> <span class='ocrx_word' id='word_1_613' title='bbox 2778 3660 2928 3729; x_wconf 90' lang='lat' dir='ltr'><strong>quod</strong></span> <span class='ocrx_word' id='word_1_614' title='bbox 2951 3660 3061 3713; x_wconf 88' lang='lat' dir='ltr'><strong>veri</strong></span> <span class='ocrx_word' id='word_1_615' title='bbox 3082 3661 3319 3727; x_wconf 86' lang='lat' dir='ltr'><strong>speciem</strong></span> <span class='ocrx_word' id='word_1_616' title='bbox 3344 3662 3568 3717; x_wconf 88' lang='lat' dir='ltr'><strong>habeat.</strong></span> 
     </span>
    </p>
   </div>
   <div class='ocr_carea' id='block_1_82' title="bbox 1994 3753 3573 3824">
    <p class='ocr_par' dir='ltr' id='par_1_82' title="bbox 1994 3753 3573 3824">
     <span class='ocr_line' id='line_1_82' title="bbox 1994 3753 3573 3824; baseline -0.001 -15"><span class='ocrx_word' id='word_1_617' title='bbox 1994 3753 2101 3809; x_wconf 86' lang='lat' dir='ltr'><strong>Sed</strong></span> <span class='ocrx_word' id='word_1_618' title='bbox 2161 3767 2323 3823; x_wconf 91' lang='lat' dir='ltr'><strong>quam</strong></span> <span class='ocrx_word' id='word_1_619' title='bbox 2397 3753 2516 3820; x_wconf 90' lang='lat' dir='ltr'><strong>pius</strong></span> <span class='ocrx_word' id='word_1_620' title='bbox 2571 3754 2623 3807; x_wconf 90' lang='lat' dir='ltr'><strong>in</strong></span> <span class='ocrx_word' id='word_1_621' title='bbox 2673 3754 2787 3808; x_wconf 90' lang='lat' dir='ltr'><strong>suis</strong></span> <span class='ocrx_word' id='word_1_622' title='bbox 2817 3754 3322 3809; x_wconf 86' lang='lat' dir='ltr'><strong>ratiocinationibus</strong></span> <span class='ocrx_word' id='word_1_623' title='bbox 3348 3765 3573 3824; x_wconf 85' lang='lat' dir='ltr'><strong>apparet</strong></span> 
     </span>
    </p>
   </div>
   <div class='ocr_carea' id='block_1_83' title="bbox 1994 3844 3569 3914">
    <p class='ocr_par' dir='ltr' id='par_1_83' title="bbox 1994 3844 3569 3914">
     <span class='ocr_line' id='line_1_83' title="bbox 1994 3844 3569 3914; baseline -0.002 -13"><span class='ocrx_word' id='word_1_624' title='bbox 1994 3847 2087 3902; x_wconf 86' lang='lat' dir='ltr'><strong>hic</strong></span> <span class='ocrx_word' id='word_1_625' title='bbox 2114 3847 2216 3911; x_wconf 90' lang='lat' dir='ltr'><strong>vir,</strong></span> <span class='ocrx_word' id='word_1_626' title='bbox 2243 3856 2351 3901; x_wconf 90' lang='lat' dir='ltr'><strong>tam</strong></span> <span class='ocrx_word' id='word_1_627' title='bbox 2397 3846 2561 3900; x_wconf 88' lang='lat' dir='ltr'><strong>etiam</strong></span> <span class='ocrx_word' id='word_1_628' title='bbox 2596 3844 2764 3914; x_wconf 86' lang='lat' dir='ltr'><strong>(quod</strong></span> <span class='ocrx_word' id='word_1_629' title='bbox 2806 3846 2999 3899; x_wconf 87' lang='lat' dir='ltr'><strong>saltem</strong></span> <span class='ocrx_word' id='word_1_630' title='bbox 3035 3848 3101 3899; x_wconf 89' lang='lat' dir='ltr'><strong>ad</strong></span> <span class='ocrx_word' id='word_1_631' title='bbox 3127 3848 3334 3901; x_wconf 88' lang='lat' dir='ltr'><strong>erroris</strong></span> <span class='ocrx_word' id='word_1_632' title='bbox 3359 3847 3569 3902; x_wconf 84' lang='lat' dir='ltr'><strong>refuta-</strong></span> 
     </span>
    </p>
   </div>
   <div class='ocr_carea' id='block_1_84' title="bbox 1996 3937 3569 4008">
    <p class='ocr_par' dir='ltr' id='par_1_84' title="bbox 1996 3937 3569 4008">
     <span class='ocr_line' id='line_1_84' title="bbox 1996 3937 3569 4008; baseline 0.001 -17"><span class='ocrx_word' id='word_1_633' title='bbox 1996 3938 2196 3992; x_wconf 88' lang='lat' dir='ltr'><strong>tionem</strong></span> <span class='ocrx_word' id='word_1_634' title='bbox 2210 3938 2421 4008; x_wconf 88' lang='lat' dir='ltr'><strong>attinet)</strong></span> <span class='ocrx_word' id='word_1_635' title='bbox 2455 3937 2765 4007; x_wconf 77' lang='lat' dir='ltr'><strong>languidum</strong></span> <span class='ocrx_word' id='word_1_636' title='bbox 2792 3939 3040 3992; x_wconf 87' lang='lat' dir='ltr'><strong>eumdem</strong></span> <span class='ocrx_word' id='word_1_637' title='bbox 3063 3939 3271 3994; x_wconf 82' lang='lat' dir='ltr'><strong>videas.</strong></span> <span class='ocrx_word' id='word_1_638' title='bbox 3307 3938 3426 3994; x_wconf 86' lang='lat' dir='ltr'><strong>Jam</strong></span> <span class='ocrx_word' id='word_1_639' title='bbox 3461 3948 3569 3993; x_wconf 85' lang='lat' dir='ltr'><strong>ter-</strong></span> 
     </span>
    </p>
   </div>
   <div class='ocr_carea' id='block_1_85' title="bbox 1996 4028 3572 4100">
    <p class='ocr_par' dir='ltr' id='par_1_85' title="bbox 1996 4028 3572 4100">
     <span class='ocr_line' id='line_1_85' title="bbox 1996 4028 3572 4100; baseline 0.001 -16"><span class='ocrx_word' id='word_1_640' title='bbox 1996 4029 2127 4084; x_wconf 91' lang='lat' dir='ltr'><strong>tium</strong></span> <span class='ocrx_word' id='word_1_641' title='bbox 2157 4039 2211 4085; x_wconf 91' lang='lat' dir='ltr'><strong>et</strong></span> <span class='ocrx_word' id='word_1_642' title='bbox 2233 4029 2562 4084; x_wconf 85' lang='lat' dir='ltr'><strong>tricesimum</strong></span> <span class='ocrx_word' id='word_1_643' title='bbox 2594 4037 2759 4096; x_wconf 73' lang='lat' dir='ltr'><strong>caput</strong></span> <span class='ocrx_word' id='word_1_644' title='bbox 2783 4028 3021 4095; x_wconf 81' lang='lat' dir='ltr'><strong>eiusdem</strong></span> <span class='ocrx_word' id='word_1_645' title='bbox 3043 4040 3152 4093; x_wconf 89' lang='lat' dir='ltr'><strong>est,</strong></span> <span class='ocrx_word' id='word_1_646' title='bbox 3184 4033 3362 4100; x_wconf 85' lang='lat' dir='ltr'><strong>quoad</strong></span> <span class='ocrx_word' id='word_1_647' title='bbox 3385 4031 3572 4086; x_wconf 69' lang='lat' dir='ltr'><strong>edica-</strong></span> 
     </span>
    </p>
   </div>
   <div class='ocr_carea' id='block_1_86' title="bbox 1995 4119 3571 4186">
    <p class='ocr_par' dir='ltr' id='par_1_86' title="bbox 1995 4119 3571 4186">
     <span class='ocr_line' id='line_1_86' title="bbox 1995 4119 3571 4186; baseline 0 -12"><span class='ocrx_word' id='word_1_648' title='bbox 1995 4122 2135 4174; x_wconf 89' lang='lat' dir='ltr'><strong>ciam</strong></span> <span class='ocrx_word' id='word_1_649' title='bbox 2167 4120 2375 4175; x_wconf 64' lang='lat' dir='ltr'><strong>formae.</strong></span> <span class='ocrx_word' id='word_1_650' title='bbox 2414 4119 2542 4186; x_wconf 76' lang='lat' dir='ltr'><strong>Quae</strong></span> <span class='ocrx_word' id='word_1_651' title='bbox 2570 4119 2714 4173; x_wconf 86' lang='lat' dir='ltr'><strong>enim</strong></span> <span class='ocrx_word' id='word_1_652' title='bbox 2761 4120 2833 4173; x_wconf 85' lang='lat' dir='ltr'><strong>ibi</strong></span> <span class='ocrx_word' id='word_1_653' title='bbox 2872 4121 2937 4172; x_wconf 91' lang='lat' dir='ltr'><strong>ad</strong></span> <span class='ocrx_word' id='word_1_654' title='bbox 2988 4119 3334 4175; x_wconf 82' lang='lat' dir='ltr'><strong>refutandum</strong></span> <span class='ocrx_word' id='word_1_655' title='bbox 3373 4124 3571 4177; x_wconf 74' lang='lat' dir='ltr'><strong>ctelnm</strong></span> 
     </span>
    </p>
   </div>
   <div class='ocr_carea' id='block_1_87' title="bbox 1996 4208 3574 4281">
    <p class='ocr_par' dir='ltr' id='par_1_87' title="bbox 1996 4208 3574 4281">
     <span class='ocr_line' id='line_1_87' title="bbox 1996 4208 3574 4281; baseline 0.001 -18"><span class='ocrx_word' id='word_1_656' title='bbox 1996 4226 2120 4265; x_wconf 84' lang='lat' dir='ltr'><strong>esse</strong></span> <span class='ocrx_word' id='word_1_657' title='bbox 2154 4211 2442 4265; x_wconf 90' lang='lat' dir='ltr'><strong>rotundum</strong></span> <span class='ocrx_word' id='word_1_658' title='bbox 2474 4208 2649 4273; x_wconf 66' lang='lat' dir='ltr'><strong>aliert,</strong></span> <span class='ocrx_word' id='word_1_659' title='bbox 2682 4211 2893 4281; x_wconf 71' lang='lat' dir='ltr'><strong>212a</strong></span> <span class='ocrx_word' id='word_1_660' title='bbox 2923 4223 3235 4266; x_wconf 87' lang='lat' dir='ltr'><strong>communes</strong></span> <span class='ocrx_word' id='word_1_661' title='bbox 3273 4226 3397 4265; x_wconf 81' lang='lat' dir='ltr'><strong>esse</strong></span> <span class='ocrx_word' id='word_1_662' title='bbox 3429 4211 3574 4265; x_wconf 81' lang='lat' dir='ltr'><strong>difll-</strong></span> 
     </span>
    </p>
   </div>
   <div class='ocr_carea' id='block_1_88' title="bbox 1997 4300 3572 4371">
    <p class='ocr_par' dir='ltr' id='par_1_88' title="bbox 1997 4300 3572 4371">
     <span class='ocr_line' id='line_1_88' title="bbox 1997 4300 3572 4371; baseline 0.001 -18"><span class='ocrx_word' id='word_1_663' title='bbox 1997 4300 2227 4356; x_wconf 84' lang='lat' dir='ltr'><strong>cultates</strong></span> <span class='ocrx_word' id='word_1_664' title='bbox 2262 4312 2467 4371; x_wconf 83' lang='lat' dir='ltr'><strong>queant</strong></span> <span class='ocrx_word' id='word_1_665' title='bbox 2515 4303 2775 4355; x_wconf 78' lang='lat' dir='ltr'><strong>adversus</strong></span> <span class='ocrx_word' id='word_1_666' title='bbox 2819 4316 2934 4366; x_wconf 91' lang='lat' dir='ltr'><strong>eos,</strong></span> <span class='ocrx_word' id='word_1_667' title='bbox 2969 4302 3060 4369; x_wconf 88' lang='lat' dir='ltr'><strong>qni</strong></span> <span class='ocrx_word' id='word_1_668' title='bbox 3101 4302 3572 4370; x_wconf 71' lang='lat' dir='ltr'><strong>hemisphmricnm</strong></span> 
     </span>
    </p>
   </div>
   <div class='ocr_carea' id='block_1_89' title="bbox 2004 4391 3569 4456">
    <p class='ocr_par' dir='ltr' id='par_1_89' title="bbox 2004 4391 3569 4456">
     <span class='ocr_line' id='line_1_89' title="bbox 2004 4391 3569 4456; baseline 0.001 -12"><span class='ocrx_word' id='word_1_669' title='bbox 2004 4391 2139 4444; x_wconf 86' lang='lat' dir='ltr'><strong>illud</strong></span> <span class='ocrx_word' id='word_1_670' title='bbox 2171 4406 2295 4445; x_wconf 90' lang='lat' dir='ltr'><strong>esse</strong></span> <span class='ocrx_word' id='word_1_671' title='bbox 2345 4402 2610 4455; x_wconf 86' lang='lat' dir='ltr'><strong>statuunt,</strong></span> <span class='ocrx_word' id='word_1_672' title='bbox 2646 4392 2729 4445; x_wconf 86' lang='lat' dir='ltr'><strong>vel</strong></span> <span class='ocrx_word' id='word_1_673' title='bbox 2752 4391 2978 4444; x_wconf 88' lang='lat' dir='ltr'><strong>fornicis</strong></span> <span class='ocrx_word' id='word_1_674' title='bbox 3016 4394 3067 4445; x_wconf 92' lang='lat' dir='ltr'><strong>in</strong></span> <span class='ocrx_word' id='word_1_675' title='bbox 3106 4394 3320 4445; x_wconf 85' lang='lat' dir='ltr'><strong>modum</strong></span> <span class='ocrx_word' id='word_1_676' title='bbox 3353 4407 3569 4456; x_wconf 80' lang='lat' dir='ltr'><strong>cavum,</strong></span> 
     </span>
    </p>
   </div>
   <div class='ocr_carea' id='block_1_90' title="bbox 2009 4481 3575 4550">
    <p class='ocr_par' dir='ltr' id='par_1_90' title="bbox 2009 4481 3575 4550">
     <span class='ocr_line' id='line_1_90' title="bbox 2009 4481 3575 4550; baseline 0.004 -18"><span class='ocrx_word' id='word_1_677' title='bbox 2009 4483 2091 4536; x_wconf 91' lang='lat' dir='ltr'><strong>vel</strong></span> <span class='ocrx_word' id='word_1_678' title='bbox 2128 4482 2363 4536; x_wconf 82' lang='lat' dir='ltr'><strong>similem</strong></span> <span class='ocrx_word' id='word_1_679' title='bbox 2404 4483 2451 4535; x_wconf 92' lang='lat' dir='ltr'><strong>ei</strong></span> <span class='ocrx_word' id='word_1_680' title='bbox 2488 4483 2721 4550; x_wconf 84' lang='lat' dir='ltr'><strong>aliquam</strong></span> <span class='ocrx_word' id='word_1_681' title='bbox 2764 4481 2991 4536; x_wconf 85' lang='lat' dir='ltr'><strong>formam</strong></span> <span class='ocrx_word' id='word_1_682' title='bbox 3043 4484 3305 4537; x_wconf 89' lang='lat' dir='ltr'><strong>tribuunt.</strong></span> <span class='ocrx_word' id='word_1_683' title='bbox 3360 4483 3463 4538; x_wconf 86' lang='lat' dir='ltr'><strong>Ubi</strong></span> <span class='ocrx_word' id='word_1_684' title='bbox 3520 4495 3575 4540; x_wconf 86' lang='lat' dir='ltr'><strong>et</strong></span> 
     </span>
    </p>
   </div>
   <div class='ocr_carea' id='block_1_91' title="bbox 1935 4562 2605 4629">
    <p class='ocr_par' dir='ltr' id='par_1_91' title="bbox 1935 4562 2605 4629">
     <span class='ocr_line' id='line_1_91' title="bbox 1935 4562 2605 4629; baseline -0.006 0"><span class='ocrx_word' id='word_1_685' title='bbox 1935 4562 1975 4614; x_wconf 86' lang='lat' dir='ltr'><strong>D</strong></span> <span class='ocrx_word' id='word_1_686' title='bbox 2012 4574 2200 4629; x_wconf 84' lang='lat' dir='ltr'><strong>tertius</strong></span> <span class='ocrx_word' id='word_1_687' title='bbox 2225 4573 2361 4628; x_wconf 90' lang='lat' dir='ltr'><strong>liber</strong></span> <span class='ocrx_word' id='word_1_688' title='bbox 2388 4573 2605 4628; x_wconf 84' lang='lat' dir='ltr'><strong>desinit.</strong></span> 
     </span>
    </p>
   </div>
   <div class='ocr_carea' id='block_1_92' title="bbox 408 4665 1887 4744">
    <p class='ocr_par' dir='ltr' id='par_1_92' title="bbox 408 4672 1887 4744">
     <span class='ocr_line' id='line_1_92' title="bbox 408 4672 1887 4744; baseline -0.003 -17"><span class='ocrx_word' id='word_1_689' title='bbox 408 4675 499 4727; x_wconf 81' lang='grc' dir='ltr'>Ἐν</span> <span class='ocrx_word' id='word_1_690' title='bbox 548 4674 602 4726; x_wconf 81' lang='grc' dir='ltr'><strong>δὲ</strong></span> <span class='ocrx_word' id='word_1_691' title='bbox 651 4673 731 4744; x_wconf 84' lang='grc' dir='ltr'>τῷ</span> <span class='ocrx_word' id='word_1_692' title='bbox 758 4673 801 4727; x_wconf 87' lang='grc' dir='ltr'><strong>δ’</strong></span> <span class='ocrx_word' id='word_1_693' title='bbox 837 4672 937 4742; x_wconf 76' lang='grc' dir='ltr'>μὲν</span> <span class='ocrx_word' id='word_1_694' title='bbox 964 4673 1130 4743; x_wconf 87' lang='grc' dir='ltr'>λόγῳ,</span> <span class='ocrx_word' id='word_1_695' title='bbox 1161 4672 1203 4724; x_wconf 82' lang='grc' dir='ltr'>λ’</span> <span class='ocrx_word' id='word_1_696' title='bbox 1233 4673 1291 4725; x_wconf 83' lang='grc' dir='ltr'><strong>δὲ</strong></span> <span class='ocrx_word' id='word_1_697' title='bbox 1338 4672 1377 4724; x_wconf 80' lang='grc' dir='ltr'><strong>δ’</strong></span> <span class='ocrx_word' id='word_1_698' title='bbox 1417 4672 1697 4740; x_wconf 82' lang='grc' dir='ltr'>κεφαλαίῳ</span> <span class='ocrx_word' id='word_1_699' title='bbox 1745 4673 1838 4723; x_wconf 76' lang='grc' dir='ltr'>καὶ</span> <span class='ocrx_word' id='word_1_700' title='bbox 1863 4687 1887 4723; x_wconf 85' lang='grc' dir='ltr'><strong>ε</strong></span> 
     </span>
    </p>
   </div>
   <div class='ocr_carea' id='block_1_93' title="bbox 1992 4665 3572 4744">
    <p class='ocr_par' dir='ltr' id='par_1_93' title="bbox 2072 4665 3572 4734">
     <span class='ocr_line' id='line_1_93' title="bbox 2072 4665 3572 4734; baseline 0.001 -16"><span class='ocrx_word' id='word_1_701' title='bbox 2072 4667 2277 4733; x_wconf 87' lang='lat' dir='ltr'><strong>Quarto</strong></span> <span class='ocrx_word' id='word_1_702' title='bbox 2316 4668 2513 4720; x_wconf 84' lang='lat' dir='ltr'><strong>dehinc</strong></span> <span class='ocrx_word' id='word_1_703' title='bbox 2538 4666 2694 4729; x_wconf 86' lang='lat' dir='ltr'><strong>libro,</strong></span> <span class='ocrx_word' id='word_1_704' title='bbox 2717 4665 2895 4734; x_wconf 87' lang='lat' dir='ltr'><strong>capite</strong></span> <span class='ocrx_word' id='word_1_705' title='bbox 2917 4679 3043 4720; x_wconf 89' lang='lat' dir='ltr'><strong>vero</strong></span> <span class='ocrx_word' id='word_1_706' title='bbox 3062 4667 3337 4721; x_wconf 85' lang='lat' dir='ltr'><strong>tricesimo</strong></span> <span class='ocrx_word' id='word_1_707' title='bbox 3358 4675 3572 4733; x_wconf 86' lang='lat' dir='ltr'><strong>quarto,</strong></span> 
     </span>
    </p>
   </div>
   <div class='ocr_carea' id='block_1_94' title="bbox 321 4756 1887 4834">
    <p class='ocr_par' dir='ltr' id='par_1_94' title="bbox 321 4762 1887 4834">
     <span class='ocr_line' id='line_1_94' title="bbox 321 4762 1887 4834; baseline -0.004 -15"><span class='ocrx_word' id='word_1_708' title='bbox 321 4766 424 4820; x_wconf 81' lang='grc' dir='ltr'>καὶ</span> <span class='ocrx_word' id='word_1_709' title='bbox 454 4772 529 4831; x_wconf 81' lang='grc' dir='ltr'>ς’,</span> <span class='ocrx_word' id='word_1_710' title='bbox 556 4765 774 4830; x_wconf 81' lang='grc' dir='ltr'>διέξεισι</span> <span class='ocrx_word' id='word_1_711' title='bbox 794 4765 967 4818; x_wconf 76' lang='grc' dir='ltr'>ταῦτα</span> <span class='ocrx_word' id='word_1_712' title='bbox 989 4782 1003 4797; x_wconf 74' lang='grc' dir='ltr'><strong>ο</strong></span> <span class='ocrx_word' id='word_1_713' title='bbox 1038 4764 1168 4818; x_wconf 86' lang='grc' dir='ltr'><strong>Ἀπὸ</strong></span> <span class='ocrx_word' id='word_1_714' title='bbox 1196 4764 1295 4834; x_wconf 81' lang='grc' dir='ltr'>τῆς</span> <span class='ocrx_word' id='word_1_715' title='bbox 1325 4764 1587 4833; x_wconf 83' lang='grc' dir='ltr'>διαφορᾶς</span> <span class='ocrx_word' id='word_1_716' title='bbox 1612 4762 1680 4831; x_wconf 80' lang='grc' dir='ltr'>ἢν</span> <span class='ocrx_word' id='word_1_717' title='bbox 1710 4763 1822 4831; x_wconf 82' lang='grc' dir='ltr'>εχει</span> <span class='ocrx_word' id='word_1_718' title='bbox 1844 4762 1887 4813; x_wconf 74' lang='grc' dir='ltr'>τε</span> 
     </span>
    </p>
   </div>
   <div class='ocr_carea' id='block_1_95' title="bbox 1992 4756 3573 4834">
    <p class='ocr_par' dir='ltr' id='par_1_95' title="bbox 2000 4756 3573 4828">
     <span class='ocr_line' id='line_1_95' title="bbox 2000 4756 3573 4828; baseline 0.003 -19"><span class='ocrx_word' id='word_1_719' title='bbox 2000 4758 2189 4828; x_wconf 88' lang='lat' dir='ltr'><strong>quinto</strong></span> <span class='ocrx_word' id='word_1_720' title='bbox 2217 4766 2271 4811; x_wconf 90' lang='lat' dir='ltr'><strong>et</strong></span> <span class='ocrx_word' id='word_1_721' title='bbox 2308 4769 2481 4823; x_wconf 79' lang='lat' dir='ltr'><strong>sexto,</strong></span> <span class='ocrx_word' id='word_1_722' title='bbox 2530 4758 2645 4811; x_wconf 74' lang='lat' dir='ltr'><strong>hzec</strong></span> <span class='ocrx_word' id='word_1_723' title='bbox 2702 4758 2816 4810; x_wconf 86' lang='lat' dir='ltr'><strong>fere</strong></span> <span class='ocrx_word' id='word_1_724' title='bbox 2876 4767 3093 4812; x_wconf 86' lang='lat' dir='ltr'><strong>tractat.</strong></span> <span class='ocrx_word' id='word_1_725' title='bbox 3167 4756 3207 4810; x_wconf 86' lang='lat' dir='ltr'><strong>E</strong></span> <span class='ocrx_word' id='word_1_726' title='bbox 3239 4759 3573 4824; x_wconf 85' lang='lat' dir='ltr'><strong>diversitate,</strong></span> 
     </span>
    </p>
   </div>
   <div class='ocr_carea' id='block_1_96' title="bbox 320 4845 1887 4929">
    <p class='ocr_par' dir='ltr' id='par_1_96' title="bbox 320 4854 1887 4929">
     <span class='ocr_line' id='line_1_96' title="bbox 320 4854 1887 4929; baseline -0.003 -18"><span class='ocrx_word' id='word_1_727' title='bbox 320 4857 644 4927; x_wconf 79' lang='grc' dir='ltr'>οἰκούμενον</span> <span class='ocrx_word' id='word_1_728' title='bbox 674 4858 811 4928; x_wconf 68' lang='grc' dir='ltr'>πρὸς</span> <span class='ocrx_word' id='word_1_729' title='bbox 842 4858 905 4911; x_wconf 80' lang='grc' dir='ltr'>τὸ</span> <span class='ocrx_word' id='word_1_730' title='bbox 946 4858 1201 4929; x_wconf 83' lang='grc' dir='ltr'>ἀοίκητον</span> <span class='ocrx_word' id='word_1_731' title='bbox 1236 4859 1328 4909; x_wconf 75' lang='grc' dir='ltr'>καὶ</span> <span class='ocrx_word' id='word_1_732' title='bbox 1348 4857 1418 4927; x_wconf 83' lang='grc' dir='ltr'>ἢν</span> <span class='ocrx_word' id='word_1_733' title='bbox 1440 4855 1575 4925; x_wconf 81' lang='grc' dir='ltr'>πρὸς</span> <span class='ocrx_word' id='word_1_734' title='bbox 1600 4854 1805 4922; x_wconf 72' lang='grc' dir='ltr'>ἄλληλα</span> <span class='ocrx_word' id='word_1_735' title='bbox 1838 4855 1887 4906; x_wconf 74' lang='grc' dir='ltr'><em>τέ</em></span> 
     </span>
    </p>
   </div>
   <div class='ocr_carea' id='block_1_97' title="bbox 1992 4845 3576 4929">
    <p class='ocr_par' dir='ltr' id='par_1_97' title="bbox 2002 4845 3576 4917">
     <span class='ocr_line' id='line_1_97' title="bbox 2002 4845 3576 4917; baseline -0.001 -16"><span class='ocrx_word' id='word_1_736' title='bbox 2002 4863 2123 4917; x_wconf 70' lang='lat' dir='ltr'><strong>qua:</strong></span> <span class='ocrx_word' id='word_1_737' title='bbox 2155 4862 2277 4901; x_wconf 91' lang='lat' dir='ltr'><strong>cum</strong></span> <span class='ocrx_word' id='word_1_738' title='bbox 2310 4848 2453 4901; x_wconf 88' lang='lat' dir='ltr'><strong>inter</strong></span> <span class='ocrx_word' id='word_1_739' title='bbox 2483 4845 2838 4902; x_wconf 83' lang='lat' dir='ltr'><strong>habitabilem</strong></span> <span class='ocrx_word' id='word_1_740' title='bbox 2864 4847 3014 4901; x_wconf 89' lang='lat' dir='ltr'><strong>orbis</strong></span> <span class='ocrx_word' id='word_1_741' title='bbox 3054 4857 3264 4915; x_wconf 82' lang='lat' dir='ltr'><strong>partem</strong></span> <span class='ocrx_word' id='word_1_742' title='bbox 3298 4856 3460 4917; x_wconf 84' lang='lat' dir='ltr'><strong>atque</strong></span> <span class='ocrx_word' id='word_1_743' title='bbox 3496 4849 3576 4900; x_wconf 81' lang='lat' dir='ltr'><strong>in-</strong></span> 
     </span>
    </p>
   </div>
   <div class='ocr_carea' id='block_1_98' title="bbox 323 4936 1887 5020">
    <p class='ocr_par' dir='ltr' id='par_1_98' title="bbox 323 4946 1882 5020">
     <span class='ocr_line' id='line_1_98' title="bbox 323 4946 1882 5020; baseline -0.004 -16"><span class='ocrx_word' id='word_1_744' title='bbox 323 4950 573 5020; x_wconf 77' lang='grc' dir='ltr'>κλίματα</span> <span class='ocrx_word' id='word_1_745' title='bbox 620 4951 828 5019; x_wconf 80' lang='grc' dir='ltr'>ἔχουσι,</span> <span class='ocrx_word' id='word_1_746' title='bbox 874 4950 975 5019; x_wconf 80' lang='grc' dir='ltr'><strong>τήν</strong></span> <span class='ocrx_word' id='word_1_747' title='bbox 1020 4948 1334 5018; x_wconf 80' lang='grc' dir='ltr'>ἀνατροπὴν</span> <span class='ocrx_word' id='word_1_748' title='bbox 1367 4946 1465 5018; x_wconf 82' lang='grc' dir='ltr'>τῆς</span> <span class='ocrx_word' id='word_1_749' title='bbox 1496 4946 1761 5013; x_wconf 78' lang='grc' dir='ltr'>γενέσεως</span> <span class='ocrx_word' id='word_1_750' title='bbox 1784 4947 1882 5015; x_wconf 76' lang='grc' dir='ltr'><strong>ήτο</strong></span> 
     </span>
    </p>
   </div>
   <div class='ocr_carea' id='block_1_99' title="bbox 1992 4936 3580 5020">
    <p class='ocr_par' dir='ltr' id='par_1_99' title="bbox 2005 4936 3580 5005">
     <span class='ocr_line' id='line_1_99' title="bbox 2005 4936 3580 5005; baseline 0.001 -14"><span class='ocrx_word' id='word_1_751' title='bbox 2005 4937 2376 4999; x_wconf 85' lang='lat' dir='ltr'><strong>habitabilem,</strong></span> <span class='ocrx_word' id='word_1_752' title='bbox 2417 4945 2529 4990; x_wconf 93' lang='lat' dir='ltr'><strong>tum</strong></span> <span class='ocrx_word' id='word_1_753' title='bbox 2580 4937 2722 4991; x_wconf 89' lang='lat' dir='ltr'><strong>inter</strong></span> <span class='ocrx_word' id='word_1_754' title='bbox 2754 4936 2867 5005; x_wconf 87' lang='lat' dir='ltr'><strong>ipsa</strong></span> <span class='ocrx_word' id='word_1_755' title='bbox 2927 4937 3159 4992; x_wconf 84' lang='lat' dir='ltr'><strong>invicem</strong></span> <span class='ocrx_word' id='word_1_756' title='bbox 3209 4937 3427 4992; x_wconf 86' lang='lat' dir='ltr'><strong>climata</strong></span> <span class='ocrx_word' id='word_1_757' title='bbox 3498 4952 3580 4992; x_wconf 86' lang='lat' dir='ltr'><strong>re-</strong></span> 
     </span>
    </p>
   </div>
   <div class='ocr_carea' id='block_1_100' title="bbox 324 5028 1887 5113">
    <p class='ocr_par' dir='ltr' id='par_1_100' title="bbox 324 5037 1887 5113">
     <span class='ocr_line' id='line_1_100' title="bbox 324 5037 1887 5113; baseline -0.003 -19"><span class='ocrx_word' id='word_1_758' title='bbox 324 5043 426 5113; x_wconf 83' lang='grc' dir='ltr'>τῆς</span> <span class='ocrx_word' id='word_1_759' title='bbox 455 5039 793 5113; x_wconf 72' lang='grc' dir='ltr'>εἱμαρμένης</span> <span class='ocrx_word' id='word_1_760' title='bbox 822 5046 1076 5095; x_wconf 82' lang='grc' dir='ltr'>ποιεῖται.</span> <span class='ocrx_word' id='word_1_761' title='bbox 1110 5043 1245 5113; x_wconf 76' lang='grc' dir='ltr'>Φησὶ</span> <span class='ocrx_word' id='word_1_762' title='bbox 1276 5042 1406 5112; x_wconf 78' lang='grc' dir='ltr'>γὰρ,</span> <span class='ocrx_word' id='word_1_763' title='bbox 1441 5039 1572 5092; x_wconf 81' lang='grc' dir='ltr'>ποία</span> <span class='ocrx_word' id='word_1_764' title='bbox 1606 5037 1712 5091; x_wconf 87' lang='grc' dir='ltr'><strong>τῶν</strong></span> <span class='ocrx_word' id='word_1_765' title='bbox 1736 5037 1887 5090; x_wconf 80' lang='grc' dir='ltr'>ἀστέ·</span> 
     </span>
    </p>
   </div>
   <div class='ocr_carea' id='block_1_101' title="bbox 1992 5028 3576 5113">
    <p class='ocr_par' dir='ltr' id='par_1_101' title="bbox 1996 5028 3576 5098">
     <span class='ocr_line' id='line_1_101' title="bbox 1996 5028 3576 5098; baseline 0.001 -17"><span class='ocrx_word' id='word_1_766' title='bbox 1996 5028 2221 5097; x_wconf 88' lang='lat' dir='ltr'><strong>peritur,</strong></span> <span class='ocrx_word' id='word_1_767' title='bbox 2290 5028 2526 5082; x_wconf 85' lang='lat' dir='ltr'><strong>refutare</strong></span> <span class='ocrx_word' id='word_1_768' title='bbox 2573 5028 2792 5097; x_wconf 78' lang='lat' dir='ltr'><strong>genesin</strong></span> <span class='ocrx_word' id='word_1_769' title='bbox 2834 5029 2949 5081; x_wconf 85' lang='lat' dir='ltr'><strong>sive</strong></span> <span class='ocrx_word' id='word_1_770' title='bbox 3005 5028 3173 5082; x_wconf 84' lang='lat' dir='ltr'><strong>fatum</strong></span> <span class='ocrx_word' id='word_1_771' title='bbox 3233 5030 3576 5098; x_wconf 70' lang='lat' dir='ltr'><strong>aggreditur.</strong></span> 
     </span>
    </p>
   </div>
   <div class='ocr_carea' id='block_1_102' title="bbox 334 5119 1887 5203">
    <p class='ocr_par' dir='ltr' id='par_1_102' title="bbox 334 5125 1887 5203">
     <span class='ocr_line' id='line_1_102' title="bbox 334 5125 1887 5203; baseline -0.003 -18"><span class='ocrx_word' id='word_1_772' title='bbox 334 5150 445 5202; x_wconf 87' lang='grc' dir='ltr'><strong>ρων</strong></span> <span class='ocrx_word' id='word_1_773' title='bbox 490 5134 783 5203; x_wconf 74' lang='grc' dir='ltr'>ἐργάζεται</span> <span class='ocrx_word' id='word_1_774' title='bbox 830 5135 1044 5202; x_wconf 83' lang='grc' dir='ltr'>κίνησις</span> <span class='ocrx_word' id='word_1_775' title='bbox 1092 5134 1191 5203; x_wconf 82' lang='grc' dir='ltr'>τὴν</span> <span class='ocrx_word' id='word_1_776' title='bbox 1240 5134 1338 5203; x_wconf 81' lang='grc' dir='ltr'>μὲν</span> <span class='ocrx_word' id='word_1_777' title='bbox 1370 5132 1624 5203; x_wconf 77' lang='grc' dir='ltr'>ἀοίκητον</span> <span class='ocrx_word' id='word_1_778' title='bbox 1660 5125 1798 5182; x_wconf 74' lang='grc' dir='ltr'>εἶναι</span> <span class='ocrx_word' id='word_1_779' title='bbox 1831 5130 1887 5181; x_wconf 88' lang='grc' dir='ltr'>δι</span> 
     </span>
    </p>
   </div>
   <div class='ocr_carea' id='block_1_103' title="bbox 1992 5119 3579 5203">
    <p class='ocr_par' dir='ltr' id='par_1_103' title="bbox 1999 5119 3579 5187">
     <span class='ocr_line' id='line_1_103' title="bbox 1999 5119 3579 5187; baseline -0.001 -14"><span class='ocrx_word' id='word_1_780' title='bbox 1999 5119 2257 5184; x_wconf 86' lang='lat' dir='ltr'><strong>Quisnam</strong></span> <span class='ocrx_word' id='word_1_781' title='bbox 2281 5121 2424 5174; x_wconf 88' lang='lat' dir='ltr'><strong>enim</strong></span> <span class='ocrx_word' id='word_1_782' title='bbox 2478 5130 2747 5174; x_wconf 87' lang='lat' dir='ltr'><strong>astrorum</strong></span> <span class='ocrx_word' id='word_1_783' title='bbox 2776 5120 2865 5174; x_wconf 92' lang='lat' dir='ltr'><strong>ille</strong></span> <span class='ocrx_word' id='word_1_784' title='bbox 2892 5131 3068 5175; x_wconf 88' lang='lat' dir='ltr'><strong>motus</strong></span> <span class='ocrx_word' id='word_1_785' title='bbox 3120 5131 3225 5185; x_wconf 87' lang='lat' dir='ltr'><strong>est,</strong></span> <span class='ocrx_word' id='word_1_786' title='bbox 3262 5124 3579 5187; x_wconf 80' lang='lat' dir='ltr'><strong>interrogat,</strong></span> 
     </span>
    </p>
   </div>
   <div class='ocr_carea' id='block_1_104' title="bbox 332 5211 1887 5294">
    <p class='ocr_par' dir='ltr' id='par_1_104' title="bbox 332 5220 1887 5294">
     <span class='ocr_line' id='line_1_104' title="bbox 332 5220 1887 5294; baseline 0.001 -22"><span class='ocrx_word' id='word_1_787' title='bbox 332 5221 641 5291; x_wconf 72' lang='grc' dir='ltr'>ὑπερϐολὴν</span> <span class='ocrx_word' id='word_1_788' title='bbox 680 5222 907 5292; x_wconf 77' lang='grc' dir='ltr'>ψύχους,</span> <span class='ocrx_word' id='word_1_789' title='bbox 936 5225 1032 5294; x_wconf 82' lang='grc' dir='ltr'>τὴν</span> <span class='ocrx_word' id='word_1_790' title='bbox 1076 5224 1132 5276; x_wconf 81' lang='grc' dir='ltr'><strong>δὲ</strong></span> <span class='ocrx_word' id='word_1_791' title='bbox 1160 5224 1228 5276; x_wconf 80' lang='grc' dir='ltr'><strong>δι’</strong></span> <span class='ocrx_word' id='word_1_792' title='bbox 1260 5222 1567 5293; x_wconf 73' lang='grc' dir='ltr'>ὑπερϐολὴν</span> <span class='ocrx_word' id='word_1_793' title='bbox 1597 5220 1887 5290; x_wconf 84' lang='grc' dir='ltr'>καύματος.</span> 
     </span>
    </p>
   </div>
   <div class='ocr_carea' id='block_1_105' title="bbox 1992 5211 3575 5294">
    <p class='ocr_par' dir='ltr' id='par_1_105' title="bbox 2000 5211 3575 5282">
     <span class='ocr_line' id='line_1_105' title="bbox 2000 5211 3575 5282; baseline 0.001 -17"><span class='ocrx_word' id='word_1_794' title='bbox 2000 5226 2109 5280; x_wconf 91' lang='lat' dir='ltr'><strong>quo</strong></span> <span class='ocrx_word' id='word_1_795' title='bbox 2142 5212 2222 5277; x_wconf 81' lang='lat' dir='ltr'><strong>lit,</strong></span> <span class='ocrx_word' id='word_1_796' title='bbox 2277 5211 2531 5265; x_wconf 86' lang='lat' dir='ltr'><strong>utaltera</strong></span> <span class='ocrx_word' id='word_1_797' title='bbox 2565 5212 2787 5282; x_wconf 88' lang='lat' dir='ltr'><strong>quidem</strong></span> <span class='ocrx_word' id='word_1_798' title='bbox 2818 5222 2977 5267; x_wconf 73' lang='lat' dir='ltr'><strong>terra:</strong></span> <span class='ocrx_word' id='word_1_799' title='bbox 2996 5228 3121 5281; x_wconf 89' lang='lat' dir='ltr'><strong>pars</strong></span> <span class='ocrx_word' id='word_1_800' title='bbox 3166 5216 3237 5267; x_wconf 86' lang='lat' dir='ltr'><strong>ob</strong></span> <span class='ocrx_word' id='word_1_801' title='bbox 3281 5212 3451 5281; x_wconf 75' lang='lat' dir='ltr'><strong>frigus</strong></span> <span class='ocrx_word' id='word_1_802' title='bbox 3500 5215 3575 5266; x_wconf 83' lang='lat' dir='ltr'><strong>ni-</strong></span> 
     </span>
    </p>
   </div>
   <div class='ocr_carea' id='block_1_106' title="bbox 331 5297 1887 5391">
    <p class='ocr_par' dir='ltr' id='par_1_106' title="bbox 331 5312 1887 5391">
     <span class='ocr_line' id='line_1_106' title="bbox 331 5312 1887 5391; baseline -0.001 -26"><span class='ocrx_word' id='word_1_803' title='bbox 331 5315 430 5366; x_wconf 82' lang='grc' dir='ltr'>καὶ</span> <span class='ocrx_word' id='word_1_804' title='bbox 459 5314 559 5383; x_wconf 78' lang='grc' dir='ltr'>τὴν</span> <span class='ocrx_word' id='word_1_805' title='bbox 594 5315 692 5385; x_wconf 82' lang='grc' dir='ltr'>μὲν</span> <span class='ocrx_word' id='word_1_806' title='bbox 731 5315 819 5369; x_wconf 85' lang='grc' dir='ltr'>διὰ</span> <span class='ocrx_word' id='word_1_807' title='bbox 863 5317 1063 5379; x_wconf 75' lang='grc' dir='ltr'>παντὸς</span> <span class='ocrx_word' id='word_1_808' title='bbox 1111 5317 1264 5391; x_wconf 85' lang='grc' dir='ltr'>μόλις</span> <span class='ocrx_word' id='word_1_809' title='bbox 1294 5314 1565 5368; x_wconf 73' lang='grc' dir='ltr'>οἰκεῖσθαι</span> <span class='ocrx_word' id='word_1_810' title='bbox 1592 5312 1887 5383; x_wconf 59' lang='grc' dir='ltr'>τηκομένηι</span> 
     </span>
    </p>
   </div>
   <div class='ocr_carea' id='block_1_107' title="bbox 1992 5297 3582 5391">
    <p class='ocr_par' dir='ltr' id='par_1_107' title="bbox 2006 5297 3582 5368">
     <span class='ocr_line' id='line_1_107' title="bbox 2006 5297 3582 5368; baseline 0 -11"><span class='ocrx_word' id='word_1_811' title='bbox 2006 5305 2192 5368; x_wconf 89' lang='lat' dir='ltr'><strong>mium,</strong></span> <span class='ocrx_word' id='word_1_812' title='bbox 2242 5304 2409 5357; x_wconf 83' lang='lat' dir='ltr'><strong>altera</strong></span> <span class='ocrx_word' id='word_1_813' title='bbox 2468 5306 2537 5359; x_wconf 89' lang='lat' dir='ltr'><strong>ob</strong></span> <span class='ocrx_word' id='word_1_814' title='bbox 2584 5305 2977 5359; x_wconf 85' lang='lat' dir='ltr'><strong>intolerabilem</strong></span> <span class='ocrx_word' id='word_1_815' title='bbox 3055 5306 3287 5359; x_wconf 87' lang='lat' dir='ltr'><strong>calorem</strong></span> <span class='ocrx_word' id='word_1_816' title='bbox 3347 5297 3582 5359; x_wconf 68' lang='lat' dir='ltr'><strong>habitari</strong></span> 
     </span>
    </p>
   </div>
   <div class='ocr_carea' id='block_1_108' title="bbox 328 5395 1887 5476">
    <p class='ocr_par' dir='ltr' id='par_1_108' title="bbox 328 5401 1883 5476">
     <span class='ocr_line' id='line_1_108' title="bbox 328 5401 1883 5476; baseline -0.001 -22"><span class='ocrx_word' id='word_1_817' title='bbox 328 5401 410 5472; x_wconf 84' lang='grc' dir='ltr'>τῷ</span> <span class='ocrx_word' id='word_1_818' title='bbox 444 5406 705 5473; x_wconf 83' lang='grc' dir='ltr'>καύματι,</span> <span class='ocrx_word' id='word_1_819' title='bbox 733 5406 832 5475; x_wconf 85' lang='grc' dir='ltr'>τὴν</span> <span class='ocrx_word' id='word_1_820' title='bbox 870 5407 925 5458; x_wconf 83' lang='grc' dir='ltr'>δὲ</span> <span class='ocrx_word' id='word_1_821' title='bbox 960 5405 1235 5476; x_wconf 82' lang='grc' dir='ltr'>δυσχερῶς</span> <span class='ocrx_word' id='word_1_822' title='bbox 1263 5405 1464 5475; x_wconf 82' lang='grc' dir='ltr'>ὁμοίως</span> <span class='ocrx_word' id='word_1_823' title='bbox 1493 5403 1817 5472; x_wconf 81' lang='grc' dir='ltr'>οἰκουμένην</span> <span class='ocrx_word' id='word_1_824' title='bbox 1836 5401 1883 5432; x_wconf 81' lang='grc'><strong>⁸⁸</strong></span> 
     </span>
    </p>
   </div>
   <div class='ocr_carea' id='block_1_109' title="bbox 1992 5395 3582 5476">
    <p class='ocr_par' dir='ltr' id='par_1_109' title="bbox 2005 5395 3582 5466">
     <span class='ocr_line' id='line_1_109' title="bbox 2005 5395 3582 5466; baseline 0.001 -19"><span class='ocrx_word' id='word_1_825' title='bbox 2005 5395 2228 5449; x_wconf 84' lang='lat' dir='ltr'><strong>omnino</strong></span> <span class='ocrx_word' id='word_1_826' title='bbox 2278 5396 2559 5464; x_wconf 85' lang='lat' dir='ltr'><strong>nequeat?</strong></span> <span class='ocrx_word' id='word_1_827' title='bbox 2589 5411 2913 5466; x_wconf 87' lang='lat' dir='ltr'><strong>rursumque</strong></span> <span class='ocrx_word' id='word_1_828' title='bbox 2947 5398 3049 5449; x_wconf 87' lang='lat' dir='ltr'><strong>alia</strong></span> <span class='ocrx_word' id='word_1_829' title='bbox 3094 5399 3178 5450; x_wconf 89' lang='lat' dir='ltr'><strong>vel</strong></span> <span class='ocrx_word' id='word_1_830' title='bbox 3220 5406 3477 5466; x_wconf 87' lang='lat' dir='ltr'><strong>perpetuo</strong></span> <span class='ocrx_word' id='word_1_831' title='bbox 3513 5397 3582 5449; x_wconf 84' lang='lat' dir='ltr'><strong>li-</strong></span> 
     </span>
    </p>
   </div>
   <div class='ocr_carea' id='block_1_110' title="bbox 330 5488 1887 5564">
    <p class='ocr_par' dir='ltr' id='par_1_110' title="bbox 330 5490 1887 5564">
     <span class='ocr_line' id='line_1_110' title="bbox 330 5490 1887 5564; baseline -0.003 -17"><span class='ocrx_word' id='word_1_832' title='bbox 330 5492 430 5547; x_wconf 75' lang='grc' dir='ltr'>ἆτε</span> <span class='ocrx_word' id='word_1_833' title='bbox 458 5492 520 5564; x_wconf 82' lang='grc' dir='ltr'><strong>δὴ</strong></span> <span class='ocrx_word' id='word_1_834' title='bbox 553 5495 790 5563; x_wconf 77' lang='grc' dir='ltr'>συνεχῶς</span> <span class='ocrx_word' id='word_1_835' title='bbox 818 5495 1144 5564; x_wconf 77' lang='grc' dir='ltr'>νειφομένην</span> <span class='ocrx_word' id='word_1_836' title='bbox 1161 5496 1204 5527; x_wconf 76' lang='grc'>⁸⁹</span> <span class='ocrx_word' id='word_1_837' title='bbox 1241 5494 1334 5547; x_wconf 73' lang='grc' dir='ltr'>καὶ</span> <span class='ocrx_word' id='word_1_838' title='bbox 1363 5495 1428 5562; x_wconf 84' lang='grc' dir='ltr'>τῇ</span> <span class='ocrx_word' id='word_1_839' title='bbox 1463 5491 1558 5544; x_wconf 81' lang='grc' dir='ltr'><strong>τοῦ</strong></span> <span class='ocrx_word' id='word_1_840' title='bbox 1589 5491 1789 5562; x_wconf 82' lang='grc' dir='ltr'>κρύους</span> <span class='ocrx_word' id='word_1_841' title='bbox 1815 5490 1887 5539; x_wconf 79' lang='grc' dir='ltr'>ὲκι</span> 
     </span>
    </p>
   </div>
   <div class='ocr_carea' id='block_1_111' title="bbox 1992 5488 3588 5564">
    <p class='ocr_par' dir='ltr' id='par_1_111' title="bbox 2019 5488 3588 5555">
     <span class='ocr_line' id='line_1_111' title="bbox 2019 5488 3588 5555; baseline 0.003 -18"><span class='ocrx_word' id='word_1_842' title='bbox 2019 5501 2279 5554; x_wconf 80' lang='lat' dir='ltr'><strong>qnescens</strong></span> <span class='ocrx_word' id='word_1_843' title='bbox 2306 5488 2506 5551; x_wconf 85' lang='lat' dir='ltr'><strong>calore,</strong></span> <span class='ocrx_word' id='word_1_844' title='bbox 2540 5489 2623 5542; x_wconf 88' lang='lat' dir='ltr'><strong>vel</strong></span> <span class='ocrx_word' id='word_1_845' title='bbox 2650 5488 2886 5543; x_wconf 84' lang='lat' dir='ltr'><strong>assiduis</strong></span> <span class='ocrx_word' id='word_1_846' title='bbox 2940 5503 3196 5555; x_wconf 83' lang='lat' dir='ltr'><strong>percussa</strong></span> <span class='ocrx_word' id='word_1_847' title='bbox 3252 5489 3489 5551; x_wconf 89' lang='lat' dir='ltr'><strong>nivibus,</strong></span> <span class='ocrx_word' id='word_1_848' title='bbox 3532 5500 3588 5542; x_wconf 89' lang='lat' dir='ltr'><strong>et</strong></span> 
     </span>
    </p>
   </div>
   <div class='ocr_carea' id='block_1_112' title="bbox 334 5579 1887 5657">
    <p class='ocr_par' dir='ltr' id='par_1_112' title="bbox 334 5581 1887 5657">
     <span class='ocr_line' id='line_1_112' title="bbox 334 5581 1887 5657; baseline -0.005 -19"><span class='ocrx_word' id='word_1_849' title='bbox 334 5582 700 5657; x_wconf 83' lang='grc' dir='ltr'>οηριουμὲνην</span> <span class='ocrx_word' id='word_1_850' title='bbox 724 5586 1007 5655; x_wconf 83' lang='grc' dir='ltr'>ἀγριότητι</span> <span class='ocrx_word' id='word_1_851' title='bbox 1030 5605 1042 5651; x_wconf 90' lang='grc'><strong>;</strong></span> <span class='ocrx_word' id='word_1_852' title='bbox 1072 5586 1158 5639; x_wconf 83' lang='grc' dir='ltr'><strong>διὰ</strong></span> <span class='ocrx_word' id='word_1_853' title='bbox 1185 5585 1235 5638; x_wconf 74' lang='grc' dir='ltr'>τε</span> <span class='ocrx_word' id='word_1_854' title='bbox 1261 5585 1316 5638; x_wconf 83' lang='grc' dir='ltr'><strong>δὲ</strong></span> <span class='ocrx_word' id='word_1_855' title='bbox 1346 5586 1527 5647; x_wconf 78' lang='grc' dir='ltr'>αὐτοῖς</span> <span class='ocrx_word' id='word_1_856' title='bbox 1552 5584 1611 5635; x_wconf 78' lang='grc' dir='ltr'>οὐ</span> <span class='ocrx_word' id='word_1_857' title='bbox 1640 5581 1887 5651; x_wconf 60' lang='grc' dir='ltr'>μεταῦάλη</span> 
     </span>
    </p>
   </div>
   <div class='ocr_carea' id='block_1_113' title="bbox 1992 5579 3589 5657">
    <p class='ocr_par' dir='ltr' id='par_1_113' title="bbox 2023 5579 3589 5647">
     <span class='ocr_line' id='line_1_113' title="bbox 2023 5579 3589 5647; baseline 0.003 -16"><span class='ocrx_word' id='word_1_858' title='bbox 2023 5580 2241 5647; x_wconf 78' lang='lat' dir='ltr'><strong>frigoris</strong></span> <span class='ocrx_word' id='word_1_859' title='bbox 2277 5581 2569 5647; x_wconf 88' lang='lat' dir='ltr'><strong>asperitate</strong></span> <span class='ocrx_word' id='word_1_860' title='bbox 2600 5580 2741 5633; x_wconf 86' lang='lat' dir='ltr'><strong>velut</strong></span> <span class='ocrx_word' id='word_1_861' title='bbox 2770 5579 3016 5645; x_wconf 85' lang='lat' dir='ltr'><strong>ell‘erata,</strong></span> <span class='ocrx_word' id='word_1_862' title='bbox 3045 5582 3257 5634; x_wconf 89' lang='lat' dir='ltr'><strong>nonnisi</strong></span> <span class='ocrx_word' id='word_1_863' title='bbox 3302 5582 3589 5637; x_wconf 73' lang='lat' dir='ltr'><strong>difﬁculter</strong></span> 
     </span>
    </p>
   </div>
   <div class='ocr_carea' id='block_1_114' title="bbox 1605 5690 2276 5747">
    <p class='ocr_par' dir='ltr' id='par_1_114' title="bbox 1605 5690 2276 5747">
     <span class='ocr_line' id='line_1_114' title="bbox 1605 5690 2276 5747; baseline -0.001 0"><span class='ocrx_word' id='word_1_864' title='bbox 1605 5692 1841 5747; x_wconf 73' lang='lat' dir='ltr'><strong>VARI/l3</strong></span> <span class='ocrx_word' id='word_1_865' title='bbox 1872 5690 2276 5747; x_wconf 73' lang='lat' dir='ltr'><strong>LECTIONES.</strong></span> 
     </span>
    </p>
   </div>
   <div class='ocr_carea' id='block_1_115' title="bbox 411 5785 2671 5859">
    <p class='ocr_par' dir='ltr' id='par_1_115' title="bbox 411 5785 2671 5859">
     <span class='ocr_line' id='line_1_115' title="bbox 411 5785 2671 5859; baseline -0.002 -19"><span class='ocrx_word' id='word_1_866' title='bbox 411 5792 455 5823; x_wconf 78' lang='grc'><strong>⁸⁷</strong></span> <span class='ocrx_word' id='word_1_867' title='bbox 487 5789 562 5859; x_wconf 72' lang='grc' dir='ltr'><strong>λβ¹</strong></span> <span class='ocrx_word' id='word_1_868' title='bbox 598 5793 639 5842; x_wconf 85' lang='grc' dir='ltr'><strong>Α</strong></span> <span class='ocrx_word' id='word_1_869' title='bbox 667 5806 678 5840; x_wconf 93' lang='lat'>:</span> <span class='ocrx_word' id='word_1_870' title='bbox 709 5789 960 5858; x_wconf 80' lang='grc' dir='ltr'>δεύτερον</span> <span class='ocrx_word' id='word_1_871' title='bbox 994 5809 1053 5853; x_wconf 74' lang='grc' dir='ltr'><strong>ς.</strong></span> <span class='ocrx_word' id='word_1_872' title='bbox 1130 5792 1174 5822; x_wconf 83' lang='grc'>⁸⁸</span> <span class='ocrx_word' id='word_1_873' title='bbox 1206 5787 1552 5858; x_wconf 58' lang='grc' dir='ltr'>οἰκουμένην]</span> <span class='ocrx_word' id='word_1_874' title='bbox 1586 5798 1798 5856; x_wconf 70' lang='lat' dir='ltr'><strong>praestat</strong></span> <span class='ocrx_word' id='word_1_875' title='bbox 1845 5785 2133 5837; x_wconf 62' lang='grc' dir='ltr'>οἰκεῖσθαι.</span> <span class='ocrx_word' id='word_1_876' title='bbox 2211 5786 2254 5816; x_wconf 77' lang='grc'><strong>⁶⁹</strong></span> <span class='ocrx_word' id='word_1_877' title='bbox 2288 5785 2582 5853; x_wconf 72' lang='grc' dir='ltr'>νιφομένην</span> <span class='ocrx_word' id='word_1_878' title='bbox 2613 5801 2671 5847; x_wconf 80' lang='grc' dir='ltr'><strong>ς.</strong></span> 
     </span>
    </p>
   </div>
   <div class='ocr_carea' id='block_1_116' title="bbox 659 5874 3277 5948">
    <p class='ocr_par' dir='ltr' id='par_1_116' title="bbox 659 5874 3277 5948">
     <span class='ocr_line' id='line_1_116' title="bbox 659 5874 3277 5948; baseline -0.002 -5"><span class='ocrx_word' id='word_1_879' title='bbox 659 5886 931 5948; x_wconf 68' lang='lat' dir='ltr'><strong>Parum.</strong></span> <span class='ocrx_word' id='word_1_880' title='bbox 976 5886 1091 5945; x_wconf 73' lang='lat' dir='ltr'><strong>(in.</strong></span> <span class='ocrx_word' id='word_1_881' title='bbox 1141 5887 1289 5944; x_wconf 76' lang='lat' dir='ltr'><strong>(Illi.</strong></span> <span class='ocrx_word' id='word_1_882' title='bbox 3205 5874 3277 5938; x_wconf 72' lang='grc' dir='ltr'><strong>Ξῖ</strong></span> 
     </span>
    </p>
   </div>
  </div>
