  <div class='ocr_page' id='page_1' title='image "/cluster/home/n/w/nwhite01/storage/ocr_20150623/103 pt.3/mdp.39015061933738/431.png"; bbox 0 0 3972 6248; ppageno 0'>
   <div class='ocr_carea' id='block_1_1' title="bbox 412 233 522 299">
    <p class='ocr_par' dir='ltr' id='par_1_1' title="bbox 412 233 522 299">
     <span class='ocr_line' id='line_1_1' title="bbox 412 233 522 299; baseline -0.009 0"><span class='ocrx_word' id='word_1_1' title='bbox 412 233 522 299; x_wconf 81' lang='lat'><strong>839</strong></span> 
     </span>
    </p>
   </div>
   <div class='ocr_carea' id='block_1_2' title="bbox 1559 210 2515 281">
    <p class='ocr_par' dir='ltr' id='par_1_2' title="bbox 1559 210 2515 281">
     <span class='ocr_line' id='line_1_2' title="bbox 1559 210 2515 281; baseline -0.009 0"><span class='ocrx_word' id='word_1_2' title='bbox 1559 217 1824 281; x_wconf 80' lang='grc' dir='ltr'><strong>ΡΗΟΊἹῐ</strong></span> <span class='ocrx_word' id='word_1_3' title='bbox 1861 210 2368 280; x_wconf 70' lang='lat' dir='ltr'><strong>I’AT‘RIARCH-B</strong></span> <span class='ocrx_word' id='word_1_4' title='bbox 2403 213 2515 275; x_wconf 75' lang='grc' dir='ltr'><strong>ΟΡ.</strong></span> 
     </span>
    </p>
   </div>
   <div class='ocr_carea' id='block_1_3' title="bbox 3548 208 3665 275">
    <p class='ocr_par' dir='ltr' id='par_1_3' title="bbox 3548 208 3665 275">
     <span class='ocr_line' id='line_1_3' title="bbox 3548 208 3665 275; baseline 0 0"><span class='ocrx_word' id='word_1_5' title='bbox 3548 208 3665 275; x_wconf 69' lang='grc'><strong>810</strong></span> 
     </span>
    </p>
   </div>
   <div class='ocr_carea' id='block_1_4' title="bbox 409 323 1982 411">
    <p class='ocr_par' dir='ltr' id='par_1_4' title="bbox 409 334 1982 411">
     <span class='ocr_line' id='line_1_4' title="bbox 409 334 1982 411; baseline -0.011 -7"><span class='ocrx_word' id='word_1_6' title='bbox 409 350 456 405; x_wconf 89' lang='lat' dir='ltr'><strong>si</strong></span> <span class='ocrx_word' id='word_1_7' title='bbox 488 362 593 405; x_wconf 93' lang='lat' dir='ltr'><strong>non</strong></span> <span class='ocrx_word' id='word_1_8' title='bbox 623 345 834 401; x_wconf 75' lang='lat' dir='ltr'><strong>ratione</strong></span> <span class='ocrx_word' id='word_1_9' title='bbox 873 344 1013 400; x_wconf 89' lang='lat' dir='ltr'><strong>situs</strong></span> <span class='ocrx_word' id='word_1_10' title='bbox 1032 337 1257 411; x_wconf 77' lang='lat' dir='ltr'><strong>singulis</strong></span> <span class='ocrx_word' id='word_1_11' title='bbox 1296 347 1453 393; x_wconf 79' lang='lat' dir='ltr'><strong>teme</strong></span> <span class='ocrx_word' id='word_1_12' title='bbox 1481 335 1811 390; x_wconf 72' lang='lat' dir='ltr'><strong>sectionibus</strong></span> <span class='ocrx_word' id='word_1_13' title='bbox 1830 334 1982 403; x_wconf 85' lang='lat' dir='ltr'><strong>signa</strong></span> 
     </span>
    </p>
   </div>
   <div class='ocr_carea' id='block_1_5' title="bbox 2080 323 3660 411">
    <p class='ocr_par' dir='ltr' id='par_1_5' title="bbox 2083 323 3660 402">
     <span class='ocr_line' id='line_1_5' title="bbox 2083 323 3660 402; baseline -0.003 -17"><span class='ocrx_word' id='word_1_14' title='bbox 2083 330 2152 385; x_wconf 79' lang='grc' dir='ltr'><strong>τὰ</strong></span> <span class='ocrx_word' id='word_1_15' title='bbox 2178 331 2433 402; x_wconf 82' lang='grc' dir='ltr'><strong>σχήματα</strong></span> <span class='ocrx_word' id='word_1_16' title='bbox 2454 327 2565 383; x_wconf 66' lang='grc' dir='ltr'><strong>τῶν</strong></span> <span class='ocrx_word' id='word_1_17' title='bbox 2587 323 2797 393; x_wconf 54' lang='lat' dir='ltr'><strong>{nam</strong></span> <span class='ocrx_word' id='word_1_18' title='bbox 2816 324 2909 381; x_wconf 72' lang='lat' dir='ltr'><strong>tusi</strong></span> <span class='ocrx_word' id='word_1_19' title='bbox 2938 324 3043 397; x_wconf 83' lang='grc' dir='ltr'><strong>γῆς</strong></span> <span class='ocrx_word' id='word_1_20' title='bbox 3072 323 3273 390; x_wconf 78' lang='grc' dir='ltr'><strong>τόπους</strong></span> <span class='ocrx_word' id='word_1_21' title='bbox 3295 323 3660 396; x_wconf 69' lang='grc' dir='ltr'><strong>ἀπονέμουσιν</strong></span> 
     </span>
    </p>
   </div>
   <div class='ocr_carea' id='block_1_6' title="bbox 412 424 1986 508">
    <p class='ocr_par' dir='ltr' id='par_1_6' title="bbox 412 424 1986 508">
     <span class='ocr_line' id='line_1_6' title="bbox 412 424 1986 508; baseline -0.01 -15"><span class='ocrx_word' id='word_1_22' title='bbox 412 439 679 508; x_wconf 80' lang='lat' dir='ltr'><strong>imperare</strong></span> <span class='ocrx_word' id='word_1_23' title='bbox 697 433 951 497; x_wconf 86' lang='lat' dir='ltr'><strong>dixerint,</strong></span> <span class='ocrx_word' id='word_1_24' title='bbox 977 446 1150 500; x_wconf 84' lang='lat' dir='ltr'><strong>neque</strong></span> <span class='ocrx_word' id='word_1_25' title='bbox 1174 429 1380 484; x_wconf 91' lang='lat' dir='ltr'><strong>ratione</strong></span> <span class='ocrx_word' id='word_1_26' title='bbox 1411 438 1686 495; x_wconf 65' lang='lat' dir='ltr'><strong>corporeae</strong></span> <span class='ocrx_word' id='word_1_27' title='bbox 1712 424 1986 495; x_wconf 88' lang='lat' dir='ltr'><strong>magnitu-</strong></span> 
     </span>
    </p>
   </div>
   <div class='ocr_carea' id='block_1_7' title="bbox 412 514 1986 597">
    <p class='ocr_par' dir='ltr' id='par_1_7' title="bbox 412 514 1986 597">
     <span class='ocr_line' id='line_1_7' title="bbox 412 514 1986 597; baseline -0.009 -14"><span class='ocrx_word' id='word_1_28' title='bbox 412 530 573 592; x_wconf 90' lang='lat' dir='ltr'><strong>dinis,</strong></span> <span class='ocrx_word' id='word_1_29' title='bbox 589 528 741 597; x_wconf 85' lang='lat' dir='ltr'><strong>quasi</strong></span> <span class='ocrx_word' id='word_1_30' title='bbox 762 538 915 579; x_wconf 77' lang='lat' dir='ltr'><strong>teme</strong></span> <span class='ocrx_word' id='word_1_31' title='bbox 931 526 1181 578; x_wconf 84' lang='lat' dir='ltr'><strong>nimirum</strong></span> <span class='ocrx_word' id='word_1_32' title='bbox 1199 521 1431 575; x_wconf 84' lang='lat' dir='ltr'><strong>habeant</strong></span> <span class='ocrx_word' id='word_1_33' title='bbox 1447 515 1871 587; x_wconf 85' lang='lat' dir='ltr'><strong>amplitudinem,</strong></span> <span class='ocrx_word' id='word_1_34' title='bbox 1891 514 1986 570; x_wconf 87' lang='lat' dir='ltr'><strong>sed</strong></span> 
     </span>
    </p>
   </div>
   <div class='ocr_carea' id='block_1_8' title="bbox 413 604 1985 690">
    <p class='ocr_par' dir='ltr' id='par_1_8' title="bbox 413 604 1985 690">
     <span class='ocr_line' id='line_1_8' title="bbox 413 604 1985 690; baseline -0.01 -15"><span class='ocrx_word' id='word_1_35' title='bbox 413 636 589 690; x_wconf 89' lang='lat' dir='ltr'><strong>neque</strong></span> <span class='ocrx_word' id='word_1_36' title='bbox 617 619 816 688; x_wconf 75' lang='lat' dir='ltr'><strong>211a</strong></span> <span class='ocrx_word' id='word_1_37' title='bbox 840 616 1047 669; x_wconf 84' lang='lat' dir='ltr'><strong>ratione</strong></span> <span class='ocrx_word' id='word_1_38' title='bbox 1068 623 1273 668; x_wconf 77' lang='lat' dir='ltr'><strong>natura:</strong></span> <span class='ocrx_word' id='word_1_39' title='bbox 1290 612 1521 679; x_wconf 91' lang='lat' dir='ltr'><strong>gaudere</strong></span> <span class='ocrx_word' id='word_1_40' title='bbox 1547 607 1787 679; x_wconf 86' lang='lat' dir='ltr'><strong>singulas</strong></span> <span class='ocrx_word' id='word_1_41' title='bbox 1813 604 1985 675; x_wconf 85' lang='lat' dir='ltr'><strong>signi-</strong></span> 
     </span>
    </p>
   </div>
   <div class='ocr_carea' id='block_1_9' title="bbox 419 696 1985 781">
    <p class='ocr_par' dir='ltr' id='par_1_9' title="bbox 419 696 1985 781">
     <span class='ocr_line' id='line_1_9' title="bbox 419 696 1985 781; baseline -0.011 -16"><span class='ocrx_word' id='word_1_42' title='bbox 419 712 518 765; x_wconf 88' lang='lat' dir='ltr'><strong>feri</strong></span> <span class='ocrx_word' id='word_1_43' title='bbox 556 722 735 781; x_wconf 84' lang='lat' dir='ltr'><strong>partes</strong></span> <span class='ocrx_word' id='word_1_44' title='bbox 780 708 1006 777; x_wconf 81' lang='lat' dir='ltr'><strong>singulis</strong></span> <span class='ocrx_word' id='word_1_45' title='bbox 1035 716 1193 760; x_wconf 63' lang='lat' dir='ltr'><strong>terra:</strong></span> <span class='ocrx_word' id='word_1_46' title='bbox 1226 704 1489 773; x_wconf 86' lang='lat' dir='ltr'><strong>partibus,</strong></span> <span class='ocrx_word' id='word_1_47' title='bbox 1536 702 1731 756; x_wconf 76' lang='lat' dir='ltr'><strong>frustra</strong></span> <span class='ocrx_word' id='word_1_48' title='bbox 1763 696 1985 753; x_wconf 87' lang='lat' dir='ltr'><strong>omnino</strong></span> 
     </span>
    </p>
   </div>
   <div class='ocr_carea' id='block_1_10' title="bbox 2089 415 3664 489">
    <p class='ocr_par' dir='ltr' id='par_1_10' title="bbox 2089 415 3664 489">
     <span class='ocr_line' id='line_1_10' title="bbox 2089 415 3664 489; baseline -0.002 -14"><span class='ocrx_word' id='word_1_49' title='bbox 2089 423 2212 484; x_wconf 73' lang='grc' dir='ltr'><strong>ταῖς</strong></span> <span class='ocrx_word' id='word_1_50' title='bbox 2246 420 2346 489; x_wconf 71' lang='grc' dir='ltr'><strong>μὲν</strong></span> <span class='ocrx_word' id='word_1_51' title='bbox 2371 417 2466 472; x_wconf 82' lang='grc' dir='ltr'><strong>τοῦ</strong></span> <span class='ocrx_word' id='word_1_52' title='bbox 2493 418 2756 489; x_wconf 82' lang='grc' dir='ltr'><strong>καρκίνου</strong></span> <span class='ocrx_word' id='word_1_53' title='bbox 2790 415 2981 489; x_wconf 86' lang='grc' dir='ltr'><strong>χηλαῖς</strong></span> <span class='ocrx_word' id='word_1_54' title='bbox 3012 416 3206 487; x_wconf 78' lang='grc' dir='ltr'><strong>ὲξοχάς</strong></span> <span class='ocrx_word' id='word_1_55' title='bbox 3242 432 3397 479; x_wconf 85' lang='grc' dir='ltr'><strong>τινας</strong></span> <span class='ocrx_word' id='word_1_56' title='bbox 3441 418 3536 475; x_wconf 72' lang='grc' dir='ltr'><strong>καὶ</strong></span> <span class='ocrx_word' id='word_1_57' title='bbox 3563 418 3664 472; x_wconf 72' lang='grc' dir='ltr'><strong>ὲκ-</strong></span> 
     </span>
    </p>
   </div>
   <div class='ocr_carea' id='block_1_11' title="bbox 2087 506 3660 579">
    <p class='ocr_par' dir='ltr' id='par_1_11' title="bbox 2087 506 3660 579">
     <span class='ocr_line' id='line_1_11' title="bbox 2087 506 3660 579; baseline -0.003 -15"><span class='ocrx_word' id='word_1_58' title='bbox 2087 511 2274 572; x_wconf 84' lang='grc' dir='ltr'><strong>τάσεις</strong></span> <span class='ocrx_word' id='word_1_59' title='bbox 2304 508 2462 571; x_wconf 77' lang='grc' dir='ltr'><strong>ἐκτὸς</strong></span> <span class='ocrx_word' id='word_1_60' title='bbox 2483 508 2581 561; x_wconf 83' lang='grc' dir='ltr'><strong>τοῦ</strong></span> <span class='ocrx_word' id='word_1_61' title='bbox 2607 506 2733 562; x_wconf 82' lang='grc' dir='ltr'><strong>ὅλου</strong></span> <span class='ocrx_word' id='word_1_62' title='bbox 2779 507 3067 577; x_wconf 79' lang='grc' dir='ltr'><strong>μεγέθους,</strong></span> <span class='ocrx_word' id='word_1_63' title='bbox 3095 509 3209 571; x_wconf 79' lang='grc' dir='ltr'><strong>τοῖς</strong></span> <span class='ocrx_word' id='word_1_64' title='bbox 3232 506 3292 562; x_wconf 64' lang='grc' dir='ltr'><strong>δὲ</strong></span> <span class='ocrx_word' id='word_1_65' title='bbox 3328 506 3424 560; x_wconf 82' lang='grc' dir='ltr'><strong>τοῦ</strong></span> <span class='ocrx_word' id='word_1_66' title='bbox 3456 508 3660 579; x_wconf 78' lang='grc' dir='ltr'><strong>ταύρου</strong></span> 
     </span>
    </p>
   </div>
   <div class='ocr_carea' id='block_1_12' title="bbox 2089 598 3662 673">
    <p class='ocr_par' dir='ltr' id='par_1_12' title="bbox 2089 598 3662 673">
     <span class='ocr_line' id='line_1_12' title="bbox 2089 598 3662 673; baseline -0.003 -17"><span class='ocrx_word' id='word_1_67' title='bbox 2089 603 2286 673; x_wconf 85' lang='grc' dir='ltr'><strong>κέρασι</strong></span> <span class='ocrx_word' id='word_1_68' title='bbox 2317 600 2413 654; x_wconf 81' lang='grc' dir='ltr'><strong>καὶ</strong></span> <span class='ocrx_word' id='word_1_69' title='bbox 2454 600 2570 663; x_wconf 80' lang='grc' dir='ltr'><strong>τοῖς</strong></span> <span class='ocrx_word' id='word_1_70' title='bbox 2611 599 2775 654; x_wconf 76' lang='grc' dir='ltr'><strong>ποσὶν</strong></span> <span class='ocrx_word' id='word_1_71' title='bbox 2802 600 3021 672; x_wconf 74' lang='grc' dir='ltr'><strong>ἑτέρους</strong></span> <span class='ocrx_word' id='word_1_72' title='bbox 3044 599 3126 669; x_wconf 80' lang='grc' dir='ltr'><strong>τῷ</strong></span> <span class='ocrx_word' id='word_1_73' title='bbox 3151 600 3252 671; x_wconf 79' lang='grc' dir='ltr'><strong>τῆς</strong></span> <span class='ocrx_word' id='word_1_74' title='bbox 3283 598 3498 670; x_wconf 81' lang='grc' dir='ltr'><strong>φύσεως</strong></span> <span class='ocrx_word' id='word_1_75' title='bbox 3529 601 3662 670; x_wconf 83' lang='grc' dir='ltr'><strong>σχή-</strong></span> 
     </span>
    </p>
   </div>
   <div class='ocr_carea' id='block_1_13' title="bbox 2092 688 2692 763">
    <p class='ocr_par' dir='ltr' id='par_1_13' title="bbox 2092 688 2692 763">
     <span class='ocr_line' id='line_1_13' title="bbox 2092 688 2692 763; baseline -0.003 -18"><span class='ocrx_word' id='word_1_76' title='bbox 2092 708 2224 763; x_wconf 86' lang='grc' dir='ltr'><strong>ματι</strong></span> <span class='ocrx_word' id='word_1_77' title='bbox 2251 688 2692 763; x_wconf 71' lang='grc' dir='ltr'><strong>παραπλησίους.</strong></span> 
     </span>
    </p>
   </div>
   <div class='ocr_carea' id='block_1_14' title="bbox 412 780 3660 873">
    <p class='ocr_par' dir='ltr' id='par_1_14' title="bbox 412 780 3660 873">
     <span class='ocr_line' id='line_1_14' title="bbox 412 780 3660 873; baseline -0.006 -15"><span class='ocrx_word' id='word_1_78' title='bbox 412 780 567 872; x_wconf 80' lang='lat' dir='ltr'><strong>Juxta</strong></span> <span class='ocrx_word' id='word_1_79' title='bbox 602 803 802 873; x_wconf 83' lang='lat' dir='ltr'><strong>ﬁguras</strong></span> <span class='ocrx_word' id='word_1_80' title='bbox 843 804 1141 871; x_wconf 86' lang='lat' dir='ltr'><strong>signorum,</strong></span> <span class='ocrx_word' id='word_1_81' title='bbox 1165 798 1325 853; x_wconf 88' lang='lat' dir='ltr'><strong>etiam</strong></span> <span class='ocrx_word' id='word_1_82' title='bbox 1358 805 1513 850; x_wconf 76' lang='lat' dir='ltr'><strong>terra:</strong></span> <span class='ocrx_word' id='word_1_83' title='bbox 1543 796 1658 850; x_wconf 88' lang='lat' dir='ltr'><strong>loca</strong></span> <span class='ocrx_word' id='word_1_84' title='bbox 1678 790 2009 847; x_wconf 90' lang='lat' dir='ltr'><strong>distribuunt</strong></span> <span class='ocrx_word' id='word_1_85' title='bbox 2044 804 2060 841; x_wconf 90' lang='lat'><strong>:</strong></span> <span class='ocrx_word' id='word_1_86' title='bbox 2094 792 2154 839; x_wconf 93' lang='lat' dir='ltr'><strong>ut</strong></span> <span class='ocrx_word' id='word_1_87' title='bbox 2206 799 2333 840; x_wconf 85' lang='lat' dir='ltr'><strong>cum</strong></span> <span class='ocrx_word' id='word_1_88' title='bbox 2376 783 2557 839; x_wconf 83' lang='lat' dir='ltr'><strong>cancri</strong></span> <span class='ocrx_word' id='word_1_89' title='bbox 2610 781 2781 839; x_wconf 84' lang='lat' dir='ltr'><strong>ebelis</strong></span> <span class='ocrx_word' id='word_1_90' title='bbox 2838 780 2953 838; x_wconf 92' lang='lat' dir='ltr'><strong>sive</strong></span> <span class='ocrx_word' id='word_1_91' title='bbox 2990 782 3281 854; x_wconf 76' lang='lat' dir='ltr'><strong>forcipibus</strong></span> <span class='ocrx_word' id='word_1_92' title='bbox 3356 782 3660 840; x_wconf 73' lang='lat' dir='ltr'><strong>eminentes</strong></span> 
     </span>
    </p>
   </div>
   <div class='ocr_carea' id='block_1_15' title="bbox 412 878 3660 968">
    <p class='ocr_par' dir='ltr' id='par_1_15' title="bbox 412 878 3660 968">
     <span class='ocr_line' id='line_1_15' title="bbox 412 878 3660 968; baseline -0.004 -21"><span class='ocrx_word' id='word_1_93' title='bbox 412 896 672 968; x_wconf 86' lang='lat' dir='ltr'><strong>quasdam</strong></span> <span class='ocrx_word' id='word_1_94' title='bbox 724 906 883 964; x_wconf 89' lang='lat' dir='ltr'><strong>atque</strong></span> <span class='ocrx_word' id='word_1_95' title='bbox 941 900 1290 963; x_wconf 69' lang='lat' dir='ltr'><strong>erporrectas</strong></span> <span class='ocrx_word' id='word_1_96' title='bbox 1343 899 1495 944; x_wconf 86' lang='lat' dir='ltr'><strong>extra</strong></span> <span class='ocrx_word' id='word_1_97' title='bbox 1546 889 1711 943; x_wconf 84' lang='lat' dir='ltr'><strong>totius</strong></span> <span class='ocrx_word' id='word_1_98' title='bbox 1780 887 1975 939; x_wconf 90' lang='lat' dir='ltr'><strong>molem</strong></span> <span class='ocrx_word' id='word_1_99' title='bbox 2010 890 2190 951; x_wconf 80' lang='lat' dir='ltr'><strong>partes</strong></span> <span class='ocrx_word' id='word_1_100' title='bbox 2222 878 2661 936; x_wconf 71' lang='lat' dir='ltr'><strong>attribuunttet</strong></span> <span class='ocrx_word' id='word_1_101' title='bbox 2685 878 2826 933; x_wconf 83' lang='lat' dir='ltr'><strong>tauri</strong></span> <span class='ocrx_word' id='word_1_102' title='bbox 2856 893 3070 934; x_wconf 91' lang='lat' dir='ltr'><strong>rursum</strong></span> <span class='ocrx_word' id='word_1_103' title='bbox 3126 879 3382 935; x_wconf 81' lang='lat' dir='ltr'><strong>cornibus</strong></span> <span class='ocrx_word' id='word_1_104' title='bbox 3434 894 3501 935; x_wconf 85' lang='lat' dir='ltr'><strong>ac</strong></span> <span class='ocrx_word' id='word_1_105' title='bbox 3558 893 3660 949; x_wconf 83' lang='lat' dir='ltr'><strong>pe-</strong></span> 
     </span>
    </p>
   </div>
   <div class='ocr_carea' id='block_1_16' title="bbox 414 971 2872 1057">
    <p class='ocr_par' dir='ltr' id='par_1_16' title="bbox 414 971 2872 1057">
     <span class='ocr_line' id='line_1_16' title="bbox 414 971 2872 1057; baseline -0.007 -14"><span class='ocrx_word' id='word_1_106' title='bbox 414 988 572 1043; x_wconf 84' lang='lat' dir='ltr'><strong>dibus</strong></span> <span class='ocrx_word' id='word_1_107' title='bbox 599 988 704 1041; x_wconf 88' lang='lat' dir='ltr'><strong>alia</strong></span> <span class='ocrx_word' id='word_1_108' title='bbox 736 987 982 1057; x_wconf 61' lang='lat' dir='ltr'><strong>quaedam</strong></span> <span class='ocrx_word' id='word_1_109' title='bbox 1035 988 1173 1050; x_wconf 88' lang='lat' dir='ltr'><strong>loca,</strong></span> <span class='ocrx_word' id='word_1_110' title='bbox 1209 999 1328 1053; x_wconf 75' lang='lat' dir='ltr'><strong>quae</strong></span> <span class='ocrx_word' id='word_1_111' title='bbox 1368 983 1587 1053; x_wconf 85' lang='lat' dir='ltr'><strong>prepius</strong></span> <span class='ocrx_word' id='word_1_112' title='bbox 1624 981 1691 1035; x_wconf 91' lang='lat' dir='ltr'><strong>ad</strong></span> <span class='ocrx_word' id='word_1_113' title='bbox 1751 974 2059 1033; x_wconf 85' lang='lat' dir='ltr'><strong>naturalem</strong></span> <span class='ocrx_word' id='word_1_114' title='bbox 2088 974 2281 1029; x_wconf 85' lang='lat' dir='ltr'><strong>horum</strong></span> <span class='ocrx_word' id='word_1_115' title='bbox 2318 972 2543 1044; x_wconf 80' lang='lat' dir='ltr'><strong>ﬁguram</strong></span> <span class='ocrx_word' id='word_1_116' title='bbox 2586 971 2872 1028; x_wconf 70' lang='lat' dir='ltr'><strong>accedant.</strong></span> 
     </span>
    </p>
   </div>
   <div class='ocr_carea' id='block_1_17' title="bbox 494 1076 1977 1153">
    <p class='ocr_par' dir='ltr' id='par_1_17' title="bbox 494 1076 1977 1153">
     <span class='ocr_line' id='line_1_17' title="bbox 494 1076 1977 1153; baseline -0.006 -18"><span class='ocrx_word' id='word_1_117' title='bbox 494 1082 693 1136; x_wconf 75' lang='lat' dir='ltr'><strong>Adbzec</strong></span> <span class='ocrx_word' id='word_1_118' title='bbox 722 1079 814 1153; x_wconf 82' lang='lat' dir='ltr'><strong>[si]</strong></span> <span class='ocrx_word' id='word_1_119' title='bbox 853 1079 1059 1151; x_wconf 90' lang='lat' dir='ltr'><strong>singula</strong></span> <span class='ocrx_word' id='word_1_120' title='bbox 1103 1079 1345 1149; x_wconf 84' lang='lat' dir='ltr'><strong>signiferi</strong></span> <span class='ocrx_word' id='word_1_121' title='bbox 1374 1079 1525 1147; x_wconf 89' lang='lat' dir='ltr'><strong>signa</strong></span> <span class='ocrx_word' id='word_1_122' title='bbox 1560 1076 1788 1146; x_wconf 85' lang='lat' dir='ltr'><strong>singulis</strong></span> <span class='ocrx_word' id='word_1_123' title='bbox 1818 1084 1977 1128; x_wconf 70' lang='lat' dir='ltr'><strong>terra:</strong></span> 
     </span>
    </p>
   </div>
   <div class='ocr_carea' id='block_1_18' title="bbox 417 1163 1982 1236">
    <p class='ocr_par' dir='ltr' id='par_1_18' title="bbox 417 1163 1982 1236">
     <span class='ocr_line' id='line_1_18' title="bbox 417 1163 1982 1236; baseline -0.01 -4"><span class='ocrx_word' id='word_1_124' title='bbox 417 1172 770 1233; x_wconf 76' lang='lat' dir='ltr'><strong>sectionibus,</strong></span> <span class='ocrx_word' id='word_1_125' title='bbox 801 1173 875 1225; x_wconf 89' lang='lat' dir='ltr'><strong>ita</strong></span> <span class='ocrx_word' id='word_1_126' title='bbox 923 1181 1126 1223; x_wconf 80' lang='lat' dir='ltr'><strong>naturae</strong></span> <span class='ocrx_word' id='word_1_127' title='bbox 1153 1169 1363 1224; x_wconf 83' lang='lat' dir='ltr'><strong>ratione</strong></span> <span class='ocrx_word' id='word_1_128' title='bbox 1395 1168 1684 1236; x_wconf 83' lang='lat' dir='ltr'><strong>gaudeant,</strong></span> <span class='ocrx_word' id='word_1_129' title='bbox 1718 1175 1777 1218; x_wconf 88' lang='lat' dir='ltr'><strong>ut</strong></span> <span class='ocrx_word' id='word_1_130' title='bbox 1804 1174 1859 1218; x_wconf 89' lang='lat' dir='ltr'><strong>et</strong></span> <span class='ocrx_word' id='word_1_131' title='bbox 1890 1163 1982 1217; x_wconf 66' lang='lat' dir='ltr'><strong>Ire-</strong></span> 
     </span>
    </p>
   </div>
   <div class='ocr_carea' id='block_1_19' title="bbox 421 1256 1984 1333">
    <p class='ocr_par' dir='ltr' id='par_1_19' title="bbox 421 1256 1984 1333">
     <span class='ocr_line' id='line_1_19' title="bbox 421 1256 1984 1333; baseline -0.006 -13"><span class='ocrx_word' id='word_1_132' title='bbox 421 1267 552 1320; x_wconf 86' lang='lat' dir='ltr'><strong>dant</strong></span> <span class='ocrx_word' id='word_1_133' title='bbox 581 1262 697 1333; x_wconf 87' lang='lat' dir='ltr'><strong>ejus</strong></span> <span class='ocrx_word' id='word_1_134' title='bbox 720 1273 902 1333; x_wconf 90' lang='lat' dir='ltr'><strong>partes</strong></span> <span class='ocrx_word' id='word_1_135' title='bbox 934 1278 999 1317; x_wconf 88' lang='lat' dir='ltr'><strong>ac</strong></span> <span class='ocrx_word' id='word_1_136' title='bbox 1034 1262 1249 1323; x_wconf 84' lang='lat' dir='ltr'><strong>vitieut,</strong></span> <span class='ocrx_word' id='word_1_137' title='bbox 1296 1262 1376 1315; x_wconf 88' lang='lat' dir='ltr'><strong>vel</strong></span> <span class='ocrx_word' id='word_1_138' title='bbox 1412 1271 1567 1314; x_wconf 72' lang='lat' dir='ltr'><strong>terrae</strong></span> <span class='ocrx_word' id='word_1_139' title='bbox 1599 1258 1853 1325; x_wconf 85' lang='lat' dir='ltr'><strong>motibus,</strong></span> <span class='ocrx_word' id='word_1_140' title='bbox 1899 1256 1984 1311; x_wconf 75' lang='lat' dir='ltr'><strong>vel</strong></span> 
     </span>
    </p>
   </div>
   <div class='ocr_carea' id='block_1_20' title="bbox 417 1349 1986 1425">
    <p class='ocr_par' dir='ltr' id='par_1_20' title="bbox 417 1349 1986 1425">
     <span class='ocr_line' id='line_1_20' title="bbox 417 1349 1986 1425; baseline -0.006 -12"><span class='ocrx_word' id='word_1_141' title='bbox 417 1358 596 1415; x_wconf 88' lang='lat' dir='ltr'><strong>bellis.</strong></span> <span class='ocrx_word' id='word_1_142' title='bbox 619 1356 700 1409; x_wconf 87' lang='lat' dir='ltr'><strong>vel</strong></span> <span class='ocrx_word' id='word_1_143' title='bbox 725 1354 862 1425; x_wconf 88' lang='lat' dir='ltr'><strong>ignis</strong></span> <span class='ocrx_word' id='word_1_144' title='bbox 885 1353 1298 1416; x_wconf 86' lang='lat' dir='ltr'><strong>vastationibus,</strong></span> <span class='ocrx_word' id='word_1_145' title='bbox 1327 1351 1410 1405; x_wconf 89' lang='lat' dir='ltr'><strong>vel</strong></span> <span class='ocrx_word' id='word_1_146' title='bbox 1439 1350 1747 1412; x_wconf 85' lang='lat' dir='ltr'><strong>sterilitate,</strong></span> <span class='ocrx_word' id='word_1_147' title='bbox 1773 1349 1986 1418; x_wconf 90' lang='lat' dir='ltr'><strong>quoties</strong></span> 
     </span>
    </p>
   </div>
   <div class='ocr_carea' id='block_1_21' title="bbox 421 1442 1991 1516">
    <p class='ocr_par' dir='ltr' id='par_1_21' title="bbox 421 1442 1991 1516">
     <span class='ocr_line' id='line_1_21' title="bbox 421 1442 1991 1516; baseline -0.003 -16"><span class='ocrx_word' id='word_1_148' title='bbox 421 1445 714 1516; x_wconf 87' lang='lat' dir='ltr'><strong>malignum</strong></span> <span class='ocrx_word' id='word_1_149' title='bbox 763 1445 978 1515; x_wconf 81' lang='lat' dir='ltr'><strong>aliquod</strong></span> <span class='ocrx_word' id='word_1_150' title='bbox 1027 1447 1175 1499; x_wconf 89' lang='lat' dir='ltr'><strong>sidus</strong></span> <span class='ocrx_word' id='word_1_151' title='bbox 1224 1452 1469 1512; x_wconf 84' lang='lat' dir='ltr'><strong>apparet,</strong></span> <span class='ocrx_word' id='word_1_152' title='bbox 1500 1452 1552 1498; x_wconf 89' lang='lat' dir='ltr'><strong>et</strong></span> <span class='ocrx_word' id='word_1_153' title='bbox 1583 1452 1768 1497; x_wconf 91' lang='lat' dir='ltr'><strong>contra</strong></span> <span class='ocrx_word' id='word_1_154' title='bbox 1801 1442 1991 1512; x_wconf 82' lang='lat' dir='ltr'><strong>juveni.</strong></span> 
     </span>
    </p>
   </div>
   <div class='ocr_carea' id='block_1_22' title="bbox 420 1532 1987 1604">
    <p class='ocr_par' dir='ltr' id='par_1_22' title="bbox 420 1532 1987 1604">
     <span class='ocr_line' id='line_1_22' title="bbox 420 1532 1987 1604; baseline -0.003 -14"><span class='ocrx_word' id='word_1_155' title='bbox 420 1538 676 1601; x_wconf 86' lang='lat' dir='ltr'><strong>maxime,</strong></span> <span class='ocrx_word' id='word_1_156' title='bbox 730 1535 1084 1604; x_wconf 83' lang='lat' dir='ltr'><strong>agricultura,</strong></span> <span class='ocrx_word' id='word_1_157' title='bbox 1131 1534 1503 1599; x_wconf 70' lang='lat' dir='ltr'><strong>aedificatione,</strong></span> <span class='ocrx_word' id='word_1_158' title='bbox 1550 1535 1817 1599; x_wconf 85' lang='lat' dir='ltr'><strong>ubertate,</strong></span> <span class='ocrx_word' id='word_1_159' title='bbox 1863 1532 1987 1586; x_wconf 89' lang='lat' dir='ltr'><strong>dum</strong></span> 
     </span>
    </p>
   </div>
   <div class='ocr_carea' id='block_1_23' title="bbox 420 1619 1990 1691">
    <p class='ocr_par' dir='ltr' id='par_1_23' title="bbox 420 1619 1990 1691">
     <span class='ocr_line' id='line_1_23' title="bbox 420 1619 1990 1691; baseline -0.001 -16"><span class='ocrx_word' id='word_1_160' title='bbox 420 1622 712 1691; x_wconf 87' lang='lat' dir='ltr'><strong>benignum</strong></span> <span class='ocrx_word' id='word_1_161' title='bbox 746 1622 963 1689; x_wconf 83' lang='lat' dir='ltr'><strong>aliquod</strong></span> <span class='ocrx_word' id='word_1_162' title='bbox 1008 1623 1160 1675; x_wconf 89' lang='lat' dir='ltr'><strong>sidus</strong></span> <span class='ocrx_word' id='word_1_163' title='bbox 1191 1622 1257 1674; x_wconf 89' lang='lat' dir='ltr'><strong>ad</strong></span> <span class='ocrx_word' id='word_1_164' title='bbox 1290 1635 1384 1674; x_wconf 90' lang='lat' dir='ltr'><strong>eas</strong></span> <span class='ocrx_word' id='word_1_165' title='bbox 1414 1619 1694 1687; x_wconf 89' lang='lat' dir='ltr'><strong>defertur;</strong></span> <span class='ocrx_word' id='word_1_166' title='bbox 1723 1619 1990 1689; x_wconf 90' lang='lat' dir='ltr'><strong>quomodo</strong></span> 
     </span>
    </p>
   </div>
   <div class='ocr_carea' id='block_1_24' title="bbox 421 1712 1987 1781">
    <p class='ocr_par' dir='ltr' id='par_1_24' title="bbox 421 1712 1987 1781">
     <span class='ocr_line' id='line_1_24' title="bbox 421 1712 1987 1781; baseline -0.001 -14"><span class='ocrx_word' id='word_1_167' title='bbox 421 1715 607 1768; x_wconf 78' lang='lat' dir='ltr'><strong>adhtec</strong></span> <span class='ocrx_word' id='word_1_168' title='bbox 656 1713 771 1767; x_wconf 90' lang='lat' dir='ltr'><strong>loca</strong></span> <span class='ocrx_word' id='word_1_169' title='bbox 815 1713 1059 1780; x_wconf 81' lang='lat' dir='ltr'><strong>quaedam</strong></span> <span class='ocrx_word' id='word_1_170' title='bbox 1103 1714 1465 1779; x_wconf 86' lang='lat' dir='ltr'><strong>reperiuntur,</strong></span> <span class='ocrx_word' id='word_1_171' title='bbox 1502 1728 1620 1781; x_wconf 69' lang='lat' dir='ltr'><strong>qua:</strong></span> <span class='ocrx_word' id='word_1_172' title='bbox 1653 1713 1721 1767; x_wconf 92' lang='lat' dir='ltr'><strong>ob</strong></span> <span class='ocrx_word' id='word_1_173' title='bbox 1764 1712 1987 1767; x_wconf 92' lang='lat' dir='ltr'><strong>nimium</strong></span> 
     </span>
    </p>
   </div>
   <div class='ocr_carea' id='block_1_25' title="bbox 421 1802 1987 1873">
    <p class='ocr_par' dir='ltr' id='par_1_25' title="bbox 421 1802 1987 1873">
     <span class='ocr_line' id='line_1_25' title="bbox 421 1802 1987 1873; baseline -0.003 -14"><span class='ocrx_word' id='word_1_174' title='bbox 421 1804 537 1859; x_wconf 87' lang='lat' dir='ltr'><strong>sive</strong></span> <span class='ocrx_word' id='word_1_175' title='bbox 577 1802 771 1873; x_wconf 86' lang='lat' dir='ltr'><strong>frigus,</strong></span> <span class='ocrx_word' id='word_1_176' title='bbox 800 1802 917 1857; x_wconf 84' lang='lat' dir='ltr'><strong>sive</strong></span> <span class='ocrx_word' id='word_1_177' title='bbox 949 1804 1181 1855; x_wconf 85' lang='lat' dir='ltr'><strong>calorem</strong></span> <span class='ocrx_word' id='word_1_178' title='bbox 1213 1803 1435 1855; x_wconf 89' lang='lat' dir='ltr'><strong>omnino</strong></span> <span class='ocrx_word' id='word_1_179' title='bbox 1468 1802 1682 1856; x_wconf 90' lang='lat' dir='ltr'><strong>deserta</strong></span> <span class='ocrx_word' id='word_1_180' title='bbox 1730 1811 1987 1871; x_wconf 90' lang='lat' dir='ltr'><strong>perpetuo</strong></span> 
     </span>
    </p>
   </div>
   <div class='ocr_carea' id='block_1_26' title="bbox 421 1892 1983 1965">
    <p class='ocr_par' dir='ltr' id='par_1_26' title="bbox 421 1892 1983 1965">
     <span class='ocr_line' id='line_1_26' title="bbox 421 1892 1983 1965; baseline -0.003 -16"><span class='ocrx_word' id='word_1_181' title='bbox 421 1903 708 1949; x_wconf 86' lang='lat' dir='ltr'><strong>remanent</strong></span> <span class='ocrx_word' id='word_1_182' title='bbox 750 1910 764 1948; x_wconf 90' lang='lat'><strong>:</strong></span> <span class='ocrx_word' id='word_1_183' title='bbox 808 1909 982 1965; x_wconf 88' lang='lat' dir='ltr'><strong>neque</strong></span> <span class='ocrx_word' id='word_1_184' title='bbox 1040 1892 1124 1948; x_wconf 89' lang='lat' dir='ltr'><strong>vel</strong></span> <span class='ocrx_word' id='word_1_185' title='bbox 1178 1893 1475 1948; x_wconf 73' lang='lat' dir='ltr'><strong>beneficum</strong></span> <span class='ocrx_word' id='word_1_186' title='bbox 1526 1893 1743 1961; x_wconf 87' lang='lat' dir='ltr'><strong>aliquod</strong></span> <span class='ocrx_word' id='word_1_187' title='bbox 1782 1902 1983 1947; x_wconf 88' lang='lat' dir='ltr'><strong>astrum</strong></span> 
     </span>
    </p>
   </div>
   <div class='ocr_carea' id='block_1_27' title="bbox 423 1984 1985 2053">
    <p class='ocr_par' dir='ltr' id='par_1_27' title="bbox 423 1984 1985 2053">
     <span class='ocr_line' id='line_1_27' title="bbox 423 1984 1985 2053; baseline -0.003 -12"><span class='ocrx_word' id='word_1_188' title='bbox 423 1986 636 2041; x_wconf 87' lang='lat' dir='ltr'><strong>sublata</strong></span> <span class='ocrx_word' id='word_1_189' title='bbox 686 1985 984 2041; x_wconf 85' lang='lat' dir='ltr'><strong>solitudine</strong></span> <span class='ocrx_word' id='word_1_190' title='bbox 1018 1986 1331 2053; x_wconf 75' lang='lat' dir='ltr'><strong>temperiem</strong></span> <span class='ocrx_word' id='word_1_191' title='bbox 1379 1986 1530 2041; x_wconf 89' lang='lat' dir='ltr'><strong>hisce</strong></span> <span class='ocrx_word' id='word_1_192' title='bbox 1565 1986 1764 2048; x_wconf 88' lang='lat' dir='ltr'><strong>attulit,</strong></span> <span class='ocrx_word' id='word_1_193' title='bbox 1799 1985 1882 2038; x_wconf 89' lang='lat' dir='ltr'><strong>vel</strong></span> <span class='ocrx_word' id='word_1_194' title='bbox 1918 1984 1985 2038; x_wconf 89' lang='lat' dir='ltr'><strong>ad</strong></span> 
     </span>
    </p>
   </div>
   <div class='ocr_carea' id='block_1_28' title="bbox 423 2078 1984 2148">
    <p class='ocr_par' dir='ltr' id='par_1_28' title="bbox 423 2078 1984 2148">
     <span class='ocr_line' id='line_1_28' title="bbox 423 2078 1984 2148; baseline -0.001 -15"><span class='ocrx_word' id='word_1_195' title='bbox 423 2078 749 2133; x_wconf 81' lang='lat' dir='ltr'><strong>habitabiles</strong></span> <span class='ocrx_word' id='word_1_196' title='bbox 796 2078 944 2132; x_wconf 89' lang='lat' dir='ltr'><strong>locos</strong></span> <span class='ocrx_word' id='word_1_197' title='bbox 984 2078 1274 2148; x_wconf 89' lang='lat' dir='ltr'><strong>malignum</strong></span> <span class='ocrx_word' id='word_1_198' title='bbox 1324 2079 1535 2146; x_wconf 85' lang='lat' dir='ltr'><strong>signum</strong></span> <span class='ocrx_word' id='word_1_199' title='bbox 1580 2078 1897 2143; x_wconf 88' lang='lat' dir='ltr'><strong>ascendens,</strong></span> <span class='ocrx_word' id='word_1_200' title='bbox 1931 2078 1984 2132; x_wconf 86' lang='lat' dir='ltr'><strong>in</strong></span> 
     </span>
    </p>
   </div>
   <div class='ocr_carea' id='block_1_29' title="bbox 421 2168 1984 2241">
    <p class='ocr_par' dir='ltr' id='par_1_29' title="bbox 421 2168 1984 2241">
     <span class='ocr_line' id='line_1_29' title="bbox 421 2168 1984 2241; baseline 0.001 -17"><span class='ocrx_word' id='word_1_201' title='bbox 421 2185 627 2225; x_wconf 87' lang='lat' dir='ltr'><strong>meram</strong></span> <span class='ocrx_word' id='word_1_202' title='bbox 658 2185 753 2224; x_wconf 86' lang='lat' dir='ltr'><strong>eos</strong></span> <span class='ocrx_word' id='word_1_203' title='bbox 775 2169 1120 2224; x_wconf 90' lang='lat' dir='ltr'><strong>solitudinem</strong></span> <span class='ocrx_word' id='word_1_204' title='bbox 1156 2186 1219 2224; x_wconf 90' lang='lat' dir='ltr'><strong>ac</strong></span> <span class='ocrx_word' id='word_1_205' title='bbox 1250 2172 1551 2225; x_wconf 89' lang='lat' dir='ltr'><strong>vastitatem</strong></span> <span class='ocrx_word' id='word_1_206' title='bbox 1600 2169 1846 2241; x_wconf 79' lang='lat' dir='ltr'><strong>redegit?</strong></span> <span class='ocrx_word' id='word_1_207' title='bbox 1874 2168 1984 2225; x_wconf 85' lang='lat' dir='ltr'><strong>Etsi</strong></span> 
     </span>
    </p>
   </div>
   <div class='ocr_carea' id='block_1_30' title="bbox 420 2262 1986 2333">
    <p class='ocr_par' dir='ltr' id='par_1_30' title="bbox 420 2262 1986 2333">
     <span class='ocr_line' id='line_1_30' title="bbox 420 2262 1986 2333; baseline -0.001 -16"><span class='ocrx_word' id='word_1_208' title='bbox 420 2262 563 2317; x_wconf 89' lang='lat' dir='ltr'><strong>enim</strong></span> <span class='ocrx_word' id='word_1_209' title='bbox 590 2262 676 2317; x_wconf 90' lang='lat' dir='ltr'><strong>hic</strong></span> <span class='ocrx_word' id='word_1_210' title='bbox 706 2263 1033 2333; x_wconf 85' lang='lat' dir='ltr'><strong>contigerint</strong></span> <span class='ocrx_word' id='word_1_211' title='bbox 1061 2262 1353 2331; x_wconf 87' lang='lat' dir='ltr'><strong>aliquando</strong></span> <span class='ocrx_word' id='word_1_212' title='bbox 1378 2263 1673 2331; x_wconf 81' lang='lat' dir='ltr'><strong>eluviones,</strong></span> <span class='ocrx_word' id='word_1_213' title='bbox 1702 2262 1785 2318; x_wconf 88' lang='lat' dir='ltr'><strong>vel</strong></span> <span class='ocrx_word' id='word_1_214' title='bbox 1822 2276 1986 2331; x_wconf 80' lang='lat' dir='ltr'><strong>gran-</strong></span> 
     </span>
    </p>
   </div>
   <div class='ocr_carea' id='block_1_31' title="bbox 421 2352 1986 2423">
    <p class='ocr_par' dir='ltr' id='par_1_31' title="bbox 421 2352 1986 2423">
     <span class='ocr_line' id='line_1_31' title="bbox 421 2352 1986 2423; baseline 0 -15"><span class='ocrx_word' id='word_1_215' title='bbox 421 2353 610 2408; x_wconf 91' lang='lat' dir='ltr'><strong>dinum</strong></span> <span class='ocrx_word' id='word_1_216' title='bbox 653 2365 747 2408; x_wconf 89' lang='lat' dir='ltr'><strong>aut</strong></span> <span class='ocrx_word' id='word_1_217' title='bbox 780 2354 1063 2408; x_wconf 90' lang='lat' dir='ltr'><strong>fulminum</strong></span> <span class='ocrx_word' id='word_1_218' title='bbox 1090 2354 1254 2415; x_wconf 90' lang='lat' dir='ltr'><strong>ictus,</strong></span> <span class='ocrx_word' id='word_1_219' title='bbox 1282 2354 1482 2423; x_wconf 89' lang='lat' dir='ltr'><strong>quibus</strong></span> <span class='ocrx_word' id='word_1_220' title='bbox 1525 2367 1588 2406; x_wconf 90' lang='lat' dir='ltr'><strong>ea</strong></span> <span class='ocrx_word' id='word_1_221' title='bbox 1623 2367 1741 2422; x_wconf 68' lang='lat' dir='ltr'><strong>qua</strong></span> <span class='ocrx_word' id='word_1_222' title='bbox 1773 2352 1826 2407; x_wconf 91' lang='lat' dir='ltr'><strong>in</strong></span> <span class='ocrx_word' id='word_1_223' title='bbox 1853 2352 1986 2422; x_wconf 86' lang='lat' dir='ltr'><strong>ipsis</strong></span> 
     </span>
    </p>
   </div>
   <div class='ocr_carea' id='block_1_32' title="bbox 421 2444 1984 2516">
    <p class='ocr_par' dir='ltr' id='par_1_32' title="bbox 421 2444 1984 2516">
     <span class='ocr_line' id='line_1_32' title="bbox 421 2444 1984 2516; baseline 0 -17"><span class='ocrx_word' id='word_1_224' title='bbox 421 2455 568 2508; x_wconf 89' lang='lat' dir='ltr'><strong>sunt,</strong></span> <span class='ocrx_word' id='word_1_225' title='bbox 597 2444 874 2513; x_wconf 84' lang='lat' dir='ltr'><strong>perirent:</strong></span> <span class='ocrx_word' id='word_1_226' title='bbox 910 2454 1148 2500; x_wconf 88' lang='lat' dir='ltr'><strong>attamen</strong></span> <span class='ocrx_word' id='word_1_227' title='bbox 1178 2444 1491 2516; x_wconf 81' lang='grc' dir='ltr'><strong>συμμετρία</strong></span> <span class='ocrx_word' id='word_1_228' title='bbox 1514 2460 1698 2499; x_wconf 83' lang='lat' dir='ltr'><strong>rursus</strong></span> <span class='ocrx_word' id='word_1_229' title='bbox 1726 2444 1840 2499; x_wconf 70' lang='lat' dir='ltr'><strong>hare</strong></span> <span class='ocrx_word' id='word_1_230' title='bbox 1866 2444 1984 2499; x_wconf 89' lang='lat' dir='ltr'><strong>loca</strong></span> 
     </span>
    </p>
   </div>
   <div class='ocr_carea' id='block_1_33' title="bbox 420 2534 1986 2602">
    <p class='ocr_par' dir='ltr' id='par_1_33' title="bbox 420 2534 1986 2602">
     <span class='ocr_line' id='line_1_33' title="bbox 420 2534 1986 2602; baseline 0.002 -14"><span class='ocrx_word' id='word_1_231' title='bbox 420 2534 489 2588; x_wconf 84' lang='lat' dir='ltr'><strong>ad</strong></span> <span class='ocrx_word' id='word_1_232' title='bbox 533 2537 831 2592; x_wconf 86' lang='lat' dir='ltr'><strong>naturalem</strong></span> <span class='ocrx_word' id='word_1_233' title='bbox 864 2537 1165 2591; x_wconf 75' lang='lat' dir='ltr'><strong>ubertatem</strong></span> <span class='ocrx_word' id='word_1_234' title='bbox 1198 2537 1435 2602; x_wconf 85' lang='lat' dir='ltr'><strong>reduxit,</strong></span> <span class='ocrx_word' id='word_1_235' title='bbox 1470 2553 1591 2591; x_wconf 90' lang='lat' dir='ltr'><strong>cum</strong></span> <span class='ocrx_word' id='word_1_236' title='bbox 1626 2536 1729 2592; x_wconf 86' lang='lat' dir='ltr'><strong>illis</strong></span> <span class='ocrx_word' id='word_1_237' title='bbox 1754 2536 1986 2591; x_wconf 82' lang='lat' dir='ltr'><strong>desertis</strong></span> 
     </span>
    </p>
   </div>
   <div class='ocr_carea' id='block_1_34' title="bbox 421 2625 1983 2697">
    <p class='ocr_par' dir='ltr' id='par_1_34' title="bbox 421 2625 1983 2697">
     <span class='ocr_line' id='line_1_34' title="bbox 421 2625 1983 2697; baseline 0.003 -19"><span class='ocrx_word' id='word_1_238' title='bbox 421 2640 694 2693; x_wconf 82' lang='lat' dir='ltr'><strong>nunquam</strong></span> <span class='ocrx_word' id='word_1_239' title='bbox 743 2627 959 2696; x_wconf 89' lang='lat' dir='ltr'><strong>aliquod</strong></span> <span class='ocrx_word' id='word_1_240' title='bbox 1002 2627 1264 2682; x_wconf 84' lang='lat' dir='ltr'><strong>hactenus</strong></span> <span class='ocrx_word' id='word_1_241' title='bbox 1305 2625 1430 2681; x_wconf 81' lang='lat' dir='ltr'><strong>felix</strong></span> <span class='ocrx_word' id='word_1_242' title='bbox 1462 2637 1667 2682; x_wconf 88' lang='lat' dir='ltr'><strong>astrum</strong></span> <span class='ocrx_word' id='word_1_243' title='bbox 1702 2626 1983 2697; x_wconf 85' lang='lat' dir='ltr'><strong>profuerit.</strong></span> 
     </span>
    </p>
   </div>
   <div class='ocr_carea' id='block_1_35' title="bbox 422 2716 1982 2783">
    <p class='ocr_par' dir='ltr' id='par_1_35' title="bbox 422 2716 1982 2783">
     <span class='ocr_line' id='line_1_35' title="bbox 422 2716 1982 2783; baseline 0 -12"><span class='ocrx_word' id='word_1_244' title='bbox 422 2716 531 2771; x_wconf 87' lang='lat' dir='ltr'><strong>Sed</strong></span> <span class='ocrx_word' id='word_1_245' title='bbox 554 2725 747 2771; x_wconf 90' lang='lat' dir='ltr'><strong>natura</strong></span> <span class='ocrx_word' id='word_1_246' title='bbox 784 2718 1036 2772; x_wconf 87' lang='lat' dir='ltr'><strong>nimirum</strong></span> <span class='ocrx_word' id='word_1_247' title='bbox 1070 2718 1298 2783; x_wconf 86' lang='lat' dir='ltr'><strong>obtinet,</strong></span> <span class='ocrx_word' id='word_1_248' title='bbox 1328 2734 1451 2772; x_wconf 92' lang='lat' dir='ltr'><strong>eum</strong></span> <span class='ocrx_word' id='word_1_249' title='bbox 1497 2719 1551 2772; x_wconf 91' lang='lat' dir='ltr'><strong>in</strong></span> <span class='ocrx_word' id='word_1_250' title='bbox 1582 2718 1982 2782; x_wconf 87' lang='lat' dir='ltr'><strong>solitudinibus,</strong></span> 
     </span>
    </p>
   </div>
   <div class='ocr_carea' id='block_1_36' title="bbox 421 2809 1983 2879">
    <p class='ocr_par' dir='ltr' id='par_1_36' title="bbox 421 2809 1983 2879">
     <span class='ocr_line' id='line_1_36' title="bbox 421 2809 1983 2879; baseline 0.003 -18"><span class='ocrx_word' id='word_1_251' title='bbox 421 2819 534 2862; x_wconf 90' lang='lat' dir='ltr'><strong>tum</strong></span> <span class='ocrx_word' id='word_1_252' title='bbox 585 2809 925 2879; x_wconf 89' lang='lat' dir='ltr'><strong>ubicunque,</strong></span> <span class='ocrx_word' id='word_1_253' title='bbox 958 2826 1061 2864; x_wconf 94' lang='lat' dir='ltr'><strong>non</strong></span> <span class='ocrx_word' id='word_1_254' title='bbox 1104 2810 1293 2866; x_wconf 87' lang='lat' dir='ltr'><strong>eadem</strong></span> <span class='ocrx_word' id='word_1_255' title='bbox 1331 2810 1417 2864; x_wconf 90' lang='lat' dir='ltr'><strong>illa</strong></span> <span class='ocrx_word' id='word_1_256' title='bbox 1468 2812 1629 2865; x_wconf 89' lang='lat' dir='ltr'><strong>rebus</strong></span> <span class='ocrx_word' id='word_1_257' title='bbox 1672 2810 1919 2866; x_wconf 87' lang='lat' dir='ltr'><strong>omnibus</strong></span> <span class='ocrx_word' id='word_1_258' title='bbox 1952 2825 1983 2865; x_wconf 80' lang='grc' dir='ltr'><strong>ιι</strong></span> 
     </span>
    </p>
   </div>
   <div class='ocr_carea' id='block_1_37' title="bbox 422 2900 1983 2973">
    <p class='ocr_par' dir='ltr' id='par_1_37' title="bbox 422 2900 1983 2973">
     <span class='ocr_line' id='line_1_37' title="bbox 422 2900 1983 2973; baseline 0.001 -19"><span class='ocrx_word' id='word_1_259' title='bbox 422 2900 532 2973; x_wconf 75' lang='lat' dir='ltr'><strong>Deo</strong></span> <span class='ocrx_word' id='word_1_260' title='bbox 566 2901 753 2967; x_wconf 88' lang='lat' dir='ltr'><strong>indita,</strong></span> <span class='ocrx_word' id='word_1_261' title='bbox 784 2912 842 2955; x_wconf 92' lang='lat' dir='ltr'><strong>ut</strong></span> <span class='ocrx_word' id='word_1_262' title='bbox 884 2918 1057 2969; x_wconf 90' lang='lat' dir='ltr'><strong>neque</strong></span> <span class='ocrx_word' id='word_1_263' title='bbox 1087 2902 1265 2971; x_wconf 91' lang='lat' dir='ltr'><strong>pluvia</strong></span> <span class='ocrx_word' id='word_1_264' title='bbox 1293 2901 1366 2956; x_wconf 85' lang='lat' dir='ltr'><strong>ibi</strong></span> <span class='ocrx_word' id='word_1_265' title='bbox 1395 2902 1609 2957; x_wconf 89' lang='lat' dir='ltr'><strong>decidat</strong></span> <span class='ocrx_word' id='word_1_266' title='bbox 1635 2903 1724 2957; x_wconf 91' lang='lat' dir='ltr'><strong>ubi</strong></span> <span class='ocrx_word' id='word_1_267' title='bbox 1760 2916 1855 2971; x_wconf 86' lang='lat' dir='ltr'><strong>per</strong></span> <span class='ocrx_word' id='word_1_268' title='bbox 1886 2917 1983 2956; x_wconf 88' lang='lat' dir='ltr'><strong>na-</strong></span> 
     </span>
    </p>
   </div>
   <div class='ocr_carea' id='block_1_38' title="bbox 422 2987 1985 3058">
    <p class='ocr_par' dir='ltr' id='par_1_38' title="bbox 422 2987 1985 3058">
     <span class='ocr_line' id='line_1_38' title="bbox 422 2987 1985 3058; baseline 0.004 -20"><span class='ocrx_word' id='word_1_269' title='bbox 422 2996 595 3041; x_wconf 87' lang='lat' dir='ltr'><strong>turam</strong></span> <span class='ocrx_word' id='word_1_270' title='bbox 629 3002 737 3041; x_wconf 92' lang='lat' dir='ltr'><strong>non</strong></span> <span class='ocrx_word' id='word_1_271' title='bbox 791 2987 954 3049; x_wconf 90' lang='lat' dir='ltr'><strong>solet,</strong></span> <span class='ocrx_word' id='word_1_272' title='bbox 1001 3003 1174 3057; x_wconf 91' lang='lat' dir='ltr'><strong>neque</strong></span> <span class='ocrx_word' id='word_1_273' title='bbox 1222 2989 1437 3044; x_wconf 90' lang='lat' dir='ltr'><strong>nivibus</strong></span> <span class='ocrx_word' id='word_1_274' title='bbox 1470 3005 1705 3058; x_wconf 86' lang='lat' dir='ltr'><strong>unquam</strong></span> <span class='ocrx_word' id='word_1_275' title='bbox 1757 2989 1845 3044; x_wconf 88' lang='lat' dir='ltr'><strong>illa</strong></span> <span class='ocrx_word' id='word_1_276' title='bbox 1894 3004 1985 3044; x_wconf 81' lang='lat' dir='ltr'><strong>ca-</strong></span> 
     </span>
    </p>
   </div>
   <div class='ocr_carea' id='block_1_39' title="bbox 419 3080 1985 3151">
    <p class='ocr_par' dir='ltr' id='par_1_39' title="bbox 419 3080 1985 3151">
     <span class='ocr_line' id='line_1_39' title="bbox 419 3080 1985 3151; baseline 0.001 -18"><span class='ocrx_word' id='word_1_277' title='bbox 419 3086 593 3142; x_wconf 86' lang='lat' dir='ltr'><strong>reant,</strong></span> <span class='ocrx_word' id='word_1_278' title='bbox 628 3094 964 3149; x_wconf 67' lang='lat' dir='ltr'><strong>quaecunque</strong></span> <span class='ocrx_word' id='word_1_279' title='bbox 1000 3080 1255 3134; x_wconf 85' lang='lat' dir='ltr'><strong>immania</strong></span> <span class='ocrx_word' id='word_1_280' title='bbox 1291 3081 1398 3150; x_wconf 87' lang='lat' dir='ltr'><strong>pati</strong></span> <span class='ocrx_word' id='word_1_281' title='bbox 1450 3080 1650 3151; x_wconf 90' lang='lat' dir='ltr'><strong>frigora</strong></span> <span class='ocrx_word' id='word_1_282' title='bbox 1690 3096 1985 3136; x_wconf 86' lang='lat' dir='ltr'><strong>consueve-</strong></span> 
     </span>
    </p>
   </div>
   <div class='ocr_carea' id='block_1_40' title="bbox 2150 1064 3638 1139">
    <p class='ocr_par' dir='ltr' id='par_1_40' title="bbox 2150 1064 3638 1139">
     <span class='ocr_line' id='line_1_40' title="bbox 2150 1064 3638 1139; baseline -0.002 -17"><span class='ocrx_word' id='word_1_283' title='bbox 2150 1066 2271 1121; x_wconf 78' lang='grc' dir='ltr'><strong>Ἔτι</strong></span> <span class='ocrx_word' id='word_1_284' title='bbox 2295 1068 2363 1136; x_wconf 59' lang='grc' dir='ltr'><strong>,δὲ</strong></span> <span class='ocrx_word' id='word_1_285' title='bbox 2394 1069 2443 1122; x_wconf 84' lang='grc' dir='ltr'><strong>εί</strong></span> <span class='ocrx_word' id='word_1_286' title='bbox 2473 1067 2654 1139; x_wconf 78' lang='grc' dir='ltr'><strong>χαίρει</strong></span> <span class='ocrx_word' id='word_1_287' title='bbox 2690 1067 2799 1120; x_wconf 88' lang='grc' dir='ltr'><strong>τῶν</strong></span> <span class='ocrx_word' id='word_1_288' title='bbox 2842 1065 3051 1130; x_wconf 80' lang='grc' dir='ltr'><strong>ζωδίων</strong></span> <span class='ocrx_word' id='word_1_289' title='bbox 3093 1064 3325 1120; x_wconf 65' lang='grc' dir='ltr'><strong>ἕκαστον</strong></span> <span class='ocrx_word' id='word_1_290' title='bbox 3385 1066 3638 1136; x_wconf 79' lang='grc' dir='ltr'><strong>φυσικῶς</strong></span> 
     </span>
    </p>
   </div>
   <div class='ocr_carea' id='block_1_41' title="bbox 2078 1157 3661 1232">
    <p class='ocr_par' dir='ltr' id='par_1_41' title="bbox 2078 1157 3661 1232">
     <span class='ocr_line' id='line_1_41' title="bbox 2078 1157 3661 1232; baseline -0.002 -17"><span class='ocrx_word' id='word_1_291' title='bbox 2078 1161 2294 1232; x_wconf 70' lang='grc' dir='ltr'><strong>ἑκάστῳ</strong></span> <span class='ocrx_word' id='word_1_292' title='bbox 2336 1161 2489 1232; x_wconf 79' lang='grc' dir='ltr'><strong>μέρει</strong></span> <span class='ocrx_word' id='word_1_293' title='bbox 2529 1159 2633 1230; x_wconf 81' lang='grc' dir='ltr'><strong>τῆς</strong></span> <span class='ocrx_word' id='word_1_294' title='bbox 2676 1157 2802 1228; x_wconf 84' lang='grc' dir='ltr'><strong>γῆς,</strong></span> <span class='ocrx_word' id='word_1_295' title='bbox 2832 1158 2929 1212; x_wconf 78' lang='grc' dir='ltr'><strong>καὶ</strong></span> <span class='ocrx_word' id='word_1_296' title='bbox 2982 1157 3211 1227; x_wconf 77' lang='grc' dir='ltr'><strong>βλάπτει</strong></span> <span class='ocrx_word' id='word_1_297' title='bbox 3256 1158 3358 1226; x_wconf 69' lang='grc' dir='ltr'><strong>μιν</strong></span> <span class='ocrx_word' id='word_1_298' title='bbox 3387 1157 3560 1227; x_wconf 77' lang='grc' dir='ltr'><strong>αὐτῆς</strong></span> <span class='ocrx_word' id='word_1_299' title='bbox 3586 1157 3661 1213; x_wconf 77' lang='grc' dir='ltr'><strong>τὰ</strong></span> 
     </span>
    </p>
   </div>
   <div class='ocr_carea' id='block_1_42' title="bbox 2084 1248 3650 1323">
    <p class='ocr_par' dir='ltr' id='par_1_42' title="bbox 2084 1248 3650 1323">
     <span class='ocr_line' id='line_1_42' title="bbox 2084 1248 3650 1323; baseline -0.004 -17"><span class='ocrx_word' id='word_1_300' title='bbox 2084 1252 2223 1323; x_wconf 77' lang='grc' dir='ltr'><strong>μέρη</strong></span> <span class='ocrx_word' id='word_1_301' title='bbox 2253 1256 2349 1306; x_wconf 82' lang='grc' dir='ltr'><strong>καὶ</strong></span> <span class='ocrx_word' id='word_1_302' title='bbox 2376 1251 2632 1321; x_wconf 77' lang='grc' dir='ltr'><strong>ἀφανίζει</strong></span> <span class='ocrx_word' id='word_1_303' title='bbox 2668 1251 2704 1322; x_wconf 74' lang='grc' dir='ltr'>ἢ</span> <span class='ocrx_word' id='word_1_304' title='bbox 2740 1252 2982 1321; x_wconf 73' lang='grc' dir='ltr'><strong>σεισμοῖς</strong></span> <span class='ocrx_word' id='word_1_305' title='bbox 3003 1250 3049 1283; x_wconf 75' lang='grc'><strong>⁸⁸</strong></span> <span class='ocrx_word' id='word_1_306' title='bbox 3082 1249 3115 1320; x_wconf 78' lang='grc' dir='ltr'><strong>ἢ</strong></span> <span class='ocrx_word' id='word_1_307' title='bbox 3148 1248 3411 1319; x_wconf 81' lang='grc' dir='ltr'><strong>πολέμοις</strong></span> <span class='ocrx_word' id='word_1_308' title='bbox 3440 1248 3473 1319; x_wconf 78' lang='grc' dir='ltr'>ἢ</span> <span class='ocrx_word' id='word_1_309' title='bbox 3504 1264 3650 1317; x_wconf 80' lang='grc' dir='ltr'><strong>πυρ-</strong></span> 
     </span>
    </p>
   </div>
   <div class='ocr_carea' id='block_1_43' title="bbox 2083 1340 3662 1415">
    <p class='ocr_par' dir='ltr' id='par_1_43' title="bbox 2083 1340 3662 1415">
     <span class='ocr_line' id='line_1_43' title="bbox 2083 1340 3662 1415; baseline -0.003 -19"><span class='ocrx_word' id='word_1_310' title='bbox 2083 1344 2381 1415; x_wconf 82' lang='grc' dir='ltr'><strong>πολήσεσιν</strong></span> <span class='ocrx_word' id='word_1_311' title='bbox 2423 1345 2457 1415; x_wconf 75' lang='grc' dir='ltr'><strong>ἢ</strong></span> <span class='ocrx_word' id='word_1_312' title='bbox 2520 1343 2775 1414; x_wconf 74' lang='grc' dir='ltr'><strong>ἀφορίαις</strong></span> <span class='ocrx_word' id='word_1_313' title='bbox 2829 1341 3126 1396; x_wconf 85' lang='grc' dir='ltr'><strong>κακοποωῦ</strong></span> <span class='ocrx_word' id='word_1_314' title='bbox 3182 1341 3441 1410; x_wconf 78' lang='grc' dir='ltr'><strong>φανέντος</strong></span> <span class='ocrx_word' id='word_1_315' title='bbox 3493 1340 3662 1394; x_wconf 80' lang='grc' dir='ltr'><strong>τοῦ⁸¹</strong></span> 
     </span>
    </p>
   </div>
   <div class='ocr_carea' id='block_1_44' title="bbox 2087 1431 3664 1508">
    <p class='ocr_par' dir='ltr' id='par_1_44' title="bbox 2087 1431 3664 1508">
     <span class='ocr_line' id='line_1_44' title="bbox 2087 1431 3664 1508; baseline -0.004 -18"><span class='ocrx_word' id='word_1_316' title='bbox 2087 1436 2335 1508; x_wconf 79' lang='grc' dir='ltr'><strong>ἀστέρος,</strong></span> <span class='ocrx_word' id='word_1_317' title='bbox 2364 1435 2567 1505; x_wconf 84' lang='grc' dir='ltr'><strong>ὠφελεῖ</strong></span> <span class='ocrx_word' id='word_1_318' title='bbox 2592 1434 2648 1487; x_wconf 87' lang='grc' dir='ltr'><strong>δὲ</strong></span> <span class='ocrx_word' id='word_1_319' title='bbox 2679 1433 2745 1487; x_wconf 88' lang='grc' dir='ltr'><strong>τά</strong></span> <span class='ocrx_word' id='word_1_320' title='bbox 2787 1432 3021 1503; x_wconf 81' lang='grc' dir='ltr'><strong>μέγιστα</strong></span> <span class='ocrx_word' id='word_1_321' title='bbox 3048 1431 3159 1486; x_wconf 84' lang='grc' dir='ltr'><strong>τῶν</strong></span> <span class='ocrx_word' id='word_1_322' title='bbox 3200 1431 3543 1499; x_wconf 78' lang='grc' dir='ltr'><strong>ἀγαθοποιῶν</strong></span> <span class='ocrx_word' id='word_1_323' title='bbox 3576 1447 3664 1484; x_wconf 89' lang='grc' dir='ltr'><strong>τι-</strong></span> 
     </span>
    </p>
   </div>
   <div class='ocr_carea' id='block_1_45' title="bbox 2086 1524 3659 1599">
    <p class='ocr_par' dir='ltr' id='par_1_45' title="bbox 2086 1524 3659 1599">
     <span class='ocr_line' id='line_1_45' title="bbox 2086 1524 3659 1599; baseline -0.003 -18"><span class='ocrx_word' id='word_1_324' title='bbox 2086 1545 2177 1592; x_wconf 90' lang='grc' dir='ltr'><strong>νος</strong></span> <span class='ocrx_word' id='word_1_325' title='bbox 2217 1529 2297 1591; x_wconf 85' lang='grc' dir='ltr'><strong>είς</strong></span> <span class='ocrx_word' id='word_1_326' title='bbox 2330 1528 2464 1583; x_wconf 79' lang='grc' dir='ltr'><strong>αὐτὸ</strong></span> <span class='ocrx_word' id='word_1_327' title='bbox 2508 1527 2832 1599; x_wconf 76' lang='grc' dir='ltr'><strong>ἐρχομένου,</strong></span> <span class='ocrx_word' id='word_1_328' title='bbox 2861 1524 3171 1597; x_wconf 83' lang='grc' dir='ltr'><strong>γηπονιαις,</strong></span> <span class='ocrx_word' id='word_1_329' title='bbox 3207 1524 3509 1595; x_wconf 78' lang='grc' dir='ltr'><strong>εὖφορίαις,</strong></span> <span class='ocrx_word' id='word_1_330' title='bbox 3538 1524 3659 1590; x_wconf 75' lang='grc' dir='ltr'><strong>πῶς</strong></span> 
     </span>
    </p>
   </div>
   <div class='ocr_carea' id='block_1_46' title="bbox 2086 1614 3659 1689">
    <p class='ocr_par' dir='ltr' id='par_1_46' title="bbox 2086 1614 3659 1689">
     <span class='ocr_line' id='line_1_46' title="bbox 2086 1614 3659 1689; baseline -0.002 -18"><span class='ocrx_word' id='word_1_331' title='bbox 2086 1619 2194 1672; x_wconf 75' lang='grc' dir='ltr'><strong>εισι</strong></span> <span class='ocrx_word' id='word_1_332' title='bbox 2219 1620 2375 1672; x_wconf 80' lang='grc' dir='ltr'><strong>τόποι</strong></span> <span class='ocrx_word' id='word_1_333' title='bbox 2388 1618 2478 1673; x_wconf 80' lang='grc' dir='ltr'><strong>διὰ</strong></span> <span class='ocrx_word' id='word_1_334' title='bbox 2507 1618 2708 1689; x_wconf 83' lang='grc' dir='ltr'><strong>κρύους</strong></span> <span class='ocrx_word' id='word_1_335' title='bbox 2735 1616 2769 1687; x_wconf 79' lang='grc' dir='ltr'>ἢ</span> <span class='ocrx_word' id='word_1_336' title='bbox 2796 1616 3031 1679; x_wconf 75' lang='grc' dir='ltr'><strong>θάλπους</strong></span> <span class='ocrx_word' id='word_1_337' title='bbox 3057 1614 3362 1688; x_wconf 74' lang='grc' dir='ltr'><strong>ὑπερϐολὴν</strong></span> <span class='ocrx_word' id='word_1_338' title='bbox 3388 1615 3479 1669; x_wconf 79' lang='grc' dir='ltr'><strong>διὰ</strong></span> <span class='ocrx_word' id='word_1_339' title='bbox 3513 1632 3659 1669; x_wconf 79' lang='grc' dir='ltr'><strong>παν-</strong></span> 
     </span>
    </p>
   </div>
   <div class='ocr_carea' id='block_1_47' title="bbox 2084 1707 3661 1781">
    <p class='ocr_par' dir='ltr' id='par_1_47' title="bbox 2084 1707 3661 1781">
     <span class='ocr_line' id='line_1_47' title="bbox 2084 1707 3661 1781; baseline -0.003 -17"><span class='ocrx_word' id='word_1_340' title='bbox 2084 1711 2178 1774; x_wconf 83' lang='grc' dir='ltr'><strong>τὸς</strong></span> <span class='ocrx_word' id='word_1_341' title='bbox 2231 1712 2452 1765; x_wconf 82' lang='grc' dir='ltr'><strong>πάντων</strong></span> <span class='ocrx_word' id='word_1_342' title='bbox 2502 1710 2721 1781; x_wconf 75' lang='grc' dir='ltr'><strong>ἔρημοι,</strong></span> <span class='ocrx_word' id='word_1_343' title='bbox 2776 1708 2866 1763; x_wconf 80' lang='grc' dir='ltr'><strong>καὶ</strong></span> <span class='ocrx_word' id='word_1_344' title='bbox 2913 1707 3035 1761; x_wconf 74' lang='grc' dir='ltr'><strong>οὔτε</strong></span> <span class='ocrx_word' id='word_1_345' title='bbox 3089 1707 3422 1776; x_wconf 78' lang='grc' dir='ltr'><strong>ἀγαθοποιδς</strong></span> <span class='ocrx_word' id='word_1_346' title='bbox 3472 1708 3661 1771; x_wconf 77' lang='grc' dir='ltr'><strong>αὐτοῖς</strong></span> 
     </span>
    </p>
   </div>
   <div class='ocr_carea' id='block_1_48' title="bbox 2085 1797 3661 1873">
    <p class='ocr_par' dir='ltr' id='par_1_48' title="bbox 2085 1797 3661 1873">
     <span class='ocr_line' id='line_1_48' title="bbox 2085 1797 3661 1873; baseline -0.003 -17"><span class='ocrx_word' id='word_1_347' title='bbox 2085 1802 2273 1871; x_wconf 78' lang='grc' dir='ltr'><strong>ἀφεῖλε</strong></span> <span class='ocrx_word' id='word_1_348' title='bbox 2327 1801 2426 1873; x_wconf 78' lang='grc' dir='ltr'><strong>τὴν</strong></span> <span class='ocrx_word' id='word_1_349' title='bbox 2472 1802 2732 1873; x_wconf 69' lang='grc' dir='ltr'><strong>ἐρημίαν,</strong></span> <span class='ocrx_word' id='word_1_350' title='bbox 2766 1801 3009 1871; x_wconf 76' lang='grc' dir='ltr'><strong>παρέσχε</strong></span> <span class='ocrx_word' id='word_1_351' title='bbox 3036 1800 3094 1853; x_wconf 69' lang='grc' dir='ltr'><strong>δὲ</strong></span> <span class='ocrx_word' id='word_1_352' title='bbox 3120 1800 3223 1870; x_wconf 71' lang='grc' dir='ltr'><strong>τὴν</strong></span> <span class='ocrx_word' id='word_1_353' title='bbox 3265 1799 3563 1869; x_wconf 71' lang='grc' dir='ltr'><strong>εὐκρασίαν</strong></span> <span class='ocrx_word' id='word_1_354' title='bbox 3582 1797 3661 1864; x_wconf 79' lang='grc'><strong>⁸³,</strong></span> 
     </span>
    </p>
   </div>
   <div class='ocr_carea' id='block_1_49' title="bbox 2085 1889 3660 1965">
    <p class='ocr_par' dir='ltr' id='par_1_49' title="bbox 2085 1889 3660 1965">
     <span class='ocr_line' id='line_1_49' title="bbox 2085 1889 3660 1965; baseline -0.004 -18"><span class='ocrx_word' id='word_1_355' title='bbox 2085 1894 2207 1948; x_wconf 78' lang='grc' dir='ltr'><strong>οὗτε</strong></span> <span class='ocrx_word' id='word_1_356' title='bbox 2235 1894 2364 1958; x_wconf 80' lang='grc' dir='ltr'><strong>τοὺς</strong></span> <span class='ocrx_word' id='word_1_357' title='bbox 2390 1894 2720 1965; x_wconf 85' lang='grc' dir='ltr'><strong>οἱκησίμους</strong></span> <span class='ocrx_word' id='word_1_358' title='bbox 2750 1894 2948 1955; x_wconf 87' lang='grc' dir='ltr'><strong>τόπους</strong></span> <span class='ocrx_word' id='word_1_359' title='bbox 2970 1889 3263 1954; x_wconf 75' lang='grc' dir='ltr'><strong>κακοποιὸς</strong></span> <span class='ocrx_word' id='word_1_360' title='bbox 3291 1889 3465 1953; x_wconf 82' lang='grc' dir='ltr'><strong>οὐδεὶς</strong></span> <span class='ocrx_word' id='word_1_361' title='bbox 3487 1890 3660 1959; x_wconf 62' lang='lat' dir='ltr'><strong>butt-</strong></span> 
     </span>
    </p>
   </div>
   <div class='ocr_carea' id='block_1_50' title="bbox 2084 1979 3657 2052">
    <p class='ocr_par' dir='ltr' id='par_1_50' title="bbox 2084 1979 3657 2052">
     <span class='ocr_line' id='line_1_50' title="bbox 2084 1979 3657 2052; baseline -0.003 -15"><span class='ocrx_word' id='word_1_362' title='bbox 2084 1984 2288 2039; x_wconf 77' lang='grc' dir='ltr'><strong>σαίνων</strong></span> <span class='ocrx_word' id='word_1_363' title='bbox 2333 1983 2443 2038; x_wconf 88' lang='grc' dir='ltr'><strong>τῶν</strong></span> <span class='ocrx_word' id='word_1_364' title='bbox 2498 1984 2707 2049; x_wconf 80' lang='grc' dir='ltr'><strong>ζωδίων</strong></span> <span class='ocrx_word' id='word_1_365' title='bbox 2744 1983 2826 2047; x_wconf 83' lang='grc' dir='ltr'><strong>είς</strong></span> <span class='ocrx_word' id='word_1_366' title='bbox 2855 1981 3093 2052; x_wconf 86' lang='grc' dir='ltr'><strong>παντελῆ</strong></span> <span class='ocrx_word' id='word_1_367' title='bbox 3128 1979 3363 2052; x_wconf 68' lang='grc' dir='ltr'><strong>ἕρημίαν</strong></span> <span class='ocrx_word' id='word_1_368' title='bbox 3383 1980 3478 2034; x_wconf 85' lang='grc' dir='ltr'><strong>καὶ</strong></span> <span class='ocrx_word' id='word_1_369' title='bbox 3506 1981 3657 2048; x_wconf 83' lang='grc' dir='ltr'><strong>ἀφα-</strong></span> 
     </span>
    </p>
   </div>
   <div class='ocr_carea' id='block_1_51' title="bbox 2084 2071 3655 2147">
    <p class='ocr_par' dir='ltr' id='par_1_51' title="bbox 2084 2071 3655 2147">
     <span class='ocr_line' id='line_1_51' title="bbox 2084 2071 3655 2147; baseline -0.003 -16"><span class='ocrx_word' id='word_1_370' title='bbox 2084 2076 2275 2147; x_wconf 82' lang='grc' dir='ltr'><strong>νισμὸν</strong></span> <span class='ocrx_word' id='word_1_371' title='bbox 2327 2074 2766 2146; x_wconf 75' lang='grc' dir='ltr'><strong>μετεσκεύασενς</strong></span> <span class='ocrx_word' id='word_1_372' title='bbox 2795 2076 2846 2129; x_wconf 82' lang='lat' dir='ltr'><strong>si</strong></span> <span class='ocrx_word' id='word_1_373' title='bbox 2876 2074 2987 2145; x_wconf 88' lang='grc' dir='ltr'><strong>γάρ</strong></span> <span class='ocrx_word' id='word_1_374' title='bbox 3014 2074 3110 2127; x_wconf 73' lang='grc' dir='ltr'><strong>καὶ</strong></span> <span class='ocrx_word' id='word_1_375' title='bbox 3135 2072 3375 2142; x_wconf 74' lang='grc' dir='ltr'><strong>γένοιντο</strong></span> <span class='ocrx_word' id='word_1_376' title='bbox 3402 2071 3530 2144; x_wconf 69' lang='grc'><strong>[547</strong></span> <span class='ocrx_word' id='word_1_377' title='bbox 3558 2071 3655 2144; x_wconf 66' lang='lat' dir='ltr'><strong>IL]</strong></span> 
     </span>
    </p>
   </div>
   <div class='ocr_carea' id='block_1_52' title="bbox 2085 2164 3663 2238">
    <p class='ocr_par' dir='ltr' id='par_1_52' title="bbox 2085 2164 3663 2238">
     <span class='ocr_line' id='line_1_52' title="bbox 2085 2164 3663 2238; baseline -0.004 -17"><span class='ocrx_word' id='word_1_378' title='bbox 2085 2167 2461 2237; x_wconf 79' lang='grc' dir='ltr'><strong>κατακλυσμοὶ</strong></span> <span class='ocrx_word' id='word_1_379' title='bbox 2491 2166 2525 2238; x_wconf 78' lang='grc' dir='ltr'>ἢ</span> <span class='ocrx_word' id='word_1_380' title='bbox 2562 2167 2804 2238; x_wconf 74' lang='grc' dir='ltr'><strong>χαλάζης</strong></span> <span class='ocrx_word' id='word_1_381' title='bbox 2858 2166 2893 2238; x_wconf 75' lang='grc' dir='ltr'>ἢ</span> <span class='ocrx_word' id='word_1_382' title='bbox 2946 2164 3226 2237; x_wconf 76' lang='grc' dir='ltr'><strong>κεραυνῶν</strong></span> <span class='ocrx_word' id='word_1_383' title='bbox 3263 2164 3440 2235; x_wconf 80' lang='grc' dir='ltr'><strong>βολαὶ,</strong></span> <span class='ocrx_word' id='word_1_384' title='bbox 3484 2166 3553 2218; x_wconf 77' lang='grc' dir='ltr'><strong>τὰ</strong></span> <span class='ocrx_word' id='word_1_385' title='bbox 3595 2166 3663 2217; x_wconf 71' lang='grc' dir='ltr'><strong>εν</strong></span> 
     </span>
    </p>
   </div>
   <div class='ocr_carea' id='block_1_53' title="bbox 2085 2256 3659 2329">
    <p class='ocr_par' dir='ltr' id='par_1_53' title="bbox 2085 2256 3659 2329">
     <span class='ocr_line' id='line_1_53' title="bbox 2085 2256 3659 2329; baseline -0.004 -14"><span class='ocrx_word' id='word_1_386' title='bbox 2085 2260 2270 2322; x_wconf 79' lang='grc' dir='ltr'><strong>αὐτοῖς</strong></span> <span class='ocrx_word' id='word_1_387' title='bbox 2318 2257 2693 2328; x_wconf 79' lang='grc' dir='ltr'><strong>ἀφανίζοντες,</strong></span> <span class='ocrx_word' id='word_1_388' title='bbox 2722 2259 2840 2313; x_wconf 88' lang='grc' dir='ltr'><strong>ἀλλ’</strong></span> <span class='ocrx_word' id='word_1_389' title='bbox 2869 2259 2904 2329; x_wconf 80' lang='grc' dir='ltr'><strong>η</strong></span> <span class='ocrx_word' id='word_1_390' title='bbox 2932 2258 3246 2328; x_wconf 83' lang='grc' dir='ltr'><strong>συμμετρία</strong></span> <span class='ocrx_word' id='word_1_391' title='bbox 3291 2256 3459 2312; x_wconf 77' lang='grc' dir='ltr'><strong>πάλιν</strong></span> <span class='ocrx_word' id='word_1_392' title='bbox 3484 2256 3570 2320; x_wconf 76' lang='grc' dir='ltr'><strong>εἰς</strong></span> <span class='ocrx_word' id='word_1_393' title='bbox 3594 2256 3659 2317; x_wconf 70' lang='grc' dir='ltr'><strong>τι</strong></span> 
     </span>
    </p>
   </div>
   <div class='ocr_carea' id='block_1_54' title="bbox 2084 2350 3659 2423">
    <p class='ocr_par' dir='ltr' id='par_1_54' title="bbox 2084 2350 3659 2423">
     <span class='ocr_line' id='line_1_54' title="bbox 2084 2350 3659 2423; baseline -0.004 -14"><span class='ocrx_word' id='word_1_394' title='bbox 2084 2353 2229 2409; x_wconf 87' lang='grc' dir='ltr'><strong>κατά</strong></span> <span class='ocrx_word' id='word_1_395' title='bbox 2254 2351 2414 2422; x_wconf 82' lang='grc' dir='ltr'><strong>φύσιν</strong></span> <span class='ocrx_word' id='word_1_396' title='bbox 2439 2351 2667 2423; x_wconf 73' lang='grc' dir='ltr'><strong>εὔφορον</strong></span> <span class='ocrx_word' id='word_1_397' title='bbox 2696 2351 2891 2415; x_wconf 78' lang='grc' dir='ltr'><strong>αὐτοὺς</strong></span> <span class='ocrx_word' id='word_1_398' title='bbox 2916 2351 3254 2422; x_wconf 71' lang='grc' dir='ltr'><strong>δπανήγαγε.</strong></span> <span class='ocrx_word' id='word_1_399' title='bbox 3278 2350 3419 2415; x_wconf 73' lang='grc' dir='ltr'><strong>Τοὺς</strong></span> <span class='ocrx_word' id='word_1_400' title='bbox 3444 2350 3505 2406; x_wconf 73' lang='grc' dir='ltr'><strong>δὶ</strong></span> <span class='ocrx_word' id='word_1_401' title='bbox 3525 2350 3659 2421; x_wconf 67' lang='grc' dir='ltr'><strong>δρή-</strong></span> 
     </span>
    </p>
   </div>
   <div class='ocr_carea' id='block_1_55' title="bbox 2088 2442 3653 2516">
    <p class='ocr_par' dir='ltr' id='par_1_55' title="bbox 2088 2442 3653 2516">
     <span class='ocr_line' id='line_1_55' title="bbox 2088 2442 3653 2516; baseline 0.002 -18"><span class='ocrx_word' id='word_1_402' title='bbox 2088 2462 2221 2516; x_wconf 86' lang='grc' dir='ltr'><strong>μους</strong></span> <span class='ocrx_word' id='word_1_403' title='bbox 2240 2446 2440 2508; x_wconf 86' lang='grc' dir='ltr'><strong>τόπους</strong></span> <span class='ocrx_word' id='word_1_404' title='bbox 2482 2445 2637 2498; x_wconf 76' lang='grc' dir='ltr'><strong>οὔπω</strong></span> <span class='ocrx_word' id='word_1_405' title='bbox 2668 2461 2753 2508; x_wconf 85' lang='grc' dir='ltr'><strong>τις</strong></span> <span class='ocrx_word' id='word_1_406' title='bbox 2784 2442 3064 2515; x_wconf 76' lang='grc' dir='ltr'><strong>ὠφέλησεν</strong></span> <span class='ocrx_word' id='word_1_407' title='bbox 3089 2443 3422 2513; x_wconf 75' lang='grc' dir='ltr'><strong>ἀγαθοποιδς</strong></span> <span class='ocrx_word' id='word_1_408' title='bbox 3451 2443 3653 2514; x_wconf 71' lang='grc' dir='ltr'><strong>ἀστὴρ.</strong></span> 
     </span>
    </p>
   </div>
   <div class='ocr_carea' id='block_1_56' title="bbox 2085 2534 3651 2608">
    <p class='ocr_par' dir='ltr' id='par_1_56' title="bbox 2085 2534 3651 2608">
     <span class='ocr_line' id='line_1_56' title="bbox 2085 2534 3651 2608; baseline -0.002 -17"><span class='ocrx_word' id='word_1_409' title='bbox 2085 2538 2202 2592; x_wconf 85' lang='grc' dir='ltr'><strong>ἀλλ’</strong></span> <span class='ocrx_word' id='word_1_410' title='bbox 2235 2538 2269 2608; x_wconf 84' lang='grc' dir='ltr'>ἠ</span> <span class='ocrx_word' id='word_1_411' title='bbox 2307 2537 2468 2607; x_wconf 84' lang='grc' dir='ltr'><strong>φύσις</strong></span> <span class='ocrx_word' id='word_1_412' title='bbox 2505 2538 2700 2608; x_wconf 78' lang='grc' dir='ltr'><strong>κρατεῖ</strong></span> <span class='ocrx_word' id='word_1_413' title='bbox 2748 2536 2843 2590; x_wconf 71' lang='grc' dir='ltr'><strong>καὶ</strong></span> <span class='ocrx_word' id='word_1_414' title='bbox 2866 2536 2926 2590; x_wconf 74' lang='grc' dir='ltr'><strong>ὲν</strong></span> <span class='ocrx_word' id='word_1_415' title='bbox 2952 2536 3213 2608; x_wconf 66' lang='grc' dir='ltr'><strong>ἐρημίαις</strong></span> <span class='ocrx_word' id='word_1_416' title='bbox 3246 2535 3343 2591; x_wconf 79' lang='grc' dir='ltr'><strong>καὶ</strong></span> <span class='ocrx_word' id='word_1_417' title='bbox 3367 2534 3651 2606; x_wconf 72' lang='grc' dir='ltr'><strong>πανταχοῦ</strong></span> 
     </span>
    </p>
   </div>
   <div class='ocr_carea' id='block_1_57' title="bbox 2088 2625 3655 2700">
    <p class='ocr_par' dir='ltr' id='par_1_57' title="bbox 2088 2625 3655 2700">
     <span class='ocr_line' id='line_1_57' title="bbox 2088 2625 3655 2700; baseline -0.001 -18"><span class='ocrx_word' id='word_1_418' title='bbox 2088 2630 2241 2700; x_wconf 84' lang='grc' dir='ltr'><strong>παρά</strong></span> <span class='ocrx_word' id='word_1_419' title='bbox 2289 2628 2427 2683; x_wconf 86' lang='grc' dir='ltr'>Θεοῦ</span> <span class='ocrx_word' id='word_1_420' title='bbox 2456 2632 2568 2693; x_wconf 78' lang='grc' dir='ltr'><strong>τοῖς</strong></span> <span class='ocrx_word' id='word_1_421' title='bbox 2599 2628 2720 2682; x_wconf 73' lang='grc' dir='ltr'><strong>οὖσι</strong></span> <span class='ocrx_word' id='word_1_422' title='bbox 2757 2628 3032 2700; x_wconf 78' lang='grc' dir='ltr'><strong>διαφόρως</strong></span> <span class='ocrx_word' id='word_1_423' title='bbox 3058 2627 3301 2693; x_wconf 70' lang='grc' dir='ltr'><strong>δοθεῖσα,</strong></span> <span class='ocrx_word' id='word_1_424' title='bbox 3328 2628 3422 2681; x_wconf 72' lang='grc' dir='ltr'><strong>καὶ</strong></span> <span class='ocrx_word' id='word_1_425' title='bbox 3446 2625 3561 2681; x_wconf 73' lang='grc' dir='ltr'><strong>οὔτ’</strong></span> <span class='ocrx_word' id='word_1_426' title='bbox 3583 2625 3655 2681; x_wconf 75' lang='grc' dir='ltr'><strong>ἀν</strong></span> 
     </span>
    </p>
   </div>
   <div class='ocr_carea' id='block_1_58' title="bbox 2085 2715 3656 2790">
    <p class='ocr_par' dir='ltr' id='par_1_58' title="bbox 2085 2715 3656 2790">
     <span class='ocr_line' id='line_1_58' title="bbox 2085 2715 3656 2790; baseline -0.001 -17"><span class='ocrx_word' id='word_1_427' title='bbox 2085 2720 2239 2784; x_wconf 79' lang='grc' dir='ltr'><strong>ὑετὸς</strong></span> <span class='ocrx_word' id='word_1_428' title='bbox 2284 2717 2637 2790; x_wconf 80' lang='grc' dir='ltr'><strong>κατενεχθείη</strong></span> <span class='ocrx_word' id='word_1_429' title='bbox 2666 2719 2801 2773; x_wconf 81' lang='grc' dir='ltr'><strong>ὅπου</strong></span> <span class='ocrx_word' id='word_1_430' title='bbox 2843 2720 2918 2790; x_wconf 79' lang='grc' dir='ltr'><strong>μὴ</strong></span> <span class='ocrx_word' id='word_1_431' title='bbox 2953 2718 3223 2787; x_wconf 80' lang='grc' dir='ltr'><strong>πέφυκεν,</strong></span> <span class='ocrx_word' id='word_1_432' title='bbox 3260 2715 3373 2771; x_wconf 77' lang='grc' dir='ltr'><strong>οὔτ’</strong></span> <span class='ocrx_word' id='word_1_433' title='bbox 3400 2717 3468 2771; x_wconf 76' lang='grc' dir='ltr'><strong>ἂν</strong></span> <span class='ocrx_word' id='word_1_434' title='bbox 3502 2732 3656 2787; x_wconf 71' lang='grc' dir='ltr'><strong>νιφε-</strong></span> 
     </span>
    </p>
   </div>
   <div class='ocr_carea' id='block_1_59' title="bbox 2083 2805 3656 2881">
    <p class='ocr_par' dir='ltr' id='par_1_59' title="bbox 2083 2805 3656 2881">
     <span class='ocr_line' id='line_1_59' title="bbox 2083 2805 3656 2881; baseline -0.003 -16"><span class='ocrx_word' id='word_1_435' title='bbox 2083 2811 2196 2865; x_wconf 86' lang='grc' dir='ltr'><strong>τῶν</strong></span> <span class='ocrx_word' id='word_1_436' title='bbox 2245 2809 2591 2881; x_wconf 77' lang='grc' dir='ltr'><strong>ἀπαλλαγείη</strong></span> <span class='ocrx_word' id='word_1_437' title='bbox 2646 2810 2716 2864; x_wconf 86' lang='grc' dir='ltr'><strong>τά</strong></span> <span class='ocrx_word' id='word_1_438' title='bbox 2763 2810 2851 2865; x_wconf 76' lang='grc' dir='ltr'><strong>διὰ</strong></span> <span class='ocrx_word' id='word_1_439' title='bbox 2892 2809 3092 2873; x_wconf 70' lang='grc' dir='ltr'><strong>παντὸς</strong></span> <span class='ocrx_word' id='word_1_440' title='bbox 3123 2808 3360 2880; x_wconf 71' lang='grc' dir='ltr'><strong>φέροντα</strong></span> <span class='ocrx_word' id='word_1_441' title='bbox 3407 2805 3656 2879; x_wconf 72' lang='grc' dir='ltr'><strong>κρυμοὺς</strong></span> 
     </span>
    </p>
   </div>
   <div class='ocr_carea' id='block_1_60' title="bbox 2082 2897 3654 2974">
    <p class='ocr_par' dir='ltr' id='par_1_60' title="bbox 2082 2897 3654 2974">
     <span class='ocr_line' id='line_1_60' title="bbox 2082 2897 3654 2974; baseline -0.003 -16"><span class='ocrx_word' id='word_1_442' title='bbox 2082 2902 2326 2974; x_wconf 85' lang='grc' dir='ltr'><strong>ἀγρίους.</strong></span> <span class='ocrx_word' id='word_1_443' title='bbox 2369 2903 2432 2956; x_wconf 82' lang='lat' dir='ltr'><strong>Ei</strong></span> <span class='ocrx_word' id='word_1_444' title='bbox 2455 2899 2513 2954; x_wconf 75' lang='grc' dir='ltr'><strong>δὲ</strong></span> <span class='ocrx_word' id='word_1_445' title='bbox 2538 2902 2670 2955; x_wconf 84' lang='grc' dir='ltr'><strong>αὐτὸ</strong></span> <span class='ocrx_word' id='word_1_446' title='bbox 2710 2901 2810 2971; x_wconf 83' lang='grc' dir='ltr'><strong>τῆς</strong></span> <span class='ocrx_word' id='word_1_447' title='bbox 2837 2900 2948 2955; x_wconf 92' lang='grc' dir='ltr'><strong>τῶν</strong></span> <span class='ocrx_word' id='word_1_448' title='bbox 2979 2900 3159 2955; x_wconf 83' lang='grc' dir='ltr'><strong>τόπων</strong></span> <span class='ocrx_word' id='word_1_449' title='bbox 3187 2899 3406 2971; x_wconf 82' lang='grc' dir='ltr'><strong>φύσεως</strong></span> <span class='ocrx_word' id='word_1_450' title='bbox 3431 2897 3493 2953; x_wconf 74' lang='grc' dir='ltr'><strong>τὸ</strong></span> <span class='ocrx_word' id='word_1_451' title='bbox 3515 2899 3654 2970; x_wconf 71' lang='grc' dir='ltr'><strong>ἀμε-</strong></span> 
     </span>
    </p>
   </div>
   <div class='ocr_carea' id='block_1_61' title="bbox 2081 2989 3655 3065">
    <p class='ocr_par' dir='ltr' id='par_1_61' title="bbox 2081 2989 3655 3065">
     <span class='ocr_line' id='line_1_61' title="bbox 2081 2989 3655 3065; baseline -0.001 -19"><span class='ocrx_word' id='word_1_452' title='bbox 2081 2994 2347 3065; x_wconf 76' lang='grc' dir='ltr'><strong>τάϐλητον</strong></span> <span class='ocrx_word' id='word_1_453' title='bbox 2393 2993 2593 3064; x_wconf 77' lang='grc' dir='ltr'><strong>δεῖγμα</strong></span> <span class='ocrx_word' id='word_1_454' title='bbox 2627 2993 2964 3064; x_wconf 77' lang='grc' dir='ltr'><strong>λαμϐάνουσι</strong></span> <span class='ocrx_word' id='word_1_455' title='bbox 3016 2989 3110 3045; x_wconf 84' lang='grc' dir='ltr'><strong>τοῦ</strong></span> <span class='ocrx_word' id='word_1_456' title='bbox 3165 2992 3379 3062; x_wconf 84' lang='grc' dir='ltr'><strong>χαίρειν</strong></span> <span class='ocrx_word' id='word_1_457' title='bbox 3423 2990 3655 3045; x_wconf 66' lang='grc' dir='ltr'><strong>ἕκαστον</strong></span> 
     </span>
    </p>
   </div>
   <div class='ocr_carea' id='block_1_62' title="bbox 2085 3082 3657 3156">
    <p class='ocr_par' dir='ltr' id='par_1_62' title="bbox 2085 3082 3657 3156">
     <span class='ocr_line' id='line_1_62' title="bbox 2085 3082 3657 3156; baseline -0.001 -16"><span class='ocrx_word' id='word_1_458' title='bbox 2085 3088 2279 3152; x_wconf 76' lang='grc' dir='ltr'><strong>ζὼδιον</strong></span> <span class='ocrx_word' id='word_1_459' title='bbox 2307 3085 2527 3156; x_wconf 75' lang='grc' dir='ltr'><strong>ἑκάστῳ</strong></span> <span class='ocrx_word' id='word_1_460' title='bbox 2554 3085 2710 3156; x_wconf 75' lang='grc' dir='ltr'><strong>μέρει</strong></span> <span class='ocrx_word' id='word_1_461' title='bbox 2737 3086 2864 3155; x_wconf 84' lang='grc' dir='ltr'><strong>γῆς,</strong></span> <span class='ocrx_word' id='word_1_462' title='bbox 2902 3085 2960 3138; x_wconf 81' lang='grc' dir='ltr'><strong>αι</strong></span> <span class='ocrx_word' id='word_1_463' title='bbox 2988 3082 3097 3137; x_wconf 82' lang='grc' dir='ltr'><strong>ἀπὸ</strong></span> <span class='ocrx_word' id='word_1_464' title='bbox 3125 3082 3395 3154; x_wconf 71' lang='grc' dir='ltr'><strong>εὐφοριιῖιν</strong></span> <span class='ocrx_word' id='word_1_465' title='bbox 3415 3084 3495 3146; x_wconf 77' lang='grc' dir='ltr'><strong>είς</strong></span> <span class='ocrx_word' id='word_1_466' title='bbox 3519 3082 3657 3150; x_wconf 78' lang='grc' dir='ltr'><strong>ἀφο-</strong></span> 
     </span>
    </p>
   </div>
   <div class='ocr_carea' id='block_1_63' title="bbox 421 3170 1982 3251">
    <p class='ocr_par' dir='ltr' id='par_1_63' title="bbox 421 3170 1980 3240">
     <span class='ocr_line' id='line_1_63' title="bbox 421 3170 1980 3240; baseline 0.003 -18"><span class='ocrx_word' id='word_1_467' title='bbox 421 3181 565 3222; x_wconf 91' lang='lat' dir='ltr'><strong>runt.</strong></span> <span class='ocrx_word' id='word_1_468' title='bbox 596 3170 746 3236; x_wconf 76' lang='lat' dir='ltr'><strong>Quod</strong></span> <span class='ocrx_word' id='word_1_469' title='bbox 795 3174 839 3225; x_wconf 91' lang='lat' dir='ltr'><strong>si</strong></span> <span class='ocrx_word' id='word_1_470' title='bbox 885 3172 977 3240; x_wconf 90' lang='lat' dir='ltr'><strong>qui</strong></span> <span class='ocrx_word' id='word_1_471' title='bbox 1016 3170 1243 3225; x_wconf 88' lang='lat' dir='ltr'><strong>forsitan</strong></span> <span class='ocrx_word' id='word_1_472' title='bbox 1297 3170 1688 3226; x_wconf 81' lang='lat' dir='ltr'><strong>immutabilem</strong></span> <span class='ocrx_word' id='word_1_473' title='bbox 1735 3172 1875 3226; x_wconf 89' lang='lat' dir='ltr'><strong>hunc</strong></span> <span class='ocrx_word' id='word_1_474' title='bbox 1928 3172 1980 3227; x_wconf 92' lang='lat' dir='ltr'><strong>in</strong></span> 
     </span>
    </p>
   </div>
   <div class='ocr_carea' id='block_1_64' title="bbox 2080 3170 3654 3251">
    <p class='ocr_par' dir='ltr' id='par_1_64' title="bbox 2084 3175 3654 3251">
     <span class='ocr_line' id='line_1_64' title="bbox 2084 3175 3654 3251; baseline -0.004 -17"><span class='ocrx_word' id='word_1_475' title='bbox 2084 3180 2208 3251; x_wconf 89' lang='grc' dir='ltr'><strong>ρίας</strong></span> <span class='ocrx_word' id='word_1_476' title='bbox 2240 3178 2534 3249; x_wconf 74' lang='grc' dir='ltr'><strong>μεταϐολαὶ</strong></span> <span class='ocrx_word' id='word_1_477' title='bbox 2582 3178 2680 3232; x_wconf 77' lang='grc' dir='ltr'><strong>καὶ</strong></span> <span class='ocrx_word' id='word_1_478' title='bbox 2713 3179 2762 3231; x_wconf 82' lang='grc' dir='ltr'><strong>οἱ</strong></span> <span class='ocrx_word' id='word_1_479' title='bbox 2791 3176 3006 3247; x_wconf 79' lang='grc' dir='ltr'><strong>σεισμοὶ</strong></span> <span class='ocrx_word' id='word_1_480' title='bbox 3049 3176 3112 3229; x_wconf 73' lang='grc' dir='ltr'><strong>τὸ</strong></span> <span class='ocrx_word' id='word_1_481' title='bbox 3144 3175 3438 3246; x_wconf 85' lang='grc' dir='ltr'><strong>λεγόμενον</strong></span> <span class='ocrx_word' id='word_1_482' title='bbox 3466 3175 3654 3235; x_wconf 72' lang='grc' dir='ltr'><strong>αὐτοῖς</strong></span> 
     </span>
    </p>
   </div>
   <div class='ocr_carea' id='block_1_65' title="bbox 419 3262 1985 3334">
    <p class='ocr_par' dir='ltr' id='par_1_65' title="bbox 419 3262 1985 3334">
     <span class='ocr_line' id='line_1_65' title="bbox 419 3262 1985 3334; baseline 0 -16"><span class='ocrx_word' id='word_1_483' title='bbox 419 3262 655 3318; x_wconf 88' lang='lat' dir='ltr'><strong>locorum</strong></span> <span class='ocrx_word' id='word_1_484' title='bbox 695 3272 888 3319; x_wconf 91' lang='lat' dir='ltr'><strong>natura</strong></span> <span class='ocrx_word' id='word_1_485' title='bbox 934 3264 1182 3319; x_wconf 86' lang='lat' dir='ltr'><strong>ordinem</strong></span> <span class='ocrx_word' id='word_1_486' title='bbox 1213 3278 1315 3333; x_wconf 73' lang='lat' dir='ltr'><strong>pro</strong></span> <span class='ocrx_word' id='word_1_487' title='bbox 1360 3263 1563 3318; x_wconf 91' lang='lat' dir='ltr'><strong>indicio</strong></span> <span class='ocrx_word' id='word_1_488' title='bbox 1607 3274 1771 3334; x_wconf 85' lang='lat' dir='ltr'><strong>atque</strong></span> <span class='ocrx_word' id='word_1_489' title='bbox 1822 3281 1985 3332; x_wconf 82' lang='lat' dir='ltr'><strong>argn-</strong></span> 
     </span>
    </p>
   </div>
   <div class='ocr_carea' id='block_1_66' title="bbox 418 3355 1985 3429">
    <p class='ocr_par' dir='ltr' id='par_1_66' title="bbox 418 3355 1985 3429">
     <span class='ocr_line' id='line_1_66' title="bbox 418 3355 1985 3429; baseline -0.001 -15"><span class='ocrx_word' id='word_1_490' title='bbox 418 3371 606 3417; x_wconf 88' lang='lat' dir='ltr'><strong>mento</strong></span> <span class='ocrx_word' id='word_1_491' title='bbox 635 3366 936 3422; x_wconf 87' lang='lat' dir='ltr'><strong>assumant,</strong></span> <span class='ocrx_word' id='word_1_492' title='bbox 983 3360 1127 3429; x_wconf 91' lang='lat' dir='ltr'><strong>quod</strong></span> <span class='ocrx_word' id='word_1_493' title='bbox 1165 3355 1373 3427; x_wconf 89' lang='lat' dir='ltr'><strong>singula</strong></span> <span class='ocrx_word' id='word_1_494' title='bbox 1412 3355 1653 3427; x_wconf 86' lang='lat' dir='ltr'><strong>signileri</strong></span> <span class='ocrx_word' id='word_1_495' title='bbox 1689 3357 1841 3428; x_wconf 87' lang='lat' dir='ltr'><strong>signa</strong></span> <span class='ocrx_word' id='word_1_496' title='bbox 1873 3358 1985 3412; x_wconf 83' lang='lat' dir='ltr'><strong>sin-</strong></span> 
     </span>
    </p>
   </div>
   <div class='ocr_carea' id='block_1_67' title="bbox 416 3448 1983 3521">
    <p class='ocr_par' dir='ltr' id='par_1_67' title="bbox 416 3448 1983 3521">
     <span class='ocr_line' id='line_1_67' title="bbox 416 3448 1983 3521; baseline 0 -18"><span class='ocrx_word' id='word_1_497' title='bbox 416 3454 555 3518; x_wconf 78' lang='lat' dir='ltr'><strong>gulis</strong></span> <span class='ocrx_word' id='word_1_498' title='bbox 597 3463 755 3507; x_wconf 69' lang='lat' dir='ltr'><strong>terrm</strong></span> <span class='ocrx_word' id='word_1_499' title='bbox 784 3451 1030 3521; x_wconf 85' lang='lat' dir='ltr'><strong>partibus</strong></span> <span class='ocrx_word' id='word_1_500' title='bbox 1059 3450 1369 3519; x_wconf 88' lang='lat' dir='ltr'><strong>gaudeant:</strong></span> <span class='ocrx_word' id='word_1_501' title='bbox 1401 3457 1547 3503; x_wconf 88' lang='lat' dir='ltr'><strong>certe</strong></span> <span class='ocrx_word' id='word_1_502' title='bbox 1591 3448 1884 3503; x_wconf 87' lang='lat' dir='ltr'><strong>fertilitatis</strong></span> <span class='ocrx_word' id='word_1_503' title='bbox 1931 3448 1983 3503; x_wconf 92' lang='lat' dir='ltr'><strong>in</strong></span> 
     </span>
    </p>
   </div>
   <div class='ocr_carea' id='block_1_68' title="bbox 417 3539 1982 3610">
    <p class='ocr_par' dir='ltr' id='par_1_68' title="bbox 417 3539 1982 3610">
     <span class='ocr_line' id='line_1_68' title="bbox 417 3539 1982 3610; baseline -0.003 -12"><span class='ocrx_word' id='word_1_504' title='bbox 417 3546 762 3599; x_wconf 79' lang='lat' dir='ltr'><strong>sterilitatem</strong></span> <span class='ocrx_word' id='word_1_505' title='bbox 790 3543 1261 3607; x_wconf 83' lang='lat' dir='ltr'><strong>commutationes,</strong></span> <span class='ocrx_word' id='word_1_506' title='bbox 1295 3553 1561 3610; x_wconf 68' lang='lat' dir='ltr'><strong>terraeque</strong></span> <span class='ocrx_word' id='word_1_507' title='bbox 1588 3539 1757 3610; x_wconf 89' lang='lat' dir='ltr'><strong>ipsius</strong></span> <span class='ocrx_word' id='word_1_508' title='bbox 1782 3548 1982 3605; x_wconf 87' lang='lat' dir='ltr'><strong>motus,</strong></span> 
     </span>
    </p>
   </div>
   <div class='ocr_carea' id='block_1_69' title="bbox 418 3634 1977 3705">
    <p class='ocr_par' dir='ltr' id='par_1_69' title="bbox 418 3634 1977 3705">
     <span class='ocr_line' id='line_1_69' title="bbox 418 3634 1977 3705; baseline -0.004 -12"><span class='ocrx_word' id='word_1_509' title='bbox 418 3638 743 3693; x_wconf 86' lang='lat' dir='ltr'><strong>imbecillum</strong></span> <span class='ocrx_word' id='word_1_510' title='bbox 773 3651 896 3692; x_wconf 89' lang='lat' dir='ltr'><strong>esse</strong></span> <span class='ocrx_word' id='word_1_511' title='bbox 922 3637 1113 3690; x_wconf 90' lang='lat' dir='ltr'><strong>horum</strong></span> <span class='ocrx_word' id='word_1_512' title='bbox 1144 3644 1521 3705; x_wconf 83' lang='lat' dir='ltr'><strong>argumentum</strong></span> <span class='ocrx_word' id='word_1_513' title='bbox 1561 3634 1691 3687; x_wconf 83' lang='lat' dir='ltr'><strong>satis</strong></span> <span class='ocrx_word' id='word_1_514' title='bbox 1723 3640 1977 3702; x_wconf 87' lang='lat' dir='ltr'><strong>arguunt.</strong></span> 
     </span>
    </p>
   </div>
   <div class='ocr_carea' id='block_1_70' title="bbox 414 3726 1979 3795">
    <p class='ocr_par' dir='ltr' id='par_1_70' title="bbox 414 3726 1979 3795">
     <span class='ocr_line' id='line_1_70' title="bbox 414 3726 1979 3795; baseline -0.002 -14"><span class='ocrx_word' id='word_1_515' title='bbox 414 3726 548 3781; x_wconf 77' lang='lat' dir='ltr'><strong>Nam</strong></span> <span class='ocrx_word' id='word_1_516' title='bbox 574 3729 673 3782; x_wconf 89' lang='lat' dir='ltr'><strong>etsi</strong></span> <span class='ocrx_word' id='word_1_517' title='bbox 702 3727 936 3781; x_wconf 86' lang='lat' dir='ltr'><strong>felicium</strong></span> <span class='ocrx_word' id='word_1_518' title='bbox 964 3726 1202 3780; x_wconf 91' lang='lat' dir='ltr'><strong>locorum</strong></span> <span class='ocrx_word' id='word_1_519' title='bbox 1233 3735 1718 3795; x_wconf 79' lang='lat' dir='ltr'><strong>temperamentum</strong></span> <span class='ocrx_word' id='word_1_520' title='bbox 1742 3735 1979 3792; x_wconf 57' lang='grc' dir='ltr'><strong>μετεωρο</strong></span> 
     </span>
    </p>
   </div>
   <div class='ocr_carea' id='block_1_71' title="bbox 415 3814 1978 3887">
    <p class='ocr_par' dir='ltr' id='par_1_71' title="bbox 415 3814 1978 3887">
     <span class='ocr_line' id='line_1_71' title="bbox 415 3814 1978 3887; baseline -0.003 -13"><span class='ocrx_word' id='word_1_521' title='bbox 415 3820 660 3887; x_wconf 88' lang='lat' dir='ltr'><strong>perierit,</strong></span> <span class='ocrx_word' id='word_1_522' title='bbox 713 3818 1062 3873; x_wconf 89' lang='lat' dir='ltr'><strong>solitudinum</strong></span> <span class='ocrx_word' id='word_1_523' title='bbox 1098 3826 1280 3870; x_wconf 82' lang='lat' dir='ltr'><strong>tamen</strong></span> <span class='ocrx_word' id='word_1_524' title='bbox 1312 3814 1683 3869; x_wconf 87' lang='lat' dir='ltr'><strong>inhabitabilis</strong></span> <span class='ocrx_word' id='word_1_525' title='bbox 1712 3815 1978 3884; x_wconf 88' lang='lat' dir='ltr'><strong>asperitas</strong></span> 
     </span>
    </p>
   </div>
   <div class='ocr_carea' id='block_1_72' title="bbox 417 3904 1979 3976">
    <p class='ocr_par' dir='ltr' id='par_1_72' title="bbox 417 3904 1979 3976">
     <span class='ocr_line' id='line_1_72' title="bbox 417 3904 1979 3976; baseline -0.001 -16"><span class='ocrx_word' id='word_1_526' title='bbox 417 3923 689 3976; x_wconf 89' lang='lat' dir='ltr'><strong>nunquam</strong></span> <span class='ocrx_word' id='word_1_527' title='bbox 726 3908 1007 3961; x_wconf 86' lang='lat' dir='ltr'><strong>immutata</strong></span> <span class='ocrx_word' id='word_1_528' title='bbox 1053 3915 1158 3959; x_wconf 89' lang='lat' dir='ltr'><strong>est.</strong></span> <span class='ocrx_word' id='word_1_529' title='bbox 1194 3904 1313 3959; x_wconf 62' lang='lat' dir='ltr'><strong>Haec</strong></span> <span class='ocrx_word' id='word_1_530' title='bbox 1366 3904 1528 3975; x_wconf 85' lang='lat' dir='ltr'><strong>igitur</strong></span> <span class='ocrx_word' id='word_1_531' title='bbox 1559 3905 1646 3959; x_wconf 89' lang='lat' dir='ltr'><strong>illa</strong></span> <span class='ocrx_word' id='word_1_532' title='bbox 1682 3914 1808 3959; x_wconf 83' lang='lat' dir='ltr'><strong>sunt</strong></span> <span class='ocrx_word' id='word_1_533' title='bbox 1857 3919 1979 3974; x_wconf 73' lang='lat' dir='ltr'><strong>qute</strong></span> 
     </span>
    </p>
   </div>
   <div class='ocr_carea' id='block_1_73' title="bbox 2082 3267 3651 3340">
    <p class='ocr_par' dir='ltr' id='par_1_73' title="bbox 2082 3267 3651 3340">
     <span class='ocr_line' id='line_1_73' title="bbox 2082 3267 3651 3340; baseline -0.004 -14"><span class='ocrx_word' id='word_1_534' title='bbox 2082 3271 2305 3334; x_wconf 70' lang='grc' dir='ltr'><strong>ἀσθενὲς</strong></span> <span class='ocrx_word' id='word_1_535' title='bbox 2334 3270 2700 3340; x_wconf 68' lang='grc' dir='ltr'><strong>διελέγχουσν</strong></span> <span class='ocrx_word' id='word_1_536' title='bbox 2732 3268 2843 3323; x_wconf 86' lang='grc' dir='ltr'><strong>τῶν</strong></span> <span class='ocrx_word' id='word_1_537' title='bbox 2896 3268 2996 3339; x_wconf 77' lang='grc' dir='ltr'><strong>μὲν</strong></span> <span class='ocrx_word' id='word_1_538' title='bbox 3027 3267 3137 3338; x_wconf 84' lang='grc' dir='ltr'><strong>γὰρ</strong></span> <span class='ocrx_word' id='word_1_539' title='bbox 3191 3267 3415 3335; x_wconf 84' lang='grc' dir='ltr'><strong>ἀγαθῶν</strong></span> <span class='ocrx_word' id='word_1_540' title='bbox 3468 3267 3651 3321; x_wconf 85' lang='grc' dir='ltr'><strong>τόπων</strong></span> 
     </span>
    </p>
   </div>
   <div class='ocr_carea' id='block_1_74' title="bbox 2081 3357 3653 3431">
    <p class='ocr_par' dir='ltr' id='par_1_74' title="bbox 2081 3357 3653 3431">
     <span class='ocr_line' id='line_1_74' title="bbox 2081 3357 3653 3431; baseline -0.004 -15"><span class='ocrx_word' id='word_1_541' title='bbox 2081 3362 2344 3425; x_wconf 82' lang='grc' dir='ltr'><strong>πολλάκις</strong></span> <span class='ocrx_word' id='word_1_542' title='bbox 2388 3360 2659 3431; x_wconf 80' lang='grc' dir='ltr'><strong>ἠφανίσθη</strong></span> <span class='ocrx_word' id='word_1_543' title='bbox 2684 3360 2745 3413; x_wconf 80' lang='grc' dir='ltr'><strong>τὸ</strong></span> <span class='ocrx_word' id='word_1_544' title='bbox 2778 3357 3065 3431; x_wconf 82' lang='grc' dir='ltr'><strong>εὔκρατον,</strong></span> <span class='ocrx_word' id='word_1_545' title='bbox 3090 3359 3200 3412; x_wconf 87' lang='grc' dir='ltr'><strong>τῶν</strong></span> <span class='ocrx_word' id='word_1_546' title='bbox 3221 3358 3280 3411; x_wconf 67' lang='grc' dir='ltr'><strong>δὲ</strong></span> <span class='ocrx_word' id='word_1_547' title='bbox 3309 3359 3535 3429; x_wconf 68' lang='grc' dir='ltr'><strong>ἐρήμων</strong></span> <span class='ocrx_word' id='word_1_548' title='bbox 3566 3357 3653 3409; x_wconf 76' lang='grc' dir='ltr'><strong>οὐ·</strong></span> 
     </span>
    </p>
   </div>
   <div class='ocr_carea' id='block_1_75' title="bbox 2079 3446 3652 3519">
    <p class='ocr_par' dir='ltr' id='par_1_75' title="bbox 2079 3446 3652 3519">
     <span class='ocr_line' id='line_1_75' title="bbox 2079 3446 3652 3519; baseline -0.001 -18"><span class='ocrx_word' id='word_1_549' title='bbox 2079 3448 2359 3501; x_wconf 86' lang='grc' dir='ltr'><strong>δεπώποτε</strong></span> <span class='ocrx_word' id='word_1_550' title='bbox 2407 3448 2718 3519; x_wconf 67' lang='grc' dir='ltr'><strong>μετεϐλήθη</strong></span> <span class='ocrx_word' id='word_1_551' title='bbox 2748 3447 2809 3499; x_wconf 86' lang='grc' dir='ltr'><strong>τὸ</strong></span> <span class='ocrx_word' id='word_1_552' title='bbox 2839 3446 3030 3517; x_wconf 84' lang='grc' dir='ltr'><strong>ἀγριον</strong></span> <span class='ocrx_word' id='word_1_553' title='bbox 3077 3447 3172 3500; x_wconf 71' lang='grc' dir='ltr'><strong>καὶ</strong></span> <span class='ocrx_word' id='word_1_554' title='bbox 3220 3448 3499 3517; x_wconf 86' lang='grc' dir='ltr'><strong>ἀοίκητον.</strong></span> <span class='ocrx_word' id='word_1_555' title='bbox 3528 3447 3652 3500; x_wconf 83' lang='grc' dir='ltr'><strong>Τῶν</strong></span> 
     </span>
    </p>
   </div>
   <div class='ocr_carea' id='block_1_76' title="bbox 2086 3536 3652 3610">
    <p class='ocr_par' dir='ltr' id='par_1_76' title="bbox 2086 3536 3652 3610">
     <span class='ocr_line' id='line_1_76' title="bbox 2086 3536 3652 3610; baseline -0.001 -19"><span class='ocrx_word' id='word_1_556' title='bbox 2086 3540 2184 3610; x_wconf 82' lang='grc' dir='ltr'><strong>μὲν</strong></span> <span class='ocrx_word' id='word_1_557' title='bbox 2216 3538 2308 3591; x_wconf 78' lang='grc' dir='ltr'><strong>οὖν</strong></span> <span class='ocrx_word' id='word_1_558' title='bbox 2338 3540 2397 3591; x_wconf 78' lang='grc' dir='ltr'><strong>ὲν</strong></span> <span class='ocrx_word' id='word_1_559' title='bbox 2448 3537 2526 3607; x_wconf 87' lang='grc' dir='ltr'>τῷ</span> <span class='ocrx_word' id='word_1_560' title='bbox 2553 3537 2596 3590; x_wconf 87' lang='grc' dir='ltr'><strong>λ’</strong></span> <span class='ocrx_word' id='word_1_561' title='bbox 2627 3537 2907 3608; x_wconf 83' lang='grc' dir='ltr'><strong>κεφαλαίῳ</strong></span> <span class='ocrx_word' id='word_1_562' title='bbox 2948 3537 3048 3591; x_wconf 82' lang='grc' dir='ltr'><strong>ὅσα</strong></span> <span class='ocrx_word' id='word_1_563' title='bbox 3079 3536 3140 3589; x_wconf 84' lang='grc' dir='ltr'><strong>τὸ</strong></span> <span class='ocrx_word' id='word_1_564' title='bbox 3190 3536 3484 3591; x_wconf 82' lang='grc' dir='ltr'><strong>ἀκόλουθόν</strong></span> <span class='ocrx_word' id='word_1_565' title='bbox 3532 3553 3652 3599; x_wconf 84' lang='grc' dir='ltr'><strong>πως</strong></span> 
     </span>
    </p>
   </div>
   <div class='ocr_carea' id='block_1_77' title="bbox 2086 3624 3651 3701">
    <p class='ocr_par' dir='ltr' id='par_1_77' title="bbox 2086 3624 3651 3701">
     <span class='ocr_line' id='line_1_77' title="bbox 2086 3624 3651 3701; baseline -0.001 -18"><span class='ocrx_word' id='word_1_566' title='bbox 2086 3630 2228 3701; x_wconf 82' lang='grc' dir='ltr'><strong>μετά</strong></span> <span class='ocrx_word' id='word_1_567' title='bbox 2258 3630 2351 3683; x_wconf 76' lang='grc' dir='ltr'><strong>τοῦ</strong></span> <span class='ocrx_word' id='word_1_568' title='bbox 2385 3628 2611 3685; x_wconf 84' lang='grc' dir='ltr'><strong>πιθανοῦ</strong></span> <span class='ocrx_word' id='word_1_569' title='bbox 2644 3624 2779 3699; x_wconf 75' lang='grc' dir='ltr'><strong>εἶχε,</strong></span> <span class='ocrx_word' id='word_1_570' title='bbox 2838 3628 3011 3682; x_wconf 85' lang='grc' dir='ltr'><strong>ταῦτά</strong></span> <span class='ocrx_word' id='word_1_571' title='bbox 3055 3630 3169 3682; x_wconf 76' lang='grc' dir='ltr'><strong>ἐστι</strong></span> <span class='ocrx_word' id='word_1_572' title='bbox 3190 3644 3204 3659; x_wconf 79' lang='grc'><strong>⁸</strong></span> <span class='ocrx_word' id='word_1_573' title='bbox 3231 3629 3342 3683; x_wconf 83' lang='grc' dir='ltr'><strong>τῶν</strong></span> <span class='ocrx_word' id='word_1_574' title='bbox 3380 3628 3426 3682; x_wconf 81' lang='grc' dir='ltr'><strong>δ’</strong></span> <span class='ocrx_word' id='word_1_575' title='bbox 3472 3628 3651 3681; x_wconf 74' lang='grc' dir='ltr'><strong>ἄλλων</strong></span> 
     </span>
    </p>
   </div>
   <div class='ocr_carea' id='block_1_78' title="bbox 2082 3718 3650 3792">
    <p class='ocr_par' dir='ltr' id='par_1_78' title="bbox 2082 3718 3650 3792">
     <span class='ocr_line' id='line_1_78' title="bbox 2082 3718 3650 3792; baseline -0.003 -16"><span class='ocrx_word' id='word_1_576' title='bbox 2082 3722 2154 3776; x_wconf 87' lang='grc' dir='ltr'><strong>τά</strong></span> <span class='ocrx_word' id='word_1_577' title='bbox 2207 3722 2306 3792; x_wconf 81' lang='grc' dir='ltr'><strong>μὲν</strong></span> <span class='ocrx_word' id='word_1_578' title='bbox 2334 3724 2445 3785; x_wconf 84' lang='grc' dir='ltr'><strong>τοῖς</strong></span> <span class='ocrx_word' id='word_1_579' title='bbox 2494 3719 2827 3791; x_wconf 77' lang='grc' dir='ltr'><strong>προλαϐοῦσι</strong></span> <span class='ocrx_word' id='word_1_580' title='bbox 2858 3720 3174 3788; x_wconf 80' lang='grc' dir='ltr'><strong>κεφαλαίοις</strong></span> <span class='ocrx_word' id='word_1_581' title='bbox 3204 3720 3547 3791; x_wconf 80' lang='grc' dir='ltr'><strong>προείρηται,</strong></span> <span class='ocrx_word' id='word_1_582' title='bbox 3580 3718 3650 3773; x_wconf 79' lang='grc' dir='ltr'><strong>τὰ</strong></span> 
     </span>
    </p>
   </div>
   <div class='ocr_carea' id='block_1_79' title="bbox 2082 3811 3651 3883">
    <p class='ocr_par' dir='ltr' id='par_1_79' title="bbox 2082 3811 3651 3883">
     <span class='ocr_line' id='line_1_79' title="bbox 2082 3811 3651 3883; baseline -0.002 -16"><span class='ocrx_word' id='word_1_583' title='bbox 2082 3813 2142 3867; x_wconf 81' lang='grc' dir='ltr'><strong>δὲ</strong></span> <span class='ocrx_word' id='word_1_584' title='bbox 2198 3814 2339 3867; x_wconf 87' lang='grc' dir='ltr'><strong>κατά</strong></span> <span class='ocrx_word' id='word_1_585' title='bbox 2376 3811 2437 3865; x_wconf 80' lang='grc' dir='ltr'><strong>τὸ</strong></span> <span class='ocrx_word' id='word_1_586' title='bbox 2480 3811 2804 3883; x_wconf 82' lang='grc' dir='ltr'><strong>φαινόμενον</strong></span> <span class='ocrx_word' id='word_1_587' title='bbox 2834 3812 3033 3882; x_wconf 79' lang='grc' dir='ltr'><strong>μᾶλλον</strong></span> <span class='ocrx_word' id='word_1_588' title='bbox 3062 3812 3158 3865; x_wconf 81' lang='grc' dir='ltr'><strong>καὶ</strong></span> <span class='ocrx_word' id='word_1_589' title='bbox 3184 3812 3503 3867; x_wconf 67' lang='grc' dir='ltr'><strong>ἐπιπόλαιον</strong></span> <span class='ocrx_word' id='word_1_590' title='bbox 3568 3811 3651 3865; x_wconf 77' lang='grc' dir='ltr'><strong>δι-</strong></span> 
     </span>
    </p>
   </div>
   <div class='ocr_carea' id='block_1_80' title="bbox 2077 3902 2437 3958">
    <p class='ocr_par' dir='ltr' id='par_1_80' title="bbox 2077 3902 2437 3958">
     <span class='ocr_line' id='line_1_80' title="bbox 2077 3902 2437 3958; baseline -0.008 0"><span class='ocrx_word' id='word_1_591' title='bbox 2077 3902 2437 3958; x_wconf 75' lang='grc' dir='ltr'><strong>εσκεύασται.</strong></span> 
     </span>
    </p>
   </div>
   <div class='ocr_carea' id='block_1_81' title="bbox 417 3992 3644 4067">
    <p class='ocr_par' dir='ltr' id='par_1_81' title="bbox 417 3992 3644 4067">
     <span class='ocr_line' id='line_1_81' title="bbox 417 3992 3644 4067; baseline -0.001 -18"><span class='ocrx_word' id='word_1_592' title='bbox 417 3997 690 4051; x_wconf 89' lang='lat' dir='ltr'><strong>tricesimo</strong></span> <span class='ocrx_word' id='word_1_593' title='bbox 730 3997 907 4065; x_wconf 88' lang='lat' dir='ltr'><strong>capite</strong></span> <span class='ocrx_word' id='word_1_594' title='bbox 951 3995 1025 4050; x_wconf 86' lang='lat' dir='ltr'><strong>ita</strong></span> <span class='ocrx_word' id='word_1_595' title='bbox 1069 4005 1386 4060; x_wconf 85' lang='lat' dir='ltr'><strong>tractantur,</strong></span> <span class='ocrx_word' id='word_1_596' title='bbox 1422 4004 1481 4049; x_wconf 90' lang='lat' dir='ltr'><strong>ut</strong></span> <span class='ocrx_word' id='word_1_597' title='bbox 1534 3998 1977 4065; x_wconf 84' lang='lat' dir='ltr'><strong>consequentiam</strong></span> <span class='ocrx_word' id='word_1_598' title='bbox 2019 3997 2258 4067; x_wconf 88' lang='lat' dir='ltr'><strong>aliquam</strong></span> <span class='ocrx_word' id='word_1_599' title='bbox 2311 4003 2370 4048; x_wconf 87' lang='lat' dir='ltr'><strong>et</strong></span> <span class='ocrx_word' id='word_1_600' title='bbox 2420 3992 2856 4063; x_wconf 83' lang='lat' dir='ltr'><strong>probabilitatem</strong></span> <span class='ocrx_word' id='word_1_601' title='bbox 2916 3993 3172 4057; x_wconf 84' lang='lat' dir='ltr'><strong>habeant,</strong></span> <span class='ocrx_word' id='word_1_602' title='bbox 3237 4004 3430 4048; x_wconf 62' lang='lat' dir='ltr'><strong>caetera</strong></span> <span class='ocrx_word' id='word_1_603' title='bbox 3492 4009 3644 4062; x_wconf 84' lang='lat' dir='ltr'><strong>vero,</strong></span> 
     </span>
    </p>
   </div>
   <div class='ocr_carea' id='block_1_82' title="bbox 415 4087 3569 4161">
    <p class='ocr_par' dir='ltr' id='par_1_82' title="bbox 415 4087 3569 4161">
     <span class='ocr_line' id='line_1_82' title="bbox 415 4087 3569 4161; baseline 0 -20"><span class='ocrx_word' id='word_1_604' title='bbox 415 4089 611 4159; x_wconf 88' lang='lat' dir='ltr'><strong>partim</strong></span> <span class='ocrx_word' id='word_1_605' title='bbox 640 4088 907 4159; x_wconf 86' lang='lat' dir='ltr'><strong>capitibus</strong></span> <span class='ocrx_word' id='word_1_606' title='bbox 950 4088 1093 4142; x_wconf 89' lang='lat' dir='ltr'><strong>dicta</strong></span> <span class='ocrx_word' id='word_1_607' title='bbox 1127 4096 1251 4142; x_wconf 90' lang='lat' dir='ltr'><strong>sunt</strong></span> <span class='ocrx_word' id='word_1_608' title='bbox 1282 4089 1733 4156; x_wconf 80' lang='lat' dir='ltr'><strong>praecedentibus,</strong></span> <span class='ocrx_word' id='word_1_609' title='bbox 1780 4093 1976 4160; x_wconf 85' lang='lat' dir='ltr'><strong>partim</strong></span> <span class='ocrx_word' id='word_1_610' title='bbox 2020 4092 2073 4147; x_wconf 91' lang='lat' dir='ltr'><strong>in</strong></span> <span class='ocrx_word' id='word_1_611' title='bbox 2110 4090 2343 4161; x_wconf 85' lang='lat' dir='ltr'><strong>speciem</strong></span> <span class='ocrx_word' id='word_1_612' title='bbox 2372 4089 2631 4143; x_wconf 83' lang='lat' dir='ltr'><strong>duntaxat</strong></span> <span class='ocrx_word' id='word_1_613' title='bbox 2655 4089 2978 4142; x_wconf 88' lang='lat' dir='ltr'><strong>exteriorem</strong></span> <span class='ocrx_word' id='word_1_614' title='bbox 3014 4087 3273 4141; x_wconf 80' lang='lat' dir='ltr'><strong>instructa</strong></span> <span class='ocrx_word' id='word_1_615' title='bbox 3304 4087 3569 4143; x_wconf 80' lang='lat' dir='ltr'><strong>videntur.</strong></span> 
     </span>
    </p>
   </div>
   <div class='ocr_carea' id='block_1_83' title="bbox 484 4182 2059 4256">
    <p class='ocr_par' dir='ltr' id='par_1_83' title="bbox 484 4182 2059 4256">
     <span class='ocr_line' id='line_1_83' title="bbox 484 4182 2059 4256; baseline 0.004 -21"><span class='ocrx_word' id='word_1_616' title='bbox 484 4182 554 4235; x_wconf 84' lang='lat' dir='ltr'><strong>At</strong></span> <span class='ocrx_word' id='word_1_617' title='bbox 580 4182 753 4251; x_wconf 88' lang='lat' dir='ltr'><strong>primo</strong></span> <span class='ocrx_word' id='word_1_618' title='bbox 795 4191 850 4235; x_wconf 92' lang='lat' dir='ltr'><strong>et</strong></span> <span class='ocrx_word' id='word_1_619' title='bbox 885 4182 1161 4236; x_wconf 89' lang='lat' dir='ltr'><strong>tricesimo</strong></span> <span class='ocrx_word' id='word_1_620' title='bbox 1204 4183 1387 4252; x_wconf 87' lang='lat' dir='ltr'><strong>capite</strong></span> <span class='ocrx_word' id='word_1_621' title='bbox 1430 4184 1827 4254; x_wconf 87' lang='lat' dir='ltr'><strong>astrologorum</strong></span> <span class='ocrx_word' id='word_1_622' title='bbox 1858 4188 1979 4256; x_wconf 92' lang='lat' dir='ltr'><strong>opi-</strong></span> <span class='ocrx_word' id='word_1_623' title='bbox 2011 4191 2059 4249; x_wconf 91' lang='lat' dir='ltr'><strong>D</strong></span> 
     </span>
    </p>
   </div>
   <div class='ocr_carea' id='block_1_84' title="bbox 412 4271 1975 4346">
    <p class='ocr_par' dir='ltr' id='par_1_84' title="bbox 412 4271 1975 4346">
     <span class='ocr_line' id='line_1_84' title="bbox 412 4271 1975 4346; baseline 0.003 -20"><span class='ocrx_word' id='word_1_624' title='bbox 412 4272 631 4326; x_wconf 84' lang='lat' dir='ltr'><strong>nionem</strong></span> <span class='ocrx_word' id='word_1_625' title='bbox 674 4271 1024 4332; x_wconf 86' lang='lat' dir='ltr'><strong>labefactans.</strong></span> <span class='ocrx_word' id='word_1_626' title='bbox 1069 4273 1139 4327; x_wconf 89' lang='lat' dir='ltr'><strong>ita</strong></span> <span class='ocrx_word' id='word_1_627' title='bbox 1172 4273 1402 4341; x_wconf 61' lang='lat' dir='ltr'><strong>quaerit:</strong></span> <span class='ocrx_word' id='word_1_628' title='bbox 1433 4272 1544 4327; x_wconf 86' lang='lat' dir='ltr'><strong>Cur</strong></span> <span class='ocrx_word' id='word_1_629' title='bbox 1578 4274 1785 4330; x_wconf 85' lang='lat' dir='ltr'><strong>zodiaci</strong></span> <span class='ocrx_word' id='word_1_630' title='bbox 1822 4277 1975 4346; x_wconf 82' lang='lat' dir='ltr'><strong>signa</strong></span> 
     </span>
    </p>
   </div>
   <div class='ocr_carea' id='block_1_85' title="bbox 409 4363 1978 4436">
    <p class='ocr_par' dir='ltr' id='par_1_85' title="bbox 409 4363 1978 4436">
     <span class='ocr_line' id='line_1_85' title="bbox 409 4363 1978 4436; baseline 0.004 -19"><span class='ocrx_word' id='word_1_631' title='bbox 409 4364 707 4417; x_wconf 78' lang='lat' dir='ltr'><strong>errantium</strong></span> <span class='ocrx_word' id='word_1_632' title='bbox 737 4363 1017 4417; x_wconf 87' lang='lat' dir='ltr'><strong>stellarum</strong></span> <span class='ocrx_word' id='word_1_633' title='bbox 1043 4365 1230 4418; x_wconf 81' lang='lat' dir='ltr'><strong>domos</strong></span> <span class='ocrx_word' id='word_1_634' title='bbox 1261 4365 1569 4435; x_wconf 81' lang='lat' dir='ltr'><strong>appellant?</strong></span> <span class='ocrx_word' id='word_1_635' title='bbox 1593 4366 1676 4421; x_wconf 82' lang='lat' dir='ltr'><strong>An</strong></span> <span class='ocrx_word' id='word_1_636' title='bbox 1707 4368 1831 4436; x_wconf 85' lang='lat' dir='ltr'><strong>quia</strong></span> <span class='ocrx_word' id='word_1_637' title='bbox 1864 4369 1978 4424; x_wconf 65' lang='lat' dir='ltr'><strong>hac</strong></span> 
     </span>
    </p>
   </div>
   <div class='ocr_carea' id='block_1_86' title="bbox 410 4454 1973 4526">
    <p class='ocr_par' dir='ltr' id='par_1_86' title="bbox 410 4454 1973 4526">
     <span class='ocr_line' id='line_1_86' title="bbox 410 4454 1973 4526; baseline 0.004 -19"><span class='ocrx_word' id='word_1_638' title='bbox 410 4455 465 4507; x_wconf 89' lang='lat' dir='ltr'><strong>in</strong></span> <span class='ocrx_word' id='word_1_639' title='bbox 516 4454 655 4509; x_wconf 90' lang='lat' dir='ltr'><strong>coelo</strong></span> <span class='ocrx_word' id='word_1_640' title='bbox 700 4454 800 4508; x_wconf 73' lang='grc' dir='ltr'><strong>ηις.</strong></span> <span class='ocrx_word' id='word_1_641' title='bbox 834 4454 1005 4509; x_wconf 77' lang='lat' dir='ltr'><strong>sunt?</strong></span> <span class='ocrx_word' id='word_1_642' title='bbox 1052 4456 1194 4526; x_wconf 88' lang='lat' dir='ltr'><strong>Ergo</strong></span> <span class='ocrx_word' id='word_1_643' title='bbox 1250 4465 1519 4526; x_wconf 84' lang='lat' dir='ltr'><strong>quotquot</strong></span> <span class='ocrx_word' id='word_1_644' title='bbox 1565 4458 1815 4515; x_wconf 84' lang='lat' dir='ltr'><strong>similiter</strong></span> <span class='ocrx_word' id='word_1_645' title='bbox 1866 4459 1973 4514; x_wconf 80' lang='lat' dir='ltr'><strong>fixa</strong></span> 
     </span>
    </p>
   </div>
   <div class='ocr_carea' id='block_1_87' title="bbox 408 4546 1969 4618">
    <p class='ocr_par' dir='ltr' id='par_1_87' title="bbox 408 4546 1969 4618">
     <span class='ocr_line' id='line_1_87' title="bbox 408 4546 1969 4618; baseline 0.004 -20"><span class='ocrx_word' id='word_1_646' title='bbox 408 4556 629 4599; x_wconf 86' lang='lat' dir='ltr'><strong>manent</strong></span> <span class='ocrx_word' id='word_1_647' title='bbox 673 4554 843 4609; x_wconf 88' lang='lat' dir='ltr'><strong>astra,</strong></span> <span class='ocrx_word' id='word_1_648' title='bbox 876 4546 1115 4612; x_wconf 86' lang='lat' dir='ltr'><strong>ipsorum</strong></span> <span class='ocrx_word' id='word_1_649' title='bbox 1142 4562 1295 4616; x_wconf 77' lang='lat' dir='ltr'><strong>teque</strong></span> <span class='ocrx_word' id='word_1_650' title='bbox 1337 4549 1531 4605; x_wconf 85' lang='lat' dir='ltr'><strong>domus</strong></span> <span class='ocrx_word' id='word_1_651' title='bbox 1562 4549 1783 4605; x_wconf 90' lang='lat' dir='ltr'><strong>fuerint.</strong></span> <span class='ocrx_word' id='word_1_652' title='bbox 1816 4549 1969 4618; x_wconf 80' lang='lat' dir='ltr'><strong>Non;</strong></span> 
     </span>
    </p>
   </div>
   <div class='ocr_carea' id='block_1_88' title="bbox 406 4636 1974 4710">
    <p class='ocr_par' dir='ltr' id='par_1_88' title="bbox 406 4636 1974 4710">
     <span class='ocr_line' id='line_1_88' title="bbox 406 4636 1974 4710; baseline 0.003 -21"><span class='ocrx_word' id='word_1_653' title='bbox 406 4637 502 4689; x_wconf 87' lang='lat' dir='ltr'><strong>sed</strong></span> <span class='ocrx_word' id='word_1_654' title='bbox 531 4636 659 4703; x_wconf 86' lang='lat' dir='ltr'><strong>quia</strong></span> <span class='ocrx_word' id='word_1_655' title='bbox 700 4649 804 4691; x_wconf 90' lang='lat' dir='ltr'><strong>non</strong></span> <span class='ocrx_word' id='word_1_656' title='bbox 837 4636 1142 4690; x_wconf 83' lang='lat' dir='ltr'><strong>errantium</strong></span> <span class='ocrx_word' id='word_1_657' title='bbox 1180 4637 1460 4692; x_wconf 85' lang='lat' dir='ltr'><strong>stellarum</strong></span> <span class='ocrx_word' id='word_1_658' title='bbox 1494 4641 1750 4710; x_wconf 70' lang='lat' dir='ltr'><strong>qttaalibet</strong></span> <span class='ocrx_word' id='word_1_659' title='bbox 1777 4640 1974 4710; x_wconf 86' lang='lat' dir='ltr'><strong>gaudet</strong></span> 
     </span>
    </p>
   </div>
   <div class='ocr_carea' id='block_1_89' title="bbox 405 4728 1969 4802">
    <p class='ocr_par' dir='ltr' id='par_1_89' title="bbox 405 4728 1969 4802">
     <span class='ocr_line' id='line_1_89' title="bbox 405 4728 1969 4802; baseline 0.001 -19"><span class='ocrx_word' id='word_1_660' title='bbox 405 4728 603 4797; x_wconf 70' lang='lat'><strong>2111;</strong></span> <span class='ocrx_word' id='word_1_661' title='bbox 645 4739 883 4784; x_wconf 86' lang='lat' dir='ltr'><strong>errante.</strong></span> <span class='ocrx_word' id='word_1_662' title='bbox 918 4728 1059 4796; x_wconf 85' lang='lat' dir='ltr'><strong>Quin</strong></span> <span class='ocrx_word' id='word_1_663' title='bbox 1096 4730 1257 4798; x_wconf 83' lang='lat' dir='ltr'><strong>igitur</strong></span> <span class='ocrx_word' id='word_1_664' title='bbox 1296 4739 1352 4786; x_wconf 89' lang='lat' dir='ltr'><strong>et</strong></span> <span class='ocrx_word' id='word_1_665' title='bbox 1405 4730 1632 4800; x_wconf 58' lang='lat' dir='ltr'><strong>planetu</strong></span> <span class='ocrx_word' id='word_1_666' title='bbox 1687 4730 1969 4802; x_wconf 78' lang='lat' dir='ltr'><strong>signorum</strong></span> 
     </span>
    </p>
   </div>
   <div class='ocr_carea' id='block_1_90' title="bbox 408 4820 1970 4890">
    <p class='ocr_par' dir='ltr' id='par_1_90' title="bbox 408 4820 1970 4890">
     <span class='ocr_line' id='line_1_90' title="bbox 408 4820 1970 4890; baseline 0.001 -16"><span class='ocrx_word' id='word_1_667' title='bbox 408 4820 613 4874; x_wconf 84' lang='lat' dir='ltr'><strong>zodiaci</strong></span> <span class='ocrx_word' id='word_1_668' title='bbox 673 4821 864 4876; x_wconf 91' lang='lat' dir='ltr'><strong>domus</strong></span> <span class='ocrx_word' id='word_1_669' title='bbox 927 4820 1306 4890; x_wconf 78' lang='lat' dir='ltr'><strong>appellantur?</strong></span> <span class='ocrx_word' id='word_1_670' title='bbox 1364 4821 1645 4888; x_wconf 88' lang='lat' dir='ltr'><strong>Quomodo</strong></span> <span class='ocrx_word' id='word_1_671' title='bbox 1687 4836 1791 4875; x_wconf 89' lang='lat' dir='ltr'><strong>non</strong></span> <span class='ocrx_word' id='word_1_672' title='bbox 1844 4822 1970 4877; x_wconf 90' lang='lat' dir='ltr'><strong>item</strong></span> 
     </span>
    </p>
   </div>
   <div class='ocr_carea' id='block_1_91' title="bbox 406 4910 1971 4982">
    <p class='ocr_par' dir='ltr' id='par_1_91' title="bbox 406 4910 1971 4982">
     <span class='ocr_line' id='line_1_91' title="bbox 406 4910 1971 4982; baseline 0.002 -19"><span class='ocrx_word' id='word_1_673' title='bbox 406 4913 600 4965; x_wconf 85' lang='lat' dir='ltr'><strong>domus</strong></span> <span class='ocrx_word' id='word_1_674' title='bbox 638 4910 867 4966; x_wconf 89' lang='lat' dir='ltr'><strong>invicem</strong></span> <span class='ocrx_word' id='word_1_675' title='bbox 900 4921 1023 4967; x_wconf 92' lang='lat' dir='ltr'><strong>sunt</strong></span> <span class='ocrx_word' id='word_1_676' title='bbox 1070 4912 1298 4966; x_wconf 78' lang='lat' dir='ltr'><strong>beneﬁci</strong></span> <span class='ocrx_word' id='word_1_677' title='bbox 1334 4913 1688 4982; x_wconf 81' lang='lat' dir='ltr'><strong>prosperiqne</strong></span> <span class='ocrx_word' id='word_1_678' title='bbox 1720 4912 1971 4982; x_wconf 69' lang='lat' dir='ltr'><strong>planetae,</strong></span> 
     </span>
    </p>
   </div>
   <div class='ocr_carea' id='block_1_92' title="bbox 404 5001 1972 5073">
    <p class='ocr_par' dir='ltr' id='par_1_92' title="bbox 404 5001 1972 5073">
     <span class='ocr_line' id='line_1_92' title="bbox 404 5001 1972 5073; baseline 0.002 -18"><span class='ocrx_word' id='word_1_679' title='bbox 404 5010 461 5059; x_wconf 81' lang='lat' dir='ltr'><strong>et</strong></span> <span class='ocrx_word' id='word_1_680' title='bbox 490 5001 723 5057; x_wconf 79' lang='lat' dir='ltr'><strong>malefici</strong></span> <span class='ocrx_word' id='word_1_681' title='bbox 751 5020 767 5057; x_wconf 89' lang='lat'><strong>:</strong></span> <span class='ocrx_word' id='word_1_682' title='bbox 804 5003 914 5056; x_wconf 92' lang='lat' dir='ltr'><strong>imo</strong></span> <span class='ocrx_word' id='word_1_683' title='bbox 942 5011 998 5055; x_wconf 88' lang='lat' dir='ltr'><strong>et</strong></span> <span class='ocrx_word' id='word_1_684' title='bbox 1024 5018 1145 5073; x_wconf 64' lang='lat' dir='ltr'><strong>qua</strong></span> <span class='ocrx_word' id='word_1_685' title='bbox 1170 5004 1271 5059; x_wconf 88' lang='lat' dir='ltr'><strong>sibi</strong></span> <span class='ocrx_word' id='word_1_686' title='bbox 1306 5013 1495 5058; x_wconf 71' lang='lat' dir='ltr'><strong>mutuo</strong></span> <span class='ocrx_word' id='word_1_687' title='bbox 1525 5004 1811 5057; x_wconf 84' lang='lat' dir='ltr'><strong>familiaria</strong></span> <span class='ocrx_word' id='word_1_688' title='bbox 1845 5013 1972 5059; x_wconf 89' lang='lat' dir='ltr'><strong>sunt</strong></span> 
     </span>
    </p>
   </div>
   <div class='ocr_carea' id='block_1_93' title="bbox 405 5092 1970 5165">
    <p class='ocr_par' dir='ltr' id='par_1_93' title="bbox 405 5092 1970 5165">
     <span class='ocr_line' id='line_1_93' title="bbox 405 5092 1970 5165; baseline 0.002 -17"><span class='ocrx_word' id='word_1_689' title='bbox 405 5094 615 5148; x_wconf 80' lang='lat' dir='ltr'><strong>zodiaci</strong></span> <span class='ocrx_word' id='word_1_690' title='bbox 670 5094 843 5163; x_wconf 76' lang='lat' dir='ltr'><strong>signa.</strong></span> <span class='ocrx_word' id='word_1_691' title='bbox 880 5092 940 5147; x_wconf 89' lang='lat' dir='ltr'><strong>Si</strong></span> <span class='ocrx_word' id='word_1_692' title='bbox 997 5107 1127 5148; x_wconf 81' lang='lat' dir='ltr'><strong>vero</strong></span> <span class='ocrx_word' id='word_1_693' title='bbox 1181 5104 1485 5164; x_wconf 83' lang='lat' dir='ltr'><strong>propterea,</strong></span> <span class='ocrx_word' id='word_1_694' title='bbox 1537 5096 1679 5165; x_wconf 85' lang='lat' dir='ltr'><strong>quod</strong></span> <span class='ocrx_word' id='word_1_695' title='bbox 1730 5096 1883 5165; x_wconf 72' lang='lat' dir='ltr'><strong>signa</strong></span> <span class='ocrx_word' id='word_1_696' title='bbox 1938 5110 1970 5151; x_wconf 76' lang='grc' dir='ltr'><strong>ε</strong></span> 
     </span>
    </p>
   </div>
   <div class='ocr_carea' id='block_1_94' title="bbox 2167 4180 3645 4253">
    <p class='ocr_par' dir='ltr' id='par_1_94' title="bbox 2167 4180 3645 4253">
     <span class='ocr_line' id='line_1_94' title="bbox 2167 4180 3645 4253; baseline -0.001 -15"><span class='ocrx_word' id='word_1_697' title='bbox 2167 4186 2255 4238; x_wconf 90' lang='grc' dir='ltr'><strong>Ἐν</strong></span> <span class='ocrx_word' id='word_1_698' title='bbox 2278 4184 2335 4237; x_wconf 70' lang='grc' dir='ltr'><strong>δὲ</strong></span> <span class='ocrx_word' id='word_1_699' title='bbox 2362 4182 2440 4253; x_wconf 82' lang='grc' dir='ltr'><strong>τῷ</strong></span> <span class='ocrx_word' id='word_1_700' title='bbox 2464 4182 2546 4235; x_wconf 88' lang='grc' dir='ltr'><strong>λα’</strong></span> <span class='ocrx_word' id='word_1_701' title='bbox 2572 4182 2823 4252; x_wconf 81' lang='grc' dir='ltr'><strong>διαπορεί</strong></span> <span class='ocrx_word' id='word_1_702' title='bbox 2852 4181 2952 4253; x_wconf 70' lang='grc' dir='ltr'><strong>τὴν</strong></span> <span class='ocrx_word' id='word_1_703' title='bbox 2974 4180 3084 4234; x_wconf 87' lang='grc' dir='ltr'><strong>τῶν</strong></span> <span class='ocrx_word' id='word_1_704' title='bbox 3118 4182 3461 4253; x_wconf 84' lang='grc' dir='ltr'><strong>ἀστρολόγων</strong></span> <span class='ocrx_word' id='word_1_705' title='bbox 3484 4183 3645 4250; x_wconf 82' lang='grc' dir='ltr'><strong>δόξαν</strong></span> 
     </span>
    </p>
   </div>
   <div class='ocr_carea' id='block_1_95' title="bbox 2071 4270 3643 4341">
    <p class='ocr_par' dir='ltr' id='par_1_95' title="bbox 2071 4270 3643 4341">
     <span class='ocr_line' id='line_1_95' title="bbox 2071 4270 3643 4341; baseline 0.001 -13"><span class='ocrx_word' id='word_1_706' title='bbox 2071 4274 2345 4337; x_wconf 69' lang='grc' dir='ltr'><strong>διασείων,</strong></span> <span class='ocrx_word' id='word_1_707' title='bbox 2380 4273 2475 4326; x_wconf 79' lang='grc' dir='ltr'><strong>καί</strong></span> <span class='ocrx_word' id='word_1_708' title='bbox 2522 4288 2678 4341; x_wconf 79' lang='grc' dir='ltr'><strong>φησιο</strong></span> <span class='ocrx_word' id='word_1_709' title='bbox 2712 4271 2815 4325; x_wconf 86' lang='grc' dir='ltr'><strong>Διὰ</strong></span> <span class='ocrx_word' id='word_1_710' title='bbox 2840 4272 2895 4325; x_wconf 84' lang='grc' dir='ltr'><strong>τί</strong></span> <span class='ocrx_word' id='word_1_711' title='bbox 2944 4271 3053 4341; x_wconf 78' lang='grc' dir='ltr'><strong>γὰρ</strong></span> <span class='ocrx_word' id='word_1_712' title='bbox 3106 4270 3275 4335; x_wconf 80' lang='grc' dir='ltr'><strong>ζὼδια</strong></span> <span class='ocrx_word' id='word_1_713' title='bbox 3324 4273 3505 4338; x_wconf 80' lang='grc' dir='ltr'><strong>οἴκους</strong></span> <span class='ocrx_word' id='word_1_714' title='bbox 3531 4276 3643 4329; x_wconf 74' lang='grc' dir='ltr'><strong>τῶν</strong></span> 
     </span>
    </p>
   </div>
   <div class='ocr_carea' id='block_1_96' title="bbox 2070 4359 3643 4436">
    <p class='ocr_par' dir='ltr' id='par_1_96' title="bbox 2070 4359 3643 4436">
     <span class='ocr_line' id='line_1_96' title="bbox 2070 4359 3643 4436; baseline -0.006 -18"><span class='ocrx_word' id='word_1_715' title='bbox 2070 4365 2355 4436; x_wconf 79' lang='grc' dir='ltr'><strong>πλανήτων</strong></span> <span class='ocrx_word' id='word_1_716' title='bbox 2383 4362 2641 4417; x_wconf 68' lang='grc' dir='ltr'><strong>καλῶσιν</strong></span> <span class='ocrx_word' id='word_1_717' title='bbox 2664 4379 2681 4428; x_wconf 90' lang='lat'><strong>;</strong></span> <span class='ocrx_word' id='word_1_718' title='bbox 2713 4359 2805 4434; x_wconf 79' lang='grc' dir='ltr'><strong>ἄρ’</strong></span> <span class='ocrx_word' id='word_1_719' title='bbox 2834 4363 2919 4415; x_wconf 85' lang='grc' dir='ltr'><strong>ὄτι</strong></span> <span class='ocrx_word' id='word_1_720' title='bbox 2948 4362 3195 4431; x_wconf 67' lang='grc' dir='ltr'><strong>πέπηγεν</strong></span> <span class='ocrx_word' id='word_1_721' title='bbox 3209 4363 3259 4394; x_wconf 66' lang='grc'><strong>⁸⁸</strong></span> <span class='ocrx_word' id='word_1_722' title='bbox 3285 4365 3344 4415; x_wconf 67' lang='grc' dir='ltr'><strong>ἐν</strong></span> <span class='ocrx_word' id='word_1_723' title='bbox 3374 4364 3453 4435; x_wconf 79' lang='grc' dir='ltr'><strong>τῷ</strong></span> <span class='ocrx_word' id='word_1_724' title='bbox 3476 4366 3643 4436; x_wconf 74' lang='grc' dir='ltr'><strong>οὖρα.</strong></span> 
     </span>
    </p>
   </div>
   <div class='ocr_carea' id='block_1_97' title="bbox 2067 4450 3645 4526">
    <p class='ocr_par' dir='ltr' id='par_1_97' title="bbox 2067 4450 3645 4526">
     <span class='ocr_line' id='line_1_97' title="bbox 2067 4450 3645 4526; baseline -0.002 -15"><span class='ocrx_word' id='word_1_725' title='bbox 2067 4456 2182 4526; x_wconf 83' lang='grc' dir='ltr'><strong>νῷ;</strong></span> <span class='ocrx_word' id='word_1_726' title='bbox 2231 4454 2327 4509; x_wconf 77' lang='grc' dir='ltr'><strong>καὶ</strong></span> <span class='ocrx_word' id='word_1_727' title='bbox 2365 4454 2568 4518; x_wconf 78' lang='grc' dir='ltr'><strong>πάντες</strong></span> <span class='ocrx_word' id='word_1_728' title='bbox 2621 4454 2732 4524; x_wconf 81' lang='grc' dir='ltr'><strong>ἀρα</strong></span> <span class='ocrx_word' id='word_1_729' title='bbox 2784 4454 2836 4507; x_wconf 84' lang='lat' dir='ltr'><strong>oi</strong></span> <span class='ocrx_word' id='word_1_730' title='bbox 2880 4453 3085 4524; x_wconf 83' lang='grc' dir='ltr'><strong>ὁμοίως</strong></span> <span class='ocrx_word' id='word_1_731' title='bbox 3128 4455 3441 4523; x_wconf 83' lang='grc' dir='ltr'><strong>πεπηγότες</strong></span> <span class='ocrx_word' id='word_1_732' title='bbox 3502 4450 3645 4512; x_wconf 72' lang='grc' dir='ltr'><strong>οἶκοι</strong></span> 
     </span>
    </p>
   </div>
   <div class='ocr_carea' id='block_1_98' title="bbox 2067 4544 3637 4618">
    <p class='ocr_par' dir='ltr' id='par_1_98' title="bbox 2067 4544 3637 4618">
     <span class='ocr_line' id='line_1_98' title="bbox 2067 4544 3637 4618; baseline 0.003 -18"><span class='ocrx_word' id='word_1_733' title='bbox 2067 4544 2344 4600; x_wconf 66' lang='grc' dir='ltr'><strong>ἔσονται³⁸</strong></span> <span class='ocrx_word' id='word_1_734' title='bbox 2372 4545 2597 4600; x_wconf 82' lang='grc' dir='ltr'><strong>τούτων.</strong></span> <span class='ocrx_word' id='word_1_735' title='bbox 2645 4544 2785 4599; x_wconf 80' lang='grc' dir='ltr'><strong>Ἀλλ’</strong></span> <span class='ocrx_word' id='word_1_736' title='bbox 2815 4546 2898 4599; x_wconf 84' lang='grc' dir='ltr'><strong>ὅτι</strong></span> <span class='ocrx_word' id='word_1_737' title='bbox 2948 4544 3223 4599; x_wconf 81' lang='grc' dir='ltr'><strong>κινοῦνται</strong></span> <span class='ocrx_word' id='word_1_738' title='bbox 3260 4545 3637 4618; x_wconf 56' lang='lat' dir='ltr'><strong>obruitque;</strong></span> 
     </span>
    </p>
   </div>
   <div class='ocr_carea' id='block_1_99' title="bbox 2068 4634 3639 4708">
    <p class='ocr_par' dir='ltr' id='par_1_99' title="bbox 2068 4634 3639 4708">
     <span class='ocr_line' id='line_1_99' title="bbox 2068 4634 3639 4708; baseline 0.004 -19"><span class='ocrx_word' id='word_1_739' title='bbox 2068 4635 2163 4689; x_wconf 81' lang='grc' dir='ltr'><strong>καὶ</strong></span> <span class='ocrx_word' id='word_1_740' title='bbox 2190 4634 2341 4689; x_wconf 78' lang='grc' dir='ltr'><strong>οὕτω</strong></span> <span class='ocrx_word' id='word_1_741' title='bbox 2365 4636 2527 4690; x_wconf 77' lang='grc' dir='ltr'><strong>πάλιν</strong></span> <span class='ocrx_word' id='word_1_742' title='bbox 2555 4636 2757 4700; x_wconf 79' lang='grc' dir='ltr'><strong>πάντες</strong></span> <span class='ocrx_word' id='word_1_743' title='bbox 2787 4638 2839 4690; x_wconf 74' lang='grc' dir='ltr'><strong>οἱ</strong></span> <span class='ocrx_word' id='word_1_744' title='bbox 2861 4636 3179 4708; x_wconf 82' lang='grc' dir='ltr'><strong>πεπηγότες</strong></span> <span class='ocrx_word' id='word_1_745' title='bbox 3199 4635 3340 4693; x_wconf 73' lang='grc' dir='ltr'><strong>οἶκοι</strong></span> <span class='ocrx_word' id='word_1_746' title='bbox 3367 4640 3440 4694; x_wconf 74' lang='grc' dir='ltr'><strong>ἂν</strong></span> <span class='ocrx_word' id='word_1_747' title='bbox 3456 4642 3639 4696; x_wconf 84' lang='grc' dir='ltr'><strong>αὐτῶν</strong></span> 
     </span>
    </p>
   </div>
   <div class='ocr_carea' id='block_1_100' title="bbox 2068 4727 3643 4799">
    <p class='ocr_par' dir='ltr' id='par_1_100' title="bbox 2068 4727 3643 4799">
     <span class='ocr_line' id='line_1_100' title="bbox 2068 4727 3643 4799; baseline 0.003 -17"><span class='ocrx_word' id='word_1_748' title='bbox 2068 4728 2258 4799; x_wconf 83' lang='grc' dir='ltr'><strong>εῐησαν</strong></span> <span class='ocrx_word' id='word_1_749' title='bbox 2304 4727 2554 4791; x_wconf 67' lang='grc' dir='ltr'><strong>εἰκότως.</strong></span> <span class='ocrx_word' id='word_1_750' title='bbox 2595 4728 2736 4782; x_wconf 80' lang='grc' dir='ltr'><strong>Ἀλλ’</strong></span> <span class='ocrx_word' id='word_1_751' title='bbox 2787 4729 2868 4782; x_wconf 66' lang='grc' dir='ltr'><strong>ὅτι</strong></span> <span class='ocrx_word' id='word_1_752' title='bbox 2917 4729 3028 4782; x_wconf 81' lang='grc' dir='ltr'><strong>τῶν</strong></span> <span class='ocrx_word' id='word_1_753' title='bbox 3085 4730 3340 4785; x_wconf 84' lang='grc' dir='ltr'><strong>ἀπλανῶν</strong></span> <span class='ocrx_word' id='word_1_754' title='bbox 3410 4733 3643 4798; x_wconf 78' lang='grc' dir='ltr'><strong>ικαστος</strong></span> 
     </span>
    </p>
   </div>
   <div class='ocr_carea' id='block_1_101' title="bbox 2069 4816 3642 4895">
    <p class='ocr_par' dir='ltr' id='par_1_101' title="bbox 2069 4816 3642 4895">
     <span class='ocr_line' id='line_1_101' title="bbox 2069 4816 3642 4895; baseline 0.003 -22"><span class='ocrx_word' id='word_1_755' title='bbox 2069 4818 2249 4888; x_wconf 86' lang='grc' dir='ltr'><strong>χαίρει</strong></span> <span class='ocrx_word' id='word_1_756' title='bbox 2285 4818 2362 4889; x_wconf 81' lang='grc' dir='ltr'><strong>τῷ</strong></span> <span class='ocrx_word' id='word_1_757' title='bbox 2392 4819 2625 4890; x_wconf 84' lang='grc' dir='ltr'><strong>πλάνητι</strong></span> <span class='ocrx_word' id='word_1_758' title='bbox 2660 4837 2677 4885; x_wconf 86' lang='lat'><strong>;</strong></span> <span class='ocrx_word' id='word_1_759' title='bbox 2708 4819 2797 4873; x_wconf 82' lang='grc' dir='ltr'><strong>διὰ</strong></span> <span class='ocrx_word' id='word_1_760' title='bbox 2829 4818 2884 4873; x_wconf 86' lang='grc' dir='ltr'><strong>τί</strong></span> <span class='ocrx_word' id='word_1_761' title='bbox 2919 4816 3015 4875; x_wconf 87' lang='grc' dir='ltr'><strong>οὖν</strong></span> <span class='ocrx_word' id='word_1_762' title='bbox 3051 4821 3129 4892; x_wconf 83' lang='grc' dir='ltr'><strong>μὴ</strong></span> <span class='ocrx_word' id='word_1_763' title='bbox 3163 4821 3259 4875; x_wconf 68' lang='grc' dir='ltr'><strong>καὶ</strong></span> <span class='ocrx_word' id='word_1_764' title='bbox 3287 4824 3338 4875; x_wconf 84' lang='lat' dir='ltr'><strong>oi</strong></span> <span class='ocrx_word' id='word_1_765' title='bbox 3366 4823 3642 4895; x_wconf 71' lang='grc' dir='ltr'><strong>πλάνητες</strong></span> 
     </span>
    </p>
   </div>
   <div class='ocr_carea' id='block_1_102' title="bbox 2069 4906 3640 4984">
    <p class='ocr_par' dir='ltr' id='par_1_102' title="bbox 2069 4906 3640 4984">
     <span class='ocr_line' id='line_1_102' title="bbox 2069 4906 3640 4984; baseline 0.002 -22"><span class='ocrx_word' id='word_1_766' title='bbox 2069 4906 2211 4963; x_wconf 76' lang='grc' dir='ltr'><strong>οἶκοι</strong></span> <span class='ocrx_word' id='word_1_767' title='bbox 2246 4909 2358 4962; x_wconf 89' lang='grc' dir='ltr'><strong>τῶν</strong></span> <span class='ocrx_word' id='word_1_768' title='bbox 2386 4910 2594 4974; x_wconf 78' lang='grc' dir='ltr'><strong>ξωδίων</strong></span> <span class='ocrx_word' id='word_1_769' title='bbox 2624 4927 2640 4975; x_wconf 88' lang='grc'><strong>;</strong></span> <span class='ocrx_word' id='word_1_770' title='bbox 2672 4910 2790 4975; x_wconf 82' lang='grc' dir='ltr'><strong>πῶς</strong></span> <span class='ocrx_word' id='word_1_771' title='bbox 2822 4911 2881 4965; x_wconf 82' lang='grc' dir='ltr'><strong>δὲ</strong></span> <span class='ocrx_word' id='word_1_772' title='bbox 2913 4911 2989 4984; x_wconf 81' lang='grc' dir='ltr'><strong>μὴ</strong></span> <span class='ocrx_word' id='word_1_773' title='bbox 3016 4912 3264 4983; x_wconf 75' lang='grc' dir='ltr'><strong>ἀλλήλων</strong></span> <span class='ocrx_word' id='word_1_774' title='bbox 3305 4909 3447 4967; x_wconf 84' lang='grc' dir='ltr'><strong>οῐκοι</strong></span> <span class='ocrx_word' id='word_1_775' title='bbox 3476 4915 3640 4969; x_wconf 76' lang='grc' dir='ltr'><strong>πάλιν</strong></span> 
     </span>
    </p>
   </div>
   <div class='ocr_carea' id='block_1_103' title="bbox 2069 5000 3640 5071">
    <p class='ocr_par' dir='ltr' id='par_1_103' title="bbox 2069 5000 3640 5071">
     <span class='ocr_line' id='line_1_103' title="bbox 2069 5000 3640 5071; baseline 0.006 -18"><span class='ocrx_word' id='word_1_776' title='bbox 2069 5002 2121 5053; x_wconf 89' lang='grc' dir='ltr'><strong>οἱ</strong></span> <span class='ocrx_word' id='word_1_777' title='bbox 2154 5000 2471 5069; x_wconf 77' lang='grc' dir='ltr'><strong>ἀγαθοποιοὶ</strong></span> <span class='ocrx_word' id='word_1_778' title='bbox 2494 5001 2764 5071; x_wconf 80' lang='grc' dir='ltr'><strong>πλάνητες</strong></span> <span class='ocrx_word' id='word_1_779' title='bbox 2784 5003 2881 5056; x_wconf 77' lang='grc' dir='ltr'><strong>καὶ</strong></span> <span class='ocrx_word' id='word_1_780' title='bbox 2906 5006 2957 5059; x_wconf 80' lang='lat' dir='ltr'><strong>oi</strong></span> <span class='ocrx_word' id='word_1_781' title='bbox 2994 5005 3303 5071; x_wconf 77' lang='grc' dir='ltr'><strong>κακοποιοὶ,</strong></span> <span class='ocrx_word' id='word_1_782' title='bbox 3339 5006 3437 5059; x_wconf 82' lang='grc' dir='ltr'><strong>καὶ</strong></span> <span class='ocrx_word' id='word_1_783' title='bbox 3465 5007 3549 5060; x_wconf 70' lang='grc' dir='ltr'><strong>ἔτι</strong></span> <span class='ocrx_word' id='word_1_784' title='bbox 3570 5007 3640 5062; x_wconf 77' lang='grc' dir='ltr'><strong>τὰ</strong></span> 
     </span>
    </p>
   </div>
   <div class='ocr_carea' id='block_1_104' title="bbox 2066 5090 3640 5167">
    <p class='ocr_par' dir='ltr' id='par_1_104' title="bbox 2066 5090 3640 5167">
     <span class='ocr_line' id='line_1_104' title="bbox 2066 5090 3640 5167; baseline 0.006 -25"><span class='ocrx_word' id='word_1_785' title='bbox 2066 5090 2316 5161; x_wconf 80' lang='grc' dir='ltr'><strong>ἀλλήλοις</strong></span> <span class='ocrx_word' id='word_1_786' title='bbox 2349 5091 2671 5161; x_wconf 79' lang='grc' dir='ltr'><strong>χαίροντα⁸⁸</strong></span> <span class='ocrx_word' id='word_1_787' title='bbox 2698 5091 2808 5146; x_wconf 83' lang='grc' dir='ltr'><strong>τῶν</strong></span> <span class='ocrx_word' id='word_1_788' title='bbox 2843 5092 3089 5164; x_wconf 68' lang='lat' dir='ltr'><strong>Cubitum;</strong></span> <span class='ocrx_word' id='word_1_789' title='bbox 3120 5096 3169 5149; x_wconf 83' lang='grc' dir='ltr'><strong>εί</strong></span> <span class='ocrx_word' id='word_1_790' title='bbox 3206 5095 3253 5149; x_wconf 76' lang='grc' dir='ltr'><strong>δ’</strong></span> <span class='ocrx_word' id='word_1_791' title='bbox 3281 5096 3371 5150; x_wconf 80' lang='grc' dir='ltr'><strong>ὅτι</strong></span> <span class='ocrx_word' id='word_1_792' title='bbox 3421 5096 3493 5150; x_wconf 75' lang='grc' dir='ltr'><strong>τὰ</strong></span> <span class='ocrx_word' id='word_1_793' title='bbox 3538 5097 3640 5167; x_wconf 67' lang='grc' dir='ltr'><strong>μὲν</strong></span> 
     </span>
    </p>
   </div>
   <div class='ocr_carea' id='block_1_105' title="bbox 406 5181 1982 5258">
    <p class='ocr_par' dir='ltr' id='par_1_105' title="bbox 406 5186 1967 5257">
     <span class='ocr_line' id='line_1_105' title="bbox 406 5186 1967 5257; baseline 0.001 -16"><span class='ocrx_word' id='word_1_794' title='bbox 406 5186 595 5243; x_wconf 75' lang='lat' dir='ltr'><strong>multis</strong></span> <span class='ocrx_word' id='word_1_795' title='bbox 646 5195 1037 5254; x_wconf 76' lang='lat' dir='ltr'><strong>componantur</strong></span> <span class='ocrx_word' id='word_1_796' title='bbox 1089 5187 1280 5251; x_wconf 85' lang='lat' dir='ltr'><strong>stellis,</strong></span> <span class='ocrx_word' id='word_1_797' title='bbox 1326 5201 1447 5242; x_wconf 87' lang='lat' dir='ltr'><strong>cum</strong></span> <span class='ocrx_word' id='word_1_798' title='bbox 1499 5188 1693 5257; x_wconf 82' lang='lat' dir='ltr'><strong>singuli</strong></span> <span class='ocrx_word' id='word_1_799' title='bbox 1740 5187 1967 5257; x_wconf 59' lang='lat' dir='ltr'><strong>planetis</strong></span> 
     </span>
    </p>
   </div>
   <div class='ocr_carea' id='block_1_106' title="bbox 2080 5181 3639 5258">
    <p class='ocr_par' dir='ltr' id='par_1_106' title="bbox 2080 5181 3639 5258">
     <span class='ocr_line' id='line_1_106' title="bbox 2080 5181 3639 5258; baseline 0.006 -22"><span class='ocrx_word' id='word_1_800' title='bbox 2080 5182 2228 5247; x_wconf 73' lang='grc' dir='ltr'><strong>ζὼδια</strong></span> <span class='ocrx_word' id='word_1_801' title='bbox 2262 5181 2544 5250; x_wconf 83' lang='grc' dir='ltr'><strong>σύγκειται</strong></span> <span class='ocrx_word' id='word_1_802' title='bbox 2582 5184 2647 5236; x_wconf 75' lang='grc' dir='ltr'><strong>ἐκ</strong></span> <span class='ocrx_word' id='word_1_803' title='bbox 2670 5183 2899 5251; x_wconf 87' lang='grc' dir='ltr'><strong>πολλῶν,</strong></span> <span class='ocrx_word' id='word_1_804' title='bbox 2933 5185 3164 5251; x_wconf 72' lang='grc' dir='ltr'><strong>ἕκαστος</strong></span> <span class='ocrx_word' id='word_1_805' title='bbox 3194 5186 3259 5240; x_wconf 70' lang='grc' dir='ltr'><strong>ὁὶ</strong></span> <span class='ocrx_word' id='word_1_806' title='bbox 3282 5186 3394 5240; x_wconf 82' lang='grc' dir='ltr'><strong>τῶν</strong></span> <span class='ocrx_word' id='word_1_807' title='bbox 3426 5187 3639 5258; x_wconf 77' lang='grc' dir='ltr'><strong>πλανή-</strong></span> 
     </span>
    </p>
   </div>
   <div class='ocr_carea' id='block_1_107' title="bbox 401 5278 1963 5349">
    <p class='ocr_par' dir='ltr' id='par_1_107' title="bbox 401 5278 1963 5349">
     <span class='ocr_line' id='line_1_107' title="bbox 401 5278 1963 5349; baseline -0.001 -15"><span class='ocrx_word' id='word_1_808' title='bbox 401 5281 564 5334; x_wconf 89' lang='lat' dir='ltr'><strong>unius</strong></span> <span class='ocrx_word' id='word_1_809' title='bbox 598 5278 811 5349; x_wconf 86' lang='lat' dir='ltr'><strong>generis</strong></span> <span class='ocrx_word' id='word_1_810' title='bbox 854 5278 993 5343; x_wconf 89' lang='lat' dir='ltr'><strong>sint;</strong></span> <span class='ocrx_word' id='word_1_811' title='bbox 1034 5292 1159 5332; x_wconf 87' lang='lat' dir='ltr'><strong>mox</strong></span> <span class='ocrx_word' id='word_1_812' title='bbox 1196 5279 1359 5333; x_wconf 85' lang='lat' dir='ltr'><strong>etiam</strong></span> <span class='ocrx_word' id='word_1_813' title='bbox 1390 5278 1685 5348; x_wconf 90' lang='lat' dir='ltr'><strong>quamlibet</strong></span> <span class='ocrx_word' id='word_1_814' title='bbox 1734 5279 1963 5333; x_wconf 82' lang='lat' dir='ltr'><strong>lixarum</strong></span> 
     </span>
    </p>
   </div>
   <div class='ocr_carea' id='block_1_108' title="bbox 2068 5274 3638 5349">
    <p class='ocr_par' dir='ltr' id='par_1_108' title="bbox 2068 5274 3638 5349">
     <span class='ocr_line' id='line_1_108' title="bbox 2068 5274 3638 5349; baseline 0.005 -23"><span class='ocrx_word' id='word_1_815' title='bbox 2068 5291 2177 5327; x_wconf 89' lang='grc' dir='ltr'><strong>των</strong></span> <span class='ocrx_word' id='word_1_816' title='bbox 2217 5274 2520 5345; x_wconf 73' lang='grc' dir='ltr'><strong>μονοειδὴς,</strong></span> <span class='ocrx_word' id='word_1_817' title='bbox 2552 5274 2649 5329; x_wconf 79' lang='grc' dir='ltr'><strong>καὶ</strong></span> <span class='ocrx_word' id='word_1_818' title='bbox 2691 5277 2930 5349; x_wconf 77' lang='grc' dir='ltr'><strong>ἑκάστην</strong></span> <span class='ocrx_word' id='word_1_819' title='bbox 2964 5278 3211 5333; x_wconf 82' lang='grc' dir='ltr'><strong>σύνθεσιν</strong></span> <span class='ocrx_word' id='word_1_820' title='bbox 3238 5279 3350 5333; x_wconf 87' lang='grc' dir='ltr'><strong>τῶν</strong></span> <span class='ocrx_word' id='word_1_821' title='bbox 3380 5278 3638 5333; x_wconf 78' lang='grc' dir='ltr'><strong>ἀπλανῶν</strong></span> 
     </span>
    </p>
   </div>
   <div class='ocr_carea' id='block_1_109' title="bbox 1684 5454 2368 5515">
    <p class='ocr_par' dir='ltr' id='par_1_109' title="bbox 1684 5454 2368 5515">
     <span class='ocr_line' id='line_1_109' title="bbox 1684 5454 2368 5515; baseline 0.006 -4"><span class='ocrx_word' id='word_1_822' title='bbox 1684 5454 1917 5512; x_wconf 64' lang='grc' dir='ltr'><strong>γΑιιικΕ</strong></span> <span class='ocrx_word' id='word_1_823' title='bbox 1961 5455 2368 5515; x_wconf 78' lang='lat' dir='ltr'><strong>LECTIONES.</strong></span> 
     </span>
    </p>
   </div>
   <div class='ocr_carea' id='block_1_110' title="bbox 471 5553 1764 5647">
    <p class='ocr_par' dir='ltr' id='par_1_110' title="bbox 471 5553 1764 5647">
     <span class='ocr_line' id='line_1_110' title="bbox 471 5553 1764 5647; baseline 0.008 -19"><span class='ocrx_word' id='word_1_824' title='bbox 471 5578 513 5608; x_wconf 78' lang='grc'><strong>⁸¹</strong></span> <span class='ocrx_word' id='word_1_825' title='bbox 539 5579 570 5647; x_wconf 78' lang='grc' dir='ltr'>ἢ</span> <span class='ocrx_word' id='word_1_826' title='bbox 592 5588 715 5636; x_wconf 83' lang='lat' dir='ltr'><strong>ante</strong></span> <span class='ocrx_word' id='word_1_827' title='bbox 750 5553 993 5647; x_wconf 71' lang='grc' dir='ltr'><strong>σεισμοῖς</strong></span> <span class='ocrx_word' id='word_1_828' title='bbox 1040 5592 1151 5631; x_wconf 88' lang='lat' dir='ltr'><strong>om.</strong></span> <span class='ocrx_word' id='word_1_829' title='bbox 1186 5577 1251 5629; x_wconf 85' lang='grc' dir='ltr'><strong>Α.</strong></span> <span class='ocrx_word' id='word_1_830' title='bbox 1356 5575 1401 5607; x_wconf 84' lang='grc'>⁸¹</span> <span class='ocrx_word' id='word_1_831' title='bbox 1422 5573 1514 5647; x_wconf 56' lang='grc' dir='ltr'><strong>τοῦ</strong></span> <span class='ocrx_word' id='word_1_832' title='bbox 1547 5589 1656 5647; x_wconf 64' lang='grc' dir='ltr'><strong>οιη-</strong></span> <span class='ocrx_word' id='word_1_833' title='bbox 1697 5573 1764 5629; x_wconf 80' lang='lat' dir='ltr'><strong>C-</strong></span> 
     </span>
    </p>
   </div>
   <div class='ocr_carea' id='block_1_111' title="bbox 400 5644 1695 5718">
    <p class='ocr_par' dir='ltr' id='par_1_111' title="bbox 400 5644 1695 5718">
     <span class='ocr_line' id='line_1_111' title="bbox 400 5644 1695 5718; baseline -0.005 -16"><span class='ocrx_word' id='word_1_834' title='bbox 400 5647 523 5703; x_wconf 86' lang='lat' dir='ltr'><strong>add.</strong></span> <span class='ocrx_word' id='word_1_835' title='bbox 561 5644 668 5705; x_wconf 51' lang='lat' dir='ltr'><strong>AC.</strong></span> <span class='ocrx_word' id='word_1_836' title='bbox 743 5650 788 5683; x_wconf 80' lang='grc'><strong>⁸⁵</strong></span> <span class='ocrx_word' id='word_1_837' title='bbox 815 5644 1072 5718; x_wconf 80' lang='grc' dir='ltr'><strong>χαίροντα</strong></span> <span class='ocrx_word' id='word_1_838' title='bbox 1106 5658 1161 5701; x_wconf 91' lang='lat' dir='ltr'><strong>et</strong></span> <span class='ocrx_word' id='word_1_839' title='bbox 1200 5661 1323 5701; x_wconf 83' lang='lat' dir='ltr'><strong>mox</strong></span> <span class='ocrx_word' id='word_1_840' title='bbox 1356 5646 1479 5707; x_wconf 74' lang='grc' dir='ltr'><strong>τοὺς</strong></span> <span class='ocrx_word' id='word_1_841' title='bbox 1500 5644 1600 5700; x_wconf 83' lang='lat' dir='ltr'><strong>add</strong></span> <span class='ocrx_word' id='word_1_842' title='bbox 1631 5647 1695 5697; x_wconf 78' lang='grc' dir='ltr'><strong>Α.</strong></span> 
     </span>
    </p>
   </div>
   <div class='ocr_carea' id='block_1_112' title="bbox 1881 5575 2315 5646">
    <p class='ocr_par' dir='ltr' id='par_1_112' title="bbox 1881 5575 2315 5646">
     <span class='ocr_line' id='line_1_112' title="bbox 1881 5575 2315 5646; baseline 0.005 -17"><span class='ocrx_word' id='word_1_843' title='bbox 1881 5575 1927 5608; x_wconf 84' lang='grc'>⁸³</span> <span class='ocrx_word' id='word_1_844' title='bbox 1956 5575 2227 5646; x_wconf 73' lang='grc' dir='ltr'><strong>ἀκρασίαν</strong></span> <span class='ocrx_word' id='word_1_845' title='bbox 2256 5592 2315 5641; x_wconf 80' lang='grc' dir='ltr'><strong>ς.</strong></span> 
     </span>
    </p>
   </div>
   <div class='ocr_carea' id='block_1_113' title="bbox 2415 5569 3639 5644">
    <p class='ocr_par' dir='ltr' id='par_1_113' title="bbox 2415 5569 3639 5644">
     <span class='ocr_line' id='line_1_113' title="bbox 2415 5569 3639 5644; baseline 0.002 -17"><span class='ocrx_word' id='word_1_846' title='bbox 2415 5574 2460 5607; x_wconf 71' lang='grc'><strong>⁸⁵</strong></span> <span class='ocrx_word' id='word_1_847' title='bbox 2510 5573 2598 5644; x_wconf 80' lang='grc' dir='ltr'><strong>ἀρ’</strong></span> <span class='ocrx_word' id='word_1_848' title='bbox 2653 5573 2746 5628; x_wconf 75' lang='grc' dir='ltr'><strong>οὖν</strong></span> <span class='ocrx_word' id='word_1_849' title='bbox 2796 5574 2878 5629; x_wconf 84' lang='grc' dir='ltr'><strong>ὅτι</strong></span> <span class='ocrx_word' id='word_1_850' title='bbox 2925 5593 2987 5641; x_wconf 82' lang='grc' dir='ltr'><strong>ς.</strong></span> <span class='ocrx_word' id='word_1_851' title='bbox 3094 5577 3139 5611; x_wconf 78' lang='grc'><strong>⁸⁸</strong></span> <span class='ocrx_word' id='word_1_852' title='bbox 3158 5577 3369 5633; x_wconf 77' lang='grc' dir='ltr'><strong>ἔσονται</strong></span> <span class='ocrx_word' id='word_1_853' title='bbox 3400 5569 3639 5631; x_wconf 79' lang='grc' dir='ltr'><strong>-οῐκοι</strong></span> 
     </span>
    </p>
   </div>
  </div>
