  <div class='ocr_page' id='page_1' title='image "/cluster/home/n/w/nwhite01/storage/ocr_20150623/103 pt.3/mdp.39015061933738/432.png"; bbox 0 0 3972 6248; ppageno 0'>
   <div class='ocr_carea' id='block_1_1' title="bbox 340 343 439 407">
    <p class='ocr_par' dir='ltr' id='par_1_1' title="bbox 340 343 439 407">
     <span class='ocr_line' id='line_1_1' title="bbox 340 343 439 407; baseline -0.01 0"><span class='ocrx_word' id='word_1_1' title='bbox 340 345 407 407; x_wconf 74' lang='grc'><strong>8-1</strong></span> <span class='ocrx_word' id='word_1_2' title='bbox 420 343 439 406; x_wconf 79' lang='lat'><strong>1</strong></span> 
     </span>
    </p>
   </div>
   <div class='ocr_carea' id='block_1_2' title="bbox 1372 339 2526 401">
    <p class='ocr_par' dir='ltr' id='par_1_2' title="bbox 1372 339 2526 401">
     <span class='ocr_line' id='line_1_2' title="bbox 1372 339 2526 401; baseline 0 -3"><span class='ocrx_word' id='word_1_3' title='bbox 1372 339 1892 400; x_wconf 77' lang='lat' dir='ltr'><strong>BlBLiOTHECA.</strong></span> <span class='ocrx_word' id='word_1_4' title='bbox 1919 364 1989 374; x_wconf 88' lang='lat'><strong>-</strong></span> <span class='ocrx_word' id='word_1_5' title='bbox 2023 340 2186 400; x_wconf 86' lang='lat' dir='ltr'><strong>COD.</strong></span> <span class='ocrx_word' id='word_1_6' title='bbox 2217 339 2526 401; x_wconf 76' lang='lat' dir='ltr'><strong>CCXXIII.</strong></span> 
     </span>
    </p>
   </div>
   <div class='ocr_carea' id='block_1_3' title="bbox 3471 340 3579 411">
    <p class='ocr_par' dir='ltr' id='par_1_3' title="bbox 3471 340 3579 411">
     <span class='ocr_line' id='line_1_3' title="bbox 3471 340 3579 411; baseline 0.046 -5"><span class='ocrx_word' id='word_1_7' title='bbox 3471 340 3579 411; x_wconf 62' lang='lat'><strong>812</strong></span> 
     </span>
    </p>
   </div>
   <div class='ocr_carea' id='block_1_4' title="bbox 335 456 1913 531">
    <p class='ocr_par' dir='ltr' id='par_1_4' title="bbox 335 456 1903 531">
     <span class='ocr_line' id='line_1_4' title="bbox 335 456 1903 531; baseline -0.005 -14"><span class='ocrx_word' id='word_1_8' title='bbox 335 461 481 517; x_wconf 81' lang='grc' dir='ltr'><strong>οἷκον</strong></span> <span class='ocrx_word' id='word_1_9' title='bbox 531 459 810 531; x_wconf 78' lang='grc' dir='ltr'><strong>ὀφείλουσι</strong></span> <span class='ocrx_word' id='word_1_10' title='bbox 851 461 1027 514; x_wconf 73' lang='grc' dir='ltr'><strong>ποιεῖν</strong></span> <span class='ocrx_word' id='word_1_11' title='bbox 1061 459 1173 511; x_wconf 82' lang='grc' dir='ltr'><strong>τῶν</strong></span> <span class='ocrx_word' id='word_1_12' title='bbox 1199 457 1487 527; x_wconf 82' lang='grc' dir='ltr'><strong>πλανήτων</strong></span> <span class='ocrx_word' id='word_1_13' title='bbox 1512 473 1525 484; x_wconf 86' lang='lat'><strong><em>°</em></strong></span> <span class='ocrx_word' id='word_1_14' title='bbox 1565 456 1763 517; x_wconf 77' lang='grc' dir='ltr'><strong>πολλὰς</strong></span> <span class='ocrx_word' id='word_1_15' title='bbox 1794 456 1903 527; x_wconf 76' lang='grc' dir='ltr'><strong>γὰρ</strong></span> 
     </span>
    </p>
   </div>
   <div class='ocr_carea' id='block_1_5' title="bbox 2019 456 3584 531">
    <p class='ocr_par' dir='ltr' id='par_1_5' title="bbox 2019 458 3584 529">
     <span class='ocr_line' id='line_1_5' title="bbox 2019 458 3584 529; baseline 0.004 -18"><span class='ocrx_word' id='word_1_16' title='bbox 2019 458 2287 511; x_wconf 77' lang='lat' dir='ltr'><strong>stellarum</strong></span> <span class='ocrx_word' id='word_1_17' title='bbox 2337 459 2788 527; x_wconf 75' lang='lat' dir='ltr'><strong>compositionem</strong></span> <span class='ocrx_word' id='word_1_18' title='bbox 2849 459 3188 529; x_wconf 70' lang='lat' dir='ltr'><strong>planetarum</strong></span> <span class='ocrx_word' id='word_1_19' title='bbox 3242 461 3584 518; x_wconf 82' lang='lat' dir='ltr'><strong>constituere</strong></span> 
     </span>
    </p>
   </div>
   <div class='ocr_carea' id='block_1_6' title="bbox 334 547 1906 623">
    <p class='ocr_par' dir='ltr' id='par_1_6' title="bbox 334 547 1906 623">
     <span class='ocr_line' id='line_1_6' title="bbox 334 547 1906 623; baseline -0.006 -14"><span class='ocrx_word' id='word_1_20' title='bbox 334 555 403 609; x_wconf 76' lang='grc' dir='ltr'><strong>ἄν</strong></span> <span class='ocrx_word' id='word_1_21' title='bbox 443 571 528 618; x_wconf 85' lang='grc' dir='ltr'><strong>τις</strong></span> <span class='ocrx_word' id='word_1_22' title='bbox 564 553 718 623; x_wconf 82' lang='grc' dir='ltr'><strong>εὖροι</strong></span> <span class='ocrx_word' id='word_1_23' title='bbox 772 551 1068 617; x_wconf 72' lang='grc' dir='ltr'><strong>συνθέσεις,</strong></span> <span class='ocrx_word' id='word_1_24' title='bbox 1101 549 1383 621; x_wconf 76' lang='grc' dir='ltr'><strong>βουληθεὶς</strong></span> <span class='ocrx_word' id='word_1_25' title='bbox 1421 547 1624 614; x_wconf 79' lang='grc' dir='ltr'><strong>ζητεῖν,</strong></span> <span class='ocrx_word' id='word_1_26' title='bbox 1675 548 1768 601; x_wconf 83' lang='grc' dir='ltr'><strong>καὶ</strong></span> <span class='ocrx_word' id='word_1_27' title='bbox 1795 547 1906 600; x_wconf 83' lang='grc' dir='ltr'><strong>τῶν</strong></span> 
     </span>
    </p>
   </div>
   <div class='ocr_carea' id='block_1_7' title="bbox 337 639 1907 711">
    <p class='ocr_par' dir='ltr' id='par_1_7' title="bbox 337 639 1907 711">
     <span class='ocr_line' id='line_1_7' title="bbox 337 639 1907 711; baseline -0.006 -10"><span class='ocrx_word' id='word_1_28' title='bbox 337 646 512 701; x_wconf 80' lang='grc' dir='ltr'><strong>ἄλλων</strong></span> <span class='ocrx_word' id='word_1_29' title='bbox 541 643 818 706; x_wconf 73' lang='grc' dir='ltr'><strong>ἀπλανῶν.</strong></span> <span class='ocrx_word' id='word_1_30' title='bbox 855 645 916 696; x_wconf 88' lang='grc' dir='ltr'><strong>Εἰ</strong></span> <span class='ocrx_word' id='word_1_31' title='bbox 940 642 996 696; x_wconf 81' lang='grc' dir='ltr'><strong>δὲ</strong></span> <span class='ocrx_word' id='word_1_32' title='bbox 1026 644 1107 696; x_wconf 83' lang='grc' dir='ltr'><strong>ὅτι</strong></span> <span class='ocrx_word' id='word_1_33' title='bbox 1151 641 1287 711; x_wconf 86' lang='grc' dir='ltr'><strong>μόνα</strong></span> <span class='ocrx_word' id='word_1_34' title='bbox 1310 639 1380 693; x_wconf 83' lang='grc' dir='ltr'><strong>τὰ</strong></span> <span class='ocrx_word' id='word_1_35' title='bbox 1411 641 1579 704; x_wconf 78' lang='grc' dir='ltr'><strong>ζώδια</strong></span> <span class='ocrx_word' id='word_1_36' title='bbox 1631 642 1745 702; x_wconf 81' lang='grc' dir='ltr'><strong>τοῖς</strong></span> <span class='ocrx_word' id='word_1_37' title='bbox 1775 639 1907 692; x_wconf 79' lang='grc' dir='ltr'><strong>πλά-</strong></span> 
     </span>
    </p>
   </div>
   <div class='ocr_carea' id='block_1_8' title="bbox 335 731 1907 806">
    <p class='ocr_par' dir='ltr' id='par_1_8' title="bbox 335 731 1907 806">
     <span class='ocr_line' id='line_1_8' title="bbox 335 731 1907 806; baseline -0.002 -20"><span class='ocrx_word' id='word_1_38' title='bbox 335 753 492 806; x_wconf 85' lang='grc' dir='ltr'><strong>νησιν</strong></span> <span class='ocrx_word' id='word_1_39' title='bbox 526 737 608 795; x_wconf 86' lang='grc' dir='ltr'><strong>εἰς</strong></span> <span class='ocrx_word' id='word_1_40' title='bbox 641 735 710 788; x_wconf 75' lang='grc' dir='ltr'><strong>τὰ</strong></span> <span class='ocrx_word' id='word_1_41' title='bbox 741 735 1160 804; x_wconf 79' lang='grc' dir='ltr'><strong>ἀποτελέσματα</strong></span> <span class='ocrx_word' id='word_1_42' title='bbox 1209 734 1478 803; x_wconf 84' lang='grc' dir='ltr'><strong>συνεργεῖ,</strong></span> <span class='ocrx_word' id='word_1_43' title='bbox 1507 732 1597 784; x_wconf 77' lang='grc' dir='ltr'><strong>διὰ</strong></span> <span class='ocrx_word' id='word_1_44' title='bbox 1616 732 1670 783; x_wconf 85' lang='grc' dir='ltr'><strong>τί</strong></span> <span class='ocrx_word' id='word_1_45' title='bbox 1697 731 1772 801; x_wconf 86' lang='grc' dir='ltr'><strong>μὴ</strong></span> <span class='ocrx_word' id='word_1_46' title='bbox 1810 731 1907 784; x_wconf 80' lang='grc' dir='ltr'><strong>καὶ</strong></span> 
     </span>
    </p>
   </div>
   <div class='ocr_carea' id='block_1_9' title="bbox 332 820 1903 897">
    <p class='ocr_par' dir='ltr' id='par_1_9' title="bbox 332 820 1903 897">
     <span class='ocr_line' id='line_1_9' title="bbox 332 820 1903 897; baseline -0.004 -16"><span class='ocrx_word' id='word_1_47' title='bbox 332 832 378 881; x_wconf 87' lang='grc' dir='ltr'><strong>οἰ</strong></span> <span class='ocrx_word' id='word_1_48' title='bbox 409 828 683 897; x_wconf 82' lang='grc' dir='ltr'><strong>πλάνητες</strong></span> <span class='ocrx_word' id='word_1_49' title='bbox 711 820 851 880; x_wconf 71' lang='grc' dir='ltr'><strong>οἶκοι</strong></span> <span class='ocrx_word' id='word_1_50' title='bbox 881 826 990 880; x_wconf 83' lang='grc' dir='ltr'><strong>τῶν</strong></span> <span class='ocrx_word' id='word_1_51' title='bbox 1023 825 1228 888; x_wconf 72' lang='grc' dir='ltr'><strong>ζωδίων</strong></span> <span class='ocrx_word' id='word_1_52' title='bbox 1259 825 1649 894; x_wconf 76' lang='grc' dir='ltr'><strong>συνεργοῦντες</strong></span> <span class='ocrx_word' id='word_1_53' title='bbox 1681 823 1864 885; x_wconf 83' lang='grc' dir='ltr'><strong>αὐτοῖς</strong></span> <span class='ocrx_word' id='word_1_54' title='bbox 1889 840 1903 888; x_wconf 88' lang='grc'>;</span> 
     </span>
    </p>
   </div>
   <div class='ocr_carea' id='block_1_10' title="bbox 334 915 1908 986">
    <p class='ocr_par' dir='ltr' id='par_1_10' title="bbox 334 915 1908 986">
     <span class='ocr_line' id='line_1_10' title="bbox 334 915 1908 986; baseline -0.005 -13"><span class='ocrx_word' id='word_1_55' title='bbox 334 922 384 973; x_wconf 91' lang='grc' dir='ltr'><strong>εἰ</strong></span> <span class='ocrx_word' id='word_1_56' title='bbox 410 919 466 974; x_wconf 84' lang='grc' dir='ltr'><strong>δὲ</strong></span> <span class='ocrx_word' id='word_1_57' title='bbox 495 919 632 972; x_wconf 82' lang='grc' dir='ltr'><strong>διότι</strong></span> <span class='ocrx_word' id='word_1_58' title='bbox 662 917 762 982; x_wconf 82' lang='grc' dir='ltr'><strong>τὰς</strong></span> <span class='ocrx_word' id='word_1_59' title='bbox 800 918 911 971; x_wconf 82' lang='grc' dir='ltr'><strong>τῶν</strong></span> <span class='ocrx_word' id='word_1_60' title='bbox 945 917 1152 982; x_wconf 79' lang='grc' dir='ltr'><strong>ζωδίων</strong></span> <span class='ocrx_word' id='word_1_61' title='bbox 1199 915 1481 986; x_wconf 76' lang='grc' dir='ltr'><strong>ἐνεργείας</strong></span> <span class='ocrx_word' id='word_1_62' title='bbox 1526 915 1620 968; x_wconf 75' lang='grc' dir='ltr'><strong>καὶ</strong></span> <span class='ocrx_word' id='word_1_63' title='bbox 1669 915 1908 984; x_wconf 78' lang='grc' dir='ltr'><strong>ἀκύρους</strong></span> 
     </span>
    </p>
   </div>
   <div class='ocr_carea' id='block_1_11' title="bbox 335 1004 1908 1078">
    <p class='ocr_par' dir='ltr' id='par_1_11' title="bbox 335 1004 1908 1078">
     <span class='ocr_line' id='line_1_11' title="bbox 335 1004 1908 1078; baseline -0.005 -14"><span class='ocrx_word' id='word_1_64' title='bbox 335 1010 429 1064; x_wconf 78' lang='grc' dir='ltr'><strong>καὶ</strong></span> <span class='ocrx_word' id='word_1_65' title='bbox 476 1011 723 1077; x_wconf 82' lang='grc' dir='ltr'><strong>ὲνεργείς</strong></span> <span class='ocrx_word' id='word_1_66' title='bbox 763 1009 1018 1062; x_wconf 89' lang='grc' dir='ltr'><strong>δύνανται</strong></span> <span class='ocrx_word' id='word_1_67' title='bbox 1074 1008 1273 1070; x_wconf 78' lang='grc' dir='ltr'><strong>ποιεῖν,</strong></span> <span class='ocrx_word' id='word_1_68' title='bbox 1317 1005 1447 1078; x_wconf 71' lang='grc'><strong>[672</strong></span> <span class='ocrx_word' id='word_1_69' title='bbox 1487 1005 1579 1077; x_wconf 68' lang='lat' dir='ltr'><strong>IL]</strong></span> <span class='ocrx_word' id='word_1_70' title='bbox 1629 1005 1745 1068; x_wconf 83' lang='grc' dir='ltr'><strong>πῶς</strong></span> <span class='ocrx_word' id='word_1_71' title='bbox 1781 1004 1908 1072; x_wconf 74' lang='grc' dir='ltr'><strong>οὐχὶ</strong></span> 
     </span>
    </p>
   </div>
   <div class='ocr_carea' id='block_1_12' title="bbox 336 1095 1907 1171">
    <p class='ocr_par' dir='ltr' id='par_1_12' title="bbox 336 1095 1907 1171">
     <span class='ocr_line' id='line_1_12' title="bbox 336 1095 1907 1171; baseline -0.004 -17"><span class='ocrx_word' id='word_1_72' title='bbox 336 1102 433 1154; x_wconf 66' lang='grc' dir='ltr'><strong>κειιί⁹</strong></span> <span class='ocrx_word' id='word_1_73' title='bbox 459 1099 704 1171; x_wconf 80' lang='grc' dir='ltr'><strong>ἀλλήλων</strong></span> <span class='ocrx_word' id='word_1_74' title='bbox 741 1096 879 1153; x_wconf 74' lang='grc' dir='ltr'><strong>οἶκοί</strong></span> <span class='ocrx_word' id='word_1_75' title='bbox 914 1101 1041 1158; x_wconf 83' lang='grc' dir='ltr'><strong>εἰσι,</strong></span> <span class='ocrx_word' id='word_1_76' title='bbox 1075 1101 1189 1159; x_wconf 89' lang='grc' dir='ltr'><strong>τοίς</strong></span> <span class='ocrx_word' id='word_1_77' title='bbox 1227 1097 1478 1166; x_wconf 75' lang='grc' dir='ltr'><strong>ἀλλήλων</strong></span> <span class='ocrx_word' id='word_1_78' title='bbox 1505 1095 1907 1165; x_wconf 82' lang='grc' dir='ltr'><strong>ἀποτελέσμασι</strong></span> 
     </span>
    </p>
   </div>
   <div class='ocr_carea' id='block_1_13' title="bbox 334 1186 1907 1259">
    <p class='ocr_par' dir='ltr' id='par_1_13' title="bbox 334 1186 1907 1259">
     <span class='ocr_line' id='line_1_13' title="bbox 334 1186 1907 1259; baseline -0.003 -14"><span class='ocrx_word' id='word_1_79' title='bbox 334 1193 427 1245; x_wconf 71' lang='grc' dir='ltr'><strong>καὶ</strong></span> <span class='ocrx_word' id='word_1_80' title='bbox 457 1191 624 1259; x_wconf 88' lang='grc' dir='ltr'><strong>κῦρος</strong></span> <span class='ocrx_word' id='word_1_81' title='bbox 649 1191 742 1244; x_wconf 75' lang='grc' dir='ltr'><strong>καὶ</strong></span> <span class='ocrx_word' id='word_1_82' title='bbox 765 1189 1060 1243; x_wconf 79' lang='grc' dir='ltr'><strong>κατάλυσιν</strong></span> <span class='ocrx_word' id='word_1_83' title='bbox 1089 1189 1343 1255; x_wconf 81' lang='grc' dir='ltr'><strong>ἐπάγειν,</strong></span> <span class='ocrx_word' id='word_1_84' title='bbox 1369 1186 1444 1249; x_wconf 85' lang='grc' dir='ltr'><strong>ὥς</strong></span> <span class='ocrx_word' id='word_1_85' title='bbox 1478 1204 1666 1254; x_wconf 83' lang='grc' dir='ltr'><strong>φασιν,</strong></span> <span class='ocrx_word' id='word_1_86' title='bbox 1700 1187 1907 1256; x_wconf 79' lang='grc' dir='ltr'><strong>ἰσχύον·</strong></span> 
     </span>
    </p>
   </div>
   <div class='ocr_carea' id='block_1_14' title="bbox 340 1277 1904 1352">
    <p class='ocr_par' dir='ltr' id='par_1_14' title="bbox 340 1277 1904 1352">
     <span class='ocr_line' id='line_1_14' title="bbox 340 1277 1904 1352; baseline -0.003 -17"><span class='ocrx_word' id='word_1_87' title='bbox 340 1297 455 1346; x_wconf 84' lang='grc' dir='ltr'><strong>τες;</strong></span> <span class='ocrx_word' id='word_1_88' title='bbox 485 1281 602 1344; x_wconf 86' lang='grc' dir='ltr'><strong>πῶς</strong></span> <span class='ocrx_word' id='word_1_89' title='bbox 632 1281 690 1335; x_wconf 80' lang='grc' dir='ltr'><strong>δὲ</strong></span> <span class='ocrx_word' id='word_1_90' title='bbox 726 1281 862 1352; x_wconf 79' lang='grc' dir='ltr'><strong>μόνα</strong></span> <span class='ocrx_word' id='word_1_91' title='bbox 893 1281 963 1333; x_wconf 82' lang='grc' dir='ltr'><strong>τὰ</strong></span> <span class='ocrx_word' id='word_1_92' title='bbox 993 1280 1159 1344; x_wconf 80' lang='grc' dir='ltr'><strong>ζώδια</strong></span> <span class='ocrx_word' id='word_1_93' title='bbox 1185 1282 1297 1341; x_wconf 88' lang='grc' dir='ltr'><strong>τοῖς</strong></span> <span class='ocrx_word' id='word_1_94' title='bbox 1328 1277 1570 1346; x_wconf 83' lang='grc' dir='ltr'><strong>πλάνησι</strong></span> <span class='ocrx_word' id='word_1_95' title='bbox 1617 1279 1904 1347; x_wconf 81' lang='grc' dir='ltr'><strong>συνεργεῑ;</strong></span> 
     </span>
    </p>
   </div>
   <div class='ocr_carea' id='block_1_15' title="bbox 335 1367 1906 1441">
    <p class='ocr_par' dir='ltr' id='par_1_15' title="bbox 335 1367 1906 1441">
     <span class='ocr_line' id='line_1_15' title="bbox 335 1367 1906 1441; baseline -0.002 -17"><span class='ocrx_word' id='word_1_96' title='bbox 335 1369 447 1441; x_wconf 80' lang='grc' dir='ltr'><strong>ἆρα</strong></span> <span class='ocrx_word' id='word_1_97' title='bbox 476 1371 704 1441; x_wconf 86' lang='grc' dir='ltr'><strong>μάταιός</strong></span> <span class='ocrx_word' id='word_1_98' title='bbox 759 1373 906 1425; x_wconf 74' lang='grc' dir='ltr'><strong>ἐστιν</strong></span> <span class='ocrx_word' id='word_1_99' title='bbox 953 1372 982 1424; x_wconf 89' lang='grc' dir='ltr'>ὁ</span> <span class='ocrx_word' id='word_1_100' title='bbox 1025 1369 1210 1432; x_wconf 83' lang='grc' dir='ltr'><strong>λοιπὸς</strong></span> <span class='ocrx_word' id='word_1_101' title='bbox 1258 1369 1366 1421; x_wconf 83' lang='grc' dir='ltr'><strong>τῶν</strong></span> <span class='ocrx_word' id='word_1_102' title='bbox 1397 1367 1656 1422; x_wconf 83' lang='grc' dir='ltr'><strong>ἀπλανῶν</strong></span> <span class='ocrx_word' id='word_1_103' title='bbox 1705 1368 1906 1439; x_wconf 82' lang='grc' dir='ltr'><strong>χορός;</strong></span> 
     </span>
    </p>
   </div>
   <div class='ocr_carea' id='block_1_16' title="bbox 333 1460 1908 1529">
    <p class='ocr_par' dir='ltr' id='par_1_16' title="bbox 333 1460 1908 1529">
     <span class='ocr_line' id='line_1_16' title="bbox 333 1460 1908 1529; baseline -0.003 -14"><span class='ocrx_word' id='word_1_104' title='bbox 333 1462 452 1524; x_wconf 83' lang='grc' dir='ltr'><strong>πῶς</strong></span> <span class='ocrx_word' id='word_1_105' title='bbox 492 1462 550 1514; x_wconf 85' lang='grc' dir='ltr'><strong>δὲ</strong></span> <span class='ocrx_word' id='word_1_106' title='bbox 588 1463 716 1524; x_wconf 85' lang='grc' dir='ltr'><strong>τοὺς</strong></span> <span class='ocrx_word' id='word_1_107' title='bbox 757 1461 1037 1529; x_wconf 79' lang='grc' dir='ltr'><strong>πλάνητας</strong></span> <span class='ocrx_word' id='word_1_108' title='bbox 1087 1461 1438 1529; x_wconf 80' lang='grc' dir='ltr'><strong>ἁγαθοποιείν</strong></span> <span class='ocrx_word' id='word_1_109' title='bbox 1465 1460 1561 1514; x_wconf 73' lang='grc' dir='ltr'><strong>καί¹</strong></span> <span class='ocrx_word' id='word_1_110' title='bbox 1593 1461 1908 1513; x_wconf 80' lang='grc' dir='ltr'><strong>κακοποιεῖν</strong></span> 
     </span>
    </p>
   </div>
   <div class='ocr_carea' id='block_1_17' title="bbox 335 1547 1908 1622">
    <p class='ocr_par' dir='ltr' id='par_1_17' title="bbox 335 1547 1908 1622">
     <span class='ocr_line' id='line_1_17' title="bbox 335 1547 1908 1622; baseline -0.002 -17"><span class='ocrx_word' id='word_1_111' title='bbox 335 1553 470 1616; x_wconf 79' lang='grc' dir='ltr'><strong>ὅλως</strong></span> <span class='ocrx_word' id='word_1_112' title='bbox 499 1550 759 1606; x_wconf 78' lang='grc' dir='ltr'><strong>δύνασθαί</strong></span> <span class='ocrx_word' id='word_1_113' title='bbox 792 1568 991 1620; x_wconf 84' lang='grc' dir='ltr'><strong>φασιν;</strong></span> <span class='ocrx_word' id='word_1_114' title='bbox 1021 1547 1132 1622; x_wconf 86' lang='grc' dir='ltr'><strong>ἆρα</strong></span> <span class='ocrx_word' id='word_1_115' title='bbox 1171 1550 1258 1603; x_wconf 82' lang='grc' dir='ltr'><strong>διὰ</strong></span> <span class='ocrx_word' id='word_1_116' title='bbox 1290 1551 1351 1602; x_wconf 83' lang='grc' dir='ltr'><strong>τὸ</strong></span> <span class='ocrx_word' id='word_1_117' title='bbox 1383 1549 1650 1604; x_wconf 87' lang='grc' dir='ltr'><strong>κινεῖσθαι</strong></span> <span class='ocrx_word' id='word_1_118' title='bbox 1672 1566 1687 1613; x_wconf 90' lang='grc'><strong>;</strong></span> <span class='ocrx_word' id='word_1_119' title='bbox 1711 1548 1908 1603; x_wconf 82' lang='grc' dir='ltr'><strong>οὐκοῦν</strong></span> 
     </span>
    </p>
   </div>
   <div class='ocr_carea' id='block_1_18' title="bbox 335 1639 1906 1712">
    <p class='ocr_par' dir='ltr' id='par_1_18' title="bbox 335 1639 1906 1712">
     <span class='ocr_line' id='line_1_18' title="bbox 335 1639 1906 1712; baseline -0.003 -16"><span class='ocrx_word' id='word_1_120' title='bbox 335 1643 442 1696; x_wconf 84' lang='grc' dir='ltr'><strong>τῶν</strong></span> <span class='ocrx_word' id='word_1_121' title='bbox 469 1642 534 1712; x_wconf 88' lang='grc' dir='ltr'><strong>ιβ’</strong></span> <span class='ocrx_word' id='word_1_122' title='bbox 567 1642 771 1707; x_wconf 77' lang='grc' dir='ltr'><strong>ζωδίων</strong></span> <span class='ocrx_word' id='word_1_123' title='bbox 808 1642 965 1696; x_wconf 74' lang='grc' dir='ltr'><strong>οὐδὲν</strong></span> <span class='ocrx_word' id='word_1_124' title='bbox 1003 1641 1127 1695; x_wconf 77' lang='grc' dir='ltr'><strong>οὔτε</strong></span> <span class='ocrx_word' id='word_1_125' title='bbox 1163 1641 1560 1710; x_wconf 80' lang='grc' dir='ltr'><strong>ἀγαθοποιήσει</strong></span> <span class='ocrx_word' id='word_1_126' title='bbox 1584 1639 1708 1694; x_wconf 73' lang='grc' dir='ltr'><strong>οὒτε</strong></span> <span class='ocrx_word' id='word_1_127' title='bbox 1738 1657 1906 1693; x_wconf 83' lang='grc' dir='ltr'><strong>κακο-</strong></span> 
     </span>
    </p>
   </div>
   <div class='ocr_carea' id='block_1_19' title="bbox 335 1730 1906 1802">
    <p class='ocr_par' dir='ltr' id='par_1_19' title="bbox 335 1730 1906 1802">
     <span class='ocr_line' id='line_1_19' title="bbox 335 1730 1906 1802; baseline -0.002 -16"><span class='ocrx_word' id='word_1_128' title='bbox 335 1734 580 1802; x_wconf 70' lang='grc' dir='ltr'><strong>ποιήσεισ</strong></span> <span class='ocrx_word' id='word_1_129' title='bbox 622 1732 735 1786; x_wconf 86' lang='grc' dir='ltr'><strong>ἀλλ’</strong></span> <span class='ocrx_word' id='word_1_130' title='bbox 773 1732 893 1784; x_wconf 83' lang='grc' dir='ltr'><strong>οὺδέ</strong></span> <span class='ocrx_word' id='word_1_131' title='bbox 940 1747 1025 1795; x_wconf 91' lang='grc' dir='ltr'><strong>τις</strong></span> <span class='ocrx_word' id='word_1_132' title='bbox 1060 1731 1218 1794; x_wconf 84' lang='grc' dir='ltr'><strong>ἄλλος</strong></span> <span class='ocrx_word' id='word_1_133' title='bbox 1273 1730 1381 1785; x_wconf 82' lang='grc' dir='ltr'><strong>τῶν</strong></span> <span class='ocrx_word' id='word_1_134' title='bbox 1423 1730 1701 1786; x_wconf 85' lang='grc' dir='ltr'><strong>ἀπλανῶν.</strong></span> <span class='ocrx_word' id='word_1_135' title='bbox 1744 1731 1806 1784; x_wconf 91' lang='grc' dir='ltr'><strong>Εἰ</strong></span> <span class='ocrx_word' id='word_1_136' title='bbox 1849 1730 1906 1784; x_wconf 80' lang='grc' dir='ltr'><strong>δὲ</strong></span> 
     </span>
    </p>
   </div>
   <div class='ocr_carea' id='block_1_20' title="bbox 2010 547 3584 623">
    <p class='ocr_par' dir='ltr' id='par_1_20' title="bbox 2010 547 3584 623">
     <span class='ocr_line' id='line_1_20' title="bbox 2010 547 3584 623; baseline 0.004 -22"><span class='ocrx_word' id='word_1_137' title='bbox 2010 547 2231 601; x_wconf 88' lang='lat' dir='ltr'><strong>domum</strong></span> <span class='ocrx_word' id='word_1_138' title='bbox 2263 551 2516 618; x_wconf 71' lang='lat' dir='ltr'><strong>astrologi</strong></span> <span class='ocrx_word' id='word_1_139' title='bbox 2544 562 2834 620; x_wconf 81' lang='lat' dir='ltr'><strong>coguntur.</strong></span> <span class='ocrx_word' id='word_1_140' title='bbox 2861 551 3055 608; x_wconf 82' lang='lat' dir='ltr'><strong>Multas</strong></span> <span class='ocrx_word' id='word_1_141' title='bbox 3073 553 3244 618; x_wconf 87' lang='lat' dir='ltr'><strong>enim,</strong></span> <span class='ocrx_word' id='word_1_142' title='bbox 3281 554 3374 623; x_wconf 86' lang='lat' dir='ltr'><strong>qui</strong></span> <span class='ocrx_word' id='word_1_143' title='bbox 3429 554 3584 608; x_wconf 79' lang='lat' dir='ltr'><strong>inve-</strong></span> 
     </span>
    </p>
   </div>
   <div class='ocr_carea' id='block_1_21' title="bbox 2011 640 3585 713">
    <p class='ocr_par' dir='ltr' id='par_1_21' title="bbox 2011 640 3585 713">
     <span class='ocr_line' id='line_1_21' title="bbox 2011 640 3585 713; baseline 0.004 -20"><span class='ocrx_word' id='word_1_144' title='bbox 2011 640 2217 708; x_wconf 87' lang='lat' dir='ltr'><strong>stigare</strong></span> <span class='ocrx_word' id='word_1_145' title='bbox 2242 640 2390 704; x_wconf 84' lang='lat' dir='ltr'><strong>velit,</strong></span> <span class='ocrx_word' id='word_1_146' title='bbox 2437 641 2600 694; x_wconf 87' lang='lat' dir='ltr'><strong>etiam</strong></span> <span class='ocrx_word' id='word_1_147' title='bbox 2639 642 2868 696; x_wconf 83' lang='lat' dir='ltr'><strong>aliarum</strong></span> <span class='ocrx_word' id='word_1_148' title='bbox 2900 643 3129 698; x_wconf 80' lang='lat' dir='ltr'><strong>lixarum</strong></span> <span class='ocrx_word' id='word_1_149' title='bbox 3164 643 3585 713; x_wconf 71' lang='lat' dir='ltr'><strong>compositiones</strong></span> 
     </span>
    </p>
   </div>
   <div class='ocr_carea' id='block_1_22' title="bbox 2011 730 3579 803">
    <p class='ocr_par' dir='ltr' id='par_1_22' title="bbox 2011 730 3579 803">
     <span class='ocr_line' id='line_1_22' title="bbox 2011 730 3579 803; baseline 0.003 -20"><span class='ocrx_word' id='word_1_150' title='bbox 2011 733 2261 798; x_wconf 88' lang='lat' dir='ltr'><strong>reperiat.</strong></span> <span class='ocrx_word' id='word_1_151' title='bbox 2283 730 2380 786; x_wconf 90' lang='lat' dir='ltr'><strong>Sin</strong></span> <span class='ocrx_word' id='word_1_152' title='bbox 2415 731 2561 800; x_wconf 91' lang='lat' dir='ltr'><strong>quod</strong></span> <span class='ocrx_word' id='word_1_153' title='bbox 2605 733 2764 787; x_wconf 71' lang='lat' dir='ltr'><strong>nulla:</strong></span> <span class='ocrx_word' id='word_1_154' title='bbox 2798 745 2995 803; x_wconf 65' lang='lat' dir='ltr'><strong>praeter</strong></span> <span class='ocrx_word' id='word_1_155' title='bbox 3039 735 3246 789; x_wconf 76' lang='lat' dir='ltr'><strong>zodiaci</strong></span> <span class='ocrx_word' id='word_1_156' title='bbox 3293 736 3448 802; x_wconf 84' lang='lat' dir='ltr'><strong>signa</strong></span> <span class='ocrx_word' id='word_1_157' title='bbox 3476 750 3579 788; x_wconf 87' lang='lat' dir='ltr'><strong>una</strong></span> 
     </span>
    </p>
   </div>
   <div class='ocr_carea' id='block_1_23' title="bbox 2010 821 3580 894">
    <p class='ocr_par' dir='ltr' id='par_1_23' title="bbox 2010 821 3580 894">
     <span class='ocr_line' id='line_1_23' title="bbox 2010 821 3580 894; baseline 0.002 -19"><span class='ocrx_word' id='word_1_158' title='bbox 2010 836 2132 875; x_wconf 89' lang='lat' dir='ltr'><strong>cum</strong></span> <span class='ocrx_word' id='word_1_159' title='bbox 2177 821 2410 889; x_wconf 75' lang='lat' dir='ltr'><strong>planetis</strong></span> <span class='ocrx_word' id='word_1_160' title='bbox 2448 822 2676 878; x_wconf 82' lang='lat' dir='ltr'><strong>ell&#39;ectus</strong></span> <span class='ocrx_word' id='word_1_161' title='bbox 2720 824 2916 880; x_wconf 78' lang='lat' dir='ltr'><strong>fatales</strong></span> <span class='ocrx_word' id='word_1_162' title='bbox 2942 834 3279 894; x_wconf 84' lang='lat' dir='ltr'><strong>operentur,</strong></span> <span class='ocrx_word' id='word_1_163' title='bbox 3324 839 3427 880; x_wconf 89' lang='lat' dir='ltr'><strong>cur</strong></span> <span class='ocrx_word' id='word_1_164' title='bbox 3476 839 3580 878; x_wconf 91' lang='lat' dir='ltr'><strong>non</strong></span> 
     </span>
    </p>
   </div>
   <div class='ocr_carea' id='block_1_24' title="bbox 2007 912 3583 986">
    <p class='ocr_par' dir='ltr' id='par_1_24' title="bbox 2007 912 3583 986">
     <span class='ocr_line' id='line_1_24' title="bbox 2007 912 3583 986; baseline 0.003 -23"><span class='ocrx_word' id='word_1_165' title='bbox 2007 921 2063 964; x_wconf 89' lang='lat' dir='ltr'><strong>et</strong></span> <span class='ocrx_word' id='word_1_166' title='bbox 2085 912 2313 980; x_wconf 74' lang='lat' dir='ltr'><strong>planetae</strong></span> <span class='ocrx_word' id='word_1_167' title='bbox 2341 912 2536 968; x_wconf 87' lang='lat' dir='ltr'><strong>domus</strong></span> <span class='ocrx_word' id='word_1_168' title='bbox 2564 923 2692 968; x_wconf 89' lang='lat' dir='ltr'><strong>sunt</strong></span> <span class='ocrx_word' id='word_1_169' title='bbox 2722 916 3000 983; x_wconf 82' lang='lat' dir='ltr'><strong>signorum</strong></span> <span class='ocrx_word' id='word_1_170' title='bbox 3025 915 3355 982; x_wconf 76' lang='lat' dir='ltr'><strong>cmlestium,</strong></span> <span class='ocrx_word' id='word_1_171' title='bbox 3389 931 3583 986; x_wconf 57' lang='lat' dir='ltr'><strong>quem-</strong></span> 
     </span>
    </p>
   </div>
   <div class='ocr_carea' id='block_1_25' title="bbox 2009 1003 3615 1076">
    <p class='ocr_par' dir='ltr' id='par_1_25' title="bbox 2009 1003 3615 1076">
     <span class='ocr_line' id='line_1_25' title="bbox 2009 1003 3615 1076; baseline 0.002 -22"><span class='ocrx_word' id='word_1_172' title='bbox 2009 1003 2297 1056; x_wconf 88' lang='lat' dir='ltr'><strong>admodum</strong></span> <span class='ocrx_word' id='word_1_173' title='bbox 2351 1018 2476 1057; x_wconf 89' lang='lat' dir='ltr'><strong>cum</strong></span> <span class='ocrx_word' id='word_1_174' title='bbox 2538 1004 2643 1058; x_wconf 84' lang='lat' dir='ltr'><strong>illis</strong></span> <span class='ocrx_word' id='word_1_175' title='bbox 2672 1020 2777 1058; x_wconf 88' lang='lat' dir='ltr'><strong>una</strong></span> <span class='ocrx_word' id='word_1_176' title='bbox 2811 1008 3146 1072; x_wconf 78' lang='lat' dir='ltr'><strong>operantur?</strong></span> <span class='ocrx_word' id='word_1_177' title='bbox 3175 1005 3272 1061; x_wconf 86' lang='lat' dir='ltr'><strong>Sin</strong></span> <span class='ocrx_word' id='word_1_178' title='bbox 3303 1006 3441 1061; x_wconf 85' lang='lat' dir='ltr'><strong>forte</strong></span> <span class='ocrx_word' id='word_1_179' title='bbox 3468 1005 3615 1076; x_wconf 83' lang='lat' dir='ltr'><strong>pro-&#39;</strong></span> 
     </span>
    </p>
   </div>
   <div class='ocr_carea' id='block_1_26' title="bbox 2010 1094 3619 1168">
    <p class='ocr_par' dir='ltr' id='par_1_26' title="bbox 2010 1094 3619 1168">
     <span class='ocr_line' id='line_1_26' title="bbox 2010 1094 3619 1168; baseline 0.002 -22"><span class='ocrx_word' id='word_1_180' title='bbox 2010 1103 2196 1161; x_wconf 89' lang='lat' dir='ltr'><strong>pterea</strong></span> <span class='ocrx_word' id='word_1_181' title='bbox 2235 1094 2378 1162; x_wconf 91' lang='lat' dir='ltr'><strong>quod</strong></span> <span class='ocrx_word' id='word_1_182' title='bbox 2412 1095 2692 1162; x_wconf 87' lang='lat' dir='ltr'><strong>signorum</strong></span> <span class='ocrx_word' id='word_1_183' title='bbox 2732 1097 3040 1152; x_wconf 67' lang='lat' dir='ltr'><strong>caelestium</strong></span> <span class='ocrx_word' id='word_1_184' title='bbox 3079 1099 3426 1166; x_wconf 87' lang='lat' dir='ltr'><strong>operationes</strong></span> <span class='ocrx_word' id='word_1_185' title='bbox 3457 1109 3586 1166; x_wconf 88' lang='lat' dir='ltr'><strong>pos-</strong></span> <span class='ocrx_word' id='word_1_186' title='bbox 3617 1157 3619 1168; x_wconf 37' lang='grc' dir='ltr'>ι</span> 
     </span>
    </p>
   </div>
   <div class='ocr_carea' id='block_1_27' title="bbox 2009 1185 3662 1256">
    <p class='ocr_par' dir='ltr' id='par_1_27' title="bbox 2009 1185 3662 1256">
     <span class='ocr_line' id='line_1_27' title="bbox 2009 1185 3662 1256; baseline 0.001 -17"><span class='ocrx_word' id='word_1_187' title='bbox 2009 1186 2120 1239; x_wconf 86' lang='lat' dir='ltr'><strong>sint</strong></span> <span class='ocrx_word' id='word_1_188' title='bbox 2149 1185 2380 1253; x_wconf 84' lang='lat' dir='ltr'><strong>planetae</strong></span> <span class='ocrx_word' id='word_1_189' title='bbox 2409 1196 2499 1240; x_wconf 85' lang='lat' dir='ltr'><strong>aut</strong></span> <span class='ocrx_word' id='word_1_190' title='bbox 2546 1187 2752 1253; x_wconf 85' lang='lat' dir='ltr'><strong>irritas,</strong></span> <span class='ocrx_word' id='word_1_191' title='bbox 2794 1199 2888 1242; x_wconf 88' lang='lat' dir='ltr'><strong>aut</strong></span> <span class='ocrx_word' id='word_1_192' title='bbox 2913 1188 3164 1244; x_wconf 83' lang='lat' dir='ltr'><strong>eﬂicaces</strong></span> <span class='ocrx_word' id='word_1_193' title='bbox 3197 1189 3397 1252; x_wconf 85' lang='lat' dir='ltr'><strong>facere,</strong></span> <span class='ocrx_word' id='word_1_194' title='bbox 3448 1201 3586 1256; x_wconf 87' lang='lat' dir='ltr'><strong>qno-</strong></span> <span class='ocrx_word' id='word_1_195' title='bbox 3649 1223 3662 1234; x_wconf 63' lang='grc' dir='ltr'><strong>ι</strong></span> 
     </span>
    </p>
   </div>
   <div class='ocr_carea' id='block_1_28' title="bbox 2011 1278 3582 1349">
    <p class='ocr_par' dir='ltr' id='par_1_28' title="bbox 2011 1278 3582 1349">
     <span class='ocr_line' id='line_1_28' title="bbox 2011 1278 3582 1349; baseline -0.001 -19"><span class='ocrx_word' id='word_1_196' title='bbox 2011 1280 2170 1331; x_wconf 90' lang='lat' dir='ltr'><strong>modo</strong></span> <span class='ocrx_word' id='word_1_197' title='bbox 2204 1292 2309 1331; x_wconf 91' lang='lat' dir='ltr'><strong>non</strong></span> <span class='ocrx_word' id='word_1_198' title='bbox 2341 1278 2504 1333; x_wconf 85' lang='lat' dir='ltr'><strong>etiam</strong></span> <span class='ocrx_word' id='word_1_199' title='bbox 2541 1278 2770 1332; x_wconf 89' lang='lat' dir='ltr'><strong>aliorum</strong></span> <span class='ocrx_word' id='word_1_200' title='bbox 2803 1279 2894 1333; x_wconf 88' lang='lat' dir='ltr'><strong>alii</strong></span> <span class='ocrx_word' id='word_1_201' title='bbox 2927 1281 3119 1334; x_wconf 89' lang='lat' dir='ltr'><strong>domus</strong></span> <span class='ocrx_word' id='word_1_202' title='bbox 3147 1290 3295 1345; x_wconf 88' lang='lat' dir='ltr'><strong>sunt,</strong></span> <span class='ocrx_word' id='word_1_203' title='bbox 3319 1278 3582 1349; x_wconf 80' lang='lat' dir='ltr'><strong>quemad-</strong></span> 
     </span>
    </p>
   </div>
   <div class='ocr_carea' id='block_1_29' title="bbox 2011 1367 3587 1434">
    <p class='ocr_par' dir='ltr' id='par_1_29' title="bbox 2011 1367 3587 1434">
     <span class='ocr_line' id='line_1_29' title="bbox 2011 1367 3587 1434; baseline -0.001 -10"><span class='ocrx_word' id='word_1_204' title='bbox 2011 1370 2228 1424; x_wconf 85' lang='lat' dir='ltr'><strong>modum</strong></span> <span class='ocrx_word' id='word_1_205' title='bbox 2263 1377 2479 1424; x_wconf 82' lang='lat' dir='ltr'><strong>mutuos</strong></span> <span class='ocrx_word' id='word_1_206' title='bbox 2497 1367 2751 1433; x_wconf 75' lang='lat' dir='ltr'><strong>effectus,</strong></span> <span class='ocrx_word' id='word_1_207' title='bbox 2779 1379 2840 1424; x_wconf 83' lang='lat' dir='ltr'><strong>ut</strong></span> <span class='ocrx_word' id='word_1_208' title='bbox 2880 1370 2954 1424; x_wconf 91' lang='lat' dir='ltr'><strong>illi</strong></span> <span class='ocrx_word' id='word_1_209' title='bbox 2989 1370 3250 1434; x_wconf 76' lang='lat' dir='ltr'><strong>fatentur,</strong></span> <span class='ocrx_word' id='word_1_210' title='bbox 3282 1382 3336 1424; x_wconf 87' lang='lat' dir='ltr'><strong>et</strong></span> <span class='ocrx_word' id='word_1_211' title='bbox 3361 1379 3510 1423; x_wconf 83' lang='lat' dir='ltr'><strong>ratos</strong></span> <span class='ocrx_word' id='word_1_212' title='bbox 3530 1377 3587 1422; x_wconf 87' lang='lat' dir='ltr'><strong>et</strong></span> 
     </span>
    </p>
   </div>
   <div class='ocr_carea' id='block_1_30' title="bbox 2010 1456 3586 1528">
    <p class='ocr_par' dir='ltr' id='par_1_30' title="bbox 2010 1456 3586 1528">
     <span class='ocr_line' id='line_1_30' title="bbox 2010 1456 3586 1528; baseline -0.002 -15"><span class='ocrx_word' id='word_1_213' title='bbox 2010 1461 2197 1515; x_wconf 82' lang='lat' dir='ltr'><strong>irritos</strong></span> <span class='ocrx_word' id='word_1_214' title='bbox 2228 1459 2454 1515; x_wconf 85' lang='lat' dir='ltr'><strong>reddere</strong></span> <span class='ocrx_word' id='word_1_215' title='bbox 2481 1460 2720 1528; x_wconf 79' lang='lat' dir='ltr'><strong>queunt?</strong></span> <span class='ocrx_word' id='word_1_216' title='bbox 2759 1459 3041 1526; x_wconf 83' lang='lat' dir='ltr'><strong>Quomodo</strong></span> <span class='ocrx_word' id='word_1_217' title='bbox 3087 1460 3216 1514; x_wconf 85' lang='lat' dir='ltr'><strong>item</strong></span> <span class='ocrx_word' id='word_1_218' title='bbox 3264 1459 3378 1514; x_wconf 83' lang='lat' dir='ltr'><strong>sola</strong></span> <span class='ocrx_word' id='word_1_219' title='bbox 3413 1456 3586 1528; x_wconf 83' lang='lat' dir='ltr'><strong>signi-</strong></span> 
     </span>
    </p>
   </div>
   <div class='ocr_carea' id='block_1_31' title="bbox 2011 1546 3584 1624">
    <p class='ocr_par' dir='ltr' id='par_1_31' title="bbox 2011 1546 3584 1624">
     <span class='ocr_line' id='line_1_31' title="bbox 2011 1546 3584 1624; baseline 0.001 -18"><span class='ocrx_word' id='word_1_220' title='bbox 2011 1553 2112 1608; x_wconf 84' lang='lat' dir='ltr'><strong>feri</strong></span> <span class='ocrx_word' id='word_1_221' title='bbox 2153 1546 2306 1623; x_wconf 74' lang='lat' dir='ltr'><strong>signa</strong></span> <span class='ocrx_word' id='word_1_222' title='bbox 2347 1553 2586 1622; x_wconf 84' lang='lat' dir='ltr'><strong>planetis</strong></span> <span class='ocrx_word' id='word_1_223' title='bbox 2626 1555 3030 1624; x_wconf 80' lang='lat' dir='ltr'><strong>cooperantur?</strong></span> <span class='ocrx_word' id='word_1_224' title='bbox 3063 1552 3202 1609; x_wconf 77' lang='lat' dir='ltr'><strong>Num</strong></span> <span class='ocrx_word' id='word_1_225' title='bbox 3259 1567 3584 1623; x_wconf 84' lang='lat' dir='ltr'><strong>supervaca-</strong></span> 
     </span>
    </p>
   </div>
   <div class='ocr_carea' id='block_1_32' title="bbox 2011 1643 3584 1714">
    <p class='ocr_par' dir='ltr' id='par_1_32' title="bbox 2011 1643 3584 1714">
     <span class='ocr_line' id='line_1_32' title="bbox 2011 1643 3584 1714; baseline 0.003 -17"><span class='ocrx_word' id='word_1_226' title='bbox 2011 1659 2146 1699; x_wconf 89' lang='lat' dir='ltr'><strong>neus</strong></span> <span class='ocrx_word' id='word_1_227' title='bbox 2171 1653 2255 1698; x_wconf 87' lang='lat' dir='ltr'><strong>est</strong></span> <span class='ocrx_word' id='word_1_228' title='bbox 2283 1643 2524 1714; x_wconf 89' lang='lat' dir='ltr'><strong>reliquus</strong></span> <span class='ocrx_word' id='word_1_229' title='bbox 2569 1645 2800 1699; x_wconf 75' lang='lat' dir='ltr'><strong>lixarum</strong></span> <span class='ocrx_word' id='word_1_230' title='bbox 2831 1647 3041 1702; x_wconf 67' lang='lat' dir='ltr'><strong>cintus!</strong></span> <span class='ocrx_word' id='word_1_231' title='bbox 3077 1647 3359 1712; x_wconf 84' lang='lat' dir='ltr'><strong>Quomodo</strong></span> <span class='ocrx_word' id='word_1_232' title='bbox 3394 1646 3584 1701; x_wconf 71' lang='lat' dir='ltr'><strong>adhtec</strong></span> 
     </span>
    </p>
   </div>
   <div class='ocr_carea' id='block_1_33' title="bbox 2012 1735 3582 1807">
    <p class='ocr_par' dir='ltr' id='par_1_33' title="bbox 2012 1735 3582 1807">
     <span class='ocr_line' id='line_1_33' title="bbox 2012 1735 3582 1807; baseline 0.001 -19"><span class='ocrx_word' id='word_1_233' title='bbox 2012 1735 2257 1803; x_wconf 78' lang='lat' dir='ltr'><strong>planetas</strong></span> <span class='ocrx_word' id='word_1_234' title='bbox 2302 1746 2395 1790; x_wconf 87' lang='lat' dir='ltr'><strong>aut</strong></span> <span class='ocrx_word' id='word_1_235' title='bbox 2452 1737 2698 1807; x_wconf 62' lang='lat' dir='ltr'><strong>Ebenigne</strong></span> <span class='ocrx_word' id='word_1_236' title='bbox 2750 1737 2956 1804; x_wconf 78' lang='lat' dir='ltr'><strong>facere,</strong></span> <span class='ocrx_word' id='word_1_237' title='bbox 3024 1745 3118 1790; x_wconf 87' lang='lat' dir='ltr'><strong>ant</strong></span> <span class='ocrx_word' id='word_1_238' title='bbox 3175 1751 3374 1793; x_wconf 72' lang='lat' dir='ltr'><strong>noceue</strong></span> <span class='ocrx_word' id='word_1_239' title='bbox 3418 1752 3582 1804; x_wconf 77' lang='lat' dir='ltr'><strong>posse</strong></span> 
     </span>
    </p>
   </div>
   <div class='ocr_carea' id='block_1_34' title="bbox 335 1806 1913 1896">
    <p class='ocr_par' dir='ltr' id='par_1_34' title="bbox 335 1822 1913 1894">
     <span class='ocr_line' id='line_1_34' title="bbox 335 1822 1913 1894; baseline -0.002 -17"><span class='ocrx_word' id='word_1_240' title='bbox 335 1824 490 1888; x_wconf 82' lang='grc' dir='ltr'><strong>διότι,</strong></span> <span class='ocrx_word' id='word_1_241' title='bbox 519 1825 675 1894; x_wconf 80' lang='grc' dir='ltr'><strong>φησὶ,</strong></span> <span class='ocrx_word' id='word_1_242' title='bbox 700 1823 771 1878; x_wconf 80' lang='grc' dir='ltr'><strong>δι’</strong></span> <span class='ocrx_word' id='word_1_243' title='bbox 797 1823 977 1879; x_wconf 82' lang='grc' dir='ltr'><strong>αὐτῶν</strong></span> <span class='ocrx_word' id='word_1_244' title='bbox 1005 1823 1396 1894; x_wconf 84' lang='grc' dir='ltr'><strong>πορεύονταιοί</strong></span> <span class='ocrx_word' id='word_1_245' title='bbox 1422 1823 1713 1893; x_wconf 81' lang='grc' dir='ltr'><strong>πλάνητες,</strong></span> <span class='ocrx_word' id='word_1_246' title='bbox 1736 1822 1913 1892; x_wconf 82' lang='grc' dir='ltr'><strong>πολλῷ</strong></span> 
     </span>
    </p>
   </div>
   <div class='ocr_carea' id='block_1_35' title="bbox 2019 1806 3582 1896">
    <p class='ocr_par' dir='ltr' id='par_1_35' title="bbox 2019 1806 3582 1896">
     <span class='ocr_line' id='line_1_35' title="bbox 2019 1806 3582 1896; baseline 0.002 -18"><span class='ocrx_word' id='word_1_247' title='bbox 2019 1826 2314 1880; x_wconf 84' lang='lat' dir='ltr'><strong>asserunt?</strong></span> <span class='ocrx_word' id='word_1_248' title='bbox 2351 1840 2416 1880; x_wconf 89' lang='lat' dir='ltr'><strong>an</strong></span> <span class='ocrx_word' id='word_1_249' title='bbox 2445 1806 2668 1896; x_wconf 84' lang='lat' dir='ltr'><strong>propter</strong></span> <span class='ocrx_word' id='word_1_250' title='bbox 2714 1839 2920 1882; x_wconf 88' lang='lat' dir='ltr'><strong>motum</strong></span> <span class='ocrx_word' id='word_1_251' title='bbox 2945 1829 2968 1882; x_wconf 92' lang='lat'><strong>?</strong></span> <span class='ocrx_word' id='word_1_252' title='bbox 2997 1826 3212 1881; x_wconf 81' lang='lat' dir='ltr'><strong>Nullum</strong></span> <span class='ocrx_word' id='word_1_253' title='bbox 3258 1828 3422 1896; x_wconf 77' lang='lat' dir='ltr'><strong>igitur</strong></span> <span class='ocrx_word' id='word_1_254' title='bbox 3451 1841 3481 1880; x_wconf 92' lang='lat' dir='ltr'><strong>e</strong></span> <span class='ocrx_word' id='word_1_255' title='bbox 3505 1840 3582 1881; x_wconf 76' lang='lat' dir='ltr'><strong>xu</strong></span> 
     </span>
    </p>
   </div>
   <div class='ocr_carea' id='block_1_36' title="bbox 337 1907 1908 1986">
    <p class='ocr_par' dir='ltr' id='par_1_36' title="bbox 337 1907 1908 1986">
     <span class='ocr_line' id='line_1_36' title="bbox 337 1907 1908 1986; baseline 0.001 -20"><span class='ocrx_word' id='word_1_256' title='bbox 337 1913 540 1981; x_wconf 77' lang='grc' dir='ltr'><strong>μᾶλλον</strong></span> <span class='ocrx_word' id='word_1_257' title='bbox 598 1914 653 1967; x_wconf 85' lang='grc' dir='ltr'><strong>αἱ</strong></span> <span class='ocrx_word' id='word_1_258' title='bbox 705 1912 874 1977; x_wconf 78' lang='grc' dir='ltr'><strong>ζῶναι</strong></span> <span class='ocrx_word' id='word_1_259' title='bbox 932 1913 1028 1968; x_wconf 88' lang='grc' dir='ltr'><strong>καί</strong></span> <span class='ocrx_word' id='word_1_260' title='bbox 1080 1916 1130 1967; x_wconf 85' lang='grc' dir='ltr'><strong>οἱ</strong></span> <span class='ocrx_word' id='word_1_261' title='bbox 1176 1913 1272 1967; x_wconf 87' lang='grc' dir='ltr'><strong>τοῦ</strong></span> <span class='ocrx_word' id='word_1_262' title='bbox 1325 1913 1488 1986; x_wconf 81' lang='grc' dir='ltr'>ἀέρος</span> <span class='ocrx_word' id='word_1_263' title='bbox 1519 1914 1701 1974; x_wconf 83' lang='grc' dir='ltr'><strong>τόποι,</strong></span> <span class='ocrx_word' id='word_1_264' title='bbox 1731 1914 1800 1967; x_wconf 84' lang='grc' dir='ltr'><strong>δι’</strong></span> <span class='ocrx_word' id='word_1_265' title='bbox 1831 1907 1908 1968; x_wconf 80' lang='grc' dir='ltr'><strong>ὧν</strong></span> 
     </span>
    </p>
   </div>
   <div class='ocr_carea' id='block_1_37' title="bbox 335 2001 1907 2074">
    <p class='ocr_par' dir='ltr' id='par_1_37' title="bbox 335 2001 1907 2074">
     <span class='ocr_line' id='line_1_37' title="bbox 335 2001 1907 2074; baseline 0.001 -18"><span class='ocrx_word' id='word_1_266' title='bbox 335 2002 600 2066; x_wconf 74' lang='grc' dir='ltr'><strong>ὁδεύουσι,</strong></span> <span class='ocrx_word' id='word_1_267' title='bbox 636 2001 731 2056; x_wconf 89' lang='grc' dir='ltr'><strong>τοῦ</strong></span> <span class='ocrx_word' id='word_1_268' title='bbox 785 2002 1096 2057; x_wconf 84' lang='grc' dir='ltr'><strong>καλοποιεῖν</strong></span> <span class='ocrx_word' id='word_1_269' title='bbox 1143 2004 1239 2056; x_wconf 69' lang='grc' dir='ltr'><strong>καὶ</strong></span> <span class='ocrx_word' id='word_1_270' title='bbox 1294 2006 1610 2058; x_wconf 79' lang='grc' dir='ltr'><strong>κακοποιεῖν</strong></span> <span class='ocrx_word' id='word_1_271' title='bbox 1674 2004 1907 2074; x_wconf 87' lang='grc' dir='ltr'><strong>δύναμιν</strong></span> 
     </span>
    </p>
   </div>
   <div class='ocr_carea' id='block_1_38' title="bbox 335 2087 1906 2164">
    <p class='ocr_par' dir='ltr' id='par_1_38' title="bbox 335 2087 1906 2164">
     <span class='ocr_line' id='line_1_38' title="bbox 335 2087 1906 2164; baseline 0.002 -19"><span class='ocrx_word' id='word_1_272' title='bbox 335 2092 550 2156; x_wconf 78' lang='grc' dir='ltr'><strong>έξουσιν</strong></span> <span class='ocrx_word' id='word_1_273' title='bbox 570 2109 583 2122; x_wconf 91' lang='grc'><strong>·</strong></span> <span class='ocrx_word' id='word_1_274' title='bbox 610 2093 841 2162; x_wconf 82' lang='grc' dir='ltr'><strong>ούρανοῦ</strong></span> <span class='ocrx_word' id='word_1_275' title='bbox 873 2093 1001 2164; x_wconf 83' lang='grc' dir='ltr'><strong>γὰρ,</strong></span> <span class='ocrx_word' id='word_1_276' title='bbox 1031 2095 1091 2148; x_wconf 83' lang='grc' dir='ltr'><strong>ὲν</strong></span> <span class='ocrx_word' id='word_1_277' title='bbox 1121 2087 1166 2161; x_wconf 82' lang='grc' dir='ltr'>ᾧ</span> <span class='ocrx_word' id='word_1_278' title='bbox 1203 2095 1253 2147; x_wconf 87' lang='grc' dir='ltr'><strong>οἰ</strong></span> <span class='ocrx_word' id='word_1_279' title='bbox 1283 2094 1575 2164; x_wconf 81' lang='grc' dir='ltr'><strong>πλάνητες,</strong></span> <span class='ocrx_word' id='word_1_280' title='bbox 1622 2095 1906 2164; x_wconf 82' lang='grc' dir='ltr'><strong>οὐμενοῦν,</strong></span> 
     </span>
    </p>
   </div>
   <div class='ocr_carea' id='block_1_39' title="bbox 336 2184 1908 2257">
    <p class='ocr_par' dir='ltr' id='par_1_39' title="bbox 336 2184 1908 2257">
     <span class='ocr_line' id='line_1_39' title="bbox 336 2184 1908 2257; baseline 0.003 -21"><span class='ocrx_word' id='word_1_281' title='bbox 336 2185 412 2248; x_wconf 81' lang='grc' dir='ltr'><strong>ὥς</strong></span> <span class='ocrx_word' id='word_1_282' title='bbox 439 2202 570 2254; x_wconf 82' lang='grc' dir='ltr'><strong>φασι</strong></span> <span class='ocrx_word' id='word_1_283' title='bbox 599 2224 616 2250; x_wconf 88' lang='grc'><strong>,</strong></span> <span class='ocrx_word' id='word_1_284' title='bbox 673 2184 852 2256; x_wconf 85' lang='grc' dir='ltr'><strong>πολλῷ</strong></span> <span class='ocrx_word' id='word_1_285' title='bbox 898 2185 1192 2253; x_wconf 82' lang='grc' dir='ltr'><strong>κατωτέρω</strong></span> <span class='ocrx_word' id='word_1_286' title='bbox 1215 2186 1365 2250; x_wconf 77' lang='grc' dir='ltr'><strong>ὄντες</strong></span> <span class='ocrx_word' id='word_1_287' title='bbox 1391 2187 1490 2257; x_wconf 86' lang='grc' dir='ltr'><strong>οὐχ</strong></span> <span class='ocrx_word' id='word_1_288' title='bbox 1525 2185 1809 2242; x_wconf 76' lang='grc' dir='ltr'><strong>ἅπτονται.</strong></span> <span class='ocrx_word' id='word_1_289' title='bbox 1843 2188 1908 2240; x_wconf 79' lang='grc' dir='ltr'><strong>Τί</strong></span> 
     </span>
    </p>
   </div>
   <div class='ocr_carea' id='block_1_40' title="bbox 335 2275 1908 2348">
    <p class='ocr_par' dir='ltr' id='par_1_40' title="bbox 335 2275 1908 2348">
     <span class='ocr_line' id='line_1_40' title="bbox 335 2275 1908 2348; baseline 0.002 -20"><span class='ocrx_word' id='word_1_290' title='bbox 335 2275 390 2328; x_wconf 81' lang='grc' dir='ltr'><strong>δὲ</strong></span> <span class='ocrx_word' id='word_1_291' title='bbox 425 2276 490 2344; x_wconf 85' lang='grc' dir='ltr'><strong>δή</strong></span> <span class='ocrx_word' id='word_1_292' title='bbox 529 2292 660 2330; x_wconf 76' lang='grc' dir='ltr'><strong>ποτε</strong></span> <span class='ocrx_word' id='word_1_293' title='bbox 695 2277 893 2348; x_wconf 78' lang='grc' dir='ltr'><strong>σελήνη</strong></span> <span class='ocrx_word' id='word_1_294' title='bbox 948 2279 1048 2348; x_wconf 79' lang='grc' dir='ltr'><strong>μὲν</strong></span> <span class='ocrx_word' id='word_1_295' title='bbox 1089 2279 1152 2330; x_wconf 83' lang='grc' dir='ltr'><strong>τὸ</strong></span> <span class='ocrx_word' id='word_1_296' title='bbox 1187 2277 1468 2348; x_wconf 80' lang='grc' dir='ltr'><strong>μειοῦσθαι</strong></span> <span class='ocrx_word' id='word_1_297' title='bbox 1525 2278 1623 2333; x_wconf 75' lang='grc' dir='ltr'><strong>καὶ</strong></span> <span class='ocrx_word' id='word_1_298' title='bbox 1659 2278 1908 2344; x_wconf 79' lang='grc' dir='ltr'><strong>αὐξάνειν</strong></span> 
     </span>
    </p>
   </div>
   <div class='ocr_carea' id='block_1_41' title="bbox 338 2366 1909 2441">
    <p class='ocr_par' dir='ltr' id='par_1_41' title="bbox 338 2366 1909 2441">
     <span class='ocr_line' id='line_1_41' title="bbox 338 2366 1909 2441; baseline 0.003 -22"><span class='ocrx_word' id='word_1_299' title='bbox 338 2366 618 2438; x_wconf 59' lang='grc' dir='ltr'><strong>εἴπομένει,</strong></span> <span class='ocrx_word' id='word_1_300' title='bbox 651 2368 760 2421; x_wconf 81' lang='grc' dir='ltr'><strong>τῶν</strong></span> <span class='ocrx_word' id='word_1_301' title='bbox 780 2368 824 2420; x_wconf 83' lang='grc' dir='ltr'><strong>δ’</strong></span> <span class='ocrx_word' id='word_1_302' title='bbox 850 2369 1026 2424; x_wconf 82' lang='grc' dir='ltr'><strong>ἄλλων</strong></span> <span class='ocrx_word' id='word_1_303' title='bbox 1057 2369 1346 2441; x_wconf 79' lang='grc' dir='ltr'><strong>πλανήτων</strong></span> <span class='ocrx_word' id='word_1_304' title='bbox 1370 2369 1776 2441; x_wconf 78' lang='grc' dir='ltr'><strong>προτοοδισμοῦς</strong></span> <span class='ocrx_word' id='word_1_305' title='bbox 1815 2371 1909 2424; x_wconf 76' lang='grc' dir='ltr'><strong>καὶ</strong></span> 
     </span>
    </p>
   </div>
   <div class='ocr_carea' id='block_1_42' title="bbox 338 2461 1906 2534">
    <p class='ocr_par' dir='ltr' id='par_1_42' title="bbox 338 2461 1906 2534">
     <span class='ocr_line' id='line_1_42' title="bbox 338 2461 1906 2534; baseline 0.003 -23"><span class='ocrx_word' id='word_1_306' title='bbox 338 2461 676 2529; x_wconf 81' lang='grc' dir='ltr'><strong>στηριγμοὺς</strong></span> <span class='ocrx_word' id='word_1_307' title='bbox 701 2461 796 2513; x_wconf 73' lang='grc' dir='ltr'><strong>καὶ</strong></span> <span class='ocrx_word' id='word_1_308' title='bbox 837 2461 1240 2532; x_wconf 76' lang='grc' dir='ltr'><strong>ἀναποδισμοὺς</strong></span> <span class='ocrx_word' id='word_1_309' title='bbox 1268 2462 1605 2531; x_wconf 73' lang='grc' dir='ltr'><strong>εἰσάγοντες,</strong></span> <span class='ocrx_word' id='word_1_310' title='bbox 1630 2463 1780 2534; x_wconf 71' lang='grc' dir='ltr'><strong>ἥλιον</strong></span> <span class='ocrx_word' id='word_1_311' title='bbox 1809 2465 1906 2516; x_wconf 79' lang='grc' dir='ltr'><strong>καὶ</strong></span> 
     </span>
    </p>
   </div>
   <div class='ocr_carea' id='block_1_43' title="bbox 337 2551 1910 2625">
    <p class='ocr_par' dir='ltr' id='par_1_43' title="bbox 337 2551 1910 2625">
     <span class='ocr_line' id='line_1_43' title="bbox 337 2551 1910 2625; baseline 0.004 -23"><span class='ocrx_word' id='word_1_312' title='bbox 337 2551 569 2620; x_wconf 85' lang='grc' dir='ltr'><strong>σελήνην</strong></span> <span class='ocrx_word' id='word_1_313' title='bbox 595 2551 695 2623; x_wconf 84' lang='grc' dir='ltr'><strong>τῆς</strong></span> <span class='ocrx_word' id='word_1_314' title='bbox 724 2551 982 2624; x_wconf 82' lang='grc' dir='ltr'><strong>τοιαύτης</strong></span> <span class='ocrx_word' id='word_1_315' title='bbox 1011 2553 1138 2624; x_wconf 68' lang='grc'><strong>[548</strong></span> <span class='ocrx_word' id='word_1_316' title='bbox 1166 2553 1260 2625; x_wconf 84' lang='grc' dir='ltr'><strong>Η.]</strong></span> <span class='ocrx_word' id='word_1_317' title='bbox 1290 2553 1659 2622; x_wconf 76' lang='grc' dir='ltr'><strong>παλιντρόπου</strong></span> <span class='ocrx_word' id='word_1_318' title='bbox 1702 2555 1910 2623; x_wconf 80' lang='grc' dir='ltr'><strong>πλάνης</strong></span> 
     </span>
    </p>
   </div>
   <div class='ocr_carea' id='block_1_44' title="bbox 338 2641 1906 2716">
    <p class='ocr_par' dir='ltr' id='par_1_44' title="bbox 338 2641 1906 2716">
     <span class='ocr_line' id='line_1_44' title="bbox 338 2641 1906 2716; baseline 0.002 -21"><span class='ocrx_word' id='word_1_319' title='bbox 338 2641 652 2714; x_wconf 72' lang='grc' dir='ltr'><strong>ἐλευθέρους</strong></span> <span class='ocrx_word' id='word_1_320' title='bbox 705 2643 904 2710; x_wconf 82' lang='grc' dir='ltr'><strong>ὲῶσιν;</strong></span> <span class='ocrx_word' id='word_1_321' title='bbox 945 2645 1041 2698; x_wconf 77' lang='grc' dir='ltr'><strong>καὶ</strong></span> <span class='ocrx_word' id='word_1_322' title='bbox 1089 2647 1138 2697; x_wconf 83' lang='grc' dir='ltr'><strong>εἰ</strong></span> <span class='ocrx_word' id='word_1_323' title='bbox 1201 2646 1542 2715; x_wconf 77' lang='grc' dir='ltr'><strong>μικροφανὴς</strong></span> <span class='ocrx_word' id='word_1_324' title='bbox 1596 2649 1626 2700; x_wconf 85' lang='grc' dir='ltr'>ὁ</span> <span class='ocrx_word' id='word_1_325' title='bbox 1672 2646 1906 2716; x_wconf 77' lang='grc' dir='ltr'><strong>Κρόνος,</strong></span> 
     </span>
    </p>
   </div>
   <div class='ocr_carea' id='block_1_45' title="bbox 337 2731 1910 2814">
    <p class='ocr_par' dir='ltr' id='par_1_45' title="bbox 337 2731 1910 2814">
     <span class='ocr_line' id='line_1_45' title="bbox 337 2731 1910 2814; baseline 0.004 -27"><span class='ocrx_word' id='word_1_326' title='bbox 337 2731 543 2802; x_wconf 77' lang='grc' dir='ltr'><strong>μείζων</strong></span> <span class='ocrx_word' id='word_1_327' title='bbox 577 2785 594 2814; x_wconf 67' lang='grc'><strong>,</strong></span> <span class='ocrx_word' id='word_1_328' title='bbox 634 2734 710 2799; x_wconf 82' lang='grc' dir='ltr'><strong>ὣς</strong></span> <span class='ocrx_word' id='word_1_329' title='bbox 772 2753 904 2805; x_wconf 73' lang='grc' dir='ltr'><strong>φασι</strong></span> <span class='ocrx_word' id='word_1_330' title='bbox 942 2777 958 2802; x_wconf 91' lang='grc'><strong>,</strong></span> <span class='ocrx_word' id='word_1_331' title='bbox 997 2737 1106 2790; x_wconf 83' lang='grc' dir='ltr'><strong>τῶν</strong></span> <span class='ocrx_word' id='word_1_332' title='bbox 1159 2737 1340 2792; x_wconf 77' lang='grc' dir='ltr'><strong>ἄλλων</strong></span> <span class='ocrx_word' id='word_1_333' title='bbox 1393 2739 1654 2810; x_wconf 80' lang='grc' dir='ltr'><strong>ὑπάρχων</strong></span> <span class='ocrx_word' id='word_1_334' title='bbox 1707 2739 1910 2809; x_wconf 77' lang='grc' dir='ltr'><strong>πλανή-</strong></span> 
     </span>
    </p>
   </div>
   <div class='ocr_carea' id='block_1_46' title="bbox 338 2826 1910 2901">
    <p class='ocr_par' dir='ltr' id='par_1_46' title="bbox 338 2826 1910 2901">
     <span class='ocr_line' id='line_1_46' title="bbox 338 2826 1910 2901; baseline 0.004 -24"><span class='ocrx_word' id='word_1_335' title='bbox 338 2841 464 2888; x_wconf 77' lang='grc' dir='ltr'><strong>των,</strong></span> <span class='ocrx_word' id='word_1_336' title='bbox 510 2827 592 2878; x_wconf 85' lang='grc' dir='ltr'><strong>ὃτι</strong></span> <span class='ocrx_word' id='word_1_337' title='bbox 639 2826 846 2881; x_wconf 87' lang='grc' dir='ltr'><strong>τούτων</strong></span> <span class='ocrx_word' id='word_1_338' title='bbox 913 2826 1184 2898; x_wconf 79' lang='grc' dir='ltr'><strong>ἀνώτερον</strong></span> <span class='ocrx_word' id='word_1_339' title='bbox 1242 2829 1513 2901; x_wconf 79' lang='grc' dir='ltr'><strong>διατρέχει</strong></span> <span class='ocrx_word' id='word_1_340' title='bbox 1571 2829 1790 2895; x_wconf 84' lang='grc' dir='ltr'><strong>κύκλον,</strong></span> <span class='ocrx_word' id='word_1_341' title='bbox 1823 2830 1910 2884; x_wconf 82' lang='grc' dir='ltr'><strong>διὰ</strong></span> 
     </span>
    </p>
   </div>
   <div class='ocr_carea' id='block_1_47' title="bbox 339 2916 1910 2993">
    <p class='ocr_par' dir='ltr' id='par_1_47' title="bbox 339 2916 1910 2993">
     <span class='ocr_line' id='line_1_47' title="bbox 339 2916 1910 2993; baseline 0.003 -24"><span class='ocrx_word' id='word_1_342' title='bbox 339 2917 390 2969; x_wconf 86' lang='grc' dir='ltr'><strong>τί</strong></span> <span class='ocrx_word' id='word_1_343' title='bbox 426 2916 626 2988; x_wconf 72' lang='grc' dir='ltr'><strong>μείζων</strong></span> <span class='ocrx_word' id='word_1_344' title='bbox 658 2919 688 2972; x_wconf 74' lang='grc' dir='ltr'><strong>ὁ</strong></span> <span class='ocrx_word' id='word_1_345' title='bbox 716 2919 868 2988; x_wconf 72' lang='grc' dir='ltr'><strong>ἥλιος</strong></span> <span class='ocrx_word' id='word_1_346' title='bbox 901 2919 1000 2989; x_wconf 78' lang='grc' dir='ltr'><strong>τῆς</strong></span> <span class='ocrx_word' id='word_1_347' title='bbox 1035 2920 1289 2990; x_wconf 78' lang='grc' dir='ltr'><strong>σελήνης,</strong></span> <span class='ocrx_word' id='word_1_348' title='bbox 1315 2922 1586 2992; x_wconf 84' lang='grc' dir='ltr'><strong>τετάρτην</strong></span> <span class='ocrx_word' id='word_1_349' title='bbox 1613 2921 1712 2976; x_wconf 81' lang='grc' dir='ltr'><strong>ἀπ’</strong></span> <span class='ocrx_word' id='word_1_350' title='bbox 1738 2921 1910 2993; x_wconf 80' lang='grc' dir='ltr'><strong>αὐτῆς</strong></span> 
     </span>
    </p>
   </div>
   <div class='ocr_carea' id='block_1_48' title="bbox 335 3007 1910 3083">
    <p class='ocr_par' dir='ltr' id='par_1_48' title="bbox 335 3007 1910 3083">
     <span class='ocr_line' id='line_1_48' title="bbox 335 3007 1910 3083; baseline 0.001 -20"><span class='ocrx_word' id='word_1_351' title='bbox 335 3007 517 3081; x_wconf 75' lang='grc' dir='ltr'><strong>ζώνην</strong></span> <span class='ocrx_word' id='word_1_352' title='bbox 539 3009 815 3075; x_wconf 67' lang='grc' dir='ltr'><strong>ιλαύνωνς</strong></span> <span class='ocrx_word' id='word_1_353' title='bbox 844 3010 1012 3082; x_wconf 72' lang='grc' dir='ltr'><strong>ἐχρῆν</strong></span> <span class='ocrx_word' id='word_1_354' title='bbox 1045 3011 1156 3080; x_wconf 84' lang='grc' dir='ltr'><strong>γὰρ</strong></span> <span class='ocrx_word' id='word_1_355' title='bbox 1186 3011 1349 3065; x_wconf 84' lang='grc' dir='ltr'><strong>αὑτὸν</strong></span> <span class='ocrx_word' id='word_1_356' title='bbox 1371 3011 1554 3083; x_wconf 88' lang='grc' dir='ltr'><strong>πολλῴ</strong></span> <span class='ocrx_word' id='word_1_357' title='bbox 1587 3011 1792 3083; x_wconf 85' lang='grc' dir='ltr'><strong>ταύτης</strong></span> <span class='ocrx_word' id='word_1_358' title='bbox 1822 3030 1910 3083; x_wconf 85' lang='grc' dir='ltr'><strong>μι-</strong></span> 
     </span>
    </p>
   </div>
   <div class='ocr_carea' id='block_1_49' title="bbox 337 3101 1908 3174">
    <p class='ocr_par' dir='ltr' id='par_1_49' title="bbox 337 3101 1908 3174">
     <span class='ocr_line' id='line_1_49' title="bbox 337 3101 1908 3174; baseline 0.002 -21"><span class='ocrx_word' id='word_1_359' title='bbox 337 3101 593 3174; x_wconf 82' lang='grc' dir='ltr'><strong>κρότερον</strong></span> <span class='ocrx_word' id='word_1_360' title='bbox 621 3101 937 3172; x_wconf 79' lang='grc' dir='ltr'><strong>φαίνεσθαι.</strong></span> <span class='ocrx_word' id='word_1_361' title='bbox 965 3103 1129 3157; x_wconf 81' lang='grc' dir='ltr'><strong>Ὥστε</strong></span> <span class='ocrx_word' id='word_1_362' title='bbox 1157 3103 1337 3156; x_wconf 87' lang='grc' dir='ltr'><strong>πάντα</strong></span> <span class='ocrx_word' id='word_1_363' title='bbox 1365 3103 1536 3173; x_wconf 69' lang='grc' dir='ltr'><strong>ψευδῆ</strong></span> <span class='ocrx_word' id='word_1_364' title='bbox 1565 3104 1658 3156; x_wconf 74' lang='grc' dir='ltr'><strong>καὶ</strong></span> <span class='ocrx_word' id='word_1_365' title='bbox 1695 3103 1908 3156; x_wconf 84' lang='grc' dir='ltr'><strong>πεπλα-</strong></span> 
     </span>
    </p>
   </div>
   <div class='ocr_carea' id='block_1_50' title="bbox 339 3195 1912 3267">
    <p class='ocr_par' dir='ltr' id='par_1_50' title="bbox 339 3195 1912 3267">
     <span class='ocr_line' id='line_1_50' title="bbox 339 3195 1912 3267; baseline 0.001 -20"><span class='ocrx_word' id='word_1_366' title='bbox 339 3195 534 3264; x_wconf 76' lang='grc' dir='ltr'><strong>σμένα,</strong></span> <span class='ocrx_word' id='word_1_367' title='bbox 573 3197 609 3250; x_wconf 72' lang='grc' dir='ltr'><strong>ἃ</strong></span> <span class='ocrx_word' id='word_1_368' title='bbox 651 3196 750 3267; x_wconf 85' lang='grc' dir='ltr'><strong>τῆς</strong></span> <span class='ocrx_word' id='word_1_369' title='bbox 794 3195 1153 3267; x_wconf 81' lang='grc' dir='ltr'><strong>ἀστρολογίας</strong></span> <span class='ocrx_word' id='word_1_370' title='bbox 1203 3197 1254 3248; x_wconf 81' lang='grc' dir='ltr'><strong>οἰ</strong></span> <span class='ocrx_word' id='word_1_371' title='bbox 1313 3196 1468 3250; x_wconf 87' lang='grc' dir='ltr'><strong>πόνοι</strong></span> <span class='ocrx_word' id='word_1_372' title='bbox 1533 3195 1912 3266; x_wconf 83' lang='grc' dir='ltr'><strong>κρατύνουσιν.</strong></span> 
     </span>
    </p>
   </div>
   <div class='ocr_carea' id='block_1_51' title="bbox 337 3283 1425 3359">
    <p class='ocr_par' dir='ltr' id='par_1_51' title="bbox 337 3283 1425 3359">
     <span class='ocr_line' id='line_1_51' title="bbox 337 3283 1425 3359; baseline 0.001 -18"><span class='ocrx_word' id='word_1_373' title='bbox 337 3287 496 3341; x_wconf 81' lang='grc' dir='ltr'><strong>Οὕτω</strong></span> <span class='ocrx_word' id='word_1_374' title='bbox 531 3288 631 3359; x_wconf 81' lang='grc' dir='ltr'><strong>μὲν</strong></span> <span class='ocrx_word' id='word_1_375' title='bbox 666 3283 762 3343; x_wconf 83' lang='grc' dir='ltr'><strong>οὖν</strong></span> <span class='ocrx_word' id='word_1_376' title='bbox 790 3289 882 3342; x_wconf 84' lang='grc' dir='ltr'><strong>καὶ</strong></span> <span class='ocrx_word' id='word_1_377' title='bbox 909 3287 972 3341; x_wconf 86' lang='grc' dir='ltr'><strong>τὸ</strong></span> <span class='ocrx_word' id='word_1_378' title='bbox 993 3288 1074 3342; x_wconf 88' lang='grc' dir='ltr'><strong>λα’</strong></span> <span class='ocrx_word' id='word_1_379' title='bbox 1106 3287 1425 3355; x_wconf 67' lang='grc' dir='ltr'><strong>κεφάλαιον.</strong></span> 
     </span>
    </p>
   </div>
   <div class='ocr_carea' id='block_1_52' title="bbox 2013 1917 3580 1990">
    <p class='ocr_par' dir='ltr' id='par_1_52' title="bbox 2013 1917 3580 1990">
     <span class='ocr_line' id='line_1_52' title="bbox 2013 1917 3580 1990; baseline -0.001 -18"><span class='ocrx_word' id='word_1_380' title='bbox 2013 1917 2122 1972; x_wconf 88' lang='lat' dir='ltr'><strong>illis</strong></span> <span class='ocrx_word' id='word_1_381' title='bbox 2155 1917 2364 1973; x_wconf 78' lang='lat' dir='ltr'><strong>zodiaci</strong></span> <span class='ocrx_word' id='word_1_382' title='bbox 2397 1918 2568 1990; x_wconf 77' lang='lat' dir='ltr'><strong>signis</strong></span> <span class='ocrx_word' id='word_1_383' title='bbox 2605 1933 2921 1988; x_wconf 85' lang='lat' dir='ltr'><strong>prosperum</strong></span> <span class='ocrx_word' id='word_1_384' title='bbox 2965 1921 3072 1972; x_wconf 84' lang='lat' dir='ltr'><strong>erit</strong></span> <span class='ocrx_word' id='word_1_385' title='bbox 3122 1918 3208 1972; x_wconf 92' lang='lat' dir='ltr'><strong>vel</strong></span> <span class='ocrx_word' id='word_1_386' title='bbox 3251 1918 3580 1974; x_wconf 84' lang='lat' dir='ltr'><strong>adversum:</strong></span> 
     </span>
    </p>
   </div>
   <div class='ocr_carea' id='block_1_53' title="bbox 2009 2011 3582 2081">
    <p class='ocr_par' dir='ltr' id='par_1_53' title="bbox 2009 2011 3582 2081">
     <span class='ocr_line' id='line_1_53' title="bbox 2009 2011 3582 2081; baseline -0.001 -14"><span class='ocrx_word' id='word_1_387' title='bbox 2009 2011 2104 2067; x_wconf 81' lang='lat' dir='ltr'><strong>sed</strong></span> <span class='ocrx_word' id='word_1_388' title='bbox 2133 2025 2308 2081; x_wconf 89' lang='lat' dir='ltr'><strong>neque</strong></span> <span class='ocrx_word' id='word_1_389' title='bbox 2333 2012 2439 2066; x_wconf 85' lang='lat' dir='ltr'><strong>alia</strong></span> <span class='ocrx_word' id='word_1_390' title='bbox 2475 2012 2584 2066; x_wconf 84' lang='lat' dir='ltr'><strong>ulla</strong></span> <span class='ocrx_word' id='word_1_391' title='bbox 2612 2029 2715 2067; x_wconf 88' lang='lat' dir='ltr'><strong>non</strong></span> <span class='ocrx_word' id='word_1_392' title='bbox 2751 2027 2944 2066; x_wconf 89' lang='lat' dir='ltr'><strong>errans</strong></span> <span class='ocrx_word' id='word_1_393' title='bbox 2971 2013 3152 2068; x_wconf 86' lang='lat' dir='ltr'><strong>stella.</strong></span> <span class='ocrx_word' id='word_1_394' title='bbox 3195 2011 3292 2067; x_wconf 87' lang='lat' dir='ltr'><strong>Sin</strong></span> <span class='ocrx_word' id='word_1_395' title='bbox 3323 2013 3465 2076; x_wconf 92' lang='lat' dir='ltr'><strong>ideo,</strong></span> <span class='ocrx_word' id='word_1_396' title='bbox 3497 2012 3582 2066; x_wconf 54' lang='lat' dir='ltr'><strong>in-</strong></span> 
     </span>
    </p>
   </div>
   <div class='ocr_carea' id='block_1_54' title="bbox 2009 2102 3583 2173">
    <p class='ocr_par' dir='ltr' id='par_1_54' title="bbox 2009 2102 3583 2173">
     <span class='ocr_line' id='line_1_54' title="bbox 2009 2102 3583 2173; baseline 0 -18"><span class='ocrx_word' id='word_1_397' title='bbox 2009 2103 2150 2171; x_wconf 84' lang='lat' dir='ltr'><strong>quit,</strong></span> <span class='ocrx_word' id='word_1_398' title='bbox 2189 2103 2331 2170; x_wconf 92' lang='lat' dir='ltr'><strong>quod</strong></span> <span class='ocrx_word' id='word_1_399' title='bbox 2363 2117 2460 2170; x_wconf 90' lang='lat' dir='ltr'><strong>per</strong></span> <span class='ocrx_word' id='word_1_400' title='bbox 2512 2104 2604 2158; x_wconf 87' lang='lat' dir='ltr'><strong>illa</strong></span> <span class='ocrx_word' id='word_1_401' title='bbox 2641 2104 2966 2173; x_wconf 85' lang='lat' dir='ltr'><strong>gradiuntur</strong></span> <span class='ocrx_word' id='word_1_402' title='bbox 2994 2104 3242 2173; x_wconf 78' lang='lat' dir='ltr'><strong>planetae,</strong></span> <span class='ocrx_word' id='word_1_403' title='bbox 3274 2102 3383 2169; x_wconf 82' lang='lat' dir='ltr'><strong>jam</strong></span> <span class='ocrx_word' id='word_1_404' title='bbox 3415 2103 3583 2156; x_wconf 82' lang='lat' dir='ltr'><strong>multo</strong></span> 
     </span>
    </p>
   </div>
   <div class='ocr_carea' id='block_1_55' title="bbox 2010 2192 3580 2262">
    <p class='ocr_par' dir='ltr' id='par_1_55' title="bbox 2010 2192 3580 2262">
     <span class='ocr_line' id='line_1_55' title="bbox 2010 2192 3580 2262; baseline -0.001 -16"><span class='ocrx_word' id='word_1_405' title='bbox 2010 2194 2196 2260; x_wconf 83' lang='lat' dir='ltr'><strong>potius</strong></span> <span class='ocrx_word' id='word_1_406' title='bbox 2230 2194 2344 2247; x_wconf 86' lang='lat' dir='ltr'><strong>sive</strong></span> <span class='ocrx_word' id='word_1_407' title='bbox 2366 2209 2534 2260; x_wconf 71' lang='lat' dir='ltr'><strong>zonae,</strong></span> <span class='ocrx_word' id='word_1_408' title='bbox 2573 2194 2688 2248; x_wconf 82' lang='lat' dir='ltr'><strong>sive</strong></span> <span class='ocrx_word' id='word_1_409' title='bbox 2717 2195 2857 2246; x_wconf 87' lang='lat' dir='ltr'><strong>aeris</strong></span> <span class='ocrx_word' id='word_1_410' title='bbox 2887 2194 2972 2246; x_wconf 88' lang='lat' dir='ltr'><strong>illa</strong></span> <span class='ocrx_word' id='word_1_411' title='bbox 3013 2195 3151 2256; x_wconf 89' lang='lat' dir='ltr'><strong>loca,</strong></span> <span class='ocrx_word' id='word_1_412' title='bbox 3193 2208 3289 2262; x_wconf 88' lang='lat' dir='ltr'><strong>per</strong></span> <span class='ocrx_word' id='word_1_413' title='bbox 3333 2207 3454 2260; x_wconf 76' lang='lat' dir='ltr'><strong>qua:</strong></span> <span class='ocrx_word' id='word_1_414' title='bbox 3489 2192 3580 2245; x_wconf 84' lang='lat' dir='ltr'><strong>isti</strong></span> 
     </span>
    </p>
   </div>
   <div class='ocr_carea' id='block_1_56' title="bbox 2009 2277 3577 2355">
    <p class='ocr_par' dir='ltr' id='par_1_56' title="bbox 2009 2277 3577 2355">
     <span class='ocr_line' id='line_1_56' title="bbox 2009 2277 3577 2355; baseline -0.002 -17"><span class='ocrx_word' id='word_1_415' title='bbox 2009 2285 2353 2355; x_wconf 83' lang='lat' dir='ltr'><strong>gradiuntur,</strong></span> <span class='ocrx_word' id='word_1_416' title='bbox 2383 2287 2526 2341; x_wconf 85' lang='lat' dir='ltr'><strong>hanc</strong></span> <span class='ocrx_word' id='word_1_417' title='bbox 2571 2288 2708 2340; x_wconf 85' lang='lat' dir='ltr'><strong>bene</strong></span> <span class='ocrx_word' id='word_1_418' title='bbox 2741 2295 2836 2340; x_wconf 89' lang='lat' dir='ltr'><strong>aut</strong></span> <span class='ocrx_word' id='word_1_419' title='bbox 2865 2277 3003 2339; x_wconf 77' lang='lat' dir='ltr'><strong>male</strong></span> <span class='ocrx_word' id='word_1_420' title='bbox 3029 2287 3221 2354; x_wconf 88' lang='lat' dir='ltr'><strong>agendi</strong></span> <span class='ocrx_word' id='word_1_421' title='bbox 3257 2292 3577 2353; x_wconf 82' lang='lat' dir='ltr'><strong>potestatem</strong></span> 
     </span>
    </p>
   </div>
   <div class='ocr_carea' id='block_1_57' title="bbox 2010 2374 3578 2446">
    <p class='ocr_par' dir='ltr' id='par_1_57' title="bbox 2010 2374 3578 2446">
     <span class='ocr_line' id='line_1_57' title="bbox 2010 2374 3578 2446; baseline -0.001 -18"><span class='ocrx_word' id='word_1_422' title='bbox 2010 2375 2305 2430; x_wconf 86' lang='lat' dir='ltr'><strong>habebunt.</strong></span> <span class='ocrx_word' id='word_1_423' title='bbox 2357 2374 2542 2446; x_wconf 84' lang='lat' dir='ltr'><strong>Neque</strong></span> <span class='ocrx_word' id='word_1_424' title='bbox 2584 2379 2729 2432; x_wconf 88' lang='lat' dir='ltr'><strong>enim</strong></span> <span class='ocrx_word' id='word_1_425' title='bbox 2770 2379 2885 2432; x_wconf 67' lang='lat' dir='ltr'><strong>haec</strong></span> <span class='ocrx_word' id='word_1_426' title='bbox 2978 2377 3312 2445; x_wconf 82' lang='lat' dir='ltr'><strong>planetarum</strong></span> <span class='ocrx_word' id='word_1_427' title='bbox 3358 2375 3578 2438; x_wconf 71' lang='lat' dir='ltr'><strong>caelum,</strong></span> 
     </span>
    </p>
   </div>
   <div class='ocr_carea' id='block_1_58' title="bbox 2010 2465 3579 2536">
    <p class='ocr_par' dir='ltr' id='par_1_58' title="bbox 2010 2465 3579 2536">
     <span class='ocr_line' id='line_1_58' title="bbox 2010 2465 3579 2536; baseline -0.002 -17"><span class='ocrx_word' id='word_1_428' title='bbox 2010 2480 2133 2520; x_wconf 90' lang='lat' dir='ltr'><strong>cum</strong></span> <span class='ocrx_word' id='word_1_429' title='bbox 2182 2468 2354 2522; x_wconf 86' lang='lat' dir='ltr'><strong>multo</strong></span> <span class='ocrx_word' id='word_1_430' title='bbox 2399 2467 2509 2521; x_wconf 87' lang='lat' dir='ltr'><strong>sint</strong></span> <span class='ocrx_word' id='word_1_431' title='bbox 2548 2466 2632 2536; x_wconf 88' lang='lat' dir='ltr'><strong>(ut</strong></span> <span class='ocrx_word' id='word_1_432' title='bbox 2684 2467 2860 2530; x_wconf 85' lang='lat' dir='ltr'><strong>aiunt)</strong></span> <span class='ocrx_word' id='word_1_433' title='bbox 2904 2465 3186 2530; x_wconf 86' lang='lat' dir='ltr'><strong>inferiora,</strong></span> <span class='ocrx_word' id='word_1_434' title='bbox 3239 2465 3579 2533; x_wconf 83' lang='lat' dir='ltr'><strong>contingunt.</strong></span> 
     </span>
    </p>
   </div>
   <div class='ocr_carea' id='block_1_59' title="bbox 2011 2557 3582 2628">
    <p class='ocr_par' dir='ltr' id='par_1_59' title="bbox 2011 2557 3582 2628">
     <span class='ocr_line' id='line_1_59' title="bbox 2011 2557 3582 2628; baseline -0.001 -17"><span class='ocrx_word' id='word_1_435' title='bbox 2011 2557 2280 2624; x_wconf 84' lang='lat' dir='ltr'><strong>Quorsum</strong></span> <span class='ocrx_word' id='word_1_436' title='bbox 2320 2561 2534 2613; x_wconf 88' lang='lat' dir='ltr'><strong>tandem</strong></span> <span class='ocrx_word' id='word_1_437' title='bbox 2563 2559 2689 2614; x_wconf 89' lang='lat' dir='ltr'><strong>luna</strong></span> <span class='ocrx_word' id='word_1_438' title='bbox 2726 2560 2893 2613; x_wconf 91' lang='lat' dir='ltr'><strong>minui</strong></span> <span class='ocrx_word' id='word_1_439' title='bbox 2922 2569 3086 2628; x_wconf 90' lang='lat' dir='ltr'><strong>atque</strong></span> <span class='ocrx_word' id='word_1_440' title='bbox 3136 2557 3320 2628; x_wconf 83' lang='lat' dir='ltr'><strong>augeri</strong></span> <span class='ocrx_word' id='word_1_441' title='bbox 3362 2563 3582 2628; x_wconf 83' lang='lat' dir='ltr'><strong>potest:</strong></span> 
     </span>
    </p>
   </div>
   <div class='ocr_carea' id='block_1_60' title="bbox 2009 2649 3587 2719">
    <p class='ocr_par' dir='ltr' id='par_1_60' title="bbox 2009 2649 3587 2719">
     <span class='ocr_line' id='line_1_60' title="bbox 2009 2649 3587 2719; baseline -0.003 -15"><span class='ocrx_word' id='word_1_442' title='bbox 2009 2659 2066 2704; x_wconf 88' lang='lat' dir='ltr'><strong>et</strong></span> <span class='ocrx_word' id='word_1_443' title='bbox 2095 2665 2220 2704; x_wconf 90' lang='lat' dir='ltr'><strong>cum</strong></span> <span class='ocrx_word' id='word_1_444' title='bbox 2271 2661 2591 2705; x_wconf 65' lang='lat' dir='ltr'><strong>caterorunt</strong></span> <span class='ocrx_word' id='word_1_445' title='bbox 2644 2649 2986 2719; x_wconf 84' lang='lat' dir='ltr'><strong>planetarum</strong></span> <span class='ocrx_word' id='word_1_446' title='bbox 3035 2662 3379 2718; x_wconf 82' lang='lat' dir='ltr'><strong>progressus,</strong></span> <span class='ocrx_word' id='word_1_447' title='bbox 3411 2655 3587 2703; x_wconf 88' lang='lat' dir='ltr'><strong>status</strong></span> 
     </span>
    </p>
   </div>
   <div class='ocr_carea' id='block_1_61' title="bbox 2015 2743 3588 2814">
    <p class='ocr_par' dir='ltr' id='par_1_61' title="bbox 2015 2743 3588 2814">
     <span class='ocr_line' id='line_1_61' title="bbox 2015 2743 3588 2814; baseline -0.001 -17"><span class='ocrx_word' id='word_1_448' title='bbox 2015 2743 2178 2807; x_wconf 75' lang='lat' dir='ltr'><strong>ﬁxos,</strong></span> <span class='ocrx_word' id='word_1_449' title='bbox 2207 2757 2273 2797; x_wconf 89' lang='lat' dir='ltr'><strong>ac</strong></span> <span class='ocrx_word' id='word_1_450' title='bbox 2306 2743 2766 2814; x_wconf 86' lang='lat' dir='ltr'><strong>retrogressiones</strong></span> <span class='ocrx_word' id='word_1_451' title='bbox 2798 2743 3094 2808; x_wconf 85' lang='lat' dir='ltr'><strong>adducant,</strong></span> <span class='ocrx_word' id='word_1_452' title='bbox 3124 2743 3291 2798; x_wconf 81' lang='lat' dir='ltr'><strong>solem</strong></span> <span class='ocrx_word' id='word_1_453' title='bbox 3320 2752 3501 2798; x_wconf 80' lang='lat' dir='ltr'><strong>tamen</strong></span> <span class='ocrx_word' id='word_1_454' title='bbox 3533 2751 3588 2796; x_wconf 86' lang='lat' dir='ltr'><strong>et</strong></span> 
     </span>
    </p>
   </div>
   <div class='ocr_carea' id='block_1_62' title="bbox 2011 2829 3591 2900">
    <p class='ocr_par' dir='ltr' id='par_1_62' title="bbox 2011 2829 3591 2900">
     <span class='ocr_line' id='line_1_62' title="bbox 2011 2829 3591 2900; baseline -0.001 -14"><span class='ocrx_word' id='word_1_455' title='bbox 2011 2831 2193 2886; x_wconf 87' lang='lat' dir='ltr'><strong>lunam</strong></span> <span class='ocrx_word' id='word_1_456' title='bbox 2217 2833 2284 2886; x_wconf 90' lang='lat' dir='ltr'><strong>ab</strong></span> <span class='ocrx_word' id='word_1_457' title='bbox 2327 2833 2429 2887; x_wconf 87' lang='lat' dir='ltr'><strong>hoc</strong></span> <span class='ocrx_word' id='word_1_458' title='bbox 2461 2832 2778 2900; x_wconf 83' lang='lat' dir='ltr'><strong>retrogrado</strong></span> <span class='ocrx_word' id='word_1_459' title='bbox 2799 2845 2989 2887; x_wconf 86' lang='lat' dir='ltr'><strong>errore</strong></span> <span class='ocrx_word' id='word_1_460' title='bbox 3023 2831 3226 2887; x_wconf 88' lang='lat' dir='ltr'><strong>liberos</strong></span> <span class='ocrx_word' id='word_1_461' title='bbox 3259 2832 3450 2888; x_wconf 84' lang='lat' dir='ltr'><strong>sinunt</strong></span> <span class='ocrx_word' id='word_1_462' title='bbox 3475 2831 3498 2885; x_wconf 69' lang='grc' dir='ltr'><strong>ἰ</strong></span> <span class='ocrx_word' id='word_1_463' title='bbox 3522 2829 3591 2885; x_wconf 78' lang='lat' dir='ltr'><strong>Et</strong></span> 
     </span>
    </p>
   </div>
   <div class='ocr_carea' id='block_1_63' title="bbox 2011 2920 3591 2995">
    <p class='ocr_par' dir='ltr' id='par_1_63' title="bbox 2011 2920 3591 2995">
     <span class='ocr_line' id='line_1_63' title="bbox 2011 2920 3591 2995; baseline -0.002 -17"><span class='ocrx_word' id='word_1_464' title='bbox 2011 2923 2058 2978; x_wconf 82' lang='lat' dir='ltr'><strong>si</strong></span> <span class='ocrx_word' id='word_1_465' title='bbox 2101 2938 2300 2993; x_wconf 81' lang='lat' dir='ltr'><strong>parvus</strong></span> <span class='ocrx_word' id='word_1_466' title='bbox 2335 2924 2427 2995; x_wconf 91' lang='lat' dir='ltr'><strong>qui</strong></span> <span class='ocrx_word' id='word_1_467' title='bbox 2467 2925 2681 2980; x_wconf 84' lang='lat' dir='ltr'><strong>videtur</strong></span> <span class='ocrx_word' id='word_1_468' title='bbox 2735 2923 3024 2988; x_wconf 83' lang='lat' dir='ltr'><strong>Saturnus,</strong></span> <span class='ocrx_word' id='word_1_469' title='bbox 3080 2923 3204 2978; x_wconf 86' lang='lat' dir='ltr'><strong>aliis</strong></span> <span class='ocrx_word' id='word_1_470' title='bbox 3253 2932 3435 2978; x_wconf 86' lang='lat' dir='ltr'><strong>tamen</strong></span> <span class='ocrx_word' id='word_1_471' title='bbox 3505 2920 3591 2993; x_wconf 88' lang='lat' dir='ltr'><strong>(ut</strong></span> 
     </span>
    </p>
   </div>
   <div class='ocr_carea' id='block_1_64' title="bbox 2011 3015 3589 3086">
    <p class='ocr_par' dir='ltr' id='par_1_64' title="bbox 2011 3015 3589 3086">
     <span class='ocr_line' id='line_1_64' title="bbox 2011 3015 3589 3086; baseline -0.001 -17"><span class='ocrx_word' id='word_1_472' title='bbox 2011 3015 2188 3084; x_wconf 88' lang='lat' dir='ltr'><strong>aiunt)</strong></span> <span class='ocrx_word' id='word_1_473' title='bbox 2233 3015 2405 3083; x_wconf 84' lang='lat' dir='ltr'><strong>major</strong></span> <span class='ocrx_word' id='word_1_474' title='bbox 2443 3024 2530 3069; x_wconf 89' lang='lat' dir='ltr'><strong>est</strong></span> <span class='ocrx_word' id='word_1_475' title='bbox 2577 3015 2830 3084; x_wconf 83' lang='lat' dir='ltr'><strong>planetis,</strong></span> <span class='ocrx_word' id='word_1_476' title='bbox 2878 3030 2944 3071; x_wconf 90' lang='lat' dir='ltr'><strong>eo</strong></span> <span class='ocrx_word' id='word_1_477' title='bbox 3003 3017 3146 3086; x_wconf 88' lang='lat' dir='ltr'><strong>quod</strong></span> <span class='ocrx_word' id='word_1_478' title='bbox 3194 3029 3291 3082; x_wconf 86' lang='lat' dir='ltr'><strong>per</strong></span> <span class='ocrx_word' id='word_1_479' title='bbox 3341 3015 3589 3070; x_wconf 85' lang='lat' dir='ltr'><strong>altiorem</strong></span> 
     </span>
    </p>
   </div>
   <div class='ocr_carea' id='block_1_65' title="bbox 2015 3097 3592 3176">
    <p class='ocr_par' dir='ltr' id='par_1_65' title="bbox 2015 3097 3592 3176">
     <span class='ocr_line' id='line_1_65' title="bbox 2015 3097 3592 3176; baseline -0.003 -16"><span class='ocrx_word' id='word_1_480' title='bbox 2015 3106 2200 3160; x_wconf 91' lang='lat' dir='ltr'><strong>orbem</strong></span> <span class='ocrx_word' id='word_1_481' title='bbox 2227 3104 2579 3171; x_wconf 89' lang='lat' dir='ltr'><strong>obambulet;</strong></span> <span class='ocrx_word' id='word_1_482' title='bbox 2625 3119 2723 3160; x_wconf 89' lang='lat' dir='ltr'><strong>cur</strong></span> <span class='ocrx_word' id='word_1_483' title='bbox 2755 3105 2929 3176; x_wconf 86' lang='lat' dir='ltr'><strong>major</strong></span> <span class='ocrx_word' id='word_1_484' title='bbox 2981 3105 3108 3160; x_wconf 87' lang='lat' dir='ltr'><strong>luna</strong></span> <span class='ocrx_word' id='word_1_485' title='bbox 3164 3119 3326 3174; x_wconf 91' lang='lat' dir='ltr'><strong>quam</strong></span> <span class='ocrx_word' id='word_1_486' title='bbox 3369 3101 3472 3169; x_wconf 88' lang='lat' dir='ltr'><strong>sol,</strong></span> <span class='ocrx_word' id='word_1_487' title='bbox 3497 3097 3592 3170; x_wconf 86' lang='lat' dir='ltr'><strong>qui</strong></span> 
     </span>
    </p>
   </div>
   <div class='ocr_carea' id='block_1_66' title="bbox 2022 3194 3594 3265">
    <p class='ocr_par' dir='ltr' id='par_1_66' title="bbox 2022 3194 3594 3265">
     <span class='ocr_line' id='line_1_66' title="bbox 2022 3194 3594 3265; baseline -0.002 -16"><span class='ocrx_word' id='word_1_488' title='bbox 2022 3205 2218 3265; x_wconf 88' lang='lat' dir='ltr'><strong>quarto</strong></span> <span class='ocrx_word' id='word_1_489' title='bbox 2241 3210 2403 3264; x_wconf 84' lang='lat' dir='ltr'><strong>supra</strong></span> <span class='ocrx_word' id='word_1_490' title='bbox 2456 3195 2600 3249; x_wconf 86' lang='lat' dir='ltr'><strong>illam</strong></span> <span class='ocrx_word' id='word_1_491' title='bbox 2631 3196 2764 3250; x_wconf 89' lang='lat' dir='ltr'><strong>orbe</strong></span> <span class='ocrx_word' id='word_1_492' title='bbox 2794 3195 3040 3250; x_wconf 88' lang='lat' dir='ltr'><strong>decurrit</strong></span> <span class='ocrx_word' id='word_1_493' title='bbox 3066 3195 3089 3247; x_wconf 68' lang='grc' dir='ltr'><strong>’ἰ</strong></span> <span class='ocrx_word' id='word_1_494' title='bbox 3114 3194 3404 3263; x_wconf 85' lang='lat' dir='ltr'><strong>oportebat</strong></span> <span class='ocrx_word' id='word_1_495' title='bbox 3445 3194 3594 3248; x_wconf 88' lang='lat' dir='ltr'><strong>enim</strong></span> 
     </span>
    </p>
   </div>
   <div class='ocr_carea' id='block_1_67' title="bbox 2027 3285 3596 3356">
    <p class='ocr_par' dir='ltr' id='par_1_67' title="bbox 2027 3285 3596 3356">
     <span class='ocr_line' id='line_1_67' title="bbox 2027 3285 3596 3356; baseline 0 -16"><span class='ocrx_word' id='word_1_496' title='bbox 2027 3287 2204 3356; x_wconf 86' lang='lat' dir='ltr'><strong>ipsum</strong></span> <span class='ocrx_word' id='word_1_497' title='bbox 2233 3288 2401 3342; x_wconf 88' lang='lat' dir='ltr'><strong>multo</strong></span> <span class='ocrx_word' id='word_1_498' title='bbox 2426 3287 2516 3340; x_wconf 90' lang='lat' dir='ltr'><strong>illa</strong></span> <span class='ocrx_word' id='word_1_499' title='bbox 2563 3287 2825 3342; x_wconf 88' lang='lat' dir='ltr'><strong>minorem</strong></span> <span class='ocrx_word' id='word_1_500' title='bbox 2851 3302 3134 3356; x_wconf 87' lang='lat' dir='ltr'><strong>apparere.</strong></span> <span class='ocrx_word' id='word_1_501' title='bbox 3185 3285 3365 3353; x_wconf 86' lang='lat' dir='ltr'><strong>Quare</strong></span> <span class='ocrx_word' id='word_1_502' title='bbox 3411 3286 3596 3343; x_wconf 77' lang='lat' dir='ltr'><strong>omnia</strong></span> 
     </span>
    </p>
   </div>
   <div class='ocr_carea' id='block_1_68' title="bbox 339 3381 3598 3454">
    <p class='ocr_par' dir='ltr' id='par_1_68' title="bbox 339 3381 3598 3454">
     <span class='ocr_line' id='line_1_68' title="bbox 339 3381 3598 3454; baseline -0.001 -18"><span class='ocrx_word' id='word_1_503' title='bbox 339 3381 470 3437; x_wconf 84' lang='lat' dir='ltr'><strong>falsa</strong></span> <span class='ocrx_word' id='word_1_504' title='bbox 509 3394 637 3438; x_wconf 87' lang='lat' dir='ltr'><strong>sunt</strong></span> <span class='ocrx_word' id='word_1_505' title='bbox 666 3397 828 3453; x_wconf 87' lang='lat' dir='ltr'><strong>atque</strong></span> <span class='ocrx_word' id='word_1_506' title='bbox 853 3385 1108 3449; x_wconf 86' lang='lat' dir='ltr'><strong>conlicta,</strong></span> <span class='ocrx_word' id='word_1_507' title='bbox 1137 3399 1258 3454; x_wconf 68' lang='lat' dir='ltr'><strong>quae</strong></span> <span class='ocrx_word' id='word_1_508' title='bbox 1277 3386 1680 3454; x_wconf 80' lang='lat' dir='ltr'><strong>astrologorum</strong></span> <span class='ocrx_word' id='word_1_509' title='bbox 1694 3383 1913 3452; x_wconf 78' lang='lat' dir='ltr'><strong>scriptis</strong></span> <span class='ocrx_word' id='word_1_510' title='bbox 1943 3391 2282 3437; x_wconf 86' lang='lat' dir='ltr'><strong>astruuntur.</strong></span> <span class='ocrx_word' id='word_1_511' title='bbox 2321 3381 2414 3437; x_wconf 90' lang='lat' dir='ltr'><strong>Sic</strong></span> <span class='ocrx_word' id='word_1_512' title='bbox 2452 3383 2666 3451; x_wconf 87' lang='lat' dir='ltr'><strong>quidem</strong></span> <span class='ocrx_word' id='word_1_513' title='bbox 2699 3383 2930 3451; x_wconf 89' lang='lat' dir='ltr'><strong>primum</strong></span> <span class='ocrx_word' id='word_1_514' title='bbox 2969 3393 3022 3435; x_wconf 91' lang='lat' dir='ltr'><strong>et</strong></span> <span class='ocrx_word' id='word_1_515' title='bbox 3053 3383 3383 3436; x_wconf 85' lang='lat' dir='ltr'><strong>tricesimum</strong></span> <span class='ocrx_word' id='word_1_516' title='bbox 3433 3391 3598 3454; x_wconf 87' lang='lat' dir='ltr'><strong>caput</strong></span> 
     </span>
    </p>
   </div>
   <div class='ocr_carea' id='block_1_69' title="bbox 337 3475 655 3531">
    <p class='ocr_par' dir='ltr' id='par_1_69' title="bbox 337 3475 655 3531">
     <span class='ocr_line' id='line_1_69' title="bbox 337 3475 655 3531; baseline 0.006 -2"><span class='ocrx_word' id='word_1_517' title='bbox 337 3475 655 3531; x_wconf 84' lang='lat' dir='ltr'><strong>absolvitur.</strong></span> 
     </span>
    </p>
   </div>
   <div class='ocr_carea' id='block_1_70' title="bbox 410 3571 1911 3645">
    <p class='ocr_par' dir='ltr' id='par_1_70' title="bbox 410 3571 1911 3645">
     <span class='ocr_line' id='line_1_70' title="bbox 410 3571 1911 3645; baseline 0.001 -21"><span class='ocrx_word' id='word_1_518' title='bbox 410 3572 485 3626; x_wconf 82' lang='grc' dir='ltr'><strong>Τδ</strong></span> <span class='ocrx_word' id='word_1_519' title='bbox 499 3571 556 3625; x_wconf 66' lang='grc' dir='ltr'><strong>δὲ</strong></span> <span class='ocrx_word' id='word_1_520' title='bbox 579 3571 658 3642; x_wconf 79' lang='grc' dir='ltr'><strong>λβ¹</strong></span> <span class='ocrx_word' id='word_1_521' title='bbox 673 3573 718 3605; x_wconf 84' lang='grc'>⁸⁷</span> <span class='ocrx_word' id='word_1_522' title='bbox 735 3572 889 3625; x_wconf 80' lang='grc' dir='ltr'><strong>οὐδὲν</strong></span> <span class='ocrx_word' id='word_1_523' title='bbox 918 3572 1028 3627; x_wconf 83' lang='grc' dir='ltr'><strong>τῶν</strong></span> <span class='ocrx_word' id='word_1_524' title='bbox 1047 3572 1268 3644; x_wconf 78' lang='grc' dir='ltr'><strong>ἀληθῶν</strong></span> <span class='ocrx_word' id='word_1_525' title='bbox 1294 3574 1427 3645; x_wconf 75' lang='grc' dir='ltr'><strong>πρὸς</strong></span> <span class='ocrx_word' id='word_1_526' title='bbox 1443 3572 1775 3644; x_wconf 80' lang='grc' dir='ltr'><strong>ἀνατροπὴν,</strong></span> <span class='ocrx_word' id='word_1_527' title='bbox 1801 3572 1911 3625; x_wconf 83' lang='grc' dir='ltr'><strong>οὐδ’</strong></span> 
     </span>
    </p>
   </div>
   <div class='ocr_carea' id='block_1_71' title="bbox 335 3666 1910 3738">
    <p class='ocr_par' dir='ltr' id='par_1_71' title="bbox 335 3666 1910 3738">
     <span class='ocr_line' id='line_1_71' title="bbox 335 3666 1910 3738; baseline 0 -18"><span class='ocrx_word' id='word_1_528' title='bbox 335 3666 463 3720; x_wconf 82' lang='grc' dir='ltr'><strong>ὅσον</strong></span> <span class='ocrx_word' id='word_1_529' title='bbox 493 3668 574 3731; x_wconf 85' lang='grc' dir='ltr'><strong>εἰς</strong></span> <span class='ocrx_word' id='word_1_530' title='bbox 607 3667 668 3720; x_wconf 83' lang='grc' dir='ltr'><strong>τὸ</strong></span> <span class='ocrx_word' id='word_1_531' title='bbox 702 3668 1046 3736; x_wconf 80' lang='grc' dir='ltr'><strong>φαινόμενον,</strong></span> <span class='ocrx_word' id='word_1_532' title='bbox 1095 3668 1404 3738; x_wconf 81' lang='grc' dir='ltr'><strong>ἀναγράφει</strong></span> <span class='ocrx_word' id='word_1_533' title='bbox 1424 3685 1437 3700; x_wconf 86' lang='grc'><strong>·</strong></span> <span class='ocrx_word' id='word_1_534' title='bbox 1473 3668 1588 3722; x_wconf 85' lang='grc' dir='ltr'><strong>ἀλλ’</strong></span> <span class='ocrx_word' id='word_1_535' title='bbox 1622 3666 1748 3720; x_wconf 84' lang='grc' dir='ltr'><strong>ὅσον</strong></span> <span class='ocrx_word' id='word_1_536' title='bbox 1776 3667 1910 3738; x_wconf 79' lang='grc' dir='ltr'><strong>ὁρᾶ-</strong></span> 
     </span>
    </p>
   </div>
   <div class='ocr_carea' id='block_1_72' title="bbox 337 3758 1917 3830">
    <p class='ocr_par' dir='ltr' id='par_1_72' title="bbox 337 3758 1917 3830">
     <span class='ocr_line' id='line_1_72' title="bbox 337 3758 1917 3830; baseline -0.001 -18"><span class='ocrx_word' id='word_1_537' title='bbox 337 3775 430 3812; x_wconf 82' lang='grc' dir='ltr'><strong>ται</strong></span> <span class='ocrx_word' id='word_1_538' title='bbox 476 3758 755 3813; x_wconf 82' lang='grc' dir='ltr'><strong>κάνταῦθα</strong></span> <span class='ocrx_word' id='word_1_539' title='bbox 789 3762 916 3824; x_wconf 81' lang='grc' dir='ltr'><strong>τοὺς</strong></span> <span class='ocrx_word' id='word_1_540' title='bbox 965 3760 1264 3830; x_wconf 77' lang='grc' dir='ltr'><strong>λογισμοὺς</strong></span> <span class='ocrx_word' id='word_1_541' title='bbox 1302 3759 1543 3814; x_wconf 76' lang='grc' dir='ltr'><strong>εὐσεϐῶν</strong></span> <span class='ocrx_word' id='word_1_542' title='bbox 1575 3761 1606 3812; x_wconf 83' lang='grc' dir='ltr'>ὁ</span> <span class='ocrx_word' id='word_1_543' title='bbox 1645 3758 1806 3829; x_wconf 82' lang='grc' dir='ltr'><strong>ἀνὴρ,</strong></span> <span class='ocrx_word' id='word_1_544' title='bbox 1829 3774 1917 3810; x_wconf 87' lang='grc' dir='ltr'><strong>το-</strong></span> 
     </span>
    </p>
   </div>
   <div class='ocr_carea' id='block_1_73' title="bbox 342 3850 1916 3922">
    <p class='ocr_par' dir='ltr' id='par_1_73' title="bbox 342 3850 1916 3922">
     <span class='ocr_line' id='line_1_73' title="bbox 342 3850 1916 3922; baseline -0.001 -19"><span class='ocrx_word' id='word_1_545' title='bbox 342 3850 535 3904; x_wconf 89' lang='grc' dir='ltr'><strong>σοῦτον</strong></span> <span class='ocrx_word' id='word_1_546' title='bbox 571 3851 685 3922; x_wconf 70' lang='grc' dir='ltr'><strong>ἔχει</strong></span> <span class='ocrx_word' id='word_1_547' title='bbox 723 3852 785 3904; x_wconf 83' lang='grc' dir='ltr'><strong>τὸ</strong></span> <span class='ocrx_word' id='word_1_548' title='bbox 813 3852 1022 3917; x_wconf 75' lang='grc' dir='ltr'><strong>ἄτονον,</strong></span> <span class='ocrx_word' id='word_1_549' title='bbox 1057 3853 1160 3904; x_wconf 81' lang='grc' dir='ltr'><strong>ὅσα</strong></span> <span class='ocrx_word' id='word_1_550' title='bbox 1201 3867 1266 3920; x_wconf 85' lang='grc' dir='ltr'><strong>γε</strong></span> <span class='ocrx_word' id='word_1_551' title='bbox 1305 3851 1441 3922; x_wconf 79' lang='grc' dir='ltr'><strong>πρὸς</strong></span> <span class='ocrx_word' id='word_1_552' title='bbox 1470 3851 1580 3920; x_wconf 69' lang='grc' dir='ltr'><strong>τὴν</strong></span> <span class='ocrx_word' id='word_1_553' title='bbox 1607 3850 1916 3919; x_wconf 78' lang='grc' dir='ltr'><strong>ἀνασκευὴν</strong></span> 
     </span>
    </p>
   </div>
   <div class='ocr_carea' id='block_1_74' title="bbox 338 3941 1917 4016">
    <p class='ocr_par' dir='ltr' id='par_1_74' title="bbox 338 3941 1917 4016">
     <span class='ocr_line' id='line_1_74' title="bbox 338 3941 1917 4016; baseline -0.001 -18"><span class='ocrx_word' id='word_1_554' title='bbox 338 3945 442 4014; x_wconf 79' lang='grc' dir='ltr'><strong>τῆς</strong></span> <span class='ocrx_word' id='word_1_555' title='bbox 476 3943 704 4016; x_wconf 86' lang='grc' dir='ltr'><strong>πλάνης.</strong></span> <span class='ocrx_word' id='word_1_556' title='bbox 757 3945 868 3999; x_wconf 82' lang='grc' dir='ltr'><strong>Καὶ</strong></span> <span class='ocrx_word' id='word_1_557' title='bbox 907 3943 969 3998; x_wconf 79' lang='grc' dir='ltr'><strong>τὸ</strong></span> <span class='ocrx_word' id='word_1_558' title='bbox 1018 3944 1203 4013; x_wconf 76' lang='grc' dir='ltr'><strong>τρίτον</strong></span> <span class='ocrx_word' id='word_1_559' title='bbox 1227 3944 1286 3997; x_wconf 84' lang='grc' dir='ltr'><strong>δὲ</strong></span> <span class='ocrx_word' id='word_1_560' title='bbox 1329 3945 1424 3997; x_wconf 68' lang='grc' dir='ltr'><strong>καὶ</strong></span> <span class='ocrx_word' id='word_1_561' title='bbox 1460 3941 1784 4012; x_wconf 74' lang='grc' dir='ltr'><strong>τριακοστὸν</strong></span> <span class='ocrx_word' id='word_1_562' title='bbox 1817 3943 1917 4011; x_wconf 80' lang='grc' dir='ltr'><strong>τῆς</strong></span> 
     </span>
    </p>
   </div>
   <div class='ocr_carea' id='block_1_75' title="bbox 339 4033 1921 4107">
    <p class='ocr_par' dir='ltr' id='par_1_75' title="bbox 339 4033 1921 4107">
     <span class='ocr_line' id='line_1_75' title="bbox 339 4033 1921 4107; baseline -0.003 -16"><span class='ocrx_word' id='word_1_563' title='bbox 339 4036 512 4107; x_wconf 79' lang='grc' dir='ltr'><strong>αὐτῆς</strong></span> <span class='ocrx_word' id='word_1_564' title='bbox 555 4039 670 4090; x_wconf 72' lang='grc' dir='ltr'><strong>ἐστι</strong></span> <span class='ocrx_word' id='word_1_565' title='bbox 720 4038 863 4090; x_wconf 76' lang='grc' dir='ltr'><strong>κατὰ</strong></span> <span class='ocrx_word' id='word_1_566' title='bbox 899 4035 999 4106; x_wconf 80' lang='grc' dir='ltr'><strong>τὴν</strong></span> <span class='ocrx_word' id='word_1_567' title='bbox 1022 4034 1251 4107; x_wconf 87' lang='grc' dir='ltr'><strong>δύναμιν</strong></span> <span class='ocrx_word' id='word_1_568' title='bbox 1284 4035 1456 4098; x_wconf 70' lang='grc' dir='ltr'><strong>ἰδέας·</strong></span> <span class='ocrx_word' id='word_1_569' title='bbox 1485 4035 1522 4088; x_wconf 77' lang='grc' dir='ltr'><strong>ἃ.</strong></span> <span class='ocrx_word' id='word_1_570' title='bbox 1545 4033 1654 4105; x_wconf 78' lang='grc' dir='ltr'><strong>γὰρ</strong></span> <span class='ocrx_word' id='word_1_571' title='bbox 1687 4035 1767 4097; x_wconf 88' lang='grc' dir='ltr'><strong>εἰς</strong></span> <span class='ocrx_word' id='word_1_572' title='bbox 1791 4034 1921 4086; x_wconf 83' lang='grc' dir='ltr'><strong>ἁνα-</strong></span> 
     </span>
    </p>
   </div>
   <div class='ocr_carea' id='block_1_76' title="bbox 343 4121 1921 4199">
    <p class='ocr_par' dir='ltr' id='par_1_76' title="bbox 343 4121 1921 4199">
     <span class='ocr_line' id='line_1_76' title="bbox 343 4121 1921 4199; baseline -0.003 -19"><span class='ocrx_word' id='word_1_573' title='bbox 343 4128 555 4198; x_wconf 79' lang='grc' dir='ltr'><strong>τροπὴν</strong></span> <span class='ocrx_word' id='word_1_574' title='bbox 577 4127 939 4199; x_wconf 80' lang='grc' dir='ltr'><strong>προϐάλλεται</strong></span> <span class='ocrx_word' id='word_1_575' title='bbox 969 4127 1064 4182; x_wconf 88' lang='grc' dir='ltr'><strong>τοῦ</strong></span> <span class='ocrx_word' id='word_1_576' title='bbox 1099 4127 1175 4199; x_wconf 80' lang='grc' dir='ltr'><strong>μὴ</strong></span> <span class='ocrx_word' id='word_1_577' title='bbox 1211 4129 1446 4196; x_wconf 84' lang='grc' dir='ltr'><strong>σφαῖραν</strong></span> <span class='ocrx_word' id='word_1_578' title='bbox 1471 4121 1612 4178; x_wconf 77' lang='grc' dir='ltr'><strong>εἶναι</strong></span> <span class='ocrx_word' id='word_1_579' title='bbox 1634 4125 1729 4177; x_wconf 81' lang='grc' dir='ltr'><strong>τὸν</strong></span> <span class='ocrx_word' id='word_1_580' title='bbox 1753 4123 1921 4194; x_wconf 82' lang='grc' dir='ltr'><strong>οὐρα-</strong></span> 
     </span>
    </p>
   </div>
   <div class='ocr_carea' id='block_1_77' title="bbox 342 4217 1922 4291">
    <p class='ocr_par' dir='ltr' id='par_1_77' title="bbox 342 4217 1922 4291">
     <span class='ocr_line' id='line_1_77' title="bbox 342 4217 1922 4291; baseline -0.004 -17"><span class='ocrx_word' id='word_1_581' title='bbox 342 4221 457 4286; x_wconf 76' lang='grc' dir='ltr'><strong>νὸν,</strong></span> <span class='ocrx_word' id='word_1_582' title='bbox 487 4221 643 4274; x_wconf 86' lang='grc' dir='ltr'><strong>κοινὰ</strong></span> <span class='ocrx_word' id='word_1_583' title='bbox 690 4221 757 4274; x_wconf 78' lang='grc' dir='ltr'><strong>ἂν</strong></span> <span class='ocrx_word' id='word_1_584' title='bbox 809 4222 1144 4291; x_wconf 80' lang='grc' dir='ltr'><strong>ἀπορήματα</strong></span> <span class='ocrx_word' id='word_1_585' title='bbox 1192 4219 1280 4289; x_wconf 75' lang='grc' dir='ltr'><strong>εἴη</strong></span> <span class='ocrx_word' id='word_1_586' title='bbox 1337 4218 1431 4272; x_wconf 79' lang='grc' dir='ltr'><strong>καὶ</strong></span> <span class='ocrx_word' id='word_1_587' title='bbox 1475 4217 1615 4286; x_wconf 72' lang='grc' dir='ltr'><strong>πρὸς</strong></span> <span class='ocrx_word' id='word_1_588' title='bbox 1642 4218 1766 4279; x_wconf 83' lang='grc' dir='ltr'><strong>τοὺς</strong></span> <span class='ocrx_word' id='word_1_589' title='bbox 1797 4218 1922 4286; x_wconf 58' lang='grc' dir='ltr'><strong>ημιδ</strong></span> 
     </span>
    </p>
   </div>
   <div class='ocr_carea' id='block_1_78' title="bbox 345 4308 1922 4382">
    <p class='ocr_par' dir='ltr' id='par_1_78' title="bbox 345 4308 1922 4382">
     <span class='ocr_line' id='line_1_78' title="bbox 345 4308 1922 4382; baseline -0.003 -18"><span class='ocrx_word' id='word_1_590' title='bbox 345 4313 604 4381; x_wconf 82' lang='grc' dir='ltr'><strong>σφαίριον</strong></span> <span class='ocrx_word' id='word_1_591' title='bbox 631 4312 794 4366; x_wconf 80' lang='grc' dir='ltr'><strong>αὑτὸν</strong></span> <span class='ocrx_word' id='word_1_592' title='bbox 848 4313 1096 4376; x_wconf 81' lang='grc' dir='ltr'><strong>τιθέντας</strong></span> <span class='ocrx_word' id='word_1_593' title='bbox 1139 4313 1173 4382; x_wconf 84' lang='grc' dir='ltr'>ἢ</span> <span class='ocrx_word' id='word_1_594' title='bbox 1219 4312 1478 4381; x_wconf 82' lang='grc' dir='ltr'><strong>καμάραν</strong></span> <span class='ocrx_word' id='word_1_595' title='bbox 1504 4310 1538 4380; x_wconf 74' lang='grc' dir='ltr'>ἦ</span> <span class='ocrx_word' id='word_1_596' title='bbox 1569 4327 1619 4361; x_wconf 91' lang='grc' dir='ltr'><strong>τι</strong></span> <span class='ocrx_word' id='word_1_597' title='bbox 1655 4309 1784 4362; x_wconf 79' lang='grc' dir='ltr'><strong>ἄλλο</strong></span> <span class='ocrx_word' id='word_1_598' title='bbox 1815 4308 1922 4360; x_wconf 81' lang='grc' dir='ltr'><strong>τῶν</strong></span> 
     </span>
    </p>
   </div>
   <div class='ocr_carea' id='block_1_79' title="bbox 345 4399 1918 4476">
    <p class='ocr_par' dir='ltr' id='par_1_79' title="bbox 345 4399 1918 4476">
     <span class='ocr_line' id='line_1_79' title="bbox 345 4399 1918 4476; baseline -0.003 -18"><span class='ocrx_word' id='word_1_599' title='bbox 345 4406 748 4475; x_wconf 76' lang='grc' dir='ltr'><strong>παραπλησίων</strong></span> <span class='ocrx_word' id='word_1_600' title='bbox 777 4406 1094 4476; x_wconf 83' lang='grc' dir='ltr'><strong>σχημάτων.</strong></span> <span class='ocrx_word' id='word_1_601' title='bbox 1136 4405 1223 4459; x_wconf 86' lang='grc' dir='ltr'><strong>Ἐν</strong></span> <span class='ocrx_word' id='word_1_602' title='bbox 1243 4399 1324 4467; x_wconf 79' lang='grc' dir='ltr'><strong>οἷς</strong></span> <span class='ocrx_word' id='word_1_603' title='bbox 1352 4405 1446 4456; x_wconf 76' lang='grc' dir='ltr'><strong>καὶ</strong></span> <span class='ocrx_word' id='word_1_604' title='bbox 1473 4405 1502 4455; x_wconf 89' lang='grc' dir='ltr'>ὁ</span> <span class='ocrx_word' id='word_1_605' title='bbox 1527 4403 1712 4474; x_wconf 86' lang='grc' dir='ltr'><strong>τρίτος</strong></span> <span class='ocrx_word' id='word_1_606' title='bbox 1739 4401 1918 4469; x_wconf 82' lang='grc' dir='ltr'><strong>λόγος.</strong></span> 
     </span>
    </p>
   </div>
   <div class='ocr_carea' id='block_1_80' title="bbox 431 4667 1926 4740">
    <p class='ocr_par' dir='ltr' id='par_1_80' title="bbox 431 4667 1926 4740">
     <span class='ocr_line' id='line_1_80' title="bbox 431 4667 1926 4740; baseline -0.003 -16"><span class='ocrx_word' id='word_1_607' title='bbox 431 4671 522 4724; x_wconf 79' lang='grc' dir='ltr'><strong>Ἑν</strong></span> <span class='ocrx_word' id='word_1_608' title='bbox 569 4669 625 4723; x_wconf 80' lang='grc' dir='ltr'><strong>δὲ</strong></span> <span class='ocrx_word' id='word_1_609' title='bbox 673 4670 754 4740; x_wconf 85' lang='grc' dir='ltr'><strong>τῷ</strong></span> <span class='ocrx_word' id='word_1_610' title='bbox 781 4670 824 4724; x_wconf 83' lang='grc' dir='ltr'><strong>δ’</strong></span> <span class='ocrx_word' id='word_1_611' title='bbox 860 4669 960 4740; x_wconf 73' lang='grc' dir='ltr'><strong>μὲν</strong></span> <span class='ocrx_word' id='word_1_612' title='bbox 987 4670 1153 4740; x_wconf 89' lang='grc' dir='ltr'><strong>λόγῳ,</strong></span> <span class='ocrx_word' id='word_1_613' title='bbox 1185 4669 1227 4721; x_wconf 85' lang='grc' dir='ltr'><strong>λ’</strong></span> <span class='ocrx_word' id='word_1_614' title='bbox 1256 4670 1314 4722; x_wconf 84' lang='grc' dir='ltr'><strong>δὲ</strong></span> <span class='ocrx_word' id='word_1_615' title='bbox 1361 4668 1401 4721; x_wconf 87' lang='grc' dir='ltr'><strong>δ’</strong></span> <span class='ocrx_word' id='word_1_616' title='bbox 1440 4667 1722 4738; x_wconf 77' lang='grc' dir='ltr'><strong>κεφαλαίῳ</strong></span> <span class='ocrx_word' id='word_1_617' title='bbox 1768 4669 1862 4720; x_wconf 74' lang='grc' dir='ltr'><strong>καὶ</strong></span> <span class='ocrx_word' id='word_1_618' title='bbox 1887 4674 1926 4720; x_wconf 86' lang='grc' dir='ltr'><strong>ε’</strong></span> 
     </span>
    </p>
   </div>
   <div class='ocr_carea' id='block_1_81' title="bbox 345 4758 1929 4831">
    <p class='ocr_par' dir='ltr' id='par_1_81' title="bbox 345 4758 1929 4831">
     <span class='ocr_line' id='line_1_81' title="bbox 345 4758 1929 4831; baseline -0.004 -15"><span class='ocrx_word' id='word_1_619' title='bbox 345 4763 447 4817; x_wconf 84' lang='grc' dir='ltr'><strong>καί</strong></span> <span class='ocrx_word' id='word_1_620' title='bbox 477 4769 552 4829; x_wconf 82' lang='grc' dir='ltr'><strong>ς’,</strong></span> <span class='ocrx_word' id='word_1_621' title='bbox 578 4762 798 4828; x_wconf 79' lang='grc' dir='ltr'><strong>διέξεισι</strong></span> <span class='ocrx_word' id='word_1_622' title='bbox 817 4761 991 4815; x_wconf 79' lang='grc' dir='ltr'><strong>ταῦτα</strong></span> <span class='ocrx_word' id='word_1_623' title='bbox 1012 4779 1026 4793; x_wconf 89' lang='grc'><strong>·</strong></span> <span class='ocrx_word' id='word_1_624' title='bbox 1061 4761 1192 4815; x_wconf 80' lang='grc' dir='ltr'><strong>Ἀπὸ</strong></span> <span class='ocrx_word' id='word_1_625' title='bbox 1220 4761 1319 4831; x_wconf 85' lang='grc' dir='ltr'><strong>τῆς</strong></span> <span class='ocrx_word' id='word_1_626' title='bbox 1347 4761 1610 4830; x_wconf 82' lang='grc' dir='ltr'><strong>διαφορᾶς</strong></span> <span class='ocrx_word' id='word_1_627' title='bbox 1636 4759 1704 4828; x_wconf 79' lang='grc' dir='ltr'><strong>ἢν</strong></span> <span class='ocrx_word' id='word_1_628' title='bbox 1734 4759 1846 4828; x_wconf 77' lang='grc' dir='ltr'><strong>ἔχει</strong></span> <span class='ocrx_word' id='word_1_629' title='bbox 1868 4758 1929 4810; x_wconf 83' lang='grc' dir='ltr'><strong>τὸ</strong></span> 
     </span>
    </p>
   </div>
   <div class='ocr_carea' id='block_1_82' title="bbox 343 4851 1929 4926">
    <p class='ocr_par' dir='ltr' id='par_1_82' title="bbox 343 4851 1929 4926">
     <span class='ocr_line' id='line_1_82' title="bbox 343 4851 1929 4926; baseline -0.003 -18"><span class='ocrx_word' id='word_1_630' title='bbox 343 4854 668 4924; x_wconf 71' lang='grc' dir='ltr'><strong>οἰκούμενον</strong></span> <span class='ocrx_word' id='word_1_631' title='bbox 697 4855 835 4925; x_wconf 75' lang='grc' dir='ltr'><strong>πρὸς</strong></span> <span class='ocrx_word' id='word_1_632' title='bbox 865 4855 929 4908; x_wconf 80' lang='grc' dir='ltr'><strong>τὸ</strong></span> <span class='ocrx_word' id='word_1_633' title='bbox 969 4855 1225 4926; x_wconf 81' lang='grc' dir='ltr'><strong>ἀοίκητον</strong></span> <span class='ocrx_word' id='word_1_634' title='bbox 1259 4856 1352 4906; x_wconf 76' lang='grc' dir='ltr'><strong>καὶ</strong></span> <span class='ocrx_word' id='word_1_635' title='bbox 1371 4853 1441 4924; x_wconf 78' lang='grc' dir='ltr'><strong>ἣν</strong></span> <span class='ocrx_word' id='word_1_636' title='bbox 1463 4851 1598 4922; x_wconf 82' lang='grc' dir='ltr'><strong>πρὸς</strong></span> <span class='ocrx_word' id='word_1_637' title='bbox 1623 4851 1828 4919; x_wconf 76' lang='grc' dir='ltr'><strong>ἄλληλα</strong></span> <span class='ocrx_word' id='word_1_638' title='bbox 1860 4851 1929 4903; x_wconf 83' lang='grc' dir='ltr'><strong>τὰ</strong></span> 
     </span>
    </p>
   </div>
   <div class='ocr_carea' id='block_1_83' title="bbox 345 4942 1928 5018">
    <p class='ocr_par' dir='ltr' id='par_1_83' title="bbox 345 4942 1928 5018">
     <span class='ocr_line' id='line_1_83' title="bbox 345 4942 1928 5018; baseline -0.005 -17"><span class='ocrx_word' id='word_1_639' title='bbox 345 4947 596 5018; x_wconf 78' lang='grc' dir='ltr'><strong>κλίματα</strong></span> <span class='ocrx_word' id='word_1_640' title='bbox 643 4948 851 5017; x_wconf 80' lang='grc' dir='ltr'><strong>ἔχουσι,</strong></span> <span class='ocrx_word' id='word_1_641' title='bbox 897 4947 999 5016; x_wconf 79' lang='grc' dir='ltr'><strong>τὴν</strong></span> <span class='ocrx_word' id='word_1_642' title='bbox 1043 4944 1358 5016; x_wconf 81' lang='grc' dir='ltr'><strong>ἀνατροπὴν</strong></span> <span class='ocrx_word' id='word_1_643' title='bbox 1391 4944 1488 5015; x_wconf 82' lang='grc' dir='ltr'><strong>τῆς</strong></span> <span class='ocrx_word' id='word_1_644' title='bbox 1520 4942 1786 5011; x_wconf 76' lang='grc' dir='ltr'><strong>γενέσεως</strong></span> <span class='ocrx_word' id='word_1_645' title='bbox 1808 4943 1928 5012; x_wconf 75' lang='grc' dir='ltr'><strong>ἦτοι</strong></span> 
     </span>
    </p>
   </div>
   <div class='ocr_carea' id='block_1_84' title="bbox 347 5034 1921 5110">
    <p class='ocr_par' dir='ltr' id='par_1_84' title="bbox 347 5034 1921 5110">
     <span class='ocr_line' id='line_1_84' title="bbox 347 5034 1921 5110; baseline -0.004 -18"><span class='ocrx_word' id='word_1_646' title='bbox 347 5040 449 5110; x_wconf 82' lang='grc' dir='ltr'><strong>τῆς</strong></span> <span class='ocrx_word' id='word_1_647' title='bbox 477 5037 817 5110; x_wconf 69' lang='grc' dir='ltr'><strong>εἱμαρμένης</strong></span> <span class='ocrx_word' id='word_1_648' title='bbox 845 5043 1099 5093; x_wconf 80' lang='grc' dir='ltr'><strong>ποιεῖται.</strong></span> <span class='ocrx_word' id='word_1_649' title='bbox 1134 5040 1269 5109; x_wconf 70' lang='grc' dir='ltr'><strong>Φησί</strong></span> <span class='ocrx_word' id='word_1_650' title='bbox 1300 5039 1430 5109; x_wconf 77' lang='grc' dir='ltr'><strong>γὰρ,</strong></span> <span class='ocrx_word' id='word_1_651' title='bbox 1464 5036 1596 5090; x_wconf 82' lang='grc' dir='ltr'><strong>ποία</strong></span> <span class='ocrx_word' id='word_1_652' title='bbox 1629 5034 1735 5087; x_wconf 84' lang='grc' dir='ltr'><strong>τῶν</strong></span> <span class='ocrx_word' id='word_1_653' title='bbox 1759 5034 1921 5087; x_wconf 66' lang='grc' dir='ltr'><strong>ἀστέι</strong></span> 
     </span>
    </p>
   </div>
   <div class='ocr_carea' id='block_1_85' title="bbox 358 5121 1924 5200">
    <p class='ocr_par' dir='ltr' id='par_1_85' title="bbox 358 5121 1924 5200">
     <span class='ocr_line' id='line_1_85' title="bbox 358 5121 1924 5200; baseline -0.003 -17"><span class='ocrx_word' id='word_1_654' title='bbox 358 5147 468 5199; x_wconf 90' lang='grc' dir='ltr'><strong>ρων</strong></span> <span class='ocrx_word' id='word_1_655' title='bbox 513 5131 806 5200; x_wconf 75' lang='grc' dir='ltr'><strong>ἐργάζεται</strong></span> <span class='ocrx_word' id='word_1_656' title='bbox 853 5132 1068 5199; x_wconf 79' lang='grc' dir='ltr'><strong>κίνησις</strong></span> <span class='ocrx_word' id='word_1_657' title='bbox 1116 5130 1215 5200; x_wconf 84' lang='grc' dir='ltr'><strong>τὴν</strong></span> <span class='ocrx_word' id='word_1_658' title='bbox 1263 5131 1362 5200; x_wconf 83' lang='grc' dir='ltr'><strong>μὲν</strong></span> <span class='ocrx_word' id='word_1_659' title='bbox 1393 5129 1648 5200; x_wconf 77' lang='grc' dir='ltr'><strong>ἀοίκητον</strong></span> <span class='ocrx_word' id='word_1_660' title='bbox 1683 5121 1822 5179; x_wconf 77' lang='grc' dir='ltr'><strong>εἶναι</strong></span> <span class='ocrx_word' id='word_1_661' title='bbox 1854 5125 1924 5178; x_wconf 78' lang='grc' dir='ltr'><strong>δι’</strong></span> 
     </span>
    </p>
   </div>
   <div class='ocr_carea' id='block_1_86' title="bbox 356 5217 1923 5291">
    <p class='ocr_par' dir='ltr' id='par_1_86' title="bbox 356 5217 1923 5291">
     <span class='ocr_line' id='line_1_86' title="bbox 356 5217 1923 5291; baseline -0.002 -20"><span class='ocrx_word' id='word_1_662' title='bbox 356 5220 460 5271; x_wconf 79' lang='grc' dir='ltr'><strong>ὐπε</strong></span> <span class='ocrx_word' id='word_1_663' title='bbox 472 5218 664 5288; x_wconf 74' lang='grc' dir='ltr'><strong>ρϐολὴν</strong></span> <span class='ocrx_word' id='word_1_664' title='bbox 704 5219 930 5289; x_wconf 71' lang='grc' dir='ltr'><strong>ψύχους,</strong></span> <span class='ocrx_word' id='word_1_665' title='bbox 959 5221 1056 5291; x_wconf 83' lang='grc' dir='ltr'><strong>τὴν</strong></span> <span class='ocrx_word' id='word_1_666' title='bbox 1099 5221 1156 5274; x_wconf 73' lang='grc' dir='ltr'><strong>δὲ</strong></span> <span class='ocrx_word' id='word_1_667' title='bbox 1183 5220 1252 5273; x_wconf 80' lang='grc' dir='ltr'><strong>δι’</strong></span> <span class='ocrx_word' id='word_1_668' title='bbox 1284 5219 1591 5290; x_wconf 73' lang='grc' dir='ltr'><strong>ὑπερϐολὴν</strong></span> <span class='ocrx_word' id='word_1_669' title='bbox 1620 5217 1923 5286; x_wconf 76' lang='grc' dir='ltr'><strong>καύματος,</strong></span> 
     </span>
    </p>
   </div>
   <div class='ocr_carea' id='block_1_87' title="bbox 354 5307 1927 5390">
    <p class='ocr_par' dir='ltr' id='par_1_87' title="bbox 354 5307 1927 5390">
     <span class='ocr_line' id='line_1_87' title="bbox 354 5307 1927 5390; baseline -0.002 -27"><span class='ocrx_word' id='word_1_670' title='bbox 354 5312 454 5363; x_wconf 87' lang='grc' dir='ltr'><strong>καὶ</strong></span> <span class='ocrx_word' id='word_1_671' title='bbox 482 5311 582 5381; x_wconf 79' lang='grc' dir='ltr'><strong>τὴν</strong></span> <span class='ocrx_word' id='word_1_672' title='bbox 617 5313 715 5382; x_wconf 85' lang='grc' dir='ltr'><strong>μὲν</strong></span> <span class='ocrx_word' id='word_1_673' title='bbox 753 5311 843 5366; x_wconf 85' lang='grc' dir='ltr'><strong>διὰ</strong></span> <span class='ocrx_word' id='word_1_674' title='bbox 885 5313 1088 5376; x_wconf 73' lang='grc' dir='ltr'><strong>παντὸς</strong></span> <span class='ocrx_word' id='word_1_675' title='bbox 1134 5313 1288 5390; x_wconf 86' lang='grc' dir='ltr'><strong>μόλις</strong></span> <span class='ocrx_word' id='word_1_676' title='bbox 1317 5310 1588 5364; x_wconf 84' lang='grc' dir='ltr'><strong>οἰκεῖσθαι</strong></span> <span class='ocrx_word' id='word_1_677' title='bbox 1615 5307 1927 5378; x_wconf 81' lang='grc' dir='ltr'><strong>τηκομένην</strong></span> 
     </span>
    </p>
   </div>
   <div class='ocr_carea' id='block_1_88' title="bbox 353 5397 1928 5472">
    <p class='ocr_par' dir='ltr' id='par_1_88' title="bbox 353 5397 1928 5472">
     <span class='ocr_line' id='line_1_88' title="bbox 353 5397 1928 5472; baseline -0.001 -21"><span class='ocrx_word' id='word_1_678' title='bbox 353 5397 434 5469; x_wconf 86' lang='grc' dir='ltr'><strong>τῷ</strong></span> <span class='ocrx_word' id='word_1_679' title='bbox 468 5403 728 5470; x_wconf 80' lang='grc' dir='ltr'><strong>καύματι,</strong></span> <span class='ocrx_word' id='word_1_680' title='bbox 757 5403 856 5472; x_wconf 84' lang='grc' dir='ltr'><strong>τὴν</strong></span> <span class='ocrx_word' id='word_1_681' title='bbox 893 5404 949 5455; x_wconf 81' lang='grc' dir='ltr'><strong>δὲ</strong></span> <span class='ocrx_word' id='word_1_682' title='bbox 982 5401 1258 5472; x_wconf 81' lang='grc' dir='ltr'><strong>δυσχερῶς</strong></span> <span class='ocrx_word' id='word_1_683' title='bbox 1287 5400 1488 5471; x_wconf 86' lang='grc' dir='ltr'><strong>ὁμοίως</strong></span> <span class='ocrx_word' id='word_1_684' title='bbox 1516 5397 1841 5468; x_wconf 79' lang='grc' dir='ltr'><strong>οἰκουμένην</strong></span> <span class='ocrx_word' id='word_1_685' title='bbox 1860 5397 1928 5461; x_wconf 82' lang='grc'><strong>⁸⁸,</strong></span> 
     </span>
    </p>
   </div>
   <div class='ocr_carea' id='block_1_89' title="bbox 355 5486 1933 5561">
    <p class='ocr_par' dir='ltr' id='par_1_89' title="bbox 355 5486 1933 5561">
     <span class='ocr_line' id='line_1_89' title="bbox 355 5486 1933 5561; baseline -0.005 -18"><span class='ocrx_word' id='word_1_686' title='bbox 355 5488 454 5543; x_wconf 79' lang='grc' dir='ltr'><strong>ἆτε</strong></span> <span class='ocrx_word' id='word_1_687' title='bbox 481 5489 544 5561; x_wconf 81' lang='grc' dir='ltr'><strong>δὴ</strong></span> <span class='ocrx_word' id='word_1_688' title='bbox 577 5491 813 5560; x_wconf 78' lang='grc' dir='ltr'><strong>συνεχῶς</strong></span> <span class='ocrx_word' id='word_1_689' title='bbox 841 5491 1168 5561; x_wconf 79' lang='grc' dir='ltr'><strong>νειφομένην</strong></span> <span class='ocrx_word' id='word_1_690' title='bbox 1185 5491 1228 5524; x_wconf 73' lang='grc'><strong>⁸⁸</strong></span> <span class='ocrx_word' id='word_1_691' title='bbox 1264 5491 1357 5543; x_wconf 74' lang='grc' dir='ltr'><strong>καὶ</strong></span> <span class='ocrx_word' id='word_1_692' title='bbox 1387 5491 1452 5558; x_wconf 80' lang='grc' dir='ltr'><strong>τῇ</strong></span> <span class='ocrx_word' id='word_1_693' title='bbox 1486 5487 1582 5540; x_wconf 86' lang='grc' dir='ltr'><strong>τοῦ</strong></span> <span class='ocrx_word' id='word_1_694' title='bbox 1612 5486 1812 5558; x_wconf 87' lang='grc' dir='ltr'><strong>κρύους</strong></span> <span class='ocrx_word' id='word_1_695' title='bbox 1839 5486 1933 5536; x_wconf 80' lang='grc' dir='ltr'><strong>ὲκ-</strong></span> 
     </span>
    </p>
   </div>
   <div class='ocr_carea' id='block_1_90' title="bbox 359 5576 1934 5654">
    <p class='ocr_par' dir='ltr' id='par_1_90' title="bbox 359 5576 1934 5654">
     <span class='ocr_line' id='line_1_90' title="bbox 359 5576 1934 5654; baseline -0.004 -21"><span class='ocrx_word' id='word_1_696' title='bbox 359 5579 724 5654; x_wconf 84' lang='grc' dir='ltr'><strong>θηριουμένην</strong></span> <span class='ocrx_word' id='word_1_697' title='bbox 746 5583 1030 5652; x_wconf 84' lang='grc' dir='ltr'><strong>ἀγριότητι</strong></span> <span class='ocrx_word' id='word_1_698' title='bbox 1053 5601 1066 5647; x_wconf 89' lang='grc'>;</span> <span class='ocrx_word' id='word_1_699' title='bbox 1095 5582 1182 5636; x_wconf 83' lang='grc' dir='ltr'><strong>διὰ</strong></span> <span class='ocrx_word' id='word_1_700' title='bbox 1208 5581 1259 5635; x_wconf 75' lang='grc' dir='ltr'><strong>τί</strong></span> <span class='ocrx_word' id='word_1_701' title='bbox 1284 5581 1340 5635; x_wconf 84' lang='grc' dir='ltr'><strong>δὲ</strong></span> <span class='ocrx_word' id='word_1_702' title='bbox 1369 5583 1550 5642; x_wconf 76' lang='grc' dir='ltr'><strong>αὐτοῖς</strong></span> <span class='ocrx_word' id='word_1_703' title='bbox 1576 5579 1636 5631; x_wconf 86' lang='grc' dir='ltr'><strong>ού</strong></span> <span class='ocrx_word' id='word_1_704' title='bbox 1663 5576 1934 5647; x_wconf 77' lang='grc' dir='ltr'><strong>μεταϐάλ-</strong></span> 
     </span>
    </p>
   </div>
   <div class='ocr_carea' id='block_1_91' title="bbox 2080 3565 3597 3635">
    <p class='ocr_par' dir='ltr' id='par_1_91' title="bbox 2080 3565 3597 3635">
     <span class='ocr_line' id='line_1_91' title="bbox 2080 3565 3597 3635; baseline 0.001 -14"><span class='ocrx_word' id='word_1_705' title='bbox 2080 3568 2324 3623; x_wconf 84' lang='lat' dir='ltr'><strong>Alterum</strong></span> <span class='ocrx_word' id='word_1_706' title='bbox 2375 3579 2504 3620; x_wconf 88' lang='lat' dir='ltr'><strong>vero</strong></span> <span class='ocrx_word' id='word_1_707' title='bbox 2537 3581 2698 3635; x_wconf 91' lang='lat' dir='ltr'><strong>supra</strong></span> <span class='ocrx_word' id='word_1_708' title='bbox 2744 3565 3079 3622; x_wconf 82' lang='lat' dir='ltr'><strong>tricesimum</strong></span> <span class='ocrx_word' id='word_1_709' title='bbox 3129 3566 3264 3621; x_wconf 86' lang='lat' dir='ltr'><strong>nihil</strong></span> <span class='ocrx_word' id='word_1_710' title='bbox 3335 3567 3406 3623; x_wconf 83' lang='lat' dir='ltr'><strong>ad</strong></span> <span class='ocrx_word' id='word_1_711' title='bbox 3455 3567 3597 3624; x_wconf 84' lang='lat' dir='ltr'><strong>refu-</strong></span> 
     </span>
    </p>
   </div>
   <div class='ocr_carea' id='block_1_92' title="bbox 2013 3655 3592 3726">
    <p class='ocr_par' dir='ltr' id='par_1_92' title="bbox 2013 3655 3592 3726">
     <span class='ocr_line' id='line_1_92' title="bbox 2013 3655 3592 3726; baseline -0.004 -12"><span class='ocrx_word' id='word_1_712' title='bbox 2013 3659 2203 3714; x_wconf 83' lang='lat' dir='ltr'><strong>tandos</strong></span> <span class='ocrx_word' id='word_1_713' title='bbox 2234 3658 2576 3712; x_wconf 84' lang='lat' dir='ltr'><strong>adversarios</strong></span> <span class='ocrx_word' id='word_1_714' title='bbox 2601 3655 2777 3719; x_wconf 79' lang='lat' dir='ltr'><strong>ali‘ert,</strong></span> <span class='ocrx_word' id='word_1_715' title='bbox 2801 3656 2952 3726; x_wconf 91' lang='lat' dir='ltr'><strong>quod</strong></span> <span class='ocrx_word' id='word_1_716' title='bbox 2974 3657 3085 3710; x_wconf 90' lang='lat' dir='ltr'><strong>veri</strong></span> <span class='ocrx_word' id='word_1_717' title='bbox 3105 3657 3343 3723; x_wconf 85' lang='lat' dir='ltr'><strong>speciem</strong></span> <span class='ocrx_word' id='word_1_718' title='bbox 3367 3659 3592 3714; x_wconf 80' lang='lat' dir='ltr'><strong>habeat.</strong></span> 
     </span>
    </p>
   </div>
   <div class='ocr_carea' id='block_1_93' title="bbox 2017 3749 3596 3820">
    <p class='ocr_par' dir='ltr' id='par_1_93' title="bbox 2017 3749 3596 3820">
     <span class='ocr_line' id='line_1_93' title="bbox 2017 3749 3596 3820; baseline -0.001 -14"><span class='ocrx_word' id='word_1_719' title='bbox 2017 3750 2124 3806; x_wconf 86' lang='lat' dir='ltr'><strong>Sed</strong></span> <span class='ocrx_word' id='word_1_720' title='bbox 2183 3763 2346 3820; x_wconf 87' lang='lat' dir='ltr'><strong>quam</strong></span> <span class='ocrx_word' id='word_1_721' title='bbox 2420 3750 2540 3817; x_wconf 89' lang='lat' dir='ltr'><strong>pius</strong></span> <span class='ocrx_word' id='word_1_722' title='bbox 2594 3751 2646 3803; x_wconf 91' lang='lat' dir='ltr'><strong>in</strong></span> <span class='ocrx_word' id='word_1_723' title='bbox 2696 3750 2810 3805; x_wconf 85' lang='lat' dir='ltr'><strong>suis</strong></span> <span class='ocrx_word' id='word_1_724' title='bbox 2840 3749 3345 3806; x_wconf 83' lang='lat' dir='ltr'><strong>ratiocinationibus</strong></span> <span class='ocrx_word' id='word_1_725' title='bbox 3371 3761 3596 3820; x_wconf 79' lang='lat' dir='ltr'><strong>apparet</strong></span> 
     </span>
    </p>
   </div>
   <div class='ocr_carea' id='block_1_94' title="bbox 2018 3841 3592 3911">
    <p class='ocr_par' dir='ltr' id='par_1_94' title="bbox 2018 3841 3592 3911">
     <span class='ocr_line' id='line_1_94' title="bbox 2018 3841 3592 3911; baseline -0.001 -13"><span class='ocrx_word' id='word_1_726' title='bbox 2018 3845 2110 3899; x_wconf 91' lang='lat' dir='ltr'><strong>hic</strong></span> <span class='ocrx_word' id='word_1_727' title='bbox 2137 3843 2240 3908; x_wconf 85' lang='lat' dir='ltr'><strong>vir,</strong></span> <span class='ocrx_word' id='word_1_728' title='bbox 2267 3852 2375 3898; x_wconf 86' lang='lat' dir='ltr'><strong>tam</strong></span> <span class='ocrx_word' id='word_1_729' title='bbox 2421 3843 2585 3897; x_wconf 90' lang='lat' dir='ltr'><strong>etiam</strong></span> <span class='ocrx_word' id='word_1_730' title='bbox 2619 3841 2787 3911; x_wconf 83' lang='lat' dir='ltr'><strong>(quod</strong></span> <span class='ocrx_word' id='word_1_731' title='bbox 2829 3842 3022 3896; x_wconf 85' lang='lat' dir='ltr'><strong>saltem</strong></span> <span class='ocrx_word' id='word_1_732' title='bbox 3058 3844 3125 3896; x_wconf 90' lang='lat' dir='ltr'><strong>ad</strong></span> <span class='ocrx_word' id='word_1_733' title='bbox 3151 3845 3357 3897; x_wconf 87' lang='lat' dir='ltr'><strong>erroris</strong></span> <span class='ocrx_word' id='word_1_734' title='bbox 3382 3843 3592 3898; x_wconf 84' lang='lat' dir='ltr'><strong>refuta-</strong></span> 
     </span>
    </p>
   </div>
   <div class='ocr_carea' id='block_1_95' title="bbox 2019 3933 3592 4004">
    <p class='ocr_par' dir='ltr' id='par_1_95' title="bbox 2019 3933 3592 4004">
     <span class='ocr_line' id='line_1_95' title="bbox 2019 3933 3592 4004; baseline 0 -16"><span class='ocrx_word' id='word_1_735' title='bbox 2019 3933 2445 4004; x_wconf 84' lang='lat' dir='ltr'><strong>tionemattinet)</strong></span> <span class='ocrx_word' id='word_1_736' title='bbox 2478 3933 2788 4003; x_wconf 83' lang='lat' dir='ltr'><strong>languidum</strong></span> <span class='ocrx_word' id='word_1_737' title='bbox 2815 3935 3064 3989; x_wconf 84' lang='lat' dir='ltr'><strong>eumdem</strong></span> <span class='ocrx_word' id='word_1_738' title='bbox 3086 3935 3293 3991; x_wconf 78' lang='lat' dir='ltr'><strong>videas.</strong></span> <span class='ocrx_word' id='word_1_739' title='bbox 3330 3935 3449 3990; x_wconf 86' lang='lat' dir='ltr'><strong>Jam</strong></span> <span class='ocrx_word' id='word_1_740' title='bbox 3484 3942 3592 3989; x_wconf 78' lang='lat' dir='ltr'><strong>ler-</strong></span> 
     </span>
    </p>
   </div>
   <div class='ocr_carea' id='block_1_96' title="bbox 2019 4025 3595 4096">
    <p class='ocr_par' dir='ltr' id='par_1_96' title="bbox 2019 4025 3595 4096">
     <span class='ocr_line' id='line_1_96' title="bbox 2019 4025 3595 4096; baseline 0 -15"><span class='ocrx_word' id='word_1_741' title='bbox 2019 4027 2150 4081; x_wconf 91' lang='lat' dir='ltr'><strong>tium</strong></span> <span class='ocrx_word' id='word_1_742' title='bbox 2180 4035 2235 4081; x_wconf 92' lang='lat' dir='ltr'><strong>et</strong></span> <span class='ocrx_word' id='word_1_743' title='bbox 2256 4025 2586 4081; x_wconf 89' lang='lat' dir='ltr'><strong>tricesimum</strong></span> <span class='ocrx_word' id='word_1_744' title='bbox 2617 4034 2782 4093; x_wconf 75' lang='lat' dir='ltr'><strong>caput</strong></span> <span class='ocrx_word' id='word_1_745' title='bbox 2805 4025 3045 4091; x_wconf 81' lang='lat' dir='ltr'><strong>eiusdem</strong></span> <span class='ocrx_word' id='word_1_746' title='bbox 3067 4037 3175 4089; x_wconf 89' lang='lat' dir='ltr'><strong>est,</strong></span> <span class='ocrx_word' id='word_1_747' title='bbox 3207 4029 3384 4096; x_wconf 84' lang='lat' dir='ltr'><strong>quoad</strong></span> <span class='ocrx_word' id='word_1_748' title='bbox 3408 4027 3595 4082; x_wconf 75' lang='lat' dir='ltr'><strong>eﬁicu~</strong></span> 
     </span>
    </p>
   </div>
   <div class='ocr_carea' id='block_1_97' title="bbox 2018 4115 3594 4182">
    <p class='ocr_par' dir='ltr' id='par_1_97' title="bbox 2018 4115 3594 4182">
     <span class='ocr_line' id='line_1_97' title="bbox 2018 4115 3594 4182; baseline 0 -12"><span class='ocrx_word' id='word_1_749' title='bbox 2018 4118 2158 4170; x_wconf 88' lang='lat' dir='ltr'><strong>ciam</strong></span> <span class='ocrx_word' id='word_1_750' title='bbox 2190 4117 2398 4171; x_wconf 59' lang='lat' dir='ltr'><strong>formae.</strong></span> <span class='ocrx_word' id='word_1_751' title='bbox 2436 4115 2566 4182; x_wconf 71' lang='lat' dir='ltr'><strong>Quae</strong></span> <span class='ocrx_word' id='word_1_752' title='bbox 2593 4116 2738 4170; x_wconf 92' lang='lat' dir='ltr'><strong>enim</strong></span> <span class='ocrx_word' id='word_1_753' title='bbox 2784 4116 2856 4170; x_wconf 80' lang='lat' dir='ltr'><strong>ibi</strong></span> <span class='ocrx_word' id='word_1_754' title='bbox 2895 4117 2960 4168; x_wconf 90' lang='lat' dir='ltr'><strong>ad</strong></span> <span class='ocrx_word' id='word_1_755' title='bbox 3010 4115 3356 4171; x_wconf 82' lang='lat' dir='ltr'><strong>refutandum</strong></span> <span class='ocrx_word' id='word_1_756' title='bbox 3395 4121 3594 4173; x_wconf 75' lang='lat' dir='ltr'><strong>caelum</strong></span> 
     </span>
    </p>
   </div>
   <div class='ocr_carea' id='block_1_98' title="bbox 2019 4205 3598 4277">
    <p class='ocr_par' dir='ltr' id='par_1_98' title="bbox 2019 4205 3598 4277">
     <span class='ocr_line' id='line_1_98' title="bbox 2019 4205 3598 4277; baseline 0.001 -17"><span class='ocrx_word' id='word_1_757' title='bbox 2019 4222 2143 4262; x_wconf 86' lang='lat' dir='ltr'><strong>esse</strong></span> <span class='ocrx_word' id='word_1_758' title='bbox 2177 4207 2465 4262; x_wconf 89' lang='lat' dir='ltr'><strong>rotundum</strong></span> <span class='ocrx_word' id='word_1_759' title='bbox 2497 4205 2672 4268; x_wconf 70' lang='lat' dir='ltr'><strong>affert,</strong></span> <span class='ocrx_word' id='word_1_760' title='bbox 2705 4207 2916 4277; x_wconf 70' lang='lat' dir='ltr'><strong>212a</strong></span> <span class='ocrx_word' id='word_1_761' title='bbox 2947 4219 3258 4262; x_wconf 84' lang='lat' dir='ltr'><strong>communes</strong></span> <span class='ocrx_word' id='word_1_762' title='bbox 3296 4221 3420 4261; x_wconf 87' lang='lat' dir='ltr'><strong>esse</strong></span> <span class='ocrx_word' id='word_1_763' title='bbox 3453 4207 3598 4261; x_wconf 76' lang='lat' dir='ltr'><strong>dim-</strong></span> 
     </span>
    </p>
   </div>
   <div class='ocr_carea' id='block_1_99' title="bbox 2020 4297 3595 4368">
    <p class='ocr_par' dir='ltr' id='par_1_99' title="bbox 2020 4297 3595 4368">
     <span class='ocr_line' id='line_1_99' title="bbox 2020 4297 3595 4368; baseline 0 -18"><span class='ocrx_word' id='word_1_764' title='bbox 2020 4297 2250 4353; x_wconf 86' lang='lat' dir='ltr'><strong>cultates</strong></span> <span class='ocrx_word' id='word_1_765' title='bbox 2285 4307 2490 4368; x_wconf 88' lang='lat' dir='ltr'><strong>queant</strong></span> <span class='ocrx_word' id='word_1_766' title='bbox 2538 4299 2799 4351; x_wconf 82' lang='lat' dir='ltr'><strong>adversus</strong></span> <span class='ocrx_word' id='word_1_767' title='bbox 2842 4311 2956 4362; x_wconf 91' lang='lat' dir='ltr'><strong>eos,</strong></span> <span class='ocrx_word' id='word_1_768' title='bbox 2992 4299 3083 4366; x_wconf 86' lang='lat' dir='ltr'><strong>qui</strong></span> <span class='ocrx_word' id='word_1_769' title='bbox 3124 4298 3595 4366; x_wconf 70' lang='lat' dir='ltr'><strong>hemispbazricnm</strong></span> 
     </span>
    </p>
   </div>
   <div class='ocr_carea' id='block_1_100' title="bbox 2027 4387 3592 4451">
    <p class='ocr_par' dir='ltr' id='par_1_100' title="bbox 2027 4387 3592 4451">
     <span class='ocr_line' id='line_1_100' title="bbox 2027 4387 3592 4451; baseline 0.001 -11"><span class='ocrx_word' id='word_1_770' title='bbox 2027 4387 2163 4441; x_wconf 88' lang='lat' dir='ltr'><strong>illud</strong></span> <span class='ocrx_word' id='word_1_771' title='bbox 2194 4403 2318 4442; x_wconf 89' lang='lat' dir='ltr'><strong>esse</strong></span> <span class='ocrx_word' id='word_1_772' title='bbox 2368 4397 2634 4451; x_wconf 81' lang='lat' dir='ltr'><strong>statuunt,</strong></span> <span class='ocrx_word' id='word_1_773' title='bbox 2669 4388 2753 4440; x_wconf 85' lang='lat' dir='ltr'><strong>vel</strong></span> <span class='ocrx_word' id='word_1_774' title='bbox 2776 4387 3002 4440; x_wconf 90' lang='lat' dir='ltr'><strong>fornicis</strong></span> <span class='ocrx_word' id='word_1_775' title='bbox 3039 4389 3091 4440; x_wconf 92' lang='lat' dir='ltr'><strong>in</strong></span> <span class='ocrx_word' id='word_1_776' title='bbox 3129 4389 3344 4442; x_wconf 90' lang='lat' dir='ltr'><strong>modum</strong></span> <span class='ocrx_word' id='word_1_777' title='bbox 3377 4403 3592 4451; x_wconf 77' lang='lat' dir='ltr'><strong>cavum,</strong></span> 
     </span>
    </p>
   </div>
   <div class='ocr_carea' id='block_1_101' title="bbox 2033 4477 3599 4546">
    <p class='ocr_par' dir='ltr' id='par_1_101' title="bbox 2033 4477 3599 4546">
     <span class='ocr_line' id='line_1_101' title="bbox 2033 4477 3599 4546; baseline 0.004 -17"><span class='ocrx_word' id='word_1_778' title='bbox 2033 4479 2114 4533; x_wconf 91' lang='lat' dir='ltr'><strong>vel</strong></span> <span class='ocrx_word' id='word_1_779' title='bbox 2151 4479 2386 4533; x_wconf 85' lang='lat' dir='ltr'><strong>similem</strong></span> <span class='ocrx_word' id='word_1_780' title='bbox 2427 4479 2475 4532; x_wconf 89' lang='lat' dir='ltr'><strong>ei</strong></span> <span class='ocrx_word' id='word_1_781' title='bbox 2511 4479 2744 4546; x_wconf 85' lang='lat' dir='ltr'><strong>aliquam</strong></span> <span class='ocrx_word' id='word_1_782' title='bbox 2786 4477 3014 4531; x_wconf 85' lang='lat' dir='ltr'><strong>formam</strong></span> <span class='ocrx_word' id='word_1_783' title='bbox 3067 4480 3328 4534; x_wconf 86' lang='lat' dir='ltr'><strong>tribuunt.</strong></span> <span class='ocrx_word' id='word_1_784' title='bbox 3383 4478 3488 4534; x_wconf 85' lang='lat' dir='ltr'><strong>Ubi</strong></span> <span class='ocrx_word' id='word_1_785' title='bbox 3542 4490 3599 4536; x_wconf 88' lang='lat' dir='ltr'><strong>et</strong></span> 
     </span>
    </p>
   </div>
   <div class='ocr_carea' id='block_1_102' title="bbox 1957 4557 2629 4626">
    <p class='ocr_par' dir='ltr' id='par_1_102' title="bbox 1957 4557 2629 4626">
     <span class='ocr_line' id='line_1_102' title="bbox 1957 4557 2629 4626; baseline -0.003 -2"><span class='ocrx_word' id='word_1_786' title='bbox 1957 4557 1999 4611; x_wconf 78' lang='grc' dir='ltr'>Ῑ)</span> <span class='ocrx_word' id='word_1_787' title='bbox 2035 4571 2224 4626; x_wconf 86' lang='lat' dir='ltr'><strong>tertius</strong></span> <span class='ocrx_word' id='word_1_788' title='bbox 2247 4569 2385 4624; x_wconf 85' lang='lat' dir='ltr'><strong>liber</strong></span> <span class='ocrx_word' id='word_1_789' title='bbox 2411 4569 2629 4625; x_wconf 81' lang='lat' dir='ltr'><strong>desinit.</strong></span> 
     </span>
    </p>
   </div>
   <div class='ocr_carea' id='block_1_103' title="bbox 2095 4661 3595 4732">
    <p class='ocr_par' dir='ltr' id='par_1_103' title="bbox 2095 4661 3595 4732">
     <span class='ocr_line' id='line_1_103' title="bbox 2095 4661 3595 4732; baseline 0 -17"><span class='ocrx_word' id='word_1_790' title='bbox 2095 4663 2300 4730; x_wconf 86' lang='lat' dir='ltr'><strong>Quarto</strong></span> <span class='ocrx_word' id='word_1_791' title='bbox 2339 4663 2536 4717; x_wconf 86' lang='lat' dir='ltr'><strong>dehinc</strong></span> <span class='ocrx_word' id='word_1_792' title='bbox 2560 4662 2718 4726; x_wconf 89' lang='lat' dir='ltr'><strong>libro,</strong></span> <span class='ocrx_word' id='word_1_793' title='bbox 2740 4661 2918 4732; x_wconf 81' lang='lat' dir='ltr'><strong>capite</strong></span> <span class='ocrx_word' id='word_1_794' title='bbox 2939 4675 3067 4716; x_wconf 86' lang='lat' dir='ltr'><strong>vero</strong></span> <span class='ocrx_word' id='word_1_795' title='bbox 3085 4663 3360 4716; x_wconf 85' lang='lat' dir='ltr'><strong>tricesimo</strong></span> <span class='ocrx_word' id='word_1_796' title='bbox 3381 4671 3595 4730; x_wconf 85' lang='lat' dir='ltr'><strong>quarto,</strong></span> 
     </span>
    </p>
   </div>
   <div class='ocr_carea' id='block_1_104' title="bbox 2023 4751 3596 4824">
    <p class='ocr_par' dir='ltr' id='par_1_104' title="bbox 2023 4751 3596 4824">
     <span class='ocr_line' id='line_1_104' title="bbox 2023 4751 3596 4824; baseline 0.002 -18"><span class='ocrx_word' id='word_1_797' title='bbox 2023 4754 2213 4824; x_wconf 88' lang='lat' dir='ltr'><strong>quinto</strong></span> <span class='ocrx_word' id='word_1_798' title='bbox 2240 4763 2294 4807; x_wconf 88' lang='lat' dir='ltr'><strong>et</strong></span> <span class='ocrx_word' id='word_1_799' title='bbox 2331 4765 2504 4819; x_wconf 78' lang='lat' dir='ltr'><strong>sexto,</strong></span> <span class='ocrx_word' id='word_1_800' title='bbox 2553 4754 2668 4808; x_wconf 66' lang='lat' dir='ltr'><strong>huic</strong></span> <span class='ocrx_word' id='word_1_801' title='bbox 2725 4754 2840 4807; x_wconf 91' lang='lat' dir='ltr'><strong>fere</strong></span> <span class='ocrx_word' id='word_1_802' title='bbox 2899 4762 3117 4809; x_wconf 86' lang='lat' dir='ltr'><strong>tractat.</strong></span> <span class='ocrx_word' id='word_1_803' title='bbox 3189 4751 3230 4806; x_wconf 81' lang='grc' dir='ltr'>Ε</span> <span class='ocrx_word' id='word_1_804' title='bbox 3261 4755 3596 4820; x_wconf 82' lang='lat' dir='ltr'><strong>diversitate,</strong></span> 
     </span>
    </p>
   </div>
   <div class='ocr_carea' id='block_1_105' title="bbox 2025 4842 3600 4914">
    <p class='ocr_par' dir='ltr' id='par_1_105' title="bbox 2025 4842 3600 4914">
     <span class='ocr_line' id='line_1_105' title="bbox 2025 4842 3600 4914; baseline -0.001 -17"><span class='ocrx_word' id='word_1_805' title='bbox 2025 4859 2146 4914; x_wconf 74' lang='lat' dir='ltr'><strong>qua:</strong></span> <span class='ocrx_word' id='word_1_806' title='bbox 2178 4858 2301 4897; x_wconf 90' lang='lat' dir='ltr'><strong>cum</strong></span> <span class='ocrx_word' id='word_1_807' title='bbox 2334 4843 2477 4897; x_wconf 89' lang='lat' dir='ltr'><strong>inter</strong></span> <span class='ocrx_word' id='word_1_808' title='bbox 2506 4842 2861 4898; x_wconf 84' lang='lat' dir='ltr'><strong>habitabilem</strong></span> <span class='ocrx_word' id='word_1_809' title='bbox 2887 4843 3037 4897; x_wconf 88' lang='lat' dir='ltr'><strong>orbis</strong></span> <span class='ocrx_word' id='word_1_810' title='bbox 3078 4852 3287 4911; x_wconf 89' lang='lat' dir='ltr'><strong>partem</strong></span> <span class='ocrx_word' id='word_1_811' title='bbox 3321 4853 3482 4913; x_wconf 88' lang='lat' dir='ltr'><strong>atque</strong></span> <span class='ocrx_word' id='word_1_812' title='bbox 3519 4845 3600 4896; x_wconf 88' lang='lat' dir='ltr'><strong>in-</strong></span> 
     </span>
    </p>
   </div>
   <div class='ocr_carea' id='block_1_106' title="bbox 2027 4931 3604 5001">
    <p class='ocr_par' dir='ltr' id='par_1_106' title="bbox 2027 4931 3604 5001">
     <span class='ocr_line' id='line_1_106' title="bbox 2027 4931 3604 5001; baseline 0 -13"><span class='ocrx_word' id='word_1_813' title='bbox 2027 4933 2399 4995; x_wconf 83' lang='lat' dir='ltr'><strong>habitabilem,</strong></span> <span class='ocrx_word' id='word_1_814' title='bbox 2440 4941 2552 4986; x_wconf 90' lang='lat' dir='ltr'><strong>tum</strong></span> <span class='ocrx_word' id='word_1_815' title='bbox 2603 4933 2745 4988; x_wconf 91' lang='lat' dir='ltr'><strong>inter</strong></span> <span class='ocrx_word' id='word_1_816' title='bbox 2777 4931 2890 5001; x_wconf 87' lang='lat' dir='ltr'><strong>ipsa</strong></span> <span class='ocrx_word' id='word_1_817' title='bbox 2950 4932 3182 4988; x_wconf 88' lang='lat' dir='ltr'><strong>invicem</strong></span> <span class='ocrx_word' id='word_1_818' title='bbox 3232 4933 3451 4988; x_wconf 86' lang='lat' dir='ltr'><strong>climata</strong></span> <span class='ocrx_word' id='word_1_819' title='bbox 3520 4947 3604 4988; x_wconf 84' lang='lat' dir='ltr'><strong>re-</strong></span> 
     </span>
    </p>
   </div>
   <div class='ocr_carea' id='block_1_107' title="bbox 2019 5024 3599 5094">
    <p class='ocr_par' dir='ltr' id='par_1_107' title="bbox 2019 5024 3599 5094">
     <span class='ocr_line' id='line_1_107' title="bbox 2019 5024 3599 5094; baseline 0 -15"><span class='ocrx_word' id='word_1_820' title='bbox 2019 5024 2244 5093; x_wconf 82' lang='lat' dir='ltr'><strong>peritur,</strong></span> <span class='ocrx_word' id='word_1_821' title='bbox 2313 5024 2550 5078; x_wconf 87' lang='lat' dir='ltr'><strong>refutare</strong></span> <span class='ocrx_word' id='word_1_822' title='bbox 2596 5025 2815 5094; x_wconf 86' lang='lat' dir='ltr'><strong>genesin</strong></span> <span class='ocrx_word' id='word_1_823' title='bbox 2857 5025 2972 5078; x_wconf 88' lang='lat' dir='ltr'><strong>sive</strong></span> <span class='ocrx_word' id='word_1_824' title='bbox 3027 5024 3196 5078; x_wconf 90' lang='lat' dir='ltr'><strong>fatum</strong></span> <span class='ocrx_word' id='word_1_825' title='bbox 3257 5025 3599 5093; x_wconf 74' lang='lat' dir='ltr'><strong>aggreditur.</strong></span> 
     </span>
    </p>
   </div>
   <div class='ocr_carea' id='block_1_108' title="bbox 2022 5115 3602 5184">
    <p class='ocr_par' dir='ltr' id='par_1_108' title="bbox 2022 5115 3602 5184">
     <span class='ocr_line' id='line_1_108' title="bbox 2022 5115 3602 5184; baseline 0 -14"><span class='ocrx_word' id='word_1_826' title='bbox 2022 5115 2281 5181; x_wconf 81' lang='lat' dir='ltr'><strong>Quisnam</strong></span> <span class='ocrx_word' id='word_1_827' title='bbox 2305 5117 2448 5170; x_wconf 89' lang='lat' dir='ltr'><strong>enim</strong></span> <span class='ocrx_word' id='word_1_828' title='bbox 2501 5126 2770 5170; x_wconf 87' lang='lat' dir='ltr'><strong>astrorum</strong></span> <span class='ocrx_word' id='word_1_829' title='bbox 2799 5117 2888 5171; x_wconf 91' lang='lat' dir='ltr'><strong>ille</strong></span> <span class='ocrx_word' id='word_1_830' title='bbox 2915 5127 3091 5170; x_wconf 86' lang='lat' dir='ltr'><strong>motus</strong></span> <span class='ocrx_word' id='word_1_831' title='bbox 3143 5127 3248 5180; x_wconf 82' lang='lat' dir='ltr'><strong>est,</strong></span> <span class='ocrx_word' id='word_1_832' title='bbox 3285 5119 3602 5184; x_wconf 83' lang='lat' dir='ltr'><strong>interrogat,</strong></span> 
     </span>
    </p>
   </div>
   <div class='ocr_carea' id='block_1_109' title="bbox 2024 5207 3598 5278">
    <p class='ocr_par' dir='ltr' id='par_1_109' title="bbox 2024 5207 3598 5278">
     <span class='ocr_line' id='line_1_109' title="bbox 2024 5207 3598 5278; baseline 0 -16"><span class='ocrx_word' id='word_1_833' title='bbox 2024 5223 2133 5276; x_wconf 92' lang='lat' dir='ltr'><strong>quo</strong></span> <span class='ocrx_word' id='word_1_834' title='bbox 2165 5207 2246 5274; x_wconf 84' lang='lat' dir='ltr'><strong>fit,</strong></span> <span class='ocrx_word' id='word_1_835' title='bbox 2300 5207 2554 5262; x_wconf 89' lang='lat' dir='ltr'><strong>utaltera</strong></span> <span class='ocrx_word' id='word_1_836' title='bbox 2588 5208 2810 5278; x_wconf 89' lang='lat' dir='ltr'><strong>quidem</strong></span> <span class='ocrx_word' id='word_1_837' title='bbox 2841 5218 3000 5263; x_wconf 74' lang='lat' dir='ltr'><strong>terrm</strong></span> <span class='ocrx_word' id='word_1_838' title='bbox 3019 5224 3145 5278; x_wconf 88' lang='lat' dir='ltr'><strong>pars</strong></span> <span class='ocrx_word' id='word_1_839' title='bbox 3189 5211 3260 5263; x_wconf 89' lang='lat' dir='ltr'><strong>ub</strong></span> <span class='ocrx_word' id='word_1_840' title='bbox 3304 5208 3475 5278; x_wconf 86' lang='lat' dir='ltr'><strong>frigus</strong></span> <span class='ocrx_word' id='word_1_841' title='bbox 3524 5211 3598 5262; x_wconf 89' lang='lat' dir='ltr'><strong>ni-</strong></span> 
     </span>
    </p>
   </div>
   <div class='ocr_carea' id='block_1_110' title="bbox 2029 5293 3606 5365">
    <p class='ocr_par' dir='ltr' id='par_1_110' title="bbox 2029 5293 3606 5365">
     <span class='ocr_line' id='line_1_110' title="bbox 2029 5293 3606 5365; baseline 0.001 -13"><span class='ocrx_word' id='word_1_842' title='bbox 2029 5301 2216 5365; x_wconf 88' lang='lat' dir='ltr'><strong>mium,</strong></span> <span class='ocrx_word' id='word_1_843' title='bbox 2265 5300 2432 5354; x_wconf 88' lang='lat' dir='ltr'><strong>altera</strong></span> <span class='ocrx_word' id='word_1_844' title='bbox 2491 5302 2561 5355; x_wconf 87' lang='lat' dir='ltr'><strong>ob</strong></span> <span class='ocrx_word' id='word_1_845' title='bbox 2607 5301 3000 5356; x_wconf 86' lang='lat' dir='ltr'><strong>intolerabilem</strong></span> <span class='ocrx_word' id='word_1_846' title='bbox 3077 5301 3310 5354; x_wconf 88' lang='lat' dir='ltr'><strong>calorem</strong></span> <span class='ocrx_word' id='word_1_847' title='bbox 3369 5293 3606 5355; x_wconf 68' lang='lat' dir='ltr'><strong>habitari</strong></span> 
     </span>
    </p>
   </div>
   <div class='ocr_carea' id='block_1_111' title="bbox 2029 5391 3606 5462">
    <p class='ocr_par' dir='ltr' id='par_1_111' title="bbox 2029 5391 3606 5462">
     <span class='ocr_line' id='line_1_111' title="bbox 2029 5391 3606 5462; baseline 0.001 -18"><span class='ocrx_word' id='word_1_848' title='bbox 2029 5391 2252 5445; x_wconf 88' lang='lat' dir='ltr'><strong>omnino</strong></span> <span class='ocrx_word' id='word_1_849' title='bbox 2301 5392 2583 5460; x_wconf 85' lang='lat' dir='ltr'><strong>nequeat?</strong></span> <span class='ocrx_word' id='word_1_850' title='bbox 2613 5407 2936 5462; x_wconf 87' lang='lat' dir='ltr'><strong>rursumque</strong></span> <span class='ocrx_word' id='word_1_851' title='bbox 2970 5393 3072 5446; x_wconf 88' lang='lat' dir='ltr'><strong>alia</strong></span> <span class='ocrx_word' id='word_1_852' title='bbox 3115 5394 3202 5447; x_wconf 84' lang='lat' dir='ltr'><strong>vel</strong></span> <span class='ocrx_word' id='word_1_853' title='bbox 3242 5402 3501 5462; x_wconf 85' lang='lat' dir='ltr'><strong>perpetuo</strong></span> <span class='ocrx_word' id='word_1_854' title='bbox 3536 5393 3606 5446; x_wconf 88' lang='lat' dir='ltr'><strong>li-</strong></span> 
     </span>
    </p>
   </div>
   <div class='ocr_carea' id='block_1_112' title="bbox 2043 5483 3612 5552">
    <p class='ocr_par' dir='ltr' id='par_1_112' title="bbox 2043 5483 3612 5552">
     <span class='ocr_line' id='line_1_112' title="bbox 2043 5483 3612 5552; baseline 0.003 -18"><span class='ocrx_word' id='word_1_855' title='bbox 2043 5497 2303 5550; x_wconf 80' lang='lat' dir='ltr'><strong>quescens</strong></span> <span class='ocrx_word' id='word_1_856' title='bbox 2329 5483 2530 5547; x_wconf 88' lang='lat' dir='ltr'><strong>calore,</strong></span> <span class='ocrx_word' id='word_1_857' title='bbox 2564 5485 2647 5539; x_wconf 88' lang='lat' dir='ltr'><strong>vel</strong></span> <span class='ocrx_word' id='word_1_858' title='bbox 2673 5484 2910 5539; x_wconf 84' lang='lat' dir='ltr'><strong>assiduis</strong></span> <span class='ocrx_word' id='word_1_859' title='bbox 2963 5499 3221 5552; x_wconf 82' lang='lat' dir='ltr'><strong>percussa</strong></span> <span class='ocrx_word' id='word_1_860' title='bbox 3276 5483 3513 5548; x_wconf 88' lang='lat' dir='ltr'><strong>nivibus,</strong></span> <span class='ocrx_word' id='word_1_861' title='bbox 3555 5496 3612 5538; x_wconf 88' lang='lat' dir='ltr'><strong>et</strong></span> 
     </span>
    </p>
   </div>
   <div class='ocr_carea' id='block_1_113' title="bbox 2046 5576 3613 5643">
    <p class='ocr_par' dir='ltr' id='par_1_113' title="bbox 2046 5576 3613 5643">
     <span class='ocr_line' id='line_1_113' title="bbox 2046 5576 3613 5643; baseline 0.002 -15"><span class='ocrx_word' id='word_1_862' title='bbox 2046 5576 2264 5643; x_wconf 79' lang='lat' dir='ltr'><strong>frigoris</strong></span> <span class='ocrx_word' id='word_1_863' title='bbox 2300 5577 2593 5643; x_wconf 86' lang='lat' dir='ltr'><strong>asperitate</strong></span> <span class='ocrx_word' id='word_1_864' title='bbox 2623 5577 2766 5630; x_wconf 82' lang='lat' dir='ltr'><strong>velut</strong></span> <span class='ocrx_word' id='word_1_865' title='bbox 2793 5576 3040 5642; x_wconf 82' lang='lat' dir='ltr'><strong>ell‘erala,</strong></span> <span class='ocrx_word' id='word_1_866' title='bbox 3069 5577 3281 5630; x_wconf 86' lang='lat' dir='ltr'><strong>nonnisi</strong></span> <span class='ocrx_word' id='word_1_867' title='bbox 3326 5578 3613 5634; x_wconf 75' lang='lat' dir='ltr'><strong>difﬁculter</strong></span> 
     </span>
    </p>
   </div>
   <div class='ocr_carea' id='block_1_114' title="bbox 1628 5685 2299 5744">
    <p class='ocr_par' dir='ltr' id='par_1_114' title="bbox 1628 5685 2299 5744">
     <span class='ocr_line' id='line_1_114' title="bbox 1628 5685 2299 5744; baseline 0.001 -1"><span class='ocrx_word' id='word_1_868' title='bbox 1628 5687 1865 5743; x_wconf 70' lang='lat' dir='ltr'><strong>VARIAB</strong></span> <span class='ocrx_word' id='word_1_869' title='bbox 1895 5685 2299 5744; x_wconf 76' lang='lat' dir='ltr'><strong>LECTIONES.</strong></span> 
     </span>
    </p>
   </div>
   <div class='ocr_carea' id='block_1_115' title="bbox 436 5785 1076 5856">
    <p class='ocr_par' dir='ltr' id='par_1_115' title="bbox 436 5785 1076 5856">
     <span class='ocr_line' id='line_1_115' title="bbox 436 5785 1076 5856; baseline 0.005 -19"><span class='ocrx_word' id='word_1_870' title='bbox 436 5789 480 5819; x_wconf 83' lang='grc'><strong>⁸⁷</strong></span> <span class='ocrx_word' id='word_1_871' title='bbox 512 5785 586 5856; x_wconf 67' lang='grc' dir='ltr'><strong>λξί</strong></span> <span class='ocrx_word' id='word_1_872' title='bbox 619 5790 662 5839; x_wconf 82' lang='grc' dir='ltr'>Α</span> <span class='ocrx_word' id='word_1_873' title='bbox 689 5803 702 5836; x_wconf 89' lang='lat'>:</span> <span class='ocrx_word' id='word_1_874' title='bbox 732 5785 984 5855; x_wconf 78' lang='grc' dir='ltr'><strong>δεύτερον</strong></span> <span class='ocrx_word' id='word_1_875' title='bbox 1017 5806 1076 5850; x_wconf 74' lang='grc' dir='ltr'><strong>ς.</strong></span> 
     </span>
    </p>
   </div>
   <div class='ocr_carea' id='block_1_116' title="bbox 681 5882 1312 5944">
    <p class='ocr_par' dir='ltr' id='par_1_116' title="bbox 681 5882 1312 5944">
     <span class='ocr_line' id='line_1_116' title="bbox 681 5882 1312 5944; baseline 0.002 -5"><span class='ocrx_word' id='word_1_876' title='bbox 681 5882 955 5944; x_wconf 54' lang='lat' dir='ltr'><strong>Parnm”</strong></span> <span class='ocrx_word' id='word_1_877' title='bbox 999 5883 1114 5941; x_wconf 73' lang='lat' dir='ltr'><strong>(in.</strong></span> <span class='ocrx_word' id='word_1_878' title='bbox 1164 5883 1312 5940; x_wconf 75' lang='lat' dir='ltr'><strong>(Illi.</strong></span> 
     </span>
    </p>
   </div>
   <div class='ocr_carea' id='block_1_117' title="bbox 1153 5781 2156 5854">
    <p class='ocr_par' dir='ltr' id='par_1_117' title="bbox 1153 5781 2156 5854">
     <span class='ocr_line' id='line_1_117' title="bbox 1153 5781 2156 5854; baseline -0.006 -15"><span class='ocrx_word' id='word_1_879' title='bbox 1153 5788 1198 5818; x_wconf 82' lang='grc'>⁸⁸</span> <span class='ocrx_word' id='word_1_880' title='bbox 1229 5784 1577 5854; x_wconf 60' lang='grc' dir='ltr'><strong>οἰκουμένην]</strong></span> <span class='ocrx_word' id='word_1_881' title='bbox 1609 5794 1822 5853; x_wconf 68' lang='lat' dir='ltr'><strong>pranslat</strong></span> <span class='ocrx_word' id='word_1_882' title='bbox 1868 5781 2156 5834; x_wconf 65' lang='grc' dir='ltr'><strong>οἰκεῖσθαι.</strong></span> 
     </span>
    </p>
   </div>
   <div class='ocr_carea' id='block_1_118' title="bbox 2234 5781 2695 5850">
    <p class='ocr_par' dir='ltr' id='par_1_118' title="bbox 2234 5781 2695 5850">
     <span class='ocr_line' id='line_1_118' title="bbox 2234 5781 2695 5850; baseline -0.004 -17"><span class='ocrx_word' id='word_1_883' title='bbox 2234 5782 2278 5812; x_wconf 65' lang='grc'><strong>⁸9</strong></span> <span class='ocrx_word' id='word_1_884' title='bbox 2311 5781 2606 5850; x_wconf 78' lang='grc' dir='ltr'><strong>νιφομένην</strong></span> <span class='ocrx_word' id='word_1_885' title='bbox 2637 5797 2695 5844; x_wconf 80' lang='grc' dir='ltr'><strong>ς.</strong></span> 
     </span>
    </p>
   </div>
   <div class='ocr_carea' id='block_1_119' title="bbox 3228 5871 3301 5935">
    <p class='ocr_par' dir='ltr' id='par_1_119' title="bbox 3228 5871 3301 5935">
     <span class='ocr_line' id='line_1_119' title="bbox 3228 5871 3301 5935; baseline 0.014 -1"><span class='ocrx_word' id='word_1_886' title='bbox 3228 5871 3301 5935; x_wconf 72' lang='lat'><strong>27</strong></span> 
     </span>
    </p>
   </div>
  </div>
