3972 6248
437 297 548 365 883
1611 308 1870 369 ΡΗΟΤΙῙ
1900 306 2092 368 ΡΑΤΒ
2101 308 2402 371 ΙΑΒΟΗΕ
2433 309 2547 374 CP.
3594 308 3705 371 844

439 416 604 473 incoli
669 419 906 487 possit?.
935 417 1046 474 Cur
1077 433 1184 474 non
1230 428 1286 475 et
1333 421 1384 476 in
1439 420 1524 476 his
1555 425 1699 479 aeris
1748 425 1981 479 constitu

2086 457 2094 487 ι
2122 425 2202 480 λει
2232 427 2332 498 τὴν
2355 427 2453 482 τοῦ
2485 429 2651 500 ἀέρος
2693 429 3026 484 κατάστασιν
3053 429 3088 499 ἠ
3117 428 3352 497 γένεσις,
3382 430 3625 498 συνεχεῖς
3651 430 3703 459 ὀ

437 509 638 562 tionem
676 509 928 564 immutat
953 520 1211 578 perpetua
1235 511 1323 565 illa
1351 514 1584 582 genesis,
1619 529 1738 584 qua:
1760 523 1840 570 tot
1869 532 1981 573 sem

2126 517 2215 570 ἀεὶ
2250 518 2351 582 τὰς
2400 518 2706 588 μεταϐολάς
2736 521 2796 574 ἐν
2835 521 2953 582 τοῖς
2997 518 3178 582 ἄλλοις
3221 517 3542 588 παρέχουσα
3577 517 3702 570 κλί-

432 612 532 668 per
560 598 614 653 in
639 597 760 654 aliis
791 598 1102 655 climatibus
1123 604 1447 660 mutationes
1464 607 1760 674 producit?
1789 607 1981 664 Certur

2119 625 2284 678 μασιν
2307 626 2323 676 ;
2364 609 2399 678 ἢ
2425 609 2584 681 δῆλον
2608 610 2684 673 ὠς
2723 609 2847 664 οὐτε
2881 609 3169 681 πλανήτων
3191 609 3391 680 δρόμος
3411 607 3536 662 οὐτε
3566 607 3700 662 σύν-

434 690 598 758 igitur
653 689 805 754 illud,
870 705 1043 761 neque
1103 692 1443 763 planetarum
1521 713 1764 766 cursum,
1840 716 1980 769 nequ

2115 697 2266 761 θεσις
2293 699 2522 763 ζωδίων,
2563 699 2697 773 μόνη
2730 699 2790 755 δὲ
2820 699 2916 754 τοῦ
2945 701 3098 771 ἡλίου
3117 701 3161 734 ⁸⁸
3193 702 3227 772 ἡ
3257 699 3420 770 φύσις
3451 698 3592 770 πρὸς
3623 699 3698 751 τὰ

430 780 1028 849 signorumcmlestium
1057 785 1532 854 compositionem,
1558 790 1652 844 sed
1680 806 1841 845 unam
1885 791 1981 846 soli

2111 789 2462 862 διαστήματα
2505 793 2601 846 καὶ
2631 793 2742 846 τῶν
2761 793 2942 848 τόπων
2976 794 3076 858 τὰς
3099 793 3282 856 θέσεις
3305 791 3405 857 τὰς
3431 809 3697 862 προειρη-

436 881 689 926 naturam
711 887 809 941 pro
836 873 1123 930 intervallo
1153 876 1500 948 lucernamque
1558 882 1665 937 situ
1707 897 1820 949 eas,
1874 898 2012 955 quas

421 951 538 1020 iam
594 961 846 1028 diximus,
876 963 1166 1020 varietates
1193 966 1421 1024 ellicere.
1448 969 1558 1025 Cur
1581 972 1730 1036 item,
1769 988 1890 1028 cum
1923 988 2014 1027 re-

426 1049 571 1120 liqua
620 1052 816 1122 ubique
853 1062 996 1109 terra
1037 1056 1298 1113 imbribus
1323 1058 1610 1129 irrigetur,
1640 1063 1810 1118 solam
1839 1065 2009 1136 Egy-

426 1152 579 1210 ptum
613 1143 784 1211 Nilus,
831 1143 959 1200 dum
991 1147 1154 1202 certis
1190 1150 1316 1204 anni
1377 1154 1708 1221 temporibus
1741 1158 2001 1224 exundat,

423 1243 584 1302 atque
629 1235 681 1289 in
717 1235 864 1290 illam
892 1251 951 1292 se
981 1236 1226 1304 ell‘undit,
1249 1239 1481 1298 fertilem
1513 1243 1756 1316 frugibus
1791 1249 2006 1304 reddit?

420 1324 531 1380 Cur
555 1329 738 1382 adhaac
766 1329 1076 1386 Thebaidos
1125 1333 1436 1391 interiorem
1485 1339 1788 1409 regionem,
1834 1357 1998 1411 quam

418 1415 584 1473 Oasin
630 1421 936 1492 nominant,
959 1441 1134 1495 neque
1190 1426 1413 1491 ﬂuvius.
1447 1445 1621 1500 neque
1656 1432 1828 1487 imber
1860 1433 2000 1489 ullus

417 1508 628 1579 irrigat,
664 1513 758 1567 sed
788 1514 1017 1570 fontium
1049 1517 1311 1574 duntaxat
1357 1519 1538 1576 ﬂuxus
1568 1523 1868 1591 laetiﬁcant,
1903 1529 1998 1598 qui

419 1616 614 1673 magno
648 1604 1037 1675 inquilinorum
1077 1610 1270 1667 labore
1323 1615 1615 1680 exsistunt,
1666 1633 1769 1672 non
1802 1630 1994 1688 sponte

418 1705 543 1760 sua,
578 1710 754 1766 neque
801 1699 1061 1756 imbribus
1094 1703 1147 1757 in
1207 1712 1410 1759 terram
1460 1706 1855 1775 delabentibus,
1896 1713 1994 1767 iis-

2115 880 2283 952 μένας
2332 881 2626 952 ἐργάζεται
2669 884 2954 956 διαφοράς.
2983 885 3083 939 Διά
3131 884 3184 938 τί
3235 883 3293 938 δὲ
3346 885 3528 948 πάλιν,
3583 885 3694 953 τῆς

2108 974 2214 1043 γῆς
2249 974 2424 1038 ὑετοῖς
2451 975 2757 1047 ἀρδομένης
2816 976 3152 1048 ἁπανταχοῦ,
3215 977 3384 1048 μόνην
3433 978 3532 1048 τὴν
3589 978 3694 1030 Αί-

2107 1081 2316 1132 γυπτον
2353 1066 2700 1139 πλημμυρῶν
2727 1069 2757 1122 ὁ
2787 1069 2978 1134 Νεῖλος
3022 1071 3166 1124 κατά
3199 1085 3322 1123 τινα
3365 1068 3553 1139 χρόνον
3588 1069 3690 1121 τοῦ

2105 1156 2360 1212 ἐνιαυτοῦ
2385 1160 2482 1213 καὶ
2516 1160 2881 1230 ἀναχεόμενος
2904 1164 2984 1225 είς
3017 1161 3188 1232 αὐτὴν
3213 1161 3564 1232 καρποφόρον
3592 1162 3689 1229 ἐρ-

2103 1248 2366 1317 γάζεται;
2411 1250 2500 1304 διὰ
2539 1250 2595 1304 τί
2629 1251 2688 1305 δέ
2727 1251 2830 1322 τὴν
2862 1252 3124 1324 ἐνδοτέρω
3157 1252 3424 1323 Θηϐαΐδος
3473 1251 3682 1322 χώραν,

2101 1342 2170 1413 ἢν
2201 1340 2560 1412 ὀνομάζουσιν
2613 1344 2826 1409 Ὄασιν,
2885 1343 3010 1397 οὐτε
3058 1344 3302 1414 ποταμὸς
3348 1344 3472 1397 οὔτε
3525 1343 3687 1406 ὑετὸς

2101 1433 2275 1503 ἄρδει,
2324 1433 2463 1487 ἀλλὰ
2493 1434 2688 1506 πηγῶν
2721 1435 3004 1506 εὐφραίνει
3054 1435 3306 1506 ῥεύματα
3353 1435 3680 1505 πολυχειρίᾳ

2097 1523 2207 1576 τῶν
2237 1524 2563 1595 οἰκητόρων,
2597 1525 2712 1579 ἀλλ’
2740 1526 2842 1579 οὐκ
2888 1525 3213 1596 αὐτομάτως
3257 1525 3679 1594 ἀναδιδομένων,

2095 1614 2218 1668 οὐδὲ
2261 1615 2432 1668 ὑετῶν
2483 1618 2659 1686 φορᾶς
2706 1617 2800 1670 ἐπὶ
2827 1615 2935 1686 γῆς
2967 1617 3269 1688 ἐρχομένης
3300 1614 3426 1688 [675
3455 1614 3550 1687 Β.]
3582 1618 3684 1668 καὶ

2093 1703 2182 1758 διὰ
2212 1704 2325 1758 τῶν
2360 1707 2420 1759 ἐν
2444 1707 2582 1778 αὐτῇ
2615 1707 2828 1776 φλεϐῶν
2855 1708 3270 1778 άναδιδομένης,
3301 1709 3436 1777 ὅπερ
3459 1710 3679 1776 γίνεται

415 1785 646 1858 demque
677 1804 869 1847 rursus
902 1808 998 1858 per
1053 1795 1196 1851 illius
1225 1812 1390 1853 venas
1436 1802 1685 1864 redditis,
1737 1813 1795 1857 ut
1833 1806 1979 1874 apud

2086 1795 2213 1866 παρ’
2263 1799 2418 1867 ἡμῖν.
2476 1799 2588 1851 Kal.
2646 1798 2840 1852 τούτου
2895 1802 3118 1870 σημεῖον
3160 1802 3224 1854 τὸ
3269 1802 3368 1864 τάς
3426 1803 3525 1872 μὲν
3569 1802 3680 1855 ὐπ-

413 1892 516 1934 nos
553 1881 838 1951 contingit.
876 1883 1043 1954 Cujus
1073 1889 1291 1957 quidem
1327 1893 1406 1947 rei
1443 1893 1575 1948 illud
1607 1895 1822 1965 signum
1844 1907 1982 1963 esto,

417 1971 562 2040 quod
599 1986 721 2042 quae
760 1975 1035 2032 montibus
1077 1979 1318 2048 subjecta
1345 1992 1472 2037 sunt
1531 1983 1671 2052 loca,
1717 1987 1984 2056 ejusmodi

415 2060 594 2118 fontes
637 2065 914 2132 emittant,
947 2069 1037 2138 qui
1088 2071 1296 2140 integra
1357 2075 1522 2130 etiam
1594 2075 1813 2132 ﬂumina
1877 2095 1986 2134 non

413 2153 593 2208 minus
625 2154 840 2226 limpida
866 2173 1026 2228 quam
1074 2162 1246 2217 dulcia
1275 2167 1591 2234 producant,
1621 2184 1742 2224 cum
1773 2171 1985 2227 interim

419 2245 776 2314 patentissimi
827 2250 1027 2320 quique
1059 2243 1244 2324 ‘campi
1277 2272 1305 2308 a
1339 2259 1613 2314 montibus
1643 2263 1984 2328 remotiores,

423 2331 770 2402 maximeque
815 2337 983 2405 plani,
1017 2340 1100 2393 vel
1138 2342 1337 2397 nullam
1373 2345 1606 2402 habeant
1649 2365 1866 2419 aquam,
1900 2353 1986 2409 vel

413 2424 628 2480 nonnisi
689 2429 955 2485 modicam
1007 2446 1236 2504 eamque
1263 2451 1481 2505 gravem
1543 2451 1599 2497 et
1630 2443 1852 2511 salsam,
1881 2461 1985 2502 nec

413 2516 795 2574 scaturientem
825 2520 990 2588 illam,
1021 2527 1114 2579 sed
1137 2527 1188 2580 in
1215 2527 1374 2584 fossis
1398 2532 1695 2600 inventam,
1721 2550 1784 2590 ac
1806 2553 1980 2609 neque

415 2613 525 2660 tota
575 2618 762 2665 testate
805 2611 893 2667 siti
947 2614 1320 2674 sumcientem.
1372 2623 1524 2689 Quod
1573 2626 1618 2679 si
1663 2631 1842 2684 omnia
1890 2645 1986 2699 per

411 2698 650 2764 genesim
697 2701 1165 2776 administrantur,
1202 2713 1291 2779 qui
1329 2713 1388 2766 ﬁt
1425 2718 1566 2782 quod
1595 2717 1648 2771 in
1701 2698 1980 2777 humidum

411 2787 627 2858 aliquod
646 2792 860 2863 signum
909 2797 1119 2867 sibique
1160 2803 1426 2859 familiare
1467 2809 1680 2875 planeta
1716 2813 1981 2882 ingresso,

410 2891 516 2933 non
559 2896 775 2938 omnem
804 2886 963 2942 simul
997 2899 1200 2947 terram
1232 2894 1457 2965 impleat
1489 2899 1695 2969 pluvia,
1729 2904 1823 2958 sed
1851 2905 1977 2961 alibi

409 2969 766 3029 nihilominus
817 2991 1079 3046 aquarum
1112 2982 1466 3050 abundantia,
1508 2987 1635 3043 alibi
1677 2990 1980 3058 pluviarum

419 3062 625 3132 inopia,
652 3067 840 3122 eodem
877 3085 1098 3139 prorsus
1135 3082 1408 3144 tempore,
1442 3095 1614 3150 neque
1646 3098 1840 3154 magno
1890 3091 1982 3141 aul-

2090 1886 2291 1955 ωρείάς
2319 1888 2606 1958 προΐεσθαι
2636 1892 2816 1960 πηγὰς
2841 1892 3118 1960 ποταμοὺς
3138 1892 3514 1962 ἐργαζομένας
3539 1893 3676 1946 διει-

2089 1977 2200 2041 δείς
2226 1994 2286 2030 τε
2315 1978 2410 2031 καὶ
2445 1977 2685 2046 γλυκεῖς,
2717 1979 2783 2033 τά
2817 1981 2874 2034 δέ
2919 1981 3013 2034 ἐπὶ
3069 1981 3318 2035 πλεῖστον
3368 1983 3676 2054 ήπλωμένα

2091 2065 2251 2120 πεδία
2304 2068 2400 2120 καὶ
2454 2069 2553 2137 τῆς
2598 2069 2707 2123 τῶν
2751 2069 2892 2140 ὁρῶν
2932 2069 3236 2142 ἐγγύτητος
3277 2073 3339 2125 οὑ
3373 2073 3676 2143 μετέχοντα

2097 2157 2191 2209 καλ⁵
2225 2156 2460 2226 μάλιστα
2497 2157 2721 2212 ίσόπεδα
2761 2159 2836 2230 μὴ
2872 2159 3018 2229 ἔχειν
3041 2160 3205 2232 ὓδωρ,
3237 2161 3270 2232 ἢ
3311 2162 3515 2233 σφόδρα
3537 2164 3676 2233 βρα-

2093 2243 2182 2314 χὺ,
2217 2245 2308 2297 καὶ
2324 2243 2499 2308 τοῦτο,
2515 2245 2652 2316 βαρὺ
2683 2247 2778 2302 xal.
2806 2248 3145 2321 ἁλμυρῶδες,
3175 2251 3237 2304 οὐ
3270 2251 3521 2322 πηγάζον
3549 2254 3674 2306 ἀλλ’

2092 2337 2152 2389 ἐν
2172 2334 2478 2406 ὀρύγμασιν
2511 2340 2921 2410 εὑρισκόμενον,
2951 2334 3076 2395 οὐδὲ
3101 2343 3172 2395 δι’
3197 2343 3322 2396 ὅλου
3351 2343 3444 2397 τοῦ
3474 2344 3676 2415 θέρους

2089 2425 2282 2498 ἀρκεῖν
2331 2427 2648 2498 δυνάμενον.
2680 2431 2743 2484 El
2773 2431 2952 2484 πάντα
3000 2431 3284 2486 διοικεῖται
3325 2436 3390 2505 τῇ
3430 2435 3670 2502 γενέσει,

2091 2518 2210 2582 πῶς
2241 2519 2511 2593 πλάνητος
2559 2521 2819 2586 εἰσιόντος
2849 2525 2929 2587 είς
2958 2524 3124 2594 ὑγρὸν
3168 2522 3380 2589 (nam,
3409 2523 3537 2597 [549
3568 2525 3671 2596 IL]

2090 2604 2136 2681 ᾧ
2162 2612 2363 2684 χαίρει,
2394 2615 2456 2666 οὐ
2480 2616 2660 2668 πᾶσαν
2689 2615 2825 2686 ὁμοῦ
2859 2616 2960 2685 τὴν
2985 2616 3090 2686 γῆν
3125 2616 3326 2688 πληροῖ
3352 2617 3526 2681 ὑετὸς,
3548 2617 3670 2671 ἀλλ’

2091 2704 2126 2774 ή
2157 2703 2256 2774 μὲν
2286 2705 2496 2760 ὑδάτων
2545 2704 2739 2776 πλήθει
2780 2707 2878 2760 καὶ
2921 2706 3187 2779 διεφθάρη
3232 2707 3511 2774 πολλάκις,
3541 2711 3575 2777 ἡ
3609 2708 3672 2761 δὲ

2091 2795 2418 2866 άνομϐρίαις
2455 2797 2598 2851 κατὰ
2635 2799 2729 2852 τὸν
2781 2799 2944 2852 αὐτὸν
2965 2799 3178 2872 καιρὸν,
3214 2801 3391 2854 καίτοι
3424 2816 3488 2868 γε
3539 2799 3669 2853 οὐδὲ

2089 2886 2226 2942 πολύ
2259 2887 2448 2960 πόρρω
2485 2889 2843 2960 διισταμένων
2873 2890 3150 2962 άλλήλων;
3193 2892 3448 2947 τάναντία
3495 2891 3540 2944 δ’
3571 2887 3673 2945 οὖν

2089 2980 2252 3035 πάλιν
2279 2982 2358 3044 είς
2381 2981 2572 3050 καιρὸν
2600 2980 2786 3049 ἓτερον
2811 2980 3040 3046 ταύταις
3066 2984 3260 3054 ὁρᾶται
3275 2983 3666 3055 συμϐαίνοντα.

2092 3071 2246 3143 Τάχα
2274 3071 2369 3126 τοῦ
2393 3073 2579 3136 έθνους
2598 3071 2644 3104 ⁹²
2672 3071 2952 3138 ίδιάζουσά
2985 3092 3069 3139 τις
3097 3075 3330 3145 γένεσις,
3361 3075 3437 3140 ὡς
3466 3077 3531 3131 ἂν
3560 3076 3671 3130 αὐ-

412 3152 633 3209 tuodum
663 3155 901 3214 locorum
932 3162 1239 3232 intervallo,
1292 3179 1434 3224 terra
1498 3152 1762 3231 vitietur‘il
1809 3193 1980 3248 quan-

2086 3164 2169 3218 τοὶ
2215 3161 2533 3228 πλάσαιντο,
2582 3165 2618 3236 ἧ
2647 3181 2702 3218 τι
2751 3167 3158 3238 παρανατέλλον
3193 3169 3338 3232 ίδίως
3375 3168 3564 3232 ζώδιον
3592 3173 3668 3224 τά

413 3258 576 3312 quam
621 3255 677 3303 et
711 3254 985 3306 contraria
1027 3254 1218 3312 iterum
1250 3260 1303 3313 in
1328 3260 1411 3316 his
1445 3262 1550 3318 alio
1582 3276 1822 3336 tempore
1851 3285 1986 3325 cou-

412 3336 621 3405 tingere
644 3340 846 3404 videas.
879 3344 980 3399 nisi
1007 3345 1145 3403 forte
1167 3350 1248 3404 vel
1277 3353 1568 3420 peculiaris
1600 3359 1850 3425 quadam
1908 3363 1981 3417 sit

412 3425 555 3482 illius
583 3430 760 3498 populi
796 3435 1028 3502 genesis,
1064 3447 1123 3491 ut
1163 3439 1260 3510 ipsi
1291 3441 1486 3512 2120
1517 3445 1746 3515 tingunt,
1784 3449 1871 3504 vel
1922 3451 1974 3506 in

409 3520 714 3591 propinquo
744 3525 941 3582 alicubi
980 3529 1237 3599 singulari
1263 3523 1497 3604 quodam
1523 3542 1683 3596 modo
1720 3543 1976 3600 exoriens

409 3608 624 3680 signum
649 3630 964 3675 communes
1030 3621 1149 3677 illas
1178 3639 1439 3693 geneseos
1467 3629 1781 3690 etfectiones
1820 3649 1979 3690 ever-

409 3710 509 3768 tat,
546 3705 830 3777 inauisque
871 3712 945 3764 sit
988 3713 1311 3773 universalis
1346 3735 1605 3788 geneseos
1631 3725 1733 3790 vis,
1777 3727 1821 3780 si
1870 3743 1975 3782 non

408 3803 460 3848 et
493 3798 834 3864 particularis
863 3805 1076 3870 genesis
1097 3821 1422 3864 concurrat.
1443 3813 1788 3884 Siugularum
1816 3821 1980 3886 igitur

409 3893 568 3941 terrae
587 3888 818 3956 partium
843 3907 1068 3960 geneses
1086 3911 1261 3952 aerem
1285 3913 1525 3967 movent,
1562 3921 1736 3976 neque
1761 3910 1972 3979 signum

409 3977 689 4069 humidum
733 3997 838 4036 una
884 3999 1008 4040 cum
1043 3987 1144 4042 sibi
1205 3989 1349 4046 allini
1412 3996 1625 4065 planeta
1674 3977 1970 4069 quidquam

405 4064 623 4122 etlicere
672 4073 888 4138 poterit,
928 4074 1241 4142 particulari
1284 4064 1420 4134 lator
1449 4064 1756 4139 resistente.
1791 4064 1970 4151 Quare

410 4165 674 4222 praeterea
732 4159 786 4214 in
835 4160 971 4216 locis
1001 4163 1325 4231 quibusdam
1377 4168 1554 4222 rarior
1594 4179 1678 4223 est
1727 4172 1974 4239 potabilis

405 4261 568 4316 aqua,
602 4248 656 4305 in
679 4250 998 4320 quibusdam
1014 4269 1145 4311 vero
1171 4257 1430 4326 abundat,
1453 4270 1508 4313 et
1531 4260 1725 4316 calidis
1752 4265 1974 4332 insuper

404 4339 686 4406 potiuntur
733 4344 890 4412 aquis
962 4345 1152 4402 incolat
1199 4360 1392 4417 sponte
1429 4353 1744 4421 productis?
1775 4354 1974 4412 Siciliae

2085 3255 2242 3310 κοινά
2279 3256 2379 3326 τῆς
2421 3255 2692 3325 γενέσεως
2716 3259 3140 3330 ἀποτελέσματα
3165 3260 3402 3327 διέλυσε,
3433 3261 3528 3313 καὶ
3555 3261 3666 3331 μά-

2082 3347 2235 3400 ταιόν
2265 3347 2384 3400 ἐστι
2424 3347 2488 3401 τὺ
2513 3349 2615 3419 τῆς
2659 3349 2926 3418 γενέσεως
2968 3351 3279 3416 καθολικὸν,
3310 3351 3377 3407 ἂν
3413 3351 3488 3422 μὴ
3531 3368 3670 3405 συν-

2081 3441 2254 3513 τρέχῃ
2279 3441 2430 3512 καὶὴ
2465 3442 2690 3513 μερική.
2717 3441 2928 3497 Οὐκοῦν
2968 3444 3026 3496 αἱ
3053 3442 3162 3496 τῶν
3195 3443 3297 3514 τῆς
3330 3443 3434 3515 γῆς
3476 3445 3668 3516 μερῶν

2081 3531 2328 3600 γενέσεις
2379 3531 2473 3586 τὸν
2508 3532 2649 3602 άέρα
2715 3532 2951 3600 κινοῦσι,
3009 3533 3104 3588 καὶ
3153 3534 3308 3587 οὐδὲν
3345 3534 3530 3589 άνύσει
3596 3535 3669 3589 τὸ

2083 3625 2250 3696 ὑγρὸν
2298 3625 2490 3691 (eam
2527 3626 2670 3696 μετὰ
2688 3627 2736 3660 ⁸³
2764 3626 2860 3680 τοῦ
2889 3627 3092 3681 οἰκείου
3125 3627 3394 3699 πλάνητος
3425 3628 3522 3696 τῆς
3554 3645 3664 3697 με·

2084 3716 2245 3787 ρικῆς
2277 3717 2620 3788 εἱμαρμένης
2664 3718 3114 3789 άντιπιπτούσης.
3145 3720 3256 3772 Καὶ
3279 3720 3368 3774 διὰ
3390 3720 3442 3772 τί
3463 3719 3522 3771 ἓν
3543 3735 3664 3772 τισι

2083 3810 2182 3880 μὲν
2214 3809 2403 3872 τόποις
2432 3809 2681 3874 σπανίζει
2707 3811 2770 3863 τὸ
2796 3811 3024 3880 πότιμον
3057 3810 3220 3882 ὕδωρ,
3252 3811 3310 3864 ἐν
3332 3828 3443 3864 τισι
3474 3811 3530 3864 δὲ
3560 3813 3664 3864 καὶ

2078 3900 2240 3954 τοῦτο
2292 3901 2542 3972 πληθύει,
2595 3902 2690 3956 καὶ
2745 3901 2964 3973 θερμῶν
3022 3902 3230 3958 ὑδάτων
3293 3903 3662 3960 ἀπολαύουσιν

2079 3991 2401 4062 αὐτομάτως
2448 3993 2882 4064 άναδιδομένων;
2941 3993 3192 4058 Σικελίας
3248 3995 3306 4048 δέ
3365 3996 3459 4049 καὶ
3513 3996 3662 4049 Γαλ-

2076 4082 2195 4146 λίας
2214 4085 2262 4116 ³⁵
2295 4087 2389 4138 καὶ
2425 4084 2632 4150 Λυκίας
2680 4087 2777 4139 καὶ
2843 4087 3044 4157 ἐτέρων
3071 4087 3242 4143 ἐθνῶν
3295 4090 3396 4143 οὐκ
3451 4089 3659 4158 ὀλίγων

2076 4173 2178 4246 ὅρη
2225 4175 2461 4244 μέγιστα
2506 4177 2620 4247 πῦρ
2680 4177 2934 4231 άέναον’⁵
2955 4179 3224 4234 ἐκδιδόασι
3271 4180 3541 4240 τοσοῦτον,
3574 4183 3658 4245 ὡς

2075 4270 2174 4323 καὶ
2207 4272 2320 4334 τοῖς
2375 4272 2436 4325 ἐν
2487 4262 2646 4326 νυκτὶ
2679 4272 2968 4342 φαίνεσθαι
3007 4275 3313 4347 πόρρωθεν,
3352 4278 3487 4348 μήτε
3540 4277 3656 4330 ὑπὸ

2077 4358 2279 4429 κρύους
2329 4361 2742 4432 ἐλαττούμενον,
2778 4365 2916 4433 μήτε
2961 4365 3065 4418 ὑπὸ
3111 4363 3322 4436 ὄμϐρου
3344 4365 3390 4398 ’⁵
3422 4366 3655 4420 σϐεννύ-

401 4445 639 4502 quoque,
678 4433 886 4499 Galliae,
940 4437 1140 4508 Lycias,
1171 4439 1508 4512 aliarumque
1567 4445 1808 4513 gentium
1863 4463 1968 4502 non

2086 4467 2261 4520 μενον,
2297 4454 2435 4523 μήτε
2481 4457 2593 4514 τοῖς
2639 4455 2736 4524 τῆς
2780 4455 2884 4526 γῆς
2914 4433 3256 4528 βλαστήμασι
3319 4457 3654 4530 λυμαινόμε-

401 4523 772 4594 minimarum,
801 4530 1021 4584 maximi
1057 4542 1292 4598 montes,
1331 4549 1627 4603 perennem
1676 4535 1856 4607 ignem
1890 4540 1968 4595 sic

2086 4558 2185 4607 νον,
2220 4542 2330 4597 τῶν
2362 4546 2788 4615 παρακειμένων
2829 4547 3014 4612 αὐτοῖς
3043 4549 3182 4618 μήτε
3223 4565 3276 4602 τι
3301 4549 3513 4603 τοιοῦτο
3538 4567 3652 4603 πα-

333 4651 341 4662 η
406 4614 689 4681 emittunt,
738 4621 988 4675 utetiam
1039 4622 1196 4692 longe
1245 4625 1437 4693 positis
1475 4637 1635 4682 noctu
1689 4640 1968 4698 appareat,

401 4722 579 4778 neque
612 4710 696 4766 vel
753 4711 1045 4782 frigoribus
1109 4718 1486 4784 imminuatur,
1548 4720 1631 4775 vel
1704 4721 1971 4778 imbribus

405 4802 808 4872 exstinguatur,
839 4807 921 4860 vel
957 4817 1116 4863 terrae
1168 4811 1506 4881 gertninibus
1564 4825 1794 4868 noceat:
1845 4829 1968 4869 cum

397 4893 488 4961 qui
523 4893 608 4948 his
667 4894 801 4963 ipsis
837 4898 1016 4968 populi
1045 4899 1310 4969 adjacent,
1342 4901 1448 4957 tale
1478 4903 1612 4958 nihil
1667 4906 1966 4975 patiantur,

403 4998 580 5055 neque
607 4987 898 5044 ostendere
925 4987 1053 5062 [illi]
1074 4993 1304 5060 possint,
1320 4994 1453 5064 quid
1476 5005 1678 5049 tantam
1703 4997 1967 5062 locorum,

398 5077 564 5145 aeris,
593 5093 883 5148 aquarum,
915 5096 1254 5153 camporum,
1278 5086 1565 5150 montium,
1611 5087 1968 5142 differentiam

393 5168 627 5224 dederit.
663 5169 800 5226 Nam
824 5173 867 5225 si
900 5171 1188 5230 duodecim
1227 5176 1378 5245 signa
1403 5178 1632 5244 zodiaci,
1673 5187 1727 5233 et
1758 5188 1967 5248 septem

394 5259 624 5328 planetas
674 5261 752 5334 [id
785 5263 1099 5336 praestent],
1153 5282 1325 5336 quare
1381 5269 1548 5339 igitur
1606 5287 1711 5326 non
1778 5274 1965 5328 eadem

394 5352 596 5423 ubique
619 5357 957 5426 operantur?
987 5358 1182 5430 Inopes
1210 5371 1471 5430 praeterea
1497 5374 1554 5420 et
1601 5365 1818 5432 divites,
1854 5368 1957 5421 im-

2072 4635 2308 4704 σχόντων
2347 4636 2484 4708 μήτε
2529 4638 2980 4704 ἐπιδεικνύντωνς
3030 4640 3084 4693 τί
3140 4641 3410 4713 τοσαύτην
3437 4643 3647 4708 τόπων,

2069 4727 2267 4798 ἀέρων,
2317 4727 2550 4794 ὑδάτων,
2583 4729 2803 4796 πεδίων,
2829 4731 2972 4802 ὀρῶν
3017 4731 3218 4785 δέδωκε
3250 4732 3548 4804 διαφοράν;
3583 4738 3645 4788 οὐ

2070 4819 2138 4889 ιβ’
2165 4821 2237 4874 τά
2265 4817 2432 4884 ζώδια
2484 4821 2579 4874 καὶ
2597 4823 2650 4874 οί
2680 4819 2950 4893 πλάνητες
2977 4821 3023 4887 ζ’
3043 4840 3059 4889 ;
3092 4823 3180 4879 διά
3203 4825 3257 4879 τί
3284 4825 3380 4880 οὖν
3421 4828 3484 4882 οὐ
3512 4846 3650 4883 παν-

2067 4910 2234 4981 ταχοῦ
2251 4912 2321 4966 τά
2348 4913 2486 4967 αὐτὰ
2512 4913 2822 4984 ἐνεργοῦσις
2843 4916 2939 4969 καὶ
2969 4916 3076 4988 μὴν
3097 4917 3337 4990 πένητας
3362 4921 3455 4974 καὶ
3477 4921 3647 4975 πλου-

2070 5004 2240 5066 σίους.
2307 5004 2578 5074 ἄρχοντας
2622 5005 2719 5059 καὶ
2781 5006 3140 5078 ἀρχομένους,
3209 5009 3503 5073 νοσοῦντας
3553 5013 3645 5064 καὶ

2068 5097 2409 5166 ὑγιαίνοντας
2445 5099 2541 5154 καὶ
2565 5100 2636 5153 τά
2663 5100 2792 5171 ἐξῆς
2823 5100 3007 5172 εὕροις
3040 5102 3107 5156 ἂν
3140 5105 3478 5174 ἁπανταχοῦ.
3520 5107 3647 5168 Πῶς

2066 5187 2160 5243 οὖν
2192 5192 2254 5243 οὐ
2298 5192 2576 5262 πανταχοῦ
2627 5195 2722 5246 καὶ
2769 5193 2916 5246 ὑετοὶ
2966 5195 3061 5248 καὶ
3103 5195 3306 5265 αὐχμοὶ
3325 5197 3371 5228 ’⁷
3402 5198 3496 5250 καὶ
3542 5199 3648 5251 ὅσα

2068 5283 2510 5352 προειρήκάμενς
2566 5283 2769 5354 χρυσοῦ
2817 5285 2874 5350 δὲ
2938 5287 3266 5358 μέταλλονῆ
3317 5289 3561 5360 ἀργύρου
3608 5291 3643 5360 ἡ

2069 5372 2273 5443 χαλκοῦ
2328 5374 2362 5444 ἢ
2409 5376 2733 5445 κασσιτέρου
2763 5375 2796 5446 ἢ
2833 5375 3079 5446 μολίϐδου
3125 5378 3159 5448 ἢ
3191 5379 3299 5433 τῶν
3329 5379 3644 5452 άλλων,με-

1647 5549 1881 5606 νΑΒΙΑΞ
1921 5549 2330 5610 LECTIONES.

463 5646 938 5741 lcuvsxfficorr.
1054 5675 1066 5711 :
1095 5658 1324 5741 συνεχὴς
1354 5677 1414 5741 gn.
1477 5661 1534 5741 _'_‘
1643 5663 1739 5715 τοῦ
1769 5663 2070 5741 bibulae?
2085 5666 2236 5741 ἡλίου
2265 5669 2323 5741 δὲ
2349 5671 2414 5723 Α.
2490 5673 2536 5704 θ’
2562 5673 2745 5735 ἔθνους
2775 5674 2860 5730 AC.
2894 5675 3078 5737 εέθους
3105 5693 3164 5741 ς.

3263 5676 3310 5708 ’³
3341 5671 3482 5746 μετὰ
3503 5672 3589 5729 AC
3614 5691 3630 5727 :

391 5716 533 5771 κατὰ
559 5736 618 5782 ς.
657 5716 740 5753 ﬂ“
758 5723 1006 5797 Γαλλίας]
1031 5744 1097 5783 an
1137 5716 1406 5794 Ἰταλίας-ἵ
1476 5731 1521 5766 ⁸⁵
1553 5716 1864 5799 ἀένναονξῖ.
1927 5716 2138 5808 ³³⁸.ιίὺῆ
2179 5737 2439 5810 ὄμϐρους.
2518 5745 2560 5776 ⁹⁷
2591 5716 2750 5797 καὶξὶ
2789 5746 2987 5816 αὐχμοὶ
3015 5716 3078 5800 Δῖ
