3972 6248
321 340 432 405 845

1359 345 1888 405 BIBLIOTHE‘CA.
1931 368 1998 379 -
2027 344 2190 406 COD.
2225 345 2536 408 CCXXlII.

3453 352 3557 416 846

321 451 592 507 ταλλικῶν
636 452 744 507 ἀπὸ
784 453 942 518 ποῖας
987 454 1252 522 γενέσεως
1284 457 1316 527 ὴ
1348 458 1509 524 φύσις
1540 458 1885 525 eripiens-rat;

1993 467 2243 526 perantes
2273 469 2328 514 et
2357 460 2623 524 subditos,
2656 473 2830 531 aegros
2856 468 3019 531 atque
3051 475 3236 528 sanos,
3270 469 3325 518 et
3357 475 3554 521 czetera

288 540 456 598 ξΘεδν
480 544 577 615 μὲν
604 540 698 599 οὖν
727 547 994 616 τοσαύτην
1026 546 1285 620 διαφορὰν
1329 551 1425 604 καὶ
1475 550 1673 621 μυρίαν
1727 549 1892 618 ἄλλην

286 651 291 674 τ
323 635 642 707 κεχαρίσθαι
664 639 730 707 τῇ
751 640 821 708 γῇ
845 638 912 691 δι’
945 639 1091 708 ἡμᾶς
1114 641 1498 710 ὁμολογοῦντες
1530 642 1859 712 εύσεϐοὖμεν
1875 657 1888 670 ·

321 727 665 797 εἱμαρμένην
681 727 728 760 ⁸⁸
774 728 831 781 δὲ
872 729 960 782 διὰ
1003 731 1159 784 τοῦτο
1199 733 1447 802 τεχνίτας
1497 733 1768 799 πλάττειν,
1805 733 1894 786 ἵνα

320 820 630 891 χρήσωνται
661 822 783 882 ταῖς
815 819 989 885 ὕλαις,
1028 821 1140 875 οὔτ’
1180 824 1248 878 ἂν
1291 827 1451 895 ἡμεῖς
1497 825 1744 896 εἴποιμεν
1769 823 1892 877 οὔτε

319 911 507 980 ἕτερος
536 909 594 963 εὖ
625 911 860 982 φρονῶν.
898 911 1016 964 Ἔτι
1065 912 1122 966 δὲ
1165 915 1214 966 εἰ
1249 915 1421 985 κλίμα
1450 915 1678 968 ἕκαστον
1705 915 1894 984 διαμέ-

318 1017 402 1053 νει
437 999 657 1071 μυρίαις
685 1003 807 1064 ταίς
836 1003 973 1071 πρὸς
1001 1002 1206 1074 ἄλληλα
1249 1004 1530 1074 διαφοραῖς
1577 1007 1684 1060 ἀπὸ
1727 1023 1894 1060 κατα·

319 1091 484 1162 ϐολῆς
511 1092 742 1155 κτίσεως
777 1093 1171 1163 κοσμούμενον,
1205 1097 1300 1148 καὶ
1344 1096 1607 1168 ἀκίνητον
1637 1096 1734 1151 ἀπ’
1760 1098 1892 1150 αἰῶ-

317 1200 410 1246 νος
441 1182 674 1252 ’έστηκεν
723 1183 828 1236 ὑπὸ
848 1184 892 1216 ’θ
929 1183 1072 1236 τῶν¹
1111 1185 1213 1254 τῆς
1238 1185 1506 1254 γενέσεως
1549 1186 1887 1256 μεταϐολῶν,

317 1273 506 1328 οὺδὲν¹
539 1273 906 1343 βλαπτόμενον
931 1273 1076 1345 (οὔτε
1117 1276 1222 1346 γὰρ
1267 1277 1580 1348 παλίρῤοιαι
1619 1277 1892 1349 θαλάσσης

316 1365 659 1436 ἐπαύθησαν,
689 1367 750 1418 ού
778 1367 950 1436 πυρὸς
977 1367 1233 1422 ἄσϐεστοι
1263 1373 1460 1437 πηγαὶ,
1484 1372 1544 1422 ού
1569 1370 1724 1433 ζώων
1758 1372 1888 1424 ἑκά-

320 1472 451 1509 στου
477 1456 740 1526 κλίματος
761 1456 1037 1526 διαφοραὶ,
1076 1457 1136 1510 ού
1193 1459 1400 1528 μυρίων
1434 1459 1607 1511 ἄλλων
1642 1459 1890 1529 ἑτερότη-

317 1566 413 1612 τες
441 1548 849 1619 άμετάϐλητοι),
898 1549 1170 1602 τοσούτων
1221 1553 1559 1620 πραγμάτων
1618 1552 1715 1621 τῆς
1760 1550 1892 1622 παρ’

317 1638 504 1701 αὐτοῖς
528 1637 548 1668 ³
580 1637 846 1704 γενέσεως
885 1637 1321 1708 ἀπηλλαγμένων
1373 1639 1490 1702 πῶς
1549 1639 1701 1692 οὐδὲν
1761 1640 1890 1694 ἄνευ

317 1729 531 1798 ταύτης
560 1725 685 1780 οὔτε
732 1726 976 1796 γίνεσθαι
1024 1727 1271 1796 λέγουσιν
1303 1728 1425 1782 οὔτε
1467 1730 1742 1800 διαμένειν
1763 1729 1888 1783 οὔτε

315 1819 662 1886 διοικεῖσθαις
692 1819 964 1891 πυθοίμην
992 1818 1037 1873 δ’
1086 1819 1152 1874 ἂν
1181 1819 1361 1875 αὐτῶν
1386 1821 1580 1892 ἡδέως,
1603 1821 1732 1876 ποία
1761 1823 1884 1892 δρό-

318 1929 424 1984 μου
448 1913 657 1982 κίνησις
685 1913 765 1973 εἰς
784 1911 846 1964 τὸ
866 1906 1004 1966 εἶναι
1024 1911 1122 1980 τὴν
1141 1911 1316 1984 ἀρχὴν
1343 1912 1583 1983 παρέσχε
1601 1915 1719 1976 ταῖς
1735 1911 1888 1984 βοτά-

317 2023 456 2068 ναις,
478 2007 591 2067 τοῖς
610 2005 817 2072 φυτοῖς,
849 2005 961 2067 τοϊς
983 2001 1139 2068 ζώοις
1158 2019 1174 2070 ;
1201 2004 1281 2057 δεῖ
1302 2003 1408 2075 γάρ
1431 2005 1661 2058 ἑκάστου
1681 2005 1885 2059 τούτων

319 2096 603 2166 φαίνεσθαι
626 2097 726 2168 τὴν
739 2099 836 2167 τῆς
854 2096 1118 2164 γενέσεως
1141 2095 1315 2168 ὥραν,
1339 2097 1426 2150 ὅτε
1445 2096 1552 2151 ἀπὸ
1566 2099 1672 2166 γῆς
1687 2097 1886 2150 ἐπλάτ-

317 2205 490 2247 τοντο,
520 2187 648 2259 [6⁸76
675 2187 766 2260 ll.]
791 2189 882 2242 καὶ
914 2189 1104 2259 ἑτέραν
1138 2189 1234 2259 μὲν
1267 2185 1406 2242 εἶναι
1431 2188 1692 2258 φοίνικος,
1719 2189 1886 2259 ἄλλην

314 2281 375 2334 δὲ
406 2279 598 2348 συκῆς,
624 2279 721 2334 καὶ
747 2279 910 2346 κυνδς
943 2281 1254 2346 ἰδιάζουσαν
1280 2283 1372 2336 καὶ
1393 2281 1642 2352 καμήλου
1662 2297 1678 2314 ο
1703 2283 1765 2336 ού
1785 2283 1885 2355 τὴν

313 2371 486 2440 αὐτὴν
520 2371 710 2434 ἵππου,
738 2373 1087 2444 περιστερᾶς,
1114 2370 1436 2442 ἀνθρώπων,
1461 2374 1555 2426 καὶ
1581 2373 1690 2426 τῶν
1709 2373 1884 2429 ἄλλων

307 2464 536 2534 ὁμοίως.
570 2465 667 2518 Ἂν
694 2467 791 2536 μὲν
811 2459 907 2519 οὖν
936 2465 1102 2535 ἔχωσι
1131 2465 1309 2535 λέγειν
1349 2465 1438 2520 διὰ
1466 2467 1519 2520 τί
1550 2468 1626 2539 μὴ
1665 2469 1760 2522 καὶ
1789 2468 1885 2523 νῦν

314 2556 430 2610 ἀπὸ
457 2557 560 2625 γῆς
582 2557 604 2588 ⁵
629 2557 663 2627 ἡ
692 2557 907 2626 γένεσις
938 2559 1161 2611 πλάττει
1205 2559 1273 2612 τά
1320 2561 1711 2630 προειρημένα,
1741 2561 1884 2614 διδα-

319 2645 598 2699 σκέτωσαν
621 2661 635 2674 ·
664 2646 816 2699 οὐδὲν
843 2645 954 2716 γὰρ
989 2645 1135 2714 ἅπαξ
1163 2647 1193 2700 ὁ
1226 2647 1324 2716 τῆς
1375 2647 1640 2716 γενέσεως
1687 2649 1884 2713 κύκλος

315 2738 656 2802 ἀποτελέσει,
682 2739 743 2792 τὸ
769 2739 814 2792 δ’
841 2739 972 2793 αὐτὸ
997 2742 1141 2792 ποιεῖ
1164 2739 1444 2804 πολλάκις.
1490 2740 1590 2793 Διά
1631 2742 1684 2793 τί
1704 2741 1761 2794 δὲ
1782 2740 1882 2814 τὴν

319 2829 421 2899 μὲν
451 2827 625 2900 ἀρχὴν
661 2829 760 2882 οὐκ
807 2829 873 2883 ἂν
902 2825 971 2900 ἦν
997 2828 1032 2883 ἃ.
1061 2830 1334 2902 προήχθη,
1369 2831 1444 2902 μὴ
1487 2832 1595 2884 ἀπὸ
1617 2833 1720 2904 γῆς
1747 2833 1884 2885 πλα-

319 2921 536 2988 σθέντα,
574 2919 699 2992 [550
722 2920 814 2992 Η]
848 2920 988 2990 μετὰ
1019 2921 1077 2975 δὲ
1101 2921 1274 2976 ταῦτα
1303 2923 1456 2976 οὐδὲν
1480 2922 1546 2977 ἂν
1571 2923 1749 2977 αὐτῶν
1775 2926 1883 2978 ἀπὸ

317 3016 422 3084 γῆς
452 3015 791 3084 βλαστήσειε,
821 3014 911 3068 διὰ
939 3013 997 3067 δὲ
1023 3017 1120 3084 τῆς
1151 3015 1208 3080 ἐξ
1237 3015 1479 3086 ἀλλήλων
1501 3014 1752 3086 διαδοχῆς
1776 3016 1882 3070 σώ-

1995 551 2195 620 ubique
2232 553 2520 622 reperias:
2555 553 2686 622 quin
2736 567 2868 623 ergo
2912 555 3076 608 etiam
3119 555 3316 627 ubique
3365 558 3560 627 pluviae

1993 651 2049 696 et
2095 643 2406 709 ariditates,
2458 653 2513 698 et
2565 655 3107 720 quaecunque‘antea
3164 662 3561 704 commemora-
3617 707 3621 716 ς

1994 733 2212 787 vimus?
2259 731 2377 787 Jam
2407 734 2527 787 auri
2559 734 2856 801 metallum,
2890 738 3121 806 argenti,
3168 740 3316 803 (eris,
3351 742 3557 805 stanni,
3616 726 3621 760 δ

1993 822 2219 892 plumbi,
2269 825 2352 878 vel
2405 833 2724 878 caeterorum
2794 827 3187 882 metallicorum
3258 839 3472 896 natura,
3529 849 3558 886 a

1993 913 2135 981 quali
2171 915 2384 968 tandem
2411 915 2592 982 genesi
2621 923 2737 968 orta
2780 915 3092 984 reperitur?
3161 917 3339 984 Itaque
3394 917 3559 970 Deum

1991 1004 2208 1072 quidem
2243 1015 2298 1058 et
2325 1005 2465 1060 hanc
2495 1015 2723 1071 tantam,
2756 1015 2812 1060 et
2841 1006 2976 1061 alias
3007 1007 3426 1061 innumerabiles
3461 1023 3559 1060 va-

1993 1096 2211 1151 rietates
2237 1105 2420 1150 nostra
2447 1097 2784 1165 potissimum
2813 1113 2976 1153 causa
3006 1107 3165 1153 terrm
3195 1098 3562 1168 impertivisse

1992 1189 2080 1258 pie
2115 1186 2352 1242 fatemur
2389 1206 2402 1242 :
2437 1204 2469 1242 a
2504 1188 2614 1244 fato
2638 1206 2767 1246 vero
2794 1201 3080 1261 propterea
3108 1191 3292 1248 fabros
3323 1193 3561 1247 artiﬁces

1997 1276 2195 1339 creari,
2227 1293 2336 1348 quo
2367 1279 2551 1332 mundi
2582 1279 2744 1350 hujus
2781 1281 2946 1337 rebus
2979 1283 3054 1336 uti
3089 1283 3324 1353 possint,
3360 1284 3414 1339 id
3469 1299 3562 1339 ne-

1990 1382 2097 1437 quc
2147 1383 2244 1422 nos
2291 1368 2626 1434 dixerimus,
2693 1384 2867 1440 neque
2948 1371 3088 1426 alius
3139 1382 3284 1427 recte
3319 1374 3562 1430 sentiens

1993 1462 2298 1529 quisquam.
2334 1459 2534 1544 Prteter
2576 1462 2678 1517 ista
2703 1503 2718 1524 ,
2754 1464 2800 1518 si
2841 1464 3046 1531 singula
3079 1464 3295 1519 climata
3350 1480 3564 1533 perma-

1992 1559 2141 1616 nent,
2195 1553 2464 1608 sexcentis
2529 1553 2673 1608 iuter
2715 1567 2773 1608 se
2824 1553 3141 1609 diﬂ‘erentiis
3189 1555 3300 1623 jam
3356 1555 3480 1609 inde
3531 1573 3559 1608 ιι

1991 1641 2206 1696 condito
2221 1644 2351 1698 orbe
2377 1653 2656 1712 exornata,
2681 1654 2734 1698 et
2764 1643 2892 1698 nihil
2919 1660 2948 1699 a
2979 1660 3234 1715 geneseos
3256 1647 3564 1702 mutationi-

1991 1735 2092 1790 bus
2113 1736 2261 1800 laasa,
2282 1735 2574 1791 immobilia
2592 1751 2819 1807 prorsus
2838 1737 2907 1793 ab
2929 1748 3132 1792 aeterno
3163 1738 3565 1793 constituerunt

1917 1805 1960 1861 Β
1991 1823 2118 1894 (ιιοιι
2150 1824 2292 1879 enim
2327 1834 2422 1880 aut
2458 1825 2652 1881 alterni
2684 1825 2857 1881 ﬂuxus
2890 1828 3074 1892 maris,
3122 1837 3213 1882 aut
3242 1828 3378 1897 ignis
3409 1830 3564 1883 inex-

1987 1916 2168 1969 stincti
2220 1915 2400 1971 fontes
2436 1925 2530 1970 aut
2561 1916 2877 1970 animalium
2918 1919 2968 1970 in
2996 1919 3221 1988 singulis
3259 1919 3566 1973 climatibus

1987 2005 2306 2062 diﬂerentiae
2336 2017 2431 2062 aut
2463 2007 2580 2063 alia!
2613 2007 3056 2074 innumerabiles,
3076 2009 3170 2064 sed
3202 2010 3563 2064 immutabile:

1984 2111 2168 2152 rerum
2211 2097 2558 2154 alterationes
2588 2113 2825 2167 unquam
2866 2099 3166 2169 cessarunt)
3198 2118 3212 2153 :
3241 2108 3321 2154 tot
3349 2099 3563 2153 interim

1985 2189 2148 2244 rebus
2180 2205 2275 2259 per
2305 2190 2472 2259 ipsam
2503 2191 2741 2260 genesim
2777 2190 3098 2254 immutatis,
3152 2191 3423 2260 quomodo
3447 2193 3596 2246 sine'

1987 2283 2090 2336 hac
2108 2291 2201 2336 aut
2231 2281 2346 2336 ﬁeri
2373 2281 2665 2351 quidquam
2681 2291 2774 2336 aut
2804 2295 3123 2351 permanere
3152 2292 3247 2337 aut
3272 2284 3561 2350 gubernari

1984 2389 2144 2444 posse
2193 2375 2440 2444 negant?
2471 2374 2724 2430 Libenter
2765 2383 2942 2428 autem
2976 2375 3043 2428 ab
3093 2375 3174 2430 eis
3221 2375 3562 2444 quaesierim,

1984 2466 2282 2536 qualisnam
2332 2465 2472 2522 forte
2526 2465 2781 2520 curriculi
2821 2477 2998 2520 motus
3028 2466 3230 2528 herbis,
3272 2465 3468 2534 plantis
3507 2479 3572 2519 et

1985 2557 2347 2612 animantibus
2397 2557 2785 2613 exsistentibus
2825 2557 3141 2628 principium
3173 2556 3382 2612 dederit
3415 2573 3430 2610 :
3465 2559 3565 2611 de-

1987 2656 2332 2710 monstranda
2368 2656 2512 2711 enim
2566 2656 2831 2726 geniturae
2869 2653 3060 2708 horum
3091 2652 3354 2722 cujusque
3405 2652 3562 2712 hora,

1984 2761 2087 2814 qua
2113 2759 2144 2799 e
2193 2753 2335 2800 terra
2374 2743 2746 2800 formabatur:
2780 2754 2835 2800 et
2854 2745 3014 2799 aliam
3049 2745 3266 2814 quidem
3300 2757 3422 2798 esse
3447 2743 3564 2813 pal-

1985 2856 2105 2906 mae,
2153 2841 2310 2895 aliam
2363 2841 2517 2900 ficus,
2560 2841 2710 2894 canis
2765 2841 2891 2894 item
2934 2855 3085 2894 suam
3112 2853 3234 2894 esse
3261 2839 3561 2912 propriam,

1984 2934 2341 3002 similiterque
2381 2930 2582 3003 213a
2633 2933 2845 2996 cameli,
2881 2946 3054 3001 neque
3110 2929 3358 2984 eamdem
3415 2928 3561 2983 illam

1985 3039 2110 3080 esse
2161 3025 2307 3095 equi,
2347 3023 2634 3088 columbae,
2689 3031 2784 3076 aut
2831 3017 3132 3081 hominum.
3185 3027 3240 3074 et
3285 3018 3341 3072 id
3393 3031 3563 3085 genus

315 3109 508 3174 ζεται;
549 3107 731 3179 ῆπῶς
763 3107 825 3159 τὸ
869 3105 1206 3176 κυριώτατον
1257 3108 1350 3188 καὶ
1397 3109 1880 3179 ἁναγκαιότατονή

1991 3117 2248 3170 aliorum.
2288 3114 2344 3168 Si
2374 3129 2506 3181 ergo
2551 3122 2777 3181 possunt
2811 3113 3015 3175 dicere,
3049 3128 3148 3165 cur
3203 3125 3310 3165 non
3338 3119 3394 3164 et
3416 3123 3561 3162 nunc

316 3201 531 3270 γένεσις
551 3199 649 3253 οὐκ
681 3200 901 3270 ἔχουσα,
941 3199 1085 3268 λέγω
1121 3199 1186 3270 δὴ
1213 3181 1286 3252 τδ’
1307 3201 1413 3253 ἀπὸ
1448 3201 1552 3270 γῆς
1586 3199 1791 3253 πλάσαι
1814 3201 1884 3254 τὰ

315 3291 520 3354 πάντα,
552 3291 644 3343 τού
681 3293 1012 3361 συγκρατείν
1031 3289 1125 3343 καὶ
1168 3289 1452 3344 ἀποτελεῖν
1482 3292 1576 3344 καὶ
1604 3291 1885 3359 ἀφανίζειν

315 3382 437 3436 ἐστὶ
466 3383 628 3452 κυρία
653 3398 668 3448 ;
698 3381 780 3434 ἔτι
810 3381 867 3435 δὲ
890 3384 940 3435 εἰ
958 3382 978 3413 ⁸
1005 3381 1112 3435 ἀπὸ
1140 3381 1238 3452 τῆς
1265 3383 1407 3437 κατά
1430 3382 1529 3454 τὴν
1554 3381 1704 3453 ὥραν
1735 3385 1887 3455 ἀκρι-

313 3474 448 3539 ϐοῦς
485 3475 832 3544 ἐπιγνώσεως
861 3475 1075 3545 ἑκάστῳ
1102 3474 1214 3526 τῶν
1248 3475 1548 3544 γινομένων
1573 3475 1641 3528 τὰ
1669 3476 1884 3546 συμϐη-

318 3563 521 3632 σόμενα
531 3561 798 3629 λέγουσιν,
813 3561 910 3614 ἀνθ
919 3560 1102 3632 ρώπῳ,
1120 3578 1192 3632 φη
1200 3562 1284 3630 μὶ,
1302 3563 1396 3615 καὶ
1413 3562 1496 3632 βοῒ
1507 3564 1596 3616 καὶ
1608 3561 1780 3635 ὀρνέῳ
1791 3563 1886 3618 καὶ

316 3654 489 3723 πλοίῳ
511 3654 604 3707 καὶ
632 3652 803 3717 πόλει,
822 3654 916 3707 καὶ
945 3654 1162 3708 πάντων
1188 3648 1262 3708 ὧν
1289 3654 1387 3726 τὴν
1406 3655 1713 3726 πρόγνωσιν
1741 3655 1885 3726 ἔχειν

317 3745 707 3816 ἰσχυρίζονται,
722 3745 840 3809 πῶς
863 3745 968 3816 γῆς
993 3747 1087 3800 καὶ
1104 3745 1377 3817 θαλάσσης
1393 3747 1592 3800 καὶτοῦ
1616 3749 1774 3820 ἀέρος
1785 3749 1885 3803 οὐκ

315 3837 519 3902 εἰδότες
541 3837 650 3892 τῶν
674 3838 943 3908 γενέσεων
967 3838 1108 3920 τοὺςι
1129 3840 1376 3910 καιροὺς,
1405 3839 1476 3893 τὰ
1503 3839 1652 3911 πάθη
1679 3841 1886 3895 τούτων

314 3931 416 3986 καὶ
445 3931 543 3994 τὰς
571 3930 815 4002 κινήσεις
840 3931 935 3984 καὶ
973 3930 1072 3992 τὰς
1103 3931 1408 4002 μεταϐολὰς
1453 3930 1884 4001 ἐπαγγέλλονται

313 4022 527 4090 λέγειν;
561 4021 655 4075 καὶ
684 4021 799 4086 πῶς
837 4021 936 4075 ούκ
967 4020 1032 4074 ἄν
1071 4039 1156 4086 τις
1184 4022 1366 4088 αὐτοῖς
1394 4023 1736 4092 ἀπιστήσειε,
1768 4025 1884 4090 πῶς

313 4115 371 4168 δὲ
404 4115 505 4167 οὐκ
535 4113 602 4167 ἂν
638 4114 818 4166 αὐτῶν
859 4115 1260 4184 ἀποστραφεῖεν
1289 4114 1388 4184 τὴν
1435 4115 1672 4185 ἄμετρον
1697 4115 1887 4181 ἀλαζο-

311 4207 495 4272 νείαν;
518 4205 640 4258 οὐδὲ
669 4205 776 4274 γὰρ
801 4203 910 4258 τῶν
935 4204 1076 4257 κατὰ
1101 4204 1264 4275 μέρος
1289 4206 1546 4260 ἁπάντων
1575 4205 1883 4271 ἰδιαζούσας

313 4296 608 4368 παρέξουσι
655 4296 752 4358 τὰς
798 4295 1061 4363 γενέσεις.
1099 4297 1207 4350 Καὶ
1237 4299 1344 4367 μὴν
1386 4297 1675 4351 ἀκόλουθον
1698 4299 1886 4352 τοσαύο

311 4407 411 4452 τας
436 4384 574 4442 εἶναι
601 4387 866 4456 γενέσεων
902 4387 1183 4458 διαφορὰς,
1209 4388 1310 4442 ὅσα
1344 4390 1412 4442 τὰ
1451 4389 1582 4461 γένη
1608 4388 1717 4442 τῶν
1747 4407 1882 4461 προ-

1987 3218 2186 3262 eterra
2231 3206 2445 3275 genesis
2476 3203 2669 3260 formet
2703 3204 2981 3275 praedicta,
3013 3205 3242 3259 doceant
3267 3216 3384 3255 nos.
3420 3199 3563 3254 Nihil

1987 3299 2153 3362 enim,
2197 3295 2339 3367 quod
2369 3297 2535 3352 semel
2577 3299 2837 3351 duntaxat
2870 3311 2967 3366 per
2999 3309 3262 3364 geneseos
3292 3293 3556 3346 ambitum

1989 3390 2319 3458 perficiatur,
2365 3389 2460 3442 sed
2488 3389 2628 3442 idem
2664 3387 2828 3442 etiam
2858 3403 2999 3456 saepe
3029 3385 3212 3442 ellicit.
3276 3385 3387 3439 Cur
3416 3387 3565 3436 insu-

1986 3497 2083 3549 per
2114 3481 2184 3536 ab
2205 3481 2359 3535 initio
2381 3479 2596 3549 quidem
2627 3493 2734 3533 non
2757 3487 2948 3533 essent
2977 3493 3098 3547 quae
3123 3477 3383 3547 producta
3412 3485 3560 3537 sunt,

1985 3571 2091 3624 nisi
2126 3584 2177 3625 -e
2226 3579 2369 3625 terra
2427 3570 2659 3624 formata
2700 3565 2976 3622 fuissent:
3033 3573 3154 3636 post
3197 3575 3380 3620 autem
3424 3563 3560 3618 nihil

1989 3666 2179 3718 horum
2217 3676 2250 3717 e
2296 3671 2437 3714 terra
2470 3658 2776 3729 germinare
2805 3658 2997 3727 possit,
3033 3657 3128 3711 sed
3167 3671 3262 3726 per
3313 3664 3561 3709 mutuam

1984 3754 2182 3810 debeat
2211 3752 2613 3807 successionem
2640 3746 2997 3804 conservari?
3021 3747 3128 3801 Aut
3153 3745 3422 3812 quomodo
3437 3759 3560 3799 cum

1985 3860 2104 3917 qua)
2145 3841 2360 3914 propria
2411 3841 2756 3909 maximeque
2805 3839 3108 3894 necessaria
3153 3845 3299 3903 sunt,
3349 3835 3563 3907 genesis

1986 3955 2089 3994 non
2121 3939 2318 3992 habeat
2337 3936 2465 4007 (vim
2498 3935 2644 3990 illam
2675 3943 2805 4003 puto
2825 3933 3092 3987 formandi
3119 3947 3149 3986 e
3180 3941 3324 3987 terra
3355 3929 3562 4000 omnia)

1985 4028 2342 4086 conservandi
2389 4023 2642 4099 [tamen],
2673 4024 3011 4094 perficiendi,
3049 4034 3210 4092 atque
3249 4021 3561 4078 destruendi

1987 4134 2177 4193 potens
2206 4121 2276 4174 sit
2301 4117 2325 4171 ?
2353 4116 2620 4171 Praeterea
2647 4114 2692 4170 si
2723 4130 2786 4170 ex
2817 4123 3068 4168 accurata
3087 4113 3176 4167 illa
3203 4113 3347 4167 hora:
3380 4110 3566 4181 cogni-

1986 4216 2152 4278 tione,
2182 4209 2410 4281 singulis
2435 4222 2553 4278 qua:
2579 4207 2871 4277 gignuntur
2896 4215 3153 4261 eventura
3183 4205 3444 4267 referunt,
3467 4206 3566 4259 ho-

1987 4305 2142 4367 mini,
2199 4303 2442 4370 iuquam,
2496 4305 2550 4351 et.
2581 4297 2755 4366 bovi,|
2771 4297 2856 4350 avi
2885 4305 3051 4365 atque
3075 4296 3223 4359 navi,
3279 4296 3400 4351 urbi
3431 4295 3562 4349 item

1985 4406 2042 4452 et
2067 4394 2278 4451 caneris
2300 4391 2575 4454 omnibus,
2604 4403 2834 4459 quorum
2857 4388 3330 4457 praecognitiouem
3359 4387 3563 4440 habere

311 4478 619 4550 αγομένων.
650 4479 774 4543 Πῶς
826 4479 936 4550 γὰρ
983 4478 1050 4532 ἂν
1077 4479 1112 4548 ή
1140 4478 1298 4547 αὑτὴ,
1322 4479 1415 4532 τοῦ
1442 4479 1640 4550 δρόμου
1670 4481 1882 4548 γένεσις

1986 4504 2045 4545 se
2063 4495 2345 4542 asserunt:
2369 4483 2466 4557 [at]
2487 4498 2591 4554 qua
2619 4482 2826 4536 ratione
2854 4495 2976 4536 cum
3000 4490 3180 4542 terrae,
3207 4480 3396 4543 maris,
3417 4479 3562 4533 aeris

311 4571 454 4626 κύνα
477 4572 568 4624 καὶ
604 4571 795 4625 λέοντα
825 4569 1162 4642 έργάσαιτο⁶
1198 4574 1296 4624 καὶ
1337 4569 1625 4640 ἄνθρωπον
1668 4574 1761 4624 καὶ
1801 4571 1884 4625 τπ-

312 4678 437 4726 πον,
463 4663 589 4725 τοὺς
623 4658 876 4715 τοσοῦτον
926 4659 1171 4731 ἀλλήλων
1215 4659 1657 4725 διαλλάττονταςς
1692 4661 1809 4724 πῶς
1837 4663 1880 4716 δ’

312 4755 384 4810 ἂν
414 4753 502 4822 εἴη
537 4752 780 4806 ποικιλία
828 4753 1157 4823 χρωμάτων,
1194 4753 1508 4821 σχημάτων,
1557 4753 1879 4822 ποιοτήτων.

313 4847 395 4917 μὴ
434 4846 612 4898 πάντα
643 4843 892 4915 ποικίλης
935 4843 1198 4912 γενέσεως
1245 4841 1636 4912 ἀποτελούσης,
1678 4842 1752 4906 ῶς
1785 4861 1880 4910 φα-

311 4953 438 5004 σιν;
469 4935 529 4988 ού
579 4934 707 5004 μίαν
757 4934 815 4986 δὲ
858 4933 1091 5003 ἑχόντων
1138 4932 1338 5003 πρᾶξιν
1382 4932 1414 5000 ἢ
1471 4932 1641 4995 πάθος
1683 4933 1741 4985 ἓν
1773 4933 1882 4986 τῶν

309 5028 571 5082 ἁπάντων
604 5024 990 5096 ἀνθρώπωντῆ
1023 5023 1207 5077 ἵππων
1235 5023 1370 5076 ὅλων
1396 5023 1430 5092 ἢ
1453 5023 1672 5094 χοίρων,
1694 5026 1752 5076 ού
1789 5025 1884 5094 μέ-

309 5119 497 5190 γεθος,
515 5118 578 5171 ού
599 5117 785 5187 τάχος,
807 5116 905 5169 οὐκ
938 5116 1114 5184 ἰσχὺν,
1141 5115 1200 5167 ού
1233 5115 1438 5184 φωνὴν,
1462 5114 1620 5184 δῆλον
1660 5114 1735 5178 ώς
1764 5116 1885 5184 οὐχὶ

311 5213 445 5284 μίαν
470 5210 735 5280 γενέσεως
767 5209 960 5281 ῥοπὴν,
990 5208 1124 5261 ἀλλὰ
1143 5208 1406 5270 τοσαύτας
1441 5207 1884 5278 ἀναγκασθήσον-

305 5322 401 5358 ται
427 5304 630 5370 λὲγειν,
665 5303 766 5372 ὅση
809 5304 904 5354 καὶ
932 5301 1038 5352 τῶν
1078 5299 1522 5370 ἀποτελουμένων
1556 5301 1590 5370 ὴ
1627 5300 1878 5368 διαφορὰ.

305 5399 374 5452 ού
410 5398 573 5469 μόνον
605 5394 758 5460 ζώων
797 5393 1067 5464 χερσαίων
1097 5395 1191 5446 καὶ
1220 5391 1440 5462 πτηνῶν
1475 5392 1570 5445 καὶ
1623 5390 1878 5461 ἐνύδρων,

1979 4576 2238 4646 genitura:
2267 4584 2505 4642 tempora
2549 4586 2654 4624 non
2691 4569 3175 4629 noverint.ltorum
3219 4566 3558 4630 affectiones.

1980 4683 2042 4721 ac
2094 4665 2377 4725 motiones,
2412 4662 2850 4729 mutationesque
2881 4659 3202 4714 denuntiare
3246 4672 3305 4712 se
3334 4658 3562 4726 promit-

1980 4757 2145 4812 tunt?
2187 4753 2454 4824 quomodo
2499 4754 2620 4823 quis
2672 4753 2790 4807 istis
2831 4751 3036 4814 credat,
3075 4758 3166 4804 aut
3197 4764 3302 4820 qua
3351 4749 3561 4804 ratione

1979 4845 2398 4903 immoderatam
2437 4846 2673 4913 ipsorum
2711 4844 3077 4913 arrogantiam
3103 4857 3208 4897 non
3235 4843 3560 4898 aversetur?

1990 4954 2258 5007 nunquam
2273 4937 2416 4991 enim
2441 4935 2749 5005 singulatim
2771 4933 3012 4988 omnium
3032 4934 3290 4988 exhibere
3315 4933 3558 5003 proprias

1986 5033 2266 5102 genituras
2311 5037 2584 5098 poterunt.
2611 5026 2679 5081 Et
2717 5040 2848 5080 vero
2878 5025 3041 5079 etiam
3090 5039 3428 5094 consequens
3475 5033 3559 5078 est

1990 5132 2068 5177 tot
2105 5135 2226 5176 esse
2254 5120 2621 5190 geniturarum
2653 5116 3008 5184 differentias,
3039 5126 3173 5188 quot
3204 5124 3329 5172 sunt
3368 5129 3557 5168 eorum

1986 5227 2107 5280 quae
2161 5211 2530 5279 producuntur
2579 5220 2796 5278 genera.
2850 5205 2984 5261 Nam
3054 5207 3323 5276 quomodo
3367 5206 3556 5257 eadem

1988 5302 2240 5356 curriculi
2269 5302 2481 5367 genesis
2512 5314 2700 5356 canem
2731 5308 2787 5353 et
2815 5298 3022 5353 leonem
3062 5297 3345 5366 producat,
3381 5295 3556 5350 homi-

1991 5407 2111 5446 nem
2149 5393 2274 5446 item
2307 5403 2365 5446 et
2400 5407 2600 5462 equum
2637 5401 2918 5460 tantopere
2966 5390 3107 5444 inter
3151 5405 3208 5445 se
3245 5390 3559 5457 discrepan-

1579 5566 1815 5623 ἾΑῐὶίιιΕ
1846 5564 2248 5622 LECTIONES.

386 5691 432 5723 ’⁸
465 5691 766 5761 εἰμαρμένη
795 5692 859 5743 Α.
927 5689 980 5761 ί⁹⁹
1014 5687 1142 5757 ὑπὸ]
1171 5687 1466 5761 libri
1545 5687 1560 5716 ¹
1593 5683 1843 5761 τῶνᾳθιίιιί.
1876 5686 1938 5738 Α.

1249 5757 1266 5788 ⁷
1299 5757 1602 5826 ἀνθρώπων
1624 5755 1745 5809 add.
1777 5755 1840 5809 Α.

311 5763 334 5794 ⁸
361 5764 410 5814 εἰ
441 5760 563 5816 add.
591 5760 656 5816 Α,
727 5760 1078 5830 ἐἰργάσατο
1111 5777 1171 5821 τ.

2039 5687 2059 5716 ¹
2093 5684 2244 5740 οὐδὲν
2268 5688 2312 5739 Α
2348 5700 2362 5739 :
2395 5687 2456 5739 ού
2493 5703 2552 5752 ς.
2661 5687 2683 5719 ⁸
2704 5686 2876 5758 αὐτῆς
2910 5703 2971 5753 ς.
3075 5687 3096 5718 ⁸
3119 5686 3227 5740 ἀπὸ
3247 5687 3345 5757 τῆς
3372 5683 3471 5756 γῆς
3495 5699 3553 5750 ς.
