3972 6248
436 335 557 404 84Τ

1586 323 1850 385 ΡΗΟΤΙΙ
1871 319 2378 384 ΡΑΤΒΙᾹΒΕΗΑΞ
2410 319 2518 379 CP.

3575 308 3637 369 8i
3649 307 3684 368 3

435 455 517 501 tes
545 444 570 499 τ
595 440 867 514 quomodo
891 437 1020 494 item
1053 433 1318 497 colorum,
1349 432 1664 502 ﬁgurarum,
1686 431 2010 501 qualitatum

2115 428 2252 482 ἀλλὰ
2290 429 2386 482 καὶ
2427 425 2613 495 φυτῶν
2648 425 2744 480 καὶ
2774 421 3012 494 βοτανῶν
3047 421 3140 475 καὶ
3179 418 3234 470 εί
3253 434 3306 470 τι
3334 416 3463 472 ἄλλο
3494 416 3553 468 ὲν
3589 420 3686 468 κο-

433 539 670 593 varietas
689 535 782 600 sit,
806 533 911 588 nisi
931 528 1079 585 varia
1103 541 1318 597 quoque
1342 524 1555 594 genesis
1582 525 1696 579 haec
1721 524 1902 579 omnia
1929 522 2013 579 ef-

433 629 640 691 ﬁceret,
664 636 721 682 ut
743 623 925 681 aiunt?
948 619 1083 677 Cum
1111 633 1242 674 vero
1270 633 1378 672 non
1404 631 1509 672 una
1540 617 1610 671 sit
1635 617 1876 672 omnium
1905 616 2020 672 sive

433 721 597 783 actio,
623 719 736 772 sive
761 713 997 777 aﬂ‘ectio,
1030 725 1136 766 non
1163 724 1423 779 equorum
1445 707 1687 762 omnium
1719 707 1799 761 vel
1829 721 2020 777 porco-

431 829 551 868 rum
575 811 764 868 eadem
789 803 1424 877 magnitudoﬁceleritas,
1450 800 1734 865 fortitudo,
1759 815 1886 862 vox,
1910 813 2021 853 non

436 917 603 959 unum
637 901 798 956 etiam
834 905 1115 968 cogentur,
1135 903 1196 949 ut
1227 900 1459 955 constat,
1486 893 1745 962 geniturae
1769 904 2015 944 momen-

435 1005 547 1050 tum
582 992 767 1056 fateri,
794 989 888 1045 sed
923 998 1000 1042 tot
1030 987 1210 1057 plane,
1243 994 1373 1055 quot
1403 993 1560 1039 erunt
1582 997 1767 1037 eorum
1798 995 1917 1050 quae
1945 980 2014 1036 ab

2119 537 2244 592 σμῳ
2273 519 2489 589 φύεται.
2520 518 2633 573 Καὶ
2665 517 2782 578 πῶς
2829 515 2897 570 ἂν
2940 512 3193 567 τοσοῦτον
3217 511 3444 580 ἄπειρον
3479 508 3690 580 πλῆθος

2117 611 2227 666 τῶν
2259 609 2471 682 καιρῶν
2515 605 2992 671 ἀναπλάσουσιν⁸;
3023 602 3137 658 ἀλλ’
3172 604 3270 673 οὐχ
3317 600 3550 667 ἕξουσιν,
3579 598 3691 653 οὐδ’

2116 705 2166 757 εί
2208 703 2470 776 μυριάδες
2502 701 2724 773 ἡμερῶν
2771 700 2956 762 αὐτοῖς
2994 698 3084 751 τὸν
3121 693 3367 749 ἐνιαυτὸν
3395 692 3693 762 ἐπλήρουν.

2117 796 2378 852 Μάλιστα
2413 797 2474 849 δὲ
2508 793 2688 848 αὐτῶν
2716 793 2778 846 τὸ
2806 791 3004 862 ψεῦδος
3046 787 3406 858 κατάφωρον’
3457 785 3693 853 γίνεται,

2117 889 2168 943 εί
2197 887 2266 942 τὰ
2298 887 2538 958 συνεχῶς
2570 887 2822 940 τίκτοντα
2857 880 3154 952 σκοπήσειέ
3183 895 3288 941 τις,
3316 879 3486 939 κύνας
3517 875 3551 946 ἢ
3582 875 3698 944 χοί-

2116 999 2244 1052 ρους
2272 979 2306 1052 ἢ
2336 980 2536 1051 ὄρνεις,
2572 978 2670 1033 καὶ
2726 977 2826 1046 οὐχ
2878 974 3086 1044 ἥκιστα
3131 970 3205 1024 τὰ
3247 966 3694 1036 πολυγονώτατα.

430 1102 495 1142 ea
554 1085 912 1156 perliciuntur
935 1079 1279 1143 diﬂ'erentiae,
1329 1094 1434 1132 non
1464 1075 1806 1131 terrestrium
1850 1073 2012 1130 modo

2114 1075 2301 1144 Χοῖροι
2330 1071 2440 1142 γὰρ
2477 1071 2572 1126 καὶ
2627 1068 2807 1140 ἰχθύες
2856 1067 2950 1121 καὶ
3005 1064 3165 1125 κύνες
3203 1060 3376 1114 πολλὰ
3417 1059 3697 1118 τίκτοντες

432 1177 743 1231 animalium
794 1181 923 1244 puta
971 1179 1027 1227 et
1075 1169 1408 1234 volantium,
1455 1176 1619 1235 atque
1667 1164 2010 1234 aquatilium,

2114 1165 2200 1219 τὸν
2227 1167 2326 1234 τῆς
2353 1162 2569 1234 ἡμέρας
2597 1160 2946 1215 ἀναλίσκουσι
2975 1155 3184 1225 καιρὸν,
3206 1155 3235 1206 ὁ
3255 1154 3299 1205 δ’
3322 1151 3497 1222 ἰχθὺς,
3516 1145 3697 1220 οἶμαι,

431 1269 526 1324 sed
557 1277 614 1323 et
643 1240 978 1337 plantarum,
1015 1271 1071 1318 et
1115 1261 1432 1324 herbarum,
1462 1267 1515 1313 et
1547 1258 1589 1312 si
1621 1259 1748 1328 quid
1775 1255 1918 1312 aliud
1953 1257 2008 1311 in

2114 1257 2210 1312 καὶ
2243 1257 2448 1320 πολλὰς
2485 1255 2721 1326 ἡμέρας,
2752 1252 2852 1322 τῆς
2881 1250 2994 1304 τῶν
3023 1249 3148 1302 ὠῶν
3184 1245 3422 1316 πληθύος
3462 1247 3518 1297 ὲν
3544 1240 3697 1306 τάξει

435 1371 579 1415 terra
615 1367 885 1413 nascatur.
939 1355 1006 1409 Et
1034 1352 1305 1424 quomodo
1349 1352 1666 1406 immensam
1700 1349 1837 1405 adeo
1872 1359 2008 1404 tem-

2118 1348 2507 1420 μορφουμένης
2563 1347 2642 1410 εἰς
2702 1343 2968 1416 μυριάδας
3013 1340 3215 1411 ἰχθύων
3241 1335 3385 1392 κατά
3425 1335 3588 1406 μέρος
3622 1350 3699 1385 τι-

433 1453 578 1523 poris
597 1459 992 1507 momentorum
1012 1445 1411 1501 multitudinem
1433 1443 1665 1497 lorment
1681 1441 1705 1495 ?
1721 1439 2005 1510 Nunquam

2114 1440 2422 1510 κτομένων,
2453 1440 2510 1492 ὲν
2540 1433 2628 1501 αἶς
2664 1438 2944 1507 ἀμήχανον
2981 1435 3056 1504 μὴ
3085 1431 3344 1502 γενέσθαι
3377 1429 3557 1498 πτηνὰ
3591 1425 3627 1495 ἢ
3653 1424 3701 1461 ¹⁰

435 1562 564 1600 sane
599 1551 875 1615 poterunt,
899 1556 1006 1596 non
1039 1539 1084 1594 si
1107 1539 1292 1593 decem
1325 1536 1530 1591 dierum
1564 1533 1801 1588 millibus
1833 1545 2006 1587 annus

2114 1536 2342 1605 χερσαῖα
2375 1534 2432 1586 έν
2480 1533 2586 1602 ὅλῳ
2617 1549 2693 1601 τῳ
2739 1531 2930 1600 κόσμῳ
2979 1527 3013 1600 ἢ
3054 1526 3230 1598 νηκτὰ
3265 1525 3324 1578 ὲν
3355 1522 3451 1593 ὅλῃ
3500 1519 3702 1572 θαλάτ·

433 1637 562 1706 ipsis
596 1643 827 1690 constet.
882 1632 959 1688 lta
997 1645 1126 1686 vero
1158 1629 1393 1684 maxime
1424 1627 1616 1681 horum
1665 1623 2004 1680 mendacium

2114 1629 2236 1698 τῃίι
2272 1629 2368 1681 καὶ
2404 1628 2669 1696 ποταμοῖς
2707 1625 2800 1678 καὶ
2823 1623 3061 1692 λίμναις.

435 1729 825 1799 prosternitur,
861 1725 904 1780 si
942 1725 1062 1794 quis
1109 1719 1367 1776 animalia
1392 1717 1713 1786 frequenter
1761 1715 2028 1786 parientia
2065 1718 2393 1786 considerat,
2413 1727 2470 1772 ut
2493 1731 2677 1779 canes,
2703 1731 2914 1784 porcos,
2939 1714 3191 1784 gallinas,
3243 1717 3300 1764 et
3354 1706 3698 1778 potissimum

433 1837 551 1890 quae
582 1819 693 1888 jam
720 1818 986 1888 plurimos
1017 1813 1179 1872 simul
1211 1813 1434 1882 gignunt
1463 1809 1651 1863 femus.
1676 1806 1810 1860 Nam
1835 1807 2008 1876 porci,
2037 1807 2242 1878 pisces,
2325 1822 2510 1876 canes,
2561 1809 2746 1863 multis
2797 1804 3075 1875 pariendis
3137 1803 3305 1856 etiam
3356 1798 3460 1851 diri
3502 1794 3701 1861 integri

434 1920 664 1989 spatium
714 1917 1022 1971 absumunt.
1088 1908 1158 1964 Et
1209 1922 1339 1962 vero
1392 1904 1557 1977 piscis
1586 1905 1868 1974 (quantum
1912 1916 2016 1974 ego
2049 1908 2203 1974 puto)
2255 1905 2456 1960 multos
2505 1919 2722 1976 quoque
2762 1903 2916 1968 dies,
2969 1913 3035 1955 eo
3083 1898 3228 1969 quod
3291 1909 3520 1952 ovorum
3606 1891 3700 1946 illa

434 1984 716 2069 multitudo
765 2006 958 2078 213i:
1009 2005 1062 2060 in
1110 2000 1382 2075 myriadas
1436 1997 1668 2068 piscium
1718 2011 1786 2051 ex
1825 1995 2017 2052 ordine
2057 1997 2494 2064 transformetur,
2548 1998 2640 2069 qui
2705 1995 2898 2051 deinde
2950 1991 3146 2061 singuli
3199 1989 3508 2060 pariuntur.
3570 1984 3702 2051 Qui-

433 2108 536 2162 bus
574 2105 789 2175 quidem
837 2099 1027 2157 diebus
1077 2097 1192 2152 lieri
1238 2093 1387 2150 nullo
1423 2093 1586 2148 modo
1630 2100 1828 2160 potest,
1883 2092 2013 2161 quin
2050 2092 2290 2148 volatilia
2333 2093 2416 2147 vcl
2449 2091 2728 2148 terrestria
2773 2091 2826 2145 in
2857 2097 2972 2144 toto
3005 2085 3225 2149 mundo,
3290 2081 3376 2139 vel
3452 2081 3702 2136 natatilia

436 2204 490 2256 in
530 2209 642 2255 toto
667 2198 805 2254 mari
838 2206 894 2253 et
921 2193 1101 2252 ﬂuviis
1128 2201 1186 2248 et
1209 2190 1416 2262 stagnis
1450 2190 1760 2262 gignantur.

509 2292 714 2349 Verum
769 2291 897 2346 hinc
944 2289 1133 2353 etiam,
1169 2285 1313 2357 quod
1351 2285 1499 2353 volo,
1535 2284 1740 2340 certius
1785 2284 1906 2354 quis
1939 2284 2024 2339 di--
2055 2292 2100 2346 Β

421 2396 583 2456 seat:
631 2385 848 2456 quando
874 2398 969 2438 ver
1014 2381 1152 2437 bene
1179 2388 1537 2451 temperatum
1586 2377 1795 2445 incipit,
1835 2377 2013 2432 omnis

434 2480 584 2536 ﬂoret
623 2477 788 2532 herba
839 2485 894 2530 et
924 2474 1181 2546 parturit,
1232 2471 1520 2540 omnisque
1569 2469 1834 2540 lignorum
1891 2483 2012 2537 spe-

435 2573 568 2637 cies,
591 2570 683 2626 sed
709 2578 766 2624 et
797 2566 961 2622 multa
987 2565 1100 2622 sive
1125 2563 1446 2626 volucrium,
1468 2561 1583 2615 sive
1631 2557 2010 2624 animantium,

437 2666 550 2720 sive
599 2662 828 2734 piscium
883 2672 1077 2729 genera
1151 2656 1312 2710 mista
1381 2653 1612 2708 invicem
1679 2651 2009 2722 concipiunt.

439 2737 647 2812 lnlinita
704 2741 1328 2822 quoquelplantarum]
1364 2757 1562 2815 genera
1627 2741 1815 2796 eodem
1873 2747 2013 2796 tem-

402 2860 569 2914 .pore
615 2840 854 2912 perfecta
908 2837 1087 2891 ferunt
1143 2831 1374 2897 semina,
1421 2827 1751 2898 inﬁnitaeque
1788 2827 2013 2881 arbores

435 2951 564 2990 suos
606 2934 832 2991 fructus,
871 2943 979 2982 non
1025 2940 1132 2979 uno
1158 2923 1374 2992 quidem
1406 2929 1701 2983 momento,
1747 2919 1840 2973 sed
1871 2918 2013 2972 mul-

439 3030 509 3084 tis
537 3025 747 3090 diebus,
781 3022 907 3075 dum
942 3019 995 3074 in
1029 3019 1216 3071 eadem
1246 3014 1428 3085 planta
1457 3011 1546 3066 alii
1577 3011 1870 3066 etiamnum
1912 3009 2013 3064 ilo-

438 3127 578 3183 rent,
613 3116 702 3170 alii
731 3119 1004 3173 crescunt,
1047 3109 1134 3164 alii
1184 3113 1573 3162 maturescunt.
1624 3103 1736 3158 Nec
1776 3101 2012 3158 dissimi-

441 3212 506 3264 lis
531 3218 613 3263 cst
642 3208 696 3262 in
731 3203 1064 3261 animalibus
1095 3197 1368 3262 omnibus,
1393 3205 1582 3267 partus
1609 3205 2010 3264 conceptusque

439 3299 743 3371 proportio:
778 3310 898 3366 qua:
927 3293 1069 3348 idem
1107 3290 1331 3345 omnino
1369 3288 1634 3360 genituras
1679 3293 2010 3338 momentum

440 3393 636 3448 habere
678 3387 824 3442 nullo
873 3385 1031 3440 modo
1082 3391 1327 3452 possunt.
1376 3378 1525 3431 Adde
1565 3375 1710 3446 quod
1763 3373 1864 3428 alia
1916 3387 2013 3442 per

436 3497 636 3536 annmn
707 3479 973 3543 integrum
1039 3471 1206 3526 letum
1269 3478 1421 3523 utero
1476 3475 1712 3537 gestant,
1768 3465 2012 3533 quaedam

441 3573 714 3628 mensibus
776 3571 983 3630 decem,
1049 3563 1293 3634 quzedam
1350 3559 1545 3615 diebus
1629 3556 2009 3628 quadraginta,

2200 2279 2319 2331 Ἔτι
2354 2275 2410 2330 δὲ
2443 2273 2832 2346 ἀκριϐέστερον
2858 2270 2924 2326 ἄν
2964 2285 3048 2332 τις
3083 2263 3332 2319 ἐντεῦθεν
3359 2261 3388 2316 ὃ
3417 2261 3561 2331 λέγω
3593 2279 3698 2315 κα-

2114 2367 2354 2439 ταμάθοι
2379 2383 2396 2398 ·
2442 2363 2634 2418 Ἠνίκα
2663 2362 2721 2415 τὸ
2752 2361 2852 2432 ἔαρ
2877 2357 3141 2430 εὔκρατον
3170 2355 3388 2425 ἐπιστῇ,
3416 2353 3567 2405 πᾶσα
3596 2351 3700 2421 μὲν

2113 2459 2266 2512 ἀνθεῖ
2296 2454 2492 2527 βοτάνη
2545 2454 2641 2506 καὶ
2688 2451 2966 2521 κυοφορεῖ,
3018 2447 3169 2500 πᾶσα
3213 2445 3268 2498 δὲ
3301 2442 3472 2509 ξύλων
3499 2443 3694 2514 φύσις,

2113 2549 2286 2603 πολλά
2327 2547 2385 2600 δὲ
2432 2544 2651 2617 πτηνῶν
2686 2543 2780 2597 καὶ
2835 2539 3106 2612 χερσαίων
3140 2538 3230 2592 καὶ
3279 2537 3509 2589 ἐναλίων
3559 2535 3697 2603 γένη

2117 2643 2423 2714 μιγνύμενα
2451 2641 2592 2694 κύει.
2623 2638 2730 2692 Καὶ
2764 2637 2932 2707 μυρία
2966 2633 3064 2705 μὲν
3087 2633 3218 2704 γένη
3244 2630 3384 2686 κατά
3410 2631 3504 2684 τὸν
3530 2629 3701 2683 αὑτὸν

2113 2738 2305 2808 καιρὸν
2336 2734 2658 2804 τελεσφορεῖ
2692 2730 2761 2785 τά
2797 2729 3088 2800 σπέρματα
3107 2767 3124 2792 ,
3166 2725 3338 2796 μυρία
3366 2724 3424 2777 δὲ
3454 2723 3565 2778 τῶν
3598 2722 3698 2790 ξύ-

2111 2829 2219 2883 λων
2237 2829 2362 2892 τοὺς
2386 2827 2651 2898 καρποὺς,
2673 2823 2772 2876 οὐκ
2792 2823 2848 2875 ἐν
2880 2820 2980 2891 μιᾷ
3001 2821 3167 2890 ῥοπῇ,
3188 2816 3306 2870 ἀλλ’
3329 2819 3386 2872 ἐν
3409 2815 3698 2878 πλείσταις

2111 2920 2370 2992 ἡμέραις,
2409 2917 2519 2970 τῶν
2554 2915 2653 2986 μὲν
2680 2910 2986 2968 ἀνθούντων
3017 2908 3099 2961 ἔτι
3132 2909 3190 2961 ὲν
3217 2905 3294 2979 τῷ
3328 2905 3477 2976 αὐτῷ
3512 2904 3695 2975 φυτῷ,

2113 3011 2316 3082 ἑτέρων
2372 3009 2429 3062 δὲ
2491 3005 2809 3076 αὐξομένων
2862 3004 2956 3057 καὶ
3011 3001 3189 3057 ἀλλων
3249 2997 3692 3068 πεπαινομένων.

2113 3103 2238 3176 [677
2265 3099 2360 3173 R.]
2403 3101 2468 3153 Ἢ
2519 3099 2657 3168 αὐτὴ
2701 3097 2752 3151 δ’
2784 3094 3046 3164 ἀναλογία
3102 3091 3198 3147 τοῦ
3251 3091 3416 3145 τόκου
3454 3092 3551 3144 καὶ
3593 3091 3697 3157 τῆς

2111 3198 2360 3267 κυήσεως
2386 3193 2479 3247 καὶ
2509 3192 2604 3244 ἐπὶ
2632 3192 2741 3245 τῶν
2775 3189 2931 3255 ζώων
2965 3189 3206 3252 πάντων,
3254 3178 3330 3240 ὧν
3365 3185 3462 3255 ούχ
3490 3179 3604 3238 οἷόν
3633 3201 3696 3237 τε

2111 3288 2211 3358 τὴν
2237 3287 2406 3356 αὐτὴν
2438 3285 2537 3354 τῆς
2569 3283 2837 3353 γενέσεως
2863 3282 3008 3352 ἔχειν
3041 3281 3240 3352 ῥοπήν.
3271 3278 3391 3332 Ἐτι
3414 3277 3473 3330 δὲ
3496 3277 3564 3330 τὰ
3595 3277 3695 3346 μὲν

2112 3378 2359 3433 ἐνιαυτὸν
2393 3378 2674 3448 κυοφορεῖ,
2710 3374 2780 3428 τὰ
2810 3376 2864 3429 δὲ
2899 3374 3076 3445 μῆνας
3114 3369 3168 3435 ι’,
3197 3372 3265 3425 τὰ
3290 3371 3348 3425 δὲ
3374 3369 3591 3440 ἡμέρας
3619 3366 3692 3437 μ’,

2112 3471 2206 3523 καὶ
2242 3468 2411 3540 μυρία
2454 3467 2589 3538 ἄλλη
2614 3466 2868 3535 διαφορά.
2915 3466 3077 3526 Ποῖος
3103 3457 3196 3516 οὖν
3221 3461 3396 3532 ἀστὴρ
3430 3461 3509 3524 είς
3539 3463 3696 3512 ποῖον

2113 3558 2304 3622 ζῶδιον
2335 3555 2520 3610 εἰσιὼν
2563 3555 2983 3628 μεμετρημένον
3017 3552 3138 3626 [⁸551
3169 3550 3260 3626 Η.]
3294 3552 3510 3620 ἑκάστῳ
3543 3549 3696 3617 γένει

435 3668 650 3736 aliaque
682 3665 736 3717 in
775 3661 858 3715 his
883 3658 1107 3729 plut-ima
1167 3653 1434 3724 reperitur
1485 3650 1813 3706 diﬂ'erentia.
1843 3647 2013 3716 Quale

2115 3651 2207 3704 τὸν
2246 3649 2345 3720 τῆς
2387 3649 2686 3720 κυοφορίας
2725 3647 2975 3719 ἀφορίζει
3022 3646 3247 3717 χρόνον;
3290 3644 3378 3698 διὰ
3411 3643 3462 3696 τί
3493 3643 3549 3696 δὲ
3581 3642 3695 3695 τῶν

443 3734 604 3826 igitur
660 3763 867 3808 astrum
911 3751 963 3804 in
1017 3745 1176 3818 quale
1214 3745 1426 3816 signum
1465 3743 1773 3813 ingrediens
1811 3741 2013 3795 dimen-

2119 3741 2262 3796 κατά
2282 3742 2342 3794 τὸ
2362 3741 2522 3810 γένος
2539 3740 2694 3806 ζώων
2711 3741 2738 3792 ὁ
2753 3739 2853 3810 τῆς
2871 3739 3016 3810 ζωῆς
3033 3740 3222 3811 γρύνος
3243 3738 3343 3790 οὐκ
3365 3736 3478 3799 ῐσος
3497 3734 3573 3788 ῶν
3591 3737 3694 3805 τὴν

438 3865 555 3903 smn
618 3845 908 3912 unicuique
945 3839 1128 3912 generi
1186 3837 1352 3893 letum
1408 3829 1609 3890 ferendi
1664 3844 1875 3903 tempus
1924 3832 2014 3886 de-

2117 3833 2313 3904 κύησιν
2334 3834 2456 3905 ῖσην
2479 3833 2622 3903 ἔχεις
2646 3832 2710 3888 Et
2736 3832 2834 3902 μὲν
2857 3830 2950 3885 οὖν
2973 3829 3254 3883 καὶταῦτα
3271 3829 3376 3882 ἀπὸ
3397 3827 3691 3905 γενέσεως,

437 3936 723 3995 terminat?
774 3933 885 3988 Cur
935 3941 1135 3995 autem,
1167 3945 1287 3986 eum
1345 3926 1698 3982 animantium
1738 3924 1791 3978 in
1821 3935 2013 3993 genere

2115 3926 2441 3996 λεγέτωσαν,
2487 3926 2575 3979 ἵνα
2628 3925 2790 3978 πλέον
2847 3924 3125 3994 ὀφλήσωσι
3160 3924 3250 3976 τὸν
3275 3923 3319 3954 ²¹
3359 3922 3605 3990 γέλωτα·
3643 3922 3691 3973 εξ

441 4033 560 4086 vita:
589 4038 797 4096 tempus
827 4024 1031 4094 aequale
1079 4038 1183 4077 non
1249 4020 1344 4084 sit,
1373 4017 1632 4086 aequalem
1685 4021 1869 4068 tamen
1925 4011 2013 4066 illa

2114 4017 2171 4072 δὲ
2199 4022 2325 4090 σιγῇ
2357 4018 2456 4089 τὴν
2499 4017 2762 4089 αἰσχύνην
2807 4016 3191 4080 ἀποκλίνουσι,
3227 4015 3344 4080 πῶς
3368 4013 3522 4067 οὐδὲν
3559 4013 3689 4066 ἄνευ

440 4127 574 4179 uteri
614 4121 969 4192 gestationem
1026 4112 1260 4171 habent?
1298 4111 1490 4166 Dicant
1541 4108 1722 4177 igitur,
1754 4120 1843 4162 .an
1898 4104 2013 4159 hare

2114 4110 2378 4178 γενέσεως
2400 4106 2542 4163 εἶναι
2572 4109 2825 4179 λέγουσι;
2853 4110 2963 4162 Καὶ
2996 4107 3149 4161 οὔπω
3193 4106 3337 4176 λέγω
3373 4107 3470 4170 τὰς
3499 4106 3691 4175 διαιρο-

437 4219 598 4273 etiam
628 4231 657 4269 a
689 4214 868 4286 genesi
895 4209 1341 4282 proﬁciscantur,
1374 4211 1432 4256 ut
1457 4202 1626 4271 magis
1648 4199 1998 4253 irrideantur.

438 4310 534 4365 Sin
577 4322 673 4378 per
705 4305 979 4360 silentium
1033 4299 1262 4353 dedecus
1315 4309 1470 4350 suunt
1526 4290 1837 4346 declinent:
1871 4302 2010 4356 quo-

438 4403 594 4456 modo
644 4399 843 4468 aliquid
873 4396 990 4450 sine
1030 4390 1212 4460 genesi
1261 4387 1376 4441 lieri
1433 4382 1673 4455 negant?
1716 4380 1897 4450 Neque
1930 4391 2010 4432 ta-

437 4512 557 4549 men
609 4492 696 4547 hic
750 4492 950 4544 fetuum
1017 4481 1352 4538 differentias
1391 4476 1597 4531 aliero:
1631 4487 1860 4542 quorum
1913 4470 2006 4524 alii

435 4582 770 4654 genitoribus
815 4577 1018 4634 similes
1048 4581 1196 4639 sunt,
1246 4581 1306 4624 ut
1357 4568 1628 4628 homines,
1689 4563 1840 4635 equi,
1897 4564 2008 4616 leo-

436 4692 561 4742 nes;
597 4674 686 4728 alii
733 4688 835 4725 non
879 4669 1029 4731 item,
1059 4675 1117 4719 ut
1156 4679 1314 4727 ursae,
1355 4676 1554 4729 vespae,
1598 4672 1746 4728 apes,
1779 4665 1830 4710 et
1859 4669 2005 4724 quae-

433 4782 646 4837 cunque
690 4780 754 4819 ex
789 4763 907 4817 ovis
936 4759 1223 4828 prodeunt.
1277 4754 1410 4810 Pars
1435 4765 1646 4806 rursum
1689 4749 1808 4804 sine
1862 4747 2006 4800 coitu

433 4867 782 4931 generantur,
851 4869 978 4924 pars
1032 4851 1236 4917 absque
1275 4861 1341 4901 eo
1381 4857 1736 4914 nequaquam.
1779 4839 1844 4893 Et
1886 4837 2007 4907 quis

436 4956 767 5010 innumeras,
824 4961 944 5015 quae
1003 4942 1056 4997 in
1105 4943 1186 4995 his
1247 4939 1608 5006 reperiuntur,
1676 4931 2006 4989 dilferentias

2117 4201 2218 4272 ρὰς
2243 4201 2352 4255 τῶν
2385 4202 2740 4274 τικτομένων.
2768 4201 2849 4255 Τὰ
2877 4200 2976 4270 μὲν
3005 4201 3111 4271 γὰρ
3139 4201 3300 4271 ὅμοια
3322 4198 3430 4253 τῶν
3453 4199 3691 4266 γεννῶν-

2110 4311 2220 4346 των
2251 4294 2421 4358 ἐστὶν,
2449 4293 2526 4357 ὡς
2573 4293 2849 4364 ἄνθρωποι
2879 4293 2972 4347 καὶ
3011 4292 3168 4345 ἵπποι
3202 4291 3298 4345 καὶ
3342 4289 3585 4355 λέοντες,
3620 4291 3692 4344 τὰ

2108 4385 2166 4439 δὲ
2202 4385 2300 4455 οὐχ
2347 4384 2541 4452 οὕτως,
2587 4384 2663 4448 ὡς
2708 4385 2899 4455 ἀρκτοι
2944 4383 3038 4438 καὶ
3077 4383 3287 4454 σφῆκες
3314 4383 3410 4436 καὶ
3440 4383 3687 4452 μέλιτται

2109 4475 2203 4528 καὶ
2229 4476 2328 4527 ὅσα
2351 4475 2437 4529 διὰ
2493 4475 2603 4529 τῶν
2632 4474 2756 4529 ὠῶν
2787 4475 3020 4545 πρόεισι.
3048 4475 3158 4528 Kal.
3183 4473 3303 4527 τινὰ
3328 4474 3428 4544 μὲν
3448 4474 3543 4526 καὶ
3567 4473 3689 4545 δίχα

2112 4571 2311 4642 μίξεως
2347 4568 2625 4635 τίκτεται,
2681 4567 2804 4620 τινὰ
2835 4567 2895 4620 δὲ
2942 4568 3111 4638 χωρὶς
3157 4567 3360 4638 ταύτης
3411 4568 3684 4638 οὐδαμῶς.

2108 4665 2218 4718 Καὶ
2247 4664 2331 4729 τίς
2363 4663 2429 4716 ἂν
2462 4659 2869 4732 ἀπαριθμήσειε
2905 4658 3005 4723 τὰς
3042 4660 3100 4713 ὲν
3135 4659 3346 4723 τούτοις
3379 4661 3690 4732 ἀναριθμή-

2107 4773 2234 4820 τους
2257 4755 2544 4826 διαφορὰς,
2570 4754 2630 4806 οὑ
2660 4752 2768 4806 τῶν
2801 4750 2956 4816 ζώων
2985 4753 3168 4823 μόνον,
3201 4752 3336 4806 ἀλλά
3374 4755 3472 4807 καὶ
3504 4756 3688 4822 φυτῶν

2108 4847 2202 4901 καὶ
2253 4845 2491 4917 βοτανῶν
2531 4845 2625 4898 καὶ
2666 4842 2772 4897 τῶν
2827 4842 3258 4915 παραπλησίων;
3297 4835 3373 4896 ῶν
3427 4844 3687 4898 ἁπάντων

2107 4937 2207 5000 τὰς
2235 4934 2413 4998 αἰτίας
2443 4934 2596 5004 παρά
2624 4933 2730 4987 τῶν
2772 4933 2872 5005 τῆς
2902 4933 3249 5005 εἱμαρμένης
3295 4935 3554 5006 πατέρων
3594 4933 3685 5004 ξη-

432 5040 854 5105 enumeraverit,
881 5052 984 5092 non
1006 5033 1377 5106 zanimantium
1411 5033 1588 5092 modo,
1622 5042 1809 5081 verum
1839 5025 2001 5077 etiam

2114 5029 2220 5080 τεῖν
2244 5025 2471 5088 δίκαιον,
2506 5025 2664 5095 εἴπερ
2689 5027 2870 5079 πάντα
2895 5025 2995 5095 τῆς
3024 5025 3293 5094 γενέσεως
3335 5027 3456 5079 κατ’
3489 5027 3687 5091 αὐτοὺς

433 5137 682 5207 stirpium
703 5141 759 5188 et
807 5127 1121 5190 herbarum,
1164 5123 1502 5191 aliorumque
1533 5114 1833 5173 similium?
1870 5128 2008 5184 quo-

436 5247 556 5284 rum
603 5227 844 5283 omnium
897 5233 1090 5276 causas
1128 5217 1194 5271 ab
1231 5216 1316 5271 his
1353 5213 1449 5268 fati
1513 5210 1826 5264 auctoribus
1862 5220 2010 5278 qua:-

436 5337 558 5376 rere
607 5319 812 5390 justum
843 5323 965 5370 est:
994 5309 1258 5380 siquidem
1289 5305 1470 5362 omnia
1496 5301 1791 5358 secundum
1817 5301 2009 5354 horum

435 5411 756 5466 sententiam
781 5421 847 5462 ex
867 5402 1049 5474 genesi
1104 5399 1357 5469 pendent,
1383 5403 1438 5450 et
1469 5395 1608 5464 quod
1638 5394 1923 5455 exsistant,
1955 5398 2010 5444 et

436 5501 624 5555 modus
643 5514 748 5568 quo
769 5497 1053 5558 exsistunt,
1078 5501 1134 5548 et
1155 5488 1352 5562 gestari
1377 5495 1550 5550 utero,
1574 5494 1629 5540 et
1650 5484 1758 5555 pati
1779 5492 1833 5537 et
1848 5496 2013 5550 agere

2108 5116 2365 5187 ἤρτηται,
2390 5116 2486 5168 καὶ
2511 5115 2571 5169 τὸ
2607 5109 2749 5168 εἶναι
2773 5115 2866 5168 καὶ
2894 5115 2923 5167 ὁ
2948 5114 3043 5169 τοῦ
3068 5111 3208 5168 εἶναι
3232 5115 3454 5185 τρόπος,
3485 5131 3682 5183 κυοφο-

2109 5207 2318 5278 ρεῖσθαί
2347 5225 2406 5259 τε
2457 5207 2550 5259 καὶ
2596 5206 2828 5277 πάσχειν
2880 5207 2974 5260 καὶ
3002 5206 3134 5277 δρᾷν
3164 5206 3258 5259 καὶ
3288 5204 3680 5276 ἀποθνήσκειν.

2110 5299 2181 5352 Ἦ
2219 5296 2361 5352 κατά
2390 5297 2498 5351 τῶν
2543 5295 2742 5348 ἀθλίων
2773 5294 3077 5367 ἀνθρώπων
3108 5297 3293 5359 αὐτοῖς
3331 5295 3496 5366 μόνον
3525 5295 3682 5366 ἠκρι-

2107 5389 2378 5459 ϐολογήθη
2407 5388 2477 5440 τὰ
2499 5387 2597 5457 τῆς
2627 5387 2918 5456 γενέσεως,
2949 5387 3037 5441 ἵνα
3055 5387 3117 5440 τὸ
3146 5389 3364 5442 πάντων
3393 5386 3676 5442 κάλλιστον

2120 5479 2226 5532 τῶν
2245 5479 2288 5510 ⁸³
2316 5481 2375 5531 ἐν
2402 5477 2530 5547 ἡμῖν
2568 5478 2629 5530 τὸ
2654 5477 2978 5548 αὐθαίρετον
3005 5477 3269 5550 ἀγνοηθῇ,
3319 5477 3412 5532 καὶ
3443 5476 3574 5541 Θεὸς
3606 5484 3677 5555 μὴ

1703 5589 1940 5646 VARle
1985 5584 2402 5645 LECTIONES.

507 5702 530 5734 ⁸
559 5698 991 5754 ἁναπλάσσουσιν
1016 5714 1077 5760 ς.
1181 5694 1201 5725 ⁹
1240 5688 1545 5760 κατάφορον
1579 5703 1636 5760 ς.

439 5773 482 5804 ¹³
507 5772 729 5824 πάντων
775 5754 1060 5822 κάλλιστον
1087 5760 1224 5833 τῶν]
1255 5762 1374 5816 libri
1397 5754 1514 5812 ’πᾶν
1539 5759 1646 5813 τῶν
1670 5754 1990 5808 καλλίστων.

1747 5684 1788 5715 ιο
1809 5685 1842 5750 ἢ
1873 5698 1982 5738 om.
2010 5686 2073 5738 Α.

2179 5683 2217 5714 ¹¹
2255 5678 2498 5748 θαλάσσῃ
2534 5695 2594 5742 ς.
2702 5679 2744 5710 ¹¹
2771 5679 2874 5747 Ιτὸν
2919 5694 2974 5738 et
3016 5679 3143 5736 infr.
3177 5681 3271 5734 καὶ
3310 5691 3433 5752 post
3464 5679 3582 5752 μέλ.
3608 5679 3669 5731 Α.
