3972 6248
317 254 418 317 849

1353 255 1878 316 BIBLIO’FHECA.
1916 280 1986 291 -
2013 256 2177 319 COD.
2219 258 2532 321 CCXXIII.

3443 267 3549 330 850

315 361 678 432 εὐχαριστηθῇ
697 357 778 425 οἷς
801 361 862 415 τὺ
882 362 1040 430 γένος
1061 360 1430 432 εὐηργέτησεν
1450 379 1465 426 ;
1498 361 1614 424 πῶς
1641 362 1698 415 δὲ
1718 361 1877 416 πάλιν

1990 373 2034 418 et
2085 365 2244 420 mori.
2301 366 2382 420 An
2402 366 2540 420 forte
2582 364 2840 420 adversus
2862 365 3104 435 miserosf
3122 371 3376 426 mortales
3425 377 3558 429 dun-

315 455 348 524 ή
372 452 584 521 γένεσις
603 452 867 524 ἀκαίρους
905 456 1005 523 μὲν
1033 453 1349 523 προσθήκας
1375 453 1576 516 δίδωσι,
1619 453 1884 524 τετρακέ-

317 543 460 614 φαλα
493 542 614 597 κατ’
657 545 857 608 αὐτοὺς
901 543 1237 598 ἀποτελοῦσα
1288 544 1386 598 καὶ
1433 546 1620 614 χεῖρας
1667 543 1886 609 πλείους

315 635 410 690 καὶ
456 635 624 699 πόδας
668 635 778 692 τῶν
810 636 952 691 κατὰ
983 635 1166 706 φύσιν,
1197 637 1307 699 τοῖς
1332 636 1390 690 δὲ
1417 637 1668 707 ἑρπετοῖς
1705 637 1767 688 ού
1802 636 1883 690 δῖ-

314 727 444 781 δωσι
490 725 678 793 πόδας,
730 727 780 780 οἳ
820 726 1146 796 παρέξουσιν
1180 726 1363 790 αὐτοῖς
1399 726 1458 779 τὸ
1483 727 1538 778 ὲν
1569 729 1634 798 τῇ
1679 725 1884 796 βαδίσει

313 817 608 887 χρήσιμον.
653 817 753 874 οὐκ
795 816 1106 885 ὀφθαλμοὺς
1133 818 1246 877 τοῖς
1277 814 1601 884 ἀσφάλαξιν,
1631 814 1742 868 οὐδ’
1787 813 1884 868 ἄλ-

313 907 428 971 λοις
454 899 528 961 ὧν
554 902 930 974 δέονται;εῖτα
949 906 1048 978 ζῇν
1078 907 1178 977 μὲν
1195 901 1275 970 οἷς
1299 907 1398 971 τὰς
1424 905 1688 978 ἀκαίρους
1715 922 1884 978 προσ-

315 999 489 1069 θήκας
511 998 709 1054 έδωκεν
754 999 854 1052 οὐκ
899 999 963 1068 ἐᾷ
997 998 1209 1067 (πάντα
1242 997 1350 1068 γὰρ
1395 996 1670 1068 βραχύὸια
1701 995 1768 1048 τὰ
1794 1012 1884 1048 τε·

317 1090 694 1164 ρατόμορφα),
739 1093 832 1146 καὶ
883 1094 948 1162 τῇ
994 1091 1278 1162 προσθήκῃ
1329 1090 1427 1161 τὴν
1456 1091 1584 1159 ὃλην
1633 1086 1883 1159 ἀφανίζει

314 1180 476 1252 φύσιν
497 1198 511 1212 ·
540 1175 615 1238 ὧν
639 1182 696 1236 δὲ
731 1183 802 1236 τὰ
841 1182 984 1236 κατὰ
1005 1181 1167 1252 φύσιν
1197 1183 1406 1251 ἀφεῖλε,
1437 1183 1625 1253 χεῖρας
1654 1179 1686 1251 ἢ
1719 1179 1885 1242 πόδας

313 1278 348 1348 ἢ
379 1276 710 1346 ὀφθαλμοὺς,
739 1277 915 1332 ταῦτα
939 1275 1040 1350 ζῇν
1064 1279 1148 1348 ὲᾷ,
1170 1277 1269 1349 τὴν
1293 1279 1612 1348 σωματικὴν
1637 1279 1885 1348 πήρωσιν

313 1369 748 1441 ἀπαραμύθητον
775 1370 988 1442 ἔχοντα.
1017 1371 1081 1424 Ei
1114 1370 1217 1440 μὲν
1246 1367 1338 1425 οὖν
1370 1388 1455 1434 τις
1499 1371 1579 1432 εἰς
1624 1368 1887 1440 εἱμαρμέ-

312 1475 413 1527 νην
445 1460 709 1532 ἀναφέρει
739 1461 928 1528 ταῦτα,
959 1461 1122 1523 αὐτὸς
1149 1460 1193 1493 ⁸⁸
1226 1462 1324 1514 σὺν
1363 1461 1500 1532 αὐτῇ
1531 1461 1631 1532 τῆς
1656 1461 1884 1524 ἀτοπίας

310 1552 339 1604 ὁ
370 1552 577 1615 αἴτιοςο
629 1553 678 1606 εὶ
733 1551 791 1606 δὲ
820 1553 918 1622 τῆς
969 1551 1185 1624 φύσεως
1237 1548 1344 1606 οἶδε
1385 1551 1443 1605 τὸ
1473 1552 1880 1624 διαμαρτάνειν,

313 1641 523 1711 ἐξαιρεῖ
547 1641 609 1696 τὸ
657 1634 812 1696 Θεῖον
839 1643 940 1712 τῆς
975 1643 1326 1716 κατηγορίας.
1369 1643 1580 1713 Ὠσπερ
1605 1645 1714 1716 γὰρ
1743 1646 1879 1715 αὐτῇ

1990 461 2141 510 taxat
2171 464 2277 509 tam
2317 464 2605 511 accuratus
2643 455 2710 510 de
2748 455 2929 525 genesi
2981 471 3159 514 sermo
3196 461 3264 515 ab
3300 461 3431 530 ipsis
3472 465 3558 518 in-

1991 546 2211 601 stitutus
2235 556 2351 602 est:
2379 555 2457 614 ut,
2480 548 2623 617 quod
2651 549 2706 603 in
2739 548 2893 603 nobis
2917 552 3155 606 omnium
3182 561 3263 607 est
3293 553 3562 609 honestis-

1994 640 2217 705 simum,
2252 640 2476 696 libertas
2513 641 2746 706 arbitrii,
2788 641 3070 712 ignoretur
3113 659 3130 698 :
3184 644 3402 713 Deoque
3461 661 3559 715 pro

1992 729 2201 785 collatis
2239 729 2294 784 in
2341 743 2510 798 genus
2538 731 2831 785 humanum
2863 730 3162 799 beneﬁciis,
3216 735 3404 804 gratia
3451 751 3558 790 non

1992 821 2262 892 agantur?
2323 821 2392 876 At
2440 823 2708 892 quomodo
2759 837 2975 877 rursum
3037 826 3246 893 genesis
3295 827 3560 895 intempe-

1987 914 2133 970 stiva
2190 913 2278 968 illa
2312 913 2676 970 additamenta
2734 914 2940 983 adjicit,
2994 916 3118 970 dum
3173 919 3562 987 quadricipites

1989 1003 2135 1060 fetus
2167 1005 2460 1060 secundum
2496 1004 2617 1069 hos,
2641 1012 2734 1058 aut
2761 1003 2943 1072 plures
2964 1021 3124 1075 quam
3155 1017 3344 1062 natura
3368 1009 3560 1079 exigit,

1988 1094 2106 1150 sive
2138 1109 2329 1150 manus
2365 1096 2482 1150 sive
2521 1095 2680 1164 pedes
2725 1095 2967 1164 perﬁciat
3010 1115 3026 1152 :
3065 1112 3188 1152 cum
3251 1112 3427 1168 neque
3475 1112 3563 1152 re-

1989 1185 2212 1254 ptilibus
2242 1187 2404 1254 pedes
2431 1187 2652 1254 tribuat,
2680 1188 2774 1257 qui
2798 1189 2902 1244 illis
2927 1190 2993 1244 ad
3022 1189 3405 1245 ambulandum
3453 1190 3564 1245 sint

1991 1277 2133 1343 usui,
2186 1291 2359 1346 neque
2410 1277 2608 1350 215a
2654 1279 2836 1334 oculos
2890 1279 3067 1349 talpis,
3135 1294 3310 1351 neque
3351 1279 3471 1335 aliis
3496 1294 3562 1336 ea

1990 1368 2186 1438 quibus
2217 1368 2480 1436 indigent.
2513 1370 2664 1424 Adde
2694 1371 2836 1442 quod
2865 1384 2931 1426 ea
2974 1371 3190 1440 quidem
3237 1369 3437 1442 quibus
3479 1371 3565 1426 in-

1991 1461 2310 1528 tempestiva
2346 1460 2434 1513 illa
2466 1460 2832 1516 additamenta
2871 1462 3040 1530 dedit,
3076 1477 3180 1516 non
3224 1461 3350 1516 sinit
3381 1462 3567 1517 vivere

1992 1547 2348 1619 (quascunque
2388 1550 2533 1604 enim
2565 1550 2884 1620 prodigiosa
2932 1551 3120 1606 formae
3184 1560 3330 1618 sunt,
3382 1550 3565 1607 brevis

1992 1656 2206 1712 quoque
2228 1643 2327 1697 aevi
2361 1657 2480 1696 esse
2512 1643 2732 1712 solent),
2754 1653 2810 1698 et
2839 1644 3115 1700 additione
3165 1658 3262 1699 sua
3292 1654 3457 1699 totam
3487 1645 3564 1699 sl-

311 1732 531 1802 τρέχειν
559 1733 794 1797 οἰκείους
820 1733 1016 1805 νόμους
1061 1735 1334 1806 διώρισεν.
1376 1735 1520 1791 οὕτω
1554 1735 1650 1789 καὶ
1684 1735 1884 1806 θνητὴν

1990 1735 2097 1790 mul
2137 1737 2327 1791 horum
2369 1745 2615 1790 naturam
2663 1736 2871 1792 abolet:
2907 1737 3104 1807 quibus
3153 1751 3283 1791 vero
3307 1753 3338 1792 a
3367 1750 3561 1791 natura

313 1821 664 1895 συνεχώρησε
708 1825 850 1879 κατά.
873 1842 996 1878 τινα
1027 1827 1372 1896 συμφέροντα
1420 1827 1596 1894 λόγον.
1649 1826 1796 1897 Αὕτη
1830 1827 1888 1881 δὲ

313 1913 564 1977 σώζουσα
589 1915 689 1984 μὲν
717 1915 786 1970 τὰ
817 1917 994 1968 οἰκεῖα
1032 1915 1205 1987 μέτρα
1243 1917 1393 1970 οὐδὲν
1427 1917 1755 1990 ὑϐρισμένον
1786 1917 1884 1987 φέο

313 2019 430 2072 ρει,
462 2004 780 2069 ἐξοκείλσσα
802 2006 845 2038 ¹⁵
876 2007 930 2060 δὲ
959 2007 1094 2077 πρὸς
1140 2008 1410 2078 ἀμετρίας
1438 2009 1470 2078 ἤ
1503 2008 1709 2072 ἐνδείας
1736 2008 1768 2079 ἢ
1795 2009 1888 2078 φά·

309 2095 514 2166 6ουςῆ
569 2097 711 2168 πάθη
767 2099 863 2153 καὶ
917 2101 1042 2164 τοὺς
1085 2100 1336 2164 δοθέντας
1391 2101 1889 2172 παραχαράττουσα

307 2185 514 2258 νόμους
543 2189 650 2244 οὐδ’
679 2193 737 2244 ἐν
763 2193 874 2254 τοῖς
920 2192 1264 2262 τικτομένοις
1297 2191 1357 2244 τὸ
1382 2191 1672 2262 ἀκίϐδηλον
1697 2191 1879 2258 σώζει.

306 2278 416 2331 Δι’ὸι
447 2280 499 2333 τί
531 2280 587 2334 δέ
630 2299 751 2336 τινα
795 2282 905 2336 τῶν
933 2283 1089 2348 ζώων
1113 2285 1172 2337 οὐ
1221 2284 1409 2355 τρέφει
1439 2285 1506 2337 τὰ
1533 2285 1882 2356 γεννήματα,

309 2368 509 2442 ὥσπερ
535 2373 753 2445 πτηνῶν
785 2374 944 2446 μὲν¹⁶
969 2376 1142 2444 γῦπες
1183 2376 1275 2430 καὶ
1307 2379 1561 2446 κόρακες,
1616 2375 1797 2446 ἰχθύες
1827 2375 1885 2430 δὲ

310 2467 524 2538 μικροῦ
551 2465 872 2539 σύμπαντες
894 2483 909 2500 ο
954 2468 1023 2522 τὰ
1049 2467 1106 2522 δὲ
1135 2468 1228 2522 καὶ
1260 2470 1593 2538 γηροτροφεῖ
1632 2469 1760 2532 τοὺς
1793 2485 1884 2522 τεο

1984 1827 2164 1882 debita
2209 1826 2322 1881 sive
2355 1829 2538 1897 pedes,
2575 1827 2688 1883 sive
2732 1843 2948 1892 manus,
2997 1828 3111 1882 sive
3151 1828 3342 1883 oculos
3376 1827 3560 1881 abstu-

1985 1919 2065 1984 lit,
2096 1933 2157 1972 ea
2189 1919 2263 1973 ita
2296 1919 2478 1974 vivere
2516 1919 2799 1988 permittit,
2830 1928 2888 1974 ut
2932 1920 3165 1975 mutilati
3199 1921 3442 1990 corporis
3471 1935 3560 1975 so-

1984 2006 2170 2062 latium
2215 2007 2418 2062 nullum
2457 2009 2716 2064 habeant.
2758 2007 2814 2063 Si
2841 2011 2962 2080 quis
3002 2011 3120 2066 haec
3175 2011 3340 2080 igitur
3382 2010 3450 2066 ad
3481 2010 3562 2064 fa-

1988 2107 2101 2151 tum
2137 2096 2351 2161 referat,
2397 2098 2443 2152 is
2465 2097 2818 2154 absurditatis
2847 2110 3036 2156 auctor
3056 2114 3164 2155 non
3195 2100 3373 2155 minus
3399 2115 3560 2168 quam

1990 2187 2121 2242 illud
2171 2185 2420 2243 efﬁcitur.
2463 2187 2557 2245 Sin
2591 2198 2797 2246 naturae
2825 2205 2946 2248 esse
2978 2201 3258 2261 peccatum
3295 2192 3559 2262 agnoscit,

1991 2295 2202 2336 omnem
2230 2283 2514 2337 accusandi
2539 2281 2782 2338 Numinis
2800 2269 3137 2338 occasionem
3172 2283 3330 2339 tollit.
3357 2284 3568 2351 Quem-

1992 2371 2279 2426 admodum
2309 2373 2453 2425 enim
2481 2371 2652 2440 ipsam
2704 2371 2818 2427 suis
2860 2373 3180 2441 quibusdam
3216 2387 3440 2429 currere
3483 2373 3563 2426 le-

1991 2463 2146 2534 gibus
2174 2461 2380 2525 statuit,
2411 2461 2488 2517 sic
2516 2471 2571 2517 et
2599 2462 2866 2528 eamdem,
2900 2465 3110 2520 ratione
3147 2467 3377 2534 quadam
3416 2463 3566 2530 utili,

306 2559 545 2626 κόντας;
576 2559 670 2613 καὶ
699 2559 767 2614 τὰ
789 2561 888 2630 μὲν
919 2560 1014 2614 καὶ
1037 2558 1189 2613 νόθον
1213 2557 1480 2612 ὑποϐάλλε
1491 2575 1578 2612 ται
1608 2561 1770 2631 γονὴν
1791 2561 1886 2614 καὶ

1990 2554 2137 2623 iuxta
2175 2554 2484 2610 mortalium
2530 2553 2894 2610 conditionem
2940 2555 3070 2610 ferri
3113 2558 3410 2612 concessit.
3445 2554 3575 2623 Ipsa.

306 2646 526 2717 τρέφει,
555 2650 624 2703 τὰ
653 2649 882 2704 πλεῖστα
913 2650 967 2704 δὲ
993 2648 1087 2716 ob;
1125 2649 1218 2702 καὶ
1246 2650 1329 2712 τίς
1362 2648 1428 2702 ἂν
1452 2648 1552 2712 τὰς
1585 2647 1887 2719 ἀναριθμή-

305 2754 441 2802 τους
469 2741 578 2795 τῶν
611 2741 778 2796 ὄντων
806 2742 1066 2818 διαφορὰς
1097 2741 1474 2808 καταλέξειεν;
1523 2739 1686 2794 Ἀλλά
1715 2740 1887 2796 ταῦτα

307 2826 418 2895 μὲν
447 2829 541 2882 καὶ
568 2829 627 2882 ὲν
651 2829 729 2900 τῷ
763 2828 804 2882 δ’
841 2829 1003 2900 λόγῳ.

304 2919 556 2989 delapsa,
609 2924 867 2977 adversus
921 2921 1060 2976 latas
1101 2920 1204 2977 sibi
1249 2920 1396 2991 leges
1441 2920 1718 2992 quidpiam
1771 2921 2071 2987 admittat,
2105 2935 2233 2978 mox
2267 2935 2441 2991 neque
2503 2920 2560 2975 in
2595 2919 2663 2974 iis
2721 2933 2842 2988 quae
2902 2919 3196 2990 gignuntur

1982 2646 2166 2717 igitur,
2195 2660 2350 2702 suum
2392 2645 2608 2700 modum
2657 2659 2906 2712 servans,
2947 2646 3083 2701 nihil
3146 2647 3290 2716 quod
3339 2646 3443 2700 nlla
3495 2646 3576 2700 sit

1984 2736 2237 2793 aﬂ'cctum
2267 2736 2459 2804 injuria
2489 2735 2728 2804 profert:
2757 2743 2812 2790 at
2833 2736 2880 2791 si
2907 2736 2960 2790 in
2989 2737 3323 2793 nimietatem
3355 2736 3439 2791 vel
3469 2736 3567 2791 de-

1989 2829 2212 2894 fectum,
2271 2829 2324 2883 in
2378 2843 2657 2898 pavorem,
2706 2827 2794 2883 vel
2856 2827 3204 2884 vehementes
3255 2826 3570 2884 affectiones

3282 2919 3564 2975 sincerita-

305 3021 424 3066 tem
455 3021 655 3084 se’rvat.
712 3013 820 3067 Cur
872 3013 1090 3082 insuper
1126 3014 1370 3084 quaedam
1417 3014 1712 3069 animantia
1745 3027 1874 3070 suos
1911 3012 2048 3068 fetus
2094 3027 2204 3068 non
2262 3013 2524 3079 nutriunt,
2577 3011 3030 3082 quemadmodum
3091 3011 3156 3066 in
3250 3012 3562 3072 volatilibus

305 3103 581 3169 vultures,
637 3105 807 3170 corvi,
866 3105 1150 3174 piscesque
1197 3105 1312 3162 fere
1348 3121 1576 3174 omnes;
1630 3108 1879 3177 quaedam
1917 3121 2047 3161 vero
2079 3105 2244 3162 etiam
2267 3114 2518 3176 parentes
2552 3104 2608 3158 in
2633 3103 2788 3160 senio
2826 3104 3012 3172 alunt;
3041 3105 3171 3160 item
3229 3105 3334 3161 alia
3397 3106 3565 3162 etiam

305 3199 652 3270 illegitimum
679 3201 779 3256 sibi
817 3204 1152 3271 suppositum
1196 3201 1364 3258 fetum
1434 3203 1700 3267 nutriunt,
1743 3202 2000 3272 pleraque
2065 3215 2196 3256 vero
2243 3199 2506 3256 minime?
2586 3199 2658 3255 At
2701 3198 2824 3270 quis
2896 3199 3321 3257 innumerabiles
3389 3213 3570 3256 rerum

306 3289 554 3344 omnium
601 3289 931 3349 diﬂ‘erentias
972 3296 1294 3350 recenseat?
1331 3295 1497 3365 Igitur
1525 3297 1641 3352 haec
1666 3297 1885 3366 quidem
1924 3295 2062 3350 libro
2096 3303 2288 3363 quarto
2319 3293 2689 3350 continentur.

394 3379 488 3432 ’Ev
516 3378 572 3433 δὲ
596 3378 674 3449 τῷ
703 3388 746 3433 ε’
775 3381 916 3451 λόγῳ
939 3380 1073 3436 ἄλλα
1103 3400 1162 3437 τε
1184 3381 1428 3450 διέξεισι,
1457 3384 1551 3438 καὶ
1582 3385 1688 3456 πρὸ
1715 3383 1886 3440 αὐτῶν

2067 3382 2232 3438 Libro
2295 3384 2486 3453 quinto
2532 3399 2658 3441 cum
2692 3384 2799 3440 alia
2853 3385 3216 3456 persequitur,
3269 3393 3382 3438 tum
3436 3393 3563 3438 ante

306 3473 516 3542 ὁμοίως
549 3474 688 3528 κατὰ
715 3475 814 3546 τῆς
839 3476 1180 3548 εἱμαρμένης
1204 3477 1383 3533 τοῦτο.
1417 3479 1479 3531 Ei
1511 3479 1621 3542 τοῖς
1650 3479 1892 3547 γονεῦσι.

309 3562 446 3634 [680
475 3563 567 3635 8.]
619 3565 785 3635 φασὶ,
811 3567 875 3620 τὸ
919 3567 1124 3622 τίκτειν
1161 3568 1270 3622 ἀπὸ
1312 3570 1581 3638 γενέσεως
1633 3570 1892 3642 ὑπάρχει,

306 3651 474 3723 δῆλον
501 3651 575 3717 ὡς
605 3654 716 3708 ἀπὸ
742 3656 841 3726 τῆς
873 3655 982 3710 τῶν
1011 3656 1263 3727 πατέρων
1293 3659 1564 3726 γενέσεως
1597 3660 1690 3713 καὶ
1722 3661 1756 3730 ή
1783 3659 1894 3713 τῶν

308 3743 451 3798 υἱῶν
477 3744 689 3812 γένεσις
719 3746 813 3800 καὶ
841 3747 874 3818 ή
907 3746 1112 3819 ταύτης
1137 3746 1258 3820 ὥρα
1288 3747 1574 3820 διωρίσθη.
1611 3751 1676 3804 Ei
1705 3751 1764 3804 δὲ
1791 3750 1890 3822 μὴ,

305 3836 368 3889 οὐ
399 3835 512 3890 τῶν
541 3839 916 3910 γεννησάντων
945 3841 978 3910 ή
1014 3841 1228 3908 γένεσις
1271 3841 1526 3894 ἀποτελεῖ
1559 3843 1686 3904 τοὺς
1713 3859 1893 3896 τικτοο

310 3929 535 3997 μένους,
567 3930 664 3984 καὶ
693 3930 894 4001 ,μάτην
939 3931 969 3984 ὁ
1001 3932 1169 3997 πολὺς
1201 3932 1302 4004 τῆς
1331 3935 1676 4006 εἱμαρμένης
1710 3934 1890 4004 λόγος.

309 4019 374 4073 Et
407 4020 521 4092 γὰρ
567 4021 628 4075 τὸ
675 4023 953 4094 σπαρῆναι
983 4024 1078 4077 καὶ
1114 4025 1523 4096 κυοφορηθῆναι
1566 4028 1662 4080 καὶ
1690 4027 1894 4080 τέλειον

306 4112 600 4182 προελθεῖν
637 4113 670 4182 ἢ
721 4114 910 4178 ἀτελὲς
950 4113 1098 4186 [552
1146 4114 1239 4188 Η.]
1275 4117 1374 4188 τῆς
1415 4117 1686 4186 γενέσεως
1731 4117 1892 4188 ἔργον

306 4204 432 4257 ἐστὶ
480 4204 590 4259 τῶν
637 4206 955 4274 τικτόντων,
1004 4207 1162 4277 δῆλον
1193 4209 1272 4262 ὅτι
1309 4214 1404 4263 καὶ
1431 4211 1465 4281 ή
1498 4210 1702 4265 τούτων
1731 4210 1853 4282 ὥρα
1874 4226 1890 4243 ’

307 4294 447 4348 εἰδὲ
502 4294 577 4365 μὴ
626 4294 787 4366 αὕτη,
835 4297 955 4351 οὐδὲ
1009 4300 1214 4354 ἐκεῖνα.
1266 4300 1330 4353 Et
1365 4300 1411 4354 δ’
1442 4301 1499 4353 αἱ
1539 4301 1783 4369 γενέσεις
1829 4302 1890 4370 ἐξ

309 4387 520 4457 ἑτέρων
562 4389 669 4441 εἰσὶ
703 4391 990 4456 γενέσεων,
1038 4393 1132 4445 καὶ
1161 4393 1189 4444 ό
1237 4393 1331 4446 τοῦ
1371 4394 1665 4463 γεννᾶσθαι
1699 4395 1891 4467 καιρὸς

306 4475 423 4528 ἀπὸ
469 4475 570 4546 τῆς
598 4477 705 4531 τῶν
735 4480 1145 4550 γεγεννηκότων
1190 4483 1552 4554 εἱμαρμένης,
1594 4485 1776 4556 ῥᾴδιον
1823 4483 1890 4539 ἂν

306 4569 400 4636 εἴη
425 4569 540 4630 τοῖς
569 4566 772 4638 ταύτης
797 4571 1055 4641 ἐρασταῖς
1102 4573 1232 4640 μίαν
1264 4574 1362 4644 μὲν
1392 4573 1682 4645 ἀνθρώπου
1705 4575 1889 4628 λαϐεῖν

305 4659 548 4728 γένεσιν,
581 4659 639 4726 ἐξ
669 4661 837 4732 αὐτῆς
865 4661 923 4716 δὲ
949 4664 1048 4734 τήν
1075 4681 1136 4718 τε
1165 4665 1275 4719 τῶν
1306 4668 1557 4738 πατέρων
1585 4669 1766 4720 εἰπεῖν
1791 4668 1888 4720 καὶ

1994 3478 2109 3532 haec
2138 3477 2204 3532 de
2249 3475 2362 3531 fato
2405 3477 2662 3532 similiter
2710 3477 2835 3533 ista.
2893 3477 2951 3533 Si
3006 3476 3148 3546 quod
3197 3485 3451 3546 parentes
3489 3477 3572 3546 gi-

1993 3577 2177 3636 gnant,
2204 3568 2300 3632 ait,
2335 3581 2363 3619 a
2395 3569 2586 3637 genesi;
2610 3567 2894 3638 contingit,
2925 3565 3271 3621 manifestum
3303 3576 3386 3622 est
3409 3583 3437 3620 a
3473 3583 3569 3634 pa-

1993 3669 2207 3714 rentum
2235 3659 2419 3730 genesi
2447 3667 2502 3715 et
2529 3658 2762 3714 ﬁliorum
2812 3659 3076 3730 genesim,
3110 3668 3165 3715 et
3188 3659 3348 3731 huius
3379 3659 3578 3715 horam-

1995 3752 2274 3808 deiinitam
2305 3767 2444 3809 esse.
2492 3752 2822 3819 Sinminus,
2853 3769 2981 3824 ergo
3026 3754 3358 3826 gignentium
3402 3771 3570 3826 gene-

1995 3844 2071 3899 sis
2103 3857 2199 3898 eos
2230 3843 2321 3913 qui
2353 3842 2648 3914 gignuntur
2671 3859 2784 3898 non
2825 3842 3056 3914 perﬁcit,
3106 3833 3416 3913 frustraque
3448 3843 3566 3899 lon-

1991 3947 2093 4006 gus
2125 3934 2190 3989 de
2215 3933 2330 3989 fato
2355 3947 2535 3989 sermo
2562 3933 2810 3989 habetur.
2861 3933 2918 3989 Si
2945 3935 3091 3989 enim
3119 3936 3259 4006 quod
3302 3933 3442 3989 tetris
3484 3949 3572 3989 se-

2001 4026 2264 4092 minetur,
2316 4025 3010 4095 gestetur,,tperfectusque
3079 4026 3162 4080 vel
3227 4025 3572 4096 imperfectus

1992 4117 2296 4189 proveniat,
2329 4133 2359 4170 a
2387 4128 2676 4188 parentum
2711 4119 2894 4189 genesi
2926 4118 3159 4182 exsistit,
3195 4117 3402 4174 clarum
3428 4117 3582 4188 quod

1993 4209 2201 4278 horum;
2239 4223 2454 4280 quoque
2495 4210 2628 4265 hora
2675 4209 2744 4265 ab
2798 4212 2988 4266 eadem
3031 4211 3429 4279 proﬁciscatur.
3473 4209 3570 4267 Sin

1993 4302 2172 4359 minus
2215 4302 2350 4368 haec,
2378 4316 2508 4372 ergo
2564 4316 2664 4356 nec
2712 4301 2821 4358 illa.
2868 4301 2989 4357 Jam
3018 4303 3063 4357 si
3094 4318 3318 4372 geneses
3347 4302 3465 4356 alia:
3503 4318 3569 4356 ex

1993 4392 2116 4450 aliis
2170 4404 2318 4456 sunt,
2378 4393 2664 4463 ipsumque
2696 4393 2952 4449 nascendi
2983 4403 3340 4458 amomentum
3377 4393 3446 4446 ab
3479 4408 3569 4447 eo-

1990 4499 2109 4540 rum
2131 4486 2220 4556 qui
2249 4496 2552 4554 genuerunt
2575 4485 2688 4540 fato
2715 4485 3103 4555 proﬁciscitur,
3133 4483 3292 4539 facile
3313 4483 3385 4538 sit
3413 4481 3574 4552 hujus

1991 4577 2323 4632 amatoribus
2351 4591 2511 4631 unam
2550 4577 2782 4646 aliquam
2815 4575 3050 4631 hominis
3084 4589 3280 4644 capere
3298 4575 3568 4645 genesim,

1992 4677 2154 4738 atque
2176 4682 2243 4723 ex
2263 4667 2376 4737 ipsa
2407 4676 2517 4721 tum
2539 4676 2780 4736 patrum,
2817 4677 2927 4720 tum
2959 4681 3204 4730 avorum,
3235 4667 3346 4720 imo
3373 4675 3428 4721 et
3454 4681 3569 4720 ma-

307 4748 425 4804 τῶν
470 4750 713 4805 πάππων
750 4755 846 4807 καὶ
881 4753 992 4809 τῶν
1034 4754 1116 4808 ἔτι
1151 4757 1600 4827 προπατόρωνίτ,
1638 4757 1734 4810 καὶ
1765 4756 1886 4810 τού-

1995 4759 2177 4830 jorum
2227 4757 2468 4829 genesim
2525 4758 2786 4822 indicare,
2813 4759 3112 4826 horumque
3165 4757 3408 4812 omnium
3461 4766 3568 4811 tam

305 4857 424 4896 των
457 4839 714 4896 ἁπάντων
744 4843 814 4914 ra’;
841 4861 902 4897 τε
943 4844 1090 4918 πάθη
1124 4847 1219 4900 καὶ
1251 4848 1351 4910 τὰς
1383 4847 1609 4917 πράξεις
1665 4847 1768 4917 τῆς
1794 4847 1886 4918 ψυ-

1998 4847 2164 4902 animi
2187 4862 2348 4918 quam
2372 4849 2617 4917 corporis
2644 4848 2957 4904 aﬂ‘ectiones
2989 4849 3364 4919 actionesque,
3396 4863 3460 4903 ac
3493 4851 3568 4903 si-

307 4930 416 4998 χῆς
444 4931 539 4982 καὶ
569 4931 665 4983 τοῦ
715 4933 978 5003 τώματος,
1010 4936 1079 4989 τά
1111 4953 1172 4989 τε
1220 4937 1474 5008 σχήματα
1504 4937 1597 4990 καὶ
1629 4937 1886 5008 χρώματα

1997 4941 2107 4996 mul
2129 4941 2351 5012 ﬁguras,
2379 4940 2589 4997 colores
2614 4949 2670 4996 et
2724 4941 3143 5011 magnitudines.
3188 4940 3301 4997 Nec
3332 4943 3434 4997 hoc
3479 4956 3568 4994 so-

312 5023 412 5073 καὶ
465 5022 705 5094 μεγέθη,
741 5027 802 5078 οὐ
848 5027 1008 5080 τοῦτο
1052 5028 1108 5081 δὲ
1147 5028 1329 5099 μόνον,
1366 5029 1482 5083 ἀλλ’
1510 5031 1575 5083 ὲκ
1599 5030 1697 5100 τῆς
1722 5030 1886 5100 αὐτῆς

1998 5032 2128 5098 lum,
2159 5033 2254 5088 sed
2290 5033 2454 5087 etiam
2490 5047 2558 5088 ex
2591 5033 2691 5088 bac
2734 5033 2850 5102 ipsa
2889 5043 2944 5088 et
2973 5033 3118 5090 illius
3171 5034 3332 5089 unius
3385 5041 3571 5103 genesi

311 5111 415 5163 καὶ
448 5113 540 5166 τοῦ
569 5115 692 5179 ἑνὸς
732 5119 998 5185 γενέσεως
1026 5119 1172 5183 τίνες
1203 5121 1252 5173 οἱ
1286 5119 1676 5191 τεχθησόμενοι
1708 5137 1886 5191 προει-

1998 5122 2180 5178 licebit
2223 5124 2440 5192 quinam
2495 5126 2786 5194 generandi
2825 5125 2938 5178 sint
2979 5125 3293 5194 praedicere,
3329 5140 3574 5180 omnem-

311 5204 462 5267 πεῖν,
501 5205 598 5259 καὶ
623 5208 804 5260 πᾶσαν
823 5209 923 5279 τὴν
957 5211 1225 5283 ἐσομένην
1253 5213 1319 5264 ὲκ
1346 5213 1442 5282 τῆς
1472 5211 1720 5282 διαδοχῆς
1762 5228 1865 5280 συγ
1869 5241 1886 5253 ·

2001 5229 2106 5283 que
2138 5215 2272 5270 adeo
2291 5214 2528 5270 futuram
2557 5231 2623 5270 ex
2644 5217 2837 5270 ordine
2861 5217 3257 5286 cognationem,
3287 5231 3410 5270 cum
3458 5217 3572 5270 suis

311 5291 556 5360 γένειαν,
613 5297 709 5350 καὶ
772 5299 977 5370 ταύτης
1032 5301 1132 5364 τὰς
1192 5301 1421 5373 πράξεις
1471 5302 1567 5355 καὶ
1619 5302 1719 5356 ὅσα
1758 5301 1886 5356 ἄλλα

2001 5304 2325 5368 actionibus,
2355 5311 2410 5356 et
2441 5319 2777 5374 quaecunque
2813 5304 2920 5360 alia
2962 5305 3271 5374 supradicta
3316 5313 3475 5359 sunt:
3515 5314 3576 5357 ut

315 5386 664 5458 προείρηται,
693 5392 786 5443 καὶ
813 5395 949 5462 μήτε
972 5392 1097 5456 τοὺς
1121 5393 1490 5462 παρελθόντας
1508 5395 1726 5463 ἀγνοεῖν
1755 5394 1886 5464 μήτε

2004 5409 2175 5462 neque
2225 5395 2637 5463 praeteritorum,
2689 5411 2866 5466 neque
2922 5397 3227 5452 futurorum
3286 5395 3575 5466 quisquam

314 5476 430 5532 τῶν
458 5479 730 5550 ἐσομένων
765 5484 970 5555 μηδένα
988 5501 1002 5516 ’
1038 5485 1066 5538 ὃ
1091 5486 1186 5539 καὶ
1208 5487 1363 5540 αὐτοὶ
1391 5486 1458 5541 ἂν
1491 5487 1886 5556 διαγελάσαιεν·

2003 5485 2298 5552 ignoretur.
2331 5486 2484 5553 Quod
2536 5496 2594 5542 et
2620 5489 2833 5558 ipsimet
2857 5487 3051 5560 zlﬁb
3082 5489 3369 5548 irriserint.
3400 5487 3472 5542 At
3519 5495 3579 5539 te

1602 5582 1838 5639 VARUE
1880 5582 2289 5640 LEC‘I’IONES.

405 5663 443 5696 “
467 5668 624 5735 αὐτὸς
663 5673 741 5728 Αε
774 5675 945 5747 αὐτῆς
971 5695 1030 5742 ς.
1064 5680 1106 5715 ¹⁸
1138 5679 1490 5746 ἐξοκέλλουσα
1513 5682 1576 5735 Δ.
1658 5681 1700 5712 ¹⁶
1729 5681 1826 5749 μὲν
1851 5688 1905 5735 et
1937 5694 2056 5735 mox
2089 5683 2184 5737 καὶ
2219 5682 2342 5738 add.
2370 5684 2434 5736 A.
2514 5683 2556 5716 ι’
2589 5683 3032 5755 προπατέρωνΑ.
