3972 6248
460 226 559 292 851

1606 249 1862 313 PHOTII
1891 257 2392 322 PATRIARCHZE
2430 265 2537 325 (ΣΡ.

3580 272 3688 336 852

449 341 579 395 mihi
613 341 745 400 illud
779 360 992 418 quoque
1016 348 1252 419 inspice:
1288 351 1568 419 Filiorum,
1598 361 1770 427 aiunt,
1803 368 1984 434 genesi

2121 370 2266 441 Ὅρα
2307 373 2364 426 δὲ
2417 375 2638 428 κάκεῖνο
2664 392 2677 405 ’
2731 375 2852 430 Τῶν
2903 377 3127 440 παίδων,
3184 377 3367 447 φασὶν,
3399 377 3434 451 ἠ
3469 379 3686 448 γένεσις

447 430 694 486 infelices
737 435 914 490 reddit
964 448 1231 506 parentes,
1270 444 1482 502 etiamsi
1516 449 1656 506 forte
1707 469 1736 505 a
1785 430 2002 524 p'rOpria

449 524 635 590 genesi
671 523 901 583 felicitas
940 529 1070 598 ipsis
1118 533 1380 590 attributa
1421 541 1514 592 sit.
1544 540 1818 598 interdum
1841 523 2003 601 etiam

449 611 587 666 tollit
615 624 668 668 et
709 618 873 672 vincit
903 629 1119 687 patrum
1158 626 1395 691 genesim
1426 629 1539 697 ipsa
1591 633 1844 700 filiorum,
1878 653 2010 705 quo-

423 704 548 758 ,ties
607 706 854 764 videlicet
895 710 1014 767 haec
1049 710 1229 768 fatalis
1293 717 1437 774 illius
1486 721 1709 779 eﬂ‘eetus
1762 739 1876 781 est:
1915 732 2008 784 sed

443 803 496 847 et
523 805 732 864 patrum
778 803 991 870 genesis
1023 805 1265 864 infelices
1315 814 1491 867 reddit
1551 815 1751 874 liberos
1791 833 1846 875 et
1899 824 2007 876 fra-

443 891 582 936 trum
620 882 835 954 fratres,
865 891 1223 962 eumdemque
1262 899 1318 951 in
1355 900 1569 955 modum
1621 906 1781 960 etiam
1817 911 2004 982 conju-

441 987 598 1040 gum;
639 980 988 1042 quantumvis
1027 979 1167 1038 forte
1205 986 1366 1042 aliam
1405 990 1542 1045 alter
1603 994 1798 1052 habeat
1838 980 2004 1070 gene-

440 1061 561 1123 sim,
601 1068 656 1116 et
702 1063 920 1122 aliunde
975 1083 1132 1126 natus
1192 1074 1288 1128 sit.
1348 1075 1416 1132 Et
1479 1082 1624 1150 quod
1692 1085 1778 1140 his
1829 1061 2006 1142 omni-

443 1149 543 1205 bus
591 1155 765 1224 magis
816 1157 1224 1231 deplorandum,
1257 1173 1472 1236 genesis
1498 1149 1656 1243 cogit
1684 1191 2005 1254 generantes

446 1241 629 1296 odium
673 1248 948 1317 suscipere
979 1267 1075 1321 pro
1111 1271 1296 1314 amore
1351 1276 1477 1333 erga
1520 1265 1754 1328 liberos:
1806 1250 2006 1329 liberos

440 1329 571 1386 item
600 1336 936 1404 parentibus,
981 1351 1144 1412 atque
1196 1347 1338 1403 inter
1361 1329 1439 1406 sev
1471 1353 1690 1424 fratres,
1725 1365 2008 1434 conjuges-

439 1431 545 1486 que
578 1421 805 1483 infestos
849 1430 1046 1500 reddit,
1084 1446 1140 1490 et
1175 1440 1242 1492 ad
1289 1443 1463 1499 caedes
1503 1421 1786 1520 provocat,
1823 1421 2007 1527 itaque

441 1511 701 1572 adversus
729 1517 958 1576 invicem
993 1537 1169 1583 armat
1221 1511 1518 1602 naturam;
1547 1550 1605 1594 ut
1638 1553 1802 1600 totam
1828 1511 2006 1606 turbet

443 1605 844 1672 cognationem.
866 1612 930 1666 Et
956 1613 1043 1669 ille
1066 1618 1281 1686 quidem
1315 1623 1662 1700 lamentatur,
1687 1639 1830 1706 quod
1855 1605 2006 1699 labos

2111 462 2511 534 κακοδαίμονας
2531 465 2574 498 ¹⁸
2622 470 2769 520 ποιεῖ
2815 468 2942 532 τοὺς
2996 468 3259 540 πατέρας,
3310 471 3414 524 κᾶν
3455 469 3564 523 ἀπὸ
3585 471 3685 541 τῆς

2117 551 2251 616 ἰδίας
2298 556 2566 623 γενέσεως
2616 559 2678 611 τὸ
2726 557 3047 630 εὔδαιμονη
3087 560 3272 624 αὐτοῖς
3325 560 3724 661 ἐσραϐεύετο·¹

2113 640 2226 694 ἐσθ’
2269 644 2358 698 ὅτε
2404 645 2462 699 δὲ
2494 648 2589 701 καὶ
2617 649 2833 719 ἀναιρεῖ
2858 650 2952 703 καὶ
2997 651 3123 721 νικᾷ
3153 653 3254 722 τὴν
3277 651 3387 705 τῶν
3427 653 3685 723 πατέρων

2113 730 2325 797 γένεσιν
2354 733 2386 803 ἡ
2415 734 2524 789 τῶν
2564 737 2769 792 τέκνων
2809 738 3045 806 γένεσις,
3083 741 3438 810 ἀποτέλεσμα
3466 743 3687 812 ἐκείνης

2110 819 2262 878 οὖσα.
2309 825 2470 879 Ἀλλά
2496 828 2589 880 καὶ
2617 830 2651 898 ή
2673 829 2782 882 τῶν
2816 833 3069 901 πατέρων
3097 831 3312 899 γένεσις
3339 833 3464 896 τοὺς
3485 835 3685 896 παῖδας

2110 915 2514 986 κακοδαίμονας
2567 922 2729 983 ποιεῖ,
2781 922 2877 975 καὶ
2916 923 3179 991 ἀδελφοὺς
3205 926 3239 994 ή
3273 923 3383 978 τῶν
3414 924 3681 993 ἀδελφῶν,

2108 1007 2204 1060 καὶ
2240 1006 2348 1061 τῶν
2390 1011 2788 1081 γεγαμηκότων
2818 1014 3039 1083 ὁμοίως,
3068 1015 3172 1067 κᾶν
3221 1015 3387 1084 ἄλλης
3419 1016 3564 1078 τινὸς
3595 1017 3683 1086 εἴη

2109 1099 2394 1165 γενέσεως.
2427 1103 2531 1156 κᾶν
2552 1103 2817 1173 ἑτέρωθεν
2837 1104 2958 1174 ἔφυ.
2989 1105 3101 1158 Καὶ
3123 1104 3186 1158 τὸ
3211 1106 3428 1159 πάντων
3462 1106 3684 1178 ἀνιαρό-

2105 1207 2278 1261 τερον,
2331 1194 2484 1262 μῖσος
2531 1195 2563 1264 ἡ
2618 1196 2833 1263 γένεσις
2889 1195 3136 1265 βιάζεται
3172 1198 3301 1260 τοὺς
3350 1197 3554 1267 φύντας
3598 1200 3683 1263 είς

2105 1281 2232 1344 τοὺς
2267 1283 2572 1353 φυομένους
2600 1285 2725 1338 ἀντὶ
2763 1286 2862 1356 τῆς
2896 1289 3128 1358 στοργῆς
3175 1287 3339 1359 ἔχειν,
3383 1290 3479 1344 καὶ
3512 1290 3681 1344 τέκνα

2103 1375 2218 1434 τοῖς
2255 1376 2612 1446 γεγεννηκόσι
2649 1377 2745 1430 καὶ⁸
2793 1377 3058 1449 ἀδελφοὺς
3097 1380 3236 1452 πρὸς
3279 1381 3538 1452 ἀλλήλους
3583 1385 3679 1437 καὶ

2103 1463 2230 1525 τοὺς
2265 1467 2654 1536 γεγαμηκότας
2678 1469 2822 1520 ποιεί
2855 1469 3182 1538 πολεμίους,
3221 1470 3317 1524 καὶ
3348 1471 3486 1541 πρὸς
3511 1474 3677 1537 Ῐάναιο

2106 1553 2285 1622 ρέσεις
2334 1555 2603 1626 ἐρεθίζει,
2655 1558 2749 1612 καὶ
2816 1561 2940 1614 κατ’
2982 1559 3229 1630 ἀλλήλων
3306 1562 3517 1626 ὁπλίζει
3573 1562 3678 1632 τὴν

2113 1643 2295 1714 φύσιν,
2345 1647 2476 1718 ὃλην
2525 1649 2877 1720 σπαράσσουσα
2933 1649 3032 1722 τὴν
3085 1651 3428 1720 συγγένειαν.
3479 1653 3591 1705 Καὶ
3647 1654 3678 1706 ό

440 1700 525 1748 ret
555 1694 716 1763 filius,
743 1699 824 1755 vel
847 1713 1055 1759 mortua
1086 1711 1157 1763 sit
1187 1726 1341 1782 uxor,
1372 1728 1467 1772 aut
1499 1694 1764 1792 maritus,
1793 1728 1988 1798 ignaru:

442 1782 657 1815 inea-:m
712 1791 850 1815 ,ηυηι
891 1793 1074 1815 ι.--ηηκ
1139 1813 1150 1815 _
1199 1800 1210 1812 .

2117 1694 2715 1809 ξιὲῖόᾶύρὲξξιίῗδῖξτι
2777 1742 2925 1794 νοσεῖ
2979 1694 3008 1795 δ
3063 1694 3218 1806 παῖς.
3255 1743 3289 1813 ἢ
3324 1743 3585 1815 τέθνηκεν
3642 1745 3678 1814 ἡ

441 1782 657 1840 interim
710 1791 850 1857 quod
888 1793 1080 1851 horum
1127 1800 1385 1876 cujusque
1425 1821 1477 1863 et
1507 1782 2005 1882 genesis,’etuamo-

439 1887 554 1929 rem
605 1877 832 1937 invicem
883 1893 1188 1947 necessaria
1247 1900 1568 1968 conciliarit,
1596 1915 1651 1962 et
1685 1908 2001 1982 infortunia,

436 1961 563 2019 dum
601 1980 788 2025 eorum
834 1976 924 2042 qui
965 1982 1286 2039 amabantur
1337 1990 1486 2046 exitu
1523 1993 1735 2053 dolores
1773 1961 2000 2064 acerbos

435 2054 643 2153 objicit.
673 2059 921 2122 Haecine
975 2072 1196 2140 sapiens
1232 2080 1521 2152 quisquam
1565 2054 1998 2153 ferat?

434 2146 679 2207 infelices
711 2168 896 2212 servos
941 2173 1062 2218 esse
1080 2179 1178 2234 per
1222 2146 1561 2231 dominorum
1595 2185 1836 2250 genesim
1873 2203 1998 2256 pro-

432 2239 636 2309 digiose
662 2243 821 2302 iidem
852 2249 1132 2310 t'eferunt:
1185 2260 1421 2334 itemque
1463 2239 1770 2341 caprarum,
1810 2239 1994 2345 borum,

431 2340 486 2386 et
510 2333 734 2393 aliorum
758 2342 1108 2403 animantium
1135 2333 1346 2424 greges,
1381 2373 1479 2428 per
1521 2333 1997 2439 genesim'posses-

430 2426 604 2491 soris;
650 2439 708 2483 ut
747 2442 802 2486 et
832 2433 1078 2507 integros
1106 2447 1377 2503 exercitus
1414 2465 1513 2519 per
1542 2459 1783 2524 genesim
1832 2467 1994 2533 regis.

430 2513 496 2533 ι.-
538 2516 550 2528 ο
824 2525 836 2533 -
861 2527 892 2533 --

1414 2513 1432 2519 _
1542 2513 1571 2524 υ
1834 2513 1993 2533 ηυ--.

429 2513 505 2570 lla
537 2516 958 2584 innumerabiles
1001 2547 1230 2600 geneses
1262 2553 1360 2609 per
1397 2542 1612 2600 unicam
1661 2548 1807 2606 illam
1834 2557 1993 2610 unius

428 2614 636 2664 tantum
691 2613 944 2684 hominis,
997 2623 1113 2680 sive
1166 2629 1232 2682 ad
1267 2631 1508 2702 meliora,
1554 2639 1667 2696 sive
1719 2645 1784 2697 ad
1838 2647 1986 2702 dete-

427 2696 566 2752 riora
620 2714 965 2767 avertuntur:
1017 2724 1072 2768 et
1114 2719 1330 2785 quidem
1384 2733 1492 2780 tam
1547 2727 1783 2788 felicium
1826 2753 1986 2806 quam

427 2784 624 2806 :_.!_.I!.'
971 2803 982 2806 “
1102 2805 1110 2806 ί

425 2784 742 2860 infelicium,
771 2811 890 2864 quae
934 2803 1001 2856 ob
1024 2784 1182 2861 unius
1217 2815 1455 2878 genesim
1504 2818 1740 2878 infinitas
1790 2784 1990 2884 habent

424 2879 715 2940 varietates
770 2897 1010 2959 aetatum,
1061 2911 1348 2969 annorum,
1403 2911 1690 2978 mensium,
1753 2916 1983 2988 dierum,

425 2967 618 2988 ιΑ-,ηη

1334 2967 1339 2969 _
1676 2967 1689 2978 .
1759 2967 1983 2988 -η--α--ν

422 2967 700 3039 horarum,
759 2988 993 3049 patrum,
1049 2999 1306 3057 matrum,
1355 3008 1742 3067 cognatorum:
1785 3007 1896 3062 imo
1932 3019 1986 3064 et

426 3055 568 3112 idem
606 3065 931 3136 quandoque
983 3076 1172 3132 mortis
1215 3055 1385 3149 genus
1421 3055 1560 3143 "sive
1618 3091 1817 3162 gladio,
1871 3098 1985 3155 sive

421 3149 580 3216 mari,
611 3151 727 3208 sive
753 3157 916 3211 simili
941 3160 1122 3230 aliquo
1166 3183 1295 3223 casu
1335 3173 1585 3232 subeunt.
1618 3149 1878 3239 :ittam'en
1904 3186 1986 3240 in»-

419 3241 580 3295 venio
603 3257 704 3314 ego
736 3256 794 3302 et
856 3265 1134 3309 servorum
1207 3272 1368 3331 atque
1423 3266 1654 3324 militum
1718 3277 1982 3344 genesim,

415 3338 681 3402 quomodo
701 3340 797 3410 ipsi
819 3343 1125 3418 loquuntur,
1156 3353 1316 3416 heros
1343 3372 1598 3430 regesque
1620 3338 1982 3436 superantem.

417 3423 669 3484 Fallaciis
716 3435 860 3488 enim
893 3437 949 3492 hi
982 3451 1076 3494 aut
1112 3443 1383 3509 lenocinio
1431 3451 1697 3510 interdum
1734 3459 1984 3520 dominos

413 3516 501 3572 vel
543 3521 648 3575 alia
702 3529 958 3598 quapiam
1017 3535 1226 3600 ratione
1270 3543 1678 3616 aggrediuntur,
1722 3568 1817 3608 sua
1865 3516 1985 3612 illos

413 3609 599 3684 genesi
652 3611 704 3666 in
737 3616 987 3674 dominos
1049 3609 1508 3698 armanteiQuod
1547 3638 1592 3692 si
1626 3609 1765 3697 forte
1811 3648 1982 3713 patris

412 3694 647 3756 familias
691 3711 934 3773 genesim
976 3711 1116 3768 hanc
1152 3720 1324 3775 servis
1369 3723 1503 3779 dare
1536 3732 1762 3790 nocendi
1795 3745 1984 3804 poten-

411 3791 540 3844 tiam
573 3794 830 3864 dixerint,
877 3805 1047 3873 magis
1081 3809 1246 3867 etiam
1292 3813 1660 3887 difficultatem
1688 3791 1980 3894 augebunt.

407 3879 524 3954 Non
558 3885 729 3942 solum
757 3894 899 3948 enim
931 3895 1094 3971 [non]
1121 3901 1403 3964 inferiores
1442 3927 1562 3968 esse
1617 3917 1864 3974 subditos
1890 3937 1987 3978 co-

409 3975 520 4042 egit
545 3979 883 4042 dominorum
914 3995 1148 4059 genesis,
1178 4000 1275 4052 sed
1310 4011 1574 4070 praeterea
1618 4008 1765 4064 illum
1807 4012 1983 4082 ipsum

409 4069 644 4138 vincere,
665 4075 818 4145 cujus
840 4089 924 4134 est
953 4088 1198 4155 genesis;
1223 4069 1386 4161 atque
1406 4109 1500 4150 eos
1525 4100 1615 4167 qui
1646 4116 1744 4170 pro
1757 4117 1855 4158 suo
1874 4107 1985 4163 fato

407 4175 681 4234 nunquam
719 4179 922 4226 tantum
962 4179 1076 4232 ausi
1110 4180 1359 4251 inissent,
1391 4189 1536 4257 regis
1568 4190 1660 4246 illa
1685 4198 1898 4262 genesis
1928 4181 1982 4254 in

405 4255 692 4322 ipsummet
723 4264 1022 4332 iprovocat.
1080 4271 1217 4328 Nam
1272 4276 1388 4333 lieri
1427 4282 1649 4341 omnino
1685 4291 1894 4358 nequit,
1926 4303 1985 4349 ut

2103 1829 2242 1900 γυνὴ
2291 1830 2325 1901 ἢ
2354 1831 2382 1884 ὁ
2418 1831 2578 1902 ἀνὴρ,
2601 1833 2786 1900 ἀγνοεῖ
2811 1833 2868 1886 δὲ
2896 1833 2979 1886 ὅτι
3004 1834 3038 1906 ἠ
3069 1833 3274 1888 τούτων
3304 1834 3420 1899 ἐνὸς
3445 1836 3677 1890 ἑκάστου

2100 1918 2314 1985 γένεσις
2357 1919 2452 1973 καὶ
2495 1920 2715 1990 ἀγαπᾷν
2747 1920 3012 1991 ἀλλήλους
3047 1921 3324 1992 ἠνάγκασε
3375 1923 3471 1978 καὶ
3501 1941 3675 1979 κακο-

2099 2007 2393 2078 δαιμονεῖν,
2429 2009 2702 2080 δριμείαις
2728 2010 2944 2075 ὀδύναις
2980 2013 3403 2083 περιϐάλλουσα,
3435 2017 3556 2079 ταῖς
3581 2034 3674 2069 τε⁴

2097 2099 2311 2163 λευταῖς
2329 2100 2438 2155 τῶν
2465 2100 2861 2172 στεργομένων.
2886 2101 3074 2156 Ταῦτα
3099 2103 3327 2169 ἀνέξοιτ’
3347 2105 3414 2159 ἄν
3438 2122 3522 2168 τις
3546 2106 3674 2159 νοῦν

2097 2189 2267 2259 ἐχων;
2322 2190 2484 2244 πάλιν
2541 2192 2761 2257 δούλους
2810 2193 3228 2263 κακοδαιμονεῖν
3275 2195 3381 2248 ὑπὸ
3438 2197 3540 2265 τῆς
3573 2197 3671 2250 τοῦ

2096 2279 2358 2334 δεσπότου
2403 2282 2672 2351 γενέσεως
2700 2283 3103 2355 τερατεύονται,
3140 2285 3234 2339 καὶ
3265 2285 3436 2354 αίγῶν
3464 2287 3672 2354 ἀγέλας

2096 2372 2189 2424 καὶ
2242 2372 2378 2442 βοῶν
2418 2372 2452 2442 ἦ
2493 2374 2608 2427 τῶν
2635 2374 2813 2428 ἀλλων
2865 2374 3020 2439 ζώων
3069 2375 3176 2429 ὑπὸ
3215 2377 3314 2446 τῆς
3341 2375 3435 2430 τοῦ
3467 2395 3671 2448 κεκτη·

2096 2465 2282 2532 μένου,
2314 2465 2410 2520 καὶ
2449 2467 2787 2536 στρατόπεδα
2820 2467 2986 2522 πάλιν
3009 2467 3097 2521 διὰ
3122 2469 3221 2540 τὴν
3247 2469 3342 2523 τοῦ
3370 2469 3667 2540 βασιλέως·

2093 2555 2188 2607 καὶ
2237 2553 2496 2610 τοσαῦται
2544 2557 2801 2627 μυριάδες
2848 2557 3116 2625 γενέσεων
3145 2558 3541 2628 ἀνατρέπονται
3577 2558 3671 2613 διὰ

2091 2645 2187 2716 τὴν
2235 2645 2328 2698 τοῦ
2376 2647 2496 2711 ἐνὸς
2525 2647 2558 2718 ἦ
2605 2648 2739 2718 πρὸς
2766 2648 2827 2700 τὸ
2872 2651 3054 2719 χεῖρον
3086 2647 3118 2719 ἢ
3154 2648 3294 2720 πρὸς
3319 2649 3381 2702 τὸ
3412 2650 3665 2720 ἄμεινον,

2091 2738 2266 2791 καίτοι
2318 2754 2384 2806 γε
2428 2740 2538 2791 τῶν
2593 2739 2964 2810 εὐτυχούντων
3011 2740 3044 2810 ἢ
3081 2739 3542 2811 δυσπραγούντων
3579 2742 3669 2795 διὰ

2089 2829 2188 2900 τὴν
2211 2829 2306 2882 τοῦ
2334 2829 2455 2893 ἐνὸς
2482 2830 2699 2898 γένεσιν
2757 2832 2957 2902 μυρίας
2999 2832 3230 2900 ἐχόντων
3254 2832 3518 2904 διαφορὰς
3549 2835 3669 2904 ἠλι-

2089 2919 2246 2986 κιῶν,
2297 2921 2578 2986 ἐνιαυτῶν,
2635 2922 3114 2994 μηνῶν,ήμερῶν,
3167 2923 3346 2995 ὡρῶν,
3389 2925 3666 2996 πατέρων,

2090 3013 2361 3085 μητέρων,
2396 3014 2696 3082 συγγενῶν,
2753 3015 2846 3068 καὶ
2870 3015 2961 3068 τὸν
2991 3017 3154 3071 αὐτὸν
3181 3017 3293 3070 ἐσθ’
3318 3018 3408 3070 ὅτε
3437 3016 3530 3070 τοῦ
3563 3017 3667 3071 θα-

2087 3105 2247 3159 νάτου
2289 3105 2491 3176 τρόπον
2537 3106 2948 3177 ύπερχομένων,
2991 3109 3081 3163 τὸν
3109 3110 3199 3163 διὰ
3249 3109 3466 3180 σιδήρου
3501 3108 3665 3180 ἠθα-

2083 3199 2288 3268 λάσσης
2315 3199 2350 3270 ἦ
2372 3199 2920 3271 τινοςηπαραπλησίου
2949 3201 3374 3272 συμπτώματος.
3405 3201 3664 3271 Εὑρίσκω

2082 3289 2154 3343 δὲ-
2170 3289 2343 3360 ἔγωγε
2369 3289 2463 3345 καὶ
2485 3292 2586 3362 τὴν
2608 3292 2718 3346 τῶν
2743 3294 2972 3347 οίκετῶν
2995 3295 3027 3364 ἢ
3057 3293 3405 3364 στρατιωτῶν
3423 3294 3662 3362 γένεσιν,

2083 3386 2159 3448 ὡς
2200 3383 2266 3439 ἂν
2299 3385 2454 3439 αὐτοὶ¹
2496 3387 2674 3454 φαῖεν,
2720 3386 3029 3455 κρατοῦσαν
3061 3384 3156 3438 τοῦ
3187 3385 3448 3439 δεσπότου
3486 3384 3519 3456 ἢ
3555 3385 3654 3438 τοῦ

2085 3479 2381 3550 βασιλέωςο
2432 3479 2688 3534 ἀπατῶσι
2733 3479 2843 3550 γὰρ
2887 3479 2920 3550 ἢ
2975 3479 3386 3551 φαρμάττουσιν
3431 3479 3544 3532 ἐσθ’
3567 3479 3662 3533 ὅτε

2081 3573 2208 3634 τοὺς
2252 3570 2537 3636 δεσπότας,
2578 3570 2611 3642 ἢ
2649 3570 2744 3624 καὶ
2790 3569 2964 3633 ἄλλως
3001 3571 3374 3636 ἐπιτίθενται,
3413 3569 3515 3641 τῆς
3557 3586 3659 3639 γε-

2083 3662 2283 3725 νέσεως
2314 3662 2512 3724 αὐτοὺς
2551 3662 2693 3716 κατά
2721 3662 2830 3715 τῶν
2861 3662 3066 3734 κυρίων
3110 3661 3460 3733 ὁπλιζούσης.
3502 3662 3568 3714 El
3599 3661 3661 3715 δέ

2082 3755 2291 3823 λέγοιεν
2335 3755 2434 3826 τὴν
2469 3754 2566 3808 τοῦ
2613 3755 3242 3832 οίκοδεσπότουΙγένεσιν
3291 3757 3405 3820 τοῖς
3452 3753 3662 3820 δούλοις

2081 3846 2281 3900 διδόναι
2309 3846 2409 3915 τὴν
2439 3848 2590 3916 ίσχὺν
2618 3845 2710 3900 τοῦ
2755 3847 3154 3917 κακοποιῆσαι,
3185 3847 3412 3902 πλείονα
3444 3848 3661 3901 ποιοῦσι

2082 3937 2180 4008 τὴν
2210 3937 2464 4007 ἀπορίαν.
2503 3935 2623 4009 [681
2659 3935 2768 4009 R.]
2805 3938 2879 3991 υύ
2909 3937 3018 4008 γὰρ
3050 3939 3211 4008 μόνον
3235 3938 3504 4008 ἡττᾶσθαι
3529 3938 3662 4001 τοὺς

2083 4030 2362 4099 ὑπηκόους
2389 4029 2669 4099 ἠνάγκασε
2723 4030 2814 4083 τοῦ
2863 4029 3197 4101 βασιλέωςὴ
3240 4030 3475 4100 γένεσις,
3522 4028 3665 4084 ἀλλὰ

2083 4121 2181 4176 καὶ
2219 4120 2382 4175 αὐτοῦ
2428 4123 2653 4192 κρατεῖν
2702 4115 2762 4176 οὗ
2807 4123 2926 4175 ἐστι
2978 4121 3107 4194 [355
3151 4121 3245 4196 H.]
3282 4123 3530 4191 γένεσις,
3561 4123 3664 4177 καὶ

2083 4214 2208 4275 τοὺς
2251 4213 2352 4265 οὐκ
2399 4212 2466 4266 ἂν
2495 4213 2604 4266 ἀπὸ
2632 4214 2839 4277 οἰκείας
2883 4215 3225 4287 εἱμαρμένης
3256 4214 3413 4269 τοῦτο
3451 4215 3662 4286 τολμή-

2087 4291 2284 4366 σαντας
2329 4306 2364 4375 ὴ
2410 4304 2505 4358 τοῦ
2545 4305 2809 4374 βασιλέως
2837 4308 3040 4378 ἐγείρει
3075 4309 3198 4364 κατ’
3226 4307 3392 4362 αὐτοῦ
3413 4325 3426 4338 ·
3454 4309 3516 4360 ού
3547 4308 3661 4376 γάρ

409 4358 487 4401 tot
506 4351 664 4414 simul
687 4356 911 4413 militum
937 4377 1162 4432 geneses
1198 4367 1259 4422 ’in
1295 4370 1495 4442 215a
1525 4377 1728 4434 domini
1751 4391 1979 4442 mortem

409 4444 711 4470 nnnon2..-..s
772 4448 906 4470 ηερε.
955 4455 987 4470 ,ι
1062 4457 1096 4470 ο-
1385 4465 1396 4470 -
1457 4467 1467 4470 -

2091 4351 2172 4356 ⁷⁷⁷⁷
2196 4351 2281 4366 ’ν’
2336 4351 2364 4375 Ἰ
2422 4351 2500 4358 ⁷⁷*
2545 4351 2806 4374 Γ⁹⁷⁷⁷⁹⁹⁹⁷⁷ῗ
2838 4351 3040 4378 '|"I'"
3078 4351 3180 4364 ⁷⁷⁸.-
3226 4351 3392 4362 *⁷⁷⁷⁷
3457 4351 3514 4360 ’⁷
3559 4351 3658 4376 Ι’”ι’

2091 4389 2197 4447 οἷόν
2225 4413 2284 4447 τε
2331 4395 2600 4450 τοσούτων
2639 4397 2773 4470 ὁμοῦ
2808 4401 3159 4470 στρατιωτῶν
3190 4405 3433 4468 γενέσεις
3457 4400 3539 4462 είς
3566 4399 3661 4453 τὸν

403 4444 734 4512 conspirent.
771 4448 1020 4509 Civitatis
1062 4457 1189 4512 item
1214 4465 1429 4530 genesis
1453 4467 1508 4521 in
1543 4470 1848 4530 universam
1885 4477 1971 4533 in-

402 4533 639 4588 colarum
683 4541 1078 4601 multitudinem
1132 4550 1415 4614 imperium
1454 4560 1685 4619 obtinet.
1743 4565 1970 4632 Quando

399 4626 540 4680 enim
573 4630 686 4686 haec
723 4633 941 4701 decidit,
992 4639 1233 4700 infinitas
1277 4656 1497 4704 aetatum
1523 4626 1814 4714 varietates
1854 4661 1968 4730 plu-

400 4720 548 4776 ribus
599 4728 884 4794 genesibus
923 4732 1259 4792 distinctase
1307 4743 1484 4799 medio
1515 4746 1673 4816 tollit,
1723 4767 1830 4808 uno
1854 4720 1969 4811 hoc

398 4813 697 4886 eodemque
750 4821 966 4876 excidio
1016 4834 1290 4887 evertens.
1339 4833 1420 4888 Ad
1475 4813 1725 4895 eumdem
1757 4859 1972 4915 quoque

396 4906 615 4960 modum
645 4918 700 4963 et
733 4926 827 4967 aer
857 4920 1197 4992 [corruptus]
1225 4933 1278 4977 et
1309 4925 1578 4985 diluvium
1621 4942 1793 4990 totam
1825 4952 1970 5010 saepe

395 5007 607 5066 gentem
631 5001 803 5072 delet;
836 5016 1008 5076 neque
1037 5012 1181 5067 enim
1206 5030 1429 5084 possunt
1449 5030 1526 5078 tot
1547 5041 1774 5094 geneses
1803 5001 1970 5087 uninn

397 5092 586 5146 mortis
612 5108 782 5163 genus
814 5101 1074 5157 nancisci.
1101 5105 1158 5159 Si
1196 5109 1317 5176 quis
1347 5127 1508 5179 porro
1539 5092 1666 5173 illud
1717 5122 1818 5175 etsi
1868 5123 1967 5176 im-

396 5185 649 5249 possibile
687 5188 781 5251 sit,
812 5191 1061 5250 admittat
1096 5207 1277 5256 tamen
1323 5219 1556 5275 rursum,
1585 5209 1809 5286 [dicam]
1835 5217 1969 5270 civi-

396 5274 520 5330 tatis
538 5276 622 5331 vel
643 5281 785 5336 aeris
807 5285 1020 5352 genesis
1046 5303 1076 5341 a
1101 5290 1462 5353 multitudinis
1484 5274 1676 5369 genesi
1707 5274 1955 5370 vertitur,

395 5373 554 5434 atque
567 5381 598 5422 e
617 5371 826 5430 duobus
847 5373 1073 5432 alterum
1088 5378 1559 5461 [concedendum],
1577 5390 1659 5446 vel
1681 5394 1969 5451 multorum

2076 4486 2221 4541 κατά
2266 4487 2361 4540 τοῦ
2407 4488 2670 4544 δεσπότου
2701 4491 2934 4566 θάνατον
2987 4495 3320 4563 συμφωνεῖν.
3358 4494 3572 4562 Κρατεί
3603 4491 3662 4544 δὲ

2080 4578 2170 4630 καὶ
2215 4578 2316 4648 τῆς
2364 4577 2572 4644 πόλεως
2628 4581 2662 4650 ἡ
2708 4581 2924 4650 γένεσις
2955 4581 3052 4655 τοῦ
3087 4583 3327 4654 πλήθους
3373 4581 3480 4634 τῶν
3510 4583 3658 4635 ἐνοι-

2074 4671 2314 4723 κούντων
2335 4685 2349 4698 ·
2387 4669 2808 4728 καταπίπτουσα
2838 4675 2948 4746 γὰρ
2975 4675 3202 4745 ἡλικιῶν
3240 4674 3443 4747 μυρίας
3472 4674 3664 4743 διαφο-

2075 4761 2210 4832 ρὰς,
2273 4765 2499 4835 μυρίαις
2561 4765 2810 4834 γενέσεσι
2872 4758 3289 4837 διοικουμένας,
3359 4767 3580 4837 ἀναιρεῖ
3609 4767 3655 4798 ³⁸

2069 4853 2248 4926 φθορᾷ
2293 4858 2392 4926 μιᾷ
2437 4857 2532 4909 καὶ
2582 4849 2646 4926 τῇ
2704 4858 2842 4927 αὐτῇ
2877 4856 3287 4927 διαφθείρουσα.
3323 4857 3433 4910 Καὶ
3465 4858 3494 4909 ὁ
3545 4854 3658 4927 ἀὴρ

2068 4949 2290 5016 ὁμοίως,
2321 4950 2416 5002 καὶ⁴
2458 4950 2846 5021 κατακλυσμὸς
2880 4951 3145 5021 ὡσαύτως
3173 4951 3468 5022 ὁλόκληρον
3499 4949 3657 5012 ἔθνος

2071 5039 2382 5106 ἀφανίζωνο
2437 5042 2496 5093 ού
2546 5042 2654 5113 γὰρ
2693 5039 2804 5095 οἷόν
2833 5060 2892 5096 τε
2946 5044 3214 5108 τοσαύτας
3238 5043 3488 5112 γενέσεις
3521 5040 3654 5112 μίαν

2075 5130 2218 5200 ἔχειν
2250 5131 2390 5184 ἰδέαν
2440 5133 2692 5188 θανάτου.
2747 5134 2812 5187 EE
2863 5133 2923 5187 δέ
2981 5152 3066 5198 τις
3129 5134 3226 5188 καὶ
3277 5134 3338 5187 τὸ
3388 5130 3658 5187 ἀδύνατον

2075 5221 2232 5275 τοῦτο
2263 5225 2595 5296 συγχωροίη,
2643 5225 2807 5280 πάλιν
2848 5226 2950 5297 ﬁ”
2976 5227 3076 5296 τῆς
3120 5227 3330 5289 πόλεως
3367 5225 3586 5294 γένεσις
3619 5224 3654 5294 ἢ

2073 5312 2166 5365 τοῦ
2195 5314 2355 5384 ἀέρος
2383 5317 2491 5370 ὑπὸ
2518 5319 2620 5387 τῆς
2641 5318 2749 5386 τῶν
2769 5302 2992 5372 πολλῶν
3019 5319 3428 5399 ἀνατέτραπται
3448 5330 3462 5345 ·
3489 5316 3585 5370 καὶ
3605 5316 3654 5348 ’³

2079 5401 2224 5457 δυοῖν
2249 5403 2496 5478 θάτερον,
2521 5410 2555 5478 ἢ
2585 5411 2683 5474 τὰς
2704 5411 2810 5480 τῶν
2835 5410 3044 5491 πολλῶν
3065 5410 3349 5488 ἀκυρῶσαι
3373 5408 3472 5482 τὴν
3497 5406 3649 5481 μίαν.

1675 5533 1907 5594 νΑΒικΕ
1957 5536 2361 5600 LECTIONES.

495 5624 516 5738 Γ
546 5630 928 5738 “Haemum?”
963 5653 1024 5722 σε
1105 5637 1150 5719 τ’
1177 5640 1430 5727 εὺδῗῖμον
1453 5650 1517 5706 Α.
1599 5655 1645 5687 ²⁰
1669 5657 2023 5730 ὀδύρεταιΟΔ
2045 5682 2056 5717 :
2078 5663 2318 5734 ὠδύρετο
2351 5682 2415 5732 ς.
2483 5667 2524 5711 υ
2545 5665 2760 5738 ἀναιρεί
2789 5668 2878 5735 φθ.
2912 5688 2970 5734 ς.
3041 5668 3086 5699 "
3112 5664 3171 5737 ἦ]
3196 5665 3226 5736 ἧ
3255 5667 3288 5738 ἡ
3319 5665 3381 5720 Ε.
3460 5665 3506 5698 ⁸³
3533 5665 3651 5738 isan

509 5713 624 5738 .lhhl'
692 5717 838 5738 .Hrnn.
865 5722 949 5738 “In
989 5724 1061 5738 ’.ιι
1111 5724 1122 5738 ι
1184 5727 1211 5738 η
1269 5728 1406 5738 ..---

398 5689 624 5751 fortasse
672 5689 950 5768 legendum
971 5689 1083 5775 ἶῖις,
1111 5708 1147 5766 i.
1183 5727 1230 5765 υ.
1261 5689 1430 5778 tinget.
