3972 6248
355 234 462 298 855

1513 229 1742 291 PHOTI
1751 232 1775 290 Ι
1799 228 2305 291 ΡΛΤΒΙΑΒΟΗέΕ
2331 234 2436 295 CP.

3490 235 3599 299 858

354 319 608 417 quodque
641 359 810 417 genus
853 354 1022 402 totum
1072 343 1302 400 iniorme
1347 344 1440 411 sit,
1489 345 1742 414 solusque
1770 345 1931 398 homo

2049 344 2082 395 ιὶ
2112 345 2156 396 δ’
2201 345 2234 413 ἡ
2280 345 2490 413 γένεσις
2526 345 2756 400 ἕκαστον
2780 347 2934 414 γένος
2961 348 3020 400 ὲν
3051 345 3129 419 τῷ
3155 347 3343 420 οίκείῳ
3370 348 3470 419 τῆς
3500 351 3605 419 φύ-

357 437 750 492 mutationibus
771 436 1045 491 varietur?
1078 434 1230 500 Quod
1257 434 1302 489 si
1334 449 1430 504 per
1471 435 1712 507 genesim
1736 451 1928 488 unum-

358 537 609 600 quoaque
632 542 802 598 genus
832 528 884 582 in
915 526 1132 596 proprio
1157 535 1362 581 natura;
1395 540 1546 581 more
1571 526 1769 596 ubique
1802 541 1931 580 con-

359 632 627 683 servatur,
661 620 932 689 quomodo
961 618 1294 674 contrarium
1332 619 1386 672 in
1417 619 1728 674 hominibus
1772 634 1929 688 repe-

2035 451 2170 498 σεως
2216 433 2337 504 ἤθει
2387 437 2664 506 πανταχοῦ
2689 437 2944 503 διασώζει
2984 479 3000 506 ,
3027 440 3145 503 πῶς
3191 441 3252 493 ὲν
3295 439 3606 511 ἀνθρώποις

2030 523 2337 579 τούναντίον
2385 526 2737 597 εὐρίσκεται;
2771 527 3001 600 καὶγὰρ
3049 529 3224 584 δειλία
3256 530 3350 582 καὶ
3395 529 3604 600 θρασύ-

2030 633 2128 685 της
2149 657 2164 682 ,
2200 617 2372 687 θυμὸς
2394 619 2489 674 καὶ
2519 621 2762 691 πραότης
2781 661 2796 686 ,
2824 623 3132 695 κακουργία
3156 623 3252 675 καὶ
3277 625 3602 694 χρηστότης,

362 717 502 769 ritnr
522 714 547 767 ?
567 713 778 768 Etenim
811 713 864 766 in
892 727 958 766 eo
986 711 1251 766 timiditas
1277 721 1332 766 et
1361 712 1612 778 audacia,
1647 712 1925 767 iracundia

2049 713 2129 763 tat
2160 712 2421 766 τάναντία
2449 713 2645 768 πάντα.
2680 712 2792 767 Ποῦ
2838 709 2930 768 οῦν
2959 715 2988 766 ὁ
3019 715 3117 786 τῆς
3166 715 3434 784 γενέσεως
3487 716 3610 785 δρό-

363 815 418 858 et
445 803 819 868 mansuetudo,
847 802 1171 872 improbitas
1215 812 1269 860 et
1323 802 1587 874 probitas,
1645 803 1934 870 omniaque

2049 819 2170 871 (1.0;;
2205 804 2303 875 οὐχ
2331 805 2472 860 ἑπτὰ
2505 806 2555 858 οἱ
2604 805 2875 877 πλάνητες
2921 809 3016 860 καὶ
3061 806 3229 871 ζὼδια
3277 806 3520 871 δὼδεκα;
3554 807 3609 858 τί

363 895 496 949 adeo
522 894 819 950 contraria.
857 891 960 950 Ubi
985 904 1067 949 est
1087 893 1360 967 igiturille
1393 909 1654 965 geneseos
1692 895 1928 951 cursus?

2049 895 2097 964 Ξή
2132 896 2248 950 ποτ’
2283 896 2376 951 οῦν
2406 898 2519 960 τοῖς
2557 896 2865 968 ἀνθρώποις
2893 898 3136 969 παρέσχε
3169 898 3361 951 παθῶν
3401 916 3460 950 τε
3483 915 3610 950 τοσ-

363 988 455 1042 ubi
502 997 709 1057 septem
751 988 998 1056 planetae,
1049 997 1105 1041 et
1149 988 1432 1043 duodecim
1478 987 1687 1043 zodiaci
1739 988 1936 1055 signa?

2049 987 2210 1058 ιύτην
2240 990 2335 1042 καὶ
2366 989 2818 1060 ἐπιτηδευμάτων
2837 991 3102 1060 διαφοράν
3122 1032 3136 1058 ,
3180 992 3292 1055 τοῖς
3317 991 3374 1044 δὲ
3403 990 3612 1054 λοιποῖς

365 1079 503 1147 Quid
536 1081 754 1134 tandem
781 1081 1093 1136 hominibus
1127 1091 1331 1135 tantam
1360 1081 1564 1150 praebet
1586 1080 1936 1136 aﬂ‘ectionum

2049 1085 2256 1148 οὐκέτις
2297 1086 2460 1141 Ἀλλὰ
2499 1085 2773 1156 πανταχοῦ
2812 1086 2910 1156 μὲν
2957 1086 3077 1149 όνος
3102 1084 3426 1156 ἀχθοφορεῖ,
3473 1087 3615 1155 πάρ-

365 1173 775 1242 studiorumque
804 1173 1142 1233 varietatem.
1182 1173 1396 1227 caeteris
1425 1188 1528 1226 non
1553 1173 1724 1226 item?
1745 1173 1940 1226 Asinus

2049 1169 2189 1232 δαλις
2212 1169 2269 1223 δὲ
2299 1169 2567 1240 ἁρπάζει,
2600 1172 2694 1224 καὶ
2719 1170 2786 1223 τὰ
2823 1170 2960 1224 ἄλλα
2978 1170 3072 1222 τοῦ
3095 1170 3270 1233 εἴδους
3293 1169 3385 1224 τὸν
3421 1170 3616 1240 εἱρμὸν

365 1262 510 1318 enim
541 1262 741 1332 ubique
773 1277 938 1318 onera
975 1273 1170 1333 gestat,
1206 1264 1448 1333 pardalis
1484 1278 1648 1330 rapax
1708 1271 1810 1328 est,
1837 1277 1940 1317 cae-

368 1361 592 1422 teraque
618 1355 819 1422 speciei
849 1369 960 1409 sua:
989 1357 1234 1409 ordinem
1268 1363 1508 1408 servant.
1549 1354 1750 1409 Eodem
1782 1370 1938 1424 pror-

369 1460 462 1501 sus
495 1446 655 1501 modo
702 1455 758 1502 et
808 1460 928 1516 qua:
983 1447 1157 1502 brutis
1208 1447 1576 1500 animantibus
1643 1447 1940 1502 secundum

368 1536 637 1606 cujusque
674 1539 910 1607 speciem
943 1539 1086 1593 inest
1113 1551 1327 1605 natura,
1363 1554 1484 1592 cum
1513 1537 1777 1607 genesim,
1828 1546 1940 1592 tum

369 1628 595 1683 circiter
624 1643 744 1683 eam
793 1633 1107 1686 exorientes
1149 1630 1358 1696 stellas,
1411 1643 1738 1698 omnemque
1789 1628 1937 1682 illam

2044 1263 2300 1332 συντηρεῖ
2319 1261 2519 1333 ὁμοίως
2543 1303 2559 1328 ,
2591 1263 2687 1316 καὶ
2717 1265 2842 1333 νικᾷ
2870 1263 2979 1315 τῶν
3007 1262 3220 1330 ἀλόγων
3254 1261 3457 1332 ζὼωνή
3493 1263 3616 1316 κατ’

2043 1347 2182 1416 εἶδος
2202 1353 2364 1420 φύσις
2383 1356 2484 1424 τήν
2509 1371 2566 1406 τε
2594 1354 2806 1422 γένεσιν
2832 1354 2928 1407 καὶ
2953 1355 3080 1417 τοὺς
3109 1354 3619 1424 παρανατέλλοντας

2044 1445 2142 1500 καὶ
2190 1445 2369 1498 πάντα
2409 1446 2500 1499 τὸν
2541 1445 2755 1515 μακρὸν
2784 1447 2990 1498 ἐκεῖνον
3033 1443 3197 1516 λῆρον
3219 1445 3283 1498 ³⁸.
3314 1443 3426 1498 Ποῦ
3457 1445 3569 1516 γὰρ
3591 1445 3620 1498 ὁ

2049 1539 2255 1609 Ἀρης;
2304 1537 2448 1601 τίνος
2502 1538 2614 1590 τῶν
2650 1537 2860 1606 ἀλόγων
2906 1536 3114 1590 ὥπλισε
3159 1536 3301 1607 ξίφει
3335 1535 3551 1602 δεξιὰν,
3584 1536 3619 1606 ἢ

2049 1629 2258 1702 θώρακι
2288 1630 2349 1683 τὸ
2379 1629 2559 1700 σῶμα,
2587 1629 2620 1699 ἢ
2661 1629 2852 1698 κράνει
2881 1628 2978 1700 τὴν
3007 1627 3251 1698 κεφαλὴν
3284 1627 3623 1697 ἠσφαλίσατο

368 1719 587 1792 longam
617 1722 900 1778 domorum
921 1724 1217 1779 sartionem
1246 1725 1434 1778 vincit.
1477 1721 1576 1777 Ubi
1605 1723 1747 1778 enim
1768 1721 1943 1776 Mars?

2049 1723 2078 1794 ἢ
2109 1698 2324 1794 ένήμας
2358 1722 2391 1794 ἦ
2417 1698 2617 1785 πέδαςξ
2652 1722 2730 1774 Οὐ
2761 1720 2869 1791 γὰρ
2896 1698 3092 1783 λύκους
3115 1717 3321 1772 ὥπλισε
3360 1719 3503 1772 κατὰ
3530 1705 3624 1770 λύί

368 1812 652 1880 cuiusnam
685 1805 826 1870 bruti
853 1817 1146 1870 animantis
1171 1815 1450 1870 dexteram
1480 1815 1660 1886 gladio
1687 1813 1940 1879 armavit,

367 1902 456 1958 vel
493 1919 690 1974 corpus
719 1904 886 1960 lorica
917 1908 1071 1970 texit,
1089 1906 1174 1962 vel
1203 1907 1356 1976 galea
1393 1917 1557 1976 caput
1590 1917 1798 1963 tutatus
1831 1917 1939 1970 'est,

368 2004 462 2052 aut
490 2011 648 2051 crura
683 2009 774 2053 aut
807 1998 1016 2068 pedes?
1046 1998 1156 2056 Nec
1189 2002 1331 2056 enim
1357 2001 1540 2071 lupum
1567 2002 1620 2055 in
1645 2001 1830 2070 lupum
1859 2015 1946 2053 ar-

368 2091 558 2155 mavit,
597 2107 770 2162 neque
790 2093 1002 2149 leonum
1029 2110 1266 2166 unquam
1297 2096 1446 2150 acies
1475 2097 1616 2150 inter
1635 2111 1694 2150 se
1714 2095 1945 2150 commi-

367 2183 458 2239 sit.
495 2185 624 2251 Quis
650 2194 828 2241 autem
859 2202 1290 2244 commemorare
1321 2191 1556 2250 studeat,
1581 2204 1702 2255 quae
1749 2201 1942 2241 recen-

368 2288 491 2329 sere
539 2285 702 2345 queat
731 2291 890 2331 nemo
923 2277 948 2331 ?
985 2277 1042 2333 Si
1067 2279 1210 2333 enim
1235 2279 1369 2332 nihil
1397 2288 1551 2332 extra
1588 2278 1826 2347 genesim
1863 2277 1942 2340 lit,

369 2371 642 2436 quomodo
665 2369 867 2423 nullum
895 2371 1064 2438 sidus,
1097 2386 1206 2424 non
1241 2385 1433 2426 errans
1459 2370 1635 2435 stella,
1669 2369 1944 2440 nonjuxta

249 2477 260 2492 ι
370 2459 566 2514 alicubi
621 2461 893 2524 exoriens,
944 2477 1049 2516 non
1089 2463 1338 2535 signiferi
1383 2465 1594 2535 signum
1644 2465 1760 2519 haec
1813 2478 1943 2518 con-

369 2550 568 2617 genitis
589 2551 762 2606 brutis
795 2553 1019 2622 prmbct,
1056 2568 1178 2623 quae
1207 2568 1332 2608 cum
1367 2555 1586 2610 homine
1633 2557 1940 2612 communi-

367 2645 564 2700 cavit?
603 2660 708 2700 non
748 2646 1035 2702 textor-iam
1067 2639 1264 2713 artem,
1287 2661 1395 2703 non
1416 2646 1736 2703 ferrariam:
1766 2662 1944 2718 neque

368 2737 505 2791 alios
539 2737 756 2806 quidem
787 2737 1080 2808 magistros
1119 2738 1244 2793 aliis
1271 2738 1365 2808 qui
1392 2737 1460 2793 ab
1483 2737 1724 2806 ejusdem
1741 2740 1940 2809 speciei

370 2826 541 2882 sociis
574 2826 851 2883 discerent
907 2827 1244 2884 constituit?
1277 2827 1335 2883 Si
1375 2827 1498 2898 quis
1529 2827 1671 2882 forte
1713 2844 1742 2883 a
1785 2829 1940 2884 nobis

371 2917 553 2972 doceri
592 2918 847 2972 animalia
873 2919 1186 2987 contendat,
1219 2919 1455 3002 primum
1498 2921 1717 2990 quidem
1763 2935 1938 2990 pauca

370 3009 633 3077 ejusmodi
660 3010 930 3074 ostendet,
961 3019 1017 3066 et
1045 3027 1144 3065 cur
1174 3026 1278 3066 non
1316 3012 1481 3067 etiam
1505 3013 1686 3068 omnia
1716 3011 1943 3068 docean-
1973 3036 2015 3095 ο

375 3109 481 3165 tur,
531 3099 800 3156 difﬁcilius
844 3103 951 3157 erit
992 3101 1394 3159 demonstrare.
1437 3103 1642 3159 Deinde
1673 3121 1944 3177 nunquam

373 3205 555 3249 mente
581 3202 675 3248 aut
704 3194 1084 3263 intelligentia,
1128 3196 1582 3266 quemadmodum
1610 3197 1770 3254 homo
1801 3218 1817 3268 ;
1852 3202 1948 3258 sed

380 3285 570 3340 fraude
595 3285 678 3340 vel
715 3285 908 3341 timore
954 3287 1214 3341 animalia
1248 3287 1530 3344 docentur.
1580 3289 1946 3355 Quemadmo-

375 3376 498 3430 dum
546 3376 720 3443 canis,
761 3377 846 3430 vel
902 3377 1082 3442 simia,
1143 3378 1226 3433 vel
1285 3394 1482 3450 equus,
1533 3383 1576 3437 si
1632 3383 1947 3440 verberibus

375 3478 714 3532 coerceatur,
748 3485 807 3521 ea
843 3485 964 3538 qua:
987 3480 1204 3526 ostensa
1239 3471 1313 3525 illi
1342 3484 1467 3528 sunt
1499 3476 1790 3530 observat:
1832 3492 1938 3533 non

375 3557 519 3626 quod
549 3557 664 3612 haec
712 3559 908 3630 216a
945 3561 1164 3615 domino
1194 3563 1344 3617 utilia
1381 3562 1500 3619 fore
1530 3568 1828 3634 existimet,
1854 3570 1949 3624 sed

376 3650 520 3718 quod
551 3649 807 3714 caedatur,
843 3651 894 3704 ni
931 3651 1118 3707 faciat.
1157 3651 1426 3710 Psittacus
1459 3670 1675 3727 quoque
1713 3669 1834 3715 astu
1857 3661 1951 3716 de-

377 3748 564 3806 ceptus
618 3738 935 3810 [humanam
1003 3741 1218 3814 vocem]
1257 3743 1522 3812 imitatur,
1576 3749 1794 3815 quando
1855 3765 1952 3819 per

379 3829 656 3895 speculum
705 3831 1009 3899 appositum
1054 3848 1158 3886 non
1192 3835 1588 3892 animadvertit
1617 3853 1777 3908 quem
1824 3840 1951 3894 imi-

378 3930 543 3977 tetur.
574 3920 833 3980 Clanculo
851 3923 994 3977 enim
1027 3935 1147 3994 post
1176 3927 1459 3994 speculum
1498 3930 1641 3998 quod
1671 3929 1944 4002 objectum

376 4023 461 4067 est
491 4013 798 4083 loquuntur,
836 4030 955 4081 quae
990 4017 1204 4074 discere
1254 4019 1402 4089 ipsos
1437 4021 1697 4092 cupiunt:
1752 4025 1950 4092 psitta-

377 4121 474 4160 cus
514 4120 666 4170 vero,
698 4115 850 4161 ratus
880 4121 940 4162 se
981 4109 1143 4163 alium
1177 4111 1468 4180 psittacum
1529 4114 1733 4180 videre,
1785 4129 1952 4168 voces

378 4193 498 4248 illas
529 4195 838 4264 exprimere
863 4207 1110 4264 conatur,
1149 4200 1282 4254 nihil
1310 4203 1529 4258 interim
1557 4219 1676 4272 qua:
1697 4206 1954 4261 dicuntur

379 4285 712 4356 intelligens,
745 4303 870 4342 cum
894 4290 1075 4344 omnia
1107 4292 1396 4348 articulate
1423 4294 1696 4350 didicerit.
1731 4297 1795 4352 Et
1820 4313 1948 4353 vero

377 4378 527 4434 solus
575 4381 861 4450 psittacus,
919 4398 1026 4437 non
1079 4393 1258 4438 autem
1307 4385 1510 4456 aquila,
1572 4403 1749 4456 neque
1805 4391 1948 4444 aliud
1983 4361 2028 4416 D

378 4471 546 4526 ullum
593 4474 794 4528 animal
848 4475 927 4542 sic
958 4477 1206 4531 docetur.
1283 4477 1352 4531 At
1381 4481 1654 4548 quomodo
1685 4498 1790 4537 non
1823 4482 1955 4537 illud

379 4579 594 4618 rursum
629 4575 816 4619 contra
855 4567 1071 4634 genesis
1111 4565 1301 4634 legem,
1340 4571 1482 4640 quod
1511 4587 1632 4626 cum
1672 4576 1786 4628 haec
1842 4590 1954 4628 cae-

377 4666 497 4712 tera
545 4659 798 4714 animalia
858 4654 1070 4715 ra'tione
1116 4661 1372 4718 destituta
1422 4665 1712 4735 producat,
1759 4683 1951 4724 eorum

380 4757 558 4804 tamen
594 4750 774 4820 aliqua
798 4751 866 4806 ab
912 4753 1222 4809 hominibus
1269 4756 1587 4821 doceantur,
1626 4770 1954 4829 superetque

377 4857 642 4913 geneseos
683 4844 946 4900 terminos
994 4845 1040 4900 is
1091 4847 1183 4915 qui
1219 4862 1492 4916 nunquam
1540 4849 1699 4920 hujus
1744 4850 1953 4919 legibus

375 4933 625 4988 solvitur.
665 4935 721 4990 Si
769 4951 896 4991 vero
928 4937 1091 4990 etiam
1151 4953 1281 5006 apes
1313 4940 1379 4996 ab
1407 4941 1640 4995 invicem
1667 4943 1845 4998 doceri
1870 4945 1952 4998 di-

375 5026 581 5092 xerint,
631 5027 686 5081 in
721 5027 804 5082 his
844 5043 1060 5098 quoque
1113 5029 1307 5085 falsum
1361 5040 1614 5088 tuentur:
1676 5049 1709 5088 a
1754 5045 1946 5088 natura

376 5121 545 5186 enim,
603 5137 709 5176 non
751 5122 818 5177 ab
846 5133 964 5177 arte
997 5134 1254 5192 operatur
1302 5126 1440 5194 apis.
1506 5127 1833 5198 Quanquam
1868 5129 1948 5183 sic

375 5212 542 5266 etiam
597 5211 881 5267 difficultas
933 5225 1220 5284 augeatur.
1261 5215 1373 5271 Cur
1431 5219 1576 5270 enim
1610 5234 1788 5287 neque
1840 5221 1943 5274 alia

375 5303 433 5357 in
466 5319 562 5358 suo
597 5318 826 5376 quaeque
852 5319 1049 5370 genere
1071 5307 1214 5360 inter
1246 5323 1304 5361 se
1336 5317 1426 5361 aut
1461 5310 1677 5374 docent,
1719 5320 1816 5365 aut
1855 5312 1946 5366 do-

375 5397 605 5452 centur?
655 5397 788 5465 Quis
812 5398 957 5452 enim
989 5413 1184 5454 corvos
1215 5409 1307 5453 aut
1360 5399 1608 5455 vultures
1649 5401 1836 5456 volare
1860 5401 1951 5456 do-

2045 1834 2194 1880 κων,
2247 1814 2370 1870 οὐδὲ
2417 1815 2652 1868 λεόντων
2702 1813 3066 1883 συνεκρότησε
3107 1811 3412 1882 φάλαγγας.
3460 1810 3623 1864 Ἀλλά

2043 1906 2126 1969 τίς
2156 1903 2406 1971 διεξιέναι
2433 1905 2764 1975 φιλονεικοίη
2792 1905 2861 1958 τὰ
2889 1903 3230 1975 ἀδιεξίτητα;
3254 1903 3303 1956 εί
3329 1903 3438 1973 γάρ
3467 1902 3623 1956 οὐδὲν

2043 1998 2196 2059 ἐκτὸς
2221 1998 2520 2065 γενέσεως,
2565 1997 2684 2060 πῶς
2714 1997 2888 2060 οὐδεὶς
2917 1997 3094 2068 ἀστὴρ
3112 2036 3127 2062 ,
3169 1996 3234 2049 οὐ
3266 1994 3474 2065 πλάνης
3497 2035 3512 2059 ,
3558 1994 3623 2048 οὐ

2045 2087 2468 2158 παρανατέλλων
2484 2128 2499 2153 ,
2523 2088 2584 2142 οὐ
2600 2089 2790 2152 ζὼδιον
2825 2087 3002 2142 ταῦτα
3031 2090 3145 2150 τοῖς
3177 2086 3477 2158 ὁμοφυέσιν
3503 2085 3626 2139 ἀλό-

2044 2195 2161 2248 γοις
2202 2177 2433 2248 παρέχει
2461 2221 2475 2246 ,
2509 2173 2591 2242 οἷς
2613 2178 2702 2232 τὸν
2740 2177 3024 2249 ἄνθρωπον
3073 2176 3477 2247 κατεμέρισενς
3523 2175 3622 2244 οὐχ

2044 2269 2345 2338 ὑφαντικὴν
2361 2311 2376 2334 ,
2409 2270 2470 2323 οὐ
2495 2269 2892 2340 χαλκευτικήν;
2919 2269 2980 2323 οὐ
3005 2270 3114 2323 τῶν
3141 2269 3238 2339 μὲν
3262 2270 3342 2332 είς
3370 2266 3624 2321 διδασκά-

2044 2364 2168 2426 λους
2193 2403 2209 2430 ,
2263 2364 2391 2428 τοὺς
2419 2363 2478 2418 δὲ
2514 2365 2665 2435 παρὰ
2705 2364 2813 2418 τῶν
2859 2362 3118 2433 ὁμοειδῶν
3170 2361 3462 2431 μανθάνειν
3497 2377 3624 2412 συν-

2046 2456 2314 2526 ἐστησεν;
2368 2457 2416 2508 εί
2469 2455 2527 2509 δέ
2589 2473 2673 2518 τις
2694 2456 2826 2524 παρ’
2854 2454 3011 2524 ἡμῶν
3059 2452 3403 2508 διδάσκεσθαι
3452 2451 3626 2505 ταῦτα

2044 2549 2160 2620 ὲρεί
2182 2588 2196 2612 ,
2231 2548 2446 2618 πρῶτον
2481 2547 2578 2617 μὲν
2599 2547 2758 2615 ὀλίγα
2783 2546 2980 2612 δείξει,
3009 2546 3102 2600 καὶ
3127 2546 3215 2598 διὰ
3243 2544 3294 2597 τί
3319 2545 3392 2616 μὴ
3423 2543 3624 2607 πάντα,

2047 2640 2209 2694 πλέον
2236 2641 2526 2712 ἀπορήσει·
2545 2639 2796 2708 δεύτερον
2826 2639 2945 2708 οὐχὶ
2976 2638 3054 2709 νῷ
3085 2638 3179 2690 καὶ
3211 2639 3488 2708 ἐπιστήμῃ
3519 2636 3627 2689 ὧσ-

2046 2749 2151 2803 περ
2169 2733 2473 2804 άνθρωπος,
2494 2731 2612 2786 ἀλλ’
2627 2732 2813 2803 ἀπάτῃ
2837 2733 2872 2802 ἢ
2900 2731 3050 2801 φόϐῳ
3070 2730 3408 2793 διδάσκεται,
3433 2728 3626 2798 ὥσπερ

2046 2824 2197 2878 κύων
2221 2824 2560 2894 τυπτόμενος
2587 2824 2621 2894 ἢ
2655 2824 2886 2894 πίθηκος
2914 2821 2945 2892 ἢ
2971 2822 3136 2885 ἵππος
3156 2822 3312 2890 τηρεῖ
3329 2821 3397 2872 τὰ
3419 2819 3627 2872 δεικνύ-

2049 2935 2186 2987 μενα
2211 2958 2226 2983 ,
2251 2917 2349 2987 οὐχ
2383 2918 2466 2970 ὅτι
2492 2915 2666 2972 ταῦτα
2689 2915 2768 2986 τῷ
2794 2914 3029 2985 δεσπότῃ
3054 2914 3299 2983 χρήσιμα
3319 2912 3484 2978 νοῶν,
3512 2910 3626 2964 ἀλλ’

2047 3009 2130 3062 ὅτι
2166 3008 2243 3080 μὴ
2288 3007 2462 3062 ποιῶν
2492 3007 2780 3062 τύπτεται.
2821 3006 2932 3062 Καὶ
2967 3005 3231 3075 ψιττακὸς
3266 3003 3628 3072 ἀπατώμενος

2051 3104 2332 3172 μιμεῖται·
2365 3099 2620 3173 ἐσόπτρῳ
2652 3098 2763 3171 γὰρ
2813 3097 3206 3169 παρακειμένῳ
3253 3095 3350 3168 τὴν
3396 3095 3628 3167 μίμησιν

2048 3195 2360 3250 κλέπτεται.
2418 3193 2789 3257 Λανθάνοντες
2845 3192 2954 3262 γὰρ
3005 3189 3230 3244 ὄπισθεν
3266 3188 3488 3244 λαλοῦσι
3531 3186 3628 3242 τοῦ

2048 3285 2451 3356 παρατεθέντος
2478 3287 2747 3358 ἐσόπτρου
2771 3325 2786 3352 ,
2816 3282 2854 3338 ἃ,
2886 3281 3180 3354 μανθάνειν
3221 3280 3462 3343 ἐκείνους
3507 3279 3630 3350 βού-

2049 3379 2261 3432 λονται·
2290 3381 2320 3433 ό
2361 3378 2418 3432 δὲ
2462 3378 2720 3448 ψιττακὸς
2766 3374 2928 3432 ἄλλον
2964 3373 3134 3427 δοκῶν
3177 3374 3310 3443 ὁρᾷν
3360 3372 3629 3442 ψιττακδν

2052 3469 2272 3522 σπεύδει
2305 3469 2444 3540 πρὸς
2494 3468 2728 3540 μίμησιν
2760 3465 2871 3518 τῶν
2914 3464 3120 3516 ἐκείνου
3161 3465 3386 3531 φωνῶνς,
3427 3463 3486 3515 οὐ
3522 3462 3633 3514 τῶν

2051 3562 2365 3632 λεγομένων
2398 3561 2537 3630 ἔχων
2566 3560 2786 3630 νόησιν*
2821 3558 3001 3613 πάντα
3033 3557 3139 3624 γὰρ
3188 3557 3254 3609 ἂν
3270 3557 3314 3587 ³³
3351 3555 3631 3626 ἐνάρθρως

2053 3655 2351 3724 ἐμάνθανε.
2379 3653 2491 3708 Καὶ
2528 3652 2634 3725 μὴν
2677 3655 2774 3708 καὶ
2821 3651 3087 3722 ψιττακὸς
3142 3649 3341 3718 μόνος,
3387 3649 3502 3702 ἀλλ’
3532 3649 3632 3700 οὐκ

2053 3747 2210 3810 ἀετὸς
2237 3747 2358 3800 οὐδὲ
2379 3747 2447 3798 τὰ
2473 3743 2608 3801 ἄλλα
2635 3745 2744 3798 τῶν
2768 3745 2924 3808 ζώων
2950 3744 3022 3797 τὰ
3052 3745 3264 3796 ἐκείνου
3294 3739 3629 3812 διδάσκεται.

2067 3837 2226 3893 Ἀλλὰ
2256 3840 2349 3891 καὶ
2382 3837 2499 3901 πῶς
2528 3837 2630 3890 οὐκ
2659 3836 2793 3890 αὐτὸ
2833 3832 2990 3888 τοῦτο
3040 3833 3202 3887 πάλιν
3233 3829 3381 3901 παρὰ
3409 3828 3502 3880 τὸν
3531 3827 3633 3893 τῆς

2053 3932 2319 3999 γενέσεως
2348 3929 2550 4000 νόμον;
2595 3929 2766 3996 ἄλογα
2806 3925 2918 3996 γὰρ
2963 3924 3149 3993 εκείνη
3205 3921 3276 3976 τὰ
3327 3917 3634 3984 61:1"Cd'ta

2055 4025 2241 4086 ποιεῖ,
2275 4020 2515 4075 διδάσκει
2547 4020 2604 4074 δὲ
2622 4018 2803 4072 αὐτῶν
2823 4020 2850 4072 ὁ
2880 4017 3168 4087 ἄνθρωπος
3200 4011 3346 4082 ἔνια,
3382 4013 3477 4067 καὶ
3511 4014 3635 4083 νικᾷ

2054 4120 2156 4188 τῆς
2181 4119 2451 4185 γενέσεως
2471 4115 2596 4180 τοὺς
2624 4115 2786 4184 ὅρους
2811 4115 2840 4166 ό
2873 4113 3144 4184 μηδέποτε
3170 4109 3373 4165 τούτων
3403 4107 3635 4162 ἀπολυό-

2057 4227 2236 4280 μενος.
2287 4209 2351 4263 Εί
2387 4209 2445 4262 δὲ
2492 4208 2588 4262 καὶ
2627 4207 2727 4270 τὰς
2780 4205 3038 4276 μελίττας
3077 4203 3349 4258 διδάσκειν
3399 4202 3634 4270 ἀλλήλας

2054 4301 2244 4367 φαῖεν,
2297 4295 2577 4352 κάνταῦθα
2625 4295 2686 4348 τὸ
2730 4293 2924 4364 ψεῦδος
2968 4296 3273 4364 ἐτίμησαν·
3310 4294 3375 4345 ὲκ
3419 4290 3635 4359 φύσεως

2061 4392 2195 4461 γὰρ,
2229 4389 2356 4461 [555
2391 4387 2486 4460 H.]
2520 4387 2635 4442 ἀλλ’
2659 4387 2759 4441 οὐκ
2804 4387 2912 4442 ἀπὸ
2964 4388 3158 4458 τέχνης
3206 4384 3498 4456 ἐργάζεται
3537 4385 3633 4454 μὲ-

2052 4484 2234 4536 λισσα.
2289 4482 2435 4549 Πλὴν
2486 4482 2583 4535 καὶ
2633 4479 2778 4534 οὕτω
2825 4480 2885 4534 τὸ
2928 4481 3133 4550 ἄπορον
3167 4478 3424 4543 αὒξεταιο
3465 4478 3557 4531 διὰ
3583 4476 3636 4528 τί

2053 4576 2166 4644 γὰρ
2198 4575 2274 4645 μὴ
2301 4575 2394 4628 καὶ
2427 4573 2496 4627 τὰ
2528 4573 2666 4626 ἄλλα
2692 4573 2834 4627 κατὰ
2863 4571 3018 4640 γένος
3045 4571 3248 4642 ἄλληλα
3271 4572 3364 4624 καὶ
3391 4570 3637 4624 διδάσκει

2053 4667 2148 4720 καὶ
2181 4665 2528 4728 διδάσκεταις
2559 4663 2654 4725 Τίς
2685 4662 2743 4716 δὲ
2780 4662 3023 4732 κόρακας
3052 4661 3145 4714 καὶ
3187 4660 3368 4728 γῦπας
3398 4658 3637 4722 ἐδίδαξεν

2055 4755 2316 4809 ἵπτασθαι
2340 4795 2357 4819 ,
2412 4753 2506 4818 οῦς
2547 4753 2668 4806 οὐδὲ
2698 4752 2920 4823 τρέφειν
2949 4753 2998 4805 οί
3035 4750 3428 4821 γεγεννηκότες
3460 4747 3637 4816 πεφύ-

2057 4867 2222 4913 κασι;
2248 4849 2380 4920 [685
2403 4845 2497 4917 IL]
2525 4846 2642 4909 πῶς
2670 4846 2717 4900 δ’
2748 4847 2806 4899 ὲν
2819 4846 2864 4876 ³⁸
2891 4843 3135 4907 aut-01;”
3163 4845 3453 4929 άπεῖπενςῆ
3486 4842 3638 4912 βασι-

2054 4943 2182 5004 λέας
2215 4939 2443 4993 ποιοῦσα
2489 4939 2582 4992 καὶ
2631 4937 2899 5008 ἄρχοντας
2935 4935 3188 5004 γένεσις;
3223 4934 3349 4988 οὒτε
3375 4934 3484 5005 γὰρ
3516 4933 3637 4996 ὄνος

2052 5033 2194 5087 ὄνων
2229 5032 2354 5085 οὗτε
2389 5032 2569 5084 λύκων
2611 5029 2930 5082 ἐϐασίλευσε
2965 5027 3130 5091 λύκος
3153 5044 3170 5058 ο
3201 5027 3321 5080 οὐδὲ
3348 5029 3376 5078 ὁ
3403 5027 3504 5097 μὲν
3542 5027 3640 5079 αὺ-

2054 5127 2162 5179 τῶν
2194 5126 2452 5190 πένεται,
2483 5125 2514 5178 δ
2539 5123 2595 5178 δὲ
2637 5122 2855 5178 πλουτεῖ
2877 5139 2893 5154 °
2925 5121 3047 5175 οὐδὲ
3080 5121 3188 5174 τῶν
3225 5121 3400 5174 ἄλλων
3453 5118 3635 5183 οὐδὲν,

2057 5214 2137 5281 οἷς
2158 5219 2220 5272 τὸ
2261 5218 2607 5290 ἀνθρώπινον
2641 5220 2796 5287 γένος
2835 5216 3285 5287 καταμερίζεται.
3316 5213 3428 5267 Ποῦ
3461 5211 3555 5266 οῦν
3588 5213 3638 5264 ot

2061 5311 2557 5381 παρανατέλλοντες
2582 5313 2676 5365 καὶ
2705 5313 2738 5383 ἠ
2773 5312 2986 5380 γένεσις
3019 5309 3112 5362 καὶ
3143 5307 3204 5360 τὸ
3231 5306 3341 5361 τῶν
3379 5305 3638 5358 ἀποτελε-

2063 5404 2286 5474 σμάτων
2311 5404 2496 5468 αὐτοῖς
2538 5404 2776 5474 πλῆθος;
2819 5402 2854 5474 ἢ
2893 5402 3036 5457 κατὰ
3086 5399 3262 5473 μόνων
3300 5398 3410 5453 τῶν
3437 5396 3635 5451 ἀθλίων

1684 5517 1922 5575 VARle
1948 5518 2355 5578 LECTIONES.

472 5608 512 5639 ⁸¹
541 5609 707 5680 λῆρον
747 5613 834 5670 AC
892 5633 905 5670 :

964 5615 1163 5686 κλῆρον
1210 5631 1270 5678 ςι.

380 5674 426 5712 ⁸⁵
455 5674 698 5744 ἐκείνους
730 5699 789 5748 ς.

1371 5613 1414 5646 ³⁸
1462 5614 1527 5669 ἂν
1590 5622 1642 5669 et
1704 5629 1827 5668 mox
1877 5612 2035 5686 τοῦτο
2095 5619 2217 5672 add.
2251 5619 2314 5689 Λ.

2429 5617 2471 5651 ³³
2506 5616 2628 5689 ὅλα]
2686 5616 2808 5673 libri
2861 5615 3012 5670 ἄλλα.
3133 5613 3263 5664 “tv
3319 5611 3365 5665 Δ
3399 5624 3412 5662 :
3446 5607 3514 5662 ἂν
3571 5622 3630 5672 s-
