3972 6248
303 284 392 355 357
1318 291 1836 354 BIBLIOTHECA.
1859 317 1928 329 -
1957 293 2120 354 COD.
2143 295 2435 356 CCXXIII

3425 303 3529 366 85‘}

301 399 594 476 ἀνθρώπων
622 401 683 456 τὺ
727 413 925 474 κράτος
961 396 1260 476 ἧρὶαισανς
1300 404 1477 458 καίτοι
1535 405 1645 458 τῶν
1689 405 1853 459 mum

1966 409 2098 468 cuit,
2135 421 2271 476 quos
2307 422 2372 462 ue
2410 415 2660 476 parentes
2705 409 2920 478 quidem
2956 409 3103 466 alere
3133 409 3356 466 solent?
3382 414 3528 481 Quo-

301 495 448 561 ζώων
482 494 774 564 κράτιστον
803 495 1106 566 ἄνθρωπος.
1137 498 1249 550 Καὶ
1290 496 1399 566 γὰρ
1444 497 1538 550 καὶ
1564 495 1673 550 τῶν
1703 496 1864 550 δυνα-

303 584 542 654 τωτέρων
567 585 780 639 συνέσει
805 590 1025 657 κρατεῖ,
1057 589 1152 642 καὶ
1175 587 1284 640 τῶν
1307 587 1620 657 ίπταμένων
1645 588 1738 640 ἐπὶ
1759 587 1864 657 γῆς

300 671 523 743 βαδίζων
553 675 742 744 κύριος
773 674 1016 742 γίνεται,
1053 677 1149 729 καὶ
1180 678 1250 730 τά
1303 679 1382 740 είς
1431 675 1591 746 βυθὸν
1636 677 1861 745 ἀγρεύει

299 766 593 835 νηχόμενα,
629 765 723 819 καὶ
766 767 956 832 ἁπλῶς
997 769 1215 822 πάντων
1254 768 1370 820 ἐστὶ
1393 767 1470 837 τῷ
1498 767 1644 838 λόγῳ
1664 769 1759 821 καὶ
1789 769 1858 839 τῇ

298 857 503 910 συνέσει
543 859 949 930 κραταιότερος.
1001 861 1125 923 Πῶς
1165 859 1259 915 οὖν
1292 862 1325 930 ἡ
1361 860 1574 928 γένεσις
1620 859 1714 913 τοῦ
1761 860 1861 930 μὲν

295 949 619 1022 κρατοῦντος
653 956 871 1008 πάντων
905 960 1126 1027 κρατεῖ,
1151 957 1258 1009 τῶν
1285 957 1329 1009 δ’
1363 958 1453 1010 ὑπ’
1487 957 1694 1010 ἐκείνου
1724 974 1860 1029 κρα-

295 1043 567 1112 τουμένων
608 1045 798 1116 ἄρχειν
841 1049 941 1101 οὐκ
997 1051 1248 1118 τσχυσεν;
1285 1048 1398 1102 ἀλλ’
1429 1048 1504 1110 ώς
1533 1049 1673 1102 ἔοικε
1693 1089 1706 1110 ,
1739 1048 1860 1102 κατ’

296 1136 596 1208 ἀνθρώπων
643 1138 783 1210 αὕτη
832 1141 983 1210 παρὰ
1010 1142 1102 1194 τοῦ
1142 1141 1382 1212 πονηροῦ
1417 1142 1782 1212 προϐέϐληται
1821 1142 1855 1211 ἡ

299 1229 508 1299 μηχανὴ
534 1270 546 1290 ,
592 1230 678 1283 ἵνα
707 1229 766 1283 τὺ
789 1231 1034 1284 εὐσεϐεῖν
1059 1232 1152 1284 καὶ
1178 1231 1588 1300 δικαιοπραγεῖν
1613 1231 1858 1300 ἀνάγκης

294 1319 453 1390 ἔργον
474 1320 794 1390 νομίσαντες
821 1322 1224 1394 ἀλλοτριωθῶσι
1253 1321 1389 1375 Θεοῦ
1409 1363 1424 1387 ,
1456 1323 1550 1376 καὶ
1577 1321 1640 1374 τὺ
1667 1323 1861 1375 τάνανσ

290 1411 378 1463 τία
429 1413 692 1481 πράττειν
741 1414 838 1482 τῆς
893 1413 1065 1484 αὐτῆς
1109 1414 1292 1475 αίτίας
1344 1412 1655 1479 πειθόμενοι
1706 1413 1858 1466 οὐδὲν

290 1505 569 1558 ἀποκνῶσι
595 1507 641 1538 ³⁸
671 1506 810 1576 πρὸς
838 1505 907 1559 τὰ
933 1507 1150 1577 ἀμαρτή
1161 1522 1324 1575 ματα.
1350 1503 1558 1558 Οὐκοῦν
1582 1504 1682 1558 οὐκ
1711 1504 1857 1558 ἔστιν

290 1597 322 1667 ἡ
361 1598 574 1665 γένεσις
596 1639 611 1663 ,
654 1599 947 1652 πλάττεται
991 1598 1049 1651 δὲ
1082 1598 1184 1650 ὑπὸ
1220 1597 1328 1650 τῶν
1365 1595 1572 1668 ἐχθρῶν
1597 1597 1697 1667 τῆς
1723 1597 1855 1666 ἀλη-

287 1687 438 1752 θείας
469 1691 610 1744 κατὰ
631 1692 730 1760 τῆς
769 1691 1060 1761 ἀληθείας,
1106 1688 1294 1761 ὥσπερ
1341 1688 1448 1743 ὑπὸ
1494 1688 1604 1742 τῶν
1648 1688 1854 1760 ταύτης

287 1781 570 1854 ἐλέγχεται
608 1783 802 1852 φίλων.

1963 497 2124 551 modo
2167 497 2292 552 item
2327 499 2560 567 genesis,
2625 515 2746 569 quae
2804 516 2957 571 reges
2989 517 3052 557 ac
3087 503 3357 574 principes
3392 521 3527 558 con-

1964 594 2193 647 stituere
2225 593 2390 656 solet,
2423 592 2521 647 hos
2549 592 2630 647 eis
2669 593 2925 660 negavil?
2962 611 3086 649 nam
3125 611 3300 664 neque
3341 600 3530 655 asinus

1963 683 2261 746 asinorum,
2310 697 2486 752 neque
2517 682 2673 752 lupus
2726 683 2974 753 luporum
3036 703 3130 742 rex
3193 698 3294 755 est,
3355 706 3532 759 neque

1963 775 2108 828 inter
2156 775 2254 828 hos
2303 773 2441 828 alius
2508 790 2711 844 pauper
2765 785 2874 840 est,
2937 779 3077 833 alius
3120 780 3290 844 dives,
3355 797 3530 849 neque

1962 866 2190 920 aliorum
2222 865 2294 919 ibi
2319 866 2634 934 quidquam,
2662 869 2856 936 quibus
2892 872 3183 925 humanum
3229 889 3398 942 genus
3428 875 3528 928 ob-

1963 958 2183 1012 noxium
2238 966 2342 1012 est.
2379 957 2481 1014 Ubi
2531 955 2698 1024 igitur
2728 975 2830 1012 una
2882 963 3122 1016 orienles
3180 965 3520 1021 stellaa?uhi

1962 1051 2199 1118 ipsorum
2244 1050 2477 1119 genesis,
2511 1058 2672 1119 atque
2707 1050 2792 1104 illa
2829 1053 3273 1119 apotelesmatum
3337 1057 3523 1108 multi-

1965 1143 2248 1197 tudo?An
2281 1143 2398 1196 haec
2440 1141 2494 1195 in
2547 1143 2691 1196 solos
2723 1143 2950 1196 miseros
3011 1145 3268 1199 mortales
3322 1154 3524 1200 tantam

1963 1233 2250 1301 abripuere
2279 1232 2570 1301 potentiam
2598 1231 2622 1284 ?
2647 1233 2807 1299 Atqui
2850 1233 2898 1286 vi
2931 1244 3249 1287 czeterorum
3287 1237 3527 1290 omnium

1961 1323 2317 1376 animantium
2342 1324 2749 1392 potentissimus
2769 1325 2947 1379 homo.
2981 1325 3190 1380 Etenim
3217 1339 3270 1381 et
3298 1327 3531 1381 fortiori-

1965 1414 2068 1469 bus
2114 1414 2392 1469 intellectu
2449 1423 2692 1484 praestat,
2721 1425 2775 1470 et
2821 1430 2987 1485 super
3021 1427 3223 1472 terram
3271 1420 3528 1489 gradiens

1966 1505 2266 1560 volatilinm
2303 1515 2480 1559 tamen
2512 1506 2759 1561 dominus
2785 1517 2890 1570 est,
2919 1517 2972 1561 et
3027 1508 3078 1561 in
3111 1509 3245 1561 mari
3280 1510 3525 1562 natantia

1959 1604 2163 1663 captat,
2189 1602 2272 1658 et,
2309 1605 2368 1649 ut
2410 1594 2570 1649 simul
2604 1595 2800 1658 dicam,
2865 1597 3116 1652 omnibus
3165 1599 3532 1653 animantibus

1961 1688 2171 1742 ratione
2229 1698 2390 1756 atque
2429 1687 2754 1757 intelligendi
2795 1687 3049 1744 facultate
3081 1691 3535 1758 antecellit.Qno-

1956 1781 2114 1834 modo
2144 1780 2306 1850 igitur
2337 1781 2546 1850 genesis
2594 1781 2646 1835 in
2697 1795 2817 1836 eum
2867 1783 3030 1836 habet
3077 1783 3362 1850 imperium
3392 1825 3408 1851 ,
3441 1786 3532 1851 qui

287 1875 494 1929 ceteris
524 1875 753 1942 imperat
779 1873 1050 1938 omnibus,
1070 1874 1136 1929 iis
1163 1889 1295 1929 vero
1327 1873 1598 1940 imperare
1631 1870 1836 1940 nequit,
1882 1886 2002 1940 qua:
2023 1870 2180 1936 hujus
2203 1871 2428 1937 imperio
2463 1871 2807 1925 continentur
2834 1871 3077 1927 ?Verum
3105 1912 3118 1936 ,
3176 1882 3233 1927 ut
3288 1886 3531 1944 apparet.

285 1965 397 2020 haae
438 1965 700 2021 adversus
755 1966 1000 2020 homines
1053 1978 1084 2019 a
1139 1966 1281 2020 malo
1327 1969 1568 2020 daemone
1636 1964 1897 2018 instructa
1939 1961 2189 2014 machina
2219 1969 2401 2026 est,ut
2425 1969 2476 2015 et
2494 1961 2581 2030 pie
2619 1961 2800 2015 vivere
2835 1961 3089 2031 justeque
3111 1977 3272 2032 agere
3298 1968 3536 2020 necessi-

285 2058 408 2114 tatis
441 2071 563 2114 esse
602 2055 850 2113 effectum
895 2058 1020 2126 rati,
1051 2058 1217 2114 alieni
1255 2072 1283 2112 a
1311 2057 1423 2112 Deo
1460 2055 1838 2120 efﬁcerentur;
1909 2061 1964 2106 et
2028 2067 2147 2120 qua:
2198 2051 2283 2105 his
2331 2053 2603 2107 contraria
2653 2053 3119 2107 committerentur
3149 2093 3165 2118 ,
3210 2057 3279 2109 ab
3335 2057 3524 2111 eadem

283 2151 552 2220 proﬁcisci
589 2165 749 2205 causa
787 2149 1272 2219 persuasi,nullum
1305 2148 1526 2203 omnino
1557 2154 1836 2216 peceatum
1875 2143 2373 2211 praetermitterent.
2439 2141 2595 2196 Nulla
2663 2153 2747 2198 est
2784 2143 2947 2213 igitur
2999 2160 3223 2212 prorsus
3291 2147 3526 2216 genesis,

283 2245 419 2302 seda
451 2242 700 2297 veritatis
743 2243 990 2296 hostibus
1017 2248 1224 2296 ’contra
1267 2240 1551 2295 veritatem
1600 2239 1843 2309 ﬁngitur,
1883 2235 2336 2304 quemadmodum
2367 2237 2434 2288 ab
2475 2233 2634 2301 hujus
2659 2236 2849 2290 amicis
2886 2237 3308 2292 demonstratur.

383 2333 522 2388 Οὐδὲ
543 2334 653 2402 γὰρ
682 2333 781 2400 τὴν
815 2331 1038 2400 ἀλογίαν
1064 2330 1216 2402 εὖροι
1249 2347 1333 2394 τις
1369 2330 1436 2384 ἂν
1468 2327 1858 2401 ἀκριϐολογού-

289 2442 440 2494 μενος
470 2425 654 2477 αἰτίαν
679 2423 772 2476 τοῦ
800 2422 874 2493 μὴ
920 2422 1210 2492 μανθάνειν
1243 2425 1312 2476 τά
1337 2422 1454 2487 ζῶα
1500 2422 1600 2475 ὅσα
1630 2421 1724 2474 καὶ
1767 2419 1858 2474 άν-

284 2517 536 2587 θρωπος,
588 2514 775 2585 ὥσπερ
821 2514 941 2566 οὐδὲ
987 2514 1048 2566 τὸ
1086 2513 1300 2583 λογικὸν
1342 2513 1418 2582 τῷ
1447 2511 1716 2583 ἀνθρώπῳ
1748 2512 1856 2566 τῶν

290 2607 496 2677 μυρίων
524 2604 976 2674 ἐπιτηδευμάτων
1014 2603 1207 2658 αἴτιον,
1238 2604 1447 2667 Πόσους
1483 2603 1592 2674 γάρ
1616 2604 1733 2656 κατ’
1759 2605 1856 2656 αύ-

280 2699 401 2760 τοὺς
428 2701 462 2769 ἡ
499 2699 716 2765 γένεσις
734 2697 1025 2766 ἐργάζεται
1045 2697 1284 2764 κωφοὺς,
1314 2695 1582 2763 ἀφώνους,
1615 2696 1848 2767 μωροὺς,

289 2792 577 2862 ἀτέχνους,
626 2791 818 2858 ἀφυεῖς
848 2789 949 2841 lTi
1005 2784 1098 2841 οὖν
1135 2787 1382 2858 ὠφέλησε
1415 2789 1476 2841 τὺ
1514 2787 1731 2855 λογικὸν
1765 2788 1855 2840 τὸν

284 2882 345 2935 ἐκ
393 2882 613 2953 μήτρας
665 2881 994 2946 προελθόντα
1046 2878 1244 2948 τυφλὸν
1302 2881 1394 2934 καὶ
1450 2881 1693 2950 κωφὸνῆ
1727 2881 1855 2943 τοὺς

278 2972 550 3037 τοιούτους
574 3013 590 3038 ,
628 2972 723 3025 καὶ
743 2972 926 3024 πόσων
977 2972 1184 3039 ἀλόγων
1216 2973 1318 3025 οὐκ
1357 2971 1464 3024 εἰσὶ
1507 2971 1724 3042 χείρους
1757 2971 1853 3024 καὶ

281 3065 410 3134 πρὸς
442 3065 560 3134 βίον
589 3065 683 3118 καὶ
707 3064 845 3134 πρὸς
873 3063 1140 3134 μάθησιν;
1166 3066 1219 3117 τί
1243 3064 1300 3118 δὲ
1335 3063 1590 3134 μέλιτταν
1618 3063 1851 3134 ἔϐλαψεν

279 3156 311 3226 ἢ
343 3157 589 3227 ἀράχνην
617 3157 649 3226 ἢ
676 3156 940 3228 μύρμηκα
971 3158 1002 3226 ἡ
1031 3156 1243 3224 ἀλογία,
1263 3158 1312 3209 εί
1335 3157 1565 3228 πράττει
1589 3155 1626 3210 ἀ
1652 3156 1697 3188 ³⁸³
1726 3156 1856 3210 ἔκαν-

280 3264 396 3300 στον
443 3247 744 3310 ἀκωλύτως
813 3248 954 3302 κατά
999 3247 1156 3316 φύσιν
1198 3249 1382 3311 αὐτοῖς
1439 3248 1852 3318 ἐπιτηδεύεται;

2025 2323 2209 2393 Neque
2250 2324 2396 2380 enim
2425 2325 2567 2393 quod
2621 2324 2874 2378 animalia
2928 2327 3138 2381 ratione
3191 2339 3434 2394 Carennt,
3478 2333 3529 2386 in

1954 2429 2118 2470 causa
2150 2429 2270 2470 esse
2297 2415 2532 2483 diligens
2580 2430 2762 2469 rerum
2810 2426 3186 2484 perscrutator
3216 2418 3520 2486 deprehen-

1953 2506 2062 2564 det.
2094 2505 2385 2574 quominus
2419 2507 2576 2558 bruta
2615 2505 2826 2559 discant
2857 2505 3070 2571 eadem,
3112 2521 3233 2575 qua:
3281 2508 3530 2564 homines

1953 2599 2152 2662 solent,
2183 2605 2246 2651 ut
2274 2611 2447 2666 neque
2481 2597 2747 2652 rationem
2775 2596 2830 2649 in
2855 2597 3074 2653 homine
3123 2599 3358 2665 efficere,
3388 2605 3529 2669 quod

1953 2690 2160 2760 216i:
2200 2690 2520 2759 disciplinas
2571 2705 2736 2760 prope
2788 2690 3030 2745 inﬁnitas
3083 2693 3527 2759 comprehendat.

1952 2781 2126 2846 Quam
2176 2781 2374 2835 multos
2398 2781 2543 2835 enim
2594 2794 2661 2836 ex
2713 2780 2925 2835 illorum
2984 2784 3249 2836 sententia
3317 2785 3528 2852 genesis

1951 2871 2116 2927 eﬁlcit
2185 2872 2401 2938 surdos,
2458 2879 2661 2934 mutos,
2706 2872 2928 2937 stultos,
2975 2871 3202 2935 inertes,
3263 2873 3516 2944 ineptos!

1952 2963 2090 3030 Quid
2152 2963 2312 3031 igitur
2385 2962 2522 3017 ratio
2593 2962 2797 3031 profuit
2863 2977 2930 3018 ex
3018 2973 3172 3019 utero
3238 2967 3526 3033 prodeuuti

1961 3068 2126 3118 caeco,
2167 3055 2333 3108 surdo
2375 3063 2469 3109 aut
2492 3053 2655 3110 simili
2683 3053 2890 3109 alicui?
2928 3054 2994 3109 Et
3021 3055 3216 3125 quibus
3265 3058 3522 3113 animan-

1958 3147 2101 3202 tibus
2159 3147 2442 3202 inferiores
2501 3161 2606 3203 non
2651 3155 2797 3216 sunt,
2858 3147 2974 3202 sive
3024 3150 3090 3204 ad
3127 3150 3329 3204 victum
3374 3166 3529 3221 qua:-

1957 3241 2206 3302 rendum,
2234 3241 2348 3293 sive
2376 3239 2444 3294 ad
2467 3238 2828 3294 discendum?
2857 3240 2995 3306 Quid
3018 3256 3148 3295 vero
3165 3242 3396 3311 apicuhe
3427 3260 3526 3296 no-

277 3337 327 3388 τί
357 3337 411 3390 δὲ
441 3339 517 3390 τὰ
549 3337 682 3391 ἄλλα
713 3336 826 3388 τῶν
856 3336 1011 3401 ζώων
1042 3337 1363 3408 παρέὗλαψε
1404 3339 1542 3409 πρὸς
1566 3339 1629 3392 τὺ
1656 3341 1853 3394 οἰκεῖον

1956 3331 2090 3394 cuit,
2121 3331 2202 3384 vel
2234 3343 2466 3395 araneae,
2508 3330 2590 3383 vel
2620 3331 2881 3396 formicae,
2911 3331 3055 3400 quod
3075 3332 3299 3386 rationis
3329 3347 3528 3401 expers

277 3425 430 3496 ἔργον
453 3466 468 3488 ,
512 3425 638 3479 άντὶ
668 3425 761 3478 τοῦ
793 3426 1010 3494 λογικοῦ
1045 3426 1274 3481 λαϐόντα
1296 3429 1360 3482 τὸ
1383 3429 1614 3498 ἀλογον;
1649 3430 1723 3499 μὴ
1745 3432 1853 3492 τοῖς

1956 3422 2049 3487 sit,
2076 3421 2122 3476 si
2154 3421 2344 3475 horum
2384 3419 2666 3490 quodlibet
2698 3419 2835 3476 facit
2876 3422 2950 3486 id,
2977 3423 3118 3492 quod
3147 3423 3196 3476 ei
3220 3425 3520 3477 secundum

277 3521 493 3588 πτεροῖς
538 3519 684 3590 ᾅδειν
724 3519 817 3572 τὸν
844 3519 1044 3572 κύκνον
1084 3520 1119 3590 ή
1163 3519 1354 3589 ἀλογία
1405 3520 1771 3585 συνέστειλεν,
1819 3521 1852 3591 ἢ

1957 3523 2204 3570 naturam
2255 3513 2551 3568 convenit?
2594 3513 2734 3578 Quid
2765 3515 2999 3584 denique
3033 3515 3157 3571 aliis
3200 3515 3374 3570 obfuit
3410 3517 3527 3570 ani-

277 3609 395 3673 τοὺς
422 3611 724 3678 τέττιγαςς
757 3610 874 3663 ἀλλ’
909 3611 1020 3681 ἄρα
1071 3610 1297 3666 δύναται
1335 3613 1430 3665 καὶ¹
1475 3612 1636 3681 φύσει
1680 3615 1853 3665 ποιεῖν

1956 3608 2230 3662 mantihus
2263 3609 2330 3661 ad
2367 3622 2524 3661 suum
2588 3605 2850 3677 cuiusque
2887 3623 3043 3676 opus,
3099 3609 3242 3677 quod
3300 3609 3529 3664 rationis

276 3703 308 3771 ὴ
333 3703 550 3770 γένεσις
580 3702 873 3772 μουσικούς
897 3719 913 3734 ·
945 3703 1039 3757 καὶ
1066 3703 1186 3766 πῶς
1214 3704 1336 3774 οὐχὶ
1366 3704 1461 3759 καὶ
1502 3705 1738 3775 ῥήτορας
1760 3703 1853 3757 καὶ

1956 3700 2200 3769 expertia
2234 3699 2392 3753 sint?
2441 3696 2712 3766 Numquid
2771 3708 3055 3768 propterea
3107 3702 3251 3770 quod
3314 3703 3528 3756 ratione

279 3791 540 3860 σοφιστὰς
584 3791 918 3859 ἀπετέλεσες
963 3792 1053 3846 διὰ
1097 3792 1152 3846 τί
1197 3794 1257 3847 δὲ
1283 3793 1430 3848 καθά
1484 3795 1743 3864 γινώσκει
1785 3795 1853 3849 τὰ

1956 3800 2221 3856 carerent,
2262 3789 2502 3859 impediti
2554 3789 2707 3844 fuere
2760 3790 2875 3844 sive
2919 3791 3100 3861 cycni,
3159 3795 3272 3845 sive
3296 3794 3520 3856 cicadae.

274 3881 473 3950 ἄλογα,
514 3882 587 3952 μὴ
621 3883 713 3937 καὶ
746 3885 905 3955 ἡμεῖς
943 3885 1103 3954 ἴσμεν
1152 3885 1322 3956 χωρὶς
1352 3883 1448 3939 τοῦ
1515 3886 1806 3956 μανθάνειν
1834 3901 1849 3948 ;

1956 3885 2244 3955 quominus
2271 3885 2370 3940 alis
2413 3884 2525 3940 suis
2574 3894 2791 3938 cantum
2831 3884 3099 3939 ederent?
3131 3884 3236 3940 Sed
3289 3901 3411 3956 quae
3458 3902 3526 3941 ex

275 3974 405 4028 ἀλλά
434 3975 512 4028 τὰ
542 3974 650 4027 τῶν
677 3975 913 4043 λογικῶν
945 3976 1034 4030 διά
1067 3976 1130 4030 τὸ
1153 3977 1348 4046 ἄλογον
1377 3977 1439 4030 οὐ
1468 3977 1691 4031 δύναται
1717 3994 1853 4048 μαν-

1956 3974 2070 4046 ipsa
2104 3983 2296 4030 natura
2347 3973 2575 4030 canendi
2603 3974 2808 4043 peritos
2853 3975 3154 4042 producere
3181 3975 3396 4043 genesis
3417 3990 3513 4044 po-

276 4065 452 4120 θάνειν
479 4067 553 4119 τά
586 4067 776 4135 ἄλογα.
797 4068 908 4120 Καὶ
931 4067 1049 4132 πῶς
1066 4068 1134 4122 τὰ
1154 4068 1399 4139 ἀλλήλων
1424 4069 1513 4124 διά
1537 4069 1637 4140 τὴν
1666 4070 1852 4140 κοινὴν

1956 4075 2084 4134 test,
2117 4066 2386 4137 quomodo
2428 4082 2532 4121 non
2585 4065 2897 4134 eloquentes
2937 4081 3001 4120 ac
3039 4067 3273 4121 disertos
3325 4067 3515 4121 eadem

275 4155 492 4225 ἀλογίαν
524 4158 584 4211 οὐ
607 4158 949 4212 διδάσκονται
969 4199 986 4226 ,
1009 4160 1230 4230 γέρανοι
1261 4159 1329 4213 τὰ
1352 4160 1565 4214 κύκνων
1590 4199 1608 4226 ,
1641 4161 1750 4214 ὄνοι
1781 4162 1852 4213 τὰ

1956 4157 2221 4214 reddidit?
2253 4157 2362 4213 Cur
2380 4158 2536 4213 bruta
2560 4157 2786 4212 damnas
2806 4157 2830 4210 ?
2853 4155 3123 4226 Numquid
3159 4172 3256 4211 nos
3281 4157 3507 4226 aliquid,

275 4250 448 4302 κυνῶν
473 4292 488 4316 ,
543 4251 640 4302 καὶ
681 4250 749 4303 τὰ
801 4250 1054 4322 μελίττης
1099 4253 1309 4322 ἀράχνη
1334 4293 1349 4318 ,
1385 4253 1479 4307 καὶ⁴
1521 4251 1750 4307 ἕκαστον
1792 4252 1852 4306 τὸ

1956 4250 2059 4306 nisi
2113 4250 2412 4314 discamus,
2449 4247 2735 4304 noi'imus?
2781 4245 3168 4311 Verumlbruta
3196 4247 3523 4311 animantia,

273 4336 588 4410 ἀλλότριον;
629 4340 726 4394 οὐκ
751 4340 858 4411 ἄρα
885 4341 974 4394 διὰ
999 4340 1096 4413 τὴν
1117 4342 1339 4411 ἀλογίαν
1358 4347 1391 4413 ἡ
1417 4343 1524 4398 τῶν
1551 4343 1851 4415 ἀνθρώπων

1956 4356 2076 4396 cum
2112 4343 2326 4396 ratione
2353 4340 2737 4402 destituantur,
2765 4353 2954 4393 eorum
2981 4354 3102 4406 quae
3142 4339 3210 4392 ad
3257 4340 3523 4394 rationem

277 4428 510 4500 μάθησις
553 4432 770 4501 ἀλόγοις
798 4435 1174 4506 ἀπαράδεκτος
1200 4475 1216 4502 ,
1258 4436 1395 4490 ἀλλά
1426 4437 1516 4508 διά
1542 4437 1638 4508 τὴν
1666 4438 1845 4505 διαφο·

1956 4441 2222 4500 spectant,
2255 4433 2462 4487 discere
2518 4431 2956 4501 nihillpossunt.
2999 4431 3140 4496 Quin
3190 4446 3342 4501 ergo,
3391 4448 3513 4486 cum

278 4520 371 4585 ράν
405 4521 504 4589 τῆς
541 4522 647 4574 ὑπὸ
679 4523 770 4576 τοῦ
796 4525 1138 4595 Δημιουργοῦ
1174 4527 1541 4597 προαχθείσης
1591 4527 1830 4595 φύσεως.

1942 4523 2171 4596 perinde
2229 4522 2411 4577 omnia
2457 4521 2669 4576 ratione
2733 4531 2975 4585 careant,
3027 4536 3135 4574 non
3189 4535 3250 4575 ea
3315 4521 3511 4576 saltem

273 4608 366 4673 Τίς
399 4610 456 4664 δὲ
485 4611 664 4683 ἀστὴρ
695 4614 813 4667 τόδε
843 4615 1166 4668 καταλαόὼν
1196 4618 1256 4669 τὸ
1284 4616 1473 4680 ζώδιον
1493 4617 1622 4688 [356
1654 4618 1747 4690 H.]
1788 4621 1848 4672 τὸ

1956 4619 2178 4680 liscunt,
2217 4630 2336 4686 quae
2364 4615 2430 4668 ad
2475 4621 2671 4667 caatera
2707 4613 2863 4666 bruta
2909 4612 3227 4679 pertinent;
3265 4623 3320 4666 ut
3353 4627 3521 4683 grues

271 4699 421 4766 γένος
446 4702 651 4756 ἔπλασε
681 4705 789 4757 τῶν
809 4705 1010 4776 θηρίων
1038 4709 1146 4761 ἀπὸ
1169 4708 1271 4776 τῆς
1292 4710 1394 4776 γῆς
1418 4708 1451 4779 ἢ
1478 4710 1588 4762 τῶν
1609 4711 1843 4779 κτηνῶν,

272 4789 302 4858 ἢ
329 4791 437 4843 ἀπὸ
460 4793 735 4863 θαλάσσης
761 4795 871 4848 τῶν
895 4799 1141 4864 νηκτῶν;
1169 4799 1264 4850 καὶ
1290 4797 1378 4850 διά
1424 4799 1476 4851 τί
1504 4800 1578 4868 μὴ
1627 4803 1724 4853 καὶ
1749 4798 1847 4853 νῦν

270 4881 328 4931 τὸ
358 4883 488 4935 αὐτὸ
551 4883 973 4954 διαπράττεται;
1015 4889 1046 4956 ἡ
1074 4888 1131 4940 δὲ
1159 4889 1285 4952 τοὺς
1315 4888 1530 4959 ἀώρους
1582 4892 1846 4954 θανάτους

271 4969 552 5038 ἐπάγουσα
575 4977 788 5042 γένεσις
809 4977 926 5041 πῶς
955 4979 1074 5047 οὐχὶ
1101 4979 1194 5031 καὶ
1216 4979 1346 5033 δέκα
1390 4980 1525 5033 ἑτῶν
1559 4981 1846 5051 ἄνθρωπον

272 5059 437 5126 ἔδειξε
483 5063 754 5132 γέροντα,
793 5065 826 5133 ἢ
866 5064 1106 5134 πρώτοις
1121 5066 1169 5097 ³⁸
1215 5067 1409 5129 ἰούλοις
1449 5067 1510 5119 τὸ
1555 5069 1847 5135 πρόσωπον

273 5152 745 5221 στεφανούμενον;
794 5157 890 5207 καὶ
942 5157 991 5209 εί
1047 5155 1141 5208 τοῦ
1185 5157 1378 5227 χρόνου
1428 5157 1490 5210 τὸ
1535 5158 1706 5227 μῆκος
1747 5161 1847 5228 τῆς

273 5238 503 5293 ἑκάστου
545 5242 687 5315 ζωῆς
705 5247 785 5308 είς
807 5246 965 5298 πέντε
985 5247 1076 5300 καὶ
1097 5247 1155 5311 ἒξ
1175 5249 1218 5280 ³⁸
1238 5287 1253 5311 ,
1278 5248 1445 5301 ἐνίοτε
1466 5248 1523 5301 δὲ
1552 5251 1648 5302 καὶ
1671 5251 1848 5317 ἀσύγ-

273 5348 456 5401 κριτον
509 5337 651 5391 κατά
695 5339 758 5391 τὸ
807 5338 1027 5392 ἔλαττον
1053 5339 1247 5410 ἔτεμε,
1281 5340 1408 5411 [688
1437 5341 1528 5413 IL]
1559 5341 1675 5405 πῶς
1705 5343 1847 5398 οὺδέ-

277 5439 405 5477 ποτε
429 5427 835 5484 πενταπλάσιον
860 5428 893 5498 ἤ
927 5430 1323 5498 δεκαπλάσιον;
1353 5435 1448 5486 καὶ
1466 5433 1518 5486 τί
1545 5433 1690 5502 λέγω
1713 5452 1842 5488 πίεν⁸

1942 4723 2066 4776 ηιιω
2112 4708 2177 4760 ad
2233 4706 2431 4766 olores,
2467 4703 2602 4757 asini
2657 4717 2778 4772 quae
2831 4703 2898 4756 ad
2948 4717 3136 4768 canes,
3171 4712 3226 4756 et
3275 4703 3342 4759 ad
3388 4719 3520 4772 apes

1943 4812 2163 4857 aranea.
2201 4805 2249 4848 et
2282 4795 2358 4849 sic
2391 4794 2644 4862 deinceps
2674 4792 2970 4862 quodlibet,
3002 4793 3146 4863 quod
3174 4795 3240 4848 ad
3287 4795 3518 4851 alterum

1944 4886 2187 4957 spectati
2223 4883 2342 4941 Non
2368 4893 2516 4940 certe
2551 4884 2677 4953 quia
2737 4884 2947 4939 ratione
2995 4883 3336 4952 destituitur,
3388 4904 3519 4956 pro-

1942 4992 2128 5050 pterea
2162 4981 2412 5035 humana:
2441 4976 2800 5032 institutionis
2823 4976 3041 5032 brutmn
3070 4993 3244 5048 capax
3273 4995 3380 5033 non
3407 4991 3510 5045 est,

1944 5073 2034 5126 sed
2066 5069 2136 5126 oh
2167 5080 2393 5134 natura},
2423 5083 2584 5135 quam
2636 5065 2899 5121 Conditor
2945 5070 3220 5137 produxit,
3255 5068 3513 5124 differen-

1945 5162 2096 5217 tiam.
2131 5160 2410 5226 Quodnam
2443 5173 2570 5214 vero
2617 5158 2745 5213 illud
2781 5166 2988 5214 astrum
3029 5169 3136 5223 est,
3175 5161 3315 5229 quod
3349 5162 3517 5216 hocce

1943 5253 2184 5323 signiferi
2207 5259 2474 5319 occupato
2515 5251 2666 5319 signo
2696 5249 2934 5305 ferarum
2963 5262 3122 5320 atque
3142 5251 3511 5321 iumentorum

1951 5359 2121 5412 genus
2170 5359 2202 5399 e
2253 5352 2396 5398 terra
2434 5352 2526 5396 aut
2569 5357 2636 5396 ex
2671 5343 2806 5396 inari
2859 5343 3162 5396 natalitium
3216 5341 3518 5396 formavit?

1949 5435 2017 5490 Et
2037 5450 2134 5490 cur
2165 5433 2306 5491 idem
2363 5449 2504 5490 nunc
2541 5448 2754 5504 quoque
2800 5449 2903 5487 non
2980 5431 3173 5487 elIieit?
3215 5431 3335 5489 Jam
3397 5448 3517 5502 quae

1583 5545 1818 5602 νΑίῖΙλΕ
1856 5545 2263 5604 LECTIONES.

346 5628 394 5708 ’1
422 5630 739 5710 ἀποκινοῦσι
767 5631 831 5710 ⁵(3
859 5651 886 5710 ί
913 5634 1208 5689 ἀποκνοῦσι
1245 5653 1306 5700 ς.
1381 5638 1424 5668 ³⁷
1451 5637 1486 5691 ἂ
1512 5650 1626 5700 nos!
1649 5639 1945 5705 ἀκωλύτως
1981 5639 2464 5710 transponendum.

275 5694 419 5755 libri.
503 5700 547 5731 ³⁸
573 5699 654 5771 ἒξ]
682 5701 720 5766 ξ’
750 5703 1009 5774 Scaliger.

2565 5637 2609 5670 ³⁸
2651 5637 2879 5708 πρώτοις
2902 5633 3139 5706 Scaliger
3174 5657 3188 5694 :
3219 5635 3364 5710 παρά
3400 5639 3511 5702 τοῖς
