3972 6248
445 273 550 336 859

1594 275 1820 338 PHOTI
1826 277 1854 337 Ι
1880 277 2382 345 PATRIARCILE
2423 277 2526 337 CP.

3582 269 3690 334 860

444 390 787 442 immatur-am
843 397 1069 443 mortem
1107 387 1326 442 adt-lucit
1367 389 1600 458 genesis,
1650 405 1748 444 cur
1777 405 1882 444 non
1914 390 1998 446 vel

2103 388 2405 443 ταπλάσιον
2430 428 2445 452 ,
2479 388 2594 443 ἀλλ’
2623 387 2744 442 οὐδὲ
2773 389 2852 450 είς
2889 385 2949 440 τὸ
2985 383 3304 459 τριπλάσιον
3337 383 3370 456 ἢ
3403 385 3686 440 διπλάσιον

441 483 732 537 decennem
765 481 996 549 a-liquem
1031 479 1160 534 fecit
1205 494 1328 534 esse
1365 495 1573 546 senem,
1605 482 1690 536 vel
1718 481 2000 554 glanugine

2106 479 2454 552 παρεξέτεινε
2476 498 2493 548 ;

443 577 630 632 saltem
650 577 839 630 faciem
867 573 1134 628 vestivit?
1162 573 1230 628 Et
1263 574 1306 627 si
1337 574 1460 628 vitae
1485 574 1718 642 spatium
1779 575 2045 648 cujusque
2084 586 2336 630 nostrum
2361 577 2430 630 ad
2488 575 2738 646 quintum
2787 581 2844 628 et
2889 571 3287 641 sexagesimum
3351 585 3574 634 annttm,
3629 581 3685 626 et

444 678 826 734 nonnunquam
856 665 1022 718 etiam
1053 663 1366 734 longissime
1405 663 1542 718 infra
1569 679 1693 718 eum
1717 665 2005 719 terminum
2043 664 2302 733 resecuit,
2340 666 2434 735 qui
2467 664 2544 732 ﬁt,
2571 663 2713 734 quod
2741 676 3018 730 nunquam
3043 660 3172 715 illud
3229 660 3284 715 in
3340 658 3681 730 quiutuplum

441 764 535 808 aut
557 753 834 824 decuplum
861 753 885 807 ἲ
914 754 1111 823 atquid
1133 754 1253 809 dico
1290 755 1651 822 quintuplum,
1699 754 1806 809 imo
1836 754 1918 807 vel
1957 753 2010 807 in
2033 753 2256 822 triplqu
2288 765 2383 809 aut
2413 755 2466 809 in
2497 754 2719 824 duplum
2748 753 2993 810 extendit
3019 751 3042 805 ?

512 849 640 912 Quae
665 847 751 901 ubi
789 846 871 899 vir
916 845 1009 900 ille
1061 845 1219 910 dixit,
1249 861 1369 900 mox
1399 847 1734 903 elimacteris
1785 848 1998 904 descri-

440 939 679 1008 ptionem
708 937 956 1006 subjecit,
979 946 1038 992 ut
1071 947 1125 992 et
1153 938 1600 1009 astrologicorum
1631 942 1912 996 nominum
1940 956 2006 997 ac

441 1031 802 1094 schematum,
856 1020 1162 1085 accuratius
1214 1031 1404 1084 horum
1452 1033 1846 1100 expositionem
1881 1047 2004 1103 per-

439 1124 734 1192 sequendo.
769 1123 932 1177 Addit
974 1121 1189 1188 deinde,
1219 1123 1263 1177 si
1306 1137 1404 1192 per
1455 1123 1731 1178 stellarum
1781 1139 1997 1178 cursum

438 1225 599 1285 atque
623 1215 896 1270 schemata
931 1215 1110 1268 omnia
1142 1215 1394 1270 animalia
1430 1217 1821 1286 gubernantur,
1865 1231 2001 1286 quo-

439 1307 597 1360 modo
629 1304 831 1359 nullum
849 1319 1087 1374 unquam
1109 1314 1317 1360 astrum
1341 1314 1434 1359 aut
1458 1305 1702 1370 schema,
1723 1317 1817 1361 aut
1835 1307 2000 1362 vicini

438 1399 631 1453 sideris
652 1409 873 1453 exortus
895 1399 979 1451 vel
1031 1407 1236 1468 patrem
1293 1412 1415 1453 esse
1462 1397 1670 1452 mulum
1719 1397 1872 1462 fecit,
1914 1399 2002 1454 vel

438 1498 662 1543 matrem
697 1489 917 1553 mulam,
953 1504 1072 1542 cum
1105 1499 1286 1543 tamen
1342 1488 1397 1543 hi
1426 1487 1669 1543 fecundis
1713 1504 1817 1544 non
1879 1505 2003 1544 raro

439 1581 760 1636 animalibus
791 1580 1159 1635 misceantur?
1188 1578 1388 1633 Natura
1424 1580 1677 1634 nimirum
1705 1579 1863 1647 hujus
1892 1581 2001 1635 vim

439 1671 614 1736 elidit,
661 1679 716 1725 et
745 1671 942 1740 ubique
975 1685 1093 1725 eam
1127 1669 1328 1724 vineit:
1382 1671 1434 1726 in
1488 1670 1748 1740 temporis
1790 1673 1994 1740 produ-

2176 845 2363 900 Ταῦτα
2393 843 2562 900 εἰπὼν
2603 847 2632 900 ὁ
2658 844 2798 916 ἀνὴρ
2839 846 2932 899 καὶ
2968 844 3342 915 κλιμακτῆρας
3390 861 3676 916 καταγρα⁶

2103 936 2211 1007 φὴν
2241 936 2458 1008 ὑπήχθη
2488 938 2664 991 ποιεῖν
2706 935 2798 989 καί
2828 953 2996 990 τινων
3033 933 3438 1006 ἀστρολογικῶν
3476 936 3679 1005 ὀνομά-

2104 1046 2216 1083 των
2258 1032 2354 1084 καὶ
2406 1029 2702 1100 σχημάτων
2721 1067 2735 1092 ,
2769 1028 2868 1096 τὴν
2917 1030 3122 1082 τούτων
3154 1028 3682 1099 ἀκριϐολογούμενος

2101 1117 2335 1173 ἔκθεσιν.
2377 1119 2604 1188 Ἐπάγει
2647 1119 2705 1172 δὲ
2741 1119 2818 1184 ὡς
2861 1121 2910 1173 εἰ
2939 1119 3016 1190 τῷ
3059 1120 3245 1191 δρόμῳ
3293 1118 3402 1173 τῶν
3433 1121 3682 1190 ἀστέρων

2103 1211 2198 1265 καὶ
2244 1213 2358 1275 τοῖς
2405 1212 2648 1282 σχήμασι
2706 1212 2885 1265 πάντα
2927 1211 3207 1265 διοικεῖται
3245 1211 3316 1265 τὰ
3357 1211 3471 1276 ζῶα
3493 1250 3510 1277 ,
3558 1213 3681 1277 πῶς

2104 1302 2282 1366 οὐδεὶς
2305 1303 2480 1374 ἀστὴρ
2508 1303 2632 1358 οὐδὲ
2662 1303 2846 1374 σχῆμα
2871 1303 2991 1356 οὐδὲ
3013 1302 3437 1373 παρανατέλλων
3454 1303 3678 1374 ἡμίονον

2107 1395 2320 1466 πατέρα
2347 1395 2380 1466 ἦ
2414 1397 2628 1468 μητέρα
2649 1437 2663 1463 ,
2683 1395 2860 1450 καίτοι
2889 1396 2984 1449 καὶ
3011 1397 3126 1459 τοῖς
3144 1394 3392 1466 γονίμοις
3418 1395 3681 1460 πολλάκις

2111 1486 2506 1557 μιγνυμένους,
2536 1487 2792 1541 οὐδέποτε
2825 1487 3234 1558 ἀπειργάσατο;
3271 1489 3384 1542 ἀλλ’
3428 1492 3462 1557 ἡ
3515 1491 3682 1560 φύσις

2109 1578 2170 1631 τὸ
2211 1579 2430 1648 ἐκείνης
2456 1578 2573 1633 λύει
2601 1579 2799 1649 κράτος
2817 1619 2834 1646 ,
2862 1581 2957 1633 καὶ
2989 1581 3264 1650 πανταχοῦ
3289 1581 3491 1650 ταύτην
3519 1584 3678 1654 νικᾷ,

2107 1667 2166 1719 ὲν
2193 1667 2499 1738 παρατάσει
2547 1669 2758 1740 χρόνων
2779 1709 2794 1735 ,
2833 1670 2891 1722 ἓν
2914 1669 3100 1742 ὁμιλίᾳ
3126 1670 3392 1741 σωμάτων
3412 1712 3428 1739 ,
3460 1673 3518 1726 ἐν
3547 1691 3680 1726 κυο-

437 1766 642 1829 ‹-ιίοιιε,
693 1765 746 1819 in
778 1779 1066 1833 corporum
1095 1778 1408 1833 congressu,
1455 1763 1506 1816 in
1556 1764 1803 1831 gestandi
1861 1762 1998 1818 fetus

2105 1758 2306 1832 φοριῶν
2328 1759 2608 1830 διαφοραῖς
2633 1801 2649 1827 ,
2671 1760 2728 1812 ὲν
2753 1759 3075 1829 ἐξαλλαγαῖς
3103 1761 3329 1833 ἡλικιῶν
3350 1763 3446 1816 καὶ
3478 1764 3537 1817 ὲν
3563 1765 3680 1828 τοῖς

439 1854 788 1918 varietate,in
807 1863 1023 1908 attalum
1053 1853 1442 1916 immutatione,
1460 1852 1512 1906 in
1541 1853 1750 1906 exteris
1769 1890 1784 1915 ,
1806 1851 2002 1922 217a

440 1963 557 2016 qum
586 1947 882 2002 secundum
919 1952 1165 1998 naturam
1207 1943 1340 1996 ﬁunt
1371 1941 1625 1996 omnibus
1649 1957 1878 2011 quorum
1915 1943 2002 1996 illa

442 2040 574 2095 nihil
602 2046 779 2109 potest
807 2038 1115 2092 immutare.
1145 2035 1256 2091 Cur
1309 2036 1454 2089 enim
1485 2049 1656 2103 equus
1690 2034 1867 2090 nullus
1920 2034 2002 2089 vel

437 2134 624 2189 asinus
656 2132 935 2186 hominum
958 2129 1142 2200 eﬂ‘ugit
1180 2128 1470 2198 ﬂagellum,
1505 2143 1627 2182 cum
1663 2138 1858 2182 caetera
1882 2128 2004 2182 ani-

445 2217 642 2281 m'antia
689 2225 880 2278 horum
922 2205 1085 2278 ictum
1123 2237 1228 2276 non
1263 2220 1440 2275 ferant
1465 2220 1488 2273 2
1518 2219 1588 2274 At
1613 2219 1658 2275 si
1717 2237 1846 2292 qua,
1873 2236 1994 2291 quae

439 2328 614 2373 tamen
656 2332 777 2371 rara
827 2325 976 2382 sunt,
1008 2314 1297 2378 sustinent,
1351 2328 1418 2368 ne
1471 2317 1550 2369 sic
1620 2315 1842 2383 quidem
1895 2314 2004 2370 dif-

439 2411 648 2464 licultas
701 2407 950 2462 solvitur.
990 2404 1100 2460 Cur
1139 2403 1284 2459 enim
1326 2417 1432 2457 non
1477 2412 1532 2459 et
1576 2415 1775 2459 caetera
1818 2406 2001 2460 omnia

436 2504 736 2557 sustineant
771 2513 997 2554 numero
1047 2497 1214 2553 multo
1241 2497 1439 2568 plura?
1474 2496 1692 2568 LDeinde
1740 2498 1884 2552 inter
1914 2511 1998 2562 ea,

434 2611 555 2665 quae
576 2594 760 2664 ﬂagris
789 2594 1090 2657 cmduntur,
1113 2593 1284 2649 libera
1315 2601 1438 2647 sunt
1464 2595 1644 2658 bruta,
1665 2591 1792 2647 dum
1819 2589 2005 2645 adole-

433 2689 654 2742 verint:
705 2700 826 2738 nam
857 2698 975 2737 mox
1005 2692 1064 2737 ut
1109 2698 1275 2739 onera
1326 2681 1472 2736 ferre
1523 2681 1808 2752 cmperint,
1832 2683 1999 2736 etiam

434 2777 708 2832 verberari
735 2775 1015 2846 incipiunt.
1048 2773 1118 2828 At
1145 2775 1308 2830 homo
1333 2774 1670 2845 potissimum
1698 2773 1750 2827 in
1773 2773 2002 2844 pueritia

436 2869 762 2942 ﬂagellatur:
800 2883 923 2923 cum
946 2876 1124 2922 autem
1149 2867 1218 2922 ad
1265 2867 1478 2922 virilem
1503 2874 1721 2921 aetatem
1744 2865 2000 2931 creverit,

435 2973 530 3016 aut
550 2975 846 3030 nunquam,
869 2969 961 3012 aut
979 2959 1169 3013 saltem
1195 2971 1316 3012 raro
1337 2958 1579 3013 caeditur.
1611 2954 1798 3023 Quare
1819 2955 2003 3011 adimo

438 3052 611 3119 libris,
647 3052 858 3114 suibus,
889 3050 1044 3120 gallis
1072 3050 1417 3120 gallinaceis,
1452 3049 1785 3115 hominibus,
1819 3048 1998 3118 equis,

434 3155 493 3198 et
529 3143 845 3213 quibusdam
889 3143 1030 3199 forte
1052 3143 1192 3206 aliis,
1228 3141 1480 3213 genitalia
1521 3151 1866 3208 exsecautur,
1892 3140 2003 3196 fer-

437 3244 662 3298 rumque
708 3230 854 3300 ipsos
913 3245 1012 3300 pro
1064 3229 1308 3285 fecundis
1343 3229 1560 3286 steriles
1618 3231 1834 3286 reddit:
1868 3247 2000 3287 cum

435 3328 628 3374 czetera
689 3329 866 3375 tamen
903 3320 1201 3375 animantia
1251 3337 1357 3376 non
1389 3321 1548 3376 modo
1604 3320 1673 3375 ab
1727 3331 1999 3377 astrorum

435 3413 759 3467 necessitate
785 3413 913 3466 nihil
959 3412 1248 3476 laedantur,
1287 3412 1382 3468 sed
1419 3427 1535 3468 eam
1567 3413 1733 3468 etiam
1774 3413 2003 3469 irriden-

433 3507 554 3560 dam
602 3504 944 3574 proponant?
967 3504 1077 3559 Cur
1107 3505 1320 3558 tandem
1351 3505 1540 3561 eadem
1589 3506 1869 3562 stellarum
1903 3522 2001 3578 po-

433 3599 604 3654 situra
649 3599 897 3654 eumdem
948 3613 1169 3654 cursum
1224 3609 1461 3666 tenente,
1488 3599 1534 3655 si
1587 3600 1786 3670 plantae
1810 3616 2000 3670 ampu-

433 3701 636 3758 tentur,
668 3707 882 3747 rursum
951 3706 1133 3747 ramos
1180 3693 1459 3758 emittunt,
1517 3702 1572 3748 et
1629 3696 1999 3750 circumtonsa

432 3787 601 3843 herba
632 3800 784 3854 aeque
817 3795 874 3840 ut
895 3786 1221 3854 antea,quin
1249 3785 1412 3841 etiam
1438 3785 1997 3857 altiuserigitur,eum

433 3878 486 3933 in
511 3878 852 3941 animalibus,
908 3877 956 3932 si
1016 3877 1158 3947 quod
1200 3877 1340 3932 forte
1371 3878 1670 3932 membrum
1703 3879 2000 3934 dissectum

434 3969 618 4034 fuerit,
651 3968 861 4032 oculus,
920 3968 1004 4023 vel
1033 3983 1219 4034 nasus.
1261 3968 1346 4022 vel
1395 3969 1619 4038 digitus,
1653 3969 1791 4024 nihil
1843 3969 2002 4038 plane

434 4063 603 4113 fatum
663 4060 731 4113 ad
783 4059 942 4129 hujus
986 4059 1216 4115 membri
1253 4061 1708 4116 restaurationem
1754 4061 1996 4131 adjuvat,

431 4151 533 4207 etsi
565 4151 666 4206 hoc
698 4153 874 4220 ipsum
926 4153 1168 4221 prmbere
1192 4151 1281 4206 illa
1313 4169 1430 4222 quae
1476 4154 1557 4213 sic
1584 4154 1829 4220 abstulit,
1863 4169 1996 4208 cen-

429 4244 589 4298 sent?
615 4244 687 4296 At
711 4259 814 4298 non
839 4254 1043 4298 natura:
1060 4246 1385 4315 pr0prietas,
1409 4247 1501 4302 sed
1519 4256 1788 4301 astrorum
1817 4259 1994 4304 motus

429 4337 646 4405 quidam
676 4347 840 4406 atque
875 4322 1348 4393 constitutio'illud
1392 4339 1592 4409 partim
1619 4339 1830 4406 bestiis,
1862 4357 1989 4411 par-

2103 1852 2280 1917 ἄλλοις
2306 1853 2442 1907 πᾶσι
2473 1853 2585 1915 τοῖς
2613 1851 2756 1906 κατά
2779 1851 2943 1922 φύσιν
2967 1891 2982 1916 ,
3013 1846 3089 1906 ὧν
3115 1853 3266 1908 οὐδὲν
3299 1855 3486 1925 ἐκείνη
3513 1855 3677 1920 ἐξαλ-

2102 1946 2315 2000 λάττειν
2363 1943 2605 2001 δύναται.
2650 1944 2752 1998 Διά
2799 1943 2854 1999 τί
2880 1945 2990 2016 γὰρ
3044 1944 3182 1999 δνων
3209 1945 3307 2016 μὲν
3351 1949 3443 2000 καὶ
3494 1947 3680 2002 ἵππων

2103 2041 2280 2104 οὐδεὶς
2307 2039 2408 2104 τὰς
2434 2040 2492 2104 ἐξ
2521 2039 2828 2111 ἀνθρώπων
2869 2041 3153 2110 διαφεύγει
3183 2043 3484 2112 μάστιγας,
3511 2042 3680 2099 τᾶλλα

2101 2131 2158 2184 δὲ
2186 2131 2294 2183 τῶν
2326 2131 2539 2201 ἀλόγων
2586 2130 2740 2194 ζώων
2768 2131 2869 2200 τὴν
2911 2133 3020 2185 ἀπὸ
3070 2131 3276 2186 τούτων
3324 2131 3536 2202 πληγὴν
3579 2133 3682 2203 οὐχ

2104 2222 2431 2294 ύπέμεινεν;
2487 2225 2538 2277 εἰ
2576 2223 2633 2276 δέ
2669 2241 2772 2276 που
2809 2224 2904 2276 καὶ
2952 2223 3187 2291 σπάνια,
3229 2225 3291 2276 τὸ
3339 2224 3542 2295 ἀπορον
3577 2224 3681 2276 οὐκ

2103 2319 2310 2373 ἀνίεται
2328 2333 2344 2352 ’
2373 2319 2464 2374 διὰ
2485 2320 2538 2372 τί
2566 2319 2676 2391 γάρ
2711 2319 2785 2391 μὴ
2809 2321 2905 2374 καὶ
2934 2320 3003 2374 τὰ
3029 2321 3165 2374 ἄλλα
3193 2320 3327 2374 πολὺ
3352 2319 3522 2374 πλείω
3548 2337 3680 2389 τυγ-

2101 2410 2366 2480 χάνοντα;
2395 2405 2514 2464 εἶτα
2559 2411 2653 2466 καὶ
2705 2411 2888 2464 αὐτῶν
2919 2411 3026 2466 τῶν
3051 2413 3099 2446 ⁸ο
3149 2411 3558 2483 μαστιζομένων
3608 2411 3680 2468 τὰ

2106 2499 2205 2569 μὲν
2239 2500 2438 2569 ἄλογα,
2491 2501 2596 2565 ἕως
2634 2501 2717 2567 {av
2757 2503 3038 2573 ἀνδρωθῇ,
3076 2505 3350 2573 μαστίγων
3379 2503 3678 2576 ἐλεύθερα,

2103 2589 2432 2662 ἀχθοφορεῖν
2456 2592 2514 2645 δὲ
2535 2593 2812 2663 ἀρχόμενα
2838 2592 3249 2664 προσλαμϐάνει
3279 2594 3454 2648 καὶτὸ
3478 2592 3680 2647 τύπτε-

2104 2682 2264 2736 σθαι·
2295 2682 2580 2753 ἄνθρωπος
2605 2683 2664 2737 δὲ
2700 2683 2760 2736 ὲν
2811 2686 2969 2739 παισὶ
3000 2685 3098 2758 μὲν
3129 2683 3204 2739 ὣν
3236 2685 3432 2757 μᾶλλον
3480 2685 3678 2756 μαστί-

2102 2775 2292 2840 ζεται,
2342 2775 2510 2846 ἄνδρα
2559 2775 2616 2829 δὲ
2659 2775 2760 2842 τῆς
2811 2774 3035 2846 ἡλικίας
3089 2775 3252 2830 αὑτὸν
3301 2776 3591 2847 δεικνύσης
3640 2777 3675 2847 ἢ

2100 2868 2351 2937 οὐδαμῶς
2377 2868 2410 2940 ἢ
2433 2867 2520 2921 ἐπ’
2546 2867 2764 2921 ἔλαττον
2797 2867 2902 2920 ὑπὸ
2945 2867 3213 2938 μάστιγας
3247 2868 3467 2937 ἄγεται.
3500 2868 3598 2922 Διά
3626 2870 3678 2921 τί

2100 2962 2160 3016 δὲ
2189 2961 2454 3032 κάστορες
2491 2961 2588 3031 μὲν
2639 2961 2736 3014 καὶ⁸
2791 2960 2884 3024 ὕες
2921 2961 3014 3014 καὶ
3057 2960 3411 3031 ἀλεκτρυόνες
3452 2961 3548 3016 καὶ
3580 2961 3676 3016 ἇν-

2105 3051 2319 3122 θρωποι
2347 3051 2441 3106 καὶ
2479 3052 2636 3106 ῐπποι
2656 3094 2670 3117 ,
2695 3051 2793 3106 καὶ
2821 3051 2875 3106 εί
2896 3069 2951 3104 τι
2979 3051 3108 3106 ἀλλο
3135 3053 3427 3107 ὑπόλοιπον
3445 3095 3460 3119 ,
3489 3052 3550 3105 τὸ
3585 3069 3678 3120 γε-

2103 3145 2419 3216 νεσιουργδν
2457 3144 2547 3198 ὑπ’
2569 3143 2872 3216 ἀνθρώπων
2907 3145 3271 3216 ἀποτέμνεται
3292 3185 3307 3208 ,
3330 3145 3426 3199 καὶ
3465 3146 3678 3218 σίδηρος
3765 3211 3787 3228 ο

2104 3239 2286 3302 αὐτοῖς
2314 3237 2436 3291 ἀντὶ
2485 3237 2834 3305 παιδογονίας
2866 3238 3076 3303 δικάζει
3112 3239 3174 3292 τὸ
3218 3240 3444 3306 ἄγονον,
3509 3237 3577 3292 τὰ
3630 3239 3675 3292 δ’

2101 3329 2239 3384 ἀλλα
2266 3329 2376 3383 τῶν
2417 3328 2572 3393 ζώων
2608 3329 2710 3398 τὴν
2735 3329 2843 3383 ἀπὸ
2886 3329 2994 3382 τῶν
3032 3329 3248 3400 ἄστρων
3282 3328 3529 3397 ἀνάγκην
3555 3329 3680 3383 ἀντὶ

2099 3418 2196 3473 τοῦ
2237 3419 2515 3474 σινοῦσθαι
2553 3417 2872 3489 γελωμένην
2903 3419 3330 3486 καταλείπουσι;
3379 3419 3434 3473 τί
3477 3419 3678 3490 δήποτε

2100 3511 2159 3566 δὲ
2181 3511 2280 3580 τῆς
2309 3510 2481 3580 αὐτῆς
2516 3509 2876 3581 ἀστροθεσίας
2906 3511 2997 3563 τὸν
3025 3511 3188 3564 αὐτὸν
3216 3512 3415 3582 δρόμον
3444 3511 3679 3583 ἐχούσης

2103 3603 2248 3672 φυτά
2282 3603 2380 3674 μὲν
2405 3603 2844 3674 περιτεμνόμενα
2889 3602 3052 3656 πάλιν
3096 3602 3248 3668 αὔξει
3279 3604 3506 3668 κλάδους
3527 3644 3543 3666 ,
3584 3605 3681 3658 καὶ⁵

2100 3694 2523 3767 περικειρομένη
2551 3693 2750 3765 βοτάνη
2783 3693 2992 3764 ἀνίσχει
3019 3694 3118 3766 τὴν
3151 3697 3274 3767 ῐσην
3301 3694 3334 3765 ἢ
3366 3695 3461 3748 καὶ
3495 3696 3680 3750 πλείο-

2099 3803 2195 3851 να,
2229 3785 2308 3857 τῷ
2330 3786 2388 3838 δὲ
2427 3784 2552 3857 ζώῳ
2581 3785 2648 3852 ⁸¹,
2682 3787 2806 3839 εἴτι
2828 3785 2936 3839 τῶν
2963 3785 3138 3856 μελῶν
3157 3791 3428 3857 περικοπῇ
3445 3829 3459 3852 ,
3481 3785 3684 3856 ὀφθαλο

2103 3871 2203 3942 μὸν
2230 3872 2264 3942 ἢ
2293 3875 2415 3944 ῤ’ίνα
2440 3872 2474 3944 ἢ
2501 3872 2803 3941 δάκτυλονξ,
2827 3873 2980 3927 οὐδὲν
3002 3875 3036 3942 ἡ
3067 3875 3372 3946 εἱμαρμένη
3410 3876 3548 3946 πρὸς
3582 3876 3682 3946 τὴν

2101 3960 2198 4016 τοῦ
2233 3963 2428 4033 μέλους
2460 3963 2731 4032 ἀνάφυσιν
2768 3964 3237 4034 συλλαμϐάνεται;
3273 3967 3448 4020 καίτοι
3473 3966 3684 4038 ταύτην

2100 4052 2413 4117 καθίζουσιν
2441 4053 2668 4116 ὲκείνοις
2696 4054 3058 4126 χαριζομένην
3102 4055 3244 4127 ἅπερ
3273 4057 3522 4125 ἀφεῖλεν,
3563 4057 3680 4110 ἀλλ’

2099 4143 2225 4212 οὐχὶ
2258 4143 2357 4214 τῆς
2385 4143 2598 4213 φύσεως
2628 4145 2689 4197 τὸ
2721 4144 2936 4214 ἰδίωμα.
2966 4145 3108 4199 Λύτο
3137 4146 3194 4200 δὲ
3224 4146 3384 4200 τοῦτο
3411 4147 3494 4210 τίς
3519 4147 3685 4200 ἀστὲο

2103 4254 2212 4308 ρων
2241 4236 2454 4304 κίνησις
2482 4235 2577 4290 καὶ
2609 4237 2793 4307 σχῆμα
2813 4236 2882 4289 τά
2909 4235 3010 4306 μὲν
3041 4237 3120 4300 είς
3149 4237 3380 4304 ἀλόγους
3410 4238 3479 4291 τά
3501 4237 3558 4290 δὲ
3599 4237 3684 4300 είς

2097 4327 2347 4396 λογικοὺς
2367 4326 2698 4396 διεκλήρωσε
2725 4342 2741 4392 ;
2787 4327 2871 4389 τίς
2899 4327 2957 4379 δὲ
2987 4327 3080 4380 ὑσὶ
3109 4327 3207 4398 μὲν
3229 4329 3322 4381 καὶ
3356 4327 3684 4397 ἀλεκτρυόσι

431 4432 526 4484 tim
584 4430 909 4498 hominibus_
943 4429 1246 4486 distribuit.
1315 4429 1436 4485 Jam
1500 4446 1628 4487 vero
1666 4433 1790 4502 quis
1840 4448 1989 4499 sues,

2103 4417 2196 4472 καὶ
2232 4414 2347 4482 αἰξὶ
2372 4417 2468 4470 καὶ
2501 4415 2694 4486 βουσὶ,
2719 4417 2814 4471 καὶ
2848 4418 2902 4472 εί
2927 4435 2980 4471 τι
2999 4417 3210 4482 τούτοις
3238 4419 3450 4488 ὅμοιον,
3470 4419 3561 4472 τὸν
3593 4420 3684 4474 διὰ

427 4523 592 4592 gallos
636 4521 986 4592 gallinaceos,
1027 4537 1244 4593 capras,
1277 4523 1467 4588 boves,
1523 4533 1580 4578 et
1625 4524 1672 4579 si
1729 4525 1859 4593 quid
1911 4525 1996 4582 his

425 4615 604 4670 simile
627 4621 730 4682 est,
757 4615 824 4669 ad
852 4625 1078 4670 mortem
1117 4630 1212 4686 per
1237 4616 1476 4686 gladium
1536 4617 1872 4672 subeundam
1902 4619 1999 4672 ad-

418 4706 699 4776 judieavit,
734 4721 855 4762 eum
878 4707 1108 4776 plurima
1131 4708 1426 4763 animantia
1446 4709 1548 4763 hoc
1573 4708 1765 4764 mortis
1801 4723 2001 4777 genere

427 4814 530 4852 non
582 4799 849 4866 pereant?
902 4797 1042 4853 Olim
1089 4811 1372 4868 praeterea,
1421 4813 1546 4854 cum
1603 4799 1762 4856 idolis
1813 4799 1990 4855 sacri-

424 4887 616 4943 lieandi
642 4887 778 4942 ritus
795 4888 1020 4958 Vigeret,
1045 4889 1458 4946 innumerabilis
1480 4891 1672 4945 horum
1696 4905 1816 4961 quae
1835 4890 1992 4961 jugu-

421 4977 602 5031 lantur
633 4978 921 5032 multitudo
965 4993 1069 5032 una
1091 4993 1233 5048 szepe
1265 4978 1648 5034 immolabatur
1674 4981 1829 5034 hora.
1875 4977 1991 5033 Hoc

422 5082 552 5120 vero
575 5082 725 5122 more
750 5079 1018 5132 cessante,
1055 5082 1162 5122 non
1192 5069 1540 5139 perindejam
1576 5070 1692 5124 hare
1732 5069 1991 5123 animalia

423 5157 597 5226 gladio
657 5157 1019 5227 subjiciuntur
1052 5159 1353 5214 ‘lSiderum
1409 5169 1586 5214 tamen
1640 5159 1982 5225 constitutio,

425 5260 480 5300 ut
535 5247 607 5301 illi
645 5247 1015 5318 loquerentur,
1063 5259 1377 5304 constanter
1440 5253 1689 5306 eumdem
1756 5266 1978 5307 cursum

426 5351 616 5406 tenes,
651 5341 988 5411 inaequaliter
1035 5342 1170 5397 adeo
1209 5343 1398 5396 horum
1435 5344 1752 5399 animalium
1797 5346 1993 5400 condi-

427 5433 628 5486 tionem
652 5433 982 5500 immutavit,
1007 5449 1127 5504 quae
1159 5445 1476 5489 cancrorum
1505 5435 1742 5505 priscum
1771 5437 1988 5492 vivendi

2103 4509 2378 4581 μαχαίρας
2400 4509 2619 4564 ἐδίκασε
2639 4509 2683 4541 δ’
2717 4509 2950 4564 Θάνατον
2973 4552 2988 4576 ,
3020 4512 3092 4565 τά
3114 4511 3172 4565 δὲ
3206 4512 3433 4566 πλεῖστα
3457 4511 3564 4565 τῶν
3590 4513 3684 4566 ἀλα

2098 4599 2207 4654 λων
2229 4598 2384 4663 ζώων
2410 4599 2510 4670 τὴν
2552 4598 2813 4671 τοιαύτην
2841 4602 2943 4654 οὐκ
2971 4599 3110 4655 οἶδεν
3128 4601 3174 4632 ⁸³
3199 4602 3502 4671 ἐπήρειανς
3545 4601 3685 4657 ἀλλά

2100 4693 2196 4746 καὶ
2222 4691 2430 4746 τούτων
2457 4692 2568 4745 τῶν
2588 4691 2636 4722 ⁸⁸
2672 4691 3080 4762 ἀναιρουμένων
3103 4693 3272 4746 πάλαι
3303 4693 3400 4762 μὲν
3418 4734 3432 4758 ,
3461 4694 3563 4764 τῆς
3601 4694 3684 4747 εί-

2097 4780 2430 4845 δωλοθυσίας
2451 4782 2857 4852 ἐπικρατούσης
2876 4821 2892 4847 .
2932 4783 3159 4853 ἄπειρον
3189 4781 3436 4855 [55711.]
3469 4785 3528 4836 ιν
3562 4783 3685 4855 ὥρᾳ

2102 4875 2202 4946 μιᾷ
2240 4872 2535 4930 κατεθύετο
2584 4872 2826 4941 πλῆθος’
2883 4873 2978 4927 νῦν
3021 4873 3080 4928 δὲ
3130 4873 3431 4944 παυθείσης
3465 4873 3684 4946 ἐκείνης

2099 4967 2198 5038 οὐχ
2225 4966 2427 5037 ὁμοίως
2453 4969 2516 5021 τὸ
2545 4963 2697 5033 ξίφος
2726 4966 3052 5036 ὑπέρχονται
3085 4983 3101 5032 ;
3125 4967 3238 5020 Καὶ
3280 4966 3389 5020 τῶν
3435 4967 3685 5038 ἀστέρων

2099 5065 2130 5116 ὁ
2175 5062 2562 5132 σχηματισμὸς
2585 5100 2600 5125 ,
2629 5060 2703 5122 ὡς
2737 5058 2802 5112 ἂν
2835 5062 3032 5113 ἐκεῖνοι
3065 5061 3222 5129 φαῖεν
3248 5099 3264 5124 ,
3305 5059 3684 5124 ἀναλλοιώτως

2099 5156 2190 5210 τδν
2213 5156 2375 5210 αὐτὸν
2404 5154 2743 5225 ὲξομαλίζων
2763 5153 2962 5225 δρόμον
2980 5191 2996 5217 ,
3031 5152 3173 5206 οὓτω
3197 5153 3295 5223 μὲν
3318 5151 3385 5206 τά
3411 5153 3540 5222 περὶ
3559 5151 3683 5205 τούο

2100 5265 2211 5301 των
2241 5248 2548 5318 ἀνωμάλως
2581 5247 2901 5318 ὲξηλλοεωσε
2919 5284 2936 5311 ,
2979 5245 3088 5299 τῶν
3119 5246 3164 5298 δ’
3209 5245 3384 5300 ἀλλων
3411 5243 3567 5308 ζώων
3591 5243 3681 5297 τὸν

2101 5346 2304 5416 τρόπον
2348 5346 2450 5413 τῆς
2495 5345 2729 5414 ἀρχαίας
2771 5342 2918 5407 ζωῆς
2944 5342 3006 5394 οὐ
3045 5340 3360 5411 μετέϐαλεν.
3409 5339 3472 5392 Ei
3497 5338 3557 5392 δὲ
3589 5354 3677 5391 και

2103 5456 2227 5492 τινα
2259 5437 2659 5510 παραπλησίως
2695 5438 2902 5491 τούτων
2955 5433 3397 5506 μεταϐέϐληκεν,
3444 5432 3563 5487 ἀλλ’
3598 5433 3661 5486 ὅτ

1728 5591 1964 5653 VARIAE
1991 5590 2402 5650 LECTIONES.

487 5703 533 5735 “
560 5705 666 5761 τῶν
686 5708 806 5764 add.
831 5713 894 5764 Α.
973 5711 1012 5741 δ’
1038 5711 1141 5778 τῷν
1175 5709 1229 5762 δὲ
1258 5707 1411 5772 ζώων
1448 5727 1510 5774 ς.
1586 5711 1633 5744 δ’
1666 5711 1950 5765 ἐδικαίωσε
1982 5728 2044 5774 ς.

2125 5711 2168 5742 ⁸³
2197 5705 2333 5763 εἶδεν
2358 5705 2417 5773 cf.
2495 5707 2678 5761 "103v
2738 5722 2846 5760 om.
2918 5706 3060 5761 libri.
