3972 6248
218 5464 240 5535 ,ι

313 258 422 325 861

1372 272 1894 338 BIBLIOTHECA.
1935 301 2001 311 --
2040 278 2205 340 COD.
2251 282 2507 343 CCXXII
2523 285 2566 344 l.

3439 290 3547 352 862

322 371 394 441 μὴ
414 367 589 425 πάντα
619 373 755 444 μηδὲ
781 376 850 429 τά
879 377 1103 433 πλεῖστα
1120 422 1135 448 ,
1162 382 1312 437 οὐδὲν
1338 381 1504 457 ἦττον
1534 390 1562 443 ὁ
1582 388 1693 443 τῶν
1716 389 1859 443 ἀστέ-

1980 394 2199 449 modum
2256 396 2574 452 invariatum
2626 397 2859 468 reliquit.
2927 402 3078 467 Quod
3136 405 3181 456 si
3234 401 3376 459 torte
3430 405 3530 457 alia

321 480 426 533 ρων
452 463 655 532 ὁμαλὸς
689 467 888 538 δρόμος
921 472 1014 525 καὶ
1046 474 1181 543 πρὸς
1198 476 1244 508 ⁸⁸
1277 479 1633 550 ἀπαράϐατον
1662 482 1876 551 ἀνάγκη

315 552 709 642 διεχλεύασται.
756 562 896 615 Ἀλλ’
923 564 1003 627 είς
1021 565 1177 619 τοῦτο
1194 569 1240 600 ⁸³
1272 570 1369 638 μὲν
1398 571 1634 642 πέρατος
1660 572 1755 626 καὶ
1783 575 1812 626 6
1838 581 1880 625 ε’

316 641 466 711 λόγος
496 650 588 701 καὶ
612 648 672 701 τὸ
692 656 741 718 γ’
771 654 865 706 καὶ
896 659 951 723 μ’
984 657 1283 724 κεφάλαιον
1320 641 1640 734 καταλήγει.

1984 498 2197 554 quoque
2228 491 2483 544 nonnulla
2518 492 2585 544 ad
2631 491 2773 545 hunc
2814 491 2928 546 fere
2981 494 3197 549 modum
3262 495 3543 548 immutata

1985 582 2136 637 sunt,
2167 580 2382 644 quando
2412 579 2465 633 id
2497 594 2671 649 neque
2697 581 2749 634 in
2782 582 3056 646 clunibus,
3081 598 3254 651 neque
3285 584 3336 635 in
3372 582 3542 651 pluri-

1986 664 2089 719 mis
2109 666 2326 731 accidit,
2356 671 2633 738 aequabilis
2663 672 3014 727 nihilominus
3070 684 3340 727 astrorum
3403 686 3535 727 cur-

317 741 511 834 sus,_et
555 736 774 834 insuper
807 743 1261 804 incommutabilis
1293 751 1383 805 illa
1431 755 1722 809 necessitas
1741 751 1977 809 ludibrio
2000 757 2242 823 exposita
2271 769 2375 817 est.
2410 736 2477 815 Et
2498 763 2599 818 hoc
2657 764 2872 832 quidem
2936 764 3057 818 libri
3122 781 3174 828 v,
3245 767 3544 834 capitisque

281 823 700 897 lquadragesimi
732 832 875 886 tertii
906 844 1204 892 extremum
1231 850 1337 899 est.

385 917 507 991 [689
542 919 632 992 8.]
668 922 758 974 Ἐν
789 924 845 977 δὲ
874 926 953 996 τῷ
1001 937 1054 994 ς’
1086 932 1184 1002 μὲν
1214 934 1378 1003 λόγῳ,
1410 933 1450 988 δ’
1475 936 1533 989 δὲ
1566 936 1660 990 καὶ
1694 944 1748 1006 μ’
1780 952 1873 991 κε-

313 1010 523 1082 φαλαίῳ
550 1012 723 1066 ταῦτα
751 1015 1063 1074 ὑποδάλλει’
1094 1024 1157 1075 Ei
1190 1025 1289 1093 τῆς
1315 1026 1599 1093 γενέσεως,
1635 1028 1821 1097 φησὶν,
1846 1030 1875 1082 6

310 1099 503 1170 δρόμος
530 1102 637 1157 ἀπὸ
665 1105 770 1175 γῆς
789 1107 881 1160 τὸν
899 1108 1183 1180 ἄνθρωπον
1212 1116 1304 1167 καὶ
1329 1117 1397 1170 τά
1420 1116 1557 1170 ἀλλα
1585 1119 1695 1171 τῶν
1719 1118 1874 1183 ζώων

310 1191 619 1257 ἀπετέλεσε,
653 1196 772 1261 πῶς
816 1199 933 1253 νυνὶ
979 1202 1147 1271 χωρὶς
1195 1204 1375 1274 γάμου
1419 1206 1543 1261 οὕτε
1589 1208 1876 1280 ἄνθρωπον

309 1282 432 1337 οὔτε
461 1284 531 1338 τὰ
567 1287 737 1358 μυρία
766 1290 879 1361 εῖδη
899 1292 1009 1347 τῶν
1038 1293 1192 1357 ζώων
1220 1298 1467 1368 οὐδαμῶς
1494 1300 1812 1371 προάγουσα
1829 1301 1875 1333 ⁸⁷

308 1374 581 1430 δείκνυται
599 1393 616 1443 ;
638 1378 705 1432 Ei
727 1378 786 1433 δέ
803 1397 924 1434 τινα
946 1381 1147 1437 τούτων
1171 1385 1266 1438 καὶ
1285 1390 1673 1457 νυνὶςπροάγει,
1687 1389 1874 1461 ὥσπερ

310 1463 597 1537 σκώληκας
618 1469 712 1521 καὶ
738 1470 963 1525 τοιαῦτα
979 1471 1024 1505 ⁸⁸
1047 1472 1185 1538 ἐνια,
1208 1475 1325 1540 πῶς
1356 1476 1433 1548 μὴ
1454 1477 1547 1532 καὶ
1571 1479 1749 1533 πάντα
1772 1481 1874 1533 ὃσα

310 1557 511 1626 ὁμοίως
540 1559 637 1612 ἀπ’
664 1561 841 1631 ἀρχῆς
866 1563 968 1634 τῆς
1003 1564 1107 1635 γῆς
1149 1566 1316 1632 ἔδειξε
1342 1568 1618 1637 φυόμενας
1657 1571 1794 1625 Ἀλλ’
1824 1573 1871 1625 εί

311 1644 405 1698 καὶ
431 1645 633 1717 δρόμος
676 1650 920 1721 ἀστέρων
948 1654 1075 1718 τοὺς
1099 1655 1418 1726 ἀνθρώπους
1444 1658 1553 1713 ἀπὸ
1596 1658 1701 1730 γῆς
1738 1664 1872 1715 κατ’

2043 934 2264 1006 2171).
2300 936 2466 991 Sexto
2531 949 2712 995 autem
2760 943 2896 998 libro
2935 954 2989 998 et
3025 944 3201 1013 capite
3242 947 3541 1016 quadrage-

1969 1022 2108 1078 simo
2136 1034 2330 1093 quarto
2349 1026 2463 1082 haec
2491 1029 2728 1096 subjicil.
2762 1033 2816 1086 Si
2845 1049 3103 1101 geneseos
3134 1050 3344 1099 cursus,
3368 1038 3465 1099 ait,
3508 1055 3539 1092 e

1972 1123 2115 1171 terra
2147 1117 2419 1173 hominem
2450 1131 2753 1192 caeteraque
2787 1125 3039 1179 animalia
3086 1129 3370 1196 produxit,
3404 1146 3539 1198 quo-

1976 1208 2137 1262 modo
2167 1224 2314 1266 nunc
2340 1211 2459 1266 sine
2482 1212 2734 1282 conjugio
2758 1230 3091 1285 nequaquam
3125 1219 3206 1273 vel
3241 1221 3536 1283 hominem,

1975 1299 2056 1352 vel
2086 1299 2262 1355 varias
2303 1300 2423 1356 illas
2452 1303 2810 1359 animantium
2842 1308 3047 1375 species
3109 1312 3411 1378 producere
3439 1312 3536 1365 de-

1973 1392 2373 1458 prehenditur?
2397 1392 2550 1458 Quod
2598 1396 2641 1449 si
2677 1407 2733 1450 et
2772 1414 2917 1453 nunc
2951 1403 3198 1467 quaelam
3241 1416 3425 1455 eorum
3457 1403 3536 1455 sic

1974 1482 2241 1548 producit,
2271 1499 2484 1540 vermes
2516 1497 2643 1555 puta
2692 1498 2747 1542 et
2780 1488 2831 1542 id
2863 1505 3031 1557 genus
3078 1493 3357 1558 nonnulla,
3401 1508 3534 1563 quo-

1973 1574 2133 1627 modo
2182 1590 2285 1630 non
2328 1578 2489 1633 etiam
2549 1579 2733 1649 omnia
2814 1581 2919 1635 alia
2974 1597 3305 1651 quaecunque
3343 1584 3535 1639 eodem

1973 1668 2131 1721 modo
2168 1682 2199 1721 e
2249 1677 2393 1723 terra
2440 1671 2509 1725 ab
2559 1671 2710 1726 initio
2766 1681 3024 1742 prognata
3072 1673 3357 1727 exhibuit?
3383 1672 3453 1727 At
3484 1674 3529 1728 si

306 1734 479 1805 ἀρχὰς
522 1735 745 1801 ἔπλασε,
780 1740 900 1803 πῶς
923 1742 1045 1814 οὐχὶ
1091 1746 1185 1799 καὶ
1207 1724 1471 1818 ⁷τεχνίτας
1498 1724 1694 1806 αὐτίκα
1726 1771 1859 1824 συμ-

1970 1758 2111 1815 forte
2140 1760 2420 1816 stellarum
2460 1777 2652 1819 cursus
2694 1765 2944 1821 homines
2991 1781 3022 1821 e
3073 1777 3213 1821 terra
3244 1769 3395 1823 initio
3425 1770 3535 1821 lor-

300 1826 637 1895 προήγαγεν,
667 1828 802 1884 ἀλλά
823 1832 1003 1906 πολλῷ
1022 1836 1199 1908 χρόνῳ
1221 1838 1446 1909 ὕστερον
1466 1844 1752 1916 τεκτονικὴ
1775 1848 1869 1901 καὶ

298 1916 566 1989 ὑφαντικὴ
601 1922 695 1974 καὶ
740 1922 986 1996 ἱστορικὴ
1014 1929 1323 2000 γεωμετρία
1354 1949 1413 1985 τε
1460 1934 1557 1986 καὶ
1605 1937 1868 2009 ῥητορικὴ

297 2011 388 2063 καὶ
417 2012 613 2081 μυρίαι
642 2013 829 2085 τέχναι
855 2016 1012 2073 ἄλλαι
1043 2019 1323 2091 λογισμοῖς
1362 2023 1727 2096 ἀνθρωπίνοις
1771 2031 1865 2082 εὐ-

298 2100 535 2171 ρέθησάν
564 2121 624 2157 τε
656 2106 751 2159 καὶ
776 2108 1128 2177 ἐπεγένοντο;
1158 2112 1220 2166 Ei
1241 2113 1295 2166 δὲ
1325 2115 1421 2168 καὶ
1449 2118 1732 2186 προελθεῖν
1758 2122 1867 2176 ἀπὸ

292 2192 392 2261 γῆς
415 2194 788 2268 ἐπιστήμονας
810 2202 936 2264 τοὺς
960 2203 1279 2274 ἀνθρώπους
1298 2224 1357 2260 τε
1366 2209 1733 2278 ρατεύσοιντο,
1747 2214 1865 2280 πῶς

292 2284 407 2337 τότε
442 2289 543 2359 μὲν
568 2291 696 2344 ἄνευ
720 2290 1009 2361 μαθήσεως
1032 2296 1393 2366 ἐπιστήμονες
1414 2300 1728 2370 ἀνεφύοντο,
1747 2309 1864 2361 νυνὶ

290 2376 344 2430 δὲ
372 2377 559 2441 πόνοις
587 2381 678 2434 καὶ
706 2381 959 2450 μελέταις
994 2383 1145 2453 μόλις
1176 2388 1501 2457 κατορθοῦσι
1546 2391 1646 2462 τὴν
1688 2395 1863 2467 μάθη-

293 2485 407 2535 σιν;
443 2469 558 2523 Ποῦ
587 2470 632 2523 δ’
661 2471 755 2525 οὖν
794 2473 999 2543 οἴχεται
1026 2474 1222 2545 δρόμος
1249 2478 1454 2543 ἐκεῖνος
1483 2481 1511 2533 6
1538 2482 1797 2550 παλαιὸς,
1834 2489 1862 2540 6

293 2561 413 2624 τοὺς
459 2561 579 2632 ἅμα
624 2566 688 2635 τῇ
742 2565 951 2636 προόδῳ
1001 2569 1198 2636 σοφοὺς
1219 2569 1264 2600 ⁸⁹
1317 2571 1700 2640 ἀναπλάττων;
1753 2578 1862 2631 Καὶ

290 2653 446 2704 πόθεν
480 2654 553 2707 τὰ
576 2654 670 2707 νῦν
695 2657 991 2728 ἀντανέστη
1020 2659 1048 2711 6
1079 2658 1205 2723 τοὺς
1235 2661 1526 2731 αὐτοφυεῖς
1558 2666 1860 2738 ἐπιστήμο-

290 2763 380 2809 νας
405 2748 594 2810 πόνοις
625 2747 970 2817 προὸιὸόιζων
998 2751 1094 2805 καὶ
1126 2757 1309 2825 μακρᾷ
1339 2756 1570 2828 μελέτης
1605 2759 1669 2812 Τί
1700 2760 1743 2812 δ’
1766 2757 1859 2815 οὖν

289 2837 315 2886 6
339 2837 620 2906 μιαιφόνος
652 2837 919 2909 ἔπραττεν
939 2842 1112 2912 ’Δρης
1132 2844 1250 2897 τότε
1273 2846 1382 2899 τῶν
1407 2848 1708 2919 ἀνθρώπων
1728 2871 1831 2907 κατ
1846 2856 1860 2876 ’

288 2926 533 2999 ἀλλήλων
578 2929 676 3000 οὐχ
721 2922 1125 3002 ὁπλιζομένωνς
1172 2936 1283 2990 Ποῦ
1330 2937 1375 2991 δ’
1404 2941 1432 2992 ὁ
1483 2941 1734 3009 βασιλέας
1764 2947 1857 3000 καὶ

1970 1847 2155 1915 mavit,
2188 1863 2286 1903 cur
2311 1865 2416 1904 non
2461 1866 2556 1906 eos
2590 1852 2664 1905 ita
2710 1854 2981 1922 produxit,
3018 1865 3078 1909 ut
3120 1856 3280 1909 simul
3322 1856 3532 1911 artibus

1969 1940 2216 1994 instructi
2261 1942 2585 2011 prodirent?
2617 1945 2711 1999 sed
2740 1944 2898 2017 longo
2934 1956 3055 2013 post
3084 1956 3323 2016 tempore
3361 1960 3416 2004 et
3451 1948 3530 2002 fa-

1965 2030 2120 2086 brilis
2160 2045 2251 2086 ars
2292 2042 2455 2101 atque
2497 2037 2753 2102 textoria,
2794 2046 2848 2091 et
2896 2036 3177 2104 historica,
3210 2040 3529 2107 geometria,

1966 2123 2260 2187 rhetorica,
2310 2124 2539 2195 aliaeque
2611 2128 2905 2184 innumerae
2950 2138 3093 2185 artes
3132 2131 3367 2185 humano
3400 2140 3531 2187 sunt

1966 2215 2179 2285 ingenio
2203 2217 2435 2285 primum
2473 2219 2789 2288 excogitatae
2822 2230 2983 2289 atque
3016 2223 3244 2276 iuductze
3265 2224 3288 2275 ‘1
3313 2222 3367 2277 Si
3399 2238 3528 2276 vero

1963 2309 2273 2379 provenisse
2301 2309 2546 2365 homines
2575 2310 2701 2365 olim
2730 2312 2952 2365 scientia
2993 2314 3285 2368 instructos
3311 2329 3342 2367 e
3382 2324 3524 2367 terra

1972 2411 2278 2469 nugentur:
2304 2402 2573 2470 quomodo
2609 2410 2736 2456 tunc
2767 2403 2884 2457 sine
2912 2402 3195 2472 disciplina
3227 2404 3369 2458 docti
3398 2416 3525 2458 sunt

1963 2494 2097 2559 uati,
2137 2492 2230 2562 qui
2260 2508 2403 2548 nunc
2428 2493 2514 2547 vix
2552 2493 2735 2547 multis
2764 2493 3036 2549 laboribus
3063 2506 3226 2566 atque
3255 2496 3522 2551 exercita-

1964 2582 2197 2637 tionibus
2245 2583 2546 2637 doctrinam
2578 2584 2813 2652 parant?
2847 2583 2964 2651 Quo
3010 2600 3149 2638 nunc
3181 2585 3342 2655 igitur
3373 2595 3526 2640 vetus

1968 2671 2058 2727 ille
2092 2689 2283 2728 cursus
2315 2674 2561 2737 recessit,
2591 2678 2680 2744 qui
2709 2676 2775 2730 ab
2809 2675 2928 2745 ipso
2957 2688 3077 2730 ortu
3110 2677 3382 2745 sapientes
3423 2677 3522 2731 ho-

1960 2766 2132 2820 mines
2186 2765 2581 2836 iingebat?aut
2629 2768 2769 2821 unde
2815 2767 2905 2822 hic
2956 2776 3141 2822 noster
3179 2768 3396 2837 prodiit,
3429 2770 3523 2837 qui

1958 2865 2147 2910 natura
2181 2870 2276 2911 sua
2308 2857 2510 2927 peritos
2554 2859 2767 2913 nonnisi
2823 2872 2919 2927 per
2957 2858 3167 2913 labores
3201 2873 3266 2912 ac
3314 2858 3521 2929 longam

1956 2946 2401 3001 exercitationem
2438 2948 2732 3016 provehit?
2754 2947 2889 3015 Quid
2926 2948 3088 3019 igitur
3119 2948 3351 3004 crudelis
3380 2949 3524 3006 Mars

286 3021 550 3090 ἄρχοντας
577 3021 747 3078 ποιῶν
765 3024 873 3077 τῶν
891 3025 1133 3098 ἀστέρων
1157 3028 1375 3099 δρόμος,
1402 3032 1624 3098 πολλαῖς
1646 3041 1857 3104 γενεαῖς

1964 3050 2071 3094 ιυω
2116 3038 2367 3106 faciebat,
2401 3055 2522 3096 cum
2555 3041 2800 3097 homines
2835 3042 2888 3095 in
2915 3052 3153 3095 mutuam
3185 3040 3384 3094 caedem
3417 3055 3523 3095 non

287 3110 512 3202 ῖιστερον
540 3115 633 3169 καὶ
660 3116 720 3169 τὺ
745 3117 887 3171 κατά
912 3116 1105 3189 κώμας
1134 3122 1321 3187 οἰκεῖν,
1356 3126 1431 3196 μή
1462 3125 1515 3179 τί
1543 3142 1607 3195 γε
1644 3129 1798 3185 πόλιν
1822 3132 1855 3202 ἢ

284 3201 453 3273 ἀρχὴν
501 3204 699 3259 εἰδέναι
748 3207 1185 3280 ἐπινοησάντων;
1219 3211 1309 3265 διά
1348 3213 1401 3266 τί
1442 3215 1501 3270 δὲ
1544 3217 1710 3272 πάλαι
1758 3201 1858 3291 μὲν

283 3294 562 3365 ἄνθρωποι
593 3296 799 3367 τεχνῶν
840 3299 1205 3370 ἐχρημάτιζον
1248 3305 1492 3377 εὑρεταὶ,
1526 3309 1622 3364 νῦν
1650 3311 1709 3365 δὲ
1738 3316 1858 3377 ταῖς

284 3382 673 3458 ἐξευρημέναις
713 3388 1041 3459 ἀρκούμενοι
1081 3394 1394 3466 περαιτέρω
1442 3401 1723 3470 προελθεῖν
1756 3405 1857 3460 οὐκ

284 3476 618 3544 ἐπινοοῦσινς
655 3479 727 3532 ’Ἡ
761 3480 918 3551 δῆλον
945 3484 1027 3536 ὅτι
1071 3486 1099 3537 6
1136 3486 1289 3557 παρὰ
1315 3489 1451 3544 Θεοῦ
1492 3495 1606 3558 τοῖς
1646 3497 1857 3569 ἀνθρώ-

282 3585 401 3631 ποις
424 3569 604 3634 δοθεὶς
630 3572 774 3638 νοῦς,
810 3576 986 3647 χρόνῳ
1016 3578 1109 3631 καὶ
1137 3582 1284 3651 πόνῳ
1311 3585 1403 3636 καὶ
1432 3589 1540 3655 πρό
1564 3604 1626 3656 γε
1650 3590 1856 3647 τούτων

280 3660 342 3727 τῇ
367 3659 579 3712 ἀνωθεν
610 3664 869 3734 συνεργίᾳ
894 3665 964 3718 τὰ
992 3667 1128 3737 πρὸς
1161 3670 1252 3724 τὸν
1282 3670 1397 3741 βίον
1423 3677 1670 3748 χρήσιμα
1702 3681 1854 3747 ἐξευ-

283 3748 405 3843 ρών,
438 3751 577 3823 ἔστη
608 3752 704 3806 τοῦ
732 3758 1065 3829 πορρωτέρω
1090 3762 1186 3815 καὶ
1218 3764 1396 3834 μάτην
1428 3770 1855 3843 ἐνταλαιπωρεῖο

282 3840 400 3894 σθαι
425 3844 554 3905 ταῖς
586 3846 871 3911 ἐπινοίαις.
902 3850 1029 3914 Πῶς
1066 3852 1125 3905 δὲ
1164 3852 1260 3907 τοῦ
1288 3856 1453 3909 αὐτοῦ
1484 3859 1673 3927 γένους
1701 3840 1853 3929 ἔθνος

280 3931 373 3999 μὲν
400 3931 697 4004 ὁλόκληρον
722 3939 884 4008 κομᾷ,
910 3938 1038 3993 ἄλλο
1060 3941 1115 3994 δὲ
1142 3942 1418 4014 κείρεται;
1452 3949 1563 4002 Καὶ
1594 3950 1720 4005 ἄλλο
1753 3954 1851 4023 μὲν

279 4027 643 4096 μητρογαμεῖ,
664 4027 732 4078 τὰ
762 4029 930 4081 πλείω
953 4030 1009 4083 δὲ
1035 4033 1285 4104 μυσαράν
1307 4037 1407 4105 τὴν
1431 4041 1632 4107 πρᾶξιν
1657 4044 1851 4113 ἡγοῦν-

273 4129 394 4207 tot;
435 4118 550 4171 Καὶ
585 4119 807 4189 μυρίαις
834 4120 1020 4186 ἄλλαις
1052 4127 1545 4198 κατατέμνονταιδο
1569 4133 1851 4207 διαφοραῖς

275 4203 469 4274 νόμων,
509 4208 661 4277 βίων,
693 4209 830 4265 ἐθῶν
850 4226 863 4240 ⁸
898 4214 994 4266 καὶ⁵
1017 4214 1194 4277 οὐδεὶς
1217 4217 1463 4288 ἀστέρων
1493 4221 1694 4293 δρόμος
1723 4203 1848 4280 οὔτε

1957 3134 2347 3189 armarentur?
2393 3133 2493 3189 Ubi
2549 3144 2820 3189 astrorum
2867 3148 3063 3189 cursus
3113 3132 3205 3188 ille
3238 3147 3420 3200 regum
3468 3141 3525 3188 et

1955 3222 2261 3291 principum
2301 3222 2485 3276 multis
2535 3232 2655 3289 post
2702 3220 2935 3285 saeculis,
2977 3231 3036 3275 ut
3075 3230 3130 3276 et
3165 3236 3327 3290 pagos
3370 3220 3523 3276 habi-

1956 3311 2105 3366 tandi
2130 3320 2336 3374 auctor,
2358 3327 2479 3367 cum
2499 3325 2672 3380 neque
2696 3319 2875 3365 mente
2903 3309 3118 3379 quidem
3146 3310 3332 3364 urbem
3357 3308 3523 3363 ullam

1955 3413 2049 3460 aut
2100 3404 2389 3472 imperium
2442 3402 2690 3457 homines
2722 3398 3161 3468 excogitasseut?
3188 3398 3295 3454 Cur
3338 3398 3522 3453 adhaec

1955 3498 2082 3553 olim
2121 3495 2370 3551 homines
2415 3495 2610 3548 artium
2649 3493 2960 3546 inventores
3002 3498 3179 3552 erant,
3206 3505 3350 3544 nunc
3390 3503 3524 3543 vero

1954 3588 2190 3644 inventis
2233 3586 2472 3641 contenti
2521 3583 2733 3650 longius
2780 3582 3033 3651 progredi
3090 3595 3197 3634 non
3248 3581 3521 3653 student?

1955 3678 2293 3732 Manifestum
2337 3683 2488 3729 certe
2530 3677 2710 3727 datam
2744 3687 2773 3725 a
2805 3671 2915 3726 Deo
2964 3670 3270 3726 hominibus
3320 3670 3522 3724 intelli-

1954 3768 2113 3840 gendi
2143 3768 2273 3830 vim,
2303 3774 2423 3835 post
2448 3765 2659 3818 inventa
2697 3777 2817 3817 cum
2860 3771 3103 3829 tempore
3139 3769 3192 3815 et
3226 3760 3428 3825 labore,
3456 3776 3519 3814 ac

1955 3856 2296 3926 potissimum
2343 3868 2464 3906 cunt
2498 3850 2710 3905 caelesti
2762 3849 2961 3904 auxilio
3002 3863 3064 3903 ea
3098 3862 3215 3917 qua:
3245 3849 3311 3901 ad
3356 3850 3520 3902 vitam

1956 3949 2208 4003 tuendam
2250 3956 2407 4001 erant
2445 3945 2620 4011 utilia,
2652 3946 2764 4014 jam
2797 3943 3128 4011 constitisse,
3165 3958 3340 4011 neque
3380 3942 3519 3996 ultra

1953 4041 2247 4110 quidquam
2277 4038 2483 4092 frustra
2517 4036 2991 4092 comminiscendis
3013 4036 3169 4092 novis
3194 4035 3515 4090 allaborare.

1952 4132 2236 4199 Quomodo
2268 4132 2397 4186 item
2422 4130 2663 4200 ejusdem
2698 4130 2991 4199 provinciae
3026 4130 3313 4183 totaanatio
3342 4128 3518 4197 aliqua

1951 4240 2163 4279 comam
2192 4223 2388 4286 nutrit,
2419 4223 2522 4277 alia
2550 4221 2840 4276 tondetur?
2880 4221 2946 4275 Et
2972 4221 3217 4289 quaedam
3244 4236 3376 4291 gens
3405 4235 3520 4273 ma-

273 4296 397 4361 τοὺς
443 4301 695 4371 κομήτας
724 4302 898 4373 κείρει
919 4346 936 4370 ,
969 4305 1093 4359 οὕτε
1122 4308 1248 4371 τοὺς
1284 4313 1639 4381 κειρομένους
1671 4320 1848 4389 κομᾷν

1964 4318 2124 4372 tribus
2152 4316 2433 4378 miscetur,
2458 4315 2636 4383 plures
2658 4329 2786 4368 vero
2810 4314 2950 4367 hunc
2978 4311 3373 4367 exsecrandum
3400 4326 3523 4365 esse

275 4388 605 4457 ἐκϐιάζεται,
637 4393 756 4446 οὐδὲ
789 4393 915 4465 [558
948 4395 1045 4467 Η.]
1076 4397 1143 4452 τὰ
1172 4398 1307 4454 ἄλλα
1335 4377 1595 4472 πράττειν
1627 4377 1840 4475 ἄλλους,

1964 4424 2158 4464 morem
2206 4409 2446 4463 ducunt?
2480 4407 2592 4461 Etsi
2633 4407 2753 4461 aliis
2780 4406 3001 4473 insuper
3040 4402 3521 4458 innumerabilibus

273 4479 369 4532 ὅσα
393 4485 504 4547 τοῖς
541 4484 693 4554 παρά
726 4486 877 4553 σφίσι
906 4486 1094 4558 νόμοις
1126 4489 1226 4542 οὐκ
1250 4490 1473 4561 ἔμαθον.
1504 4496 1616 4551 Καὶ
1646 4500 1716 4554 τά
1743 4502 1844 4572 μὲν

1964 4499 2272 4555 iiﬁ'erentiis
2318 4498 2518 4567 legum,
2555 4498 2698 4562 vitae,
2731 4510 2794 4550 ac
2835 4493 3288 4549 consuetudinum
3325 4493 3518 4547 distin-

270 4570 359 4622 τοῦ
388 4574 654 4644 παρόντος
681 4575 978 4645 κεφαλαίου
1007 4579 1251 4634 τοιαῦτα.

1950 4601 2210 4663 guuntur,
2261 4604 2434 4658 neque
2480 4601 2658 4642 tamen
2708 4586 2848 4639 ullus
2891 4585 3131 4639 siderum
3187 4597 3380 4638 cursus
3427 4591 3520 4637 aut

272 4676 507 4719 comatos
544 4667 750 4732 tondet,
789 4679 882 4722 aut
905 4677 1157 4724 attonsos
1184 4687 1395 4728 comam
1420 4676 1566 4734 alere
1598 4684 1759 4753 cogit,
1788 4699 1883 4747 aut
1921 4692 2026 4746 alia
2057 4691 2192 4744 alios
2219 4688 2419 4747 facere,
2461 4698 2578 4752 quae
2605 4680 2720 4734 suis
2755 4679 2855 4749 ipsi
2929 4679 3139 4747 legibus
3192 4678 3336 4733 docti
3410 4691 3519 4731 nou

272 4766 411 4811 sunt.
442 4758 569 4814 Haec
591 4771 769 4814 autem
798 4760 919 4830 ipso
946 4763 1122 4832 capite
1151 4767 1518 4823 continentur.

338 4849 426 4901 Ἐν
454 4851 511 4903 δὲ
536 4850 615 4919 τῷ
649 4851 774 4922 ἑξῆς
799 4854 995 4923 ἐπάγει
1023 4854 1120 4919 ὡς,
1146 4858 1311 4910 είτκαὶ
1335 4858 1545 4923 δόξαιεν
1571 4871 1843 4935 καταφεύ-

268 4954 381 5005 γειν
409 4942 460 4994 οἱ
487 4943 585 5012 τῆς
634 4946 980 5017 εἱμαρμένης
1033 4948 1263 5018 ἐρασταὶ
1292 4952 1385 5005 ἐπὶ
1418 4956 1545 5018 τοὺς
1593 4974 1842 5031 παρανα-

266 5031 568 5100 τέλλοντας,
603 5036 652 5088 οἳ
701 5036 809 5091 τῶν
857 5038 1063 5103 ζωδίων
1097 5041 1193 5093 καὶ
1234 5042 1343 5095 τῶν
1384 5044 1670 5118 πλανήτων
1698 5054 1839 5107 είσὶν

268 5121 440 5215 ἕτεροι
493 5128 586 5181 καὶ
635 5128 756 5183 οὔτε
802 5134 915 5196 τοῖς
960 5135 1059 5204 τῆς
1111 5135 1379 5202 γενέσεως
1426 5141 1833 5215 ἀποτελέσμασι

268 5214 542 5284 χαίρουσιν
572 5219 698 5274 οὔτε
741 5221 992 5293 ἀλλήλοις
1019 5225 1334 5296 συνᾴδουσιν
1358 5270 1373 5295 ,
1405 5230 1543 5286 ἀλλά
1574 5214 1715 5289 κατά
1740 5238 1838 5302 τὰς

268 5303 372 5356 τῶν
413 5307 691 5378 κλιμάτων
738 5312 1003 5385 διαφορὰς
1048 5315 1279 5380 ἕκαστος
1326 5318 1505 5377 αὐτῶν
1549 5325 1617 5378 τὰ
1663 5328 1838 5382 οἰκεῖα

270 5401 490 5466 χορηγεῖ
534 5401 969 5472 ἀποτελέσματα,
1003 5406 1314 5463 εἰπάτωσαν
1343 5412 1477 5482 ἡμῖν
1506 5417 1609 5469 ποῦ
1644 5418 1705 5471 τὸ
1738 5421 1839 5489 τῆς

2022 4867 2279 4923 Proximo
2305 4878 2432 4919 vero
2461 4860 2589 4915 illud
2625 4860 2877 4914 adducit:
2909 4859 2965 4914 Si
2989 4858 3150 4914 etiam
3178 4857 3271 4913 fati
3310 4864 3518 4913 amato-

1948 4975 2041 5017 res
2086 4959 2161 5013 illi
2209 4953 2519 5025 fugiendum
2553 4960 2740 5021 putent
2777 4951 2845 5003 ad
2888 4950 3187 5005 vicinarum
3238 4949 3517 5004 stellarum

1943 5061 2168 5108 exortus
2189 5056 2331 5117 (qua:
2352 5062 2380 5098 a
2402 5043 2569 5112 signis
2587 5051 2750 5111 atque
2781 5040 3009 5111 planetis
3042 5041 3267 5095 diversae
3285 5079 3300 5104 ,
3321 5038 3519 5109 218a

1942 5141 2202 5197 fatalibus
2231 5149 2490 5206 geneseos
2536 5133 2747 5188 eventis
2798 5132 2988 5187 aﬂines
3016 5146 3119 5184 non
3153 5139 3304 5193 sunt,
3338 5142 3514 5195 neque

1946 5237 2092 5290 inter
2125 5247 2185 5286 se
2213 5229 2585 5290 consentiunt,
2610 5226 2702 5280 sed
2734 5238 2829 5294 pro
2857 5224 3132 5278 climatum
3175 5219 3515 5283 differentiis,

1944 5325 2171 5396 singulae
2200 5337 2327 5378 suos
2348 5320 2692 5389 suppeditant
2711 5314 2986 5383 eventus),
3024 5314 3203 5368 dicant
3231 5312 3387 5367 velim
3417 5328 3517 5367 no-

1946 5422 2055 5481 bis.
2088 5416 2306 5470 ubinam
2333 5412 2405 5465 sit
2435 5424 2693 5479 geneseos
2720 5409 3043 5463 inconcussa
3064 5405 3155 5459 illa
3182 5403 3411 5458 ﬁrmitas
3437 5411 3516 5455 at-

1554 5526 1787 5586 VARIAZ
1825 5528 2243 5586 LECTIONES.

332 5597 377 5681 ξ’
407 5600 576 5689 πρὸς]“
609 5606 684 5670 ὡς
709 5603 776 5662 Α.
806 5608 896 5694 ﬂ"
922 5607 1110 5694 τοῦτον
1156 5628 1215 5674 ς.
1289 5611 1336 5642 ⁸⁷
1368 5618 1713 5689 προσάγουσα
1763 5640 1822 5687 ς.
1902 5623 1946 5654 ’⁵⁸
1975 5622 2169 5694 ὥσπερ
2211 5621 2305 5677 καὶ
2349 5616 2511 5674 σκώλ.
2570 5615 2664 5669 καὶ
2712 5613 2778 5668 τὰ
2823 5607 3047 5664 τοιαῦτα
3076 5626 3139 5677 ς.
3213 5611 3259 5646 ⁸⁸
3298 5609 3512 5682 προόδῳ

264 5666 386 5740 τοὺς
428 5666 625 5739 coerciti;
804 5677 851 5710 ³ο
878 5666 1276 5751 κατατέμνὲται
1306 5699 1366 5747 ς.
