3972 6248
447 271 553 335 8G3

1593 259 1857 322 ΡΗΟΤΠ
1886 257 2390 320 PATRIARCH/E
2427 257 2537 319 CP.

3587 247 3703 330 set

444 398 551 451 que
583 378 938 437 constantia?
972 377 1047 432 Ex
1077 376 1145 430 iis
1167 375 1311 430 enim
1345 389 1463 443 quae
1493 371 1596 442 ipsi
1623 372 1868 427 rel'erunt
1889 371 2012 424 satis

2120 367 2387 437 γενέσεως
2418 366 2634 437 βέϐαιον
2681 363 2775 417 καὶ
2813 360 3106 420 ἀσάλευτον
3125 374 3140 391 ο
3166 356 3398 420 ἕκαστος
3427 357 3538 427 γάρ
3567 357 3700 410 τού-

447 484 692 545 apparet,
713 471 948 542 propriis
970 469 1170 524 viribus
1198 469 1388 522 harum
1418 465 1661 536 singulas
1695 465 1839 520 illius
1889 462 2014 517 eﬁ‘e-

447 578 568 621 ctus
600 565 934 620 rescindere.
967 562 1285 629 Quanquam
1324 575 1426 612 non
1450 572 1640 612 omnes
1671 557 1815 611 idem
1856 564 2016 609 terrae

448 657 678 724 spatium
710 654 997 706 obtinent:
1028 649 1206 720 qualis
1237 650 1307 702 sit
1334 647 1623 702 Persarum
1652 655 1814 715 atque
1839 643 2014 699 lbero-

449 762 563 798 rmn
607 746 801 813 portio,
857 743 938 795 vel
969 743 1230 796 Lazorum
1272 751 1432 808 atque
1492 739 1880 801 Romanorum,
1916 751 2012 790 seu

449 837 674 889 alim-nm
705 848 1176 904 quorumcunqne.
1214 831 1495 899 Quomodo
1528 829 1692 899 igitur
1733 829 1848 882 haec
1882 842 2014 897 gens

445 927 704 994 oppositis
730 927 862 980 adeo
894 924 1035 980 illius
1069 925 1244 992 gentis
1274 922 1486 976 vivendi
1519 921 1744 983 normis,
1807 919 2012 988 legibus

447 1035 508 1072 ac
535 1020 774 1072 moribus
801 1016 1180 1087 gubernatur?
1211 1014 1412 1068 Deinde
1441 1012 1711 1080 quomodo
1742 1010 2012 1080 pleraeque

443 1114 628 1175 gentes
656 1120 781 1158 suos
801 1120 1027 1173 quaeque
1062 1104 1195 1157 lines
1227 1102 1542 1164 incolentes,
1563 1101 1616 1154 in
1643 1100 2009 1155 Romanorum

446 1195 704 1248 terminos
740 1194 1056 1248 irruerunt?
1085 1193 1272 1247 Tertio
1307 1207 1453 1254 vero,
1478 1190 1732 1260 migravit
1758 1189 1886 1242 olim
1920 1203 2010 1256 po-

443 1286 598 1352 pulus
624 1284 884 1341 Judaicus
909 1286 959 1337 in
987 1283 1303 1355 AEgypnun,
1330 1297 1504 1350 neque
1537 1292 1716 1336 tamen
1745 1295 1774 1333 a
1821 1279 2012 1348 patriis

443 1371 649 1438 legibus
695 1374 950 1427 recessit:
1000 1389 1062 1426 ex
1107 1371 1344 1442 [Egypto
1372 1371 1567 1426 deinde
1624 1371 1766 1424 idem
1812 1371 2010 1424 iterum

440 1463 778 1528 dentigrans,
825 1463 1170 1517 Palaestinam
1229 1470 1284 1516 et
1343 1461 1600 1516 Arabiam
1651 1460 2008 1526 inbabitavit,

441 1551 736 1605 idololatria
780 1552 928 1618 prius
959 1551 1096 1604 bello
1123 1549 1330 1618 pulsis;
1365 1564 1466 1604 nec
1521 1564 1551 1603 a
1601 1548 1834 1603 Mosaica
1889 1551 2011 1604 ideo

439 1641 553 1709 lege
585 1642 831 1707 descivit,
887 1653 944 1695 ut
995 1657 1168 1712 neque
1210 1651 1354 1706 tunc,
1400 1656 1522 1695 cum
1554 1640 1606 1693 in
1641 1641 2007 1710 captivitatem

438 1732 762 1804 Babylonem
799 1734 1064 1789 deductus
1094 1743 1195 1798 est,
1234 1734 1326 1788 sed
1360 1747 1460 1787 nec
1496 1741 1680 1800 postea
1709 1705 1809 1801 per
1837 1743 2005 1786 totam
2037 1705 2083 1766 Β

439 1836 638 1879 terram
698 1825 970 1894 dispersus
1038 1825 1238 1892 patrias
1290 1824 1434 1894 leges
1490 1823 1749 1878 deseruit.
1801 1823 2008 1878 Nullius

439 1917 585 1970 enim
619 1926 774 1970 extra
806 1918 1086 1971 zodiacum
1127 1917 1311 1985 posita:
1345 1916 1512 1971 stellas
1537 1929 1710 1980 ortus,
1747 1932 1810 1971 ac
1836 1931 2010 1986 neque

445 2008 658 2076 genesis
688 2007 824 2076 ipsa,
853 2009 1284 2061 circumcisionis
1312 2007 1431 2062 illos
1477 2015 1570 2060 aut
1604 2007 1814 2061 sabbati
1866 2022 2006 2075 ιιι-ω-

437 2106 651 2164 ceptum
687 2099 897 2153 solvere
923 2100 1117 2168 coegit.
1135 2099 1274 2164 Quin
1300 2109 1352 2153 et
1372 2109 1616 2154 nostrum
1643 2114 1836 2168 genus,
1859 2098 2010 2155 Chri-

435 2189 733 2241 stianorum
755 2189 994 2258 inquam,
1019 2191 1432 2260 quadringentis
1454 2191 1651 2245 abhinc
1674 2191 1831 2245 annis
1853 2206 2012 2246 exor-

436 2285 570 2343 tuin,
618 2280 799 2334 subito
846 2281 1052 2349 orbem,
1083 2299 1188 2350 qua
1240 2291 1406 2350 patet,
1455 2285 1773 2352 occupavit,
1810 2297 1844 2338 ιι
1895 2286 2008 2338 suis

434 2381 595 2438 gente
623 2372 862 2440 qualibet
892 2373 1084 2429 ritibus
1118 2373 1370 2438 abducta,
1399 2382 1562 2442 atque
1602 2377 1668 2428 ad
1709 2376 2006 2430 ducendam

435 2478 497 2515 ex
520 2466 736 2530 pietatis
767 2467 1080 2536 praescripto
1110 2466 1276 2520 vitam
1308 2465 1497 2520 tralata
1525 2483 1539 2520 :
1570 2481 1674 2520 non
1704 2467 1760 2537 id,
1777 2469 2006 2534 patriam

437 2555 712 2624 mutando,
750 2558 842 2612 sed
889 2560 941 2612 in
991 2562 1202 2622 eadem,
1256 2569 1313 2612 ut
1364 2557 1631 2625 solebant,
1669 2561 2005 2629 habitando;

435 2658 597 2716 atque
629 2650 700 2702 ita
729 2660 941 2704 vetusta
966 2650 1052 2704 illa
1088 2651 1366 2705 stellarum
1391 2651 1584 2704 barum
1616 2653 2007 2720 apotelesmata

436 2740 704 2794 imbecilla
746 2754 800 2798 et
837 2741 947 2796 risu
976 2743 1134 2810 digna
1168 2743 1540 2812 relinquendo.
1581 2742 1768 2811 Itaque
1798 2747 1864 2799 ab
1909 2746 2009 2798 bo-

437 2833 670 2887 minibus
708 2834 940 2888 indoctis
986 2835 1194 2902 prolata
1225 2835 1496 2902 doctrina,
1527 2837 1641 2890 lucc
1681 2838 1796 2907 ipsa
1828 2838 2008 2891 mani-

436 2923 573 2979 fuste
618 2927 836 2994 evertit,
889 2926 1086 2995 quibus
1132 2928 1442 2996 pudibunda
1499 2931 1726 2986 cedebat
1775 2933 2010 2990 imbellis

2115 479 2224 515 των
2277 460 2434 523 ἰδίαις
2481 457 2784 528 ἐνεργείαις
2807 455 2878 508 τὰ
2906 455 3113 523 ταύτης
3137 449 3482 508 ἀνακόπτων.
3511 448 3572 512 ὲξ
3618 443 3702 502 ὧν

2114 569 2301 623 φασιν,
2333 551 2700 606 ἐπιδείκνυται
2722 548 3158 617 ἀποτελέσματα.
3186 541 3382 598 Καίτοι
3410 540 3531 594 οὐδὲ
3556 541 3704 594 πάν-

2113 662 2205 707 τες
2233 645 2293 698 τὸ
2323 644 2455 699 αὐτὸ
2478 645 2580 714 τῆς
2612 647 2720 714 γῆς
2764 642 2951 712 ἔχουσι
2995 638 3212 709 μέτρον,
3243 629 3354 689 οἷον
3401 636 3434 705 ή
3465 634 3703 704 Περσῶν

2114 737 2208 790 καὶ
2243 736 2466 807 Ἰϐήρων
2503 737 2666 807 μοῖρα
2698 733 2732 804 ἢ
2779 735 2813 804 ἡ
2857 729 3052 796 Λαζῶν
3081 728 3178 782 καὶ
3208 727 3494 797 Ῥωμαίων
3521 726 3554 794 ἢ
3584 728 3703 778 τῶν

2112 829 2307 884 ἄλλων.
2344 827 2470 892 Πῶς
2515 823 2608 882 οὖν
2656 826 2776 880 τόδε
2805 825 2866 878 τὸ
2882 824 2925 856 ³⁸
2955 824 3109 886 ἔθνος
3152 820 3348 892 πρδς⁵¹
3376 819 3495 872 τόδε
3542 819 3702 871 ἀντι-

2112 925 2392 994 κειμένοις
2438 924 2534 977 καὶ
2581 921 2679 993 βίῳ
2721 921 2816 975 καὶ
2845 921 3030 990 νόμοις
3061 919 3156 972 καὶ
3186 915 3343 987 ἧθεσι
3367 915 3650 968 διοικεῖται
3684 929 3702 978 ;

2113 1015 2376 1084 Δεύτερον
2405 1015 2463 1068 δὲ
2489 1013 2608 1078 πῶς
2629 1013 2699 1067 τά
2723 1012 2950 1065 πλεῖστα
2975 1009 3084 1062 τῶν
3110 1006 3280 1061 ἐθνῶν
3319 1007 3376 1059 ὲν
3402 1007 3516 1068 τοῖς
3559 1003 3704 1065 ἰδίας

2111 1107 2217 1176 γῆς
2241 1107 2390 1176 ὅροις
2436 1106 2694 1176 ἱδρυμένα
2721 1106 2801 1167 εἰς
2831 1103 2900 1156 τὰ
2931 1102 3043 1155 τῶν
3074 1097 3362 1169 Ῥωμαίων
3399 1094 3707 1167 μετέϐαλεν

2111 1197 2217 1268 ἢθη
2244 1213 2260 1262 ;
2288 1195 2414 1268 [692
2449 1196 2542 1268 R.]
2585 1195 2745 1249 Ἀλλὰ
2794 1192 2892 1249 καὶ
2937 1191 3143 1264 τρίτον,
3196 1186 3480 1258 μετῴκησε
3496 1185 3542 1216 ³³
3596 1185 3706 1252 μὲν

2110 1286 2174 1340 τὸ
2194 1287 2242 1319 ⁵⁵
2283 1286 2554 1341 Ἰουδαίων
2582 1285 2734 1351 ἔθνος
2759 1286 2840 1348 είς
2861 1282 3135 1350 Αἴγυπτον
3155 1319 3171 1342 ,
3203 1278 3312 1331 τῶν
3343 1277 3402 1330 δὲ
3427 1273 3704 1344 πατρῴων

2111 1378 2292 1448 νόμων
2315 1378 2376 1431 οὐ
2407 1377 2733 1448 μετανέστη.
2764 1374 3043 1442 Αἰγύπτου
3062 1370 3122 1424 δὲ
3151 1368 3314 1423 πάλιν
3343 1364 3703 1422 ἀπαναστάν-

2109 1485 2202 1532 τες
2255 1465 2618 1536 Παλαιστίνην
2667 1465 2766 1536 μὲν
2799 1463 2894 1517 καὶ
2923 1459 3184 1533 Ἀραϐίαν
3229 1454 3532 1517 ὲποικοῦσι,
3566 1452 3704 1514 τοὺς

2111 1561 2242 1629 πρὶν
2304 1558 2586 1621 οἰκοῦντας
2635 1554 3029 1623 είδωλολάτρας
3073 1551 3332 1621 πολέμοις
3366 1549 3646 1618 ὠσάμεωι
3677 1561 3699 1577 ο

2110 1650 2338 1706 καὶτῶν
2371 1648 2680 1705 Μωσαῖκῶν
2731 1647 2793 1701 οὐ
2842 1644 3276 1716 παρετράπησαν
3312 1634 3708 1710 νόμων.’Δλλ’

2110 1743 2221 1797 οὐδ’
2244 1744 2332 1796 ὅτε
2355 1741 2491 1813 πρὸς
2511 1739 2810 1793 Βαϐυλῶνα
2835 1736 3162 1807 δοριάλωτον
3180 1734 3243 1786 τὸ
3269 1732 3420 1795 ἔθνος
3443 1729 3703 1800 ἀπήχθη,

2111 1831 2208 1886 καὶ
2261 1830 2402 1902 μετὰ
2446 1829 2671 1900 χρόνους
2715 1828 2796 1891 εἰς
2842 1827 3024 1880 πᾶσαν
3053 1823 3151 1893 τὴν
3181 1824 3286 1892 γῆν
3314 1817 3702 1886 διεσκεδάσθη,

2117 1920 2258 1995 [καὶ]
2281 1922 2390 1976 τῶν
2423 1918 2695 1990 πατρῴων
2723 1919 2823 1972 οὐκ
2849 1915 3198 1983 ἀπεστάτησε
3229 1913 3430 1982 νόμων,
3451 1910 3544 1964 καὶ
3565 1908 3704 1962 οὔτε

2107 2031 2192 2077 τις
2219 2013 2330 2066 τῶν
2371 2009 2888 2082 παρανατελλόντων
2936 2005 3058 2060 οὔτε
3094 2008 3127 2076 ἡ
3159 2005 3371 2073 γένεσις
3413 2002 3706 2070 κατηνάγ-

2108 2121 2276 2161 κασεν
2321 2104 2518 2166 αὐτοὺς
2569 2102 2602 2174 ἢ
2653 2103 2752 2170 τῆς
2799 2099 3103 2170 περιτομῆς
3135 2098 3168 2167 ἢ
3199 2095 3295 2150 τοῦ
3329 2094 3602 2149 σαϐϐάτου
3632 2093 3709 2146 τὸ

2108 2194 2478 2264 παράγγελμα
2509 2193 2689 2246 λῦσαι.
2719 2191 2791 2244 Τὸ
2819 2190 2877 2242 δέ
2901 2205 2966 2256 γε
2992 2189 3262 2258 ἡμέτερον
3290 2187 3474 2254 γένος,
3501 2184 3560 2237 τὸ
3580 2183 3711 2236 τῶν

2107 2287 2454 2359 Χριστιανῶν
2501 2285 2664 2352 λέγω,
2697 2282 2806 2352 πρὸ
2849 2280 3221 2352 τετρακοσίων
3273 2278 3373 2346 μὲν
3408 2275 3541 2331 ἑτῶν
3591 2276 3709 2346 τὴν

2107 2379 2282 2450 ἀρχὴν
2309 2378 2490 2448 ἔσχεν,
2517 2375 2584 2428 ἀθ
2594 2375 2714 2444 ρὸον
2736 2373 2792 2426 δὲ
2822 2374 3002 2426 πᾶσαν
3029 2371 3188 2424 ἔλαϐε
3217 2368 3318 2440 τὴν
3339 2367 3699 2439 οἰκουμένην,

2107 2471 2204 2525 καὶ
2231 2472 2337 2524 τῶν
2373 2471 2471 2540 μὲν
2496 2468 2714 2522 οἰκείων
2749 2465 2888 2519 ἐθῶν
2920 2464 3154 2518 ἕκαστον
3180 2461 3489 2529 ἀπέστησεν
3513 2459 3705 2524 ἔθνος,

2107 2565 2188 2628 εἰς
2231 2562 2290 2616 δὲ
2329 2561 2424 2614 τὸν
2447 2561 2549 2632 τῆς
2574 2555 2860 2617 εὐσεϐείας
2894 2551 3297 2625 μετερῤύθμισε
3326 2550 3458 2621 βίον,
3494 2551 3554 2604 οὐ
3590 2548 3705 2619 τῆς

2105 2655 2364 2724 πατρίδος
2415 2649 2844 2723 μεθισταμένους
2865 2647 2938 2713 ⁸⁸,
2969 2645 3105 2698 ἀλλὰ
3130 2645 3232 2714 τὴν
3279 2643 3448 2713 αὐτὴν
3493 2641 3570 2703 ὼς
3596 2641 3705 2694 καὶ

2109 2749 2374 2820 πρότερον
2408 2744 2712 2807 οἰκοῦντας,
2747 2740 2844 2793 καὶ
2875 2740 2944 2792 τά
2960 2739 3006 2770 ⁸⁸
3038 2738 3147 2790 τῶν
3179 2732 3708 2805 παρανατελλόντων

2108 2842 2524 2910 ἀποτελέσματα
2554 2833 2888 2906 πολυχρόνια
2920 2832 3099 2903 σαθρὰ
3147 2831 3243 2885 καί⁹
3267 2829 3528 2898 γελᾶσθαι
3560 2844 3708 2880 κατ-

2109 2932 2294 2986 έλιπεν
2324 2929 2480 2994 ἄξια·
2511 2927 2606 2980 καί⁵
2649 2926 2786 2998 πρὸς
2812 2923 2848 2979 ἃ
2880 2925 2915 2994 ἡ
2941 2923 3155 2991 γένεσις
3192 2921 3346 2992 ἰσχὺν
3371 2920 3472 2973 οὐκ
3495 2918 3708 2988 ἔχουσα.

435 3018 667 3085 genesis.
707 3019 916 3072 Etenim
948 3020 1128 3088 paruit
1156 3023 1374 3090 quidem
1406 3023 1534 3078 olim
1571 3024 1810 3096 Assyriis
1865 3030 1999 3082 sub-

2113 3024 2420 3085 κατεδύετο,
2450 3019 2624 3074 ταῦτα
2677 3015 2996 3089 περιφανῶς
3044 3015 3108 3068 τὸ
3154 3014 3264 3066 τῶν
3313 3011 3707 3083 ἀγραμμάτων

440 3118 598 3161 actus
623 3108 816 3180 orbis,
839 3109 966 3164 hinc
1017 3108 1254 3181 Babylon
1285 3113 1589 3180 imperavit.
1621 3116 1816 3171 deinde
1868 3118 2004 3176 Medi

437 3198 719 3266 imperium
747 3213 1098 3268 exceperunt,
1129 3211 1184 3257 et
1209 3213 1329 3271 post
1359 3204 1477 3259 illos
1511 3206 1712 3271 Persae,
1749 3209 1922 3265 donec
1955 3212 2005 3266 id

439 3293 656 3346 tandem
706 3293 772 3345 ad
831 3291 1151 3348 Macedonas
1201 3297 1458 3352 transiit:
1503 3308 1738 3354 attamen
1782 3317 2008 3372 quaeque

435 3399 567 3456 gens
607 3399 732 3440 suos
760 3385 1029 3440 retinebat
1062 3402 1262 3453 mores,
1297 3397 1351 3443 et
1391 3404 1419 3442 a
1453 3391 1567 3446 suis
1597 3395 1885 3461 regebatur
1919 3410 2009 3452 re-

437 3483 615 3551 gibus,
664 3497 728 3537 ac
765 3483 953 3538 saltem
996 3500 1337 3540 communem
1384 3484 1569 3551 illum,
1619 3489 1711 3558 qui
1759 3491 2014 3550 omnibus

439 3573 760 3642 imperabat,
787 3578 1114 3646 agnoscebat
1146 3578 1452 3633 Dominum.
1479 3580 1632 3636 Nunc
1656 3595 1806 3647 vero,
1826 3599 2011 3653 quem-

439 3665 726 3721 admodum
777 3685 879 3722 una
922 3670 1180 3724 duntaxat
1218 3680 1302 3726 est
1347 3673 1556 3742 religio,
1589 3676 1668 3730 sic
1703 3685 1755 3731 et
1798 3679 2005 3747 regium

439 3759 724 3825 imperium
776 3776 914 3814 unus
976 3770 1122 3815 tcnct
1150 3803 1166 3828 ,
1214 3765 1578 3835 trecentisque
1624 3770 1878 3835 gentibus
1923 3781 2016 3824 aut

441 3851 692 3918 amplius,
716 3852 928 3906 nonnisi
965 3868 1072 3905 una
1131 3853 1367 3923 legitima
1396 3857 1606 3924 imperii
1643 3860 2010 3915 Romanorum

445 3940 698 4004 inajestas
750 3950 965 4007 praeest,
1011 3941 1206 4012 2180
1247 3947 1698 4012 quemadmodum
1736 3958 1789 4002 ct
1825 3950 2013 4018 religio

443 4031 655 4087 nonnisi
688 4047 792 4085 una
852 4041 954 4086 est.
992 4032 1176 4103 Neque
1226 4045 1402 4090 tamen
1452 4037 1683 4106 aliquem
1735 4038 1840 4094 hoc
1879 4051 2014 4096 tem-

442 4140 574 4194 pore
610 4125 755 4194 cogit
799 4125 1017 4195 genesis
1062 4127 1144 4180 vel
1201 4127 1340 4180 idola
1374 4130 1570 4194 colere,
1616 4140 1708 4184 attt
1750 4134 2014 4188 matribus

444 4215 683 4277 misceri,
706 4225 796 4268 aut
819 4214 920 4268 alia
949 4216 1194 4284 quaedam
1227 4225 1466 4284 patrare,
1491 4218 1687 4287 quibus
1714 4223 2015 4277 metuendae

442 4319 631 4376 gentes
662 4295 768 4360 illa:
795 4320 899 4360 non
940 4306 1081 4360 inter
1105 4320 1164 4360 se
1195 4309 1569 4362 tantummodo
1603 4309 2011 4379 discrepabant,

2111 3117 2377 3174 κατέλυσε
2407 3108 3028 3184 κήρυγμα.Ἐδούλευσε
3064 3105 3164 3178 μὲν
3204 3101 3298 3159 οὖν
3331 3102 3639 3173 Ἀσσυρίοις
3673 3104 3712 3154 ὁ

2113 3208 2317 3274 κόσμος
2343 3203 2535 3266 πάλαι,
2571 3197 2693 3253 εἶτα
2722 3195 2981 3252 Βαϐυλὼν
3011 3195 3256 3264 ἐκράτει,
3285 3195 3378 3248 καὶ
3400 3192 3575 3261 Μῆδοι
3599 3191 3713 3258 τὴν

2113 3300 2291 3370 ἀρχὴν
2323 3292 2632 3359 ἐξεδέξαντο
2647 3291 2718 3354 ³⁷,
2767 3291 2862 3344 καὶ
2901 3289 3019 3360 μετ’
3050 3286 3296 3349 ἐκείνους
3345 3284 3575 3352 Πέρσαι,
3604 3283 3712 3335 καὶ

2116 3390 2254 3461 πρὸς
2269 3388 2315 3420 ⁸⁸
2344 3385 2661 3446 Μακεδόνας
2696 3381 2922 3451 ὕστερον
2971 3380 3033 3432 τὺ
3074 3378 3276 3448 κράτος
3317 3374 3436 3428 ὅλον
3463 3371 3711 3442 μετέϐα-

2117 3481 2228 3534 λεν.
2271 3477 2414 3532 Ἀλλ’
2447 3475 2679 3529 ἕκαστον
2731 3472 2882 3534 ἔθνος
2938 3473 3051 3534 τοῖς
3102 3467 3324 3531 οἰκείοις
3375 3464 3632 3534 ἐνέμενεν
3654 3464 3715 3495 ⁸⁸

2118 3572 2284 3637 ἔθεσι,
2311 3569 2406 3623 καὶ
2434 3565 2745 3640 βασιλεῦσιν
2777 3563 2929 3626 ἰδίοις
2958 3559 3355 3621 ἐπολιτεύοντο,
3384 3559 3431 3610 εί
3451 3558 3543 3610 καὶ
3568 3553 3712 3627 [μὴ]

2117 3665 2208 3718 τὸν
2230 3663 2448 3716 πάντων
2467 3655 2775 3730 κρατοῦντα
2806 3654 2983 3708 κοινὸν
3006 3651 3286 3720 Δεσπότην
3309 3647 3684 3716 ἐπεγίνωσκον
3699 3685 3713 3697 .

2119 3757 2255 3810 Νυνὶ
2285 3755 2341 3807 δὲ
2371 3752 2562 3821 ὥσπερ
2588 3752 2622 3819 ἡ
2654 3747 2916 3802 εὐσέϐεια
2962 3746 3081 3816 μία,
3108 3743 3252 3796 οὕτω
3281 3743 3376 3796 καὶ
3405 3741 3434 3792 ὁ
3455 3737 3517 3793 τὸ
3544 3737 3718 3807 βασες

2119 3848 2261 3900 λειον
2302 3845 2504 3916 κράτος
2552 3842 2690 3912 ἔχων
2745 3833 2846 3902 εἷς,
2881 3838 2978 3890 καὶ
3006 3834 3335 3907 τριακοσίων
3381 3831 3548 3886 ἐθνῶν
3596 3831 3632 3899 ἦ
3658 3831 3716 3861 ⁸ο

2120 3939 2216 3992 καὶ
2243 3937 2504 3990 πλειόνων
2554 3934 2654 4003 μία
2697 3949 2783 3993 τις
2837 3930 3056 3999 ἔννομος
3096 3929 3130 3998 ἡ
3167 3926 3474 3995 Ῥωμαίων,
3509 3922 3718 3992 ὥσπερ

2119 4033 2215 4104 il“
2246 4029 2533 4093 εὐσέϐεια,
2563 4026 2793 4095 ὲπάρχει
2827 4023 2970 4093 ἀρχή
2991 4037 3003 4050 ⁸
3043 4021 3138 4073 καὶ
3165 4019 3356 4072 οὐδένα
3387 4015 3632 4087 βιάζεται
3670 4018 3715 4086 ἠ

2119 4123 2334 4192 γένεσις
2377 4118 2472 4173 νῦν
2528 4115 2654 4170 οὔτε
2699 4112 3106 4182 εἰδωλολατρείν
3153 4109 3276 4163 οὐτε
3326 4110 3717 4179 μητρογαμείν

2120 4213 2242 4266 οὐδὲ
2273 4210 2341 4264 τὰ
2371 4209 2526 4268 ἀλλα,
2559 4209 2702 4268 ὅσοις
2726 4204 2796 4257 τά
2821 4203 3056 4274 διάφορα
3068 4203 3112 4234 ⁶¹
3148 4201 3258 4257 τῶν
3299 4199 3468 4252 ἐθνῶν
3489 4199 3592 4251 οὐκ
3617 4198 3721 4262 ἐξ-

2121 4305 2350 4376 ήλλαττε
2380 4302 2538 4372 μόνον
2568 4298 2836 4368 ἀλλήλων,
2861 4296 2997 4349 ἀλλὰ
3020 4295 3112 4348 καὶ
3139 4293 3277 4365 πρὸς
3296 4293 3342 4324 ⁵³
3369 4292 3438 4344 τὰ
3460 4290 3588 4363 [539
3606 4289 3716 4363 IL]

443 4401 535 4452 sed
565 4399 728 4452 etiam
763 4398 830 4452 ab
865 4398 1128 4465 oppositis
1166 4395 1266 4451 sibi
1293 4398 1522 4452 invicem
1555 4401 1865 4456 nationibus
1901 4401 2012 4454 dis-

2117 4395 2470 4464 ἀντικείμενα
2495 4391 2878 4460 κατετέμνετο.
2893 4387 3100 4440 Ἐκεῖνο
3119 4386 3176 4439 δὲ
3207 4387 3337 4455 ἡμῖν
3367 4385 3714 4452 λεγέτωσαν,

445 4492 851 4553 tiugncbantur.
888 4489 1020 4542 Illud
1053 4502 1184 4558 ergo
1215 4489 1372 4544 nobis
1416 4489 1710 4560 explicent,
1743 4495 2014 4561 quomodo

442 4581 720 4647 religionis
749 4589 914 4648 atque
943 4579 1316 4634 doctrinarum
1352 4581 1705 4636 mutationem
1731 4584 1900 4637 fatum
1934 4586 2016 4639 ln-

445 4674 626 4736 ducat,
689 4687 863 4742 neque
911 4680 1089 4725 tamen
1145 4681 1338 4726 caetera
1396 4673 1640 4726 mutandi
1690 4674 1797 4726 vim
1852 4675 2014 4729 ullam

444 4763 678 4818 habeat?
705 4761 987 4816 Neminem
1025 4761 1166 4816 enim
1207 4778 1445 4830 unquam
1470 4773 1563 4816 aut
1596 4764 1896 4830 suadendo,
1922 4774 2018 4819 aut

447 4858 498 4910 vi
527 4858 766 4924 cogendo
787 4869 852 4909 eo
879 4854 1168 4908 adduxisse
1191 4854 1422 4918 videtur,
1455 4865 1512 4907 ut
1535 4869 1656 4908 eum
1685 4855 2013 4924 ignominiae,

444 4949 797 5020 paupertatis,
850 4945 1257 5009 invaletudinis,
1303 4946 1605 5010 servitutis,
1643 4947 1876 5016 injuriae,
1923 4956 2016 5001 aut

442 5039 670 5108 alicujus
712 5053 780 5093 ex
811 5037 1037 5093 inﬁnitis
1089 5035 1211 5091 aliis
1247 5037 1437 5090 horum
1484 5038 1752 5092 similibus
1799 5039 2017 5093 deside-

443 5135 586 5188 rium
610 5142 850 5202 caperet.
885 5129 992 5183 Sed
1027 5128 1481 5198 quemadmodum
1540 5132 1738 5198 ubique
1780 5131 1890 5184 visa
1931 5139 2018 5185 est

443 5232 636 5280 natura
684 5221 957 5292 potentior
1003 5235 1162 5288 quam
1210 5219 1402 5274 fatales
1434 5221 1768 5287 ell'ectiones,
1836 5222 1915 5276 sic
1962 5232 2018 5277 et

447 5313 610 5374 ratio,
635 5311 868 5380 propria:
897 5309 1166 5363 libertatis
1189 5309 1450 5380 dignitate
1471 5321 1713 5373 servata,
1731 5311 2019 5366 manifeste

2112 4489 2252 4553 πῶς,
2281 4486 2472 4555 ὥσπερ
2516 4483 2613 4553 ἠδ’⁵
2656 4479 2966 4553 εἱμαρμένη
3021 4477 3323 4549 μεταϐολὰς
3374 4479 3517 4529 ποιεῖ
3567 4475 3719 4545 θρη-

2115 4581 2307 4642 σκείας
2338 4578 2432 4631 καὶ
2465 4576 2776 4645 δογμάτων,
2809 4571 2932 4642 οὐχὶ
2983 4571 3079 4624 καὶ
3107 4571 3177 4624 τὰ
3206 4570 3341 4623 ἀλλα
3371 4569 3525 4638 ἰσχὺν
3552 4567 3719 4621 οὐδε-

2117 4673 2246 4746 μίαν
2295 4669 2616 4741 μεταϐαλεῐν
2656 4667 2846 4736 ἔσχενς
2878 4665 3070 4718 οὐδένα
3121 4664 3229 4733 γὰρ
3263 4662 3433 4731 ἐφάνη
3469 4660 3721 4713 πείσασα.

2113 4763 2234 4817 οὐδὲ
2269 4760 2572 4831 βιασαμένη
2618 4756 2834 4819 ἀδοξίας
2880 4755 2913 4823 ἢ
2959 4753 3235 4824 πτωχείας
3262 4752 3295 4822 ἢ
3327 4751 3642 4821 ἀρῥωστίας
3673 4753 3714 4821 ἢ

2121 4855 2366 4914 δουλείας
2393 4853 2428 4921 ἢ
2458 4849 2731 4911 κολάσεως
2776 4848 2809 4916 ἢ
2858 4846 3072 4918 ὓϐρεως
3116 4844 3237 4897 οὐδὲ
3289 4843 3498 4913 μυρίων
3530 4840 3718 4894 ἄλλων

2121 4947 2378 5002 τοιούτων
2408 4945 2570 4997 πόθον
2597 4941 2784 4994 λαϐεῖν
2800 4957 2814 4972 ·
2844 4939 2961 4994 ἀλλ’
2986 4939 3175 5007 ὥσπερ
3199 4939 3233 5007 ἡ
3258 4935 3419 5004 φύσις
3443 4935 3719 5003 κρείττων
3791 4967 3798 4974 υ

2123 5040 2281 5108 ὤφθη
2329 5034 2607 5106 πανταχοῦ
2639 5032 2748 5086 τῶν
2776 5034 2876 5102 τῆς
2907 5033 3175 5099 γενέσεως
3223 5026 3714 5096 ἀποτελεσμάτων,

2122 5129 2264 5184 οὕτω
2298 5129 2392 5182 καὶ
2425 5129 2454 5180 ὁ
2477 5123 2737 5194 λογισμὸς
2760 5123 2820 5175 τὸ
2849 5124 3046 5175 οἰκεῖον
3074 5121 3174 5188 τῆς
3204 5118 3518 5185 ἐλευθερίας
3541 5115 3716 5179 ἀξίω-

2127 5241 2203 5293 μα
2231 5219 2532 5283 διασώζων,
2571 5218 2629 5268 ὲν
2655 5212 2737 5278 οἷς
2773 5213 3114 5282 αὐθαιρέτως
3149 5213 3398 5282 πράττει,
3425 5210 3535 5263 τῶν
3561 5209 3715 5261 ἐκεῖ-

2127 5312 2220 5365 θεν
2242 5311 2520 5365 δείκνυται
2544 5302 2980 5368 κατεξουσιάζων
3009 5302 3211 5374 λήρων.

446 5410 580 5464 satis
613 5410 668 5463 in
710 5409 798 5474 iis,
829 5419 948 5475 quae
979 5405 1283 5461 voluntarie
1311 5415 1604 5476 .operatur,
1647 5422 1820 5475 nugas
1856 5407 1986 5460 istas
2028 5405 2248 5461 vincere
2275 5408 2702 5459 demonstratur.

1733 5561 1970 5617 VARIAE
2007 5561 2418 5619 LECTIONES.

521 5661 568 5692 ⁸⁸
599 5661 723 5714 τδΑ
755 5677 767 5714 :
799 5675 859 5711 τε
881 5676 944 5721 ς.
1017 5658 1062 5691 ⁸⁸
1092 5653 1252 5723 πρὸς]
1273 5654 1441 5724 ὠςλΑ.
1521 5653 1568 5685 ⁵⁸
1594 5651 1731 5724 libri
1775 5653 2066 5724 μετ-ᾤκισε.

454 5729 521 5782 Α.
595 5731 638 5764 ³⁷
668 5729 967 5792 διεδέξαντο
993 5745 1052 5790 ς’.
1131 5727 1178 5757 ⁵⁸
1212 5722 1368 5794 πρὸςι
1394 5723 1477 5794 ὼς
1501 5725 1564 5775 Α.

457 5798 595 5869 ϐερά
615 5815 677 5863 ς.
755 5800 796 5832 ⁸³
820 5796 976 5870 πρὸς]
1009 5796 1081 5861 ὡς
1110 5799 1174 5850 Λ.
1250 5793 1293 5826 ⁸³
1329 5793 1364 5862 ἡ
1420 5793 1542 5850 add.
1572 5795 1640 5850 Δ.

2151 5656 2198 5686 ⁵⁸
2224 5654 2284 5706 τὸ
2312 5656 2356 5706 Λ
2393 5669 2405 5702 :
2449 5653 2555 5704 τῶν
2589 5669 2628 5714 ς
2729 5651 2776 5682 ⁸⁸
2814 5645 3323 5719 μεθισταμένης
3393 5641 3440 5673 ⁵⁸
3473 5641 3544 5719 τά
3576 5639 3698 5694 add.

1642 5724 1686 5753 θ’
1709 5713 1904 5792 ἕμένεκί
1934 5742 1992 5788 ς.
2071 5726 2116 5758 ⁶⁰
2140 5727 2172 5796 ή
2195 5726 2235 5778 Δ
2265 5741 2277 5778 :
2309 5723 2415 5777 τῶν
2447 5740 2504 5786 ς.
2585 5713 2624 5754 δ’
2655 5723 2687 5791 ἡ
2724 5724 2765 5774 Δ
2797 5713 2824 5774 ξ’
2845 5719 2938 5773 καὶ
2967 5717 3000 5787 ἡ
3027 5713 3086 5780 cf.
3167 5716 3213 5748 θ’
3244 5713 3480 5784 διάφορα
3501 5715 3586 5768 Αἰ
3609 5725 3708 5779 φο·
