3972 6248
264 340 371 401 8ῧῆ

1327 333 1852 406 BIBLIOTHECA,
1874 357 1943 367 --
1968 333 2131 395 COD.
2166 334 2480 397 CCXXIII.

3406 344 3509 406 866

325 449 486 506 Ἀλλά
518 449 626 523 γὰρ
661 450 711 503 εἱ
731 449 777 482 ³⁸
810 449 873 503 τὸ
899 448 1142 503 εὐσεὸεῖν
1186 446 1281 501 κοιλ⁴
1308 447 1593 501 δυσσεὸεἶν
1620 445 1729 499 ἀπὸ
1754 463 1839 515 γε·

2013 442 2398 501 Verumtamen
2431 446 2475 501 si
2503 445 2591 517 pie
2622 454 2715 502 aut
2741 447 2904 519 impie
2937 464 3098 521 agere
3118 465 3148 506 a
3171 452 3355 523 genesi
3386 467 3514 523 pro-

250 545 475 608 νέσεως,
501 543 809 612 λεγέτωσαν
856 543 989 612 ἡμῖν
1032 543 1117 606 τίς
1164 541 1375 609 γένεσις
1411 543 1649 596 Στωϊκὸν
1672 544 1836 609 ποιεῖ,

250 637 338 700 τίς
369 636 427 689 δὲ
464 633 856 706 Ἐπικούρειον,
888 633 1328 705 Περιπατητικὸν
1367 634 1425 687 δὲ
1468 635 1597 688 ποία
1627 635 1661 707 ἦ
1690 634 1838 689 Πλα-

252 728 521 792 τωνικόν;
557 727 653 790 Τίς
679 725 967 797 λατρεύειν
1006 723 1316 796 Διόνυσονῆ
1346 726 1643 797 Δήμητραν
1672 727 1705 798 ἢ
1736 728 1837 780 Σε-

252 817 424 888 λήνην
472 816 756 888 ἢ”Ηλιον,
808 816 842 887 ἢ
886 816 977 869 τὸν
1026 815 1327 885 Αἰγύπτιον
1377 818 1686 871 συνελαύνει
1738 819 1837 872 λα-

254 910 472 980 τρεύειν
500 908 561 962 τὸ
594 908 866 980 πρόϐατον
894 909 927 980 ἢ
955 908 1045 962 τὸν
1071 910 1208 962 κύνα
1237 908 1270 980 ἢ
1305 908 1395 962 τὸν
1423 908 1704 981 αἴλουρον;
1742 910 1839 974 Τίς

255 1003 315 1055 δὲ
335 1004 632 1073 Μανιχαῖον
658 1001 933 1066 ἀποτελεῖ,
953 1001 1037 1065 τίς
1059 1001 1445 1065 Ούαλεντίνους
1466 1001 1544 1065 ⁶⁸ς
1572 1001 1633 1055 Εἰ
1662 1002 1717 1055 δὲ
1740 1002 1837 1061 οὐκ

255 1093 328 1147 ἂν
358 1096 515 1162 φαῖεν
545 1093 655 1147 οὐδ’
682 1094 749 1147 ἂν
801 1093 964 1146 πλέον
1014 1092 1383 1164 θρασυνθεῖεν,
1416 1094 1474 1148 ὲν
1518 1094 1653 1163 ⁴ἡμῖν
1706 1094 1836 1163 ἄρα,

254 1186 354 1237 καὶ
381 1186 440 1237 οὐ
469 1185 571 1254 τῆς
599 1185 867 1254 γενέσεως
893 1184 1075 1257 ἔργον,
1106 1185 1165 1239 τὸ
1189 1185 1412 1239 τοιῶσδε
1441 1184 1474 1257 ἢ
1499 1185 1721 1239 τοιῶσδε
1755 1186 1841 1239 σέ-

254 1281 395 1334 ϐειν.
428 1281 492 1333 El
516 1281 574 1333 δὲ
597 1280 775 1344 τοῦτο,
803 1282 897 1334 καὶ
929 1281 991 1334 τὸ
1026 1280 1205 1335 σέϐειν
1237 1279 1425 1344 ἁπλῶς
1454 1280 1549 1333 καὶ
1584 1282 1658 1351 μὴ
1678 1281 1723 1311 ⁸⁷
1751 1278 1824 1333 σέσ

256 1372 407 1424 ϐεινο
434 1374 499 1425 ἐκ
524 1372 633 1425 τῶν
666 1373 850 1443 μερῶν
879 1373 989 1444 γὰρ
1026 1374 1087 1427 τὸ
1110 1374 1233 1427 ὅλον
1266 1373 1604 1428 συνίσταται.
1632 1373 1757 1437 Πῶς
1783 1373 1841 1426 δὲ

255 1465 363 1519 οὐκ
389 1465 732 1533 ἀλογώτατον
762 1466 1000 1537 πονηρὸν
1021 1465 1274 1534 γενέσθαι
1299 1467 1405 1518 ἀπὸ
1432 1466 1721 1534 γενέσεως,
1748 1467 1836 1520 καὶ

260 1556 540 1622 μισεῖσθαι
586 1557 696 1610 ἀπὸ
741 1559 840 1628 τῆς
858 1556 903 1589 ⁸⁸
925 1557 1099 1629 αὐτῆς
1128 1557 1217 1611 διὰ
1254 1558 1353 1629 τὴν
1383 1558 1679 1628 πονηρίαν;
1711 1556 1841 1629 [695

256 1646 355 1718 IL]
385 1646 585 1717 ὁμοίως
630 1647 726 1702 καὶ
756 1647 961 1716 ἀγαθὸν
1002 1648 1257 1717 γενέσθαι
1309 1666 1370 1702 τε
1426 1650 1521 1702 καὶ
1565 1647 1841 1719 θαυμάζε-

257 1737 423 1801 σθαι;
460 1736 646 1809 μοιχὸν
670 1739 872 1809 ὁμοίως
901 1739 933 1811 ἢ
966 1740 1153 1809 φονέα,
1180 1741 1279 1794 καὶ
1306 1739 1439 1812 δρᾷν
1462 1741 1554 1794 ὑπ’
1578 1740 1745 1811 αὐτῆς
1770 1740 1841 1793 τὰ

254 1830 440 1883 ἄτοπα
469 1830 811 1902 βιαζόμενον,
862 1833 957 1885 καὶ
999 1832 1088 1887 διὰ
1126 1834 1286 1888 τοῦτο
1319 1834 1711 1904 κολαζόμενον;
1746 1850 1836 1887 νο-

258 1921 499 1990 μοθέτας
531 1922 809 1988 καθίζειν,
843 1924 1093 1989 κολάζειν
1117 1927 1246 1989 τοὺς
1277 1926 1713 1996 ἁμαρτάνοντας,
1745 1926 1841 1979 καὶ

255 2012 483 2083 ἑτέρους
510 2013 771 2066 συνωθεῖν
803 2016 897 2067 καὶ
924 2016 1156 2081 ἄκοντας
1177 2018 1314 2087 πρὸς
1332 2018 1375 2051 ⁸³
1401 2016 1469 2071 τά
1504 2018 1837 2089 ἁμάρτημα·-

254 2123 349 2171 τα,
379 2106 475 2159 καὶ
506 2107 645 2159 ὅσων
670 2106 847 2161 ἄλλων
873 2108 1131 2162 τοιούτων
1167 2109 1362 2179 μεστὸς
1398 2109 1426 2161 ὀ
1457 2109 1572 2179 βίος
1606 2112 1836 2180 (Spirat;

257 2198 445 2269 ’Λπερ
492 2199 540 2253 εἰ
576 2200 675 2270 μὲν
706 2200 943 2272 ἐφ’ἠμῖν
958 2202 1026 2264 ⁷⁰,
1074 2204 1342 2276 ἡμέτερον
1378 2202 1562 2255 καὶτὸ
1589 2202 1843 2273 ἔγκλημα

253 2290 372 2342 τῶν
412 2289 790 2361 ἐργαζομένων
810 2305 826 2320 ·
861 2292 910 2345 εί
950 2291 1009 2345 δὲ
1042 2292 1143 2362 τῆς
1170 2291 1437 2361 γενέσεως
1462 2293 1525 2346 τὸ
1552 2294 1774 2366 κράτος,
1807 2294 1842 2364 ἡ

258 2380 475 2450 μέμψις
523 2381 740 2451 ἐκείνης
785 2382 819 2453 ἢ
870 2381 965 2435 τοῦ
1019 2383 1220 2455 ταύτην
1270 2384 1653 2454 πεποιηκότος.
1685 2381 1844 2437 Οὕτω

256 2472 601 2543 πανταχόθεν
646 2473 707 2527 τὸ
749 2474 850 2543 τῆς
874 2473 1218 2546 εἱμαρμένης
1248 2477 1387 2546 μετά
1411 2476 1504 2530 τοῦ
1535 2476 1843 2530 ἀσυστάτου

254 2563 461 2627 ἀσεϐές
488 2581 547 2617 τε
582 2564 676 2619 καὶ
706 2564 1089 2636 παλίμφημον.
1107 2567 1267 2622 ’Δλλὰ
1298 2568 1406 2640 γὰρ
1436 2570 1496 2621 ὲν
1520 2568 1729 2632 τούτοις
1752 2570 1846 2622 καὶ

255 2657 373 2712 τῶν
402 2657 576 2726 λόγων
603 2658 633 2711 ό
663 2656 821 2721 ἕκτος
850 2657 1029 2712 καὶτὸ
1057 2656 1098 2710 ε’
1125 2660 1218 2712 καὶ
1249 2658 1302 2731 μ’
1324 2658 1646 2731 ἐπερατώθη
1674 2660 1846 2728 κεφά-
1873 2722 1883 2731 ,

254 2751 442 2804 λαιον.

330 3016 431 3072 Ἐν
474 3018 532 3073 δὲ
572 3016 651 3090 τῷ
683 3017 727 3084 ζ’
759 3018 906 3090 λόγῳ
937 3016 1176 3089 ἀπορίαν
1221 3019 1345 3074 τινὰ
1389 3019 1553 3090 δῆθεν
1593 3021 1700 3075 ὑπὸ
1736 3022 1847 3077 τῶν

257 3109 613 3182 ἀστρολόγων
647 3111 1034 3181 προαγομένην
1064 3110 1323 3175 διατιθεὶς
1341 3152 1357 3177 ,
1387 3112 1584 3180 ἐπάγει
1620 3115 1717 3169 καὶ
1745 3114 1845 3184 τὴν

257 3204 439 3257 λύσιν.
474 3203 707 3272 Λέγουσι
732 3204 867 3274 γὰρ.
894 3203 1081 3272 φησὶν,
1115 3204 1166 3256 εί
1200 3203 1276 3274 μὴ
1305 3204 1414 3257 ἀπὺ
1445 3206 1544 3275 τῆς
1568 3206 1846 3277 εἱμαρμέ-

261 3313 384 3366 νης,
418 3294 584 3348 πόθεν
617 3295 685 3348 τὰ
714 3295 890 3361 κακὰς
923 3290 1018 3359 Οἷς
1046 3295 1576 3367 ἀποκρίνεται⁷⁸,ὡς
1594 3300 1659 3353 Et
1682 3301 1781 3369 μὲν
1812 3300 1849 3354 ἃ

261 3386 617 3457 διατιθέαμεν
634 3386 897 3459 ἀλλήλους
922 3388 1069 3442 κακὰ
1095 3390 1141 3421 ⁷³
1172 3390 1366 3461 μαθεῖν
1402 3390 1636 3445 ἐθέλοιτε
1660 3392 1849 3457 πόθεν,

263 3482 392 3543 τοὺς
423 3480 665 3550 δρῶντας
691 3481 924 3551 ὁρῶντες
958 3482 1136 3552 μάτην
1180 3483 1361 3537 αἰτίαν
1404 3484 1570 3555 ἀλλην
1598 3485 1809 3556 ζητεῖτε
1832 3502 1846 3517 '

262 3575 311 3625 sl.
356 3571 422 3626 δὲ
463 3571 500 3625 ἃ.
548 3573 834 3641 πάσχομεν
877 3574 1123 3638 ἄκοντες,
1156 3574 1439 3628 καὶτοῦτο
1468 3577 1711 3649 φανερὰν
1737 3577 1851 3649 ἔχει

262 3662 363 3734 τὴν
389 3661 962 3735 λύσιν.Ἐθολώσαμεν
1007 3667 1362 3735 παντοδαπῆς
1408 3668 1623 3731 κακίας
1654 3669 1851 3743 θυέλλῃ

263 3754 353 3808 τὸν
390 3755 529 3824 βίον,
559 3758 871 3826 πράττομεν
893 3757 930 3811 ἃ
960 3760 1109 3827 μισεῖ
1128 3760 1221 3813 καὶ
1244 3759 1544 3829 ἀποτρέπει
1568 3761 1726 3826 Θεός·
1762 3762 1851 3816 διὰ

265 3845 434 3899 τοῦτο
464 3847 747 3917 πάσχομεν
781 3846 817 3901 ἃ
867 3849 943 3918 μὴ
990 3848 1237 3920 θέλομεν,
1273 3850 1359 3903 ἵνα
1394 3853 1593 3922 μηκέτι
1623 3853 1761 3926 πρὸς
1789 3854 1852 3907 τὸ

266 3938 490 3993 πταίειν
551 3940 939 4010 ἐκφερώμεθα.
976 3942 1050 3994 Ἦ
1110 3943 1278 4013 ἐχρῆν
1334 3943 1650 4009 ύπευθύνως
1708 3943 1852 4001 οὕτω

268 4030 524 4103 βιοῦντας
554 4032 902 4101 εὐδαιμονίας
939 4036 1259 4100 ἀπολαύειν,
1293 4037 1379 4090 ἴνα
1420 4052 1482 4089 τε
1527 4036 1691 4091 πλέον
1719 4037 1853 4102 Θεὸς

267 4122 514 4192 ὴγνοήθη
551 4123 645 4175 καὶ
677 4123 1085 4196 προθυμότερον
1114 4126 1311 4197 πρὸς⁷³
1338 4126 1407 4180 τὰ
1431 4126 1579 4198 πάθη
1614 4144 1855 4197 καταφε-

270 4214 532 4285 ρώμεθας
562 4215 623 4267 Ei
655 4216 709 4267 δὲ
740 4216 999 4287 πράττειν
1023 4216 1093 4269 τὰ
1116 4216 1294 4273 ἄτοπα
1337 4217 1427 4271 διὰ
1452 4218 1549 4288 τῆς
1578 4219 1853 4290 εἱμαρμέ-

267 4322 363 4374 νης
391 4306 425 4358 ὁ
446 4305 576 4369 Θεὸς
602 4308 747 4376 ἡμᾶς
774 4306 1182 4379 κατηνάγκαζε,
1208 4308 1325 4372 πῶς
1347 4309 1510 4364 πάλιν
1535 4310 1754 4376 κολάζει
1777 4311 1854 4376 ὼς

270 4400 647 4464 πταίσαντας;
680 4398 869 4472 ἕτερον
914 4401 971 4453 δέ
1021 4402 1188 4464 ἐστιν,
1221 4401 1296 4463 ὡς
1336 4400 1517 4468 δῆλον,
1547 4402 1608 4455 τὸ
1637 4419 1855 4473 συγχω-

1939 535 2677 609 ﬁciscitur,explicentvelim
2700 544 2878 607 nobis,
2899 558 3017 612 quae
3034 546 3247 615 genesis
3270 543 3511 601 Stoicum

1939 631 2317 701 reddamque
2351 632 2723 703 Epicureum?
2761 634 3184 705 Peripateticum
3218 639 3345 692 item
3381 652 3516 707 qua-

1938 723 2029 790 lis,
2078 734 2172 778 aut
2215 722 2605 779 Platonicum?
2638 740 2759 795 qua:
2803 726 3085 781 immolare
3129 729 3362 794 Baccho,
3421 738 3516 781 aut

1937 815 2145 881 Cereri,
2198 815 2379 870 Solive
2430 824 2523 869 aut
2568 816 2778 871 Lunae?
2811 818 2940 885 Quae
2982 817 3298 890 Egyptium
3348 834 3515 888 pecus

1938 911 2189 974 adorare,
2216 907 2297 963 vel
2324 920 2513 962 canem
2542 906 2819 961 felemve?
2848 924 2968 977 quae
3004 910 3363 964 Manichzeum
3394 913 3519 962 rett-

1940 999 2072 1054 dat?
2108 1015 2231 1069 qua:
2266 999 2632 1055 Valentinus?
2659 999 2813 1066 Quod
2867 1002 2912 1055 si
2964 1001 3207 1056 indicare
3260 1002 3518 1071 nequive-

1940 1094 2071 1160 rint,
2104 1107 2172 1146 ne
2201 1106 2418 1163 quoque
2447 1090 2591 1145 ultra
2622 1104 2742 1146 sese
2785 1090 3035 1157 efferant,
3076 1106 3289 1147 moneo.
3327 1090 3383 1143 lu
3416 1104 3517 1144 no-

1941 1183 2027 1239 bis
2066 1183 2232 1253 igitur
2256 1184 2444 1249 situm,
2484 1196 2590 1237 non
2644 1182 2699 1236 in
2746 1197 3007 1253 geneseos
3053 1183 3390 1252 operatione,
3438 1182 3519 1236 sie

1942 1272 2027 1328 vel
2057 1274 2136 1327 sic
2168 1288 2363 1328 numen
2393 1272 2593 1328 colere.
2624 1271 2682 1327 Si
2705 1287 2834 1329 vero
2869 1273 2973 1327 hoc
2999 1290 3013 1327 :
3044 1274 3230 1343 utique
3255 1283 3307 1328 et
3341 1273 3520 1327 colere

1942 1365 2283 1435 simpliciter,
2326 1373 2381 1419 et
2436 1363 2705 1437 [omnino]
2753 1380 2859 1419 non
2915 1365 3134 1420 colere:
3188 1380 3219 1419 e
3272 1364 3521 1431 patrihus

1942 1459 2089 1513 enim
2134 1468 2307 1513 totum
2350 1469 2586 1513 constat.
2622 1460 2905 1527 Quomodo
2940 1470 3121 1513 autem
3166 1475 3271 1513 non
3322 1460 3520 1514 absur-

1944 1548 2230 1604 dissimum
2266 1549 2395 1605 illud
2432 1551 2525 1616 sit,
2558 1551 2866 1619 improbum
2898 1567 2993 1620 per
3026 1552 3270 1623 genesim
3298 1550 3438 1609 ﬂeri.
3467 1558 3523 1604 et

1947 1645 2123 1699 eidem
2161 1653 2343 1699 tamen
2378 1644 2746 1714 improbitatis
2776 1645 2999 1698 nomine
3021 1644 3147 1697 odio
3171 1644 3340 1698 esse?
3373 1643 3523 1696 sinti-

1946 1734 2070 1789 liter
2098 1744 2153 1789 et
2189 1736 2389 1790 bonum
2434 1735 2574 1801 fieri,
2605 1744 2769 1805 atque
2790 1735 3138 1789 admirationi
3185 1750 3325 1798 esse,
3357 1744 3411 1789 et
3440 1737 3521 1790 si-

1950 1827 2151 1882 militer
2172 1826 2500 1892 adulterum,
2530 1836 2625 1881 aut
2656 1827 2985 1882 homicidam
3009 1826 3032 1879 ἲ
3057 1827 3138 1881 Ab
3165 1829 3354 1880 eadem
3398 1828 3522 1880 item

1949 1932 2048 1987 per
2078 1916 2186 1970 vim
2216 1925 2468 1971 coactum
2518 1916 2657 1969 mala
2708 1924 3050 1987 perpetrare,
3084 1925 3141 1969 et
3194 1930 3407 1969 rursum
3451 1915 3524 1969 ob

1949 2008 2081 2064 illud
2112 2010 2288 2077 ipsum
2322 2008 2547 2078 puniri?
2584 2007 2954 2076 Legislatores
3004 2008 3364 2070 constituere,
3404 2021 3525 2060 sce-

1948 2100 2153 2157 leratos
2185 2100 2399 2169 punire,
2436 2109 2493 2153 et
2524 2100 2885 2154 nihilominus
2916 2098 3054 2153 alios
3084 2098 3167 2152 vel
3197 2098 3398 2151 invitos
3428 2097 3528 2150 im-

1949 2191 2149 2262 pellere
2182 2190 2251 2246 ad
2285 2191 2652 2261 peccandum,
2698 2204 2792 2245 seu
2833 2192 2900 2244 ad
2933 2190 3039 2243 alia
3083 2189 3282 2258 quibus
3321 2188 3523 2241 referta

1950 2294 2035 2340 est
2075 2285 2356 2339 hominum
2393 2282 2544 2337 vita?
2575 2282 2706 2349 Quae
2760 2284 3028 2351 siquidem
3075 2282 3129 2335 in
3166 2289 3349 2335 nostra
3399 2286 3529 2333 sunt

1949 2385 2260 2446 potestate,
2298 2375 2459 2430 nobis
2502 2387 2720 2445 quoque
2774 2388 2963 2428 eorum
3019 2387 3139 2441 quae
3188 2372 3320 2425 fiunt
3366 2370 3526 2439 culpa

1950 2465 2309 2526 sustinenda;
2356 2464 2439 2521 sin
2478 2464 2693 2533 genesis
2723 2478 2990 2517 summam
3034 2471 3357 2532 potestatem
3388 2460 3529 2513 obti-

1949 2565 2061 2619 net,
2106 2563 2199 2610 aut
2238 2557 2355 2611 haec
2391 2556 2681 2625 culpanda,
2712 2567 2804 2609 aut
2832 2556 2879 2610 is
2916 2567 3087 2620 certe,
3112 2554 3203 2623 qui
3235 2558 3375 2608 hanc
3398 2568 3529 2606 con-

1952 2649 2114 2703 didit.
2154 2646 2231 2701 lta
2294 2648 2534 2717 undique
2584 2646 2757 2703 fatum
2810 2664 2913 2703 non
2961 2648 3265 2703 consistere
3316 2654 3525 2700 tantum

1952 2732 2102 2795 nullo
2139 2742 2298 2795 modo
2329 2755 2512 2808 posse,
2547 2743 2639 2796 sed
2678 2742 2903 2808 impium
2934 2743 3159 2812 insuper
3191 2755 3336 2807 esse,
3365 2749 3529 2810 atque

1950 2837 2275 2907 probrosum
2306 2834 2685 2908 [ostenditur].
2729 2836 2929 2891 Verum
2962 2837 3047 2891 his
3088 2846 3143 2891 et
3170 2835 3309 2892 liber
3340 2845 3530 2891 sextus

1951 2938 2007 2987 et
2044 2931 2293 2999 quintum
2316 2944 2379 2983 ac
2405 2930 2883 2999 quadragesimum
2911 2938 3076 3001 caput
3105 2929 3424 2985 absolvitur.

2024 3023 2266 3094 Septimo
2302 3033 2479 3078 autem
2533 3022 2672 3075 libro
2722 3021 3073 3089 quaestionem
3131 3022 3198 3075 ab
3247 3020 3533 3090 astrologis

1955 3117 2183 3187 proponi
2206 3114 2419 3171 solitam
2440 3113 2706 3170 dissolvit.
2736 3112 2936 3167 Dicunt
2979 3114 3149 3180 enim,
3174 3114 3249 3168 ait
3290 3131 3304 3169 :
3333 3113 3531 3184 219a

1954 3210 2107 3267 Unde
2140 3210 2415 3265 exsistunt
2442 3208 2604 3272 mala,
2630 3207 2675 3261 si
2712 3222 2817 3260 non
2852 3222 2882 3260 a
2914 3206 3027 3261 fato
3061 3208 3482 3275 proficiscuntur
3511 3207 3536 3260 ’ἒ

1952 3302 2159 3371 Quibus
2208 3303 2290 3357 sic
2328 3302 2665 3369 respondet:
2706 3297 2761 3353 Si
2808 3314 2927 3367 quae
2971 3299 3127 3354 nobis
3157 3307 3341 3352 mutuo
3389 3304 3532 3351 mata

1951 3397 2233 3457 struimus,
2258 3394 2470 3449 discere
2498 3392 2676 3447 velitis
2708 3393 2849 3445 unde
2877 3390 3160 3455 exsistant,
3195 3390 3318 3443 dum
3345 3404 3531 3444 eorum

1951 3497 2257 3558 patratores
2288 3484 2485 3540 vestris
2511 3482 2684 3537 oculis
2713 3481 3052 3549 conspicitis,
3084 3482 3284 3534 frustra
3311 3496 3530 3535 causam

1951 3581 2114 3634 aliam
2160 3576 2405 3647 quaeritis
2442 3594 2457 3630 :
2508 3575 2590 3628 sin
2620 3589 2683 3627 ea
2722 3572 2884 3636 mala,
2932 3588 3051 3641 quae
3090 3571 3244 3625 inviti
3277 3574 3533 3641 patimur,

1952 3672 2116 3727 etiam
2159 3668 2321 3736 hujus
2357 3667 2556 3721 solutio
2612 3668 2679 3719 ad
2733 3666 2951 3719 oculum
2998 3673 3163 3733 patet.
3200 3664 3539 3732 Perturhavi-

1953 3776 2074 3815 mus
2125 3759 2425 3829 omnigenm
2472 3756 2832 3825 improbitatis
2878 3755 3091 3809 turbine
3132 3755 3305 3823 ipsam
3345 3754 3534 3819 vitam,

1950 3853 2180 3909 facimus
2223 3865 2344 3922 qua:
2373 3849 2486 3905 odit
2508 3859 2564 3904 ct
2597 3860 2875 3902 aversatur
2914 3847 3054 3902 Deus
3083 3865 3099 3912 ;
3135 3846 3255 3901 ideo
3303 3846 3537 3915 patimur

1953 3962 2073 4015 quas
2121 3946 2395 4012 nolumus,
2422 3952 2484 3999 ut
2521 3956 2590 3996 ne
2618 3942 2876 4010 deinceps
2922 3940 2976 3995 in
3010 3940 3141 3993 vitia
3168 3938 3534 4009 prolabamur.

1952 4036 2070 4091 Nisi
2100 4035 2238 4090 forte
2266 4033 2505 4103 Oportuit
2527 4033 2601 4087 ita
2634 4032 2954 4087 criminibus
2991 4030 3258 4085 obnoxios
3283 4028 3537 4082 felicitate

1954 4130 2177 4198 insuper
2219 4126 2405 4195 potiri,
2436 4140 2542 4194 quo
2577 4124 2718 4179 Dens
2764 4124 2998 4193 amplius
3041 4123 3203 4177 etiam
3239 4122 3537 4192 ignoretur,

1953 4228 2008 4271 et
2035 4232 2131 4271 nos
2184 4218 2408 4283 pronius
2454 4216 2505 4269 in
2542 4216 2681 4268 mala
2729 4213 3000 4270 feramur.
3029 4214 3099 4267 At
3140 4213 3187 4267 si
3228 4220 3539 4282 perpetrare

1955 4313 2097 4366 mala
2149 4326 2244 4380 per
2284 4310 2453 4363 fatum
2503 4309 2643 4363 Deus
2668 4322 2768 4362 nos
2808 4306 2971 4376 cogit,
3002 4308 3272 4374 quomodo
3322 4320 3537 4359 rursum

1955 4404 2101 4458 velut
2133 4411 2423 4473 peccantes
2464 4400 2744 4469 castigat?
2773 4399 2932 4453 Aliud
2974 4407 3153 4451 autem
3181 4407 3283 4460 est,
3317 4406 3377 4451 ut
3429 4397 3539 4450 cla-

274 4492 384 4559 ρεῖν
418 4490 653 4559 χρᾶσθαι
680 4491 760 4560 τῷ
786 4492 1122 4562 αὐτεξουσίῳ
1150 4490 1246 4544 καὶ
1266 4491 1543 4561 αἱρεῖσθαι
1573 4492 1846 4547 ἓκαστονθ

1957 4511 2098 4555 rum.
2159 4494 2474 4563 permittere
2516 4490 2810 4561 quemlibet
2850 4489 3019 4543 lihero
3069 4488 3296 4542 arbitrio
3344 4489 3442 4553 uti,
3481 4497 3539 4541 et

272 4581 548 4647 βούλεται,
580 4582 676 4635 καὶ
704 4583 764 4636 τὸ
788 4582 1228 4651 καταναγκάζειν
1261 4582 1525 4653 πράττειν
1553 4583 1621 4637 τὰ
1652 4584 1849 4639 ἄτοπα.

273 4674 395 4737 Πῶς
426 4674 481 4728 δὲ
510 4676 658 4743 ὑμῖν,
692 4677 878 4745 φησὶν,
907 4675 1109 4745 ἐπῆλθε
1153 4674 1284 4746 [560
1309 4674 1402 4746 11.]
1447 4674 1560 4728 τῶν
1591 4675 1686 4728 τοῦ
1717 4675 1853 4730 Θεοῦ

270 4764 591 4833 οἰκονομιῶν
622 4765 877 4832 ἀγνοοῦσι
908 4765 970 4819 τὸ
1014 4765 1197 4836 βάθος,
1228 4768 1309 4829 είς
1351 4766 1414 4817 τὸ
1445 4768 1544 4835 τῆς
1587 4768 1854 4833 γενέσεως

272 4854 661 4923 ἀποτραπῆναι
691 4856 918 4926 πλάσμα
943 4876 959 4924 ;
989 4859 1099 4912 Καὶ
1129 4858 1215 4911 ὅτι
1244 4856 1320 4928 μὴ
1347 4856 1441 4910 ἐπὶ
1464 4856 1568 4927 γῆς
1592 4858 1856 4928 ἕρποντες

273 4948 351 5010 εἰς
380 4946 441 4998 τὸ
466 4948 561 5000 τοῦ
591 4950 935 5021 Δημιουργοῦ
971 4952 1082 5003 τῶν
1122 4951 1406 5021 χριμάτων
1442 4948 1576 5018 ὕψος
1602 4949 1857 5021 ἀνέὸητε,

272 5034 359 5088 διὰ
384 5036 543 5091 τοῦτο
569 5038 657 5091 ἐπ’
688 5040 926 5111 ἀστέρας
948 5041 1043 5094 καὶ
1071 5041 1302 5112 σελήνην
1338 5040 1435 5094 καὶ
1461 5039 1615 5109 ἥλιον
1644 5040 1747 5104 τὰς
1775 5044 1859 5097 al-

272 5128 394 5192 τίας
422 5131 687 5186 ἀνάπτειν
718 5135 1039 5205 παρήχθητε
1066 5134 1177 5187 τῶν
1220 5134 1354 5205 παρ’
1382 5135 1516 5205 ἡμῖν
1549 5135 1856 5206 πραττομέ-

275 5238 401 5286 νων,
438 5225 533 5276 aut
565 5225 601 5279 ἃ
646 5225 746 5296 μὲν
777 5228 1006 5289 ἑαυτοὺς
1050 5227 1271 5297 ὁρῶμεν
1299 5225 1724 5298 ἐργαζομένους,
1761 5228 1859 5298 οὐχ

275 5314 520 5386 ἡμέτερα
572 5314 709 5371 εἶναι
763 5318 1175 5388 τερατεύεσθαι,
1206 5318 1241 5372 δι
1289 5318 1345 5371 δὲ
1393 5318 1692 5375 ούκ,ἔστιν
1728 5320 1857 5373 ἰδεῖν

276 5407 399 5472 τοὺς
441 5411 677 5483 ἀστέρας
720 5414 1085 5485 πράττοντας,
1126 5415 1351 5469 ἐκείνων
1398 5409 1538 5467 εἶναι
1587 5411 1648 5464 τὸ
1694 5410 1858 5483 ἔργον

1954 4587 2099 4655 quod
2133 4586 2259 4640 velit
2281 4585 2513 4654 eligere;
2548 4582 2716 4647 aliud,
2746 4582 2810 4635 ad
2837 4581 3220 4635 committenda
3256 4580 3395 4633 mala
3432 4582 3537 4633 im-

1952 4678 2173 4745 pellere.
2214 4675 2497 4742 Quomodo
2545 4689 2675 4728 vero
2711 4673 2885 4737 vobis,
2921 4673 3017 4735 ait,
3042 4672 3235 4727 divina:
3264 4672 3537 4741 guberna-

1954 4771 2115 4826 tionis
2142 4769 2565 4841 profunditatem
2614 4766 3010 4835 ignorantibus,
3042 4766 3094 4820 in
3123 4775 3358 4819 mentem
3389 4766 3541 4818 venit

1958 4862 2024 4916 ad
2071 4876 2333 4932 geneseos
2384 4860 2517 4915 illud
2574 4860 2887 4930 figmentum
2929 4859 3170 4913 converti
3209 4858 3397 4924 ?Quia
3446 4871 3542 4924 per

1955 4963 2156 5009 terram
2204 4962 2481 5022 reptantes
2519 4966 2614 5006 vos
2645 4950 2710 5004 ad
2744 4949 3059 5005 Conditoris
3113 4949 3281 5018 ipsius
3305 4948 3542 5018 judicio-

1955 5060 2076 5101 rum
2111 5044 2451 5100 altitudinem
2498 5057 2839 5111 nequaquam
2877 5042 3225 5109 ascendistis,
3254 5051 3539 5111 propterea

1956 5140 2010 5193 in
2059 5139 2271 5200 stellas,
2328 5138 2532 5201 lunam,
2559 5137 2857 5207 solemque,
2911 5152 3096 5191 eorum
3145 5150 3324 5205 quma
3382 5133 3542 5190 nobis

1958 5231 2094 5285 fiunt
2140 5246 2308 5287 causa
2360 5230 2568 5285 referre
2623 5229 2805 5285 conati
2853 5230 3088 5292 estis,et
3116 5244 3235 5298 quae
3270 5242 3364 5282 nos
3391 5228 3540 5297 ipsos

1955 5326 2169 5380 ellicerc
2212 5324 2479 5390 videmus,
2508 5337 2568 5376 ea
2604 5338 2707 5376 non
2744 5338 2865 5379 esse
2907 5333 3088 5377 nostra
3123 5322 3309 5393 nugari
3349 5339 3363 5387 ;
3394 5336 3541 5391 quae-

1954 5431 2062 5486 que
2101 5427 2248 5471 astra
2300 5414 2511 5471 efﬁcere
2540 5415 2685 5470 nullo
2726 5415 2887 5470 modo
2934 5424 3180 5485 possunt,
3214 5415 3327 5468 haec
3360 5423 3540 5467 tamen

1546 5592 1783 5649 VARUE
1816 5589 2226 5647 LECTIONES.

356 5696 585 5778 “si/tr
612 5701 707 5778 εἷς,
732 5724 793 5772 ς.
872 5709 917 5742 ⁸⁸
947 5708 1431 5774 Ούαλεντινιανοὺς
1457 5708 1721 5778 Scaliger.
1781 5708 1846 5778 7",
1879 5706 1955 5778 μὴ
1978 5707 2021 5760 Α
2053 5722 2067 5760 :
2096 5706 2156 5759 τὸ
2182 5704 2262 5778 μὴν
2290 5722 2349 5768 ς.
2394 5775 2402 5778 _
2427 5704 2472 5736 ⁶⁸
2500 5704 2608 5778 ἀπὸ
2631 5706 2729 5775 τῆς
2761 5708 2807 5778 lt
2839 5721 2853 5758 :

3298 5704 3341 5736 °'
3373 5699 3538 5773 πρὸς]

2890 5704 2997 5758 ὑπὸ
3026 5708 3124 5773 τῆς
3156 5723 3217 5769 ς.

281 5765 355 5833 ὡς
389 5775 449 5824 Λ.
525 5776 568 5806 ⁷ο
599 5765 709 5845 ὲφδ]
742 5765 883 5835 Ἧι)ιί
907 5781 962 5833 ἐν
989 5791 1043 5837 et
1074 5784 1162 5839 hic
1190 5765 1244 5837 et
1276 5765 1441 5837 infra'.
1519 5780 1563 5813 τι
1592 5765 1674 5842 οἷς
1707 5765 1801 5833 καὶ
1829 5765 2028 5841 ἂνξ-είς.
2111 5778 2157 5809 ⁷³
2182 5765 2315 5831 till)..—
2348 5775 2417 5829 τὰ
2446 5776 2593 5831 κακά
2760 5776 2806 5807 ⁷³
2841 5774 3001 5846 πρὸς]
3033 5765 3118 5840 ὡς
3143 5765 3207 5831 Ᾱ.
