3972 6248
399 332 498 394 867

1541 320 1803 384 ΡΠΟΤΙΙ
1836 321 2341 385 ΡΑΤΒΙΑΒΟΗΆΕ
2379 325 2496 388 CP.

3551 332 3660 398 868

399 458 492 511 per
518 440 604 493 illa
647 436 760 491 ﬁeri
813 433 1142 491 mendaciter
1189 430 1443 502 ﬁngere?
1487 429 1625 498 Quin
1691 446 1791 502 ego
1841 433 1965 503 ipse,

2079 434 2521 503 καταψεύδεσθαι
2547 454 2562 502 ;
2590 437 2766 507 Κάγὼ
2796 438 2875 502 δὲ,
2904 439 3059 510 φησὶ,
3088 437 3263 493 ταῦτα
3294 439 3521 511 γράφων
3558 444 3667 496 ὑπὸ

403 533 598 602 inquit,
649 531 773 583 dum
825 530 943 583 haec
974 525 1177 589 scribo,
1207 539 1236 577 a
1269 525 1478 594 genesi,
1517 526 1812 579 secundum
1860 539 1977 593 vos,

397 627 621 673 coactus
642 631 758 670 sum
785 614 881 669 has
901 612 1020 682 ejus
1047 609 1288 666 scribere
1309 611 1757 680 reprehensiones
1781 630 1796 666 :
1822 611 1978 677 unita

395 710 560 761 etiam
588 709 817 777 ipsamet
845 705 1025 760 acrius
1047 704 1310 758 adversus
1340 703 1598 772 seipsam,
1634 718 1796 772 quam
1830 703 1973 758 ullus

395 797 537 851 alius
579 798 926 851 extrinsecus
975 808 1095 848 eam
1127 807 1444 863 Oppugnans
1483 794 1654 848 hostis
1707 794 1974 866 insurgat.

467 889 536 942 At
578 903 708 942 vero
745 888 872 956 quid
895 885 1048 954 juvat
1077 902 1139 940 ea
1187 885 1418 949 discere,
1453 901 1572 953 quae
1596 902 1624 938 a
1654 888 1831 956 genesi
1877 903 1974 941 ex-

394 979 758 1048 spectantur?
807 977 940 1032 Nam
974 978 1018 1032 si
1069 977 1284 1045 quidem
1311 978 1484 1031 vitare
1524 978 1975 1047 cognoscentibus

395 1070 729 1134 conceditur,
757 1085 874 1139 qua:
899 1069 1010 1123 fato
1035 1069 1303 1122 destinata
1331 1051 1489 1136 sunt,
1516 1069 1693 1138 inepta
1721 1079 1802 1125 est
1835 1086 1973 1141 prae-

393 1161 578 1216 dictio.
613 1159 792 1216 Vincit
829 1161 972 1214 enim
1006 1176 1124 1230 quae
1158 1160 1209 1214 in
1253 1160 1407 1215 nobis
1443 1171 1527 1216 est
1557 1161 1784 1217 facultas
1809 1176 1974 1233 gene-

393 1255 494 1308 sim
552 1272 566 1309 :
634 1264 690 1307 et
748 1256 1001 1317 maxime,
1063 1253 1258 1322 quibus
1318 1252 1486 1308 fatum
1543 1271 1648 1309 nou
1710 1255 1971 1325 ignotum,

346 1346 603 1401 -soivere
659 1345 826 1414 ipsius
879 1345 1072 1400 seriem
1133 1354 1388 1414 poterunt
1438 1362 1454 1410 ;
1511 1360 1632 1400 cum
1693 1347 1746 1401 hi
1803 1348 1974 1416 magis

389 1451 554 1506 quam
587 1437 790 1499 caeteri,
822 1451 944 1506 quaa
965 1451 992 1488 a
1016 1437 1197 1505 genesi
1224 1435 1472 1490 ordinata
1493 1446 1617 1491 sunt
1647 1451 1973 1505 cognoscen-

394 1539 495 1591 tes,
549 1527 682 1582 nihil
715 1542 902 1582 eorum
944 1543 1062 1595 qua:
1092 1529 1206 1596 ipsa
1244 1527 1546 1592 minitatur,
1589 1529 1838 1583 accidere
1867 1528 1971 1583 sibi

392 1622 680 1690 patientur.
713 1619 782 1675 At
807 1632 906 1673 nec
932 1619 1056 1684 hoc,
1090 1619 1285 1674 iterum
1317 1620 1388 1675 illi
1417 1621 1588 1685 aiunt,
1623 1632 1777 1674 extra
1805 1634 1970 1691 gene-

388 1727 510 1766 scos
537 1713 732 1766 seriem
760 1721 864 1776 est,
888 1713 1034 1781 quod
1057 1711 1148 1781 qui
1179 1713 1293 1767 haec
1335 1714 1706 1784 cognoverint,
1731 1713 1970 1783 eripian-

2083 525 2351 594 γενέσεως
2380 526 2510 600 καθ’
2542 528 2687 599 ὑμᾶς
2716 528 3070 600 ἠναγκάσθην
3099 530 3335 600 γράφειν
3375 532 3501 594 τοὺς
3541 533 3663 587 κατ’

2083 617 2252 686 αὐτῆς
2270 617 2315 649 ⁷⁸
2345 617 2638 689 ἐλέγχους,
2671 619 2814 674 ὥστε
2860 621 2953 674 καὶ
2985 619 3158 684 οὕτως
3203 622 3341 693 αὑτὴ
3391 623 3513 676 καθ’
3539 625 3664 678 ἐαυ-

2081 707 2184 777 τῆς
2201 708 2246 739 ⁷³
2275 705 2441 762 πλέον
2471 708 2582 764 τῶν
2610 708 2811 777 ἔξωθεν
2857 711 2997 781 αὐτῇ
3027 711 3352 781 μαχομένων
3375 712 3664 768 ὲπανίστα⁴

2081 817 2190 854 ται.

2151 892 2217 944 Τί
2261 891 2323 954 δὲ
2367 894 2461 947 καὶ
2502 891 2696 962 ὄφελος
2723 893 2785 946 τὸ
2816 893 3109 964 μανθάνειν
3147 895 3216 950 τὰ
3243 896 3351 950 om
3395 897 3661 964 γενέσεως

2082 985 2540 1056 προσδοκώμενα;
2576 987 2639 1040 Ei
2673 984 2773 1057 μὲν
2797 986 2905 1057 γὰρ
2935 986 3050 1041 ἔστι
3087 989 3281 1058 φυγετν
3306 990 3432 1052 τοὺς
3463 988 3660 1059 μαθόν-

2078 1095 2179 1140 τας
2208 1078 2244 1132 ὃ.
2270 1078 2549 1133 ὲπέκλωσε
2568 1116 2585 1141 ,
2617 1079 2784 1151 λῆρος
2809 1080 2844 1149 ἡ
2869 1079 3178 1152 πρόρρησις
3196 1095 3209 1109 ο
3241 1083 3436 1151 κρατεί
3463 1081 3572 1150 γὰρ
3597 1080 3659 1133 τὸ

2081 1171 2165 1239 ἐφ’
2188 1173 2321 1242 ἡμῖν
2345 1170 2447 1240 τῆς
2476 1170 2767 1239 γενέσεως.
2799 1171 3049 1224 Μάλιστα
3077 1171 3137 1225 δὲ
3177 1174 3291 1235 τοῖς
3329 1172 3430 1243 τῆς
3461 1175 3658 1244 είμαρ-

2083 1259 2252 1331 μένης
2301 1258 2631 1330 ὲπιστήμοσι
2682 1259 2744 1311 τὸ
2790 1259 2939 1313 λύειν
2970 1259 3142 1330 αὐτῆς
3174 1261 3265 1314 τὸν
3295 1261 3488 1332 εἱρμὸν
3524 1279 3661 1332 συμ-

2079 1354 2305 1424 ϐήσεται
2323 1369 2338 1384 ·
2369 1347 2516 1408 οὗτοι
2545 1351 2652 1424 γὰρ
2685 1350 2793 1406 τῶν
2821 1351 2997 1405 ἄλλων
3026 1352 3228 1421 μᾶλλον
3263 1355 3332 1407 τὰ
3369 1353 3477 1408 άπδ
3491 1354 3538 1386 ⁷⁸
3566 1371 3659 1422 γε-

2078 1446 2284 1508 νέσεως
2315 1443 2500 1508 αὐτοῖς
2529 1442 2906 1514 ἐπιστάμενοι,
2935 1443 3091 1496 οὐδὲν
3144 1443 3252 1497 τῶν
3299 1443 3410 1498 ἀπὸ
3452 1445 3656 1514 ταύτης

2075 1539 2262 1601 αὐτοῖς
2307 1537 2718 1607 ἀπειλουμένων
2773 1539 3075 1608 συμπεσεῖν
3132 1539 3649 1608 παραχωρήσουσιν.

2077 1627 2230 1694 Εἶτα,
2276 1630 2419 1684 Ἀλλ’
2447 1629 2546 1682 οὐκ
2575 1629 2753 1695 ἐκτὸς,
2783 1627 2940 1698 φασὶ,
2969 1627 3235 1697 γενέσεως
3267 1628 3328 1682 τὸ
3355 1628 3652 1699 μανθάνον-

2074 1726 2236 1788 τας¹Η
2266 1723 2721 1778 ἀπαλλάττεσθαι.
2749 1721 2960 1776 Οὐκοῦν
2987 1723 3020 1794 ὴ
3049 1721 3264 1790 γένεσις
3297 1724 3377 1787 εἰς
3409 1723 3475 1777 τὰ
3500 1724 3654 1777 ἀντι-

393 1813 502 1858 tur.
545 1803 712 1873 Igitur
737 1807 951 1874 genesis
974 1805 1025 1858 in
1051 1805 1321 1858 contraria
1357 1805 1635 1870 dividitur,
1666 1807 1965 1874 partimque

2072 1819 2298 1889 κείμενα
2325 1819 2601 1889 τέμνεται,
2636 1820 2732 1870 καὶ
2773 1817 2834 1870 τὺ
2869 1817 2968 1887 μὲν
2997 1815 3168 1885 αὐτῆς
3193 1815 3470 1886 προλέγει,
3505 1815 3568 1869 τὸ
3592 1816 3652 1869 δὲ

389 1897 787 1965 praedictionem
839 1897 1077 1959 adhibet,
1120 1898 1312 1967 partim
1351 1912 1470 1951 eam
1517 1898 1684 1968 ipsam
1733 1898 1965 1954 irridet:

387 2004 496 2058 quo
539 1989 665 2056 quid
705 1991 876 2059 magis
917 1989 1199 2044 ridiculum
1249 2003 1369 2044 esse
1400 1999 1562 2058 queat
1601 1988 1968 2059 ?Quanquam

387 2090 443 2135 et
485 2082 586 2134 alia
635 2097 825 2136 rursus
859 2097 924 2137 ex
959 2093 1112 2152 parte
1164 2083 1328 2136 multa
1370 2093 1453 2138 est
1494 2083 1548 2138 in
1579 2084 1662 2138 'ea
1703 2081 1966 2150 injustitia

387 2183 553 2242 atque
585 2173 936 2243 inaequalitas.
965 2174 1076 2229 Cur
1109 2175 1253 2229 enim
1291 2175 1674 2232 nonomnibus
1713 2174 1816 2230 hoc
1839 2189 1967 2244 per-

387 2265 577 2329 suasit,
611 2274 668 2318 ut
718 2275 976 2320 eventura
1004 2267 1104 2321 sibi
1137 2265 1433 2332 discerent,
1472 2281 1579 2336 quo
1613 2266 1742 2320 item
1777 2281 1970 2324 omnes

386 2370 455 2411 ex
504 2357 587 2410 his
630 2356 1197 2428 eriperentur?Quod
1255 2359 1298 2412 si
1331 2373 1459 2413 vero
1506 2358 1555 2411 ei
1591 2357 1682 2427 qui
1727 2358 1831 2413 ista
1875 2372 1972 2414 co-

387 2447 655 2516 gnoverit,
703 2446 940 2515 effugere
974 2455 1150 2500 tamen
1197 2461 1302 2500 non
1357 2445 1480 2500 licet
1525 2461 1541 2512 ;
1597 2443 1725 2515 quid
1773 2443 1971 2499 frustra

387 2554 716 2609 cognoscere
763 2540 934 2608 juvat,
982 2540 1238 2605 curisque
1268 2545 1394 2592 ante
1445 2547 1655 2608 tempus
1694 2536 1966 2602 consumi,

388 2630 604 2699 percelli
638 2639 765 2685 ante
797 2631 982 2692 ictum,
1009 2637 1064 2683 et
1110 2627 1307 2698 219i:
1336 2635 1462 2684 ante
1491 2634 1719 2682 mortem
1751 2627 1969 2698 gravius

387 2739 558 2794 quam
591 2732 765 2777 morte
799 2721 912 2791 ipsa
951 2721 1112 2791 afﬂigi
1143 2722 1166 2775 ?

457 2835 568 2892 Hoc
613 2851 774 2906 porro
816 2836 1068 2891 omnibus
1111 2834 1477 2906 perspicuum,
1524 2850 1638 2902 eos,
1668 2834 1758 2905 qui
1800 2834 1966 2889 fatum

385 2939 658 2990 asserunt,
691 2937 746 2982 et
765 2929 1055 2998 proborum
1075 2927 1261 2982 laudes
1283 2937 1444 2996 atque
1470 2942 1699 2982 coronas
1725 2942 1757 2983 e
1783 2927 1964 2982 medio

388 3017 614 3083 tollere,
673 3025 728 3070 et
773 3016 1034 3085 improbis
1091 3025 1278 3071 contra
1341 3016 1596 3088 injustam
1645 3016 1968 3072 denuntiare

388 3123 602 3179 poenam
652 3118 814 3179 atque
866 3108 1279 3163 correctionem.
1346 3108 1479 3164 Nam
1534 3110 1580 3165 si
1641 3109 2031 3197 necessitatec

386 3201 646 3255 adductus
699 3209 782 3256 est
829 3200 1080 3255 uterlibet
1124 3203 1191 3254 ad
1237 3215 1322 3266 ea,
1355 3217 1473 3270 quae
1507 3201 1638 3270 agit,
1694 3201 1806 3270 jam
1841 3200 1955 3270 (63)

387 3309 557 3362 neque
595 3294 775 3346 virtuti
807 3309 1014 3346 merces
1064 3293 1168 3346 ulla
1204 3303 1308 3359 est,
1340 3307 1517 3363 neque
1557 3293 1821 3349 scelerum
1848 3308 1962 3363 pm-

383 3402 506 3439 nam
569 3386 784 3456 exigere
829 3386 953 3439 licet
985 3405 998 3440 :
1030 3385 1173 3454 quod
1213 3401 1323 3441 non
1361 3393 1544 3456 potest
1592 3401 1696 3440 non
1748 3386 1962 3454 penitus

381 3489 625 3532 nostram
674 3477 838 3531 vitam
865 3477 1197 3533 confundere
1226 3488 1391 3548 atque
1435 3479 1724 3544 invertere,
1763 3487 1817 3534 ct
1843 3493 1962 3532 om-

383 3572 539 3624 nibus
591 3569 645 3623 iu
674 3568 841 3624 Deum
883 3568 1119 3639 linguam
1155 3585 1309 3626 suam
1357 3570 1680 3624 acuentibus
1709 3583 1833 3624 esse
1860 3569 1962 3623 im-

381 3663 683 3731 pudentius.
717 3661 834 3716 Non
861 3662 1160 3716 sulliciebat
1189 3663 1444 3717 nimirum
1475 3662 1710 3728 miseris,
1731 3663 1776 3718 si
1801 3677 1964 3733 coge-

383 3763 567 3808 rentur
594 3754 732 3808 mala
761 3755 1022 3823 cogitare,
1049 3755 1250 3820 dicere,
1283 3753 1463 3810 facere
1483 3772 1497 3809 :
1519 3757 1612 3809 sed
1630 3769 1750 3808 cum
1771 3769 1958 3808 eorum

381 3848 626 3904 misereri
640 3855 936 3917 oporteret,
956 3846 1140 3902 odium
1164 3847 1387 3916 insuper
1418 3846 1671 3915 adjicitur
1689 3855 1743 3899 et
1778 3860 1956 3916 poena.

453 3938 554 3994 Ubi
586 3940 631 3995 si
669 3941 791 4008 quis
815 3938 1034 4005 dixerit,
1065 3945 1327 4006 {nostrum
1383 3955 1488 3994 non
1516 3954 1638 3995 esse
1682 3939 1824 3993 scire
1863 3953 1962 3992 cur

384 4033 525 4088 Deus
582 4033 744 4087 talem
774 4033 1082 4088 condiderit
1123 4032 1362 4103 genesim
1397 4049 1412 4098 ;
1457 4031 1502 4086 is
1539 4031 1665 4085 dum
1719 4030 1960 4086 modeste

382 4138 544 4196 agere
569 4137 628 4178 se
658 4123 832 4193 lingit,
865 4123 1119 4191 pietatem
1155 4123 1492 4194 perstringit,
1533 4137 1597 4177 ac
1638 4137 1732 4191 per
1758 4137 1818 4176 ea
1847 4123 1958 4190 ipsa

379 4218 542 4270 etiam
592 4216 764 4286 magis
821 4213 880 4270 ﬁt
917 4215 1135 4284 impius,
1183 4229 1283 4285 per
1311 4231 1430 4281 qua:
1480 4217 1756 4268 moderate
1814 4213 1958 4282 loqui

381 4309 611 4362 videtur.
649 4306 705 4361 Si
735 4306 879 4362 enim
909 4321 1039 4362 vere
1069 4310 1206 4362 bona
1247 4307 1460 4376 genesis
1497 4315 1599 4370 est,
1630 4319 1750 4373 quae
1803 4304 1959 4359 nobis

381 4395 518 4451 mala
561 4405 810 4466 apparet,
871 4405 926 4450 et
970 4396 1021 4450 id
1061 4396 1281 4466 quidem
1318 4410 1412 4464 per
1460 4396 1631 4464 ipsam
1672 4395 1953 4464 genesim:

2069 1911 2354 1982 καταγελᾷ
2398 1909 2501 1979 τῆς
2541 1908 2939 1980 προρῤήσεωςυ
2983 1901 3045 1961 οὗ
3073 1906 3126 1960 τί
3160 1908 3226 1960 ἂν
3255 1909 3341 1977 εἴη
3380 1907 3650 1976 γελοιότεη

2073 2021 2164 2077 ρον
2185 2020 2198 2068 ;
2229 2001 2407 2072 Πολλὴ
2434 2001 2492 2055 δὲ
2512 2001 2674 2055 πάλιν
2703 2000 2799 2054 καὶ
2818 1999 2996 2064 ἄλλως
3019 2000 3202 2054 ἀδικία
3227 2001 3320 2054 καὶ
3341 2000 3646 2071 ἀνωμαλία.

2069 2097 2170 2149 Διὰ
2201 2093 2254 2148 τί
2285 2093 2395 2164 γὰρ
2427 2093 2503 2164 μὴ
2531 2093 2740 2155 πάντας
2770 2092 2969 2146 ἔπεισε
2984 2092 3297 2163 μανθάνειν,
3329 2092 3418 2146 ἴνα
3446 2093 3651 2156 πάντες

2069 2187 2178 2243 τῶν
2223 2187 2497 2240 τοσούτων
2543 2185 3006 2250 άπαλλάττοιντο;
3053 2183 3180 2256 [696
3208 2183 3299 2256 IL]
3345 2184 3410 2238 Ei
3452 2184 3510 2238 δὲ
3554 2187 3650 2240 καί

2074 2280 2314 2353 μαθόντα
2347 2280 2421 2350 μὴ
2455 2279 2681 2334 δυνατόν
2713 2281 2829 2332 ἐστι
2857 2281 3070 2349 φυγεῖν,
3112 2277 3166 2330 τί
3212 2278 3318 2349 χρὴ
3355 2278 3650 2349 μανθάνειν

2074 2374 2252 2445 μάτην
2302 2373 2398 2426 καὶ
2445 2373 2566 2436 ταῖς
2597 2371 2846 2443 φροντίσι
2879 2370 3329 2441 προδαπανᾶσθαι
3354 2371 3447 2424 καὶ
3471 2369 3647 2441 πλήτ-

2068 2464 2256 2518 τεσθαι
2285 2463 2393 2533 πρὸ
2433 2465 2532 2536 τῆς
2561 2463 2778 2534 πληγῆς
2811 2467 2907 2516 καὶ
2941 2461 3050 2534 πρὸ
3082 2463 3178 2516 τοῦ
3205 2461 3438 2520 θανάτου
3463 2465 3646 2534 χεῖρον

2069 2556 2178 2610 τῶν
2203 2554 2514 2610 τεθνεώτων
2542 2553 2903 2621 κολάξεσθαι;
3395 2547 3397 2552 1

2140 2734 2350 2788 Ἐκεῖνο
2375 2734 2433 2788 δὲ
2459 2735 2595 2789 πᾶσι
2637 2733 2967 2804 καταφανὲς,
3018 2735 3096 2798 ὡς
3124 2735 3152 2788 ό
3181 2733 3278 2805 τὴν
3303 2733 3646 2804 εἱμαρμένην

2069 2826 2303 2896 εἰσάγων
2331 2827 2427 2880 καὶ⁴
2449 2826 2560 2880 τῶν
2584 2825 2884 2879 σπουδαίων
2904 2827 3219 2898 ἀφαιρεῖται
3244 2827 3368 2890 τοὺς
3388 2826 3646 2890 ἐπαίνους

2069 2919 2308 2981 καὶτοὺς
2336 2917 2656 2987 στεφάνους,
2688 2919 2782 2971 καὶ
2809 2918 2920 2970 τῶν
2945 2917 3268 2988 κακούργων
3302 2918 3486 2972 ἄδικον
3511 2919 3644 2972 ἀνα-

2069 3010 2338 3082 κηρύσσει
2367 3009 2464 3080 τὴν
2497 3009 2687 3078 ποινὴν
2721 3009 2937 3073 καὶτὰς
2969 3009 3221 3074 εὐθύνας.
3267 3011 3332 3064 Εἰ
3358 3011 3467 3080 γὰρ
3510 3012 3644 3066 ἑκά-

2067 3118 2227 3172 τερος
2252 3101 2312 3168 ἐξ
2344 3101 2590 3171 ἀνάγκης
2619 3097 2785 3172 ἦλθεν
2813 3103 2894 3164 εἰς
2920 3101 2982 3154 τὸ
3011 3103 3274 3174 πράττειν
3315 3102 3352 3157 ἃ
3391 3104 3643 3176 πράττοι,

2062 3193 2186 3248 οὔτε
2233 3195 2330 3264 τῆς
2346 3196 2392 3228 ⁷⁸
2417 3193 2780 3263 ἀγαθοεργίας
2827 3195 2944 3248 ἐστ)⁵
2973 3196 3162 3267 μισθὸς
3192 3195 3316 3251 οὔτε
3363 3198 3462 3268 τῆς
3499 3216 3644 3252 κακ-

2061 3287 2289 3356 ουργίας
2329 3288 2522 3356 ποινῆς
2563 3286 2851 3358 εἷσπραξις
2870 3304 2885 3318 ·
2949 3288 2979 3340 ὃ
3007 3287 3126 3352 πῶς
3159 3289 3258 3342 οὐκ
3288 3290 3356 3343 ἂν
3385 3290 3474 3360 εἴη
3505 3291 3645 3355 ὅλως

2061 3378 2221 3450 ἡμῶν
2253 3379 2537 3450 συγχέον⁷⁹
2569 3378 2665 3432 καὶ
2708 3379 3016 3451 ἀνατρέπον
3063 3379 3156 3432 τὸν
3207 3381 3323 3452 βίον
3363 3384 3457 3436 καὶ
3500 3384 3644 3438 κατὰ

2060 3471 2155 3524 τοῦ
2197 3471 2333 3526 Θεοῦ
2357 3472 2456 3540 τὴν
2482 3471 2732 3540 γλῶσσαν
2758 3471 2978 3526 πάντων
3009 3473 3196 3539 ὀξῠνον
3225 3477 3601 3548 ἀναιδέστερον
3623 3497 3638 3544 ;

2062 3565 2176 3619 Οὐκ
2218 3565 2380 3634 ἤρκει
2425 3563 2482 3617 δὲ
2523 3567 2634 3627 τοῖς
2668 3563 2959 3634 δυστυχέσι
2991 3565 3054 3619 τὸ
3069 3566 3115 3598 ⁸ο
3140 3565 3210 3620 τὰ
3242 3569 3388 3622 κακὰ
3410 3571 3554 3621 νοεῖν
3583 3587 3644 3623 τε

2062 3654 2157 3707 καῖ⁹
2206 3654 2389 3724 λέγειν
2440 3653 2538 3707 καὶ
2591 3654 2855 3726 πράττειν
2886 3655 3329 3725 ·άναγκάζεσθαι,
3359 3658 3495 3713 ἀλλὰ
3523 3659 3643 3714 δέον

2062 3745 2328 3800 ἐλεεῖσθαι
2363 3747 2460 3800 καὶ
2486 3747 2546 3800 τὸ
2579 3746 2856 3817 μισεῖσθαι
2888 3748 3242 3820 προστίθεται
3265 3749 3363 3804 καὶ
3391 3751 3456 3806 τὸ
3483 3753 3644 3806 κολά-

2062 3839 2275 3905 ζεσθαι.

2131 3933 2194 3987 Εἰ
2225 3932 2282 3985 δὲ
2309 3931 2458 4002 λέγοι
2488 3950 2572 3997 τις
2600 3931 2678 3997 ὡς
2710 3935 2810 4005 οὐχ
2855 3935 3014 4006 ἡμῶν
3042 3937 3191 3992 ἐστιν
3230 3935 3430 3993 εἰδέναι
3475 3937 3564 3992 διὰ
3589 3936 3643 3992 τί

2060 4023 2315 4092 τοιαύτην
2343 4025 2372 4077 ό
2400 4022 2532 4086 Θεὸς
2561 4023 2963 4097 ἐδημιούργησε
2983 4026 3220 4094 γένεσιν,
3253 4028 3311 4080 ἐν
3338 4026 3642 4097 προσποιὴ-

2062 4133 2146 4168 σει
2175 4114 2271 4167 τοῦ
2308 4113 2623 4186 μετριάζειν
2667 4117 2986 4185 ἐπισφίγγει
3029 4117 3128 4187 τὴν
3171 4118 3510 4183 ἀσέϐειαν⁸¹,
3543 4119 3641 4172 καὶ

2059 4208 2127 4262 δι’
2153 4201 2228 4262 ὧν
2259 4208 2408 4261 δοκεῖ
2437 4207 2751 4278 μετριάζειν
2769 4245 2786 4273 ,
2821 4211 3006 4278 μεῖζον
3030 4210 3240 4265 ἀσεϐεῖ.
3271 4211 3334 4264 Εἰ
3362 4210 3472 4283 γάρ
3497 4211 3642 4283 καλὴ

2061 4299 2161 4370 μὲν
2200 4300 2234 4370 ἡ
2271 4297 2506 4368 γένεσις,
2541 4301 2676 4370 ἡμῖν
2703 4299 2760 4352 δὲ
2795 4298 3046 4366 φαίνεται
3075 4303 3242 4374 κακὴ,
3274 4303 3370 4356 καὶ
3397 4303 3555 4356 τοῦτο
3583 4303 3642 4357 δὲ

2058 4389 2168 4444 ἀπὸ
2198 4388 2488 4458 γενέσεως,
2516 4389 2617 4442 ούκ
2641 4389 2775 4460 ἐμὸν
2804 4391 2866 4444 τὸ
2891 4390 3115 4462 σφάλμα
3133 4433 3149 4459 ,
3180 4392 3391 4464 φαύλην
3431 4393 3641 4448 οἴεσθαι

379 4502 485 4542 non
533 4487 643 4556 jam
695 4489 798 4542 hoc
842 4503 1020 4543 meum
1053 4499 1293 4543 erratum
1325 4497 1430 4553 est,
1462 4488 1505 4541 si
1562 4487 1756 4541 malum
1804 4496 1957 4556 puto,

2072 4481 2160 4550 τὴν
2187 4481 2248 4534 ού
2275 4479 2506 4552 φαύλην,
2529 4480 2625 4534 τοῦ
2655 4480 2714 4534 δὲ
2743 4482 3004 4554 τοιαύτην
3034 4485 3218 4554 κρίσιν
3249 4485 3338 4538 διὰ
3361 4487 3460 4556 τῆς
3486 4485 3642 4554 γενέ-

379 4595 500 4647 qua:
547 4579 687 4633 mala
737 4593 842 4633 nou
873 4592 997 4645 est;
1031 4580 1123 4634 sed
1175 4579 1294 4650 ejus
1349 4580 1526 4648 potius
1571 4580 1661 4647 qui
1713 4577 1817 4632 tale
1866 4594 1960 4649 per

379 4672 616 4741 genesim
661 4671 922 4742 judicium
972 4672 1221 4742 cogitatis
1265 4672 1469 4726 nostris
1508 4672 1756 4726 inseruit.
1819 4670 1954 4725 Nam

381 4762 424 4817 si
461 4778 636 4817 meum
678 4770 917 4818 erratum
952 4773 1057 4827 est,
1091 4762 1268 4819 aliena
1300 4773 1462 4818 erunt
1499 4765 1685 4832 utique
1717 4779 1744 4816 a
1772 4765 1956 4835 genesi

380 4868 719 4924 quacunque
763 4857 830 4910 ad
859 4855 1094 4923 cogitata
1127 4856 1422 4924 pertinent,
1448 4871 1568 4926 quae
1597 4866 1651 4909 et
1691 4871 1871 4910 sermo
1898 4867 1954 4910 et

378 4949 633 5013 operatio.
654 4957 976 5016 sequuntur,
1012 4947 1317 5018 frustraque
1356 4946 1779 5019 fueritgenesis.
1815 4948 1951 5002 Vera

383 5036 545 5105 igitur
575 5036 874 5092 moderatio
926 5048 1194 5106 cautaque
1247 5037 1334 5093 hic
1386 5039 1802 5109 circumspectio
1848 5055 1951 5094 non

381 5128 474 5191 sit,
509 5126 702 5182 malam
748 5128 968 5184 ﬁnxisse
999 5129 1261 5200 genesim,
1298 5131 1598 5200 deindequo
1645 5132 1754 5188 Deo
1784 5131 1954 5186 malo-

380 5232 500 5272 rum
553 5218 933 5290 cogitationem
981 5222 1277 5276 concedere
1325 5239 1341 5288 ;
1389 5238 1563 5292 neque
1603 5224 1731 5278 item
1783 5223 1950 5289 illud,

2063 4587 2200 4635 σεως
2228 4569 2602 4640 καταθεμένου
2644 4571 2804 4642 ἡμῶν
2848 4575 2965 4636 τοῖς
2997 4573 3306 4644 λογισμοῖς-ο
3338 4576 3387 4627 εἰ
3416 4575 3474 4628 δὲ
3504 4576 3640 4645 ἐμὸν

2057 4666 2119 4720 τὸ
2169 4665 2415 4737 σφάλμα,
2446 4667 2603 4732 ἐκτὸς
2647 4668 2756 4741 ἄρα
2801 4669 3066 4739 γενέσεως
3093 4670 3163 4724 τὰ
3191 4671 3301 4726 τῶν
3335 4672 3636 4744 λογισμῶν,

2055 4753 2137 4822 οἷς
2182 4758 2467 4813 ἀκολουθεί
2507 4760 2605 4814 καὶ
2652 4761 2812 4830 λόγος
2856 4762 2952 4815 καὶ
2998 4761 3216 4833 πρᾶξις,
3247 4765 3342 4817 καὶ
3393 4766 3570 4837 μάτην
3603 4769 3638 4838 ὴ

2053 4854 2288 4922 γένεσις.
2307 4851 2539 4923 Ἀληθὴς
2586 4851 2765 4907 τοίνυν
2801 4855 3092 4926 μετριότης
3129 4857 3224 4909 καὶ
3274 4857 3531 4913 εὐλάϐεια
3575 4862 3638 4913 οὐ

2053 4945 2115 4999 τὸ
2142 4946 2320 5016 κακὴν
2348 4945 2551 4998 πλάσαι
2571 4945 2806 5014 γένεσιν,
2840 4943 2962 5000 εἶτα
2992 4951 3346 5020 παραχωρεῖν
3383 4950 3503 5020 Θεῷ
3527 4951 3638 5004 τῶν

2055 5038 2243 5091 κακῶν
2269 5037 2368 5108 τὴν
2396 5037 2620 5106 γνῶσιν,
2650 5037 2775 5090 οὐδὲ
2818 5039 2910 5091 τὸν
2957 5039 3120 5094 αὑτὸν
3154 5039 3336 5108 λέγειν
3361 5041 3524 5094 ὠθεῖν
3557 5043 3639 5104 είς

2056 5129 2124 5183 τὰ
2158 5129 2284 5202 [561
2317 5128 2414 5200 IL]
2447 5128 2596 5183 κακά
2625 5131 2720 5184 καὶ
2745 5131 2995 5195 κολάζειν
3020 5131 3116 5196 οὓς
3139 5133 3226 5188 διὰ
3243 5135 3344 5203 τῆς
3369 5134 3638 5202 γενέσεως

2059 5219 2292 5290 ὢθησεν.
2321 5221 2437 5275 Οὐκ
2471 5219 2587 5274 ἐστι
2617 5221 2793 5278 ταῦτα
2826 5223 3230 5295 μετριάζοντος,
3277 5225 3391 5280 ἀλλ’
3419 5228 3477 5279 ἐν
3503 5227 3636 5296 σχή-

1650 5357 1890 5413 VARUS
1921 5353 2332 5412 LECTIONES.

483 5474 532 5508 ’δ
555 5476 725 5550 αὐτῆς
756 5477 798 5534 Δ
820 5494 841 5550 7:
871 5479 1066 5540 αὐτοὺς
1102 5496 1162 5542 ς’.
1237 5478 1283 5511 ⁷⁸
1304 5478 1501 5547 ἑαυτῆς
1527 5479 1768 5550 Scaliger
1802 5496 1815 5532 :
1856 5479 1974 5550 libri
2013 5476 2258 5540 ἑαυτούς.

817 5549 862 5580 ’⁸
895 5551 1014 5602 Ιὶιιτὶ
1050 5549 1291 5618 συγχέων
1321 5579 1389 5587 -
1411 5549 1730 5619 ἀνατρέπων
1768 5581 1837 5592 -——
1865 5549 2168 5616 όξύνοντος.

381 5546 489 5616 γὰρ
519 5546 619 5616 τῆς
647 5546 706 5613 ς.

2345 5477 2390 5508 ⁷⁸
2412 5477 2479 5530 τά
2513 5480 2557 5531 Α
2589 5492 2605 5530 :
2637 5477 2698 5533 τὸ
2726 5497 2787 5542 ς.
2884 5481 2928 5512 ’⁷
2959 5481 3230 5542 μανθάνον
3271 5498 3334 5542 ς’.
3429 5483 3478 5515 ⁷⁸
3505 5481 3633 5536 οὔτε

2884 5481 2928 5512 ⁷⁷
2942 5551 2945 5552 ν
2959 5481 3230 5552 μανθάνον
3271 5498 3334 5546 ς’.

2259 5550 2304 5581 ³ο
2336 5547 2395 5600 τὸ
2422 5549 2546 5603 add.
2568 5549 2635 5603 A.

2743 5549 2785 5580 ⁸¹
2827 5549 3108 5607 εὐσέϐειαν
3139 5573 3199 5618 ς’,

1911 5669 2138 5725 ΝΟΤΛΕ.

448 5754 558 5823 (63)
590 5755 785 5812 Extero
816 5758 899 5812 hic
936 5759 1174 5811 Voculam
1216 5761 1322 5830 γὰρ
1352 5776 1415 5814 ex
1463 5763 1795 5830 praecedente
1825 5764 2045 5821 forsitan
2080 5781 2234 5818 versu
2287 5765 2529 5831 illapsam
