3972 6248
267 258 376 322 869

1342 258 1873 320 BlBLIOTHECA.
1891 283 1958 293 -·
1986 260 2151 321 COD.
2188 260 2444 321 CCXX'ZI
2454 260 2477 319 Ι
2489 306 2501 321 .

3427 264 3535 328 870

264 389 401 442 ματι
450 370 958 441 ταπεινοφροσύνης
1001 369 1246 442 χαλεπὴν
1275 370 1492 441 ἀπάτην
1521 373 1853 441 εἰσάγοντος.

1965 374 2231 432 atlirmare
2268 377 2518 431 eumdem
2549 383 2604 432 et
2627 376 2695 432 ad
2739 375 2937 432 malum
2965 376 3266 449 impellere,
3305 387 3362 434 et
3404 396 3543 450 quos

259 465 335 517 Τὸ
379 462 437 515 δὲ
490 463 591 533 τῆς
635 463 920 526 εὐσεϐείας
952 465 1105 531 γένος
1146 464 1246 535 οὐχ
1273 463 1485 534 ὑϐρίζει
1513 464 1645 518 Θεὸν
1677 466 1745 522 δι’
1777 459 1853 520 ὧν

259 556 409 609 δοκεῖ
432 556 625 626 τιμᾷν,
656 557 779 609 οὐδέ
810 557 910 627 τὴν
940 557 1107 611 αὐτοῦ
1140 557 1355 629 ἀναιρεί
1383 557 1719 627 ἀγαθότητα,
1743 559 1853 615 τῶν

259 649 450 703 κακῶν
478 648 630 721 αὐτῷ
657 650 757 719 τὴν
778 649 1026 713 ἐξουσίαν
1059 649 1317 719 παρέχον.
1337 649 1567 704 Ἀδικεῖν
1595 652 1704 723 γὰρ
1727 650 1852 704 οὔτε

260 736 402 794 οἶδεν
446 740 573 794 οὔτε
618 742 907 813 δυνήσεται
945 744 974 813 ἡ
1010 742 1101 795 τοῦ
1136 742 1271 796 Θεοῦ
1306 743 1527 810 ἐξουσία
1550 758 1564 773 ⁸
1597 744 1660 796 οὐ
1708 745 1855 798 ποιεῖ

261 833 429 902 φονέα
459 832 557 885 καὶ
591 832 833 897 κολάζει,
864 833 973 886 οὐδ’
1003 832 1339 903 ἀπαγορεύει
1365 834 1581 887 πταίειν
1610 835 1707 887 καὶ
1732 834 1851 905 βιά-

259 925 416 990 ζεται
471 924 812 996 παρακούειν
866 927 961 980 καὶ
1014 924 1443 997 παρακούσαντα
1501 929 1850 998 τιμωρεῖται.

259 1019 450 1073 Ταῦτα
479 1015 605 1071 οὔτε
639 1019 842 1087 πρέπει
873 1015 993 1088 Θεῷ
1021 1016 1146 1070 οὐτε
1180 1017 1410 1087 εὐσεϐὴς
1436 1018 1612 1082 οὐδεὶς
1637 1019 1855 1090 δέχεται

260 1109 544 1180 λογισμός.
584 1109 667 1162 Τά
704 1109 763 1162 δὲ
800 1108 1080 1181 πρέποντα
1110 1110 1362 1180 νοοῦμεν,
1392 1110 1487 1163 καὶ
1529 1111 1638 1164 τῶν
1666 1113 1724 1165 ἐν
1759 1113 1853 1165 κό-

262 1220 388 1274 σμῳ
415 1202 721 1274 γινομένων
746 1202 845 1273 τὴν
872 1202 1112 1273 παντελῆ
1157 1202 1463 1273 κατάληψιν
1497 1202 1649 1273 αὐτῷ
1680 1221 1856 1273 παρα-

263 1293 574 1367 ιωροῦμεν,
602 1295 699 1349 καὶ
725 1293 1054 1347 καταλαϐεῖν
1085 1295 1147 1347 οὐ
1179 1294 1623 1366 φιλονεικοῦμεν,
1654 1296 1856 1358 εἰδότες

260 1388 339 1451 ὡς
367 1387 428 1439 οὐ
463 1384 915 1455 καταληψόμεθα.
934 1385 1138 1456 Ἀληθῆ
1171 1386 1229 1439 δὲ
1262 1385 1397 1440 Θεοῦ
1426 1386 1673 1451 ἐξουσίαν
1696 1387 1856 1458 ίσμεν

261 1480 323 1532 τὸ
354 1481 493 1550 μήτε
516 1478 770 1549 πονηρῶν
796 1478 1064 1549 ἡττᾶσθαι
1090 1479 1186 1533 καὶ¹
1212 1480 1349 1551 πρὸς
1375 1480 1436 1533 τὸ
1455 1482 1566 1534 τῶν
1592 1481 1856 1551 δημιουρ-

261 1570 532 1639 γημάτων
564 1570 844 1640 συμφέρον
876 1570 1181 1641 κεχρῆσθαι
1212 1573 1277 1641 τῇ
1310 1570 1627 1644 ἀγαθότητι.
1654 1574 1856 1626 Σκόπει

259 1661 318 1713 δὲ
380 1663 638 1714 κάκεῖνο·
684 1662 773 1715 Ἐν
829 1662 1173 1733 κυνηγεσίοις
1205 1662 1569 1734 παροξύνουσι
1620 1665 1856 1736 ταύρους

1959 482 2026 524 eo
2046 483 2140 538 per
2160 470 2398 538 genesim
2435 469 2736 540 impulerit,
2770 471 3118 526 nihilominus
3166 474 3361 543 punire
3389 490 3405 539 ;
3437 492 3541 530 non

1959 570 2089 614 sunt
2132 559 2246 615 haec
2293 561 2546 616 modeste
2567 561 2861 631 loquentis,
2917 563 3010 617 sed
3053 563 3168 632 ipsa
3199 565 3546 621 demissionis

1959 652 2137 722 specie
2162 654 2213 706 in
2245 669 2461 724 gravem
2490 669 2727 709 errorem
2761 655 3085 711 iuducentis.
3113 658 3183 711 At
3220 673 3348 712 vero
3374 660 3546 727 picta-

1961 752 2067 797 tem
2109 743 2294 798 colens
2350 744 2590 809 soboles,
2639 744 2842 799 nullam
2880 745 2992 800 Deo
3038 747 3287 818 injuriam
3330 764 3423 818 per
3454 748 3543 802 illa

1960 835 2148 889 eadem
2198 834 2350 901 facit,
2383 851 2478 904 per
2522 850 2644 905 quae
2670 836 2846 905 ipsum
2888 836 3067 893 colere
3107 852 3166 892 se
3203 838 3499 891 arbitratur
3527 877 3542 899 ,

1960 941 2137 996 neque
2170 926 2287 995 ejus
2339 927 2478 981 tollit
2508 928 2827 994 bonitatem,
2864 929 3128 989 malorum
3153 930 3255 1001 ipsi
3299 941 3541 1001 potesta-

1961 1027 2070 1075 tem
2105 1020 2474 1085 attribuendo,
2498 1018 2747 1089 iniuriam
2775 1022 2919 1076 enim
2947 1022 3128 1077 facere
3171 1037 3344 1092 neque
3384 1023 3545 1077 nitido

1960 1112 2131 1176 novit,
2176 1125 2351 1182 neque
2379 1128 2617 1180 unquam
2643 1114 2843 1182 poterit
2877 1112 3058 1168 divina
3089 1115 3327 1183 potentia
3365 1133 3379 1169 :
3412 1130 3543 1181 non,

1960 1220 2121 1277 quem
2156 1208 2271 1263 huic
2313 1207 2637 1261 homicidam
2691 1207 2843 1269 fecit,
2882 1216 3072 1276 postea
3118 1210 3346 1277 castigat
3438 1223 3544 1261 non

1962 1303 2034 1356 ita
2080 1299 2335 1372 prohibet
2358 1299 2489 1361 labi,
2538 1311 2597 1354 ut
2625 1300 2820 1355 deinde
2853 1309 2910 1353 et
2935 1309 3096 1368 cogat
3138 1314 3243 1353 non
3269 1299 3547 1365 obtempe-

1962 1410 2089 1450 rare
2128 1403 2420 1466 praecepto,
2452 1401 2509 1447 et
2550 1394 2737 1462 puniat
2781 1393 3162 1464 negligentem.
3214 1392 3338 1447 Hmc
3372 1406 3547 1461 neque

1963 1484 2017 1538 in
2053 1484 2219 1539 Deum
2260 1485 2484 1547 cadunt,
2525 1498 2698 1553 neque
2733 1478 2760 1537 a
2792 1488 2876 1553 pia
2927 1494 3109 1539 mente
3157 1484 3543 1537 admittuntur.

1962 1572 2075 1626 Nos
2113 1582 2293 1625 autem
2340 1586 2459 1640 quae
2488 1580 2851 1627 consentanea
2886 1581 3011 1627 sunt
3038 1583 3216 1628 mente
3250 1574 3544 1642 agitantes,

1963 1662 2202 1732 perfecte
2229 1663 2394 1716 Deum
2421 1662 2601 1716 omnia
2633 1678 2753 1733 qua:
2780 1663 2832 1717 in
2865 1664 3068 1719 mundo
3108 1664 3261 1729 fiunt,
3295 1679 3546 1732 compre-

261 1754 401 1824 πρὶκ
418 1754 465 1785 δ’
495 1754 677 1824 μάχην
717 1753 1077 1825 ἐρεθίζοντες,
1106 1755 1213 1808 κᾶν
1264 1754 1339 1825 μὴ
1383 1756 1699 1825 χρήσωνται
1741 1758 1856 1819 τοῖς

1965 1755 2196 1809 hendere
2229 1753 2462 1807 fatemur
2496 1770 2509 1819 ;
2544 1762 2598 1807 at
2633 1769 2736 1808 non
2761 1754 2924 1809 etiam
2967 1756 3067 1824 ipsi
3085 1757 3547 1825 comprehendere

262 1846 482 1913 θυμοῖς,
511 1846 917 1914 ἀγανακτοῦσιν
947 1845 998 1898 οἱ
1023 1846 1311 1899 δεσπόται·
1335 1847 1364 1900 6
1390 1846 1448 1899 δὲ
1468 1846 1577 1899 τῶν
1607 1847 1853 1918 ἀστέρων

260 1939 462 2008 δρόμος
509 1940 637 2002 τοὺς
685 1939 1198 2009 πειθομένουςίτοῖς
1240 1938 1422 1993 αὐτῶν
1453 1938 1857 2009 ἀποτελέσμασι

263 2032 523 2096 θανάτοις
551 2032 894 2103 ἀμείϐονται.
926 2032 1159 2096 Δούλους
1185 2032 1350 2087 πάλιν
1373 2034 1535 2103 ἡμεῖς
1562 2031 1858 2087 ἀπειθοῦν-

259 2143 362 2187 τας
390 2125 718 2196 κολάξομεν,
742 2126 991 2196 τιμῶμεν
1011 2124 1070 2179 δέ
1101 2125 1476 2189 ὑπακούοντας
1499 2144 1513 2158 ’
1542 2127 1576 2197 ἡ
1601 2126 1660 2180 δὲ
1688 2125 1863 2181 ταῦτα

260 2218 407 2269 νοεῖν
466 2234 525 2270 τε
580 2219 677 2271 καὶ
729 2217 992 2287 πράττειν
1055 2218 1444 2288 ἀναγκάζουσα
1495 2218 1708 2287 γένεσις
1762 2218 1859 2272 καὶ

262 2306 483 2359 πταίειν
512 2306 883 2377 παρακελεύει
910 2307 1008 2362 καὶ
1033 2309 1328 2381 τιμωρίαις
1349 2309 1551 2379 ὑπάγει
1579 2309 1707 2373 τοὺς
1736 2326 1859 2363 πει-

263 2396 517 2462 σθέντας,
551 2399 647 2453 καὶ
692 2400 841 2470 ἡμᾶς
899 2399 998 2471 μὲν
1043 2400 1287 2466 δικαίους
1337 2401 1534 2473 πρὺς⁸³
1573 2402 1701 2465 τοὺς
1750 2400 1856 2455 ὑπὸ

262 2493 425 2560 χεῖρα
477 2490 592 2544 ἔσθ’
621 2493 708 2546 ὅτε
744 2496 910 2561 ποιεῖ,
944 2494 1085 2565 αὐτὴ
1129 2495 1187 2548 δὲ
1228 2495 1299 2559 τά
1325 2493 1638 2551 ἀδικώτατα
1668 2495 1855 2565 δρῶσα

265 2578 348 2644 είς
400 2583 551 2652 ἡμᾶς
603 2582 703 2636 οὐκ
746 2579 1236 2657 αίσχύνεται.⁷Λρ’
1276 2586 1376 2639 οὐκ
1426 2586 1632 2658 ἐσχάτη
1685 2588 1857 2657 μανία

262 2672 441 2728 ταῦτα
474 2675 749 2745 νομίζειν;
788 2675 949 2731 Ἀλλά
991 2674 1216 2730 τοιαῦτα
1265 2676 1367 2748 μὲν
1397 2678 1491 2732 καὶ
1518 2676 1581 2731 τὸ
1607 2676 1661 2748 μ’
1691 2677 1786 2731 καὶ
1814 2676 1858 2730 ε’

261 2766 623 2836 διαλαμϐάνει
653 2769 969 2840 κεφάλαιον.

1961 1847 2075 1901 haec
2113 1845 2513 1910 contendimus,
2563 1848 2698 1901 certi
2743 1861 2839 1902 nos
2869 1863 3144 1916 nunquam
3178 1849 3538 1918 comprehen-

1962 1955 2143 1999 suros.
2203 1941 2467 1996 Caeterum
2509 1942 2647 1996 hanc
2690 1957 2810 1996 esse
2862 1957 3045 1997 veram
3101 1941 3195 1999 Dei
3249 1945 3546 2012 potentiam

1963 2033 2329 2102 agnoscimus,
2364 2033 2508 2102 quod
2539 2048 2715 2102 neque
2744 2052 2772 2087 a
2810 2034 2965 2089 malis
3004 2034 3295 2104 aliquando
3320 2050 3546 2105 supere-

1969 2133 2078 2191 tur,
2114 2133 2171 2179 et
2194 2128 2337 2194 quod
2370 2125 2420 2178 in
2459 2140 2639 2180 rerum
2676 2125 3021 2180 conditarum
3075 2126 3361 2181 utilitatem
3388 2127 3548 2181 boni-

1968 2226 2081 2271 tate
2103 2224 2305 2270 utatur.
2336 2217 2405 2270 At
2431 2225 2486 2269 tu
2523 2216 2655 2269 mihi
2678 2216 2841 2269 etiam
2870 2216 2997 2269 illud
3030 2218 3333 2272 considera.
3362 2216 3549 2272 Solent

1965 2306 2021 2363 in
2076 2306 2461 2363 venationibus
2512 2307 2651 2362 tauri
2699 2306 2942 2363 stimulis
2977 2308 3226 2371 excitari,
3266 2318 3427 2377 atque
3479 2309 3547 2363 ad

1964 2398 2307 2469 pugnandum
2328 2398 2607 2468 proritari,
2631 2397 2871 2454 dolorem
2904 2414 3119 2469 quoque
3152 2399 3352 2468 220a
3375 2400 3550 2453 domi-

1964 2491 2050 2545 nis
2067 2490 2450 2555 sentientibus,
2470 2490 2515 2545 si
2539 2488 2677 2546 forte
2705 2491 2886 2547 minus
2902 2492 3322 2546 excandescant.
3348 2487 3548 2543 Verum

1964 2592 2238 2640 astrorum
2292 2583 2381 2639 ille
2425 2598 2619 2639 cursus
2672 2593 2846 2639 morte
2908 2594 3290 2639 remuneratur
3316 2597 3409 2637 eos
3457 2582 3545 2652 qui

1965 2675 2138 2747 ipsius
2184 2674 2443 2732 fatalibus
2502 2676 2737 2732 decretis
2786 2677 3079 2732 obsecutus
3116 2675 3299 2731 fuerit.
3348 2674 3549 2730 Servos

1960 2767 2148 2823 adhaec
2159 2775 2375 2822 nostros
2397 2767 2774 2838 immorigeros
2794 2767 3148 2835 castigamus,
3184 2767 3547 2836 obsequentes

263 2864 495 2935 praemio
522 2863 897 2919 amcimus.At
925 2864 1017 2919 illa
1039 2880 1159 2936 quae
1181 2865 1297 2921 haec
1326 2863 1565 2937 cogitare
1589 2877 1656 2919 ac
1680 2861 1862 2919 facere
1890 2861 2037 2931 cogit
2063 2862 2374 2933 genesis,et
2394 2860 2499 2916 labi
2533 2862 2706 2931 jubet,
2772 2870 2828 2917 et
2861 2875 3153 2932 persuasos
3212 2861 3546 2915 cruciatibus

182 3003 187 3011 .
264 2952 508 3021 subjicit.
540 2952 739 3009 Eadem
772 2952 900 3008 item
938 2969 1037 3010 nos
1063 2954 1279 3024 quidem
1318 2954 1497 3025 justos
1527 2955 1582 3009 in
1609 2953 1856 3010 subditos
1929 2951 2201 3007 interdum
2254 2952 2406 3019 facit,
2455 2965 2580 3007 cum
2631 2955 2743 3023 ipsa
2791 2954 3009 3009 interim
3078 2952 3434 3023 iniustissima
3488 2955 3545 3009 in

265 3065 369 3104 nos
396 3050 738 3104 committere
773 3064 877 3104 non
907 3050 1213 3108 erubescat.
1241 3050 1433 3106 Annon
1488 3049 1652 3121 igitur
1683 3055 1945 3104 extremae
1984 3046 2271 3103 dementia:
2318 3048 2434 3104 hac
2470 3058 2715 3104 statuere
2758 3047 2781 3101 ?
2824 3047 3002 3119 Atque
3068 3048 3185 3103 haec
3246 3046 3433 3115 quinto
3490 3058 3546 3101 et

262 3142 689 3211 quadragesimo
716 3142 895 3212 capite
916 3144 1157 3200 disserit.

339 3232 469 3305 [697
491 3232 587 3306 R.]
628 3234 715 3288 Ἐν
738 3234 899 3307 δέτῷ
921 3235 1019 3305 pg’
1039 3238 1203 3308 φησὶν
1224 3238 1300 3303 ὡς
1326 3239 1432 3294 ὑπὸ
1455 3237 1557 3310 τῆς
1587 3241 1858 3311 γενεθλια-

2041 3234 2467 3305 Quadragesimo
2492 3242 2651 3288 sexto
2702 3232 2877 3301 capite
2906 3233 3103 3287 asserit
3169 3232 3290 3287 illos
3322 3250 3350 3286 a
3384 3250 3550 3305 gene-

260 3326 457 3393 λογίας
486 3328 538 3380 οἱ
572 3328 905 3397 ἐκμανέντες
954 3329 1050 3383 καὶ
1091 3332 1434 3402 Δημιουργδν
1464 3332 1576 3387 τῶν
1603 3332 1863 3389 ἀπάντων

262 3418 634 3473 ὑποτάττουσι
666 3419 861 3495 ταύτῃ.
897 3422 1039 3475 Φασὶ
1063 3422 1193 3494 γὰρ,
1225 3423 1414 3495 ὥσπερ
1446 3425 1508 3478 τὸ
1535 3424 1859 3498 δικαιοπρα-

261 3515 386 3580 γεῖν
416 3513 526 3564 ἀπὸ
550 3512 819 3581 γενέσεως
840 3554 855 3578 ,
882 3513 1027 3567 οὕτω
1057 3515 1154 3567 καὶ
1180 3514 1241 3568 τὸ
1273 3516 1715 3587 προσευχόμενον
1740 3519 1857 3571 είσ-

262 3604 569 3659 ακούεσθαι
596 3605 689 3658 καὶ
712 3605 774 3658 τὸ
801 3604 1143 3676 πληροῦσθαι
1172 3605 1309 3660 Θεοῦ
1340 3609 1645 3678 παρουσίας
1672 3611 1769 3663 καὶ
1797 3609 1860 3664 τὸ

264 3695 669 3764 καταξιοῦσθαι
715 3696 1004 3769 θειοτέρων
1049 3698 1635 3769 ἀποκαλύψεων.Ὦστε
1679 3700 1739 3767 ἐξ
1782 3695 1859 3759 ὧν

264 3790 514 3860 τολμῶσι
539 3788 718 3857 λέγειν
736 3832 750 3855 ,
783 3789 876 3843 τὸν
906 3791 1040 3844 Θεὸν
1068 3792 1345 3863 ὑπηρέτην
1371 3794 1728 3863 ἀποφαίνουσι
1759 3796 1859 3866 τῆς

265 3882 562 3949 γενέσεως,
591 3881 860 3937 κάκείνων
890 3883 1185 3955 εὐεργέτην
1216 3880 1299 3947 οἷς
1329 3886 1394 3939 ἂν
1430 3889 1459 3939 6
1502 3886 1708 3957 ταύτης
1734 3886 1861 3958 δρό-

271 3992 373 4044 μος
395 3976 458 4027 τὸ
471 3974 518 4006 ⁸⁸
546 3975 777 4046 πάσχειν
807 3972 867 4029 εὖ
896 3976 1188 4049 ἐχαρίσατο
1207 3992 1223 4010 ο
1248 3971 1310 4032 οὗ
1338 3978 1391 4032 τί
1417 3977 1485 4032 ἂν
1510 3979 1595 4050 εἴη
1624 3979 1860 4034 ἀθεώτε-

269 4085 365 4138 ρον
394 4067 431 4136 ἢ
462 4066 917 4139 δυσσεϐέστεροη
950 4070 1014 4123 Ei
1051 4068 1110 4121 δέ
1151 4068 1324 4123 ταῦτα
1373 4070 1469 4124 καὶ
1514 4070 1585 4125 τὰ
1634 4071 1858 4126 τοιαῦτα

266 4158 369 4225 τῆς
396 4156 742 4227 εἱμαρμένης
768 4157 1083 4229 ἀφαιροῦσι,
1119 4142 1190 4212 τά
1221 4158 1454 4227 μέγιστα
1491 4160 1601 4214 τῶν
1637 4161 1860 4230 ἀγαθῶν

268 4248 447 4315 αὐτῆς
476 4247 901 4317 ἀποτέμνοντες,
930 4249 1098 4319 μόνης
1125 4248 1407 4315 δεσπόζειν
1434 4251 1700 4324 πονηρίας
1728 4253 1860 4306 ἀνα-

268 4342 599 4410 γράφουσιν.
647 4340 811 4395 Ἀλλά
854 4342 951 4395 καὶ
993 4343 1278 4407 πλείστους
1327 4343 1527 4408 ἔδειξεν
1572 4346 1601 4398 6
1649 4346 1863 4417 μακρὸς

268 4434 467 4505 χρόνος
513 4433 574 4499 ἐξ
623 4434 825 4503 ἀρετῆς
875 4436 957 4498 εἰς
1002 4435 1203 4489 κακίαν
1249 4436 1689 4503 μεταϐαλόντας
1717 4438 1859 4493 ὥστε

272 4527 441 4581 πάλιν
468 4528 664 4598 κρατεῖ
691 4521 766 4580 ὧν
793 4527 894 4581 οὐκ
921 4528 1162 4597 ἐκράτει,
1190 4529 1316 4592 τούς
1344 4528 1583 4598 ἀγαθοὺς
1611 4532 1692 4594 είς
1716 4532 1858 4602 φαύ-

1981 3327 2262 3396 thlialogia
2291 3325 2656 3392 dementatos,
2678 3325 2918 3379 omnium
2944 3339 3161 3394 quoque
3190 3326 3547 3381 architecmm

1961 3420 2131 3475 Deum
2176 3417 2352 3472 eidem
2408 3414 2711 3485 subjicere.
2763 3414 2840 3468 Ita
2870 3415 3018 3470 enim
3072 3415 3401 3485 loquuntur,
3448 3417 3547 3484 ait,

1960 3508 2415 3583 quemadmodum
2462 3509 2607 3578 juste
2640 3507 2824 3562 vivere
2863 3522 2893 3561 a
2927 3507 3111 3577 genesi
3140 3507 3547 3574 {proficiscitun

1960 3605 2042 3660 sic
2067 3612 2122 3658 et
2149 3611 2397 3656 orantem
2437 3597 2703 3663 exaudiri,
2739 3606 2794 3652 et
2842 3597 2935 3652 Dei
2973 3600 3258 3668 praesentia
3314 3598 3546 3668 impleri,

1959 3705 2014 3752 et
2042 3694 2240 3751 divinis
2268 3691 2476 3762 dignari
2503 3690 2954 3762 apparitionibus.
2995 3690 3102 3746 Per
3136 3706 3199 3745 ca
3231 3691 3393 3761 igitur
3430 3705 3551 3760 qua)

1961 3800 2208 3842 asserere
2233 3784 2332 3853 ipsi
2358 3784 2584 3847 audent,
2611 3783 2776 3837 Deum
2796 3792 2926 3838 esse
2946 3778 3211 3852 geneseos
3240 3782 3548 3837 ministrum

1960 3880 2266 3941 declarant,
2304 3888 2470 3947 atque
2505 3877 2559 3931 in
2599 3891 2694 3932 eos
2725 3875 2873 3931 solos
2916 3891 3039 3930 esse
3078 3874 3401 3940 beneficum,
3431 3876 3552 3943 qui-

1961 3969 2061 4025 bus
2094 3969 2257 4039 hujus
2292 3984 2490 4023 cursus
2518 3967 2845 4023 beneﬁcium
2875 3967 3125 4036 accipere
3156 3966 3388 4037 benigne
3421 3982 3553 4021 con-

1960 4060 2210 4118 cesserit.
2255 4057 2375 4127 Qno
2417 4059 2544 4129 quid
2573 4074 2697 4114 esse
2722 4059 2894 4130 possit
2926 4060 3151 4129 impium
3191 4058 3411 4130 magis?
3457 4058 3551 4112 Sin

1961 4156 2078 4213 hac
2118 4166 2283 4227 atque
2316 4157 2399 4210 his
2427 4154 2623 4210 similia
2657 4155 2927 4221 adimunt,
2955 4156 3066 4224 jam
3115 4156 3368 4211 maximis
3394 4156 3461 4210 ab
3488 4170 3554 4210 eo

1961 4248 2119 4304 bonis
2149 4247 2651 4314 divulsis,inunam
2691 4247 2964 4302 duntaxat
2993 4249 3258 4302 dominari
3292 4248 3550 4302 malitiam

1960 4342 2301 4411 scripserint.
2339 4340 2593 4395 Attamen
2640 4349 2853 4409 tempus
2882 4340 3065 4395 docuit
3096 4356 3254 4409 quam
3292 4341 3554 4409 plurimos

1961 4446 1992 4486 e
2049 4432 2206 4487 bonis
2260 4432 2431 4486 malos
2463 4431 2702 4487 evasisse
2732 4448 2746 4498 ;
2786 4432 2858 4484 ita
2886 4439 2948 4485 ut
2970 4432 3170 4499 probos
3204 4431 3257 4484 in
3277 4430 3552 4499 improbos

1962 4526 2368 4587 commutando,
2424 4524 2477 4575 in
2514 4537 2609 4577 eos
2662 4536 2884 4575 rursum
2907 4529 3232 4589 potestatem
3286 4522 3550 4586 obtineat,

270 4618 400 4682 λους
427 4588 860 4689 μετακινήσασα.
882 4588 1070 4683 Οὕτως
1098 4621 1132 4690 ή
1150 4588 1366 4690 ⁷ταύτης
1392 4588 1648 4685 ῦπόθεσις
1672 4588 1858 4678 *πάντα

1965 4616 2055 4684 qui
2103 4615 2171 4670 ab
2218 4616 2334 4684 ejus
2380 4614 2616 4685 potentia
2648 4613 2802 4667 liberi
2846 4623 3021 4669 erant.
3074 4612 3224 4668 Adeo
3262 4613 3387 4667 dum
3438 4613 3553 4668 haec

272 4712 471 4781 συγχεί
516 4710 614 4764 καὶ
638 4710 919 4782 ταράττει,
950 4712 1044 4764 καὶ
1076 4712 1185 4782 πρὸ
1212 4712 1432 4768 πάντων
1459 4713 1659 4782 ἐαυτὴν
1686 4731 1859 4769 κατα-

271 4799 463 4853 ϐάλλει
488 4815 548 4853 τε
574 4799 671 4854 καὶ
697 4800 1042 4872 περιτρέπει.

347 4981 515 5049 Λέγει
542 4981 600 5036 δέ
631 4982 773 5036 κατά
801 4984 863 5037 τὸ
892 4983 1018 5051 ἐξῆς
1048 4983 1342 5053 κεφάλαιον
1369 4985 1388 5057 (
1405 4982 1450 5049 ζ’
1475 4984 1534 5039 δὲ
1567 4985 1724 5040 τοῦτό
1748 4988 1864 5043 ἐστι

276 5072 372 5127 καὶ
405 5074 480 5143 μ’)
515 5075 593 5138 ὡς
613 5074 711 5129 καὶ
743 5075 851 5128 τῶν
878 5076 1009 5145 παρ’
1038 5076 1264 5147 Ἕλλησι
1296 5077 1774 5149 φιλοσοφησάντων
1797 5081 1866 5135 τά

278 5161 506 5216 τοιαῦτά
556 5182 703 5228 τινες
748 5167 839 5219 ἐπὶ
885 5166 1010 5220 νοῦν
1057 5166 1273 5238 θέμενοι
1316 5169 1436 5222 τὸ⁸⁵
1465 5170 1565 5240 τῆς
1601 5172 1866 5241 γενέσεως

279 5255 672 5327 ἐμυσάχθησάν
718 5275 778 5311 τε
827 5259 923 5312 καὶ
969 5260 1338 5329 κατεγέλασαν
1375 5260 1621 5331 πλάσμα.
1672 5263 1867 5317 Καίτοι

278 5342 370 5393 τόν
395 5358 457 5395 τε
480 5344 711 5415 οὐρανὸν
740 5345 1031 5418 σφαιρικὸν
1059 5349 1211 5402 οὐδὲν
1238 5345 1404 5421 ἦττον
1432 5350 1465 5419 ἢ
1492 5344 1643 5405 οῦτοι
1678 5352 1864 5421 ἐδόξα-

283 5433 395 5497 ζον,
423 5436 522 5486 καὶ
574 5433 680 5505 μὴν
710 5435 806 5488 καὶ
850 5435 949 5507 τὴν
991 5436 1101 5491 τῶν
1134 5436 1340 5501 ζωδίων
1365 5438 1616 5493 σύνθεσιν
1643 5442 1735 5494 καὶ
1766 5441 1866 5514 τὴν

282 5523 390 5576 τῶν
423 5524 712 5597 πλανήτων
742 5527 958 5600 κίνησιν
984 5530 1085 5583 οὐκ
1113 5530 1289 5595 ἄλλως
1333 5532 1602 5601 ἐνόμιζον.
1632 5533 1727 5596 Τίς
1772 5533 1864 5588 οῦν

1965 4706 2251 4771 statuitur,
2287 4707 2476 4761 omnia
2501 4706 2907 4762 confunduntur
2931 4714 3094 4774 atque
3130 4706 3547 4772 conturbantur,

1967 4813 2022 4859 et
2050 4802 2136 4858 vel
2172 4803 2288 4872 ipsa
2336 4816 2461 4857 sese
2495 4810 2622 4858 ante
2650 4801 2832 4859 omnia
2863 4800 3181 4872 prosternit,
3209 4814 3276 4857 ac
3316 4800 3551 4857 circum-

1969 4897 2178 4965 agendo
2204 4896 2428 4950 evertit.

2041 4988 2353 5043 Proximum
2406 4987 2603 5043 deinde
2658 4996 2830 5058 caput
2880 4988 3212 5060 (septimum
3274 4987 3328 5042 id
3382 4992 3553 5043 estet

1979 5080 2481 5153 quadragesimum)
2498 5081 2713 5147 asserit,
2732 5079 2957 5136 Graecos
2978 5080 3182 5151 aliquot
3200 5080 3547 5151 phiIOSOphos

1970 5170 2086 5224 hac
2132 5170 2316 5225 animo
2357 5170 2794 5234 considerantes,
2843 5170 2973 5225 illud
3009 5172 3075 5226 de
3102 5172 3285 5241 genesi
3325 5171 3548 5239 figmen-

1969 5270 2084 5315 tum
2116 5262 2413 5317 detestatos
2460 5276 2586 5318 essc
2631 5272 2795 5332 atque
2835 5262 3073 5317 irrisisse
3100 5302 3114 5326 ,
3156 5276 3462 5332 quanquam
3496 5271 3548 5317 et

1973 5354 2171 5409 cmlum
2200 5355 2373 5424 ipsum
2397 5370 2506 5410 non
2540 5369 2699 5411 secus
2734 5365 2901 5424 atque
2923 5354 2999 5409 illi
3028 5355 3306 5424 globosum
3337 5368 3550 5409 assere-

1976 5452 2099 5498 rent
2132 5460 2148 5511 ;
2199 5452 2254 5499 et
2290 5460 2399 5500 non
2421 5445 2581 5501 aliter
2610 5446 2677 5501 de
2706 5445 2986 5516 signorum
3018 5445 3432 5515 compositione,
3457 5447 3551 5500 de-

1973 5550 2077 5606 que
2102 5540 2401 5595 errantium
2431 5540 2711 5598 stellarum
2754 5547 2905 5597 motu
2934 5548 3255 5597 statuerent.
3291 5537 3547 5598 Quaenam

1575 5631 1816 5687 VARIA'Z
1860 5632 2271 5690 LEC'l'lONES.

354 5718 401 5747 "
432 5716 591 5792 πρὸς]
619 5719 693 5785 ὡς
724 5724 787 5775 Α.
864 5724 911 5755 ³³
937 5722 1097 5795 πρὸς]
1121 5725 1195 5789 ὡς
1222 5728 1287 5781 Δ.
1360 5730 1406 5761 εδ
1430 5728 1630 5800 δρόμος
1668 5728 1870 5798 ταύτης
1908 5747 1969 5794 ς’.

2071 5732 2116 5764 ⁸⁸
2142 5732 2199 5786 τὸ
2226 5732 2348 5787 add.
2384 5732 2447 5785 Δ.
