3972 6248
401 323 500 390 δτι

1560 323 1822 386 ΡΗΟΤἸΙ
1859 327 2362 388 PATRIARCHZE
2397 329 2502 390 CP.

3563 329 3672 394 872

403 444 569 506 igitur
638 437 830 492 borum
895 433 1158 490 sententia
1223 441 1354 496 est,
1417 433 1561 501 quod
1590 435 1705 489 haec
1762 435 1976 503 quidem

2101 440 2263 503 ιύτοῖς
2308 441 2340 509 ὴ
2395 441 2609 508 γνώμη,
2643 437 2800 492 τοῦτο
2851 438 2951 508 μὲν
2998 437 3269 508 δέχεσθαι,
3303 439 3480 494 ἐκεῖνο
3501 441 3557 495 δὲ
3596 446 3674 517 μὴ

401 532 710 593 admittant,
762 528 888 581 illud
945 540 1069 580 vero
1107 524 1500 593 nequaquam?
1543 522 1619 577 Ea
1671 539 1791 594 quae
1841 534 1990 580 terra

317 597 328 616 ’
406 621 651 688 marique
688 618 771 671 vel
808 617 857 669 in
893 630 1017 668 acre
1047 625 1099 667 et
1148 615 1366 668 czeteris
1399 613 1683 670 elementis
1728 614 1989 668 accidunt

404 707 880 779 praesignificandi,
917 705 1016 759 etsi
1065 720 1166 758 non
1197 705 1423 772 cogendi
1461 714 1554 757 ant
1584 704 1847 759 efﬁciendi
1881 705 1992 758 vim

408 803 606 853 habere
655 807 926 852 astrorum
982 813 1200 851 cursum
1241 799 1602 851 arbitrantur.
1641 795 1792 852 Hunc
1841 795 1989 852 enim

407 893 470 946 ad
502 908 622 946 eum
654 891 765 944 fere
789 892 1005 944 tnudum
1038 890 1217 943 futura
1243 891 1586 955 denuntiare,
1607 906 1716 960 quo
1738 891 1991 944 divinan-

406 987 479 1050 di,
517 984 879 1052 arnspicandi,
922 994 1014 1037 aut
1045 984 1239 1036 similis
1294 999 1382 1037 ars
1417 983 1682 1050 qumpiam
1727 982 1904 1038 solet:
1936 989 1992 1038 ut

407 1090 512 1126 non
551 1081 833 1140 propterea
885 1073 998 1125 haec
1053 1072 1307 1125 eveniant
1341 1073 1485 1140 quod
1529 1073 1988 1140 przrnuntientur,

406 1171 500 1222 sed
558 1169 676 1222 ideo
734 1167 1201 1236 prtenuntientttr,
1261 1167 1402 1235 quod
1473 1165 1746 1221 eveniant.
1803 1162 1991 1234 Neque

407 1261 550 1312 enim
602 1269 748 1312 astra
797 1273 894 1326 per
926 1258 1033 1311 vim
1083 1257 1387 1326 gubernare
1423 1257 1538 1312 haec
1585 1257 1861 1320 inferiora,
1896 1257 1990 1310 sed

407 1347 667 1400 duntaxat
707 1362 825 1414 quae
849 1354 972 1414 post
998 1355 1255 1399 eventura
1291 1347 1400 1400 sint
1430 1344 1772 1399 denuntiare.
1796 1346 1989 1400 Verum

406 1441 512 1494 etsi
555 1440 646 1509 qui
679 1440 874 1510 2201:
907 1440 986 1494 sic
1037 1439 1301 1504 sentiunt,
1351 1453 1603 1505 magnam
1637 1438 1782 1492 illam
1818 1447 1994 1492 astro-

409 1534 653 1601 logorum
705 1533 1040 1601 impietatem
1072 1545 1102 1584 a
1149 1545 1210 1585 se
1248 1530 1564 1598 repulerint,
1599 1530 1664 1583 ad
1695 1531 1988 1598 perfectam

412 1635 587 1678 tamen
622 1625 905 1677 veritatem
939 1637 1043 1677 non
1086 1629 1470 1692 pervenerunt.
1505 1621 1580 1674 lta
1629 1622 1896 1690 septimus
1923 1621 1989 1673 li-

413 1717 512 1769 her
541 1716 868 1769 absolvitur.

480 1808 720 1862 Octavus
771 1823 932 1876 porro
977 1809 1111 1861 liber
1138 1823 1164 1860 a
1201 1808 1616 1876 quadragesimo
1665 1816 1860 1861 octavo
1908 1808 1988 1861 in-
2016 1783 2062 1841 Β

407 1901 636 1954 rhuatus
694 1900 895 1966 capite,
961 1899 1096 1952 duos
1149 1909 1359 1953 creatos
1414 1899 1548 1953 dicit
1603 1899 1789 1963 rcelos,
1825 1914 1986 1951 unum

409 1991 626 2060 quidem
687 1991 1001 2060 aspectabili
1065 1991 1168 2044 isto
1221 1991 1496 2060 superius,
1553 1991 1694 2060 quod
1730 2007 1834 2044 una
1867 2005 1987 2044 cum

413 2097 555 2139 terra
597 2086 925 2148 substiterit,
966 2085 1193 2140 alterum
1228 2102 1358 2140 vero
1391 2087 1500 2140 hoc
1543 2087 1686 2155 quod
1719 2085 1986 2141 videmus.

410 2174 612 2230 Horum
668 2192 797 2247 ergo
824 2177 1052 2230 duorum
1085 2177 1313 2231 alterum
1349 2179 1473 2232 tecti
1503 2179 1654 2248 quasi
1698 2179 1874 2234 locum
1911 2187 1992 2232 te-

365 2269 367 2271 ’
412 2283 563 2330 nere,
625 2270 851 2322 alterum
903 2279 1060 2324 terra:
1108 2271 1326 2337 quidem
1372 2273 1498 2325 tecti
1535 2272 1708 2325 vicem
1741 2271 1992 2325 similiter

409 2359 673 2424 prtehere,
718 2358 810 2412 sed
857 2358 1037 2412 altiori
1091 2359 1162 2410 illi
1221 2358 1360 2412 coelo
1410 2359 1509 2414 soli
1565 2361 1735 2414 instar
1765 2376 1890 2414 esse
1927 2375 1992 2415 ac

411 2446 750 2503 fundamenti
803 2464 820 2514 ;
875 2459 1072 2502 terram
1127 2450 1313 2503 adluec
1339 2465 1697 2518 unamesse;
1749 2451 1988 2506 coelestia

412 2542 536 2594 item
596 2543 954 2611 potestatibus
1008 2543 1306 2610 majoribus
1360 2558 1483 2598 esse
1532 2542 1809 2612 subjecta,
1852 2552 1993 2599 utet

412 2633 714 2687 visihilibus
742 2649 805 2688 ea
859 2648 979 2704 quae
1019 2635 1122 2686 sub
1162 2635 1302 2688 cmlo
1349 2645 1500 2688 sunt.
1529 2634 1738 2689 Caelum
1773 2637 1992 2705 insuper

415 2738 524 2778 non
587 2725 900 2790 rotundum,
957 2725 1048 2777 sed
1103 2723 1324 2777 tentorii
1371 2738 1435 2778 ac
1473 2723 1699 2779 fornicis
1757 2725 1988 2779 formam

412 2817 686 2884 praeferre.
716 2815 816 2870 Pro
842 2818 1054 2886 quidem
1086 2817 1340 2885 Opinione
1370 2817 1688 2884 Scriptura},
1720 2828 1774 2870 ut
1805 2827 1984 2886 putat,

413 2908 718 2960 testimonia
752 2907 958 2974 profert
991 2925 1004 2959 :
1038 2922 1142 2962 non
1179 2922 1243 2961 ea
1276 2907 1448 2961 solum
1494 2909 1561 2962 de
1590 2906 1786 2976 figura,
1815 2909 1908 2961 sed
1937 2917 1994 2962 et

411 3000 479 3052 de
526 3013 721 3052 occasu
770 3008 932 3066 atque
985 3008 1106 3052 ortu
1140 2998 1290 3054 solis.
1323 2997 1521 3052 Reddit
1573 3009 1626 3052 et
1657 3015 1875 3054 causam
1904 2999 1990 3053 inn-

413 3091 672 3146 (ξι-θωρηιί
708 3105 772 3146 ac
801 3090 1131 3145 decrementi
1171 3091 1381 3146 dierum
1410 3107 1474 3145 ac
1512 3093 1750 3146 noctium
1790 3109 1804 3146 :
1837 3094 1990 3147 alia—

412 3198 519 3251 que
553 3183 604 3236 id
645 3197 816 3253 genns
855 3183 1067 3236 curiose
1106 3183 1413 3252 investigat,
1459 3199 1575 3237 mea
1619 3185 1985 3252 qnidemtsen-

415 3276 608 3338 tentia,
667 3289 786 3342 qua:
842 3273 1146 3327 necessaria
1199 3289 1303 3327 non
1338 3283 1486 3339 sunt,
1527 3275 1629 3328 etsi
1666 3290 1788 3328 cum
1817 3276 1992 3330 sacris

412 3365 648 3419 oraculis
672 3364 1062 3419 connexionem
1087 3365 1376 3433 quamdam
1408 3365 1624 3420 habent.
1669 3365 1821 3421 Unde
1844 3367 1991 3435 pium

411 3459 630 3528 quidem
675 3458 820 3512 hunc
853 3458 1052 3522 virum,
1085 3473 1154 3512 ex
1186 3457 1253 3512 iis
1285 3473 1407 3527 qua:
1449 3458 1635 3523 refert,
1664 3459 1896 3527 indices,
1940 3468 1996 3512 at

415 3567 518 3605 non
545 3551 617 3604 ita
643 3551 804 3604 etiam
837 3559 1088 3604 accurata
1115 3565 1237 3603 cum
1271 3550 1686 3604 ratiocinatione
1714 3566 1994 3604 sacrarum

415 3645 818 3710 Scripturarum
849 3641 1156 3697 testimonia
1185 3645 1485 3710 producere
1516 3643 1745 3697 dixeris.

484 3735 612 3790 Inde
663 3735 730 3789 ad
778 3749 976 3790 nonum
1005 3743 1060 3789 et
1105 3733 1576 3805 quadragesimum
1606 3744 1768 3803 caput
1817 3743 1999 3788 trans-

415 3829 583 3884 itione
633 3828 794 3893 facta,
831 3842 1003 3882 sacrae
1031 3827 1187 3883 nobis
1216 3826 1514 3896 Scriptum
1551 3827 1724 3897 leges,
1751 3827 2000 3881 admoni-

416 3922 717 3988 tionesqne,
764 3929 820 3974 et
871 3935 1123 3989 magnum
1178 3919 1306 3972 illud
1367 3918 1753 3988 redemptionis
1804 3927 2000 3974 nostra)

415 4013 732 4082 mysterium
776 4014 900 4081 (nec
928 4010 1200 4064 immerito
1249 4011 1402 4078 sane)
1456 4011 1757 4079 praedicat;
1812 4010 1899 4065 ubi
1944 4019 2001 4065 et

416 4102 758 4173 asu'ologiam
833 4117 900 4158 ex
951 4102 1142 4158 iisdem
1201 4102 1306 4156 illis
1337 4101 1534 4158 divinis
1586 4101 1739 4156 libris
1785 4103 2002 4172 egregie

417 4196 748 4266 perstringit.

478 4285 614 4340 llinc
647 4287 713 4339 ad
739 4285 1248 4356 quinquagesimum
1277 4294 1439 4352 caput
1461 4284 1627 4352 gradu
1657 4282 1822 4348 facto,
1847 4297 2002 4336 etnn-

417 4377 540 4430 dem
581 4377 728 4430 illum
763 4392 1003 4431 errorem
1036 4376 1207 4430 nihilo
1232 4375 1451 4442 segnius
1476 4383 1771 4444 oppugnat,
1803 4384 2002 4441 praeter

2093 531 2446 603 προσίεσθαι;
2484 530 2608 583 Ὅτι
2636 530 2745 582 τῶν
2774 531 2866 582 ἐπὶ
2893 530 2996 600 γῆς
3017 533 3112 582 καὶ
3135 530 3404 598 θαλάττης
3440 532 3675 601 συμϐαιο

2093 625 2291 676 νόντων
2316 625 2373 676 ἐν
2406 622 2527 692 ἀέρι
2555 639 2614 675 τε
2642 621 2772 694 [562
2797 622 2891 694 H.]
2920 623 3014 674 καὶ
3041 625 3153 685 τοῖς
3181 622 3362 687 ἄλλοις
3391 625 3675 694 στοιχείοις

2093 717 2537 786 προσημαντικδν
2568 716 2665 784 μὲν
2689 710 2826 767 εἶναι
2863 713 3141 784 νομίζουσι
3172 716 3262 768 τὸν
3290 716 3398 767 τῶν
3427 717 3675 787 ἀστέρων

2091 809 2309 879 δρόμον,
2339 809 2454 861 ἀλλ’
2484 810 2583 860 οὐκ
2614 808 3015 874 ἀναγκαστικὸν
3042 807 3072 876 ἢ
3106 809 3409 874 ποιητικὸν,
3449 810 3677 878 μηνύειν

2092 900 2148 953 δέ
2190 897 2379 953 τοῦτον
2426 899 2494 952 τά
2540 899 2774 968 ἐσόμενα
2804 898 2990 968 ὥσπερ
3031 900 3125 951 καὶ
3155 899 3252 970 τὴν
3286 900 3554 970 μαντικὴν
3582 900 3677 952 καὶ

2091 994 2190 1063 τὴν
2208 993 2253 1024 ⁸⁸
2278 992 2622 1061 οίωνιστικὴν
2653 991 2746 1044 καὶ
2771 992 2891 1043 ὅσαι
2917 991 3108 1050 αὑταῖς
3138 991 3514 1061 παραπλήσιοι
3540 1008 3552 1020 ο
3577 993 3674 1044 καὶ

2091 1087 2191 1139 οὐκ
2213 1085 2397 1155 ἐπειδὴ
2419 1086 2673 1154 προλέγει
2695 1085 2924 1152 γίνεται,
2961 1080 3076 1135 ἀλλ’
3102 1083 3289 1154 ἐπειδὴ
3316 1083 3522 1151 γίνεται
3547 1101 3678 1154 προ-

2092 1178 2242 1245 λέγει
2267 1193 2280 1206 °
2320 1178 2413 1231 καὶ
2457 1178 2558 1230 οὐκ
2588 1177 2798 1245 ἀνάγκῃ
2830 1178 2896 1245 τῇ
2929 1175 3026 1228 ἀπ’
3055 1176 3222 1243 αὐτῆς
3252 1175 3571 1230 διοικεῖσθαι
3604 1177 3674 1230 τά

2091 1268 2347 1331 ἐνταῦθα,
2383 1268 2780 1338 προσημαίνειν
2813 1267 2869 1319 δὲ
2907 1266 3065 1337 μόνον
3095 1266 3164 1318 τὰ
3193 1267 3446 1336 ἐσόμενα.
3470 1269 3608 1320 Ἀλλ’
3624 1271 3674 1320 οἱ

2091 1361 2262 1414 ταῦτα
2300 1361 2398 1430 μὲν
2434 1361 2748 1430 νομίζοντες
2797 1360 2892 1430 τὴν
2939 1358 3139 1427 πολλὴν
3182 1359 3292 1411 τῶν
3323 1360 3676 1431 ἀστρονόμων

2089 1453 2410 1506 δυσσέϐειαν
2461 1453 2840 1517 ἀπεσείσαντο,
2872 1453 3008 1521 πρὸς
3051 1452 3106 1505 δὲ
3156 1451 3218 1504 τὸ
3264 1453 3364 1523 τῆς
3414 1453 3675 1524 ἀληθείας

2090 1543 2319 1614 ἀκριϐὲς
2358 1545 2458 1597 οὐκ
2507 1543 2948 1612 ἀφίκοντο.’Λλλ’
2979 1545 3038 1596 ἐν
3065 1542 3278 1607 τούτοις
3311 1544 3409 1614 μὲν
3456 1543 3550 1597 καὶ
3575 1543 3672 1598 τού

2091 1634 2135 1697 ζ’
2173 1631 2335 1702 λόγου
2375 1633 2436 1685 τὸ
2476 1633 2668 1702 πέρας.

2174 1811 2234 1866 '0
2258 1813 2332 1878 ξδὲ
2379 1819 2428 1882 η’
2455 1811 2612 1879 λόγος
2637 1853 2650 1874 ,
2686 1810 2826 1864 κατὰ
2879 1809 2939 1863 τὸ
2983 1809 3033 1880 η’
3067 1811 3160 1864 καὶ
3214 1810 3266 1882 μ’
3295 1811 3672 1883 ἀπαρχόμενος

2091 1904 2411 1974 κεφάλαιον,
2448 1903 2542 1956 δύο
2573 1902 2670 1972 μὲν
2697 1902 2961 1972 οὐρανοὺς
2995 1902 3140 1970 λέγει
3172 1901 3501 1971 γεγενῆσθαι
3524 1943 3539 1966 ,
3574 1903 3671 1956 ἕνα

2095 1996 2192 2066 μέν
2229 1995 2325 2048 τοῦ
2375 1995 2656 2066 ὁρωμένου
2707 1993 3001 2063 ἀνώτερον,
3032 1993 3090 2047 ὃν
3134 1995 3228 2046 καὶ
3275 1994 3673 2062 συνυφεστάναι

2093 2090 2158 2158 τῇ
2209 2089 2303 2157 γῇ,
2338 2086 2566 2157 θάτερον
2595 2085 2652 2138 δὲ
2683 2084 2772 2138 τὸν
2801 2083 3076 2156 ὁρώμενον
3096 2100 3110 2113 ο
3159 2083 3252 2137 δύο
3282 2084 3338 2136 δὲ
3367 2083 3534 2136 ὄντων
3579 2085 3674 2135 τὸν

2095 2180 2193 2249 μὲν
2239 2178 2442 2250 ὀροφῆς
2497 2177 2714 2246 ἐπέχειν
2756 2176 2951 2244 λόγον,
2981 2176 3072 2230 τὸν
3119 2175 3176 2229 δὲ
3226 2175 3364 2245 πρὸς
3424 2175 3524 2245 μὲν
3573 2175 3676 2245 τὴν

2091 2271 2193 2340 γῆν
2223 2270 2426 2341 ὀροφῆς
2454 2268 2736 2334 ὡσαύτως,
2766 2268 2995 2338 ἐδάφους
3023 2269 3080 2320 δὲ
3113 2268 3208 2321 καὶ
3243 2267 3451 2338 βάσεως
3479 2267 3615 2336 πρὸς
3627 2266 3672 2297 ετ

2090 2363 2180 2416 τὸν
2215 2361 2572 2432 ὑπερέχοντα.
2602 2361 2714 2415 Kal.
2742 2360 2847 2430 γῆν
2877 2360 2934 2412 δὲ
2968 2360 3113 2430 μίαν.
3143 2359 3251 2413 Καὶ
3280 2359 3348 2412 τά
3381 2358 3478 2427 μὲν
3508 2357 3675 2428 οὐράν

2091 2472 2178 2508 νια
2225 2457 2346 2517 ταῖς
2386 2452 2690 2524 κρείττοσιν
2719 2451 3157 2522 ἁΜνενεμῆσθαι
3176 2451 3221 2483 ⁸⁸
3251 2449 3532 2520 δυνάμεσι,
3563 2451 3680 2510 τοῖς

2091 2547 2388 2617 ὁρωμένοις
2414 2546 2473 2598 δὲ
2495 2545 2566 2598 τὰ
2591 2545 2897 2615 ὑπουράνια
2913 2545 2978 2599 ⁸³.
3003 2545 3094 2614 Μὴ
3121 2545 3356 2614 σφαῖραν
3384 2543 3440 2595 δέ
3469 2542 3560 2596 τὸν
3582 2543 3678 2594 ού-

2095 2640 2254 2712 ρανδν
2302 2637 2461 2704 εἶναι,
2493 2639 2629 2693 ἀλλά
2681 2639 2890 2710 σκηνῆς
2937 2639 3032 2690 καλ⁸
3082 2638 3341 2707 καμάρας
3385 2632 3679 2698 διασώζειν

2093 2736 2298 2804 σχῆμα.
2334 2732 2444 2787 Καὶ
2491 2731 2694 2802 ταύτης
2738 2732 2836 2802 τῆς
2886 2729 3207 2799 ὑπολήψεως
3249 2728 3552 2797 Γραφικάς,
3601 2727 3679 2788 ὡς

2090 2827 2282 2891 οἴεται,
2311 2824 2604 2898 προϐάλλει
2633 2823 2960 2894 μαρτυρίας,
2981 2821 3043 2875 ού
3075 2821 3235 2891 μόνον
3263 2819 3391 2891 περὶ
3420 2819 3515 2872 τοῦ
3541 2819 3680 2887 σχή-

2065 2935 2284 2990 .ματος,
2322 2916 2459 2970 ἀλλά
2501 2915 2748 2985 καὶπερὶ
2797 2913 3000 2975 δύσεως
3044 2911 3139 2964 καὶ
3177 2910 3307 2982 περὶ
3351 2911 3614 2981 ἀνατολῆς
3631 2908 3681 2941 ⁸⁸

2093 3011 2266 3082 ἡλίου.
2300 3009 2600 3077 Αίτιολογεῖ
2627 3007 2684 3060 δὲ
2713 3008 2806 3059 καὶ
2832 3005 2929 3075 τὴν
2956 3005 3067 3058 τῶν
3097 3003 3319 3075 ἡμερῶν
3350 3005 3444 3056 καὶ
3470 3003 3682 3055 νυκτῶν

2092 3101 2477 3172 αὐξομείωσιν,
2510 3101 2605 3154 καὶ
2631 3098 2768 3152 ἄλλα
2796 3101 2918 3151 τινὰ
2947 3097 3174 3150 τοιαῦτα
3207 3095 3676 3166 πολυπραγμονεῖ,

2093 3195 2168 3258 ὼς
2204 3193 2388 3265 ἔμοιγε
2428 3194 2593 3256 δοκεῖ,
2620 3192 2681 3243 τὸ
2730 3191 3026 3256 ἀναγκαῖον
3077 3189 3176 3240 οὐκ
3226 3187 3458 3257 ἔχοντα,
3490 3187 3537 3237 εί
3583 3186 3682 3238 καὶ

2092 3289 2205 3352 τοῖς
2237 3287 2402 3356 ἱεροῖς
2423 3284 2624 3352 λογίοις
2650 3282 3010 3354 προσφύεται.
3031 3278 3120 3343 Ἐξ
3142 3271 3204 3333 οὗ
3228 3275 3557 3331 εὐσεϐοῦντα
3580 3277 3681 3347 μὲν

2093 3379 2186 3432 τὸν
2229 3377 2418 3445 ἄνδρα,
2450 3369 2530 3438 οἷς
2566 3375 2866 3444 κέχρηται,
2898 3373 3015 3441 θείη
3062 3372 3130 3426 ἀν
3179 3388 3285 3433 τις,
3320 3369 3575 3440 ἀκριϐείᾳ
3619 3370 3681 3422 δὲ

2095 3466 2372 3538 λογισμῶν
2413 3466 2516 3537 τὴν
2556 3465 2667 3519 τῶν
2700 3465 2992 3535 Γραφικῶν
3035 3461 3342 3533 μαρτυρίαν
3375 3460 3685 3532 προτείνειν

2096 3561 2280 3615 οὐκέτι
2317 3560 2518 3630 ὁμοίως
2554 3557 2858 3627 φήσειενθί.

2168 3741 2451 3795 Ἐντεῦθεν
2501 3739 2592 3791 ἐπὶ
2641 3736 2701 3789 τὸ
2747 3735 2794 3788 θ’
2827 3735 2922 3789 καὶ
2968 3733 3021 3804 μ’
3040 3735 3085 3766 ⁹²
3123 3733 3465 3803 μεταϐαίνων
3512 3735 3684 3801 κεφά-

2100 3835 2271 3898 λαιον,
2300 3835 2401 3902 τῆς
2434 3833 2585 3902 ἱερᾶς
2624 3827 2780 3900 ἡμῶν
2818 3827 3040 3897 Γραφῆς
3067 3829 3190 3890 τοὺς
3219 3827 3415 3898 νόμους
3441 3826 3566 3899 [700
3587 3825 3679 3896 R.|

2102 3927 2197 3982 καὶ
2223 3925 2323 3988 τάς
2354 3921 2704 3995 παραινέσεις
2727 3918 2822 3972 καὶ
2848 3919 2909 3970 τὸ
2931 3920 3074 3988 μέγα
3101 3919 3203 3988 τῆς
3225 3918 3501 3990 σωτηρίας
3523 3917 3682 3989 ἡμῶν

2106 4017 2402 4089 μυστήριον
2434 4013 2528 4066 καὶ
2561 4010 2707 4079 μάλα
2735 4008 2961 4071 δικαίως
2990 4010 3215 4079 ἐξυμνεί
3236 4025 3251 4040 ·
3280 4011 3338 4062 ἐν
3375 4002 3419 4074 ᾧ
3458 4010 3552 4062 καὶ
3579 4009 3685 4076 τῆς

2102 4104 2461 4176 ἀστρολογίας
2489 4103 2553 4154 ἐκ
2582 4100 2690 4153 τῶν
2716 4099 2897 4154 αὐτῶν
2922 4100 3266 4172 θεοχρηστων
3291 4100 3486 4169 λογίων
3509 4102 3682 4170 ἀρμοκ

2102 4199 2229 4260 δίως
2256 4186 2622 4251 καθάπτεται.

2173 4288 2416 4342 Ἐκεῖθεν
2438 4287 2531 4340 ἐπὶ
2555 4284 2618 4337 τὸ
2645 4281 2872 4354 ν’,ἀνιὼν
2888 4283 3204 4350 κεφάλαιον,
3227 4283 3326 4347 τῆς
3349 4284 3518 4352 αὐτῆς
3542 4282 3684 4336 πλά-

2106 4395 2203 4448 νης
2248 4377 2399 4430 οὐδὲν
2443 4372 2608 4448 ἧττον
2647 4370 3116 4440 καταγωνίζεται,
3166 4370 3340 4437 λέγων
3392 4373 3530 4440 μετά
3572 4371 3684 4422 τῶν

418 4469 519 4522 alia
555 4471 715 4522 etiam
747 4471 846 4522 ista
884 4468 1150 4522 referens.
1174 4466 1242 4521 Et
1275 4469 1319 4520 si
1347 4465 1496 4534 quid,
1523 4467 1618 4530 ait,
1637 4466 1704 4519 ab
1730 4465 1834 4519 illis
1860 4480 1995 4534 prte-

2104 4469 2278 4523 ἄλλων
2317 4468 2392 4529 ὼς
2438 4469 2488 4519 εί
2522 4464 2616 4518 καί
2644 4481 2696 4517 τι
2727 4463 2837 4516 τῶν
2865 4461 3282 4533 προλεγομένων
3327 4463 3511 4524 αὐτοῖς
3534 4461 3685 4513 δοκεῖ

417 4560 620 4614 dictum
638 4561 855 4615 evenire
872 4560 1010 4614 forte
1035 4561 1298 4621 videatur,
1323 4573 1427 4612 non
1447 4557 1499 4610 id
1522 4573 1645 4612 mox
1677 4555 1824 4628 [quia
1857 4549 1999 4624 prae-

419 4653 622 4706 dictum
650 4651 771 4724 fuit]
803 4653 1020 4716 evenit;
1057 4651 1224 4705 multa
1253 4649 1524 4719 siquidem
1553 4659 1609 4704 et
1638 4649 1793 4703 nobis
1812 4662 2001 4703 eorum

417 4759 538 4812 quae
584 4745 1039 4812 cogitaveramus,
1078 4743 1412 4802 acciderunt,
1440 4751 1492 4796 et
1543 4741 1741 4810 negotii
1776 4738 2002 4808 alicujus

420 4838 499 4889 vel
547 4837 675 4892 moti
706 4835 844 4902 jam,
880 4837 962 4890 vel
995 4835 1141 4890 brevi
1171 4833 1418 4889 movendi
1453 4833 1859 4901 exspectatione
1884 4849 2005 4890 sns-

420 4928 570 4995 pensi
617 4968 633 4994 ,
687 4928 816 4981 illud
869 4927 1044 4995 ipsum
1077 4926 1184 4979 tale
1243 4923 1499 4980 habuisse
1541 4923 1867 4991 principium
1920 4924 2005 4980 vel

422 5019 581 5075 tinem
602 5030 784 5089 postea
809 5019 1281 5088 deprehendimus,
1305 5014 1521 5084 qualem
1549 5029 1998 5082 speraveramns:

419 5125 595 5184 neque
617 5124 793 5169 tamen
825 5123 1112 5181 propterea
1137 5125 1235 5165 nos
1257 5112 1308 5162 in
1340 5111 1726 5176 prophetarum
1755 5109 1998 5163 ordinem

421 5205 730 5268 referimus,
800 5206 893 5260 sed
941 5218 1102 5257 casus
1153 5216 1274 5253 esse
1325 5200 1468 5254 hunc
1510 5209 1790 5264 eventum,
1835 5211 1998 5268 atque

419 5296 746 5362 conjecturae
791 5295 1154 5366 agnoscimus.
1191 5292 1479 5346 Enimvero
1508 5293 1554 5344 si
1589 5291 1717 5359 quid
1759 5291 1994 5346 alienum

421 5389 488 5443 ab
527 5388 762 5442 humana
811 5390 917 5440 vita
960 5385 1339 5455 praedicerent,
1383 5398 1446 5435 ac
1491 5382 1683 5435 deinde
1731 5382 2002 5436 insolitum

2102 4560 2398 4623 ἐκϐαίνειν,
2451 4557 2551 4611 οὐκ
2597 4553 2784 4625 ἐπειδὴ
2827 4553 2928 4624 τὴν
2972 4551 3195 4606 ἔκϐασιν
3235 4551 3458 4621 ἔσχηκε.
3509 4552 3684 4605 Πολλὰ

2102 4651 2212 4720 γάρ
2229 4651 2276 4682 ⁸³
2307 4651 2402 4704 καὶ
2451 4651 2586 4718 ἡμῖν
2631 4648 3006 4718 ἐννοουμένοις
3041 4647 3150 4698 τῶν
3179 4647 3544 4716 ἐννοηθέντων
3571 4649 3686 4701 ἀπ-

2102 4744 2332 4812 ήντησεο
2367 4741 2461 4796 καὶ
2491 4741 2724 4810 πρᾶγμα
2769 4739 3126 4808 κεκινημένον
3174 4737 3206 4809 ἦ
3258 4738 3687 4810 κινηθησόμενον

2109 4831 2598 4903 προσδοκήσαντες,
2623 4829 2740 4882 οἷαν
2771 4829 3080 4898 ἠλπίσαμεν
3114 4829 3290 4900 ἀρχὴν
3315 4829 3500 4882 λαϐεῖν
3527 4831 3559 4900 ἢ
3594 4830 3686 4882 τέ-

2106 4923 2216 4987 λος,
2239 4922 2479 4975 τοιοῦτον
2505 4920 2689 4973 λαϐεῖν
2704 4920 2750 4952 ⁹¹⁵
2781 4920 3175 4989 κατελάϐομεν.
3201 4920 3313 4974 Kal.
3340 4921 3400 4972 οὺ
3423 4919 3511 4972 διὰ
3529 4921 3690 4974 τοῦτο

2108 5014 2442 5085 χειροτονίαν
2496 5013 2707 5074 ἑαυτοῖς
2763 5013 3096 5080 προφητείας
3143 5013 3498 5082 ἐπιφέρομεν,
3554 5013 3693 5066 ἀλλά

2111 5105 2396 5174 συντυχίας
2423 5105 2455 5173 ἣ
2486 5103 2580 5155 καὶ
2609 5102 2915 5170 στοχασμοῦ
2967 5103 3064 5172 τὴν
3106 5102 3376 5155 ἀπόϐασιν
3409 5103 3570 5173 ἔργον
3602 5121 3694 5172 γι-

2113 5199 2416 5267 νώσκομεν.
2449 5196 2512 5247 Εἰ
2543 5193 2643 5264 μὲν
2669 5195 2777 5262 γάρ
2808 5211 2859 5245 τι
2887 5193 2981 5245 τοῦ
3007 5193 3351 5262 ἀνθρωπίνου
3383 5195 3498 5263 βίου
3530 5197 3693 5250 ἀλλό-

2116 5308 2266 5360 τριον
2319 5288 2742 5358 προεκήρυττον,
2773 5279 2892 5336 εἶτα
2939 5285 3000 5336 τὸ
3046 5284 3196 5350 ξένον
3243 5285 3425 5356 ἐξέϐη,
3456 5287 3518 5340 οὐ
3547 5287 3695 5356 λέγω

2115 5380 2371 5442 πολλάκις
2399 5376 2514 5431 ἀλλ’
2545 5375 2710 5440 ἅπαξ,
2739 5375 3038 5446 θαυμάζειν
3065 5374 3214 5439 εἰκὸς
3237 5371 3306 5445 ἦν
3325 5391 3341 5406 °
3369 5379 3420 5431 εἰ
3448 5379 3505 5432 δέ
3540 5396 3602 5448 γε
3624 5379 3696 5433 τὰ

1690 5519 1926 5575 \‘ARl/E
1971 5517 2379 5575 LECTIONES.

492 5643 538 5674 “
556 5644 654 5712 τὴν
683 5657 788 5695 om.
817 5656 898 5708 pr.
927 5642 990 5693 A.
1069 5641 1112 5671 ⁸⁷
1143 5633 1300 5704 πρὶς]
1326 5636 1401 5698 ὡς
1429 5637 1494 5690 Α.
1567 5635 2071 5712 ⁸⁸Ᾱύτῖονενεμῆσθαι
2105 5654 2166 5712 ς·ἶ
2242 5635 2287 5712 ³ης
2317 5633 2618 5712 ύπουράνιλα
2651 5631 2904 5712 ὃςίιριιυε
2928 5650 2942 5687 :
2964 5634 3330 5712 ὑπερουράνια
3360 5651 3416 5712 ς.
3450 5703 3475 5712 Δ
3495 5634 3539 5712 "_°
3564 5633 3697 5704 περὶ

425 5725 548 5765 ante
584 5709 843 5770 ἀνατοῖῇ
907 5710 1025 5762 add.
1058 5713 1122 5764 A.
1198 5709 1240 5738 ⁹¹
1275 5711 1433 5776 φήσει
1471 5710 1533 5759 Λ.

434 5788 480 5839 Α
513 5799 526 5837 :
564 5781 856 5837 ἀπολαϐεῖν
890 5799 945 5845 ς.

1613 5707 1656 5736 θ’
1695 5703 1736 5755 θ’
1764 5703 1947 5778 καῖμί
1983 5709 2026 5760 Α
2063 5723 2076 5756 :
2114 5706 2166 5774 μ’
2203 5705 2295 5756 καὶ
2331 5704 2373 5755 0'
2404 5721 2461 5767 ς.

2541 5703 2586 5734 ’³³
2623 5701 2790 5754 πολλά
2845 5705 2944 5773 μὲν
2971 5706 3098 5774 ιγάρ
3159 5701 3220 5769 ς.

3299 5707 3340 5737 ’³
3375 5703 3558 5756 λαϐεῖν
3608 5703 3658 5774 pi
3677 5743 3692 5758 .
