3972 6248
222 267 333 330 873

1259 261 1780 322 BlBLIOTHECA.
1809 284 1877 294 -
1915 259 2076 320 COD.
2136 261 2456 326 CCXXIII.

3376 263 3495 332 87!

220 383 489 450 φιλοῦντα
541 378 859 449 συμϐαίνειν
900 374 1117 430 δοκοῦσι
1154 375 1462 446 προλέγειν,
1491 374 1544 427 τί
1580 373 1796 442 θαυμα-

1917 372 2057 438 llud,
2091 389 2194 429 non
2225 376 2346 431 dico
2382 377 2598 446 saepius,
2622 379 2714 432 sed
2745 378 2913 433 semel
2947 379 3236 434 admodum
3272 385 3482 436 eventis-

219 473 346 525 στὸν
378 471 429 524 εἰ
457 470 856 540 τυγχάνουσιν;
891 469 966 520 Ού
1004 468 1113 536 γὰρ
1140 465 1252 519 ἔστι
1283 465 1479 537 ῥᾳδίως
1509 465 1802 534 ἀποτυχεῖν

217 564 278 614 ὲν
326 560 526 632 πλήθει
569 560 831 630 βάλλοντα
862 561 987 620 τοὺς
1035 557 1259 625 λόγους·
1305 554 1617 625 θαυμαστὸν
1649 555 1705 607 δὲ
1734 549 1802 623 ἦν

182 667 188 676 ·
222 653 426 723 μᾶλλον
449 692 466 716 ,
510 655 561 705 εί
597 651 685 706 διὰ
717 651 917 714 παντὸς
946 649 1342 720 ἀπετύγχανον.
1374 649 1438 701 El
1466 647 1523 700 δὲ
1552 646 1647 700 καὶ
1690 645 1806 699 δαί-

221 763 394 814 μονας
424 744 612 816 ἔχουσι
649 742 971 813 συνεργοὺς,
1003 740 1193 810 ὥσπερ
1216 735 1310 794 οῦν
1333 739 1549 810 ἔχουσιν
1576 740 1804 809 ἐπικρα-

219 835 481 897 τύνοντας
525 833 705 887 αὐτῶν
749 831 848 902 τὴν
887 830 1012 903 [565
1041 827 1135 902 Η.]
1164 829 1468 901 πρόρρησιν
1486 866 1504 893 ,
1530 826 1708 882 οὐκέτ’
1737 827 1805 881 ἂν

134 972 136 974 τ
221 931 270 982 εἰ
297 927 716 997 ἐπιτυγχάνοιεν
741 925 1107 996 ἀπορήσαιμι,
1136 921 1274 976 ἀλλὰ
1301 921 1483 993 πολλῷ
1519 919 1720 990 μᾶλλον
1753 921 1803 973 εί

223 1022 301 1092 μὴ
330 1020 764 1090 ἐπιτυγχάνοιεν.
784 1016 1110 1088 Συνεργοῦσι
1138 1016 1196 1070 δὲ
1220 1014 1429 1078 τούτοις
1457 1016 1506 1068 οἱ
1531 1013 1804 1083 δαίμονες,

223 1115 429 1177 εἰδότες
462 1113 563 1184 μὲν
592 1112 659 1166 τὰ
686 1110 839 1180 παρὰ
879 1112 993 1174 τοῖς
1034 1108 1386 1180 ἀστρολόγοις
1424 1105 1805 1178 γεγραμμένα,

222 1204 569 1276 πληροῦσθαι
598 1203 654 1257 δὲ
682 1202 854 1256 ταῦτα
883 1201 1070 1270 ἀγῶνα
1099 1200 1280 1254 πάντα
1319 1199 1804 1268 καταϐαλλόμενοι,

224 1301 315 1353 ῖνα
340 1300 443 1369 τὴν
468 1298 570 1367 τῆς
601 1295 942 1366 εἱμαρμένης
973 1293 1181 1361 πλάνην
1221 1295 1336 1356 τοῖς
1362 1291 1704 1362 πειθομένοις
1725 1292 1810 1344 ev-

222 1391 492 1462 τήξαντες
526 1387 620 1442 τοῦ
652 1387 808 1440 Θείου
855 1385 1246 1456 κατολιγωρεῖν
1275 1383 1634 1438 ἀναπείσωσι.
1666 1384 1810 1452 Προ-

221 1485 378 1552 λέγει
420 1481 480 1534 δὲ
521 1481 588 1534 τὰ
635 1478 814 1550 βιϐλία
863 1475 1094 1530 πλοῦτον
1121 1477 1218 1530 καὶ⁹
1239 1475 1430 1530 πενίαν
1463 1476 1562 1529 καὶ
1603 1475 1705 1529 ὅσα
1752 1474 1811 1526 ὲν

224 1576 350 1646 βίῳ.
369 1575 494 1628 Ἐπὶ
521 1573 579 1626 δὲ
610 1570 786 1624 ταῦτα
807 1570 931 1632 τοὺς
958 1568 1216 1639 δαίμονας
1244 1569 1526 1637 συνεργεῖν
1553 1567 1615 1619 οὐ
1647 1565 1810 1637 χαλε-

223 1667 329 1720 πόν
353 1684 366 1696 ·
404 1666 502 1719 καὶ⁹
539 1665 648 1732 γάρ
689 1663 785 1716 καὶ
813 1663 975 1732 ἡμεῖς
1015 1661 1280 1731 ἀλλήλους
1309 1659 1480 1714 πολλά
1505 1657 1710 1712 τούτων
1743 1657 1809 1711 ἂν

1903 476 2012 532 set,
2055 469 2250 523 merito
2301 469 2559 523 admirari
2614 469 2826 524 licebat.
2867 471 2938 523 At
2973 485 3095 524 cum
3127 488 3191 528 ea
3229 489 3348 546 qua:
3373 458 3539 546 ple-,7
3575 459 3588 466 ’

1904 575 2132 629 rumque
2170 560 2418 615 accidere
2460 557 2637 616 solent
2667 561 2960 630 praedicere
2999 563 3317 630 videantur,
3350 567 3481 636 quid
3531 567 3533 570 ⁴

1904 651 2102 706 mirum
2162 651 2207 707 si
2236 662 2382 708 recte
2403 652 2738 720 conjiciant?
2766 668 2870 708 non
2901 656 3045 710 enim
3079 655 3236 712 facile
3267 665 3348 714 est
3370 667 3479 713 tam

1907 743 2072 797 multa
2107 744 2376 798 dicentem
2415 745 2688 799 aberrare.
2718 745 2913 816 221a
2957 747 3094 814 Quin
3144 747 3271 803 illud
3302 749 3484 819 potius

1907 838 2213 892 mirandum
2242 837 2334 903 sit,
2385 851 2598 906 semper
2631 837 2677 892 si
2713 838 3051 895 aberrarent.
3081 838 3200 896 Jam
3235 841 3282 897 sl
3323 841 3488 898 etiam

1908 931 2180 984 daemones
2217 929 2453 984 habeant
2496 929 2777 999 adjutores
2801 968 2819 994 ,
2863 932 3315 1000 quemadmodum
3354 945 3499 990 sane

1907 1021 2128 1085 habent,
2155 1020 2245 1091 qui
2287 1022 2522 1092 ipsorum
2555 1021 2957 1091 praedictionem
2989 1025 3336 1090 confirmant,
3379 1041 3486 1081 non

1908 1112 2141 1181 amplius
2171 1121 2284 1166 tum
2317 1115 2486 1166 mirer
2549 1113 2594 1167 si
2635 1121 2781 1168 recte
2817 1113 3146 1180 coniectem,
3191 1116 3285 1171 sed
3321 1117 3491 1173 multo

1909 1203 2082 1274 magis
2140 1202 2186 1260 si
2232 1219 2336 1259 non
2372 1210 2518 1259 recte
2551 1205 2867 1274 conjiciant.
2903 1206 3176 1275 Adjuvant
3213 1208 3356 1262 enim
3395 1221 3493 1264 eos

1910 1296 2203 1354 daemones.
2232 1296 2284 1349 in
2315 1297 2709 1367 astrologorum
2738 1298 2955 1368 scriptis
3007 1299 3241 1355 maxime
3270 1301 3491 1366 versati,

1910 1385 2059 1440 omni
2095 1386 2162 1441 ad
2193 1386 2311 1442 haec
2354 1387 2680 1457 perficienda
2717 1389 3064 1444 contentione
3102 1390 3363 1456 adhibita,
3385 1405 3494 1460 quo

1913 1477 2194 1542 nimirum,
2228 1476 2320 1532 illo
2352 1477 2422 1533 de
2460 1476 2573 1532 fato
2602 1493 2788 1533 errore
2828 1478 2988 1533 nimis
3023 1479 3257 1535 credulis
3290 1481 3491 1548 infuso,

1913 1578 2279 1638 contemptum
2345 1569 2569 1638 insuper
2625 1569 2720 1625 Dei
2770 1569 2857 1624 his
2918 1570 3053 1639 ipsis
3109 1572 3492 1638 persuadeant.

1916 1657 2224 1716 Praedicunt
2255 1671 2437 1715 autem
2475 1661 2782 1729 hujusmodi
2815 1662 2941 1717 libri
2987 1663 3226 1730 divitias,
3265 1679 3498 1735 pauper-

225 1720 585 1827 βουληθέντες
611 1720 925 1823 διαθείημεν
944 1720 1022 1822 ,νῆ
1054 1720 1334 1813 πείθοντες
1361 1750 1394 1820 ἢ
1421 1748 1737 1812 ἀπατῶντες
1772 1747 1805 1815 ἢ

1917 1761 2100 1820 tatem,
2121 1765 2177 1808 et
2200 1769 2540 1824 quacunque
2573 1756 2890 1826 contingere
2917 1755 2970 1810 in
3013 1757 3115 1811 hac
3145 1757 3261 1810 .vita
3294 1756 3496 1820 solent,

222 1843 755 1914 καταναγκάζοντες.
805 1843 1238 1915 Κατισχύουσι⁹⁵
1277 1842 1336 1896 δὲ
1384 1839 1809 1914 ἁμαρτανόντων

220 1945 285 1996 τὸ
315 1942 593 2013 δαιμόνιον
628 1940 814 2010 φῦλον,
843 1938 1035 2009 ἄγουσί
1063 1956 1122 1992 τε
1152 1937 1247 1991 καὶ
1280 1937 1504 2008 φέρουσι
1528 1935 1655 1999 τοὺς
1684 1951 1808 1986 πει-

225 2038 493 2106 θομένους
523 2035 647 2087 ὅποι
694 2034 760 2086 ἂν
806 2030 1081 2102 βούλοιντο
1096 2029 1165 2086 ⁸⁸.
1211 2029 1500 2082 Βούλονται
1526 2029 1583 2080 δὲ
1612 2026 1747 2098 πρὸς
1763 2025 1810 2058 ⁸⁷

223 2128 324 2191 τὰς
354 2127 466 2179 τῶν
494 2126 839 2198 ἀστρολόγων
866 2124 1082 2186 ἀπάτας
1119 2123 1209 2176 τὸν
1252 2122 1521 2194 ἡμέτερον
1552 2118 1812 2190 ἁρμόζειν

223 2221 366 2291 βίον,
396 2220 487 2274 ἵνα
518 2220 616 2281 τὰς
647 2219 744 2288 μὲν
771 2216 1026 2280 ἐκϐάσεις
1050 2215 1288 2285 ὁρῶντες
1311 2218 1424 2278 τοῖς
1461 2211 1811 2283 ἀστρολόγοις

222 2312 578 2384 συμφώνους,
608 2312 736 2374 τοὺς
772 2309 830 2363 δὲ
856 2311 1030 2362 ταῦτα
1053 2307 1396 2379 πράττοντας
1436 2306 1512 2376 μὴ
1542 2303 1814 2376 συνορῶν-

219 2422 340 2468 τες,
376 2402 472 2456 τοῦ
501 2420 563 2454 τε
595 2401 794 2473 δρόμου
825 2400 935 2454 τῶν
964 2400 1211 2468 ἀστέρων
1238 2398 1288 2451 of
1326 2396 1668 2468 ἠπατημένοι
1716 2412 1815 2448 κα-

220 2494 598 2566 ταψεύδοιντο,
630 2494 725 2547 καὶ
755 2494 855 2564 τῆς
884 2489 1164 2554 εὐσεϐείας
1184 2489 1282 2545 καὶ
1304 2488 1654 2560 δικαιοσύνης
1680 2489 1816 2558 ἀμε-

219 2587 494 2658 λήσαντες
525 2588 605 2649 είς
631 2585 723 2640 τὸν
754 2588 854 2656 τῆς
883 2584 1137 2648 ἀσεϐείας
1159 2581 1320 2654 βυθὸν
1340 2582 1688 2651 ὀλισθήσωσι.
1706 2583 1814 2635 Καὶ

221 2678 360 2732 αὑτὸ
393 2676 452 2730 δὲ
481 2675 639 2729 τοῦτο
658 2717 673 2742 ,
701 2675 764 2729 τὸ
788 2675 863 2747 μὴ
888 2677 1120 2747 συνορᾷν
1147 2674 1346 2737 αὐτοὺς
1375 2674 1435 2728 τὸ
1464 2673 1630 2742 ῥηθὲν
1677 2674 1817 2726 κατά

219 2769 334 2822 τῶν
365 2767 674 2838 ἀνθρώπων
702 2765 1197 2839 δραματούργημα,
1223 2765 1332 2820 τῶν
1359 2765 1631 2836 δαιμόνων
1655 2764 1816 2836 ἔργον

218 2861 290 2914 ἂν
324 2858 438 2929 εἴη,
465 2857 566 2929 τῆς
593 2857 868 2931 ἁμαρτίας
913 2858 1009 2912 καὶ
1057 2857 1314 2921 ἀσεϐείας
1348 2856 1745 2928 συναιρομένης
1769 2855 1816 2886 ’⁸

222 2952 438 3017 αὒτοῖς,
468 2953 564 3006 καὶ⁹
591 2951 650 3005 τό
691 2968 753 3004 τε
799 2949 979 3006 αὐτῶν
1012 2949 1316 3021 μηχάνημα
1347 2949 1585 3003 συνιέναι
1614 2948 1816 3002 διακω-

221 3045 466 3115 λυούσης
513 3044 610 3098 καὶ⁸
652 3043 761 3098 τῶν
806 3041 904 3096 τοῦ
944 3041 1079 3101 Θεοῦ
1135 3041 1420 3113 χριμάτων
1462 3041 1724 3102 ὡσαύτως
1756 3040 1818 3093 τὸ

223 3137 418 3208 βάθος.
451 3135 578 3199 Πῶς
625 3135 736 3206 γὰρ
787 3135 1128 3205 ἀποκαλύψει
1173 3135 1234 3188 τὸ
1283 3134 1438 3188 Θεῖον
1484 3134 1518 3204 ἢ
1557 3132 1658 3197 τὰς
1707 3131 1816 3185 τῶν

219 3227 502 3298 δαιμόνων
529 3227 749 3299 ἐνέδρας
775 3227 808 3298 ἢ
840 3227 939 3292 τὰς
969 3226 1161 3281 ἑαυτοῦ
1192 3226 1531 3298 οἰκονομίας,
1558 3221 1640 3289 οἷς
1671 3241 1815 3296 παρα

220 3323 362 3393 ορᾷν
409 3320 579 3374 αὐτοῦ
601 3321 646 3353 ν’
695 3319 1056 3386 σπουδάζεται
1105 3321 1173 3374 τά
1220 3321 1659 3392 προστάγματας
1708 3316 1817 3371 Καὶ

221 3417 340 3483 γάρ
385 3414 534 3480 ἀπερ
585 3412 740 3482 ἴσμεν
784 3411 963 3475 ἄδικα,
992 3411 1169 3466 ταῦτα
1215 3411 1566 3482 πράττομεν*
1613 3409 1712 3480 οὐχ
1741 3404 1818 3462 ῶν

221 3505 489 3569 ἐπαίνους
523 3505 706 3574 ῖσμεν,
735 3504 910 3558 ταῦτα
947 3503 1380 3575 μεταδιώκομεν.
1405 3505 1514 3558 Καὶ
1537 3503 1653 3567 πῶς
1673 3503 1818 3572 άπερ

223 3597 538 3668 ἀγνοοῦμεν
575 3596 969 3668 μαθησόμεθα;
1021 3594 1304 3668 Ἔπραξας
1334 3597 1370 3650 ἃ
1399 3595 1628 3667 ἔμαθεςο
1674 3611 1818 3664 παρ-

223 3692 540 3754 εσκεύασας
594 3689 784 3742 ἐαυτὸν
825 3689 893 3742 δι’
919 3690 1118 3760 ἀρετῆς
1166 3689 1262 3743 τοῦ
1313 3690 1507 3759 μαθεῖν
1540 3687 1706 3742 πλέον
1741 3682 1818 3742 ὧν

225 3786 532 3840 ἐπίστασαι
560 3781 738 3846 ἀξιον·
768 3781 1016 3851 θαύμαζε
1046 3783 1096 3833 εί
1124 3781 1200 3852 μὴ
1229 3779 1421 3850 μαθεῖν
1450 3779 1605 3849 ἔσχες
1628 3778 1698 3831 τὰ
1724 3793 1816 3831 τε·

226 3874 499 3944 λεώτερα.
536 3873 600 3925 EE
632 3871 689 3925 δὲ
717 3871 915 3926 πάθεσι
943 3871 1126 3942 βρύεις
1155 3871 1252 3923 καὶ
1275 3869 1410 3923 Θεοῦ
1436 3869 1814 3940 καταφρονεῖς,

226 3966 352 4029 πῶς
385 3964 612 4036 μαθήσῃ
662 3963 760 4024 τὰς
792 3963 1109 4033 οἰκονομίας
1136 3961 1301 4016 αὑτοῦ
1352 3961 1384 4032 ἢ
1428 3963 1528 4031 τὴν
1559 3961 1699 4014 κατά
1723 3960 1816 4012 σοῦ

223 4058 341 4110 τῶν
382 4056 677 4126 δαιμονίων
707 4056 1004 4124 ἐπήρειανς
1041 4052 1164 4124 [701
1206 4052 1298 4126 R.]
1330 4053 1453 4114 Πῶς
1494 4051 1553 4106 δὲ
1586 4053 1647 4104 ού
1679 4067 1816 4121 κρα-

224 4151 459 4220 τήσειαν
483 4146 735 4218 δαίμονες
764 4145 1002 4218 εὐχερῶς
1026 4140 1103 4201 ὧν
1126 4148 1223 4200 οὐκ
1243 4147 1360 4222 ἐστι
1381 4147 1441 4199 τὸ
1465 4145 1620 4199 Θείον
1647 4144 1818 4214 ὺπέρ-

229 4235 451 4314 μαχον,’
491 4241 629 4312 πρὸς
675 4242 857 4294 ἐκεῖνα
905 4241 1126 4302 τούτους
1171 4236 1575 4308 κατασύροντες
1627 4236 1662 4291 ἃ
1709 4239 1818 4290 τῶν

226 4332 585 4404 ἀστρολόγων
617 4333 674 4386 αἱ
709 4330 883 4401 βίϐλοι
913 4329 1295 4402 προλέγουσιν,
1328 4327 1403 4391 ὡς
1429 4326 1496 4381 ἂν
1527 4327 1588 4380 τὸ
1615 4327 1714 4398 τῆς
1738 4327 1818 4379 εί-

1911 1845 1978 1899 ad
2014 1861 2135 1917 qua:
2161 1860 2292 1900 sane
2310 1846 2584 1900 daemones
2620 1862 2774 1901 suam
2799 1862 2955 1916 opem
2992 1847 3186 1903 afferre
3215 1862 3322 1902 non
3358 1845 3500 1902 difﬁ-

1911 1937 2085 1993 culter
2117 1947 2362 2007 possunt.
2397 1938 2608 1995 Etenim
2631 1943 2793 1996 etiam
2823 1957 2920 1996 nos
2951 1941 3144 1996 horum
3185 1957 3295 1997 non
3327 1957 3498 2012 pauca

1914 2030 1966 2086 in
2017 2031 2181 2102 alios,
2227 2032 2458 2088 simodo
2501 2033 2770 2098 velimus,
2812 2034 2896 2089 vel
2945 2036 3360 2104 persuadendo,
3410 2035 3499 2090 vel

1918 2123 2263 2193 decipiendo,
2287 2123 2372 2179 vel
2399 2123 2508 2178 vim
2540 2123 2864 2189 adhibendo,
2899 2121 3345 2181 conferamus.Et
3367 2140 3499 2181 vero

1915 2221 2232 2281 peccatores
2281 2214 2334 2267 in
2361 2229 2457 2270 sua
2489 2221 2636 2268 tenet
2685 2223 2954 2282 potestate
2981 2215 3281 2270 daemonum
3316 2217 3494 2280 turba,

1915 2305 2388 2376 obsequentesque
2441 2305 2588 2360 ducit
2630 2315 2792 2374 atque
2832 2305 2945 2378 agit
2991 2322 3099 2377 quo
3137 2307 3269 2362 vult.
3313 2307 3501 2363 Velint

1917 2407 2100 2453 autem
2145 2401 2212 2454 ad
2245 2399 2645 2470 astrologorum
2689 2400 2932 2455 fallacias
2963 2411 3209 2456 nostram
3245 2403 3499 2472 componi

1917 2491 2085 2545 vitam
2121 2509 2134 2547 :
2171 2501 2230 2545 ut
2251 2502 2477 2548 eventus
2504 2492 2722 2561 quidem
2784 2509 2907 2549 cum
2940 2494 3336 2564 astrologorum
3368 2510 3501 2564 prae-

1917 2583 2249 2638 dictionibus
2279 2585 2593 2640 consentire
2621 2586 3136 2651 animadvertentes,
3186 2589 3279 2642 sed
3309 2602 3498 2642 eorum

1918 2686 2169 2730 auctores
2193 2691 2297 2729 non
2321 2675 2698 2740 observantes,
2721 2693 2829 2732 non
2852 2678 3026 2733 solum
3051 2688 3318 2735 astrorum
3335 2694 3498 2734 cursu

1918 2767 2124 2836 decepti
2172 2767 2445 2833 fallamur,
2485 2784 2674 2825 verum
2707 2771 2894 2836 etiam,
2924 2772 3143 2841 pietatis
3178 2755 3239 2828 ac
3273 2772 3501 2839 iustitia:

1919 2858 2062 2912 nulla
2093 2858 2280 2913 habita
2329 2860 2559 2928 ratione,
2588 2860 2642 2916 in
2676 2861 2970 2932 impietatis
3011 2864 3269 2934 abyssum
3294 2863 3501 2920 incida-

1917 2961 2060 3004 mus.
2091 2947 2156 3002 Et
2193 2949 2296 3004 hoc
2324 2950 2539 3019 quidem
2568 2951 2767 3021 ipsum,
2797 2953 2940 3022 quod
2971 2955 3140 3022 illam,
3166 2971 3334 3026 quam
3366 2957 3504 3014 dixi-

1920 3054 2062 3104 mus,
2095 3042 2448 3112 compositam
2473 3043 2734 3099 adversus
2764 3043 3013 3101 homines
3041 3047 3499 3104 machinationem

1921 3130 1975 3185 hi
2005 3146 2109 3185 non
2131 3133 2589 3200 animadvertant,
2611 3135 2915 3190 daemonum
2943 3136 3130 3208 utique
3159 3151 3294 3209 Opus
3315 3138 3500 3208 fuerit,

1921 3231 2148 3288 peccato
2193 3221 2358 3278 simul
2421 3233 2582 3293 atque
2634 3225 2909 3292 impietate
2970 3227 3176 3295 ascitis,
3239 3244 3338 3299 per
3379 3245 3502 3300 quas

1920 3309 2312 3379 prohibeantur
2335 3311 2568 3386 [miseri]
2601 3324 2654 3369 et
2681 3316 2873 3370 horqu
2903 3317 3256 3383 molitionem,
3285 3328 3342 3376 et
3369 3319 3503 3374 divi-

1921 3419 2112 3459 uormu
2145 3405 2397 3459 similiter
2416 3405 2741 3475 iudiciorum
2777 3407 3200 3476 profunditatem
3227 3409 3498 3480 intellige-

1921 3509 2002 3548 re.
2056 3493 2336 3560 Quomodo
2386 3494 2531 3548 enim
2581 3493 2725 3551 Deus
2759 3505 2852 3550 aut
2890 3497 3196 3552 daemonum
3249 3498 3496 3562 insidias,

1922 3594 2014 3638 aut
2039 3601 2152 3640 sum
2179 3586 2530 3655 providentiae
2562 3588 2819 3659 mysteria
2854 3589 3170 3644 manifestet
3213 3591 3279 3644 iis
3304 3591 3498 3660 quibus

1920 3676 2100 3731 studio
2150 3686 2236 3732 est
2286 3675 2406 3746 ejus
2447 3679 2724 3748 despicere
2764 3691 3030 3750 praecepta
3062 3681 3086 3735 τ
3115 3679 3327 3737 Etenim
3378 3699 3500 3752 qua:

1922 3769 2102 3839 iniqua
2137 3785 2260 3826 esse
2305 3772 2526 3834 scimus,
2556 3784 2928 3842 perpetramus
2965 3792 2980 3828 :
3012 3789 3182 3845 neque
3226 3785 3402 3830 tamen
3433 3791 3497 3831 ca

1920 3871 2317 3928 consectantur,
2373 3878 2492 3932 quae
2550 3862 2817 3917 laudanda
2864 3867 3153 3932 novimus;
3211 3877 3266 3921 et
3320 3867 3500 3924 adhuc

1921 3969 2204 4023 Speramus
2236 3970 2338 4010 nos
2389 3957 2568 4024 ignota
2598 3968 2949 4025 percepturos
2977 3957 3150 4012 ?‘Ubi
3181 3974 3244 4012 ea
3278 3959 3495 4029 feceris,

1921 4063 2040 4116 qme
2081 4047 2336 4114 didicisti,
2388 4059 2549 4117 atque
2572 4063 2669 4118 per
2704 4050 2959 4104 virtutem
3010 4051 3243 4122 teipsum
3273 4051 3496 4123 dignum

1921 4137 2244 4205 reddideris,
2274 4141 2340 4192 ad
2370 4139 2522 4208 plura
2559 4147 2755 4210 praeter
2782 4156 2846 4194 ea
2877 4157 2996 4211 qua:
3019 4152 3144 4197 ante
3175 4145 3498 4214 cognoveris

1920 4231 2290 4301 percipienda,
2314 4240 2424 4285 tum
2442 4232 2662 4286 demum
2691 4232 2926 4299 mireris,
2946 4233 2990 4286 si
3020 4248 3141 4302 quae
3174 4234 3498 4302 perfectiora

1920 4329 2069 4386 sunt,
2099 4318 2314 4374 discere
2346 4320 2687 4389 nequiveris.
2716 4323 2786 4374 At
2813 4321 3049 4390 quandiu
3079 4323 3498 4390 perturbationi-

229 4425 531 4497 μαρμένης
589 4424 649 4477 ὲν
693 4425 879 4486 αὐτοῖς
925 4421 1325 4494 βεϐαιώσαντες
1373 4420 1602 4488 πλάσμα
1653 4419 1813 4472 πλέον

1920 4410 2021 4465 bus
2063 4409 2295 4464 refertus
2336 4423 2417 4476 es,
2465 4409 2745 4480 Deumque
2786 4411 3111 4478 contemnis,
3141 4414 3411 4481 quomodo
3439 4421 3498 4469 tu

225 4517 372 4570 Θεοῦ
418 4515 908 4586 ἀποστατήσωσινς
948 4514 1011 4568 El
1066 4513 1250 4584 μέντοι
1297 4527 1361 4580 γε
1401 4512 1534 4582 ὅσην
1576 4510 1708 4582 περὶ
1747 4510 1818 4563 τά

226 4610 386 4664 κακά
416 4608 652 4679 σπουδὴν
687 4609 928 4678 εἴχομεν,
959 4605 1230 4675 τοσαύτην
1269 4605 1396 4674 περὶ
1430 4605 1500 4656 τά
1531 4602 1690 4663 καλὰ,
1715 4601 1815 4654 οὐκ

224 4701 299 4755 ἂν
332 4702 682 4771 ἠγνοήσαμεν
711 4700 834 4752 ὅσον
865 4697 969 4751 ὑπὸ
999 4696 1132 4750 Θεοῦ
1159 4691 1526 4765 τετιμήμεθα,
1555 4693 1662 4746 οὐδ’
1693 4693 1816 4746 ὅσον

225 4793 380 4847 κατά
405 4792 676 4862 δαιμόνων
714 4790 991 4859 ἰσχύομεν.
1020 4785 1304 4856 Πανταχοῦ
1339 4785 1474 4856 μὲνί
1514 4783 1623 4855 γάρ
1661 4783 1816 4846 θεὸς,

112 4916 130 4926 ο
225 4886 450 4954 ἐγγίζει
488 4885 547 4937 δὲ
595 4883 796 4954 μᾶλλον
829 4885 941 4944 τοῖς
974 4880 1041 4934 δι’
1070 4881 1248 4950 ἔργων
1288 4878 1576 4948 ἀγαπῶσιν
1618 4877 1814 4929 αὐτόν’

226 4979 372 5032 ὅπου
399 4976 459 5028 δὲ
488 4973 755 5039 Θεὸς,ητίς
781 4976 809 5027 ὁ
834 4973 1112 5026 λανθάνων
1140 4971 1238 5040 τὴν
1261 4969 1552 5039 ἐπιϐουλὴν
1578 4969 1611 5038 ἢ
1643 4970 1670 5021 ό
1697 4969 1818 5019 ὲπι-

229 5066 516 5122 ϐουλεύων
550 5067 721 5132 ὄλως;
765 5064 955 5119 Ταῦτα
981 5063 1254 5117 διαλαϐὼν
1277 5061 1346 5116 τά
1377 5061 1500 5131 ίερά
1529 5061 1684 5128 λόγια
1715 5059 1821 5112 πά-

228 5161 324 5212 λιν
376 5158 518 5212 κατά
561 5157 661 5227 τῆς
707 5154 1051 5226 εἱμαρμένης
1099 5153 1333 5217 ὁπλίζει,
1366 5151 1647 5222 παραινῶν
1697 5149 1823 5210 τοὺς

230 5247 564 5318 ἀνθρώπους
594 5242 1034 5298 ἀπαλλάττεσθαι
1061 5243 1158 5312 τῆς
1187 5240 1442 5310 τοιαύτης
1474 5241 1701 5308 πλάνης.
1725 5236 1822 5289 Διά

231 5340 300 5392 δὲ
351 5338 445 5392 τοῦ
494 5337 674 5404 λέγειν
722 5337 800 5397 εἰς
855 5336 1056 5405 σημεῖα
1095 5333 1188 5386 καὶ
1223 5333 1304 5396 εἰς
1333 5335 1559 5402 καιροὺς
1601 5329 1695 5382 καὶ
1741 5329 1822 5390 εἰς

1924 4511 2018 4556 aut
2042 4501 2161 4572 ejus
2195 4501 2543 4571 providentiae
2574 4501 2829 4572 mysteria
2860 4501 3055 4568 disces,
3095 4503 3180 4557 vel
3225 4513 3415 4558 contra
3445 4515 3498 4562 te

1919 4593 2217 4646 daemonum
2247 4591 2545 4661 impetum?
2570 4589 2638 4644 Et
2660 4592 2926 4660 quomodo
2947 4608 3051 4645 non
3093 4591 3251 4649 facile
3280 4595 3499 4651 vincant

1918 4680 2190 4736 daemones
2219 4695 2312 4735 eos
2341 4680 2536 4749 quibus
2568 4693 2675 4732 non
2701 4689 2784 4732 est
2808 4675 2950 4734 Deus
2982 4691 3348 4749 propugnator
3375 4680 3399 4736 ?
3427 4683 3494 4737 ad

1921 4777 2010 4831 illa
2059 4775 2312 4830 nimirum
2351 4775 2450 4828 hos
2503 4773 2880 4836 attrahentes,
2931 4786 3050 4838 quaa
3097 4771 3493 4842 astrologorqu

1921 4868 2045 4923 libri
2084 4866 2381 4936 praedicunt
2411 4880 2425 4918 :
2452 4872 2510 4916 ut
2533 4861 2626 4915 fati
2653 4862 2703 4914 iu
2733 4860 2810 4915 eis
2840 4859 3093 4930 figmento
3121 4861 3496 4928 corroborato,

1923 4959 2154 5028 amplius
2196 4957 2358 5011 etiam
2394 4970 2423 5007 a
2456 4952 2569 5008 Deo
2590 4953 2864 5008 deficiant.
2914 4952 3100 5021 Atqui,
3128 4953 3173 5008 si
3201 4965 3404 5023 quanto
3429 4957 3498 5010 ad

1924 5052 2125 5105 malum
2162 5049 2340 5103 Studio
2361 5045 2761 5111 contendimus,
2795 5053 2944 5098 tanto
2976 5045 3103 5098 item
3133 5043 3200 5097 ad
3242 5045 3496 5100 honesta-

1929 5155 2034 5197 tem
2067 5143 2518 5203 incumberemus,
2551 5152 2655 5193 non
2705 5137 3078 5207 ignoraremus
3111 5136 3306 5205 22Ῑό
3332 5151 3494 5206 quam

1930 5233 2041 5288 Deo
2073 5233 2220 5288 chari
2238 5232 2430 5297 simus,
2461 5244 2634 5298 neque
2658 5237 2918 5299 quantum
2952 5227 3144 5280 virium
3169 5237 3354 5280 contra
3390 5227 3498 5280 dac-

1930 5341 2142 5387 monem
2179 5325 2496 5379 habeamus.
2537 5321 2649 5376 Etsi
2700 5321 2846 5375 enim
2874 5308 3078 5388 ubique
3107 5319 3269 5384 Deus,
3308 5318 3374 5373 ad
3405 5333 3499 5373 eos

1528 5487 1762 5542 VAl’JIE
1793 5486 2198 5543 LECTIONES.

310 5607 356 5639 ’³
387 5610 742 5681 κατισχύουσι
780 5607 1146 5681 apographum
1179 5605 1435 5681 Stephani
1470 5623 1484 5681 ς
1520 5604 1930 5681 κατισχλύσουσιη
1956 5622 2014 5670 ς.
2094 5604 2140 5635 ⁰⁶
2177 5601 2448 5674 βούλοιντο
2482 5620 2540 5666 τ.
2617 5601 2659 5633 ’⁷
2696 5597 2852 5672 πρὸς]
2881 5597 2954 5662 ὡς
2999 5598 3063 5649 Α.
3139 5593 3186 5627 ⁸⁸
3215 5607 3498 5662 συναιρου-

583 5675 630 5713 '99
657 5679 824 5734 αὑτοῦ
865 5675 925 5742 εξ,
986 5675 1016 5708 ’⁸
1053 5677 1152 5748 μὲν
1180 5688 1236 5731 et
1269 5675 1410 5731 infra
1437 5677 1518 5739 εἰς
1544 5675 1666 5730 add.
1697 5677 1761 5730 Δ.

658 5773 931 5834 Parnm“
961 5772 1076 5831 Gn.
1120 5769 1282 5832 Clll.

244 5683 420 5753 μένης
445 5699 505 5746 ς.

3021 5749 3099 5811 28
