3972 6248
478 315 582 378 875

1621 307 1889 369 ΡΗΟΤΙΙ
1926 305 2432 366 PATRIARCI‘IE
2465 306 2573 365 [ΣΡ.

3624 299 3731 362 87S

473 441 649 483 tamen
675 422 896 496 propius
919 418 1145 482 accedit,
1172 417 1262 486 qui
1284 430 1379 487 per
1398 429 1563 485 opera
1590 417 1764 485 ipsum
1789 416 2037 485 diligunt.

2157 413 2428 475 ἐνιαυτοὺς
2454 411 2706 480 γενέσθαι
2735 411 2883 482 παρὰ
2910 413 3047 467 Θεοῦ
3076 413 3168 466 τὸν
3194 412 3347 481 ἥλιον
3375 411 3469 465 καὶ
3511 411 3611 481 τὴν
3639 429 3730 465 σε-

472 519 571 574 Ubi
623 527 801 571 autem
829 513 971 567 Deus
993 519 1098 576 est,
1143 523 1388 578 quaenam
1418 508 1530 562 illic
1578 507 1784 562 insidiae
1819 505 2040 570 lateant,

471 622 563 666 aut
616 609 737 678 quis
769 603 994 661 omnino
1019 601 1159 655 adsit
1189 599 1470 653 insidiator
1497 598 1521 651 ?
1568 597 1699 664 Qum
1741 597 1833 651 ubi
1868 595 2043 651 disse-

469 703 602 765 ruit,
628 698 823 754 divinis
854 709 1067 749 rursum
1085 690 1330 760 Eloquiis
1352 690 1612 744 adversus
1644 689 1809 742 fatum
1843 687 2046 742 instru-

2150 505 2317 575 λήνην
2364 505 2460 558 καὶ
2503 507 2627 568 τοὺς
2669 506 2928 576 ἀστέρας,
2960 505 3028 558 τὰ
3073 507 3168 558 ἐπὶ
3211 505 3389 575 Ἰησοῦ
3433 505 3528 556 τοῦ
3575 505 3734 576 Ναυῆ

2152 597 2495 668 γεγενημένα
2526 597 2816 668 δηλοῦσθαί
2848 616 2978 667 φησι
3010 598 3105 650 καὶ
3135 598 3203 651 τὰ
3232 599 3326 650 ἐπὶ
3367 598 3607 662 Ἐζεκίου
3637 595 3732 651 τοῦ

2155 688 2421 759 βασιλέως
2461 691 2554 743 καὶ
2592 691 2661 742 τὰ
2702 689 2795 742 ἐπὶ
2832 689 2925 741 τοῦ
2962 688 3284 742 δεσποτικοῦ
3325 688 3555 752 πάθους.

469 803 609 856 ctus,
639 788 884 845 homines
909 784 1251 847 adhortatur,
1284 792 1340 838 ut
1369 798 1426 838 se
1455 783 1545 837 illo
1568 797 1755 838 errore
1784 781 2038 838 liberent.
2079 783 2232 850 Quod
2261 795 2439 838 autem
2473 783 2530 837 in
2562 783 2716 852 signa
2755 789 2812 836 et
2843 791 3086 850 tempora
3113 793 3140 821 α
3179 790 3234 834 et
3297 795 3468 834 annos
3533 779 3733 834 factum

469 899 591 940 esse
617 899 644 938 a
673 884 783 937 Deo
807 879 975 936 solem
1011 892 1136 933 cum
1167 877 1298 930 luna
1329 883 1383 930 et
1412 874 1584 931 stellis
1617 875 1837 942 dicitur,
1868 876 1954 931 his
1988 890 2049 930 ea
2090 877 2387 947 signiﬁcari
2423 876 2552 940 vult,
2583 890 2705 946 quae
2735 874 2764 914 δ
2809 875 2911 930 sub
2933 872 3060 929 Jesu
3089 873 3199 928 ﬁlio
3225 871 3372 928 Nave
3431 880 3486 928 et
3515 883 3537 911 ο
3603 871 3737 925 Eze-

470 977 592 1032 chia
643 988 789 1041 rege,
837 972 1076 1039 itemque
1116 968 1170 1023 in
1198 968 1225 1008 ἀ
1273 968 1475 1024 Christi
1510 969 1763 1039 passione
1805 971 2170 1041 contigerunt.

544 1069 639 1125 llis
671 1069 832 1138 igitur
867 1066 1319 1136 quinquagesimo
1349 1065 1527 1134 capite
1559 1065 1925 1135 pertractatis.
1979 1066 2043 1120 51

471 1162 536 1218 ad
558 1163 810 1228 deinceps
841 1158 1057 1224 transit,
1082 1172 1189 1227 quo
1214 1171 1242 1210 a
1270 1155 1565 1212 Bardisane
1593 1168 1743 1211 ortos
1770 1157 2053 1212 harreticos

471 1254 774 1322 redarguit,
820 1249 960 1320 quod
998 1265 1119 1304 cum
1151 1248 1508 1319 proﬁteantur
1535 1263 1595 1304 se
1630 1249 1920 1318 prophetas
1952 1249 2052 1302 ad-

472 1347 706 1410 mittere,
738 1344 946 1396 animas
968 1341 1185 1410 quidem
1219 1354 1250 1394 a
1278 1340 1459 1409 genesi
1487 1339 1689 1395 liberas
1718 1350 1772 1395 et
1801 1341 1885 1396 sui
1913 1340 2053 1410 juris

473 1436 857 1498 conﬁteantur,
902 1431 998 1487 sed
1039 1446 1236 1500 corpus
1264 1430 1626 1485 nihilominus
1662 1430 1823 1499 hujus
1854 1433 2050 1498 guber-

474 1527 688 1584 nationi
723 1524 1034 1594 subjiciant.
1069 1522 1206 1577 Nam
1234 1522 1473 1586 divitias,
1497 1530 2060 1592 paupertatem,mor-

471 1625 628 1685 bum,
668 1620 983 1684 sanitatem,
1033 1617 1221 1681 vitam,
1278 1624 1512 1670 mortem
1561 1622 1616 1669 et
1645 1627 1982 1684 quazcunque
2007 1614 2058 1667 in

473 1725 667 1769 nostra
690 1727 799 1767 non
831 1719 958 1766 sunt
980 1717 1278 1779 potestate,
1333 1723 1432 1777 per
1479 1705 1576 1762 fati
1605 1709 1715 1761 vim
1747 1705 1882 1761 ellici
1917 1704 2061 1760 alIir-

477 1814 649 1860 mant.
685 1803 758 1858 At
775 1803 819 1858 si
855 1799 1366 1857 secundumlsaiam
1392 1811 1415 1839 ε
1441 1799 1696 1870 ignorant
1721 1798 1842 1854 coeli
1877 1806 2058 1852 astro-

2244 1068 2406 1120 Ἀλλα
2433 1083 2656 1121 τοιαυτα
2687 1067 2786 1135 μὲν
2817 1063 2916 1119 καὶ
2944 1063 3086 1117 κατά
3115 1063 3176 1117 τὸ
3199 1070 3240 1115 ν’
3268 1061 3564 1119 κεφάλαιον
3598 1063 3737 1116 διελ-

2161 1160 2268 1214 θὼν
2301 1161 2542 1230 μέτεισιν
2572 1159 2664 1212 ἐπὶ
2713 1160 2771 1212 τὸ
2799 1165 2848 1212 α’
2900 1159 2996 1211 καὶ
3029 1157 3095 1219 ν’,
3133 1155 3260 1227 [564
3290 1157 3386 1227 “.1
3419 1156 3477 1208 ἐν
3605 1159 3732 1219 τούς

2160 1253 2270 1306 ἀπὸ
2299 1253 2665 1322 Βαρδισάνους
2695 1251 3010 1321 αἱρετικοῦς
3033 1247 3320 1318 διελέγχει,
3355 1248 3607 1318 δέχεσθαι
3638 1247 3738 1317 μὲν

2161 1346 2666 1416 προσποιουμένους
2690 1345 2814 1407 τοὺς
2837 1343 3146 1413 προφήτας,
3176 1343 3272 1396 καὶ
3301 1344 3402 1406 τὰς
3437 1341 3537 1412 μὲν
3558 1341 3735 1411 ψυχάς

2159 1436 2432 1504 γενέσεως
2462 1436 2756 1506 ἐλευθέρας
2778 1434 2872 1487 καὶ
2901 1432 3282 1500 αὐτεξουσίους
3312 1433 3733 1504 ὁμολογοῦντας,

2156 1529 2216 1581 τὸ
2242 1530 2402 1596 σῶμα
2418 1529 2474 1582 δὲ
2503 1532 2570 1600 τῇ
2592 1528 2798 1598 ταύτης
2820 1528 3220 1590 ὐποτάττοντας
3243 1527 3539 1598 διοικήσει·
3570 1527 3736 1578 πλοῦ-

2156 1635 2246 1671 τον
2281 1619 2391 1689 γὰρ
2412 1617 2506 1671 καὶ
2537 1618 2748 1679 πενίαν,
2786 1617 2880 1670 καὶ
2902 1616 3057 1670 νόσον
3080 1616 3173 1670 καὶ
3203 1617 3436 1686 ὑγίειαν,
3463 1617 3557 1670 καὶ
3584 1616 3727 1686 ζωὴν

2157 1709 2252 1762 καὶ
2274 1709 2529 1774 θάνατον,
2559 1709 2655 1762 καὶ
2679 1709 2780 1762 ὅσα
2799 1708 2898 1762 οὐκ
2925 1709 3009 1777 ἐφ’
3031 1710 3053 1739 ³
3083 1710 3242 1779 ἡμῖν,
3284 1707 3445 1778 ἔργον
3471 1705 3610 1761 εἶναι
3645 1708 3737 1761 λέ-

2159 1822 2314 1873 γουσι
2334 1807 2434 1875 τῆς
2465 1804 2825 1875 εἱμαρμένης.
2872 1804 2935 1856 Εἰ
2961 1804 3018 1857 δὲ
3046 1804 3186 1858 κατά
3220 1806 3313 1856 τὸν
3359 1804 3592 1858 Ἡσαΐαν
3637 1805 3738 1858 οὐκ

477 1899 582 1967 logi
636 1911 756 1968 quae
799 1893 979 1949 futura
1009 1893 1145 1959 sint,
1195 1902 1250 1948 et
1289 1907 1355 1947 ex
1396 1891 1645 1947 Jeremiae
1674 1890 1694 1930 ί
1759 1891 2051 1955 sententia,

2159 1899 2338 1951 ἴσασιν
2369 1873 2417 1950 οἱ
2446 1873 2773 1968 ἀστρολόγοι
2791 1895 2885 1949 τοῦ
2927 1896 3160 1967 οὐρανοῦ
3201 1896 3269 1950 τά
3319 1896 3603 1967 μέλλοντα,
3643 1899 3739 1951 καὶ

476 2005 672 2043 vanum
708 1989 812 2042 hoc
835 1999 995 2041 omne
1023 1986 1259 2040 studium
1306 1994 1411 2052 est,
1464 1984 1740 2053 quomodo
1783 1984 1838 2038 1ιί
1879 1984 2055 2039 susei-

467 2095 605 2150 pere
633 2094 693 2136 se
729 2079 918 2133 dicunt
950 2080 1267 2146 prophetas,
1314 2077 1406 2146 qui
1449 2091 1647 2145 corpus
1675 2075 1774 2130 fati
1801 2073 2054 2128 servituti

473 2169 812 2242 subjiciunt?
863 2167 1074 2223 Etenim
1129 2167 1271 2223 Deus
1305 2166 1510 2223 Judmis
1556 2167 1672 2222 sive
1713 2167 1886 2221 minas
1938 2168 2052 2221 sive

473 2277 662 2334 penas
689 2261 902 2316 nonnisi
936 2274 1228 2330 corporeas
1258 2258 1524 2322 intendit,
1563 2257 1874 2327 similiaque
1902 2269 2056 2326 parat

475 2353 759 2419 beneﬁcia,
814 2367 1043 2422 quorum
1075 2359 1262 2405 tamen
1295 2350 1664 2420 cognitionem
1698 2364 1802 2403 non
1852 2349 2052 2403 habere

475 2443 780 2512 astrologos
819 2457 918 2512 per
939 2441 1133 2496 Isaiam
1165 2438 1556 2509 pronuntiavit.
1609 2434 1858 2504 Quonam
1887 2437 2054 2507 igitur

474 2546 632 2606 pacto
670 2533 787 2588 lieri
828 2543 1027 2602 potest,
1066 2539 1199 2588 utet
1228 2529 1509 2600 prophetis
1537 2529 1669 2587 ﬁdes
1706 2529 2051 2595 adhibeatur,

476 2638 532 2681 et
558 2640 943 2697 corporeorum
987 2639 1109 2679 cum
1148 2623 1414 2678 malorum
1446 2631 1562 2678 tum
1598 2622 1867 2678 bonorum
1903 2631 2055 2693 pote-

475 2732 587 2773 Stas
629 2719 808 2774 omnis
857 2716 968 2773 fato
1026 2715 1395 2779 concedatur,
1439 2724 1496 2768 et
1533 2714 1659 2770 huic
1686 2714 1912 2770 nimium
1953 2713 2052 2769 ad-

475 2812 604 2866 dicti
664 2810 840 2864 futura
881 2807 1226 2881 prtedicant?
1276 2807 1384 2862 nisi
1443 2806 1585 2863 forte
1633 2820 1732 2875 per
1781 2806 2053 2863 insaniam

477 2901 734 2966 dixerint,
763 2901 903 2956 bona
939 2901 1156 2968 quidem
1176 2901 1303 2970 piis,
1342 2900 1479 2957 mala
1508 2913 1638 2956 vero
1660 2900 1840 2970 impiis
1865 2899 2051 2954 distri-

478 2992 664 3053 buere,
697 3000 752 3044 et
790 2991 960 3058 ipsum
990 2989 1215 3059 insuper
1241 3005 1441 3045 numen
1475 2988 1586 3046 fato
1626 2989 1920 3045 deservire.
1982 2989 2055 3044 At

478 3082 571 3151 qui
603 3082 797 3136 animat
833 3082 1018 3152 genesi
1062 3096 1166 3137 nou
1215 3081 1599 3151 subiiciantur,
1656 3081 1876 3153 quando
1913 3080 2053 3138 Deus

479 3176 616 3244 ipse,
642 3188 825 3228 rerum
861 3173 1101 3228 omnium
1146 3173 1415 3241 conditor,
1439 3188 1544 3229 una
1581 3188 1704 3230 cum
1732 3173 1834 3230 hac
1863 3188 2053 3244 opera-

2158 1990 2298 2043 κατὰ
2333 1989 2425 2043 τὸν
2477 1989 2752 2060 Ἰερεμίαν
2816 1989 3024 2060 ματαία
3068 1989 3216 2042 ἐστὶν
3263 1992 3297 2060 ἠ
3347 1991 3476 2060 περὶ
3532 1990 3738 2059 ταύτην

2160 2080 2387 2152 σπουδὴ,
2424 2081 2542 2144 πῶς
2569 2075 2715 2134 οὗτοι
2743 2080 2995 2152 δέχεσθαι
3027 2081 3126 2152 μέν
3163 2097 3297 2150 φασι
3337 2083 3463 2144 τούς
3512 2085 3735 2152 προφή-

2156 2189 2276 2235 τας,
2310 2170 2370 2223 τὸ
2392 2171 2550 2241 σῶμα
2579 2170 2636 2223 δὲ
2663 2169 2849 2223 δοῦλον
2879 2170 3097 2223 ποιοῦσι
3117 2171 3216 2241 τῆς
3236 2170 3607 2242 είμαρμένης;
3642 2173 3738 2224 καὶ

2157 2261 2266 2331 γὰρ
2294 2262 2321 2314 ὁ
2348 2261 2478 2324 Θεὸς
2509 2261 2623 2324 τοῖς
2649 2260 2928 2324 Ἰουδαίοις
2971 2264 3066 2317 καὶ
3093 2262 3193 2326 τὰς
3244 2262 3480 2326 ἀπειλὰς
3516 2264 3613 2317 καὶ
3664 2264 3738 2317 τὰ

2157 2352 2305 2422 πάθη
2334 2353 2624 2422 σωματικὰ
2643 2354 2870 2425 ἑπηφίει
2893 2353 2936 2421 ³,
2961 2352 3217 2418 τοιαύτας
3237 2354 3293 2408 δὲ
3333 2356 3428 2409 καὶ
3459 2355 3560 2418 τὰς
3582 2356 3739 2426 εὐερ-

2156 2446 2366 2514 γεσίας,
2399 2438 2474 2500 ὧν
2495 2447 2719 2513 ἄγνοιαν
2759 2445 2903 2517 ἔχειν
2923 2447 3051 2512 τοὺς
3095 2447 3458 2518 ἀστρολόγους
3505 2448 3593 2502 διὰ
3639 2447 3738 2502 τοῦ

2173 2539 2397 2592 Ἡσαΐου
2430 2538 2866 2610 κατεψηφίσατο.
2916 2539 3041 2604 Πῶς
3077 2537 3173 2594 οῦν
3220 2541 3456 2612 ἐγχωρεῖ
3484 2542 3580 2594 καὶ
3624 2543 3739 2606 τοῖς

2158 2632 2469 2702 προφήταις
2493 2631 2803 2698 πείθεσθαι,
2823 2630 2920 2685 καὶΙ
2943 2629 3053 2686 τῶν
3077 2633 3408 2702 σωματικῶν
3437 2631 3743 2686 κακώσεων

2157 2724 2251 2777 καὶ
2281 2721 2612 2794 εὐεργεσιῶν
2636 2725 2703 2794 τῇ
2740 2722 3052 2795 εἱμαρμένῃ
3081 2725 3141 2776 τὸ
3164 2724 3365 2793 κράτος
3411 2722 3741 2794 χαρίζεσθαι

2157 2814 2251 2867 καὶ
2284 2811 2578 2885 προλέγειν
2602 2812 2731 2876 τοὺς
2751 2813 2882 2884 περὶ
2913 2812 3086 2883 αὐτὴν
3108 2812 3484 2883 ἐπτοημένους
3521 2811 3592 2866 τὰ
3618 2814 3742 2866 ἐσό-

2156 2922 2328 2975 μενα;
2358 2906 2406 2957 εἰ
2440 2903 2518 2976 μὴ
2545 2902 2655 2976 ἄρα
2687 2904 2994 2975 μεμηνότες
3046 2906 3253 2959 εἴποιεν
3293 2904 3364 2958 τά
3405 2905 3503 2975 μὲν
3557 2904 3743 2974 ἀγαθά

2153 3000 2268 3062 τοῖς
2295 2996 2581 3052 εὐσεϐοῦσι
2603 2997 2812 3067 νέμειν,
2847 2996 3107 3051 τάναντία
3127 2996 3148 3028 ⁸
3163 2995 3222 3049 δὲ
3251 2998 3365 3059 τοῖς
3384 2996 3733 3060 δυσσεϐοῦσι,

2157 3091 2250 3144 καὶ
2282 3089 2344 3143 τὸ
2373 3089 2528 3143 Θεῖον
2571 3086 3082 3160 ὲξυπηρετούμενον
3123 3090 3192 3160 τῇ
3231 3088 3562 3161 εἱμαρμένῃ.
3625 3087 3740 3142 Καὶ

2158 3183 2278 3246 πῶς
2297 3181 2468 3253 ψυχαὶ
2494 3181 2709 3250 γενέσει
2737 3179 2838 3252 οὐχ
2870 3180 3274 3245 ὑποκείσονται,
3311 3179 3445 3232 Θεοῦ
3479 3180 3572 3232 τοῦ
3599 3181 3740 3233 πάν-

479 3277 586 3330 tur,
651 3263 1016 3333 fatalibusque
1047 3261 1253 3319 eﬂ‘ectis
1303 3262 1618 3319 subservit?
1673 3260 1731 3318 Si
1754 3277 1887 3319 vero
1929 3278 2051 3334 quae

2157 3293 2266 3330 των
2293 3272 2627 3346 δημιουργοῦ
2648 3271 3039 3344 συνεργοῦντος
3089 3271 3228 3342 αὐτῇ
3251 3271 3273 3302 ⁵
3304 3273 3397 3324 καὶ
3435 3273 3742 3342 ὑπηρετου-

479 3372 574 3422 per
601 3356 825 3427 angelos
864 3355 996 3410 olim
1055 3371 1120 3412 ac
1168 3357 1460 3427 prophetas
1489 3355 1872 3412 administrata
1900 3366 2050 3422 sunt,

478 3462 540 3502 ea
571 3447 786 3519 genesis
815 3463 923 3503 non
955 3447 1136 3513 elﬁcit,
1184 3456 1245 3502 ut
1294 3461 1394 3503 nec
1423 3459 1486 3501 ea
1519 3461 1640 3517 qua:
1668 3445 1927 3503 Dominus
1955 3461 2056 3503 no-

477 3547 590 3594 ster
621 3537 778 3594 Jesus
811 3538 1061 3594 Christus
1091 3539 1144 3593 in
1172 3553 1336 3594 carne
1356 3553 1623 3609 apparens
1667 3547 1924 3609 operatus
1947 3547 2052 3607 est,

484 3635 1085 3692 duminnumerabilem
1137 3635 1495 3692 humanorum
1537 3651 1827 3707 corporum
1869 3637 2054 3692 multi-

479 3729 716 3784 tudinem
746 3727 981 3796 sanavit,
1034 3743 1290 3797 quorsum
1340 3729 1518 3784 adhuc
1554 3728 1741 3783 volunt
1785 3726 2054 3785 allirmare

484 3832 684 3888 corpus
716 3833 748 3872 a
781 3820 970 3889 genesi
1007 3818 1424 3874 administrari?
1476 3818 1610 3874 Nam
1645 3827 1740 3874 aut
1789 3819 1921 3874 illud
1949 3819 2050 3873 fal-

478 3924 597 3962 sum
629 3907 876 3976 reddent,
911 3909 1054 3978 quod
1085 3907 1230 3964 Deus
1267 3907 1637 3980 immorigeris
1668 3923 1858 3979 poenas
1890 3909 2053 3964 mini-

476 4009 657 4068 tetur,
714 3999 1324 4072 obtemperantibusque
1400 3999 1633 4072 benigne
1689 4001 1913 4057 faciat:
1957 4009 2052 4056 aut

477 4103 647 4156 certe,
713 4092 758 4146 si
817 4093 1052 4162 primum
1111 4093 1245 4148 illud
1296 4107 1505 4159 verum,
1542 4092 1836 4149 secundum
1867 4092 2049 4149 fabula

474 4197 579 4240 εει.
615 4183 693 4237 Ad
735 4183 851 4239 haec
888 4183 1085 4253 222a
1117 4184 1213 4255 qui
1247 4184 1363 4240 ﬁeri
1395 4193 1592 4255 potest,
1621 4194 1681 4238 ut
1704 4184 1886 4255 genesi
1923 4200 2048 4240 cor-

475 4289 605 4342 pora
626 4273 866 4344 subjecta
886 4288 1010 4329 cum
1041 4275 1171 4339 sint,
1224 4276 1420 4329 anima:
1463 4283 1643 4328 tamen
1675 4272 1791 4342 ejus
1820 4275 2048 4344 imperio

473 4365 878 4421 subducantur?
917 4362 974 4419 Si
991 4365 1134 4420 enim
1158 4365 1390 4436 agenesi
1410 4365 1622 4420 accidat
1650 4365 1892 4420 inventio
1928 4366 2048 4421 the-

473 4457 642 4522 sauri,
673 4457 757 4514 vel
776 4456 1068 4513 aediﬁcatio
1112 4459 1325 4524 domus,
1371 4457 1455 4511 vel
1486 4457 1714 4512 aliarum
1743 4457 2045 4526 aliquarum

2158 3369 2322 3440 μένου
2348 3367 2461 3429 τοῖς
2491 3362 2964 3434 άποτελέσμασιν;
2996 3363 3060 3415 Εἰ
3096 3361 3154 3414 δὲ
3176 3361 3299 3414 οὔτε
3327 3360 3399 3414 τὰ
3446 3360 3513 3414 δι’
3564 3361 3737 3429 ἀγγέ-

2153 3459 2261 3514 λων
2288 3456 2384 3510 καὶ
2411 3453 2712 3528 προφητῶν
2740 3453 3176 3526 οἰκονομηθέντα
3230 3453 3401 3506 πάλαι
3460 3453 3737 3522 γενέσεως

2153 3545 2417 3622 ἔργονῆν,
2434 3549 2548 3603 οὐδ’
2574 3549 2716 3620 άπερ
2749 3550 2778 3602 ὁ
2807 3548 3014 3620 Κύριος
3036 3547 3194 3618 ⁴ἡμῶν
3238 3546 3446 3618 Ἰησοῦς
3497 3546 3738 3617 Χριστὸς

2151 3639 2240 3694 διὰ
2293 3638 2548 3710 σώματος
2603 3638 2793 3707 φανεὶς
2852 3638 3169 3710 εἰργάσατο,
3219 3637 3487 3708 μυριάδας
3532 3637 3737 3703 ἀνθρω-

2152 3730 2322 3784 πείων
2365 3731 2659 3800 ἰασάμενος
2695 3727 2986 3798 σωμάτων,
3028 3728 3144 3789 πῶς
3199 3729 3404 3780 οἴονται
3451 3729 3514 3781 τὸ
3570 3727 3736 3799 σῶμα

2150 3822 2332 3891 λέγειν
2360 3822 2572 3890 γενέσει
2636 3819 2994 3887 διοικεῖσθαι;
3049 3819 3227 3891 ἧγάρ
3274 3820 3334 3873 τὸ
3384 3819 3632 3873 ἀπειλεῖν
3669 3821 3735 3873 τὸ

2151 3915 2307 3968 Θεῖον
2341 3916 2450 3976 τοῖς
2473 3910 2907 3983 παρακούουσιν,
2933 3912 3248 3982 εὐεργετεῖν
3280 3911 3338 3965 δὲ
3373 3912 3500 3974 τοὺς
3549 3910 3737 3964 πειθο-

2155 4003 2371 4072 μένους,
2405 4002 2484 4065 είς
2503 4000 2698 4070 ψεῦδος
2723 4000 3026 4065 ἀπάξουσιν
3044 4015 3058 4028 ·
3086 3998 3120 4069 ἢ
3154 4001 3202 4052 εί
3251 3999 3312 4053 τὸ
3349 3999 3569 4070 πρῶτον
3598 4000 3736 4070 ἀληο

2151 4093 2262 4158 θὲς,
2291 4091 2518 4163 πλάσμα
2539 4093 2598 4146 τὸ
2623 4091 2903 4162 δεύτερον.
2940 4091 3128 4162 Χωρὶς
3153 4091 3210 4145 δὲ
3229 4091 3342 4144 τῶν
3386 4091 3727 4162 εἰρημένων,

2150 4187 2271 4248 πῶς
2286 4179 2483 4250 οἷόντε,
2509 4182 2762 4254 σώματος
2788 4183 3156 4252 ὑποκειμένου
3173 4181 3411 4250 γενέσει,
3435 4183 3533 4245 τὰς
3553 4181 3734 4251 ψυχάς

2148 4277 2357 4348 ταύτης
2382 4275 2764 4346 ἀπηλλάχθαι;
2797 4276 2846 4328 εἰ
2891 4273 3000 4346 γὰρ
3033 4275 3141 4328 ἀπὸ
3188 4275 3457 4343 γενέσεως
3509 4273 3732 4343 εὕρεσις

2151 4364 2426 4438 θησαυροῦ
2455 4364 2550 4418 καὶ
2578 4363 2729 4417 οἴκου
2769 4365 2961 4434 κτῆσις
2986 4363 3020 4436 ἢ
3046 4363 3250 4433 ἑτέρων
3283 4361 3448 4418 τινῶν
3483 4380 3731 4433 σωματι-

2149 4459 2264 4513 κῶν
2291 4457 2598 4529 πρόσληψις
2635 4457 2668 4528 ἢ
2699 4455 2967 4526 ἀποϐολὴ,
3010 4455 3106 4509 καὶ
3147 4454 3210 4525 δὴ
3229 4456 3320 4508 καὶ
3360 4457 3394 4525 ἡ
3439 4455 3552 4509 τῶν
3595 4474 3731 4526 πορ-

475 4563 856 4618 corporearum
891 4562 1076 4604 rerum
1102 4547 1216 4604 sive
1253 4548 1574 4618 assumptio,
1625 4551 1742 4603 sive
1787 4546 2040 4617 abjectio,

2157 4551 2416 4605 νευόντων
2439 4550 2474 4622 ἢ
2495 4545 2602 4605 τῶν
2630 4549 2993 4622 μοιχευόντων
3021 4547 3204 4620 ποινὴ,
3237 4547 3450 4616 ἀνάγκη
3481 4547 3584 4617 τὴν
3633 4550 3736 4618 ψυ-

471 4640 582 4695 itno
626 4647 683 4693 et
727 4635 1154 4693 adulterantium
1188 4646 1352 4708 atque
1398 4638 1792 4693 mmchantium
1855 4654 2039 4708 paena,

2157 4641 2249 4714 χὴν
2270 4641 2593 4698 ἐλαύνεσθαι
2615 4643 2713 4714 μὲν
2754 4642 2890 4713 πρὸς
2911 4641 3129 4712 εὕρεσιν
3189 4639 3468 4712 θησαυροῦ
3487 4641 3527 4704 ⁸,
3591 4643 3737 4712 πρὸς

471 4729 845 4785 necessarium
869 4727 1058 4798 utique
1087 4729 1324 4784 animam
1356 4729 1554 4800 impelli
1579 4730 1648 4784 ad
1675 4729 2043 4786 inventionem

2157 4733 2388 4804 μάθησιν
2407 4733 2464 4786 δὲ
2488 4733 2805 4801 τεκτονικῆς
2832 4731 2924 4785 διὰ
2959 4732 3050 4785 τὸν
3075 4726 3228 4785 οἶκον
3249 4729 3608 4802 ἥύφαντικῆς
3639 4732 3734 4785 διά

475 4821 714 4877 thesauri
746 4818 999 4892 [propter
1025 4821 1202 4891 ipsum
1239 4820 1616 4895 thesaurum],
1650 4831 1815 4891 atque
1840 4825 1906 4880 ad
1935 4823 2048 4879 dis-

2157 4825 2216 4878 τὸ
2248 4826 2488 4894 ἱμάτιον.
2529 4823 2660 4898 [704
2682 4823 2780 4896 R.]
2819 4825 2911 4876 Δεῖ
2946 4823 3002 4876 δὲ
3041 4822 3138 4876 καὶ
3166 4822 3426 4890 γυναικὸς
3460 4821 3734 4892 ἡττᾶσθαι

464 4914 699 4969 cendam
731 4914 815 4970 vel
848 4915 1270 4970 architecturam
1301 4925 1522 4987 propter
1549 4917 1791 4980 domum,
1815 4916 1900 4971 vel
1930 4925 2048 4972 tex-

2157 4915 2235 4969 Βιά
2261 4914 2324 4968 τὸ
2362 4914 2558 4969 παθεῖν
2585 4913 2648 4966 τὸ
2669 4912 2832 4982 σῶμα
2861 4913 3004 4983 άπερ
3031 4910 3182 4982 αὐτῷ
3225 4911 3484 4981 εἵμαρται
3511 4911 3554 4975 ⁷,
3591 4911 3730 4964 ἀλλὰ

476 5005 668 5061 toriam
703 5014 927 5078 propter
967 5017 1198 5063 vestem.
1273 5007 1412 5074 Quin
1457 5020 1490 5062 a
1545 5002 1795 5062 muliebri
1858 5021 2045 5061 amore

2157 5007 2248 5060 καὶ
2278 5006 2415 5076 πρὸς
2448 5004 2610 5074 φόνον
2673 5002 2935 5056 ὠθεῖσθαι
2993 5002 3084 5056 διά
3120 5002 3220 5073 τὴν
3258 5001 3731 5072 καταψηφισαμέ-

473 5098 620 5154 vinci
661 5101 807 5155 hanc
845 5107 1062 5170 oportet
1099 5108 1159 5154 ut
1185 5098 1324 5155 ferat
1371 5113 1572 5170 corpus
1607 5099 1813 5170 proprii
1853 5114 2042 5170 poenas

2157 5115 2249 5167 νην
2272 5095 2611 5164 τὸνθάνατον
2634 5093 2867 5164 γένεσιν,
2897 5093 2993 5147 καὶ
3030 5093 3123 5146 ἐπὶ
3158 5091 3266 5145 τῶν
3294 5090 3469 5146 ἄλλων
3497 5091 3726 5160 ὁμοίως.

473 5187 657 5243 delicti
691 5205 706 5242 :
740 5189 848 5243 imo
909 5189 1073 5242 etiam
1151 5190 1217 5243 ad
1268 5190 1474 5246 caedent
1538 5188 1756 5243 incitari
1819 5198 2040 5260 propter

2157 5186 2315 5239 Οὐδὲν
2347 5184 2456 5255 γὰρ
2507 5183 2695 5256 σχεδὸν
2737 5183 2846 5238 τῶν
2899 5181 3229 5252 σωματικῶν
3279 5181 3380 5250 τῆς
3423 5179 3606 5250 ψυχῆς
3651 5182 3728 5250 μὴ

456 5280 734 5350 genesim,
780 5295 903 5351 quae
959 5284 1152 5336 mortis
1190 5281 1516 5336 sententiam
1541 5282 1704 5336 tulit:
1739 5292 1795 5336 et
1849 5281 1929 5337 sic
1976 5282 2044 5336 de

2157 5277 2540 5347 ὐπακουούσης
2595 5277 2690 5331 καὶ
2741 5275 3228 5345 συλλαμϐανούσης
3269 5273 3580 5343 γενήσεται,
3633 5272 3730 5326 καὶ

471 5372 613 5428 aliis.
635 5371 736 5425 Vix
755 5373 897 5428 enim
928 5387 1250 5442 corporeum
1276 5372 1567 5443 quidquam
1600 5372 1829 5438 ﬁet,nisi
1861 5373 2041 5428 anima

2157 5371 2367 5439 ἀνάγκη
2395 5369 2521 5433 τοὺς
2553 5370 2619 5422 ὲκ
2651 5356 3076 5440 Βαρδισάνουςῆ
3099 5367 3194 5420 καὶ
3225 5365 3326 5436 τὴν
3354 5363 3534 5434 ψυχὴν
3589 5363 3728 5416 ὑπο-

475 5492 500 5520 α
529 5480 662 5537 Gen.
701 5499 741 5547 t,
778 5485 863 5538 M.
939 5485 969 5524 1)
1004 5484 1166 5540 Josue
1193 5500 1249 5549 ι,
1285 5485 1372 5538 l3.
1451 5497 1474 5525 ε
1507 5484 1573 5540 Ν
1613 5487 1748 5558 Reg.
1779 5503 1869 5551 xx,
1902 5487 1957 5542 9.
2037 5487 2051 5525 ε

2157 5485 2296 5541 atth.
2331 5501 2509 5554 xxvu,
2538 5485 2630 5542 45.
2712 5495 2735 5524 ε
2763 5483 2869 5539 lsa.
2894 5497 3066 5548 van,
3098 5481 3186 5535 l2.
3267 5477 3288 5516 ί
3330 5477 3531 5535 Jcretn.
3567 5494 3625 5541 ι,
3665 5478 3723 5531 2.

1759 5578 1993 5632 VARle
2035 5575 2440 5633 LECTIONES.

545 5665 565 5692 ¹
585 5664 669 5731 ἐφ’
695 5663 955 5743 Spaliger;
985 5664 1108 5743 libri
1141 5664 1218 5719 ἐν.
1253 5736 1264 5743 _
1296 5665 1559 5743 ’jtanpist
1585 5687 1644 5736 ς.
1712 5668 2021 5743 δ-τάναντία
2049 5668 2106 5720 δέ
2233 5667 2294 5721 δὲ
2309 5668 2570 5743 τάναντία
2606 5687 2665 5735 ς.
2745 5671 2765 5703 ⁵
2783 5669 2982 5741 αὐτῇΑ
3011 5685 3022 5725 :
3048 5667 3230 5732 αὐτοῖς
3251 5682 3311 5731 ς.
3369 5665 3389 5698 ⁸
3424 5657 3734 5735 θησαυροῦ]

477 5731 751 5804 θησαυροῦ
788 5731 877 5791 διᾶ
903 5735 996 5791 τὸν
1026 5733 1297 5806 θησαυρόν
1321 5731 1612 5810 Scaligch
1631 5737 1835 5811 inim?)
1857 5738 2112 5809 εἵμαρται
2143 5741 2185 5792 Α
2216 5753 2228 5790 :
2263 5737 2397 5793 αὐτὸ
2420 5731 2667 5811 ἥμαρτεν
2702 5758 2761 5805 ς.
