3972 6248
534 354 645 423 879

1697 356 1961 419 PHOTII
1984 353 2494 416 PATRIARCHIE
2523 355 2635 414 ΕΡ.
3688 355 3778 422 880

535 469 650 528 Nec
682 469 866 524 colore
895 467 1155 539 genuino,
1207 481 1318 536 quo
1349 475 1544 522 natura
1574 467 1770 523 faciem
1799 469 1918 542 ejus
1948 469 2120 521 tinxe-

2228 469 2322 521 καὶ
2350 467 2470 530 Διὸς
2501 467 2617 520 υἱὸν
2646 464 2839 519 ἑαυτὸν
2869 462 3114 519 ἀνειπεῖν
3137 461 3256 518 ’καὶ
3285 462 3347 516 τὸ
3375 460 3657 533 πρόσωπον
3716 469 3777 538 μὴ

538 572 650 625 rat,
712 569 1026 622 contentus,
1075 559 1307 613 subinde
1335 559 1458 614 aliis
1490 567 1654 630 alque
1687 559 1810 615 aliis
1836 574 1956 614 eam
1988 558 2125 613 fucis

542 656 805 719 illinebat,
857 654 1110 708 ut-nitida
1137 661 1192 707 et
1226 651 1530 709 rubicunda
1557 655 1892 709 intuentibus
1913 653 2124 708 videre-

540 758 646 802 tur.
688 748 828 813 Quin
861 757 916 802 et
931 758 1109 803 vestes
1143 746 1210 802 ad
1239 755 1482 803 terrores
1505 758 1560 802 et
1588 747 1815 803 delicias
1844 757 2122 817 permuta-

525 841 651 896 ~bat.
709 839 819 893 Nec
861 855 993 894 vero
1032 840 1086 895 in
1116 840 1201 896 his
1245 849 1458 895 tantum
1510 839 1792 910 improbus
1835 849 1982 904 erat,
2028 838 2123 894 sed

535 933 703 985 etiam
734 931 788 984 in
827 930 1212 988 benefactores
1250 933 1495 1001 ingratus
1525 949 1538 984 :
1572 940 1626 984 et
1652 933 1703 984 in
1737 930 1987 984 omnibus
2007 928 2126 982 vio-

541 1024 739 1088 lentus,
775 1023 843 1077 ad
864 1039 953 1079 res
985 1023 1222 1080 nefarias
1257 1025 1457 1078 audax.
1491 1020 1699 1076 Natura
1725 1021 2026 1078 industrius
2057 1021 2124 1074 ad

537 1116 713 1169 cwdes
741 1129 932 1169 eorum
973 1130 1110 1184 quos
1147 1117 1453 1185 impeteret,
1509 1129 1617 1168 non
1659 1123 1868 1168 tantum
1901 1113 1946 1168 si
1995 1112 2123 1181 quid

537 1206 734 1260 hosnle
770 1207 1135 1262 meditaretur
1163 1217 1354 1262 contra
1385 1207 1700 1275 populares,
1732 1206 1830 1261 sed
1863 1206 2030 1261 etiam
2067 1205 2118 1257 in

535 1308 775 1353 exteros.
817 1297 1210 1352 Bibliothecam
1237 1309 1414 1352 tamen
1447 1298 1550 1352 sibi
1579 1297 1942 1367 comparavit,
1968 1295 2124 1364 cujus

536 1389 696 1445 laude
728 1389 1100 1459 antegreditur
1129 1389 1264 1443 alios
1305 1403 1440 1458 quos
1472 1388 1722 1459 tyrannis
1744 1387 1982 1442 famosos
2002 1386 2125 1440 red-

543 1486 706 1542 didit.
727 1484 826 1540 Hic
853 1485 1080 1540 insidias
1100 1483 1294 1539 crebro
1321 1485 1541 1543 multas.
1562 1494 1782 1554 prepter
1809 1482 2008 1546 caedes,
2026 1482 2126 1536 im-

536 1579 886 1642 manitatem,
907 1585 963 1630 et
993 1575 1224 1644 injurias
1245 1575 1349 1629 sibi
1376 1583 1634 1639 structas,
1655 1571 1877 1642 effugit;
1907 1571 2002 1628 sed
2033 1571 2121 1624 vix

536 1667 752 1722 tandem
782 1681 811 1719 a
840 1665 1050 1721 Chione
1102 1664 1291 1719 Matris
1341 1664 1450 1719 lilio
1481 1664 1594 1734 (qui
1632 1664 1717 1717 vir
1748 1673 1866 1718 erat
1901 1675 2125 1729 magna-

540 1761 738 1822 nimus,
785 1767 840 1811 et
877 1756 1284 1810 necessitudine
1337 1756 1620 1824 sanguinis
1673 1766 1905 1826 tyranno
1937 1753 2123 1807 devin-

536 1849 676 1920 ctus)
709 1860 764 1903 et
797 1849 977 1903 Leone
1004 1860 1058 1903 et
1085 1847 1393 1914 Euxenone,
1425 1847 1747 1916 ueterisque
1771 1862 1878 1899 non
1909 1844 2119 1913 paucis,

537 1942 915 2011 conjuratione
975 1942 1133 2008 inita,
1195 1941 1389 1996 vulnus
1441 1940 1640 1995 lethale
1697 1937 2123 2008 accepitzcujns

536 2035 723 2090 dolore
757 2034 1118 2087 acerbissimo
1149 2045 1232 2086 est
1260 2033 1585 2088 exstinctus.
1645 2029 1944 2086 Commune
1976 2029 2123 2083 enim

535 2125 714 2195 populi
739 2141 956 2181 sacrum
984 2129 1179 2198 agebat
1232 2137 1520 2198 tyrannus.
1553 2122 1922 2194 Opportunam
1959 2121 2124 2191 igitur

537 2217 880 2272 occasionem
905 2231 963 2271 se
988 2218 1214 2286 adeptos
1248 2217 1351 2271 rati
1379 2217 1470 2286 qui
1506 2231 1630 2271 cum
1660 2214 1870 2270 Chione
1905 2212 2124 2282 conspi-

540 2319 812 2375 raverant,
851 2324 1012 2363 manu
1041 2307 1268 2363 Chionis
1315 2322 1501 2364 ensem
1552 2317 1702 2361 trans
1741 2306 1834 2360 ilia
1869 2319 2120 2361 commu-

535 2401 620 2456 nis
653 2403 842 2470 patriaa
879 2402 1054 2456 bouis
1087 2402 1331 2472 adigunt.
1373 2399 1475 2467 Qui
1512 2401 1655 2454 inter
1686 2397 1886 2454 multos
1933 2408 1990 2454 et
2027 2412 2121 2452 sa:-

533 2495 788 2548 vissimos
821 2494 1100 2549 cruciatus
1133 2493 1304 2563 magis
1337 2494 1622 2561 magisque
1652 2491 2120 2563 ingravescentes,

535 2600 591 2641 et
611 2601 846 2656 pavores
871 2601 902 2640 a
927 2585 1159 2654 spectris
1190 2586 1444 2640 incussos
1473 2595 1656 2655 (erant
1687 2595 1869 2639 autem
1898 2583 2123 2638 simula-

532 2695 628 2732 cra
653 2692 838 2732 eorum
870 2693 1008 2748 quos
1031 2678 1309 2734 crudelem
1346 2678 1399 2732 in
1437 2679 1655 2732 modum
1683 2686 2018 2746 necaverat),
2045 2675 2126 2729 al-

533 2781 652 2823 tero
697 2771 786 2823 die
827 2777 951 2839 post
994 2769 1161 2822 vitam
1195 2784 1319 2824 cum
1351 2776 1530 2828 morte
1571 2767 1931 2822 commutavit
1959 2805 1974 2828 .
1999 2781 2122 2820 cum

536 2876 709 2916 annos
731 2862 1004 2929 exegisset
1039 2861 1092 2915 in
1131 2861 1236 2914 vita
1270 2859 1364 2924 58,
1398 2868 1455 2914 et
1483 2859 1551 2912 l2
1588 2858 1927 2928 tyrannicum
1957 2859 2126 2926 impeo

536 2955 676 3006 rium
715 2952 1002 3006 tenuisset.
1075 2951 1232 3020 Apud
1262 2949 1476 3004 Persas
1505 2959 1633 3022 tunc
1683 2964 1849 3018 regno
1895 2957 2126 3016 praeerat

531 3043 886 3108 Artaxerxes,
920 3050 975 3096 et
1001 3043 1196 3096 exinde
1229 3041 1412 3096 Ochus
1462 3039 1666 3109 223a
1695 3041 1892 3109 .patris
1942 3041 1992 3093 in
2024 3040 2125 3092 im-

2224 559 2516 630 ἀνέχεσθαι
2557 562 2681 622 ταῖς
2733 561 2801 614 ἐκ
2854 561 3072 630 φύσεως
3103 555 3549 630 χρωματίζεσθαι
3581 556 3778 628 βαφαῖς,

2224 653 2415 715 ἄλλαις
2442 652 2500 705 δὲ
2531 651 2630 705 καὶ
2659 651 2852 714 ἄλλαις
2901 651 3070 713 ἰδέαις
3113 649 3530 720 ποικιλλόμενον
3585 653 3673 706 ἐπὶ
3719 657 3773 708 τὸ

2227 744 2480 797 στιλπνόν
2523 759 2582 795 τε
2622 743 2719 795 καὶ
2767 741 3056 812 ἐνερευθὲς
3089 742 3132 773 ³⁸
3165 737 3282 804 τοῖς
3333 740 3536 810 ὁρῶσιν
3580 743 3782 814 ἐπιφαὶ.

2225 836 2433 902 νεσθαι,
2459 833 2806 901 ἐξαλλάττειν
2841 834 2899 888 δὲ
2933 834 3028 888 καὶ
3055 835 3184 897 τοὺς
3216 833 3453 904 χιτῶνας
3490 833 3584 886 ἐπὶ
3620 835 3677 889 τὸ
3703 855 3783 905 φο-

2227 927 2389 1000 ϐερόν
2419 945 2477 982 τε
2516 929 2612 982 καὶ
2644 927 2963 998 ἀϐρότερον.
3003 926 3135 999 [705
3165 925 3258 997 IL]
3289 927 3362 980 Οὐ
3393 925 3566 981 ταῦτα
3601 929 3656 983 δὲ
3706 931 3787 998 μό-

2227 1039 2318 1074 νον
2355 1020 2612 1081 γενέσθαι
2641 1021 2832 1084 κακὸν,
2854 1019 2994 1074 ἀλλὰ
3035 1021 3130 1074 καὶ
3181 1019 3322 1090 πρὸς
3363 1020 3489 1083 τοὺς
3516 1021 3787 1092 εὐεργέτας

2228 1112 2524 1184 ἀχάριστον
2557 1111 2654 1165 καὶ
2678 1111 2857 1166 πάντα
2893 1111 3067 1181 βίαιόν
3094 1128 3155 1163 τε
3184 1113 3279 1166 καὶ
3294 1112 3367 1165 τά
3399 1111 3578 1166 ἀτοπα
3605 1115 3789 1185 τολμη-

2229 1206 2322 1275 ρόν
2347 1221 2362 1236 ·
2404 1205 2571 1273 φῦναι
2597 1204 2656 1258 δὲ
2685 1206 2780 1260 καὶ
2823 1205 3153 1276 δραστήριον
3195 1204 3290 1258 τὸν
3339 1204 3677 1274 παλαμναῖον
3716 1203 3788 1270 οἷς

2229 1297 2296 1350 ἂν
2325 1296 2576 1350 ἐπιϐάλοι
2605 1297 2671 1356 ³³,
2698 1297 2760 1350 ού
2791 1297 2933 1350 κατὰ
2961 1298 3071 1351 τῶν
3102 1297 3396 1368 ὁμοφύλων
3435 1297 3616 1368 μόνον,
3671 1299 3792 1354 ἀλλὰ

2228 1389 2326 1443 καί⁹
2347 1389 2400 1442 εἴ
2420 1407 2474 1442 τι
2505 1391 2564 1442 ἐν
2587 1389 2910 1459 ἀλλοφύλοις
2938 1391 3158 1460 ἐφρόνει
3185 1390 3470 1461 πολέμιον.
3526 1391 3789 1463 Βιϐλιοθή-

2228 1499 2334 1552 κην
2356 1484 2542 1551 μέντοι
2566 1482 2981 1537 κατασκευάσαι
3011 1483 3120 1554 πρὸ
3147 1483 3259 1536 τῶν
3277 1484 3456 1539 ἄλλων
3499 1484 3594 1548 οὒς
3646 1487 3679 1555 ἠ
3705 1504 3791 1538 τυ-

2229 1574 2412 1644 ραννὶς
2432 1573 2718 1638 ἀπέδειξεν
2757 1574 3150 1644 ὀνομάζεσθαι.
3180 1574 3386 1629 Τοῦτον
3424 1576 3484 1629 δὲ
3513 1577 3791 1641 ἐπιϐουλὰς

2231 1666 2330 1735 μὲν
2359 1665 2564 1730 πολλὰς
2597 1665 2862 1728 πολλάκις
2891 1665 2980 1720 διὰ
3006 1664 3070 1719 τὸ
3135 1665 3425 1736 μιαιφόνον
3468 1667 3565 1719 καὶ
3617 1667 3793 1736 μισάν-

2230 1757 2450 1828 θρωπον
2480 1759 2576 1811 καὶ
2613 1757 2933 1828 ὑϐριστικὸν
2987 1756 3110 1810 κατ’
3141 1756 3312 1810 αὑτοῦ
3370 1760 3644 1819 συστάσας
3692 1759 3795 1812 δια-

2227 1853 2440 1918 φυγεῖν,
2467 1849 2567 1920 ὀψέ
2603 1849 2660 1904 δέ
2683 1851 2780 1904 καὶ
2832 1850 2988 1916 μόλις
3017 1849 3121 1904 ὑπὸ
3141 1851 3354 1914 Χίωνος
3382 1849 3480 1904 τοῦ
3539 1851 3794 1921 Μάτριος,

2227 1940 2423 2010 ἀνδρὸς
2458 1941 2867 2011 μεγαλόφρονος
2899 1941 2999 1994 καὶ
3023 1943 3314 1995 κοινωνίαν
3335 1941 3476 2014 πρὸς
3512 1941 3674 1995 αὐτὸν
3710 1943 3798 2009 τὴν

2225 2032 2286 2098 ἐξ
2305 2034 2538 2103 αἵματος
2563 2033 2802 2104 ἔχοντος,
2831 2031 2959 2104 [566
2979 2031 3070 2104 IL]
3102 2033 3198 2086 καὶ
3229 2032 3465 2096 Λέοντος
3499 2032 3596 2085 καὶ
3646 2031 3798 2097 Εὐξέ-

2225 2142 2394 2188 νωνος
2425 2125 2521 2178 καὶ
2549 2125 2754 2195 ἐτέρων
2804 2125 2905 2177 οὐκ
2941 2123 3139 2193 ὀλίγων
3185 2121 3628 2193 ωσκευασθῆναι
3678 2121 3803 2190 πλη-

2226 2217 2328 2287 γὴν
2356 2217 2583 2288 καιρίαν
2599 2218 2867 2285 ἐνεγκεῖν,
2915 2217 3013 2270 καὶ
3066 2215 3399 2284 τελευτῆσαι
3445 2213 3666 2285 πικρῶς
3706 2215 3800 2266 ἀπὶ

2225 2309 2319 2362 τοῦ
2348 2309 2684 2381 τραύματος.
2723 2309 2889 2363 Ἕθυε
2923 2309 3023 2379 μὲν
3075 2308 3185 2379 γὰρ
3229 2306 3512 2378 δημοτελῆ
3554 2307 3741 2360 θυσίαν
3780 2309 3805 2358 ὁ

2225 2404 2526 2472 τύραννος·
2560 2404 2607 2456 oi
2651 2403 2708 2456 δέ
2745 2401 2878 2472 περὶ
2923 2400 3017 2455 τὸν
3060 2400 3251 2454 Χίωνα
3297 2400 3616 2470 ἐπιτήδειον
3677 2393 3804 2451 εἶναι

2226 2495 2317 2548 τὸν
2341 2495 2536 2565 καιρὸν
2568 2498 2636 2564 τῇ
2694 2494 2895 2564 πράξει
2941 2492 3274 2564 νομίσαντες
3321 2495 3389 2563 τῇ
3448 2491 3553 2545 τοῦ
3610 2491 3806 2552 Χίωνος

2226 2591 2373 2660 χειρὶ
2408 2589 2471 2642 τὸ
2503 2587 2657 2656 ξίφος
2682 2587 2776 2641 διὰ
2795 2587 2907 2640 τῶν
2929 2585 3023 2639 τοῦ
3053 2585 3239 2640 κοινοῦ
3269 2584 3542 2654 πολεμίου
3577 2583 3809 2650 λαγόνων

2228 2680 2566 2733 ἐλαύνουσιν.
2588 2679 2648 2731 '0
2675 2677 2753 2742 δέ,
2785 2677 2997 2730 πολλῶν
3015 2676 3178 2729 αὐτὸν
3214 2676 3311 2728 καὶ
3341 2673 3568 2744 πικρῶν
3597 2671 3814 2741 ἀλγηδόσ

2226 2788 2332 2824 νων
2370 2767 2823 2832 κατατεινόντων,
2844 2767 2941 2820 καὶ
2967 2765 3246 2820 τοσούτων
3276 2764 3595 2834 φασμάτων
3655 2762 3814 2815 ἐκδει-

2230 2861 2544 2931 ματούντων
2583 2858 2803 2929 (εἴδωλα
2854 2857 2914 2911 δὲ
2965 2856 3034 2911 τὰ
3066 2857 3332 2927 φάσματα
3375 2850 3448 2926 ἦν
3489 2846 3569 2906 ὧν
3624 2854 3816 2914 sui»;

2229 2951 2527 3022 μιαιφόνως
2553 2950 2866 3020 ἀνῃρήκει),
2885 2948 3029 3003 οὕτω
3049 2949 3364 3019 δευτεραῖος
3401 2948 3506 3003 τὸν
3541 2948 3660 3020 βίον
3694 2965 3817 3002 κατα

2227 3042 2476 3113 έστρεψε,
2513 3041 2688 3109 ζήσας
2747 3041 2845 3110 μὲν
2893 3040 2987 3111 ἔτη
3012 3039 3065 3111 η’
3098 3041 3196 3092 καὶ
3228 3046 3298 3103 ν’,
3349 3039 3570 3094 τούτων
3617 3041 3675 3094 δὲ
3737 3057 3822 3092 τυο

534 3137 685 3205 perio
711 3149 1023 3190 successor.
1084 3135 1166 3188 Ad
1221 3149 1361 3204 quos
1391 3147 1772 3203 saepenumero
1798 3132 2120 3196 Clearchus,

2230 3134 2502 3203 ραννήσας
2532 3131 2881 3186 δυοκαίδεκα.
2914 3127 3044 3201 Εἶχε
3099 3131 3158 3185 δέ
3221 3130 3322 3203 τὴν
3366 3133 3614 3204 Περσῶν
3658 3132 3822 3203 ἀρχὴν

534 3230 662 3281 dum
723 3229 831 3282 vita
889 3228 1105 3294 fruitur,
1154 3225 1364 3295 legatos
1391 3227 1561 3281 misit.

534 3325 787 3369 auctores
828 3325 1058 3385 tyranno
1087 3313 1333 3378 fuerant,
1369 3329 1537 3384 prope
1581 3329 1791 3379 omnes,
1839 3314 2038 3382 partim
2095 3328 2127 3368 a

534 3407 886 3471 satellitibus,
912 3408 963 3460 in
985 3407 1102 3477 ipso
1129 3408 1500 3485 aggressionis
1530 3407 1764 3462 articulo
1791 3407 1906 3476 (ubi
1941 3415 2126 3461 tamen

535 3507 786 3552 strenuos
814 3512 874 3552 se
901 3497 1049 3552 viros
1068 3499 1352 3568 gerebant)
1383 3499 1610 3563 concisi,
1629 3499 1826 3568 partim
1847 3498 2128 3567 aliquanto

534 3595 655 3652 post
681 3586 848 3655 capti,
885 3596 940 3640 et
963 3588 1242 3643 atrocibus
1268 3587 1555 3659 suppliciis
1583 3589 1728 3659 (quae
1753 3587 1973 3644 fortiter
1994 3590 2122 3643 ιοιοο

535 3692 748 3750 rarunt)
785 3681 987 3744 allecti,
1012 3684 1340 3739 occubuere.
1521 3687 1538 3694 ’

1652 3225 1756 3293 Qui
1804 3240 1937 3281 vero
1977 3225 2133 3280 necis

2243 3227 2610 3298 Ἀρταξέρξης
2638 3226 2784 3293 τότε,
2827 3221 2949 3278 εἶτα
2981 3226 3077 3278 καὶ
3103 3221 3273 3296 Ὦχος
3327 3228 3356 3279 ὁ
3380 3227 3602 3296 ταύτην
3640 3229 3705 3279 ἐκ
3731 3243 3826 3278 πα-

2233 3316 2356 3387 τρὸς
2394 3315 2754 3384 ἐκδεξάμενος
2784 3332 2799 3344 '
2834 3317 2973 3386 πρὸς
2994 3314 3089 3378 οὓς
3129 3317 3224 3368 καὶ
3253 3316 3532 3383 πολλάκις
3555 3318 3641 3370 ἔτι
3672 3317 3776 3381 ζῶν
3800 3316 3827 3367 ό

2235 3409 2513 3478 Κλέαρχος
2538 3407 3022 3478 διεπρεσϐεύσατο.
3059 3409 3124 3460 Οἱ
3165 3408 3351 3478 μέντοι
3373 3425 3445 3476 γε
3485 3408 3828 3480 ἀνῃρηκότες

2231 3501 2324 3554 τὸν
2352 3499 2616 3570 τύραννον
2649 3499 2853 3570 μικροῦ
2876 3499 3078 3563 πάντες
3105 3499 3155 3551 οἱ
3193 3500 3293 3569 μέν
3322 3500 3433 3552 ὑπὸ
3481 3501 3604 3554 τῶν
3646 3517 3828 3568 σωμα-

2231 3592 2555 3662 τοφυλάκων
2608 3592 2730 3644 κατ’
2762 3590 2927 3644 αὑτὸν
2963 3589 3057 3644 τὸν
3112 3591 3214 3658 τῆς
3260 3589 3581 3654 ἐπιθέσεως
3618 3590 3828 3657 καιρὸν,

2242 3689 2618 3756 οὐκάγεννῶς
2641 3687 3048 3758 ἀνδρισάμενοι,
3102 3684 3528 3754 κατεκόπησαν,
3552 3685 3608 3739 οἱ
3641 3685 3701 3738 δὲ
3746 3688 3833 3737 καὶ

536 3775 764 3847 ὕστερον
788 3777 1186 3848 συλληφθέντες
1211 3780 1309 3833 καὶ
1354 3784 1581 3849 πικραῖς
1609 3784 1906 3855 τιμωρίαις
1959 3787 2470 3858 ἐγκαρτερήσαντες
2504 3782 2877 3853 ἀνῃρέθησαν.

536 3870 668 3926 CAP.
711 3867 800 3923 lll.
829 3868 1103 3940 —Satyri
1138 3873 1351 3940 tyranni
1388 3875 1692 3931 immanitas
1723 3887 1771 3932 et
1809 3881 2116 3946 crudelitas,
2138 3877 2485 4000 ph’iloslorgia
2514 3877 2566 3928 in
2607 3875 2846 3944 fratrem.
2887 3873 3103 3928 Morbus
3142 3882 3316 3928 atrox.
3356 3872 3626 3930 Vindicta
3661 3875 3835 3928 diuina

1910 3953 2072 4000 etiam
2116 3953 2170 4000 in
2233 3964 2294 4000 ac
2332 3948 2458 3999 t-ila.

1910 3953 2072 4004 etiam
2116 3953 2170 4002 iu
2197 3950 2294 4000 hac
2332 3948 2458 3999 t-ila.

607 4033 835 4103 Satyrus
897 4044 1099 4101 autem,
1158 4037 1374 4106 tyranni
1433 4052 1747 4108 germanus,
1798 4052 1857 4096 et
1899 4056 2122 4101 curator

538 4140 830 4194 puerorum
862 4124 1136 4182 Timothei
1169 4137 1226 4183 et
1261 4126 1501 4201 Dionysii
1537 4131 1782 4198 relictus,
1833 4135 2119 4206 imperium

535 4219 783 4286 suscipit,
832 4220 926 4288 qui
979 4233 1086 4273 non
1137 4219 1464 4277 Clearchum
1517 4223 1879 4290 solummodo,
1933 4243 2117 4283 verum

535 4321 762 4366 CllllClOS
802 4313 968 4365 etiam
996 4320 1256 4383 tyrannos
1297 4314 1623 4372 crudelitate
1654 4321 1950 4388 superavit.
2004 4320 2119 4377 Non

533 4404 678 4457 enim
741 4402 809 4458 de
845 4402 1256 4459 insidiatoribus
1311 4403 1498 4460 fratris
1555 4416 1762 4462 tantum
1825 4411 2119 4464 vindictam

534 4495 784 4562 sumpsit,
821 4494 914 4549 sed
945 4505 1000 4549 et
1034 4495 1088 4549 in
1124 4495 1324 4551 liberos
1347 4511 1534 4553 eorum
1557 4500 1652 4568 qui
1683 4499 1846 4554 etiam
1880 4503 1957 4558 rei
1992 4517 2118 4571 per-

2298 4042 2539 4111 Σάτυρος
2578 4039 2633 4092 δέ
2668 4040 2696 4092 ό
2736 4038 2832 4092 τοῦ
2878 4039 3146 4110 τυράννου
3186 4038 3442 4108 ἀδελφὸς,
3487 4035 3587 4094 οἷα
3631 4041 3699 4110 δὴ
3728 4038 3840 4094 ἐπίο

2221 4150 2422 4203 τροπος
2458 4131 2849 4200 καταλειφθεὶς
2873 4131 2984 4185 τῶν
3025 4131 3238 4186 παίδων
3266 4132 3559 4201 Τιμοθέου
3598 4135 3697 4186 καὶ
3724 4136 3838 4184 Δισ-

2223 4226 2430 4287 νυσίου,
2465 4225 2566 4293 τὴν
2613 4222 2790 4293 ἀρχὴν
2828 4223 3180 4293 ὑποδέχεταιο
3218 4223 3278 4288 δς
3310 4224 3584 4297 ὠμότητι
3637 4228 3741 4297 μὲν
3785 4225 3839 4278 ού

2223 4321 2527 4391 Κλέαρχον,
2559 4318 2698 4372 ἀλλά
2739 4319 2835 4371 καὶ
2867 4319 3078 4381 πάντας
3105 4319 3410 4389 τυράννους
3458 4323 3836 4394 ὑπερέϐαλεν.

2223 4413 2297 4466 Οὐ
2344 4412 2506 4482 μόνον
2559 4410 2669 4480 γὰρ
2713 4412 2842 4474 τοὺς
2901 4410 3435 4476 ἐπιϐεϐουλευκότας
3481 4415 3574 4484 τῷ
3627 4414 3840 4484 ἀδελφῷ

2221 4505 2626 4575 ἐτιμωρήσατο,
2655 4503 2792 4557 ἀλλὰ
2827 4503 2924 4556 καὶ
2953 4503 3060 4557 τῶν
3090 4505 3300 4558 τέκνων
3326 4505 3363 4560 ἃ
3396 4509 3592 4578 μηδὲν
3621 4509 3838 4580 συνῄδει

533 4595 758 4656 petratae
787 4586 989 4641 conscii
1014 4603 1119 4641 non
1142 4598 1351 4653 essent,
1371 4606 1476 4645 non
1501 4593 1682 4647 minus
1711 4595 1906 4649 saeviit.
1944 4598 2118 4664 Atque

2228 4599 2334 4660 τοῖς
2356 4596 2767 4667 γεγεννηκόσιν,
2797 4595 2954 4650 οὐδὲν
2979 4596 3336 4668 ἀνεκτότερον
3363 4599 3725 4672 ἐδηλήσατο,
3753 4600 3845 4655 καὶ

534 4678 607 4732 ita
633 4693 660 4730 a
691 4678 873 4734 multis
917 4678 1227 4734 insontibus
1282 4681 1653 4738 maleficorum
1700 4699 1892 4755 poenas
1914 4687 2115 4753 exegit.

534 4767 658 4822 Fuit
683 4770 770 4824 hic
793 4771 972 4825 omnis
1003 4771 1264 4826 doctrina:
1290 4773 1684 4844 philosophica:
1716 4785 1772 4832 et
1804 4779 2002 4832 artium
2034 4781 2115 4833 in-

535 4875 835 4930 genuarum
864 4861 1089 4918 omnino
1117 4879 1339 4935 expers,
1372 4865 1588 4935 ingenio
1625 4877 1836 4922 tantum
1865 4870 1933 4924 ad
1963 4871 2116 4926 saevi-

535 4953 664 5004 tiam
718 4966 1030 5021 prOpenso;
1085 4970 1185 5009 nec
1236 4955 1487 5011 voluntas
1535 4957 1584 5012 ei
1635 4968 1774 5023 erat,
1814 4960 2112 5015 humanum

533 5042 737 5112 aliquid
783 5051 838 5096 et
886 5044 1224 5100 moderatum
1269 5048 1532 5112 discendi,
1588 5063 1688 5103 nec
1721 5065 1750 5102 a
1800 5061 1992 5104 natura
2029 5055 2112 5105 in-

534 5136 645 5188 dita
725 5133 952 5188 facultas
1014 5154 1026 5188 :
1089 5139 1184 5191 sed
1243 5153 1338 5208 per
1386 5141 1570 5194 omnia
1648 5150 1767 5194 erat
1817 5143 2115 5210 pessimus,

532 5227 747 5281 etiamsi
802 5237 1012 5294 tempus
1079 5228 1254 5297 ipsum
1324 5229 1652 5300 infringebat
1707 5232 2006 5295 hominem,
2059 5244 2119 5287 ut

532 5319 709 5375 civilis
745 5321 959 5374 tandem
1010 5321 1289 5390 sanguinis
1322 5330 1378 5376 et
1409 5322 1576 5376 caedis
1604 5336 1729 5376 eum
1766 5324 1995 5377 satietas
2023 5339 2114 5377 ca-

533 5421 706 5482 peret.
754 5412 973 5467 Amoris
1009 5422 1186 5468 tamen
1231 5412 1455 5467 fraterni
1503 5412 1710 5481 primas
1763 5414 1904 5470 tulit.
1956 5413 2114 5478 Nam,

535 5514 594 5557 ut
630 5503 964 5559 dominatum
1025 5504 1209 5560 fratris
1268 5504 1394 5558 filiis
1450 5505 1720 5574 integrum
1771 5506 1840 5559 ab
1896 5507 2110 5576 injuriis

536 5604 908 5659 conservaret,
963 5596 1098 5650 adeo
1147 5595 1262 5664 ejus
1310 5595 1577 5648 rationem
1632 5594 1841 5660 habuit,
1896 5605 1954 5649 ut
1989 5595 2114 5652 licet

2227 4689 2457 4752 πολλοὺς
2492 4690 2772 4752 ἀναιτίους
2810 4685 3139 4758 κακούργων
3167 4688 3325 4753 δίκας
3358 4691 3670 4764 ἀπῄτησε.
3708 4693 3843 4746 Τοῦ-

2225 4799 2316 4834 τον
2345 4781 2401 4834 δὲ
2447 4780 2541 4834 καὶ
2577 4779 2919 4849 μαθημάτων
2957 4780 3066 4832 τῶν
3093 4797 3152 4832 τε
3181 4782 3324 4834 κατά
3360 4782 3723 4853 φιλοσοφίαν
3757 4786 3847 4839 καὶ

2231 4873 2340 4926 τῶν
2388 4871 2588 4935 παντὸς
2622 4870 2932 4941 ἐλευθερίου
2962 4871 3124 4926 ἄλλου
3157 4873 3202 4902 ¹³
3227 4874 3533 4940 παντελῶς
3601 4879 3846 4948 ὑπάρξαι

2225 4963 2637 5035 ἀωράδεκτον,
2702 4964 2796 5014 καὶ
2841 4962 2966 5015 νοῦν
3019 4962 3077 5015 δέ
3126 4965 3264 5035 πρὸς
3329 4965 3440 5030 τὰς
3510 4971 3848 5040 μιαιφονίας

2221 5057 2384 5127 μόνον
2426 5054 2730 5127 ὀξύρροπον
2783 5055 2976 5124 ἔχοντα
3025 5057 3418 5129 φιλάνθρωπον
3482 5064 3675 5131 μηδὲν
3715 5065 3852 5133 μηδέ

2217 5149 2424 5217 ἥμερον
2450 5149 2588 5218 μήτε
2613 5149 2807 5212 μαθεῖν
2831 5147 3087 5216 ἐθελῆσαι
3115 5153 3256 5222 μήτε
3281 5150 3459 5218 φῦναι.
3493 5157 3856 5228 ἐπιτήδειον.

2232 5238 2394 5290 Ἀλλά
2436 5239 2613 5291 πάντα
2645 5239 2747 5306 μὲν
2783 5234 2853 5308 ἦν
2895 5234 3052 5304 οὗτος
3081 5242 3370 5306 κάκιστος,
3404 5247 3464 5296 εί
3518 5251 3629 5302 καὶ
3657 5249 3857 5319 χρόνος

2220 5329 2368 5400 αὑτῷ
2412 5332 2571 5400 κόρον
2602 5330 2787 5381 λαϐεῖν
2823 5330 2934 5382 τῶν
2969 5333 3248 5400 ἐμφυλίων
3292 5335 3582 5402 αἱμάτων
3623 5342 3730 5393 καὶ
3763 5339 3860 5406 τῆς

2224 5423 2537 5489 μιαιφονίας
2568 5420 2886 5484 ὑπεξέλυεν,
2916 5423 3012 5473 ἐπὶ
3035 5423 3093 5475 δέ
3117 5428 3181 5494 τῇ
3210 5423 3571 5500 φιλαδελφίᾳ
3600 5431 3673 5483 τὸ
3702 5431 3861 5500 πρῶ·-

2221 5525 2314 5562 τον
2363 5511 2668 5579 ἠνέγκατοο
2724 5511 2824 5580 τὴν
2881 5511 2990 5582 γὰρ
3051 5514 3226 5585 ἀρχὴν
3275 5517 3398 5577 τοῖς
3459 5519 3571 5573 τοῦ
3615 5521 3864 5593 ἀδελφώ

2222 5600 2410 5654 παισὶν
2464 5602 2872 5673 ἀνεπηρέαστον
2926 5607 3351 5674 συντηριτ)ν,ἐπὶ
3416 5611 3716 5667 τοσοῦτον
3764 5614 3867 5683 τῆς

1821 5711 2057 5768 VARUS
2093 5711 2384 5769 LECTION
2393 5715 2474 5770 ES

642 5811 682 5842 “
704 5809 923 5880 ἐρευθές
948 5828 1007 5874 ς’.

1110 5813 1149 5842 ¹¹
1174 5810 1420 5866 ἐπιϐάλοι
1454 5808 1518 5866 ll.
1559 5808 1868 5881 Stephanus
1903 5826 1917 5864 :
1951 5809 2077 5865 libri
2099 5809 2431 5864 ὲπιϋάλοιεν.

2515 5812 2558 5842 ¹³
2587 5810 2763 5865 ἑλευθ.
2799 5812 2952 5865 ἄλλον
2983 5811 3144 5866 ἄλλου
3171 5831 3228 5878 ς.
