3972 6248
280 297 387 362 881

1316 304 1848 367 BIBLIOTHECA.
1887 331 1958 344 -
1981 308 2141 369 COD.
2185 309 2487 372 CCXXIV.

3441 318 3546 379 882
3558 326 3567 373 .'

278 420 468 477 αὐτῶν
517 419 847 498 κηδεμονίας
889 422 1050 492 λόγον
1070 423 1114 454 ⁸⁸
1147 421 1355 476 ἐτίθετο
1373 465 1389 487 ,
1419 422 1498 486 ὡς
1528 423 1622 476 καὶ
1650 424 1851 492 γυναικ

1972 422 2242 494 c0njugali
2274 426 2482 490 uxoris,
2507 441 2668 496 quam
2698 426 2858 482 unice
2885 425 3122 492 amabat,
3154 426 3546 482 consuetudine

280 513 461 570 συνὼν
484 555 500 580 ,
556 514 651 568 καὶ
677 515 797 567 τότε
835 514 960 569 λίαν
1002 515 1376 588 στεργομένῃ,
1417 514 1493 586 μὴ
1537 515 1867 586 ἀνασχέσθαι

277 606 705 676 παιδοποιῆσαι,
743 605 883 662 ἀλλὰ
938 609 1156 679 μηχανῇ
1203 607 1356 680 πάσῃ
1396 606 1565 676 γονῆς
1607 607 1866 681 στέρησιν

277 697 463 768 ἐαυτῷ
513 698 770 765 δικάσαι,
828 699 906 762 ὡς
953 698 1021 754 ἂν
1081 699 1208 770 μηδ’
1243 699 1380 762 ὅλως
1440 699 1696 754 ὐπολίποι
1743 699 1868 754 τινὰ

277 789 648 861 ἐφεδρεύοντα
679 792 794 855 τοῖς
822 791 919 845 τοῦ
954 791 1188 863 ἀδελφοῦ
1213 792 1423 849 παισίν.
1451 789 1623 860 Οὗτος
1646 793 1729 848 ἐτι
1755 792 1866 859 ζῶν

276 884 378 935 καὶ
401 884 552 954 γήρᾳ
580 882 949 954 βαρυνόμενος
974 885 1228 958 Τιμοθέῳ
1253 884 1332 956 τῷ
1367 885 1728 958 πρεσϐυτέρῳ
1755 886 1866 940 τῶν

277 973 491 1028 παίδων
514 974 613 1029 τοῦ
645 975 880 1044 ἀδελφοῦ
911 977 1208 1049 ἐγχειρίζει
1241 979 1343 1049 τὴν
1375 978 1571 1050 ἀρχὴν,
1603 979 1702 1034 καὶ⁵
1728 977 1867 1050 μετά

277 1068 478 1138 χρόνον
526 1069 588 1122 οὐ
643 1070 812 1123 πολὺν
856 1071 1068 1141 ἀνιάτῳ
1113 1071 1278 1126 πάθει
1341 1072 1438 1127 καὶ
1489 1073 1864 1144 χαλεπωτάτῳ

277 1161 606 1230 συσχεθεὶς,
644 1192 714 1210 -η
756 1163 1086 1234 καρκίνωμα
1113 1165 1221 1236 γὰρ
1255 1165 1459 1238 μεταξύ
1505 1166 1774 1237 βουδῶνός
1804 1185 1866 1221 τε

277 1252 378 1306 καὶ
414 1253 610 1324 ὀσχέου
653 1255 896 1325 ὐποφυέν
924 1256 1024 1327 τὴν
1068 1256 1240 1329 νομὴν
1278 1258 1413 1330 πρὸς
1465 1259 1534 1313 τὰ
1580 1257 1728 1314 ἐνδον
1768 1262 1868 1315 ἐπ-

275 1346 456 1399 εδίδου
494 1347 837 1418 πικρότερον,
869 1347 996 1420 [708
1029 1347 1121 1421 R.]
1151 1349 1210 1416 ἐξ
1231 1343 1292 1404 οὗ
1330 1351 1526 1422 ἰχῶρες
1543 1351 1864 1423 ἀναστομω-

261 1429 473 1509 ’θείσης
522 1437 624 1510 τῆς
682 1440 883 1510 σαρκὸς
940 1439 1197 1512 ἐξέῤῥεον
1247 1441 1388 1513 βαρύ
1440 1441 1537 1496 καὶ
1583 1443 1865 1497 δύσοιστον

274 1533 564 1597 πνέουσαι,
609 1534 686 1598 ὡς
721 1533 920 1605 μηκέτι
961 1535 1100 1606 μήτε
1133 1535 1195 1590 τὸ
1244 1523 1691 1607 ὐπηρετούμενον
1724 1536 1864 1608 μήτε

274 1627 407 1690 τούς
436 1627 658 1698 ἰατροὺς
682 1627 744 1681 τὸ
768 1629 867 1701 τῆς
887 1628 1180 1698 σηπεδόνος
1212 1629 1426 1698 στέγειν
1448 1630 1492 1661 ¹⁵
1513 1629 1749 1693 δυσῶδες
1768 1630 1864 1684 καὶ

275 1719 675 1776 ἀνυπόστατον.
717 1721 828 1775 Καὶ
880 1725 1125 1793 συνεχεῖς
1154 1721 1282 1794 [567
1315 1722 1410 1794 ιι]
1452 1721 1510 1776 δέ
1539 1721 1723 1776 ὀδύναι
1767 1722 1861 1776 καί¹

254 1812 525 1883 ’δριμεῖαι
565 1814 687 1868 ὅλον
729 1814 794 1868 τὸ
835 1814 998 1884 σῶμα
1048 1815 1390 1878 κατέτεινον,
1438 1812 1530 1884 ὐφ’
1571 1806 1648 1869 ὧν
1679 1815 1856 1885 ἀγρυ-

272 1903 467 1969 πνίαις
497 1923 558 1959 τε
602 1905 701 1960 καὶ
728 1908 1000 1977 σπασμοῖς
1030 1906 1295 1973 ἐξεδίδοτο
1315 1947 1333 1970 ,
1367 1903 1474 1970 ἐως
1523 1906 1857 1978 προκύψασα

273 1992 477 2062 μέχρις
518 1993 701 2048 αὐτῶν
734 1994 847 2048 τῶν
886 1995 1212 2066 σπλάγχνων
1258 1994 1356 2049 τοῦ
1391 1997 1601 2060 πάθους
1628 1997 1663 2067 ἠ
1714 1996 1854 2068 νομὴ

266 2083 368 2136 τοῦ
410 2083 529 2154 βίου
575 2084 912 2158 ἀπέρρηξεν.
957 2087 1158 2141 Ἔδίδου
1208 2087 1306 2158 μέν
1339 2088 1436 2140 καὶ
1463 2081 1642 2152 οὗτος,
1666 2086 1856 2158 ῶσπερ

265 2173 367 2225 καὶ
413 2174 731 2245 Κλέαρχος,
773 2175 1042 2232 τελευτῶν
1081 2179 1196 2240 τοῖς
1224 2177 1426 2248 δρῶσιν
1456 2177 1660 2231 ἐννοεῖν
1697 2177 1855 2243 δίκας

265 2263 622 2320 ἀπαιτεῖσθαι
653 2259 730 2320 ῶν
759 2266 930 2338 ὠμῶς
972 2285 1034 2322 τε
1063 2269 1158 2324 καὶ
1211 2269 1550 2341 παρανόμως
1583 2271 1712 2334 τούς
1751 2288 1852 2324 πο-

261 2354 422 2419 λίτας
474 2357 758 2412 διέθεσαν·
797 2358 1059 2423 πολλάκις
1115 2362 1224 2434 γὰρ
1272 2363 1438 2417 αὐτόν
1486 2380 1651 2431 φασιν
1689 2363 1747 2416 ἐν
1782 2366 1850 2436 τῇ

263 2447 412 2516 νόσῳ
456 2448 548 2500 τὸν
591 2448 822 2503 θάνατον
854 2451 1104 2505 ἐπελθεῖν
1140 2451 1292 2523 αὐτῷ
1332 2454 1736 2524 κατευχόμενον
1776 2454 1851 2525 μὴ

261 2543 481 2610 τυχεῖν,
530 2540 666 2596 ἀλλά
699 2546 923 2614 συχναῖς
951 2546 1190 2616 ἡμέραις
1215 2549 1281 2617 τῇ
1311 2549 1488 2619 πικρᾷ
1526 2552 1620 2602 καὶ
1656 2547 1853 2620 βαρείᾳ

264 2633 809 2705 καταδαπανώμενον
847 2637 990 2709 νόσῳ
1033 2638 1207 2702 οὕτως
1243 2641 1502 2694 ἀποτῖσαι
1546 2640 1608 2694 τὸ
1650 2639 1848 2711 χρεὼν,

263 2724 360 2795 ἐτη
407 2726 507 2795 μὲν
539 2725 816 2795 βιώσαντα
846 2730 1009 2783 πέντε
1039 2731 1132 2784 καὶ
1160 2731 1448 2802 ἐξήκοντα,
1480 2725 1556 2787 ὧν
1585 2735 1618 2803 ἠ
1644 2749 1848 2803 τυραν-

259 2819 350 2880 νὶς
375 2815 524 2888 εἶχεν
549 2819 614 2883 ζ’.
651 2819 978 2894 Ἀγησίλαος
1006 2822 1063 2876 δὲ
1084 2824 1388 2896 τηνικαῦτα
1407 2825 1850 2898 Δακεδαιμονίων

262 2908 583 2967 ἐϐασίλευεν
609 2911 674 2967 ¹⁶.

261 3101 392 3157 Car.
428 3103 520 3160 IV.
545 3133 614 3143 —
642 3102 942 3159 Timotheus
980 3106 1118 3172 ﬁlius
1149 3107 1392 3162 Clearchi
1410 3148 1426 3172 ,
1460 3111 1698 3176 princeps
1728 3107 1824 3163 111
1835 3131 1850 3164 .

1971 525 2236 580 uteretur,
2268 517 2472 573 liberos
2504 525 2686 573 tamen
2717 533 2786 574 ex
2817 533 2880 573 ea
2912 531 3201 588 procreare
3229 516 3423 577 nollet.
3449 518 3546 572 sed

1968 608 2115 664 omni
2153 619 2273 665 arte
2317 610 2458 666 banc
2487 610 2742 666 orbitatis
2783 618 2840 666 et
2887 626 2994 666 non
3037 611 3316 682 gignendae
3345 608 3566 666 sobolis.

1967 717 2066 758 ceu
2112 719 2325 774 pmuam
2372 703 2477 759 sibi
2513 703 2816 773 irrogaret:
2851 717 2920 758 ne
2962 717 3120 770 quem
3152 703 3372 756 omnino
3411 699 3546 756 insi-

1966 795 2232 852 diatoretn
2262 795 2448 851 fratris
2474 795 2601 849 ﬁliis
2617 793 2972 864 relinqueret.
3014 790 3310 861 Superstes
3345 792 3544 857 adhuc,

1965 887 2063 944 sed
2095 888 2249 943 senio
2294 896 2574 959 gravatus,
2622 885 2930 954 Timotheo,
2963 883 3056 954 qui
3097 883 3166 939 de
3195 882 3324 939 filiis
3357 882 3556 938 fratris-

1964 987 2125 1034 aetate
2154 978 2456 1048 praacessit,
2494 993 2675 1032 rerum
2718 992 2987 1033 summam
3045 975 3229 1042 tradit,
3251 990 3352 1030 nec
3377 974 3548 1029 multo

1963 1078 2212 1142 tempore
2265 1079 2389 1139 post
2429 1068 2748 1125 difficillimo
2782 1067 3077 1137 corripitur
3110 1066 3300 1122 morbo
3345 1076 3401 1122 et
3446 1066 3547 1121 im-

1967 1161 2297 1217 medicabili.
2341 1160 2560 1218 Cancer
2593 1159 2738 1213 enim
2776 1159 2918 1213 inter
2949 1159 3161 1228 iuguem
3202 1169 3258 1213 et
3304 1166 3544 1212 scrotum

1967 1259 2159 1306 enatus
2198 1251 2267 1306 ad
2295 1250 2553 1305 interiora
2583 1248 2854 1319 pascendo
2882 1247 3109 1303 subinde
3146 1247 3395 1302 acerbius
3423 1260 3547 1316 pro-

1967 1344 2264 1413 serpebat:
2294 1358 2361 1398 ex
2389 1359 2518 1413 quo,
2569 1355 2732 1396 carne
2781 1340 2985 1405 laxata,
3028 1340 3230 1405 sanies,
3286 1340 3542 1410 gravissi-

1967 1449 2087 1489 mos
2119 1444 2175 1489 et
2211 1433 2582 1489 intolerabiles
2629 1433 2917 1502 exspirans
2955 1431 3175 1496 odores,
3219 1431 3543 1501 profluebat,

1965 1535 2025 1580 ut
2055 1540 2158 1582 nec
2189 1525 2425 1582 ministri
2468 1540 2567 1580 nec
2601 1524 2795 1580 medici
2833 1523 3318 1578 virulentissimum
3354 1531 3543 1594 putre-

1966 1617 2112 1673 dinis
2140 1618 2369 1673 fetorem
2416 1617 2755 1673 sustinerent
2783 1630 2848 1670 ac
2888 1613 3222 1685 perferrent.
3249 1613 3546 1670 Continen-

1967 1716 2050 1763 tes
2089 1718 2272 1763 autem
2312 1718 2366 1762 et
2418 1706 2669 1762 acerrimi
2713 1706 2928 1761 dolores
2974 1715 3144 1761 totum
3192 1705 3310 1776 ejus
3347 1721 3545 1774 corpus

1886 1777 2425 1858 B'excarnificabant
2454 1819 2468 1856 :
2503 1816 2738 1870 quorum
2787 1797 2988 1870 vigiliis
3019 1809 3074 1855 et
3102 1799 3545 1855 convulsionibus

1962 1907 2202 1965 eousque
2231 1892 2359 1948 mali
2391 1893 2642 1964 contagio
2673 1892 3096 1963 adaugescebat,
3128 1891 3301 1946 donec
3334 1891 3403 1946 ad
3430 1891 3542 1960 ipsa

1962 1985 2172 2040 viscera
2203 1999 2262 2040 se
2303 1984 2604 2050 insinuans,
2630 1983 2800 2038 vitam
2834 1991 3066 2053 tyranno
3105 1983 3346 2052 abrupit.
3396 1981 3543 2048 Qua-

1963 2090 2022 2130 re
2053 2076 2163 2140 bic,
2196 2091 2302 2130 non
2331 2075 2512 2130 minus
2551 2088 2715 2145 quam
2739 2073 3061 2138 Clearchus,
3100 2076 3542 2129 animadverten-

1961 2170 2108 2225 tibus
2135 2167 2597 2223 considerandum
2629 2166 2902 2232 exhibuit,
2934 2181 3125 2236 poenas
3150 2165 3370 2222 tandem
3399 2166 3539 2237 exigi

1962 2261 2177 2316 illorum
2206 2272 2327 2329 qua:
2354 2268 2545 2315 contra
2576 2259 2757 2315 divina
2780 2269 2838 2314 et
2869 2259 3107 2314 humana
3130 2258 3257 2328 jura
3285 2258 3543 2314 immani»

1961 2363 2044 2407 ter
2082 2352 2135 2407 iu
2173 2353 2326 2410 cives
2367 2352 2741 2409 admisissent.
2784 2353 2940 2420 Saepe
2969 2351 3116 2408 enim
3175 2352 3370 2423 223b
3400 2352 3542 2408 inter

1960 2444 2140 2500 morbi
2192 2454 2437 2500 torturas
2474 2453 2731 2513 precatus
2769 2445 2990 2511 dicitur,
3043 2454 3102 2500 ut
3136 2444 3538 2516 quamprimum

1955 2553 2015 2593 se
2047 2552 2194 2593 mors
2220 2537 2499 2602 obrueret,
2527 2535 2641 2590 voti
2675 2543 2861 2591 tamen
2897 2551 3125 2605 compos
3164 2551 3272 2591 nou
3305 2546 3429 2591 ante
3455 2534 3538 2590 fa-

1950 2638 2091 2695 ctus,
2135 2643 2298 2700 quam
2331 2629 2505 2683 morbi
2538 2628 2590 2683 vi
2629 2637 2686 2683 et
2715 2628 3020 2683 acerbitate
3065 2636 3444 2698 consumptus,
3475 2640 3538 2680 eo

1953 2723 2112 2776 modo
2144 2721 2268 2776 fatis
2303 2720 2547 2776 debitum
2573 2719 2808 2776 exsolvit
2835 2737 2851 2773 :
2879 2729 3168 2790 postquam
3194 2718 3266 2774 65
3303 2719 3359 2773 in
3397 2718 3534 2782 vita,

1951 2813 2004 2868 in
2029 2811 2314 2884 tyrannide
2349 2811 2580 2869 7annos
2630 2811 3021 2882 compleverat.
3067 2808 3163 2866 'Et
3217 2818 3537 2879 tempestate

1951 2905 2046 2960 illa
2082 2918 2316 2974 regnum
2353 2903 2495 2975 apud
2548 2903 2987 2961 Lacedaemonios
3032 2903 3326 2975 Agesilaus
3361 2904 3535 2958 admi-

1956 2997 2247 3052 nistrabat.

1959 3107 2095 3182 Ejus
2134 3109 2321 3182 merita
2345 3111 2400 3163 in
2434 3111 2686 3182 rempubl.
2721 3121 2772 3166 et
2809 3114 3066 3180 privatos.
3135 3113 3271 3182 Ejus
3327 3111 3540 3167 heroico

829 3178 887 3230 in
916 3177 1063 3232 bellis
1092 3179 1278 3232 virtus.
1313 3177 1460 3233 Mors
1490 3180 1800 3233 immatura.
1839 3177 2066 3233 (Invitus
2102 3182 2148 3232 ei
2182 3198 2214 3233 a
2239 3180 2412 3242 fratre
2443 3177 2612 3236 hortos
2641 3193 2757 3248 post
2789 3177 3031 3238 mortem.

346 3271 412 3340 ὃΟ
438 3287 494 3339 δὲ
529 3285 794 3358 Τιμόθεος
823 3289 1162 3360 παραλαΰὼν
1203 3290 1302 3360 τὴν
1337 3292 1512 3362 ἀρχὴν
1547 3291 1692 3345 οὕτω
1716 3292 1848 3346 ταύ-

2023 3289 2538 3362 Timotlteusigitur,
2571 3294 2857 3364 imperium
2881 3297 3128 3364 adeptus,
3157 3295 3231 3350 ita
3251 3297 3319 3352 ad
3348 3299 3536 3354 mode-

266 3394 364 3447 την
396 3379 490 3430 ἐπὶ
513 3379 572 3430 τὸ
600 3380 905 3452 πραότερον
935 3383 1031 3436 καὶ
1053 3383 1608 3456 δημοκρατικώτερον
1633 3386 1675 3417 ⁸⁷
1706 3403 1840 3456 μετ-

259 3467 634 3538 ερῤὐθμιζεν,
687 3471 762 3538 ὡς
801 3473 1000 3543 μηκέτι
1048 3473 1334 3544 τύραννον,
1375 3475 1491 3528 ἀλλ’
1548 3477 1846 3548 εὐεργέτην

259 3558 449 3624 αὐτὸν,
473 3555 556 3622 οἷς
589 3561 849 3630 ἔπραττε,
881 3563 976 3616 καὶ
1007 3565 1232 3635 σωτῆρα
1260 3566 1642 3637 ὀνομάζεσθαι.
1677 3569 1758 3622 Τά
1787 3585 1846 3621 τε

259 3650 373 3720 γάρ
426 3651 566 3721 χρέα
599 3656 711 3716 τοῖς
768 3653 1078 3720 δανεισταῖς
1117 3659 1250 3726 παρ’
1301 3657 1494 3710 ἐαυτοῦ
1525 3658 1846 3722 διελύσατο,

261 3745 362 3796 καὶ
403 3746 518 3807 τοῖς
541 3745 808 3816 χρῄζουσι
841 3745 979 3818 πρὸς
1009 3748 1108 3812 τὰς
1138 3749 1410 3822 ἐμπορίας
1437 3750 1532 3804 καὶ
1560 3751 1652 3803 τὸν
1688 3750 1846 3804 ἄλλον

263 3835 381 3904 βίον
413 3837 588 3890 τόκων
619 3837 747 3890 άνευ
782 3840 1081 3909 ἐπήρκεσε,
1115 3842 1208 3894 καὶ
1233 3841 1344 3893 τῶν
1369 3841 1762 3913 δεσμωτηρίων
1783 3842 1844 3894 οὐ

256 3929 387 3991 τούς
409 3928 741 3994 ἀνευθύνους
779 3931 938 4001 μόνον
957 3972 970 3993 ,
1006 3931 1146 3985 ἀλλὰ
1176 3933 1272 3986 καὶ
1299 3935 1425 3997 τούς
1455 3934 1515 3987 ἐν
1543 3934 1745 3996 αἰτίαις
1769 3933 1847 3987 δι-

256 4021 439 4088 ηφίει,
465 4023 561 4074 καὶ
577 4022 837 4092 δικαστὴς
870 4024 1105 4096 ἀκριϐὴς
1138 4021 1205 4095 ἦν
1238 4025 1374 4096 ὁμοῦ
1412 4027 1508 4079 καὶ
1539 4025 1846 4096 φιλάνθρω-

260 4130 385 4176 πος,
425 4114 521 4166 καὶ
562 4116 632 4167 τὰ
687 4114 822 4169 ἄλλα
872 4118 1110 4187 χρηστὸς
1145 4117 1239 4170 καὶ
1272 4118 1370 4180 τὰς
1415 4117 1704 4181 ὑποθέσεις
1745 4118 1846 4171 οὐκ

258 4205 685 4274 ἀπιστούμενος.
724 4207 842 4277 Ἐφ’
868 4208 912 4240 ¹⁸
943 4204 1023 4273 οἷς
1059 4209 1275 4264 καὶτὸν
1306 4210 1538 4279 ἀδελφὸν
1567 4209 1846 4264 Διονύσιον

252 4295 326 4346 τά
354 4312 416 4346 τε
465 4295 604 4348 ἄλλα
640 4298 924 4368 πατρικῶς
970 4300 1259 4370 περιεῖπε,
1312 4301 1404 4353 καὶ
1443 4300 1702 4354 κοινωνὸν
1745 4299 1846 4370 μὲν

251 4382 402 4454 εἶχεν
432 4386 632 4438 αὐτίκα
675 4386 776 4455 τῆς
817 4387 1012 4459 ἀρχῆς,
1047 4390 1324 4459 ἐχομένως
1355 4389 1412 4442 δέ
1455 4390 1549 4442 καὶ
1576 4389 1842 4459 διάδοχον.

252 4477 332 4529 Οὐ
367 4478 476 4547 μὴν
509 4477 643 4530 ἀλλά
674 4479 783 4550 γὰρ
805 4481 900 4532 καὶ
934 4477 1075 4550 πρὸς
1103 4479 1203 4543 τὰς
1234 4479 1539 4551 πολεμικὰς
1567 4477 1676 4533 τῶν
1701 4480 1844 4552 πρά·

251 4567 392 4634 ξεων
429 4569 694 4638 ἀνδρείως
733 4571 985 4642 ἐφέρετο,
1025 4571 1386 4643 μεγαλόφρων
1414 4573 1471 4626 δὲ
1500 4569 1570 4644 ἦν
1593 4574 1685 4627 καὶ
1717 4590 1843 4642 γεν-

1953 3381 2236 3445 rationem,
2262 3392 2316 3436 et
2337 3397 2498 3451 quam
2516 3385 2691 3451 putuit
2713 3384 2950 3438 maxime
2972 3385 3288 3453 popularem
3309 3395 3532 3450 statum,

1953 3472 2081 3526 illud
2109 3472 2346 3539 reduxit,
2373 3483 2433 3526 ut
2463 3489 2568 3527 non
2602 3474 2743 3529 ultra
2773 3485 3058 3543 tyrannus,
3095 3477 3188 3531 sed
3217 3476 3534 3532 benefactor

1949 3574 2000 3618 et
2027 3576 2274 3618 servator
2305 3565 2376 3620 ob
2403 3565 2663 3635 praeclare
2695 3571 2886 3621 merita
2927 3576 3350 3638 nuncuparetur.
3398 3569 3531 3624 Nam

1949 3654 2016 3707 de
2047 3669 2146 3708 suo
2168 3654 2385 3708 nomina
2409 3654 2777 3710 creditoribus
2798 3657 3094 3725 expedivit,
3116 3667 3169 3712 et
3191 3658 3370 3727 inopia
3393 3658 3516 3713 labu

1949 3747 2198 3801 rantibus
2231 3747 2348 3802 siue
2377 3745 2600 3810 fenore,
2621 3749 2689 3802 ad
2713 3749 3106 3819 negotiationes
3141 3760 3197 3804 et
3238 3750 3376 3806 alios
3407 3752 3532 3805 vita-

1949 3854 2103 3904 usus,
2129 3840 2390 3906 pecunias
2411 3842 2796 3911 suppeditavit:
2837 3857 2937 3897 nec
2965 3844 3124 3898 modo
3153 3843 3419 3909 insontes,
3440 3847 3531 3900 sed

1949 3931 2160 3985 etveris
2200 3931 2525 3986 criminibus
2559 3933 2826 3987 obnoxios
2843 3933 3155 3988 carceribus
3174 3934 3420 3989 exsolvit.
3439 3934 3531 3989 Ju-

1949 4018 2052 4074 dex
2083 4019 2300 4087 quidem
2331 4029 2618 4076 accuratus
2637 4029 2694 4075 et
2727 4036 2968 4086 severus,
3005 4023 3301 4093 caeteroqui
3350 4033 3528 4081 tamen

1949 4109 2216 4166 humanus
2237 4120 2293 4166 et
2321 4111 2608 4182 benignus.
2642 4110 2699 4165 In
2745 4113 2907 4168 rebus
2954 4113 3081 4169 ﬁdei
3112 4129 3226 4170 suae
3247 4117 3533 4173 credendis

1949 4202 2175 4258 minime
2203 4212 2506 4272 suspectus.
2524 4205 2731 4260 idcirco
2754 4215 2808 4261 et
2837 4206 3064 4262 fratrem
3081 4207 3390 4280 Dionysium
3407 4226 3532 4266 cum

1950 4294 2003 4349 iu
2027 4296 2392 4367 aliispaterno
2429 4313 2615 4353 amore
2649 4308 2702 4353 et
2743 4300 2924 4356 studio
2945 4301 3261 4370 complexus
3277 4312 3384 4368 est,
3417 4312 3531 4358 tum

1948 4387 2132 4441 statim
2175 4389 2412 4457 imperii.
2441 4399 2747 4445 consortem
2790 4391 3006 4457 ascivit,
3060 4400 3115 4446 et
3155 4409 3527 4450 successorem

1948 4476 2050 4531 sibi
2076 4477 2388 4532 destinavit.
2423 4477 2529 4533 Sed
2557 4481 2838 4535 enimvero
2870 4481 2937 4535 ad
2967 4496 3055 4536 res
3088 4483 3312 4538 bellicas
3339 4483 3526 4550 alacri,

1947 4577 2002 4623 et
2035 4569 2126 4637 qui
2169 4571 2344 4624 virum
2378 4569 2557 4633 decet,
2596 4571 2781 4624 animo
2817 4570 3118 4628 ferebatur.
3157 4571 3353 4643 Magno
3383 4573 3527 4629 enim

249 4665 405 4725 ναῖος
463 4662 625 4735 σῶμα
680 4664 777 4718 xal.
824 4664 1039 4736 ψυχὴν,
1081 4665 1218 4719 ἁλλά
1270 4666 1365 4719 καὶ
1415 4666 1550 4737 πρὸς
1598 4667 1700 4730 τάς
1744 4668 1842 4737 τῆς

1954 4659 2166 4728 spiritu,
2204 4668 2259 4714 ct
2303 4675 2572 4730 generoso
2610 4662 2857 4732 corporis
2886 4673 2942 4717 et
2977 4664 3142 4717 animi
3178 4665 3372 4719 robore
3413 4674 3532 4718 erat

251 4753 438 4824 μάχης
492 4753 773 4818 διαλύσεις
831 4754 1134 4825 εὐγνώμων
1185 4773 1246 4808 τε
1296 4757 1393 4810 καὶ
1452 4758 1553 4810 οὐκ
1601 4758 1839 4828 ἄχαρις,

250 4846 562 4914 πράγματα
593 4844 693 4914 μὲν
725 4845 958 4899 συνιδεῖν
983 4845 1190 4910 ἱκανὸς,
1222 4845 1580 4910 ἐξικέσθαιδέ
1608 4847 1742 4916 πρὸς
1775 4845 1843 4898 τά

249 4937 651 5005 συνεωραμένα
683 4935 1036 5007 δραστήριος,
1067 4937 1369 5008 οἰκτίρμων
1397 4955 1458 4990 τε
1484 4937 1550 4990 τὸ
1574 4932 1708 5007 ἦθος
1747 4937 1842 4989 καὶ

246 5025 492 5094 χρηστὸς
510 5068 524 5090 ,
551 5027 645 5078 καὶ
669 5028 736 5096 τῇ
771 5027 870 5097 μέν
907 5027 1170 5100 εὐτολμίᾳ
1201 5028 1394 5092 δεινῶς
1421 5017 1698 5097 ἀπότομος
1719 5066 1737 5092 ,
1771 5029 1842 5099 τῇ

243 5117 303 5169 δέ
355 5117 674 5189 μετριότητι
729 5118 1119 5191 φιλάνθρωπός
1169 5139 1232 5173 τε
1279 5123 1374 5175 καὶ
1421 5121 1702 5192 μειλίχιος.
1748 5121 1840 5174 Διὸ

247 5209 458 5277 σφόδρα
509 5209 610 5278 μὲν
646 5212 853 5281 περιὼν
891 5213 1006 5275 τοῖς
1035 5213 1318 5283 πολεμίοις
1353 5214 1583 5285 φοϐερὸς
1622 5210 1712 5285 ἦν,
1745 5215 1841 5268 καὶ

245 5300 455 5364 πάντες
505 5300 670 5354 αὐτὸν
718 5303 1118 5374 κατωρρώδουν
1165 5305 1388 5360 ἐπειδὰσν
1440 5308 1836 5378 ἀπεχθάνοιτο,

244 5392 358 5452 τοῖς
379 5389 426 5441 δ’
467 5389 795 5462 ἀρχομένοις
826 5392 1031 5460 γλυκύς
1057 5411 1119 5446 τε
1145 5397 1241 5448 καὶ
1267 5396 1497 5466 ἥμερος.
1527 5395 1722 5449 Ἔνθεν
1741 5397 1838 5449 καὶ

241 5479 519 5534 τελευτῶν
564 5483 733 5536 πόθον
776 5483 944 5540 αὐτοῦ
981 5485 1245 5540 κατέλιπε
1274 5488 1464 5554 πολὺν,
1495 5487 1588 5541 καὶ
1634 5486 1832 5551 πένθος

241 5573 439 5644 ἧγειρε
481 5571 562 5644 τῷ
597 5573 749 5645 πόθῳ
794 5575 1108 5648 ἐνάμιλλον.
1153 5577 1212 5629 '0
1261 5577 1320 5629 δὲ
1357 5578 1550 5632 τούτου
1602 5577 1832 5646 ἀδελφὸς

1941 4753 2220 4822 praeditus.
2272 4752 2410 4819 Quin
2459 4761 2515 4807 et.
2541 4751 2608 4807 ad
2644 4755 3048 4810 controversias
3082 4756 3342 4810 bellorqu
3387 4757 3524 4810 diri-

1941 4843 2165 4897 mendas
2187 4853 2241 4898 et
2271 4844 2675 4913 componendas
2707 4860 2921 4915 :equum
2957 4845 3270 4917 bonumque
3303 4863 3361 4902 se
3383 4862 3526 4917 pra:-

1938 4934 2120 4999 bebat,
2166 4948 2267 4990 nec
2317 4934 2615 4990 difﬁcilem.
2651 4935 2732 4990 Ad
2789 4937 3224 5006 perspiciendum
3267 4955 3353 4995 res
3407 4940 3524 4996 ido-

1941 5039 2097 5090 neus,
2143 5031 2199 5079 et
2242 5026 2308 5079 ad
2340 5027 2742 5095 exsequendum
2791 5027 2930 5083 bene
2976 5028 3350 5086 consideratas
3383 5041 3520 5085 stre-

1946 5132 2103 5171 uuus.
2146 5117 2366 5188 Ingenio
2417 5127 2471 5172 et
2521 5118 2766 5174 moribus
2813 5119 3077 5186 clemens,
3131 5122 3442 5177 misericors
3470 5135 3525 5178 et

1944 5211 2244 5266 beneficus.
2279 5206 2337 5262 In
2371 5209 2628 5278 periculis
2673 5211 2892 5280 quidem
2943 5214 3208 5268 adeundis
3234 5213 3387 5267 ferox
3420 5234 3434 5269 :
3471 5228 3527 5268 at

1948 5303 2002 5356 in
2033 5312 2234 5357 caetera
2283 5301 2391 5357 vita
2437 5317 2699 5372 perquam
2732 5305 2998 5361 humanus
3028 5315 3082 5362 et
3139 5307 3330 5362 comis.
3377 5305 3520 5370 ldco,

1941 5393 2179 5461 quandiu
2209 5393 2356 5448 salva
2399 5393 2451 5448 ei
2481 5391 2589 5446 vita
2621 5396 2842 5458 mansit,
2881 5396 3126 5452 hostibus
3151 5414 3312 5468 quam
3345 5403 3516 5453 maxi-

1944 5500 2032 5539 me
2060 5483 2458 5540 formidabilem
2486 5485 2568 5553 (ut
2607 5497 2800 5539 omnes
2835 5487 3160 5555 quibuscum
3204 5489 3518 5545 inimicitias

1941 5585 2282 5644 susceperat,
2324 5591 2447 5631 eum
2477 5579 2952 5647 .eXpavescerent),
2993 5579 3090 5635 sed
3133 5580 3346 5638 civibus
3390 5598 3520 5639 sua-

1538 5673 1775 5728 VAlilz‘E
1826 5672 2124 5728 LECTION
2136 5672 2236 5727 ES.

327 5763 372 5794 ”
394 5761 521 5833 κηδ.
563 5763 840 5837 τὸνλόγον
871 5785 929 5832 ς.
1012 5769 1054 5802 ιδ
1090 5766 1340 5840 στέργειν
1375 5784 1436 5832 ς.
1521 5767 1933 5842 ¹⁶ἐ6ασίλευσεν
1956 5785 2016 5834 ς.
2097 5767 2138 5801 ¹⁷
2175 5765 2298 5822 libri
2328 5764 2901 5838 δημοκρατικώτατον.
2965 5767 3024 5845 is
3049 5769 3139 5841 ἐφ.
3176 5770 3218 5826 Δ
3256 5790 3269 5832 ;
3299 5773 3357 5826 ἐν
3387 5789 3448 5838 ς.
