3972 6248
519 355 628 424 879

1680 355 1946 419 ΡΠΟΤΠ
1968 353 2478 416 ΡΑΤΗΙΛΠΟΗᾸΞ
2509 354 2620 414 CP.

3677 349 3772 416 880

518 470 633 529 Nec
666 471 850 526 colore
878 468 1139 539 genuino,
1191 481 1302 536 quo
1333 474 1528 523 natura
1557 467 1753 523 faciem
1783 468 1902 540 ejus
1933 469 2105 521 tinxe-

2212 467 2306 520 καὶ
2335 465 2456 530 Διὸς
2486 466 2601 520 υἱὸν
2631 462 2824 518 ἑαυτὸν
2853 461 3098 520 ἀνειπεῖν
3120 461 3238 517 ’καὶ
3269 461 3330 516 τὸ
3358 461 3647 534 πρόσωπον
3706 462 3772 534 μὴ

521 573 634 627 rat,
695 569 1010 624 contentus,
1059 559 1290 614 subinde
1319 559 1442 614 aliis
1475 567 1638 630 atque
1670 559 1794 615 aliis
1820 574 1940 614 eam
1972 559 2109 612 fucis

525 657 788 721 illinebat,
842 663 910 709 ιιι
925 655 1094 709 nitida
1121 662 1176 708 et
1209 651 1512 710 rubicunda
1541 655 1876 710 intuentibus
1897 653 2109 708 videre-

524 759 630 803 tur.
672 749 812 814 Quin
844 758 1092 803 etvestes
1127 747 1193 802 ad
1223 755 1466 803 terrores
1488 757 1544 802 et
1572 747 1798 803 delicias
1828 755 2108 817 permuta-

508 841 635 897 ~bat.
692 840 803 894 Nec
844 855 976 894 vero
1017 841 1069 896 in
1099 841 1185 896 his
1228 849 1441 896 tantum
1495 839 1776 910 improbus
1819 849 1966 905 erat,
2012 838 2106 894 sed

519 932 771 986 etiamin
810 931 1196 989 benefactores
1233 933 1479 1002 ingratus
1508 949 1520 984 :
1555 941 1610 984 et
1636 933 1686 984 in
1721 931 1971 985 omnibus
1992 929 2110 983 vio-

523 1025 722 1090 lentus,
758 1024 826 1078 ad
846 1039 936 1080 res
969 1024 1205 1080 nefarias
1241 1025 1440 1079 audax.
1475 1020 1682 1077 Natura
1709 1022 2010 1078 industrius
2041 1021 2108 1074 ad

520 1117 696 1170 caedes
725 1129 916 1170 eorum
956 1131 1094 1186 quos
1130 1118 1436 1186 impeteret,
1493 1129 1600 1168 non
1642 1124 1850 1169 tantum
1885 1113 1931 1168 si
1979 1112 2107 1182 quid

517 1207 716 1262 hostile
753 1209 1118 1263 meditaretur
1147 1218 1337 1263 contra
1367 1207 1684 1276 populares,
1716 1207 1814 1262 sed
1847 1206 2014 1262 etiam
2051 1206 2102 1258 in

519 1309 758 1354 exteros.
801 1299 1194 1354 Bibliothecam
1220 1310 1397 1352 tamen
1430 1298 1534 1353 sibi
1563 1297 1926 1368 comparavit,
1952 1295 2108 1365 cujus

519 1389 679 1446 laude
711 1390 1084 1460 antegreditur
1112 1389 1246 1444 alios
1287 1405 1423 1459 quos
1455 1389 1706 1460 tyrannis
1726 1387 1967 1442 famosos
1986 1387 2109 1440 red-

526 1487 690 1542 didit.
711 1485 808 1541 Hic
837 1486 1063 1541 insidias
1083 1484 1278 1540 crebro
1305 1485 1524 1544 multas.
1546 1495 1766 1554 propter
1793 1483 1992 1546 eaades,
2010 1482 2110 1536 im-

519 1579 870 1644 manitatem,
890 1586 946 1630 et
976 1575 1207 1645 injurias
1228 1576 1332 1630 sibi
1359 1584 1617 1640 structas,
1639 1572 1860 1643 effugit;
1891 1572 1986 1628 sed
2017 1572 2105 1625 vix

519 1668 735 1724 tandem
766 1682 794 1720 a
824 1667 1033 1722 Chione
1086 1664 1274 1720 Matris
1323 1665 1433 1720 ftlio
1464 1665 1578 1735 (qui
1616 1665 1701 1718 vir
1732 1673 1849 1719 erat
1885 1676 2110 1730 magna-

523 1761 722 1822 nimus,
768 1767 823 1812 et
861 1757 1266 1811 necessitudine
1320 1757 1602 1825 sanguinis
1657 1767 1889 1827 tyranno
1921 1754 2108 1808 devin-

520 1850 660 1921 ctus)
693 1860 748 1904 et
780 1849 960 1904 Leone
988 1860 1042 1904 et
1067 1848 1376 1915 Euxenone,
1409 1848 1731 1917 ueterisque
1755 1863 1862 1900 non
1894 1845 2103 1914 paucis,

521 1943 899 2011 conjuratione
959 1943 1116 2009 inita,
1178 1941 1372 1997 vulnus
1425 1941 1624 1996 lethale
1681 1939 2107 2010 accepitzcujus

520 2036 706 2091 dolore
741 2035 1101 2088 acerbissimo
1133 2045 1216 2087 est
1243 2034 1569 2089 exstinctus.
1628 2031 1928 2087 Commune
1960 2031 2107 2085 enim

520 2127 698 2196 populi
723 2143 940 2182 sacrum
968 2129 1162 2198 agebat
1215 2137 1504 2199 tyrannus.
1536 2123 1905 2196 Opportunam
1943 2123 2109 2193 igitur

520 2218 864 2273 occasionem
888 2233 947 2272 se
972 2219 1198 2287 adeptos
1231 2219 1334 2272 rati
1363 2217 1454 2288 qui
1489 2231 1614 2272 cum
1645 2215 1854 2271 Chione
1890 2214 2108 2283 conspi-

522 2321 796 2377 raverant,
834 2325 996 2364 manu
1025 2308 1252 2364 Chionis
1298 2323 1484 2364 ensem
1536 2318 1686 2362 trans
1725 2307 1818 2361 ilia
1853 2320 2104 2362 commu-

519 2403 604 2457 nis
637 2405 826 2472 patrize
863 2403 1038 2458 bouis
1071 2403 1315 2474 adigunt.
1357 2400 1459 2468 Qui
1497 2402 1639 2456 inter
1670 2399 1870 2456 multos
1918 2409 1974 2454 et
2011 2413 2106 2453 sa:-

517 2497 772 2550 vissimos
806 2495 1084 2551 cruciatus
1117 2495 1288 2565 magis
1321 2495 1606 2562 magisque
1636 2493 2105 2565 ingravescentes,

519 2601 575 2642 et
595 2603 830 2657 pavores
855 2602 886 2642 a
911 2587 1143 2655 spectris
1173 2588 1428 2642 incussos
1457 2596 1640 2657 (erant
1671 2596 1854 2640 autem
1883 2584 2107 2640 simula-

517 2697 612 2734 cra
637 2694 823 2734 eorum
854 2695 992 2749 quos
1015 2679 1293 2736 crudelem
1330 2680 1383 2734 in
1421 2680 1638 2734 modum
1667 2688 2002 2746 necaverat),
2029 2677 2110 2730 al-

518 2782 637 2824 tero
681 2773 770 2825 die
813 2778 935 2840 post
978 2771 1145 2824 vitam
1179 2785 1303 2826 cum
1335 2777 1514 2830 morte
1555 2769 1915 2824 commutavit
1943 2807 1958 2829 ,
1983 2781 2106 2821 cum

521 2877 694 2918 annos
716 2863 988 2930 exegisset
1024 2862 1076 2917 in
1115 2863 1221 2916 vita
1254 2860 1348 2925 58,
1382 2870 1439 2915 et
1467 2861 1535 2914 {2
1572 2859 1912 2930 tyrannicum
1941 2860 2110 2928 impe-

521 2957 662 3007 rium
699 2953 986 3008 tenuisset.
1060 2952 1216 3022 Apud
1246 2951 1460 3006 Persas
1490 2961 1617 3028 tunc
1667 2966 1834 3019 regno
1879 2958 2118 3017 praeerat,

517 3044 871 3109 Artaxerxes,
905 3052 959 3098 et
985 3044 1181 3098 exinde
1214 3043 1396 3098 Ochus
1447 3041 1650 3111 223a
1679 3042 1876 3111 .patris
1925 3042 1976 3094 in
2008 3041 2109 3094 im-

2209 559 2501 630 ἀνέχεσθαι
2543 561 2666 622 ταῖς
2718 561 2786 614 ἐκ
2838 560 3055 629 φύσεως
3086 556 3533 630 χρωματίζεσθαι
3567 555 3771 628 βαφαῖς,

2209 652 2401 714 ἄλλαις
2427 651 2614 705 δὲκαὶ
2644 651 2836 714 ἄλλαις
2886 651 3054 714 ἰδέαις
3097 649 3514 720 ποικιλλόμενον
3572 651 3662 704 ἐπὶ
3709 652 3766 703 τὸ

2212 744 2465 797 στιλπνόν
2508 759 2568 795 τε
2607 743 2704 796 καὶ
2752 741 3040 812 ἐνερευθὲς
3073 742 3116 774 ⁸⁸
3149 737 3266 804 τοῖς
3317 740 3520 810 ὁρῶσιν
3566 742 3774 812 ἐπιφαὶ-

2210 835 2417 901 νεσθαι,
2443 833 2791 900 ἐξαλλάττειν
2827 833 2884 887 δὲ
2917 834 3012 888 καὶ
3039 835 3167 897 τοὺς
3200 833 3436 905 χιτῶνας
3473 833 3569 886 ἐπὶ
3607 835 3664 888 τὸ
3691 852 3776 903 φο-

2211 927 2374 1000 ϐερόν
2403 945 2462 982 τε
2501 929 2598 982 καὶ
2629 926 2947 998 ἀϐρότερον.
2989 925 3118 999 [705
3149 926 3243 998 IL]
3273 928 3346 980 Ού
3377 926 3552 982 ταῦτα
3587 928 3643 982 δέ
3692 929 3778 997 μό-

2211 1039 2302 1075 νον
2340 1020 2596 1081 γενέσθαι
2625 1021 2816 1084 κακὸν,
2839 1019 2978 1074 ἀλλά
3019 1020 3114 1074 καὶ
3166 1020 3306 1090 πρὸς
3347 1021 3473 1084 τοὺς
3500 1021 3778 1092 εὐεργέτας

2212 1112 2509 1184 ἀχάριστον
2541 1111 2638 1165 καὶ
2663 1111 2841 1166 πάντα
2877 1111 3051 1181 βίαιόν
3079 1129 3139 1164 τε
3169 1112 3264 1166 καὶ
3279 1112 3351 1166 τὰ
3383 1112 3562 1166 ἀτοπα
3590 1114 3778 1184 τολμη-

2214 1206 2306 1276 ρόν
2332 1222 2347 1237 ·
2389 1205 2556 1273 φῦναι
2582 1204 2642 1258 δέ
2670 1206 2764 1260 καὶ
2808 1205 3138 1276 δραστήριον
3179 1204 3275 1259 τὸν
3323 1205 3662 1274 παλαμναῖον
3701 1201 3778 1268 οἷς

2213 1297 2280 1351 ἂν
2311 1297 2560 1351 ἐπιϐάλοι
2589 1298 2655 1357 ¹²,
2682 1297 2744 1350 ού
2775 1297 2918 1352 κατά
2946 1298 3056 1352 τῶν
3087 1297 3380 1368 ὁμοφύλων
3419 1298 3600 1369 μόνον,
3655 1298 3781 1353 ἀλλὰ

2213 1390 2309 1444 καὶ
2332 1390 2458 1444 εἴτι
2489 1391 2548 1442 ἐν
2571 1389 2894 1459 ἀλλοφύλοις
2923 1391 3143 1461 ἐφρόνει
3170 1390 3454 1462 πολέμιον.
3508 1391 3778 1462 memet,-

2212 1501 2318 1555 κην
2340 1485 2526 1553 μέντοι
2550 1483 2966 1538 κατασκευάσαι
2996 1484 3104 1554 πρὸ
3131 1484 3244 1538 τῶν
3262 1485 3440 1540 ἀλλων
3483 1485 3577 1548 οὒς
3631 1487 3662 1555 ὴ
3688 1504 3779 1538 τυ-

2214 1573 2396 1646 ραννὶς
2417 1574 2702 1640 ἀπέδειξεν
2741 1575 3134 1644 ὀνομάζεσθαι.
3165 1575 3370 1630 Τοῦτον
3408 1576 3468 1630 δὲ
3495 1577 3778 1641 ἐπιϐουλὰς

2215 1668 2314 1736 μὲν
2343 1666 2548 1731 πολλὰς
2581 1665 2846 1729 πολλάκις
2875 1666 2965 1720 διὰ
2991 1664 3055 1720 τὸ
3119 1665 3409 1736 μιαιφόνον
3452 1668 3547 1721 καὶ
3599 1668 3782 1737 μισάν-

2214 1759 2434 1829 θρωπον
2465 1761 2560 1812 καὶ
2597 1757 2917 1829 ὑϐριστικὸν
2971 1757 3095 1812 κατ’
3126 1757 3296 1811 αὐτοῦ
3354 1760 3626 1820 συστάσας
3673 1759 3782 1812 δια-

2211 1855 2424 1920 φυγεῖν,
2451 1850 2551 1921 ὀψὲ
2587 1851 2644 1904 δέ
2667 1851 2764 1905 καὶ
2816 1851 2972 1917 μόλις
3001 1850 3106 1905 ὑπὸ
3125 1851 3338 1915 Χίωνος
3366 1850 3462 1906 τοῦ
3521 1851 3779 1921 Μάτριος,

2212 1941 2407 2012 ἀνδρὸς
2443 1941 2851 2013 μεγαλόφρονος
2883 1942 2983 1996 καὶ
3007 1943 3298 1996 κοινωνίαν
3319 1942 3458 2015 πρὸς
3493 1942 3652 1996 αὐτὸν
3688 1943 3783 2010 τὴν

2209 2033 2270 2099 ἐξ
2289 2035 2522 2105 αἵματος
2547 2033 2786 2105 ἔχοντος,
2815 2032 2943 2106 [566
2961 2033 3054 2106 Η.]
3086 2033 3182 2088 καὶ⁵
3213 2033 3448 2097 Λέοντος
3481 2033 3575 2086 καὶ
3625 2033 3784 2098 Εὐξέ-

2210 2143 2378 2190 νωνος
2408 2127 2504 2179 καὶ⁵
2532 2125 2738 2196 ἐτέρων
2788 2127 2889 2178 οὐκ
2926 2125 3123 2194 ὀλίγων
3170 2123 3605 2194 συσκευασθηῖμαι
3654 2123 3788 2192 πλη-

2210 2218 2312 2288 γὴν
2340 2219 2566 2289 καιρίαν
2583 2219 2851 2287 ἐνεγκεῖν,
2899 2218 2998 2272 καὶ
3051 2217 3383 2286 τελευτῆσαι
3429 2215 3642 2286 πικρῶς
3682 2217 3786 2268 ἀπ’)

2209 2310 2304 2364 τοῦ
2331 2311 2668 2382 τραύματος.
2707 2310 2873 2364 Ἕθυε
2907 2311 3007 2381 μὲν
3059 2309 3170 2380 γὰρ
3213 2308 3490 2379 δημοτελῆ
3531 2309 3717 2362 Θυσίαν
3760 2311 3788 2362 ὁ

2209 2404 2509 2474 τύραννος·
2544 2405 2591 2456 oi
2635 2404 2692 2457 δέ
2730 2402 2862 2474 περὶ
2908 2401 3002 2456 τὸν
3045 2401 3236 2455 Χίωνα
3281 2401 3590 2472 ἐπιτήδειον
3651 2395 3787 2453 εἶναι

2210 2496 2301 2548 τὸν
2325 2495 2520 2566 καιρὸν
2552 2499 2620 2565 τῇ
2679 2495 2880 2566 πράξει
2926 2493 3258 2564 νομίσαντες
3305 2496 3374 2564 τῇ
3431 2493 3527 2546 τοῦ
3583 2493 3788 2554 Χίωνος

2210 2591 2356 2661 χειρὶ
2392 2589 2454 2642 τὸ
2487 2588 2642 2658 ξίφος
2667 2588 2760 2642 διά
2780 2588 2891 2641 τῶν
2913 2587 3008 2640 τοῦ
3037 2586 3223 2641 κοινοῦ
3253 2585 3516 2655 πολεμίου
3550 2584 3790 2652 λαγόνων

2213 2680 2550 2734 ἐλαύνουσιν.
2572 2680 2632 2732 '0
2659 2679 2738 2744 δὲ,
2769 2677 2982 2731 πολλῶν
2999 2677 3162 2731 αὑτὸν
3198 2676 3296 2730 καὶ
3325 2674 3540 2746 πικρῶν
3568 2674 3794 2743 ἀλγηδό-

2210 2789 2315 2825 νων
2353 2768 2807 2833 κατατεινόντων,
2829 2768 2925 2821 xui.
2952 2766 3230 2822 τοσούτων
3261 2766 3565 2836 φασμάτων
3625 2764 3796 2817 ἐκδει-

2214 2861 2527 2933 ματούντων
2568 2859 2787 2932 (εἴδωλα
2838 2858 2898 2913 δέ
2950 2857 3018 2912 τὰ
3051 2859 3316 2928 φάσματα
3360 2851 3428 2927 ἦν
3465 2847 3539 2908 ὧν
3590 2855 3796 2918 ἐκεῖυος

2213 2951 2511 3024 μιαιφόνως
2538 2951 2850 3022 ἀνῃρήκει),
2869 2949 3014 3005 οὕτω
3035 2950 3348 3021 δευτεραῖος
3386 2949 3480 3005 τὸν
3512 2949 3626 3021 βίον
3661 2969 3797 3004 κατ-

2210 3043 2461 3115 έστρεψε,
2497 3042 2673 3111 ζήσας
2731 3042 2829 3112 μὲν
2877 3042 2972 3113 ἐτη
2997 3041 3050 3113 η’
3083 3043 3180 3095 καὶ
3212 3047 3283 3105 ν’,
3333 3041 3539 3095 τούτων
3583 3042 3639 3095 δέ
3705 3060 3801 3095 τυο

519 3137 670 3206 perio
697 3151 1007 3191 successor.
1069 3135 1151 3190 Ad
1205 3151 1345 3205 quos
1375 3148 1755 3204 saepenumero
1782 3133 2104 3197 Clearchus,

2215 3135 2486 3206 ραννήσας
2515 3133 2865 3189 δυοκαίδεκα.
2899 3129 3030 3204 Εἶχε
3085 3132 3143 3187 δὲ
3205 3132 3307 3205 τὴν
3351 3134 3578 3205 Περσῶν
3623 3135 3801 3205 ἀρχὴν

519 3230 647 3282 dum
708 3229 817 3283 vita
873 3229 1090 3296 fruitur,
1138 3227 1348 3297 legatos
1376 3227 1545 3282 misit.

520 3326 773 3370 auctores
814 3326 1043 3386 tyranno
1071 3314 1318 3380 fuerant,
1353 3330 1521 3385 prope
1565 3330 1775 3380 omnes,
1822 3316 2022 3384 partim
2079 3330 2110 3370 a

520 3407 871 3473 satellitibus,
898 3410 948 3461 in
970 3409 1086 3478 ipso
1115 3410 1484 3487 aggressionis
1515 3409 1748 3463 articulo
1775 3409 1890 3478 (ubi
1925 3417 2109 3464 tamen

520 3508 772 3553 strenuos
800 3513 859 3553 se
887 3499 1034 3554 viros
1053 3501 1337 3569 gerebant)
1367 3500 1594 3565 concisi,
1613 3501 1809 3570 partim
1832 3501 2112 3569 aliquanto

519 3596 641 3654 post
667 3587 834 3657 capti,
871 3596 926 3642 et
948 3590 1226 3645 atrocibus
1253 3589 1539 3660 suppliciis
1567 3590 1712 3660 (qua
1736 3589 1956 3646 fortiter
1978 3592 2106 3646 tolco

520 3694 734 3752 rarunt)
771 3682 972 3746 affecti,
998 3686 1324 3741 occubuere.
1505 3687 1524 3696 ’

1635 3227 1739 3294 Qui
1788 3241 1920 3282 vero
1961 3227 2117 3282 necis

2227 3229 2594 3300 Ἀρταξέρξης
2622 3228 2769 3296 τότε,
2811 3223 2934 3281 εἷτα
2966 3228 3062 3281 καὶ
3088 3223 3258 3298 Ὦχος
3311 3229 3340 3282 ὁ
3365 3229 3568 3297 ταύτην
3603 3231 3666 3281 ἐκ
3697 3247 3803 3282 πα·

2217 3319 2341 3389 τρὸς
2378 3318 2738 3386 ἐκδεξάμενος
2769 3333 2783 3347 ⁸
2819 3319 2958 3388 πρὸς
2979 3316 3074 3381 οὓς
3114 3319 3209 3371 καὶ
3237 3319 3500 3385 πολλάκις
3522 3319 3602 3372 ἔτι
3635 3319 3745 3383 ζῶν
3771 3321 3805 3372 ὁ

2219 3411 2497 3480 Κλέαρχος
2523 3409 3008 3480 διεπρεσϐεύσατο.
3044 3411 3110 3463 Οἱ
3150 3410 3336 3481 μέντοι
3358 3427 3423 3479 γε
3459 3411 3805 3482 ἀνῃρηκότες

2215 3503 2307 3556 τὸν
2336 3501 2600 3572 τύραννον
2634 3501 2837 3572 μικροῦ
2861 3501 3063 3566 πάντες
3090 3502 3141 3554 οἱ
3177 3502 3278 3572 μέν
3307 3502 3413 3554 ὑπὸ
3455 3502 3565 3555 τῶν
3606 3519 3804 3572 σωμα-

2214 3594 2539 3664 τοφυλάκων
2591 3594 2714 3647 κατ’
2747 3593 2912 3647 αὐτὸν
2948 3591 3042 3647 τὸν
3097 3593 3200 3661 τῆς
3245 3591 3545 3655 ἐπιθέσεως
3579 3593 3804 3659 καιρὸν,

2226 3691 2603 3759 οὐκάγεννῶς
2625 3690 3034 3760 ἀνδρισάμενοι,
3087 3687 3496 3757 κατεκόπησαν,
3517 3686 3568 3740 oi
3599 3686 3658 3740 δὲ
3707 3692 3810 3742 καὶ

521 3777 749 3848 ὕστερον
773 3778 1171 3850 συλληφθέντες
1196 3781 1293 3835 καὶ
1338 3786 1566 3851 πικραῖς
1593 3785 1890 3857 τιμωρίαις
1943 3788 2454 3860 ἐγκαρτερήσαντες
2488 3785 2862 3857 ἀνῃρέθησαν.

522 3873 654 3927 CAP.
697 3869 784 3925 111.
814 3870 1088 3942 —Satyri
1122 3875 1335 3942 tyranni
1372 3876 1676 3932 immanitas
1707 3889 1756 3934 et
1795 3883 2101 3948 crudelitas,
2122 3879 2469 4003 phlilostorgia
2499 3879 2551 3931 in
2591 3879 2830 3947 fratrem.
2871 3877 3088 3932 Morbus
3127 3885 3301 3931 atrox.
3340 3875 3584 3931 Vindicta
3617 3876 3810 3932 divina

1895 3954 2056 4003 etiam
2100 3955 2155 4003 iu
2198 3965 2278 4003 mc
2316 3950 2442 4002 vita.

1895 3954 2056 4006 etiam
2100 3950 2155 4005 in
2181 3952 2278 4003 hac
2316 3950 2442 4002 vita.

592 4021 820 4104 Satyrus
882 4046 1084 4103 autem,
1142 4039 1358 4107 tyranni
1417 4054 1732 4110 germanus,
1783 4054 1841 4099 et
1884 4057 2107 4103 curator

523 4141 814 4196 puerorum
847 4127 1121 4184 Timothei
1153 4139 1210 4185 et
1243 4129 1485 4203 Dionysii
1522 4133 1766 4201 relictus,
1817 4137 2103 4208 imperium

520 4221 768 4288 suscipit,
817 4222 910 4290 qui
963 4235 1070 4275 non
1121 4221 1448 4278 Clearchum
1501 4225 1863 4293 solummodo,
1917 4245 2101 4285 verum

521 4323 747 4368 cunctos
787 4314 952 4367 etiam
979 4321 1241 4384 tyrannos
1282 4316 1607 4374 crudelitate
1638 4323 1935 4390 superavit.
1988 4322 2103 4379 Non

519 4406 662 4459 enim
725 4404 793 4460 de
829 4404 1240 4461 insidiatoribus
1295 4405 1482 4462 fratris
1539 4417 1746 4464 tantum
1809 4412 2103 4466 vindictam

520 4497 769 4564 sumpsit,
806 4496 898 4550 sed
929 4506 985 4551 et
1018 4496 1072 4550 in
1107 4496 1307 4552 liberos
1330 4513 1518 4556 eorum
1541 4502 1636 4570 qui
1667 4501 1830 4557 etiam
1864 4504 1940 4560 rei
1976 4519 2103 4573 per-

2282 4045 2523 4114 Σάτυρος
2562 4042 2618 4094 δὲ
2653 4043 2681 4095 ό
2720 4041 2816 4095 τοῦ
2862 4042 3132 4112 τυράννου
3171 4041 3419 4112 ἀδελφὸς,
3458 4036 3546 4095 οἷα
3587 4042 3652 4111 δὴ
3684 4042 3812 4096 ἐπί·

2207 4152 2407 4206 τροπος
2443 4133 2834 4202 καταλειφθεὶς
2858 4133 2969 4187 τῶν
3010 4134 3222 4188 παίδων
3251 4134 3521 4204 Τιμοθέου
3555 4137 3650 4187 καὶ
3681 4138 3814 4189 Ato-

2207 4228 2414 4290 νυσίου,
2450 4227 2550 4296 τὴν
2597 4225 2774 4295 ἀρχὴν
2813 4225 3165 4296 ὑποδέχεται·
3203 4225 3263 4290 ὃς
3295 4226 3542 4297 ὠμότητι
3591 4228 3697 4297 μὲν
3744 4229 3810 4282 οὐ

2208 4323 2511 4393 Κλέαρχον,
2543 4321 2682 4376 ἀλλά
2724 4321 2819 4374 καὶ
2852 4322 3063 4385 πάντας
3090 4322 3392 4392 τυράννους
3433 4323 3810 4394 ὑπερέϐαλεν.

2207 4415 2281 4468 Οὐ
2329 4414 2490 4484 μόνον
2543 4414 2654 4484 γὰρ
2698 4415 2826 4478 τοὺς
2886 4413 3412 4478 ἐπιϐεϐουλευκότας
3451 4415 3532 4484 τῷ
3580 4415 3812 4488 ἀδελφῷ

2206 4508 2610 4578 ἐτιμωρήσατο,
2641 4507 2777 4560 ἀλλὰ
2813 4506 2909 4560 καὶ
2938 4507 3045 4560 τῶν
3075 4508 3284 4560 τέκνων
3311 4507 3347 4562 ἃ
3379 4509 3547 4579 μηδὲν
3574 4511 3813 4582 συνῄδει

517 4597 742 4658 petratae
771 4588 972 4642 conscii
998 4603 1102 4644 non
1126 4600 1335 4656 essent,
1355 4609 1460 4648 non
1485 4595 1666 4650 minus
1696 4597 1890 4652 sazviit.
1928 4600 2103 4666 Atque

2212 4601 2319 4662 τοῖς
2341 4599 2752 4670 γεγεννηκόσιν,
2783 4599 2939 4652 οὐδὲν
2964 4599 3320 4671 ἀνεκτότερον
3348 4601 3675 4672 ἐδηλήσατο,
3707 4604 3817 4656 καὶ

520 4680 592 4733 i‘ta
619 4695 646 4732 a
676 4679 857 4736 multis
901 4679 1211 4736 insontibus
1265 4683 1637 4740 maleﬁcorum
1683 4701 1875 4757 poenas
1898 4689 2098 4756 exegit.

518 4769 643 4825 Fuit
667 4771 754 4826 hic
777 4772 956 4827 omnis
988 4773 1248 4828 doctrinae
1274 4775 1668 4846 phil050phicm
1700 4787 1756 4834 et
1788 4781 1986 4835 artium
2019 4783 2100 4836 in—

520 4876 819 4931 genuarum
848 4864 1073 4920 omnino
1102 4880 1322 4937 expers,
1356 4867 1572 4937 ingenio
1609 4879 1820 4924 tantum
1849 4872 1917 4926 ad
1947 4874 2101 4928 saevi-

519 4956 649 5006 tiam
702 4968 1014 5024 propenso;
1069 4972 1170 5011 nec
1219 4957 1471 5013 voluntas
1519 4959 1568 5014 ei
1619 4970 1757 5026 erat,
1798 4963 2096 5018 humanum

517 5044 721 5114 aliquid
767 5054 822 5098 et
871 5047 1209 5102 moderatum
1252 5049 1516 5116 discendi,
1572 5066 1672 5107 nec
1705 5068 1735 5106 a
1784 5064 1977 5108 natura
2013 5058 2097 5107 in-

518 5138 629 5190 dita
709 5137 936 5191 facultas
998 5157 1011 5192 :
1073 5141 1169 5194 sed
1227 5156 1322 5211 per
1370 5144 1555 5197 omnia
1633 5152 1752 5198 erat
1801 5146 2100 5214 pessimus,

516 5230 730 5284 etiamsi
785 5239 996 5298 tempus
1063 5231 1239 5300 ipsum
1307 5233 1636 5304 infringebat
1691 5235 1989 5299 hominem,
2043 5247 2104 5291 ut

516 5322 692 5378 civilis
728 5324 942 5378 tandem
994 5325 1274 5393 sanguinis
1307 5334 1363 5380 et
1393 5326 1560 5380 caedis
1588 5340 1714 5380 eum
1751 5327 1978 5380 satietas
2007 5343 2100 5381 ca-

518 5423 690 5483 peret.
737 5415 957 5471 Amoris
992 5425 1171 5472 tamen
1215 5417 1440 5471 fraterni
1487 5415 1695 5485 primas
1748 5417 1888 5473 tulit.
1939 5416 2098 5482 Nam,

519 5515 579 5558 ut
614 5505 948 5561 dominatum
1009 5507 1194 5564 fratris
1253 5507 1379 5562 ﬁliis
1433 5509 1704 5577 integrum
1756 5509 1824 5563 ab
1880 5510 2095 5579 injuriis

521 5605 892 5662 conservaret,
947 5598 1082 5652 adeo
1132 5599 1248 5666 ejus
1294 5598 1562 5652 rationem
1617 5598 1826 5663 habuit,
1881 5608 1939 5652 ut
1973 5599 2098 5655 licet

2211 4691 2442 4755 πολλοὺς
2477 4692 2757 4754 ἀναιτίους
2795 4689 3124 4762 κακούργων
3153 4690 3310 4756 δίκας
3342 4693 3618 4765 ἀπῄτησε.
3656 4695 3816 4748 Τοῦ-

2209 4801 2300 4838 τον
2330 4784 2386 4836 δὲ
2432 4783 2526 4837 καὶ
2562 4782 2904 4852 μαθημάτων
2942 4783 3050 4836 τῶν
3077 4799 3137 4836 τε
3166 4784 3308 4836 κατά
3345 4784 3670 4853 φιλοσοφίαν
3711 4789 3820 4842 καὶ

2215 4875 2325 4928 τῶν
2372 4874 2573 4938 παντὸς
2607 4873 2918 4945 ἐλευθερίου
2947 4875 3109 4930 ἄλλου
3142 4875 3187 4905 ¹³
3213 4876 3492 4940 παντελῶς
3551 4878 3820 4949 ὑπάρξαι

2209 4965 2622 5038 ἀπαράδεκτον,
2687 4967 2781 5018 καὶ
2827 4966 2952 5019 νοῦν
3004 4965 3062 5019 δὲ
3111 4968 3249 5038 πρὸς
3315 4968 3414 5032 τὰς
3473 4973 3820 5040 μιαιφονίας

2205 5060 2369 5130 μόνον
2411 5058 2716 5132 ὀξύρροπον
2768 5058 2962 5128 ἔχοντα
3010 5061 3396 5132 φιλάνθρωπον
3447 5063 3618 5132 μηδὲν
3661 5066 3825 5134 μηδὲ

2202 5153 2409 5221 μερον
2435 5153 2574 5222 μήτε
2599 5153 2792 5216 μαθεῖν
2817 5151 3073 5221 ἐθελῆσαι
3101 5156 3241 5226 μήτε
3266 5153 3429 5222 φῦναι
3457 5156 3827 5226 ἐπιτήδειον.

2217 5242 2379 5294 Ἀλλὰ
2421 5244 2598 5295 πάντα
2631 5244 2732 5311 μὲν
2768 5238 2839 5313 ἦν
2881 5237 3038 5308 οὗτος
3066 5245 3357 5312 κάκιστος,
3384 5249 3433 5299 εί
3476 5249 3572 5301 καὶ
3599 5249 3831 5319 χρόνος

2205 5333 2353 5403 αὑτῷ
2397 5335 2556 5404 κόρον
2588 5334 2772 5386 λαϐεῖν
2809 5335 2919 5387 τῶν
2955 5337 3234 5404 ἐμφυλίων
3277 5338 3530 5408 αἱμάτων
3567 5341 3674 5392 καὶ
3713 5341 3832 5407 τῆς

2209 5425 2523 5492 μιαιφονίας
2554 5424 2872 5490 ὑπεξέλυεν,
2903 5427 2997 5478 ἐπὶ
3022 5427 3081 5480 δὲ
3103 5431 3166 5498 τῇ
3196 5428 3519 5500 φιλαδελφία
3545 5429 3611 5483 τό
3643 5431 3833 5501 πρῶ-

2206 5529 2298 5567 τον
2347 5515 2654 5584 ἠνέγκατοο
2710 5516 2810 5584 τὴν
2867 5515 2976 5587 γάρ
3038 5519 3212 5589 ἀρχὴν
3260 5522 3378 5582 τοῖς
3426 5519 3519 5573 τοῦ
3559 5521 3836 5591 ἀδελφνῶ

2207 5605 2395 5665 παισὶν
2449 5606 2859 5678 ἀνεπηρέαστον
2912 5611 3340 5679 συντηρῶν,ἐπὶ
3391 5610 3658 5666 τοσοῦτον
3714 5613 3840 5683 τῆς

1804 5702 2041 5770 VARIJE
2077 5714 2458 5774 LECTIONES

627 5809 667 5840 ³³
689 5809 907 5879 ἐρευθές
931 5829 991 5874 ς.

1094 5813 1134 5841 ¹²
1159 5810 1406 5866 ἐπιϐάλοι
1438 5809 1504 5866 ll.
1545 5809 1853 5882 Stephanus
1887 5829 1902 5866 :
1936 5812 2062 5868 libri
2085 5814 2416 5870 ἐπιϐάλοιεν.

2500 5816 2542 5847 ³³
2572 5815 2749 5871 ἐλευθ.
2784 5817 2939 5872 ἄλλον
2970 5817 3132 5871 ἄλλου
3157 5835 3216 5883 ς.
