3972 6248
290 295 392 360 881

1325 303 1857 366 BIBLIOTHECA.
1895 329 1966 343 --
1989 307 2148 368 COD.
2193 309 2492 372 CCXXIV.

3450 317 3575 378 882'

286 418 473 476 αὐτῶν
523 417 854 496 κηδεμρνίας
898 420 1057 491 λόγον
1079 421 1122 453 *δ
1155 419 1397 486 ἐτίθετο,
1427 421 1505 486 ώς
1536 423 1630 475 καὶ
1658 426 1857 491 γυναικ

1981 421 2249 494 coniugali
2281 425 2490 490 uxoris,
2515 440 2676 496 quam
2706 426 2866 482 unice
2893 425 3129 491 amabat,
3162 425 3554 481 consuetudine

289 511 468 568 συνὼν
491 554 508 579 ,
563 513 659 566 καὶ
685 491 806 566 τότε
843 513 968 567 λίαν
1009 513 1384 586 στεργομένη,
1425 513 1501 584 μὴ
1545 514 1874 586 ἀνασχέσθαι

286 605 712 674 παιδοποιῆσαι,
751 604 890 660 ἀλλὰ
946 609 1164 677 μηχανῇ
1211 605 1363 680 πάσῃ
1405 605 1573 676 γονῆς
1615 606 1873 679 στέρησιν

287 695 470 767 ἐαυτῷ
521 696 776 764 δικάσαι,
835 697 915 760 ὡς
961 697 1029 752 ἂν
1089 698 1216 769 μηδ’
1251 699 1388 762 ὅλως
1447 698 1704 753 ύπολίποι
1751 699 1875 753 τινὰ

286 787 655 860 ἐφεδρεύοντα
686 791 802 854 τοίς
830 790 927 843 τοῦ
961 790 1196 861 ἀδελφοῦ
1221 792 1431 848 παισίν.
1459 788 1630 859 Οὗτος
1654 792 1736 846 ἐτι
1762 790 1874 858 ζῶν

286 883 383 934 καὶ
407 883 558 953 γήρᾳ
587 881 957 953 βαρυνόμενος
982 884 1236 956 Τιμοθέῳ
1261 883 1340 955 τῷ
1374 885 1734 958 πρεσϐυτέρῳ
1762 885 1873 940 τῶν

286 972 498 1027 παίδων
521 973 620 1027 τοῦ
652 973 888 1042 ἀδελφοῦ
919 976 1216 1048 ἐγχειρίζει
1248 978 1350 1048 τὴν
1383 977 1579 1049 ἀρχὴν,
1611 978 1709 1032 καὶ⁹
1735 977 1875 1049 μετά

286 1067 484 1137 χρόνον
533 1067 595 1120 ού
651 1068 820 1121 πολὺν
863 1069 1074 1140 ἀνιάτῳ
1121 1070 1285 1125 πάθει
1349 1071 1446 1126 καὶ
1498 1072 1871 1143 χαλεπωτάτῳ

287 1159 613 1228 συσχεθεὶς,
651 1190 721 1204 -
763 1162 1093 1233 καρκίνωμα
1121 1163 1230 1235 γὰρ
1263 1164 1466 1236 μεταξὺ
1512 1165 1782 1236 βουϐῶνός
1811 1184 1873 1220 τε

285 1251 384 1304 καὶ
419 1251 617 1322 ὀσχέου
659 1253 904 1324 ὑποφυέν
933 1254 1032 1325 τὴν
1077 1255 1249 1327 νομὴν
1285 1257 1421 1328 πρὸς
1473 1257 1542 1311 τὰ
1587 1256 1734 1313 ἔνδον
1776 1261 1876 1314 ἐπ-

284 1343 462 1397 εδίδου
500 1345 845 1417 πικρότερον,
876 1347 1004 1419 [708
1037 1347 1128 1420 R.]
1159 1348 1218 1415 ἐξ
1237 1342 1300 1403 οὗ
1337 1349 1533 1420 ἰχῶρες
1551 1350 1871 1421 ἀναστομω-

271 1427 479 1507 ’θείσης
529 1435 632 1508 τῆς
689 1439 891 1508 σαρκὸς
947 1438 1204 1511 ἐξέῤῥεον
1254 1440 1396 1512 βαρὺ
1448 1440 1544 1495 καὶ
1591 1441 1872 1496 δύσοιστον

282 1531 571 1595 πνέουσαι,
617 1532 693 1596 ὡς
728 1532 927 1604 μηκέτι
969 1535 1108 1605 μήτε
1141 1534 1202 1589 τὸ
1251 1521 1698 1606 ὑπηρετούμενον
1731 1535 1871 1606 μήτε

281 1625 412 1688 τοὺς
442 1625 665 1697 ἰατροὺς
689 1625 750 1680 τὸ
776 1627 875 1699 τῆς
895 1627 1188 1697 σηπεδόνος
1219 1628 1433 1697 στέγειν
1455 1629 1499 1660 ⁸⁵
1521 1627 1756 1692 δυσῶδες
1775 1629 1871 1682 καὶ

281 1717 683 1774 ἀνυπόστατον.
724 1719 834 1773 Καὶ
887 1724 1132 1791 συνεχεῖς
1161 1719 1289 1793 [567
1323 1721 1417 1793 Η.]
1459 1720 1517 1775 δὲ
1546 1720 1730 1775 ὀδύναι
1774 1721 1868 1775 καὶ

262 1810 531 1881 ’δριμεῖαι
573 1812 695 1866 ὅλον
736 1813 801 1866 τὸ
843 1813 1006 1884 σῶμα
1056 1815 1397 1876 κατέτεινον,
1445 1811 1537 1884 ὑφ’
1579 1805 1656 1868 ὧν
1687 1815 1863 1884 ἀγρυ-

279 1902 474 1968 πνίαις
503 1921 565 1958 τε
609 1904 708 1958 καὶ
734 1907 1008 1976 σπασμοῖς
1038 1905 1302 1972 ἐξεδίδοτο
1323 1945 1340 1969 ,
1374 1903 1481 1970 ἐως
1531 1905 1864 1977 προκύψασα

280 1990 482 2061 μέχρις
525 1992 708 2046 αὐτῶν
741 1993 855 2047 τῶν
893 1994 1218 2064 σπλάγχνων
1266 1993 1363 2048 τοῦ
1397 1996 1609 2060 πάθους
1635 1996 1670 2067 ἡ
1721 1995 1862 2067 νομὴ

273 2081 373 2135 τοῦ
405 2082 536 2153 βίου
581 2083 919 2156 ἀπέρρηξεν.
965 2085 1165 2140 Ἔδίδου
1215 2086 1314 2158 μέν
1347 2087 1444 2140 καὶ
1471 2081 1649 2152 οὗτος,
1673 2086 1863 2158 ῶσπερ

272 2172 372 2224 καὶ
418 2173 738 2244 Κλέαρχος,
780 2175 1050 2231 τελευτῶν
1089 2177 1204 2239 τοῖς
1231 2176 1433 2247 ὁρῶσιν
1463 2177 1666 2230 ἐννοεῖν
1704 2177 1862 2242 δίκας

271 2263 629 2318 ἀπαιτεῖσθαι
661 2257 738 2319 ὧν
765 2265 936 2337 ὠμῶς
980 2285 1041 2322 τε
1070 2268 1165 2322 καὶ
1218 2269 1557 2340 παρανόμως
1590 2270 1718 2334 τοὺς
1757 2287 1859 2323 πο-

267 2353 428 2418 λίτας
480 2355 766 2410 διέθεσαν·
805 2357 1066 2422 πολλάκις
1121 2361 1232 2433 γάρ
1279 2361 1446 2416 αὐτόν
1493 2379 1658 2430 φασιν
1695 2362 1754 2414 ἐν
1788 2365 1856 2435 τῇ

269 2446 418 2516 νόσῳ
462 2447 556 2499 τὸν
598 2447 829 2502 θάνατον
861 2449 1111 2504 ἐπελθεῖν
1147 2449 1300 2522 αὐτῷ
1339 2453 1743 2523 κατευχόμενον
1783 2453 1858 2524 μὴ

268 2542 507 2619 τυχεῖν,
537 2539 674 2595 ἀλλά
707 2545 930 2612 συχναῖς
958 2545 1197 2614 ἡμέραις
1223 2548 1288 2617 τῇ
1317 2548 1494 2618 πικρᾷ
1533 2551 1628 2600 καὶ
1663 2546 1859 2620 βαρείᾳ

271 2632 816 2703 καταδαπανώμενον
854 2635 998 2708 νόσῳ
1039 2637 1214 2702 οὕτως
1251 2641 1509 2694 ἀποτῖσαι
1553 2639 1614 2693 τὸ
1656 2639 1855 2710 χρεὼν,

269 2722 364 2794 ἐτη
412 2724 514 2793 μέν
547 2723 823 2793 βιώσαντα
853 2729 1017 2782 πέντε
1046 2730 1140 2783 καὶ
1168 2730 1454 2802 ἐξήκοντα,
1486 2724 1562 2786 ὧν
1591 2733 1624 2802 ἡ
1651 2748 1856 2802 τυραν-

266 2817 354 2878 νὶς
379 2813 531 2886 εἶχεν
556 2816 621 2881 ζ’.
659 2817 985 2892 Ἀγησίλαος
1013 2821 1071 2875 δέ
1092 2823 1394 2895 τηνικαῦτα
1413 2824 1858 2897 Λακεδαιμονίων

267 2906 590 2965 ἐϐασίλευεν
616 2910 682 2965 ι’.

265 3099 398 3155 CAP.
433 3101 526 3158 IV.
551 3131 621 3142 -
649 3100 950 3158 Timotheus
987 3105 1124 3170 (ilius
1156 3105 1432 3169 Clearchi,
1467 3109 1705 3174 princeps
1734 3106 1857 3162 711.

1980 525 2244 580 uteretur,
2276 515 2479 572 liberos
2511 524 2694 572 tamen
2725 532 2794 573 ex
2824 532 2889 572 ea
2920 531 3208 587 procreare
3237 516 3430 578 nollet.
3457 517 3554 572 sed

1975 607 2123 662 omni
2161 617 2280 664 arte
2324 609 2466 665 hanc
2495 610 2751 666 orbitatis
2791 619 2848 665 et
2895 626 3001 665 non
3045 609 3324 682 gignenda:
3353 608 3554 666 sobolis

1975 716 2074 757 ceu
2120 718 2333 773 poenam
2380 702 2485 759 sibi
2521 703 2824 773 irrogaret:
2860 717 2927 757 ne
2969 716 3128 770 quem
3159 703 3380 756 omnino
3419 699 3553 756 insi-

1973 793 2240 851 diatorem
2269 794 2456 850 fratris
2481 794 2608 849 ﬁliis
2625 793 2980 863 relinqueret.
3021 789 3318 861 Superstes
3352 791 3552 856 adhuc,

1973 886 2070 943 sed
2103 887 2258 943 senio
2301 895 2582 958 gravatus,
2629 884 2937 953 Timotheo,
2971 882 3063 954 qui
3105 883 3174 938 de
3203 881 3332 939 (iliis
3365 882 3565 938 fratris-

1971 986 2133 1033 aatate
2162 977 2464 1048 praecessit,
2502 992 2682 1032 rerum
2724 991 2995 1032 summam
3053 975 3236 1041 tradit,
3259 989 3360 1030 nec
3385 973 3556 1028 multo

1971 1078 2219 1142 tempore
2273 1078 2397 1138 post
2435 1067 2755 1125 difficillimo
2789 1067 3085 1136 corripitur
3117 1065 3308 1121 morbo
3353 1075 3409 1121 et
3454 1065 3555 1120 im-

1974 1160 2305 1216 medicabili.
2348 1159 2567 1217 Cancer
2600 1159 2745 1213 enim
2783 1157 2926 1212 inter
2956 1158 3169 1226 iuguem
3210 1169 3266 1212 et
3312 1165 3551 1212 scrotum

1975 1259 2167 1305 enatus
2205 1250 2274 1304 ad
2303 1249 2560 1304 interiora
2590 1248 2861 1318 pascendo
2889 1247 3117 1302 subinde
3154 1246 3402 1302 acerbius
3429 1260 3554 1316 pro-

1975 1343 2272 1412 serpebat:
2302 1357 2368 1398 ex
2396 1358 2526 1412 quo,
2577 1355 2739 1395 carne
2788 1339 2993 1405 laxata,
3035 1339 3237 1405 sanies,
3294 1339 3551 1409 gravissi-

1975 1447 2095 1487 mos
2127 1443 2183 1488 et
2219 1432 2589 1488 intolerabiles
2637 1432 2924 1501 exspirans
2963 1431 3182 1496 odores,
3226 1429 3550 1500 profluebat,

1973 1534 2032 1579 ut
2063 1539 2166 1581 nec
2198 1523 2433 1580 ministri
2475 1539 2574 1579 nec
2608 1523 2802 1579 medici
2841 1522 3326 1578 virulentissimum
3361 1531 3550 1594 putre-

1974 1616 2122 1672 diuis
2147 1617 2377 1672 fetorem
2423 1616 2762 1672 sustinerent
2791 1630 2855 1670 ac
2895 1613 3230 1684 perferrent.
3256 1613 3553 1669 Continen-

1975 1716 2058 1763 tes
2097 1717 2280 1762 autem
2319 1717 2373 1762 et
2425 1705 2677 1760 acerrimi
2721 1705 2936 1760 dolores
2981 1714 3151 1761 totum
3199 1705 3317 1775 ejus
3355 1721 3553 1774 corpus

1970 1800 2432 1857 excarnificabant
2461 1819 2476 1855 :
2510 1815 2745 1869 quorum
2794 1797 2994 1869 vigiliis
3026 1808 3081 1854 et
3110 1797 3552 1854 convulsionibus

1969 1907 2209 1964 eousque
2239 1891 2366 1948 mali
2399 1891 2650 1963 contagio
2679 1891 3104 1963 adaugescebat,
3136 1891 3308 1946 donec
3341 1890 3410 1946 ad
3437 1891 3549 1960 ipsa

1969 1984 2180 2040 viscera
2209 1998 2269 2040 se
2309 1983 2610 2048 insinuans,
2638 1982 2808 2038 vitam
2841 1990 3073 2052 tyranno
3112 1983 3353 2052 abrupit.
3403 1981 3550 2048 Qua-

1970 2089 2030 2130 re
2059 2075 2170 2140 itic,
2203 2090 2310 2129 uon
2338 2073 2518 2130 minus
2558 2087 2722 2144 quam
2747 2072 3068 2138 Clearchus,
3107 2075 3549 2128 animadverten-

1969 2169 2116 2224 tibus
2143 2166 2604 2223 considerandum
2635 2165 2909 2231 exhibuit,
2941 2181 3132 2236 pinnas
3157 2165 3377 2221 tandem
3406 2165 3546 2236 exigi

1969 2260 2184 2315 illorum
2213 2271 2334 2328 quin
2361 2267 2552 2315 contra
2583 2258 2764 2315 divina
2787 2267 2845 2314 et
2876 2259 3114 2314 humana
3138 2257 3263 2327 jura
3292 2257 3550 2312 immani»

1968 2361 2052 2406 ter
2089 2352 2142 2406 iu
2181 2353 2333 2409 cives
2374 2351 2748 2408 admisissent.
2791 2353 2947 2420 Saepe
2976 2351 3122 2408 enim
3182 2351 3377 2422 2230
3407 2353 3549 2408 inter

1967 2443 2148 2499 morbi
2199 2454 2443 2500 torturas
2481 2453 2738 2513 precatus
2776 2445 2996 2510 dicitur,
3050 2455 3108 2500 ut
3143 2443 3545 2516 quamprimum

1961 2552 2022 2592 se
2054 2551 2200 2592 mors
2227 2536 2506 2602 obrueret,
2534 2535 2647 2590 voti
2683 2544 2868 2591 tamen
2905 2551 3131 2605 compos
3170 2551 3278 2591 nou
3311 2545 3436 2591 ante
3461 2534 3545 2590 fa-

1957 2637 2098 2694 ctus,
2142 2643 2305 2699 quam
2338 2628 2512 2683 morbi
2545 2627 2597 2683 vi
2635 2637 2692 2683 et
2722 2628 3026 2682 acerbitate
3071 2635 3451 2698 consumptus,
3481 2640 3545 2680 eo

1960 2722 2118 2775 modo
2151 2721 2274 2775 fatis
2310 2719 2554 2776 debitum
2579 2719 2814 2775 exsolvit
2841 2737 2858 2773 :
2885 2729 3174 2789 postquam
3201 2719 3272 2774 65
3309 2719 3365 2773 in
3403 2718 3540 2782 vita,

1958 2813 2011 2867 in
2036 2811 2321 2883 tyrannide
2357 2811 2587 2868 7annos
2636 2811 3028 2881 compleverat.
3075 2809 3169 2865 'Et
3221 2818 3544 2879 tempestate

1957 2903 2053 2958 illa
2089 2917 2322 2973 regnum
2360 2903 2502 2974 apud
2554 2902 2994 2960 Lacedaemonios
3039 2903 3331 2974 Agesilaus
3367 2903 3542 2956 admi-

1964 2996 2254 3050 nistraliat.

1965 3105 2102 3182 Ejus
2141 3109 2328 3182 merita
2353 3110 2407 3162 in
2441 3111 2694 3182 rempubl.
2727 3120 2778 3166 et
2815 3114 3073 3179 privatos.
3140 3113 3276 3182 Ejus
3333 3109 3545 3166 heroico

836 3177 894 3228 in
923 3176 1070 3230 bellis
1099 3177 1284 3230 uirtus.
1319 3174 1466 3230 Mors
1497 3178 1807 3232 immatura.
1845 3174 2072 3231 11mm
2109 3179 2156 3231 ei
2189 3197 2220 3231 a
2246 3178 2419 3240 fratre
2449 3174 2619 3234 honos
2648 3191 2764 3247 post
2795 3174 3037 3238 mortem.

350 3269 417 3338 ‘0"
444 3285 501 3338 δέ
535 3285 802 3356 Τιμόθεος
831 3286 1168 3358 παραλαϐὼν
1209 3288 1308 3358 τὴν
1343 3290 1518 3361 ἀρχὴν
1554 3289 1699 3344 οὕτω
1723 3290 1856 3344 ταύ-

2030 3287 2545 3361 Timotheusigitur,
2577 3293 2864 3362 imperium
2887 3295 3134 3364 adeptus,
3162 3296 3237 3350 ita
3255 3297 3324 3352 ad
3353 3299 3542 3354 mode-

272 3392 369 3446 την
402 3378 498 3429 ἐπὶ
519 3378 580 3429 τὸ
607 3379 912 3450 πραότερον
941 3382 1037 3434 καὶ
1059 3381 1615 3454 δημοκρατικώτερον
1639 3385 1682 3415 ¹⁷
1712 3401 1847 3454 μετ-

266 3466 640 3538 ses-sema,
693 3469 768 3536 ὡς
807 3472 1005 3542 μηκέτι
1054 3472 1340 3543 τύραννον,
1381 3474 1498 3527 ἀλλ’
1554 3475 1853 3546 εὐεργέτην

267 3558 456 3624 αὐτὸν,
480 3554 562 3620 οἷς
595 3561 856 3628 ἔπραττε,
887 3562 982 3615 καὶ
1014 3563 1238 3634 σωτῆρα
1266 3564 1648 3636 ὀνομάζεσθαι.
1683 3568 1765 3620 Τά
1793 3584 1853 3619 τε

268 3650 380 3719 γὰρ
433 3649 572 3719 χρέα
605 3655 717 3714 τοῖς
774 3651 1084 3718 δανεισταῖς
1123 3658 1256 3726 παρ’
1306 3656 1500 3710 ἐαυτοῦ
1532 3656 1852 3720 διελύσατο,

269 3744 370 3794 καὶ
410 3744 523 3804 τοῖς
547 3743 814 3814 χρῄζουσι
847 3743 985 3816 πρὸς
1015 3747 1114 3811 τὰς
1145 3748 1416 3820 ἐμπορίας
1442 3749 1538 3803 καὶ
1565 3749 1659 3802 τὸν
1694 3749 1852 3803 ἀλλον

270 3833 388 3902 βίον
419 3835 595 3888 τόκων
625 3835 753 3888 ἄνευ
788 3838 1088 3907 ἐπήρκεσε,
1121 3841 1214 3892 καὶ
1239 3839 1349 3892 τῶν
1374 3840 1768 3912 δεσμωτηρίων
1790 3841 1850 3893 οὐ

264 3927 394 3989 τοὺς
417 3926 747 3992 ἀνευθύνους
785 3929 945 4000 μόνον
964 3970 977 3992 ,
1012 3929 1152 3983 ἀλλά
1182 3932 1278 3984 καὶ
1305 3933 1431 3996 τοὺς
1461 3932 1520 3985 ἐν
1548 3933 1751 3994 αἰτίαις
1775 3933 1853 3985 δι-

264 4019 445 4086 ηφίει,
471 4022 567 4072 καὶ
583 4020 843 4090 δικαστὴς
876 4022 1112 4094 ἀκριϐὴς
1144 4019 1212 4094 ἦν
1244 4023 1380 4094 όμοῦ
1418 4025 1514 4077 καὶ
1545 4023 1852 4095 φιλάνθρω-

268 4128 391 4173 πος,
430 4112 527 4163 καὶ
569 4114 638 4165 τὰ
693 4112 828 4167 ἄλλα
878 4116 1116 4184 χρηστὸς
1151 4115 1245 4169 καὶ
1278 4115 1375 4179 τὰς
1421 4115 1710 4180 ὑποθέσεις
1751 4117 1852 4170 οὐκ

267 4203 691 4273 ἀπιστούμενος.
730 4205 848 4275 Ἐφ’
875 4206 918 4238 ’⁸
949 4201 1030 4272 οἷς
1066 4208 1280 4262 καὶτὸν
1312 4209 1543 4277 ἀδελφὸν
1572 4208 1852 4262 Διονύσιον

260 4293 333 4344 τά
361 4310 421 4344 τε
471 4293 610 4346 ἄλλα
647 4295 930 4366 πατρικῶς
976 4298 1266 4368 περιεῖπε,
1318 4300 1410 4352 καὶ
1449 4298 1708 4353 κοινωνὸν
1751 4298 1851 4368 μὲν

259 4380 408 4452 εἶχεν
438 4383 638 4436 αὐτίκα
681 4384 782 4454 τῆς
823 4385 1019 4457 ἀρχῆς,
1053 4388 1329 4457 ἐχομένως
1361 4387 1418 4440 δὲ
1461 4389 1555 4441 καὶ
1581 4387 1847 4459 διάδοχον.

260 4475 339 4527 Οὐ
373 4476 482 4545 μὴν
515 4475 650 4528 ἀλλά
679 4477 790 4548 γὰρ
812 4478 906 4530 καὶ
941 4475 1081 4549 πρὸς
1109 4477 1209 4542 τὰς
1240 4478 1545 4549 πολεμικὰς
1573 4477 1682 4532 τῶν
1706 4479 1850 4550 πρά-

258 4565 397 4632 ξεων
435 4566 702 4636 ἀνδρείως
739 4570 991 4640 ἐφέρετο,
1031 4570 1391 4641 μεγαλόφρων
1419 4571 1476 4624 δέ
1506 4567 1576 4642 ἦν
1598 4573 1691 4624 καὶ
1723 4589 1848 4640 γεν-

1959 3380 2243 3444 rationem,
2269 3390 2322 3434 et
2344 3396 2505 3450 quam
2523 3384 2698 3450 putuit
2720 3383 2958 3437 maxime
2979 3385 3293 3452 popularem
3315 3395 3538 3450 statum,

1960 3471 2088 3524 illud
2115 3471 2352 3538 reduxit,
2380 3481 2440 3524 ut
2470 3488 2574 3526 nou
2609 3473 2750 3528 ultra
2779 3484 3064 3542 tyrannus,
3101 3477 3194 3530 sed
3224 3475 3540 3532 benefactor

1955 3573 2006 3617 el
2033 3574 2280 3617 servator
2312 3563 2382 3618 ob
2409 3564 2670 3634 praeclare
2702 3570 2892 3620 merita
2933 3575 3355 3638 nuncuparetur.
3403 3569 3536 3624 Nam

1956 3652 2023 3706 de
2053 3667 2152 3707 suo
2175 3651 2392 3706 nomina
2416 3653 2783 3708 creditoribus
2805 3656 3100 3724 expedivit,
3122 3666 3176 3711 et
3197 3657 3376 3726 inopia
3399 3657 3521 3712 labo

1956 3745 2204 3799 rantibus
2237 3745 2355 3800 siue
2383 3743 2598 3809 fenore,
2629 3747 2696 3800 ad
2719 3748 3113 3818 negotiationes
3147 3760 3203 3803 et
3244 3749 3382 3805 alios
3413 3752 3537 3805 vita:

1956 3852 2109 3902 usus,
2135 3838 2396 3905 pecunias
2417 3841 2802 3910 suppeditavit:
2843 3857 2943 3896 nec
2971 3843 3130 3897 modo
3159 3843 3425 3908 insontes,
3446 3847 3537 3900 sed

1955 3929 2166 3983 etveris
2206 3929 2532 3984 criminibus
2565 3931 2832 3985 obnoxios
2849 3932 3161 3987 carceribus
3180 3933 3426 3988 exsolvit.
3445 3934 3537 3988 Ju-

1954 4017 2058 4072 dex
2089 4017 2307 4086 quidem
2338 4027 2624 4074 accuratus
2644 4028 2700 4074 et
2734 4034 2974 4084 severus,
3011 4023 3308 4092 caateroqui
3357 4033 3535 4080 tamen

1955 4107 2222 4164 humanus
2243 4118 2299 4164 et
2328 4110 2615 4180 benignus.
2649 4109 2705 4164 in
2753 4111 2913 4166 rebus
2961 4112 3087 4168 fidei
3118 4128 3232 4169 suae
3253 4117 3540 4172 credendis

1955 4201 2181 4257 minime
2209 4211 2512 4271 suspectus.
2531 4203 2738 4259 Idcirco
2760 4213 2814 4259 et
2843 4204 3070 4261 fratrem
3087 4207 3397 4280 Dionysium
3414 4225 3538 4266 cum

1955 4293 2008 4348 iu
2033 4295 2398 4365 aliispaterno
2435 4311 2621 4352 amore
2655 4306 2708 4352 ct
2749 4299 2930 4354 studio
2951 4300 3268 4369 complexus
3284 4311 3390 4368 est,
3425 4311 3537 4356 tum

1953 4385 2138 4440 statim
2181 4387 2418 4456 imperii.
2446 4398 2753 4444 consortem
2797 4390 3012 4456 ascivit,
3067 4399 3121 4445 et
3161 4408 3534 4448 successorem

1954 4475 2056 4530 sibi
2082 4476 2394 4532 destinavit.
2429 4476 2535 4532 Sed
2563 4480 2844 4534 enimvero
2876 4479 2943 4533 ad
2973 4495 3062 4534 res
3094 4481 3318 4537 bellicas
3345 4483 3532 4549 alacri,

1953 4576 2008 4621 et
2041 4568 2132 4636 qui
2175 4569 2350 4622 virum
2384 4568 2563 4632 decet,
2601 4570 2787 4623 animo
2823 4569 3125 4626 ferebatur.
3163 4570 3360 4642 Magno
3389 4573 3533 4629 enim

255 4662 411 4722 ναῖος
469 4660 632 4733 σῶμα
687 4635 794 4716 καὶ*
830 4635 1046 4734 ψυχὴν,
1087 4635 1224 4716 ἀλλά
1253 4635 1371 4717 ’καὶ
1421 4635 1556 4734 πρὸξ
1604 4665 1706 4728 τὰς
1735 4635 1847 4734 ’τῆς

1961 4657 2172 4726 spiritu,
2210 4667 2265 4712 et
2309 4674 2578 4728 generoso
2616 4661 2864 4730 corporis
2893 4671 2947 4716 et
2983 4663 3148 4716 animi
3184 4665 3379 4718 robore
3419 4674 3538 4718 erat

257 4751 445 4822 μάχης
499 4751 780 4816 διαλύσεις
838 4753 1140 4823 εὐγνώμων
1191 4771 1252 4806 τε
1301 4754 1398 4807 καὶ
1457 4755 1559 4806 οὐκ
1607 4755 1844 4825 ἄχαρις,

256 4844 570 4912 πράγματα
599 4843 700 4912 μὲν
732 4843 964 4897 συνιδεῖν
989 4843 1196 4908 ἱκανὸς,
1228 4843 1586 4908 ἐξικέσθαιδέ
1613 4845 1748 4914 πρὸς
1780 4842 1848 4896 τὰ

257 4935 658 5003 συνεωραμένα
690 4933 1041 5004 δραστήριος,
1073 4935 1374 5006 οἰκτίρμων
1401 4952 1462 4987 τε
1489 4934 1555 4987 τὸ
1580 4929 1713 5004 ἦθος
1753 4936 1846 4986 καὶ

254 5023 531 5093 χρηστὸς,
557 5025 651 5076 καὶ
676 5027 742 5095 τῇ
777 5025 876 5096 μέν
913 5025 1174 5098 εὐτολμία
1206 5025 1398 5090 δεινῶς
1426 5015 1703 5095 ἀπότομος
1725 5064 1742 5090 ,
1776 5026 1847 5097 τῇ

251 5114 312 5166 δέ
363 5115 680 5188 μετριότητι
735 5117 1124 5190 φιλάνθρωπός
1174 5137 1237 5172 τε
1283 5121 1378 5173 καὶ
1425 5119 1708 5190 μειλίχιος.
1753 5120 1845 5173 Διὸ

255 5206 466 5275 σφόδρα
517 5207 616 5276 μὲν
652 5211 860 5279 περιὼν
896 5212 1012 5274 τοῖς
1041 5211 1322 5281 πολεμίοις
1357 5212 1588 5282 φοϐερὸς
1627 5208 1718 5284 ἦν,
1750 5213 1846 5267 καὶ

252 5298 463 5361 πάντες
512 5298 676 5352 αὐτὸν
724 5302 1122 5374 κατωρρώδουν
1169 5303 1392 5358 ἐπειδὰν
1445 5306 1842 5376 ἀπεχθάνοιτο,

252 5390 368 5450 τοῖς
388 5387 434 5439 δ’
474 5387 801 5460 ἀρχομένοις
832 5391 1035 5460 γλυκύς
1061 5409 1122 5445 τε
1149 5393 1244 5446 καὶ
1271 5394 1503 5464 ἥμερος.
1533 5393 1726 5448 Ἔνθεν
1747 5395 1844 5448 καὶ

250 5477 526 5532 τελευτῶν
571 5481 740 5534 πόθον
782 5482 948 5537 αὑτοῦ
986 5483 1249 5538 κατέλιπε
1278 5486 1470 5552 πολὺν,
1501 5484 1594 5539 καὶ
1640 5485 1837 5550 πένθος

251 5569 447 5640 ἦγειρε
489 5569 569 5641 τῷ
603 5570 756 5642 πόθῳ
801 5573 1112 5645 ἐνάμιλλον.
1157 5575 1216 5628 '0
1265 5575 1324 5628 δέ
1362 5576 1556 5630 τούτου
1608 5576 1837 5645 ἁδελφὸς

1947 4750 2226 4820 praeditus.
2278 4750 2416 4816 Quin
2465 4760 2521 4806 et
2547 4750 2614 4806 ad
2649 4753 3054 4810 controversias
3088 4755 3349 4809 bellorum
3395 4757 3531 4810 diri-

1947 4841 2172 4895 mendas
2193 4849 2247 4896 et
2277 4843 2681 4911 componendas
2713 4859 2927 4914 :equum
2965 4845 3277 4917 bonumque
3310 4863 3367 4901 se
3390 4862 3531 4916 pra:-

1945 4932 2126 4997 bebat,
2173 4946 2274 4987 nec
2324 4931 2621 4988 difﬁcilem.
2656 4934 2738 5006 Ad
2795 4937 3230 5006 perspiciendum
3273 4954 3360 4994 res
3412 4939 3531 4995 ido-

1947 5037 2103 5089 neus,
2148 5029 2205 5077 et
2248 5024 2315 5077 ad
2346 5026 2748 5094 exsequendum
2796 5027 2936 5082 bene
2982 5028 3356 5085 consideratas
3389 5040 3527 5084 stre-

1952 5131 2108 5170 riuus.
2152 5116 2373 5188 Ingenio
2424 5125 2478 5171 et
2528 5117 2772 5172 moribus
2820 5119 3084 5186 clemens,
3136 5121 3448 5176 misericors
3476 5134 3531 5177 et

1949 5210 2250 5266 beneficus.
2285 5206 2343 5263 In
2377 5207 2634 5279 periculis
2680 5210 2899 5279 quidem
2949 5214 3214 5268 adeundis
3240 5213 3394 5268 ferox
3426 5233 3440 5269 :
3476 5227 3532 5269 at

1954 5302 2008 5355 in
2039 5311 2240 5357 cetera
2289 5302 2398 5356 vita
2443 5316 2705 5372 perquam
2738 5303 3004 5360 humanus
3033 5315 3088 5361 et
3145 5307 3336 5362 comis.
3383 5305 3527 5371 Ideo,

1947 5393 2185 5461 quandiu
2215 5393 2363 5448 salva
2406 5393 2457 5448 ei
2487 5391 2596 5446 vita
2627 5395 2848 5458 mansit,
2887 5396 3131 5452 hostibus
3157 5414 3317 5468 quam
3351 5403 3522 5452 maxi-

1950 5499 2038 5538 me
2067 5483 2465 5539 formidabilem
2493 5485 2575 5553 (ut
2614 5497 2806 5539 omnes
2841 5487 3166 5555 quibuscum
3209 5489 3524 5545 inimicitias

1947 5585 2288 5644 susceperat,
2331 5590 2454 5630 eum
2483 5579 2960 5648 expavescerent),
2999 5579 3095 5635 sed
3138 5581 3352 5638 civibus
3397 5598 3527 5640 sua-

1543 5671 1782 5727 νΑιιιιΕ
1832 5671 2130 5728 LECTION
2141 5672 2242 5727 ES.

335 5758 528 5830 νικηθ.
570 5759 662 5814 τὸν
689 5761 846 5834 λόγον
876 5782 934 5829 ς.
1017 5767 1059 5800 ι’
1096 5765 1344 5838 στέργειν
1380 5784 1441 5831 ς.
1525 5767 1938 5840 ¹⁶ψέϐασίλινσεν
1963 5784 2023 5833 ς.
2103 5767 2144 5801 ¹⁷
2182 5765 2304 5822 libri
2335 5763 2907 5838 δημοκρατικώτατον.
2970 5767 3031 5845 τ¹⁸
3055 5769 3145 5841 ἐφ.
3181 5771 3223 5827 Α
3262 5791 3275 5833 ;
3305 5774 3364 5827 ἐν
3393 5790 3454 5838 ς.
