3972 6248
447 347 549 410 883

1503 355 1506 359 '
1609 330 1870 393 PIIOTII
1899 320 2429 392 PATRIARCHZEI
2461 325 2570 385 ΟΡ.

3591 311 3698 377 884

450 472 569 513 vcm
605 463 662 510 et
691 453 877 508 mitem
945 461 1068 504 sese
1116 441 1390 516 prazstitit.
1430 439 1571 494 Hinc
1615 439 1811 493 accidit
1849 444 1915 490 ut
1960 435 2059 496 ad,

2163 432 2405 494 ,ιονύσιος
2443 430 2590 484 καίει
2622 427 2722 500 μὲν
2749 426 2811 481 τὸ
2837 427 2997 499 σῶμα
3030 423 3362 488 πολυτελῶς,
3398 419 3615 475 σπένδει
3640 420 3699 475 se

449 550 574 604 vitae
611 547 815 602 exitum
851 549 1097 605 vocatus,
1130 537 1322 606 ingens
1349 533 1430 588 sui
1460 529 1787 587 desiderium
1815 529 2025 583 faceret

451 641 739 708 reliquum,
766 642 822 690 et
845 646 1038 703 parem.
1051 627 1322 684 desiderio
1342 625 1542 680 luctum
1570 621 1856 677 excitaret.
1886 619 2026 674 Ger-

452 746 643 791 manus
660 737 838 783 autem
857 723 972 794 ejus
988 723 1155 777 frater
1170 717 1461 790 Dionysius
1477 713 1779 786 magnificis
1795 712 2028 768 cadaver

451 821 762 890 sumptibus
795 831 929 888 rogo
976 813 1160 878 tradit,
1191 821 1247 866 et
1268 825 1300 866 e
1327 810 1440 866 suis
1475 806 1632 863 fratri
1656 803 1928 876 palpebris
1953 802 2028 857 la-

454 929 671 986 crymas
702 927 804 969 ceu
850 909 1030 964 libans
1057 903 1309 970 eﬂ‘undit,
1353 915 1494 972 eque
1532 897 1769 970 propriis
1803 894 2028 951 visceri-

453 1007 558 1064 bus
586 1006 634 1060 ei
657 1003 890 1076 gemitus
917 997 1200 1068 impendit.
1227 994 1407 1050 Ludos
1435 993 1600 1048 etiam
1631 997 1935 1060 equestres,
1973 993 2028 1041 et

454 1108 654 1172 praeter
695 1097 818 1160 hos,
870 1092 1152 1166 gymnicos
1185 1096 1242 1144 et
1273 1083 1597 1158 thymelicos
1634 1091 1691 1138 et
1735 1077 2026 1150 scenicos},

2127 522 2277 594 αὐτῷ
2329 521 2428 574 καὶ
2463 520 2533 575 τά
2575 517 2685 573 ἀπὸ
2729 517 3017 589 βλεφάρων
3055 515 3266 586 δάκρυα
3317 512 3549 572 καὶτὰς
3592 511 3702 565 ἀπὸ

2126 615 2236 669 τῶν
2286 612 2612 682 σπλάγχνων
2645 611 2892 683 οἰμωγὰς
2912 651 2929 676 ,
2978 609 3217 662 ἐπιτελεί
3255 605 3314 660 δέ
3353 605 3450 659 καὶ
3482 603 3705 674 ἀγῶνας

2122 707 2412 774 ἱππικοὺς,
2435 704 2534 775 οὐχ
2564 703 2825 766 ἱππικοὺς
2844 701 2902 755 δὲ
2924 699 3104 772 μόνον,
3122 697 3261 753 ἀλλά
3288 697 3384 751 καί¹
3411 695 3706 766 σκηνικοὺς

2122 801 2226 856 ’καὶ
2259 797 2586 870 θυμελικοὺς
2622 795 2716 850 καὶ
2749 792 3051 864 γυμνικοὺς
3071 830 3087 855 ,
3141 789 3270 853 τοὺς
3323 789 3422 859 μὲν
3465 785 3666 839 αὐτίκα
3689 824 3705 849 ,

2123 894 2259 957 ’τοὺς
2287 890 2345 946 δὲ
2365 886 2784 960 λαμπροτέρους
2802 887 2898 938 καὶ
2923 882 3174 954 ὕστερον.
3221 879 3384 933 Ἀλλὰ
3405 876 3582 932 ταῦτα
3609 875 3710 944 μὲν

2131 980 2167 1050 ἡ
2203 977 2247 1032 θ’
2299 975 2398 1030 καὶ
2436 980 2466 1028 ι’
2510 971 2604 1028 τοῦ
2633 972 2954 1042 Μέμνονος,
2998 969 3075 1033 ὡς
3113 970 3172 1022 ἐν
3205 966 3476 1038 ἐπιδρομῇ
3511 965 3709 1034 φάναι,

2133 1068 2427 1139 διαγράφει
2460 1063 2689 1136 ἱστορία.

870 1149 1008 1240 alios
1032 1191 1238 1254 postea,
1274 1149 1365 1252 qui
1407 1176 1899 1251 magnificentiores
1936 1149 2142 1234 essent,
2174 1166 2400 1238 peregit.
2429 1163 2554 1218 Haec
2583 1177 2636 1216 ιι
2664 1159 2794 1229 ειῖι
2823 1157 2967 1214 libro
3022 1155 3310 1226 (quatenus
3348 1150 3549 1208 cursim
3607 1149 3712 1204 ista

460 1279 900 1356 perstringimus)
921 1278 1148 1336 historia
1174 1274 1476 1334 Memnonis
1499 1272 1780 1331 describit.

460 1419 594 1476 Car.
625 1417 696 1474 ν.
728 1445 799 1457 —
834 1412 1121 1484 Dionysius
1186 1410 1426 1484 princeps
1483 1406 1566 1463 IV
1590 1448 1606 1472 ,
1667 1422 1760 1461 rex

533 1506 740 1544 uersam
770 1479 1038 1555 fortunam
1083 1479 1260 1555 studio
1294 1491 1342 1534 et
1386 1479 1498 1555 fato
1531 1485 1770 1555 superat.

541 1553 848 1613 trimonium
882 1553 1033 1623 ﬁlix,
1082 1568 1111 1606 e

536 1627 834 1696 diligentia.
882 1617 1176 1696 'Soc’ietas.’
1227 1620 1499 1696 Alligatus;
1552 1617 1800 1672 Summus

1165 1533 1399 1620 fortuna.
1425 1533 1708 1620 Amasiris.
1752 1545 1896 1620 Mira
1926 1536 2534 1620 _pi_ciss_itudo._lmpe_rii
2612 1533 3132 1620 ampiifcati‘ratiq.

1868 1615 2134 1683 felicitatis
2173 1605 2411 1683 gratius."
2440 1605 2684 1683 Ignavia:

1809 1402 2288 1528 {ortuuatissimus
2315 1396 2520 1467 imperii
2571 1394 2802 1466 augendi
2861 1392 3161 1472 occasiones
3198 1403 3302 1442 non
3333 1384 3572 1468 .negligit.
3605 1381 3721 1435 Ad-

1854 1489 2034 1528 aztmaa
2109 1473 2400 1526 ambitiosa:
2441 1481 2705 1521 excessus.
2773 1465 2899 1518 Arte
2938 1457 3540 1528 decimat_pertcuiun_t.
3604 1451 3720 1506 Ma-

1854 1451 2402 1531 Eriﬁiéma'hiiiiio'ué
2432 1451 2705 1521 demessis.
2773 1465 2899 1518 Arte
2938 1451 3540 1531 άεοίίηαε-ρενὶειὶίιιξιρ.
3604 1451 3720 1506 Ma-

3176 1521 3396 1582 Fatum.
3466 1521 3724 1577 Humana

2795 1618 2879 1657 ors
2912 1610 2962 1656 et
2999 1602 3191 1670 legata.
3259 1594 3486 1666 Benigni
3524 1607 3724 1663 cogno-

920 1669 1174 1746 *πτοίίῖιᾶ
1205 1669 1743 1745 ίέίὶιίίεῗάιιῆιεονέδ
1784 1669 2033 1755 ﬁliorum
2072 1669 2334 1751 Dionysii.
2373 1669 2636 1730 Amastris
2658 1673 2976 1745 Lysimacho
3005 1669 3193 1736 nupta.

537 1808 853 1880 Dionysius,
893 1801 1274 1875 gubernaculis
1309 1799 1523 1871 imperii
1558 1799 1823 1870 acceptis,
1857 1799 1910 1853 in
1952 1813 2042 1853 au-

2163 1804 2191 1863 i.-
2214 1791 2326 1864 Τὴν
2358 1789 2417 1844 δέ
2442 1787 2618 1861 ἀρχὴν
2638 1784 3024 1854 διαδεξάμενος
3048 1778 3324 1842 Διονύσιος
3353 1775 3557 1848 ηὔξησε
3590 1775 3728 1880 τρύ-

467 1902 646 1976 gendo
673 1913 740 1956 eo
769 1913 880 1954 non
911 1909 1103 1950 vanam
1147 1892 1437 1949 collocavit
1465 1904 1705 1960 operam.
1735 1889 2043 1944 Alexander

468 1991 640 2054 enim,
693 1986 876 2042 Persis
927 1985 997 2039 ad
1055 1981 1348 2038 Granicum
1405 1978 1732 2051 proﬂigatis,
1791 1993 2042 2036 securam

470 2075 836 2150 amplificandi
868 2074 1102 2130 ditiones
1145 2087 1272 2130 suas
1323 2073 1664 2129 occasionem
1715 2070 2048 2140 patefecerat

471 2175 581 2238 bis,
620 2172 711 2244 qui
761 2169 961 2226 vellent
987 2185 1002 2223 :
1034 2182 1178 2235 cum,
1209 2182 1332 2238 quae
1362 2169 1629 2223 hactenus
1657 2165 2047 2235 impedimento

471 2263 672 2330 fuerat,
701 2261 987 2317 Persarum
1016 2258 1255 2330 potentia
1277 2257 1721 2314 labefactaretur.
1746 2256 2048 2327 Sedivarias

476 2356 736 2424 deinceps
766 2353 997 2412 fortunae
1041 2351 1189 2407 vices
1227 2357 1486 2419 expertus
1515 2357 1618 2417 est,
1656 2348 1892 2404 maxime
1919 2364 2047 2405 cum

473 2447 750 2503 Heracleae
796 2445 995 2518 225a
1051 2443 1267 2499 exsules
1313 2442 1657 2499 missitandis
1703 2442 1770 2496 ad
1817 2441 2049 2496 Alexan-

474 2541 632 2596 drum
667 2539 882 2608 legatis,
908 2539 1019 2607 jam
1065 2537 1207 2592 haud
1233 2536 1394 2592 dubie
1417 2535 1549 2591 Asia
1579 2534 1836 2605 potitum,
1866 2533 1936 2590 de
1961 2549 2049 2590 re-

476 2631 594 2687 ditu
639 2638 696 2686 et
723 2630 899 2702 patria
938 2627 1253 2699 reipublicae
1289 2626 1766 2681 administratione
1791 2625 2052 2681 sollicita-

477 2731 620 2778 rent.
673 2721 854 2788 Quare
908 2733 1016 2776 non
1074 2718 1304 2774 multant
1363 2716 1538 2773 abfuit
1581 2718 1711 2786 quin
1760 2716 2055 2772 excidisset

479 2811 735 2883 imperio.
766 2810 835 2866 Et
864 2809 1154 2866 excidisset
1182 2824 1339 2874 sane,
1371 2808 1475 2862 nisi
1500 2808 1784 2875 prudentia
1811 2816 1869 2864 et
1897 2822 2054 2878 saga-

480 2903 648 2956 citate
677 2901 898 2966 mentis,
932 2908 986 2954 et
1013 2900 1206 2955 studiis
1247 2900 1470 2963 civium,
1503 2910 1558 2953 et
1586 2899 1703 2954 suis
1727 2912 1857 2968 erga
1891 2897 2054 2954 Cleo-

481 3001 694 3063 patram
723 2991 1020 3061 obsequiis,
1045 2990 1206 3056 bella,
1237 3005 1360 3046 cum
1389 2991 1551 3046 minis
1579 2990 1683 3046 sibi
1715 2992 2053 3054 denuntiata,

484 3083 768 3150 eii'ugisset
799 3101 814 3143 :
844 3083 994 3152 {dum
1025 3097 1129 3151 qua
1159 3082 1325 3148 cedit,
1357 3080 1606 3151 iramque
1640 3080 1856 3151 mitigat
1887 3091 1943 3136 et
1976 3081 2056 3136 di-

2141 1902 2277 1958 την,
2327 1883 2545 1954 Πέρσας
2585 1879 2681 1934 ἐπὶ
2729 1874 2981 1946 Γρανικῷ
3013 1873 3109 1927 τοῦ
3169 1868 3520 1941 Ἀλεξάνδρου
3573 1867 3728 1938 μάχῃ

2143 1968 2794 2044 καταγωνισαμένουκαὶ
2818 1965 3195 2038 παρασχόντος
3225 1962 3412 2017 ἀδειαν
3439 1962 3553 2022 τοῖς
3596 1958 3726 2029 βου-

2145 2068 2394 2140 λομένοις
2419 2064 2604 2138 αὐξειν
2633 2062 2701 2116 τὰ.
2728 2058 2961 2126 ἑαυτῶν,
2991 2058 3092 2128 τῆς
3111 2057 3250 2120 τέως
3275 2052 3533 2126 ἐμποδὼν
3558 2053 3728 2104 πᾶσιν

2149 2161 2446 2232 ἱσταμένης
2470 2155 2752 2228 Περσικῆς
2783 2153 2966 2224 ίσχύος
2992 2146 3488 2216 ὑποστελλομένης.
3529 2143 3732 2196 ’Υστε-

2152 2270 2245 2324 ρον
2309 2252 2370 2306 δέ
2431 2249 2684 2312 ποικίλας
2752 2245 2963 2315 ὑπέστη
3025 2239 3412 2314 περιστάσεις,
3491 2234 3735 2306 μάλιστά

2150 2342 2281 2418 [568
2334 2341 2427 2415 IL]
2475 2359 2539 2409 γε
2590 2340 2699 2394 τῶν
2743 2340 2842 2409 τῆς
2904 2333 3238 2406 Ἡρακλείας
3291 2329 3546 2400 φυγάδων
3591 2325 3735 2396 πρὸς

2152 2436 2281 2511 [709
2315 2433 2407 2507 8.]
2474 2431 2825 2502 Ἀλέξανδρον
2873 2425 3191 2499 περιφανῶς
3227 2423 3327 2495 ἤδη
3378 2421 3477 2492 τῆς
3542 2419 3735 2511 ’ᾼσίας

2151 2507 2462 2600 κρατοῦντα
2497 2520 3069 2594 διαπρεσϐευομένων,
3105 2516 3201 2570 καὶ
3251 2511 3477 2600 κάθοδον
3503 2507 3598 2562 καὶ

2151 2597 2251 2692 τῆς
2282 2618 2492 2680 πόλεως
2521 2616 2750 2686 πάτριον
2782 2607 3160 2682 δημοκρατίαν
3194 2597 3738 2692 ἐξαιτουμένων.-Δι’

2154 2687 2298 2781 άπερ
2329 2710 2497 2778 ἐγγὺς
2531 2706 2630 2777 μὲν
2673 2702 2911 2771 κατέστη
2950 2697 3046 2753 τοῦ
3077 2695 3335 2750 ἐκπεσεῖν
3379 2692 3478 2762 τῆς
3511 2687 3698 2781 ἀρχῆς.
3718 2702 3733 2714 ·

2156 2777 2543 2868 καὶ-ἐξέπεσεν
2579 2797 2668 2864 ἂν,
2700 2796 2752 2849 εί
2797 2793 2871 2865 μὴ
2903 2791 3119 2845 συνέσει
3152 2785 3322 2855 πολλῇ
3352 2783 3445 2838 καὶ
3483 2777 3743 2850 ἀγχινοίᾳ.

2156 2896 2252 2949 καὶ
2283 2895 2349 2965 τῇ
2384 2889 2495 2946 τῶν
2536 2887 2797 2959 ὑπηκόων
2834 2883 3018 2954 εὐνοίᾳ
3063 2879 3159 2934 καὶ
3189 2875 3459 2948 θεραπείᾳ
3487 2870 3744 2965 Κλεοπάῗ

2156 3005 2292 3060 τρας
2324 2963 2462 3050 τοὺς
2488 2981 2885 3053 ἀπειληθέντας
2921 2974 3072 3046 αὐτῷ
3098 2973 3370 3042 πολέμους
3397 2963 3746 3060 διέφυγε,τά

2165 3056 2264 3153 μὲν
2300 3077 2546 3133 ὑπείκων
2585 3073 2681 3130 καὶ
2727 3072 2825 3143 τὴν
2861 3069 3032 3142 ὀργὴν
3061 3065 3272 3120 ἐκλύων
3301 3063 3396 3116 καὶ
3430 3056 3746 3153 μεθοδὶύων

484 3173 782 3228 lationibus
833 3181 1072 3238 coercet,
1108 3186 1212 3242 qua
1239 3172 1405 3228 etiam
1433 3186 1494 3227 se
1517 3143 1729 3238 -munit,
1762 3143 1830 3226 et
1871 3182 2059 3227 contra

2163 3143 2286 3235 ταῖς
2309 3167 2622 3231 ἀναϐολαῖς,
2652 3163 2720 3218 τά
2741 3163 2799 3217 δὲ
2835 3153 3536 3231 ἁντιπαρασκευαζόμενος.
3583 3148 3749 3242 Ἐπεὶ

484 3273 774 3334 ιπεριιηι.
813 3263 883 3316 At
930 3271 1283 3332 posteaquam
1322 3261 1652 3327 Alexander,
1711 3264 1836 3318 dum
1890 3263 2057 3336 Baby-

485 3355 614 3411 lone
647 3356 780 3426 agit,
808 3355 936 3410 vitae
977 3368 1198 3410 cursum
1240 3353 1495 3420 absolvit,
1538 3355 1626 3410 vel
1668 3370 1802 3410 nece
1822 3355 2062 3415 violenta

486 3449 576 3504 vel
619 3448 810 3504 morbo
839 3448 1166 3512 exstinctus,
1212 3462 1374 3517 quam
1407 3448 1644 3518 primum
1676 3447 1886 3518 accepit
1929 3463 2068 3502 nun-

488 3545 624 3598 tium
674 3542 985 3614 Dionysius,
1034 3541 1261 3597 Laetitiae
1310 3549 1548 3596 statuam
1595 3540 2068 3596 consecravit:et

490 3635 559 3693 ad
594 3635 828 3705 primum
861 3634 1019 3691 fama:
1061 3634 1370 3698 adventum,
1413 3647 1479 3688 eo
1529 3630 1754 3688 affectus
1797 3640 1881 3688 est
1908 3633 2068 3689 modo

490 3740 605 3795 prae
655 3726 977 3780 exuberanti
1029 3726 1249 3801 gaudio,
1299 3740 1408 3796 quo
1464 3725 1745 3795 repentina
1793 3725 2066 3780 hominem

491 3816 866 3873 consternatio
892 3815 1160 3872 aﬂ‘ecerit.
1200 3815 1335 3870 Nam
1364 3830 1535 3887 prope
1562 3826 1683 3872 erat
1713 3826 1773 3872 ut
1799 3818 2069 3887 vertigine

493 3918 778 3979 correptus
809 3908 1209 3979 prolaberetur,
1255 3917 1314 3964 et
1341 3923 1371 3962 a
1411 3923 1542 3962 sana
1577 3917 1760 3964 mente
1788 3908 2070 3979 conspice-

493 4007 647 4053 retur
689 3996 918 4052 alienus.
946 3994 1108 4064 Hinc,
1159 3996 1248 4050 ubi
1295 3996 1584 4052 Perdiccas
1614 3998 1821 4052 summi
1857 3996 2070 4066 imperii

495 4087 713 4158 negotia
755 4088 1102 4158 procurabat,
1143 4084 1420 4142 Heracleae
1448 4086 1670 4143 exsules
1698 4087 1768 4142 ad
1804 4087 1972 4157 petita
2003 4087 2072 4141 ab

494 4179 806 4236 Alexandro
831 4179 998 4236 etiam
1025 4180 1169 4234 hunc
1197 4179 1551 4250 instigarunt.
1581 4177 1872 4248 Dionysius
1909 4177 2074 4250 igitur

494 4272 685 4330 eodem
715 4279 876 4328 utens
906 4272 1253 4343 compendio,
1279 4271 1529 4340 quamvis
1567 4269 1620 4323 in
1657 4269 1774 4324 acie
1795 4269 2074 4327 novaculae

495 4375 666 4432 prope
712 4360 1060 4424 consisteret,
1103 4360 1345 4430 pericula
1399 4371 1578 4414 tamen
1634 4359 1912 4428 complura
1970 4358 2073 4414 sibi

496 4452 762 4508 intentata
836 4451 1114 4510 devitavit.
1173 4449 1378 4505 Verum
1423 4449 1734 4513 Perdiccas,
1786 4450 1930 4521 quod
1972 4452 2075 4506 im-
2103 4497 2152 4556 υ

497 4543 669 4614 probe
700 4556 758 4598 se
805 4550 1059 4612 gereret,
1096 4544 1163 4595 ab
1209 4539 1279 4595 iis
1309 4539 1507 4610 quibus
1537 4549 1769 4608 praeerat
1799 4538 2074 4593 interimi-

499 4642 588 4690 tur
610 4651 623 4687 :
643 4643 699 4688 et
722 4632 881 4688 simul
899 4633 1104 4687 fervida
1135 4632 1220 4686 illa
1253 4646 1378 4700 spes
1404 4631 1654 4686 exsulum
1683 4630 2074 4702 exstinguitur.

499 4723 736 4782 Proinde
775 4739 864 4778 res
895 4723 1153 4794 Dionysio
1191 4723 1244 4777 in
1275 4731 1480 4778 statum
1515 4721 1810 4778 feliciorem
1852 4737 2078 4778 conver-

504 4825 712 4873 tuntur.
770 4816 852 4870 Ad
901 4815 1222 4870 felicitatem
1271 4829 1402 4869 vero
1457 4814 1752 4883 plurimum
1793 4814 1842 4868 ei
1898 4815 2079 4869 attulit

504 4905 759 4968 momenti
787 4906 1083 4961 secundum
1133 4905 1560 4960 matrimonium.
1609 4905 1884 4960 Amastrin
1934 4907 2077 4962 enim

505 4998 679 5066 duxit,
719 4997 888 5052 filiam
935 4998 1213 5054 Oxathraa.
1247 4998 1442 5054 Frater
1489 4999 1536 5054 is
1565 5010 1686 5054 erat
1716 4999 1886 5067 Darii,
1917 5016 2081 5070 quem

505 5091 814 5153 Alexander
865 5091 1094 5162 imperio
1149 5093 1321 5158 exuit,
1351 5092 1576 5162 ejusque
1617 5092 1783 5147 iiliam
1823 5093 2082 5148 Statiram

506 5194 730 5238 uxorem
762 5181 866 5238 sibi
901 5180 1168 5248 adjuuxit.
1196 5179 1480 5236 Patrueles
1506 5181 1667 5250 igitur
1686 5191 1845 5236 erant
1898 5183 1982 5237 ita:
2011 5181 2085 5237 i'e-

465 5271 694 5336 s'minze,
719 5286 905 5331 amore
943 5271 1088 5332 inter
1109 5287 1169 5328 se
1198 5272 1401 5327 eximio
1434 5272 1720 5338 devinctae,
1752 5273 1903 5343 quia
1935 5289 2084 5330 com-

511 5364 660 5418 muni
689 5365 1012 5422 educatione
1034 5375 1090 5419 et
1119 5365 1372 5420 convictu
1415 5364 1468 5418 in
1504 5365 1700 5420 animis
1731 5367 1969 5436 ipsarum
1999 5384 2085 5421 ra~

513 5458 661 5514 dices
691 5470 900 5530 egerat.
926 5459 1202 5514 Amastrin
1231 5457 1374 5511 hanc
1411 5455 1744 5526 Alexander,
1769 5474 1892 5513 cum
1922 5457 2087 5513 Stati-

2164 3260 2223 3314 δὲ
2270 3258 2305 3330 ἢ
2357 3256 2572 3328 θανάτῳ
2607 3254 2649 3288 ³⁸
2691 3252 2726 3324 ἢ
2772 3251 2914 3321 νόσῳ
2959 3246 3104 3303 κατά
3152 3242 3454 3300 Βαϐυλῶνα
3498 3237 3749 3310 γεγονὼς

2178 3349 2524 3420 Ἀλέξανδρος
2574 3343 2666 3400 τὸν
2718 3343 2833 3415 βίον
2881 3340 3209 3412 διέδραμεν,
3255 3332 3519 3406 εὐθυμίας
3573 3330 3672 3404 μὲν
3719 3331 3752 3383 ὁ

2165 3443 2440 3505 Διονύσιος
2463 3438 2713 3509 ἄγαλμά,
2753 3433 2854 3506 τὴν
2886 3429 3150 3502 ἀγγελίαν
3179 3425 3442 3491 ἀκούσας,
3467 3424 3748 3496 ἱδρύσατο,

2167 3534 2361 3590 παθὼν
2387 3535 2454 3603 τῇ
2482 3529 2678 3602 πρώτῃ
2706 3523 2984 3599 προσϐολῇ
3013 3523 3113 3592 τῆς
3139 3521 3333 3591 φήμης
3353 3517 3459 3571 ὑπὸ
3487 3515 3588 3586 τῆς
3611 3510 3751 3603 πολῖ

2167 3628 2266 3697 λῆς
2311 3601 2489 3697 χαράς
2521 3624 2622 3677 ὅσα
2653 3601 2722 3675 ἂν
2749 3621 2785 3691 ἡ
2827 3614 3036 3687 σφοδρὰ
3070 3613 3217 3685 λύπη
3253 3609 3472 3684 δράσειε
3493 3622 3509 3637 ·
3547 3601 3754 3697 μικροῦ

2167 3695 2279 3790 γάρ
2314 3695 2690 3786 ⁷περιτραπεὶς
2719 3710 2799 3774 είς
2835 3708 2897 3762 τὺ
2946 3707 3134 3764 πεσεῖν
3189 3701 3412 3774 ὑπήχθη
3447 3699 3542 3752 καὶ
3588 3695 3757 3790 ἄνους

2170 3788 2326 3881 ὤφθη
2347 3800 2946 3877 γενόμενοςοΠερδίκκα
2959 3798 3015 3852 δὲ
3036 3796 3146 3850 τῶν
3170 3796 3307 3850 ὅλων
3331 3791 3654 3881 ἐπιστάντος
3677 3788 3754 3881 ³ο,

2170 3879 2241 3957 ait
2282 3901 2381 3972 μὲν
2406 3899 2507 3968 τῆς
2554 3893 2888 3967 Ἡρακλείας
2940 3888 3181 3961 φυγάδες
3207 3886 3346 3958 πρὸς
3377 3883 3448 3938 τὰ
3480 3880 3620 3936 αὐτὰ
3653 3879 3758 3972 καὶ

2171 3968 2363 4048 τοῦτον
2410 3987 2752 4061 παρώξυνον,
2786 3983 3067 4046 Διοσύσιος
3095 3981 3154 4033 δὲ
3185 3980 3306 4041 ταῖς
3346 3973 3562 4046 ὁμοίαις
3591 3968 3754 4041 μεθὸ-

2171 4089 2283 4152 δοις
2325 4085 2606 4158 χρώμενος
2650 4079 2746 4134 ἐπὶ
2778 4076 2941 4149 ξυροῦ
2969 4074 3157 4146 ἀκμῆς
3207 4069 3440 4132 πολλοὺς
3471 4063 3760 4158 κινδύνους

2175 4177 2296 4234 κατ’
2324 4153 2489 4230 αὐτοῦ
2523 4171 2825 4234 συστάντας
2857 4167 3067 4230 πάντας
3093 4164 3396 4234 διέδρασεν.
3431 4157 3575 4212 Ἀλλ’
3602 4156 3632 4208 ό
3655 4153 3762 4222 μὲν

2177 4268 2482 4340 Περδίκκας
2526 4265 2632 4318 ὑπὸ
2682 4263 2792 4316 τῶν
2829 4260 3151 4334 ἀρχομένων
3195 4251 3470 4323 μοχθηρὸς
3512 4244 3761 4317 γεγονὼς

2176 4361 2463 4432 ἀνῄρηται,
2501 4357 2594 4412 καὶ
2623 4356 2682 4410 αί
2723 4354 2829 4408 τῶν
2865 4350 3125 4423 φυγάδων
3154 4347 3372 4409 ἐλπίδες
3411 4340 3760 4396 ἐσϐέννυντο.

2178 4453 2439 4523 Διονυσίῳ
2461 4450 2519 4504 δὲ
2543 4445 2882 4518 πανταχόθεν
2905 4445 2974 4500 τά
2999 4443 3302 4514 πράγματα
3331 4435 3470 4509 πρὸς
3492 4435 3553 4487 τὸ
3577 4432 3764 4492 εὐδαι-

2185 4549 2508 4619 μονέστερον
2558 4539 2937 4612 μετεϐάλοντο.
2987 4536 3054 4589 Ἢ
3099 4534 3157 4588 δὲ
3203 4532 3430 4600 πλείστη
3470 4523 3765 4619 ponii"???

2185 4612 2532 4705 εὐδαιμονίας
2563 4633 2591 4685 ὁ
2619 4629 2870 4700 δεύτερος
2893 4625 3041 4696 αὐτῷ
3076 4623 3316 4691 κατέστη
3346 4621 3546 4689 γάμος.
3593 4612 3766 4705 Ἠγάέ

2185 4745 2315 4798 γετο
2346 4703 2459 4796 νμὲν
2499 4723 2608 4794 γὰρ
2640 4722 2972 4790 Ἄμαστριν,
3027 4715 3166 4786 αὕτη
3203 4713 3260 4766 δὲ
3294 4708 3364 4783 ἦν
3427 4703 3766 4798 Ὀξάθρολυβί

2187 4794 2435 4891 θυγάτηρ
2462 4834 2478 4849 ο
2513 4815 2741 4884 ἁδελφὸς
2767 4813 2825 4866 δὲ
2855 4809 2921 4883 ἦν
2959 4804 3116 4872 οὗτος
3147 4806 3398 4876 Δαρείου,
3430 4801 3490 4855 ὃν
3517 4794 3768 4856 καθελὼν

2202 4911 2554 4982 Ἀλέξανδρος
2577 4909 2874 4978 Στάτειραν
2900 4903 2998 4974 τὴν
3031 4899 3198 4955 αὐτοῦ
3227 4894 3506 4966 θυγατέρα
3531 4891 3770 4982 γυναίκα

2186 4979 2473 5074 ἠγάγετο,⁷
2495 4999 2572 5063 ὡς
2615 4994 2757 5052 εἶναι
2789 4995 2887 5058 τὰς
2917 4994 3184 5062 γυναῖκας
3216 4985 3475 5056 ἀλλήλαις
3511 4979 3766 5074 ἀνεψιὰς,
3810 5053 3812 5055 φ

2187 5068 2333 5168 ἔχειν
2364 5094 2420 5148 δέ
2444 5110 2497 5145 τι
2537 5089 2675 5161 πρὸς
2705 5087 2905 5151 ἑαυτὰς
2927 5087 2973 5118 ’⁸
3016 5085 3113 5138 καὶ
3154 5081 3378 5168 φίλτρον
3407 5068 3771 5168 ἐξαίρετον,δ

2187 5158 2252 5240 ab
2303 5158 2635 5255 συντρόφους
2683 5176 2924 5248 ὑπάρξαι
2979 5179 3208 5235 ταύταις
3260 5167 3546 5235 ἐνέφυσεν.
3607 5158 3771 5255 Ἀλλά

2190 5278 2397 5347 ταύτην
2429 5253 2532 5342 τὴν
2584 5270 2895 5342 ¹Ἄμαστριν
2952 5261 3452 5347 Ἀλέξανδρομβτε
3499 5253 3772 5347 ξτατείρα

2195 5340 2519 5439 συνήπτετο,
2556 5340 2825 5432 Κρατερῷ
2855 5358 2985 5431 (τῶν
3016 5356 3358 5428 φιλουμένων
3399 5346 3467 5421 ἦν
3495 5340 3656 5439 οὗτος
3696 5345 3771 5439 ῶς

2198 5434 2466 5532 μάλίστα)
2505 5452 2834 5524 συναρμόζει
2866 5453 2931 5508 ’³.
2984 5447 3340 5516 Ἀλεξάνδρου
3372 5443 3428 5496 δέ
3458 5440 3520 5506 ἐξ
3562 5434 3771 5507 ἀνθρὼ-

1791 5595 2026 5653 νΑιιιΑε
2080 5593 2484 5654 LECTIONES.

588 5689 633 5720 "
658 5689 892 5765 θανάτῳ]
921 5688 1469 5765 φαρμάκῳ-Οιόιιίιιε.
1550 5689 1592 5720 ²⁰
1622 5692 2042 5756 ἐπιστατοῦντος
2074 5692 2333 5765 Scaliger.
2412 5695 2451 5726 "
2495 5692 2748 5761 Ὀξάνοου
2785 5685 2866 5742 Vcl
2915 5678 3173 5750 Ὸξάρθθυ

517 5771 660 5816 corr.
682 5761 727 5814 A
760 5779 771 5814 :
805 5759 994 5815 ἐαυτόν
1028 5779 1088 5826 ς.
1165 5761 1210 5792 ³³
1235 5759 1462 5830 ἁρμόζει
1494 5775 1552 5824 ς.

3227 5688 3309 5745 pr.
3353 5673 3414 5724 Α.
3487 5667 3532 5698 ⁸³
3572 5661 3770 5725 ἑαυτάς
