3972 6248
310 282 419 345 8.85

1338 284 1871 356 BIBLIOI‘HECA.
1902 288 2149 348 -COD.
2181 286 2477 348 CCXXIV.

3465 284 3569 349 886

308 422 430 457 πων
474 401 857 467 ἀποπτάντος,
916 400 1013 455 καὶ
1053 401 1339 471 Κρατεροῦ
1392 402 1529 472 πρὸς
1582 400 1752 453 Φίλαν
1793 400 1891 471 τὴν

2016 417 2113 457 am
2147 400 2365 456 fecisset
2397 414 2643 466 uxorem,
2700 400 2927 456 Cratero
2966 401 3078 473 (qui
3130 401 3269 455 inter
3319 401 3569 456 charissi-

319 493 683 562 ’Λντιπᾶτρου
744 490 1165 555 ἀποκλίναντας,
1227 490 1423 563 γνώμῃ
1485 482 1606 543 τοῦ’
1641 492 1895 556 λιπόντος

308 582 573 650 Διονυσίῳ
600 582 634 651 ή
666 581 971 652 ’Λμαστρις
996 579 1380 645 συνοικίζεται.
1423 580 1513 645 Ἐξ
1538 573 1608 653 οὕ,
1631 580 1722 633 ἐπὶ
1751 582 1895 650 μέγα

308 673 345 741 ἠ
373 670 517 742 ἁρχὴ
544 670 691 740 αὐτῴ
713 669 909 740 διήρθη
937 668 1172 723 πλούτου
1194 688 1253 723 τε
1288 669 1549 741 περιϐολῇ
1583 673 1652 765 ej
1684 671 1773 725 διά
1800 671 1898 742 τῆς

311 763 618 831 ἐπιγαμίας
647 761 1009 833 προστεθείσῃ
1038 764 1133 815 καὶ
1165 763 1271 834 ἰδίᾳ
1299 763 1588 834 φιλοκαλίᾳ
1606 761 1625 791 ⁷·
1664 764 1759 817 καὶ
1789 766 1898 836 γὰρ

312 855 412 907 καὶ
450 855 550 924 τὴν
582 852 676 906 τοῦ
728 854 1005 908 Διονυσίου
1058 855 1239 909 πᾶσαν
1282 854 1581 924 ἐπισκευὴν
1616 853 1709 907 τοῦ
1741 855 1898 908 Σικε-

263 943 435 1008 ,λίας
498 945 940 1015 τυραννήσαντος
982 947 1144 1000 αὐτὸν
1200 944 1434 1016 ἐπῆλθεν
1490 945 1891 1017 ἐξωνήσασθαι,

311 1038 417 1105 τῆς
442 1036 616 1107 ἀρχῆς
644 1038 852 1092 ἐκείνου
887 1038 1303 1109 διαφθαρείσης.
1330 1038 1408 1093 Ob
1434 1037 1610 1092 ταῦτα
1642 1038 1700 1092 δὲ
1738 1040 1898 1109 μόνον

311 1129 467 1199 αὐτῷ
500 1131 602 1198 τὴν
646 1130 821 1204 ἀρχὴν
864 1131 1269 1204 ὲπεκράτυνεν,
1310 1131 1447 1185 ἀλλά
1476 1131 1571 1184 καὶ
1619 1130 1900 1204 εὐπραγία

314 1220 415 1275 καὶ
436 1219 621 1276 εὕνοια
640 1222 751 1275 τῶν
780 1222 1057 1292 ὑπηκόων,
1092 1224 1186 1275 καὶ
1214 1221 1423 1276 πολλῶν
1444 1215 1519 1276 ὧν
1546 1222 1648 1275 οὐκ
1677 1222 1899 1293 ἐκράτει

316 1311 588 1381 πρότερον
626 1312 660 1380 ή
699 1310 979 1382 κυριότης.
1012 1312 1123 1364 Καὶ
1164 1312 1453 1383 Ἀντιγόνῳ
1478 1311 1537 1364 δὲ
1564 1310 1662 1382 τὴν
1716 1312 1901 1367 Ἀσίαν

318 1400 608 1471 κατέχοντι
636 1401 907 1474 λαμπρῶς
939 1403 1331 1473 συμμαχήσας,
1355 1403 1518 1456 ὁπότε
1549 1402 1649 1474 τὴν
1674 1402 1901 1475 Κύπρον

316 1492 652 1563 ἐπολιόρκει,
692 1494 786 1547 τὸν
826 1494 1140 1562 ἀδελφιδοῦν
1188 1494 1525 1564 Πτολεμαῖον
1573 1497 1902 1567 (στρατηγὸς

314 1586 377 1640 δὲ
399 1579 556 1649 οὕτος
585 1582 654 1658 ἦν
682 1588 792 1640 τῶν
819 1588 949 1659 περὶ
978 1589 1069 1641 τὸν
1112 1587 1540 1659 Ἑλλήσποντον)
1590 1590 1902 1661 φιλοτιμίας

316 1678 562 1750 ἀμοιϐὴν
592 1678 792 1749 εὕρατο
817 1680 948 1750 παρ’
996 1681 1287 1751 Ἀντιγόνῳ
1320 1681 1573 1752 γαμϐρὸν
1600 1682 1785 1736 λαϐεῖν
1809 1684 1903 1735 ἐπὶ

2002 508 2120 547 mos
2148 493 2196 545 ei
2249 492 2371 557 fuit)
2425 501 2652 561 nuptum
2685 492 2929 548 dederat.
2970 494 3039 546 At
3073 508 3217 558 cum,
3265 492 3573 546 Alexandro

2002 583 2165 638 rebus
2226 583 2537 638 mortalium
2604 599 2833 653 propere
2888 595 3160 654 exempto,
3204 584 3462 639 Craterus
3506 586 3575 639 ad

1998 670 2230 736 Philam,
2261 673 2551 743 Antipatro
2574 684 2775 737 natam,
2813 676 3053 730 animum
3098 674 3381 744 adjiceret,
3411 675 3576 728 Ama-

2002 764 2122 829 tris,
2161 765 2437 820 desertore
2478 782 2583 820 non
2625 767 2812 833 invito,
2862 769 3081 823 domum
3122 782 3153 823 a
3193 768 3448 839 Dionysio
3486 768 3577 822 du—

2000 852 2161 908 citur.
2196 853 2277 909 Ex
2319 869 2427 924 quo
2476 855 2545 910 ad
2593 872 2846 927 magnum
2876 857 2925 912 ei
2960 865 3309 929 augmentum
3338 856 3576 913 domina-

2000 956 2086 1001 tus
2113 962 2237 1002 sese
2259 947 2475 1014 extulit,
2508 956 2618 1001 tum
2648 963 2809 1017 opum
2838 963 2870 1004 e
2898 948 3207 1005 recentibus
3246 948 3451 1019 nuptiis
3481 964 3576 1003 ac-

2002 1037 2270 1103 cessione,
2310 1046 2423 1092 tum
2468 1038 2638 1107 ipsius
2679 1039 2842 1093 etiam
2889 1038 3149 1109 principis
3178 1038 3360 1093 studio
3384 1046 3439 1093 et
3464 1052 3580 1091 ma-

2001 1128 2333 1199 gnificentia.
2368 1127 2501 1183 Nam
2532 1138 2586 1185 et
2628 1128 2894 1201 Dionysii,
2943 1131 3036 1201 qui
3067 1129 3266 1186 Sicilia:
3290 1141 3577 1202 tyrannum

2002 1231 2211 1292 egerat,
2265 1236 2483 1278 omnem
2538 1220 2588 1277 ei
2636 1221 3026 1291 supellectilem
3080 1221 3316 1278 facultas
3364 1222 3577 1278 emendi

2004 1314 2251 1383 contigit,
2283 1316 2499 1384 quando
2529 1315 2594 1370 de
2632 1315 2859 1385 imperio
2910 1314 3053 1370 illius
3101 1325 3283 1369 actum
3318 1314 3439 1369 fuit.
3470 1313 3583 1369 Nec

2003 1418 2134 1459 vero
2165 1404 2252 1459 his
2279 1413 2487 1459 tantum
2514 1405 2877 1460 roborabatur
2906 1405 2954 1459 ei
2986 1412 3251 1474 potestas,
3289 1404 3383 1459 sed
3416 1406 3579 1457 etiam

2004 1511 2070 1551 eo
2103 1499 2246 1566 quod
2278 1511 2538 1567 prospero
2574 1510 2829 1552 successu
2856 1504 2913 1549 et
2942 1494 3126 1550 favore
3154 1495 3350 1549 civium
3397 1497 3586 1550 nteha-

2006 1598 2115 1649 tur,
2163 1596 2219 1642 et
2263 1587 2553 1658 imperium
2591 1588 2891 1655 usurpabat
2928 1586 2982 1639 in
3029 1585 3227 1640 multos
3270 1595 3428 1639 antea
3478 1600 3585 1639 non

2007 1677 2297 1747 subjectos.
2353 1676 2628 1747 Antigono
2678 1677 2866 1742 etiam,
2895 1675 3007 1743 jam
3061 1674 3346 1745 magnifice
3398 1674 3584 1729 Asiam

320 1768 575 1842 θυγατρί.
626 1770 689 1824 Ἦ
719 1771 777 1825 δὲ
804 1773 934 1835 παῖς
978 1774 1042 1825 ὲκ
1076 1773 1362 1845 προτέρων
1391 1769 1460 1845 ἦν
1491 1774 1642 1845 αὐτῷ
1671 1791 1901 1844 γεγενη-

2016 1769 2199 1841 2246
2255 1769 2479 1834 tenenti,
2529 1768 2805 1839 suppetias
2849 1768 3009 1833 tulit,
3062 1766 3278 1838 quando
3347 1766 3587 1837 Cyprum

324 1862 461 1933 μένη
479 1864 529 1895 ’δ
555 1863 773 1933 γάμων.
808 1864 965 1919 Οὕτω
992 1865 1123 1934 γοῦν
1153 1868 1234 1929 είς
1272 1869 1415 1937 μέγα
1461 1866 1621 1938 δόξης
1664 1868 1904 1921 ἀνελθὼν

320 1954 420 2006 καὶ⁵
448 1954 542 2007 τὸν
579 1953 844 2025 τύραννον
871 1954 1192 2021 ἀπαξιώσας
1221 1956 1281 2010 τὸ
1312 1958 1577 2027 βασιλέως
1609 1958 1905 2012 ἀντέλαϐεν

320 2043 518 2114 δνομα.
564 2044 693 2117 [569
720 2033 810 2117 H.]
846 2046 1031 2100 Φόϐων
1059 2047 1114 2099 δὲ
1141 2047 1236 2099 καὶ
1265 2048 1561 2118 φροντίδων
1592 2048 1907 2120 ἐλευθεριά-

324 2150 427 2198 σας
489 2135 583 2188 καὶ
636 2137 762 2199 ταῖς
815 2136 1211 2207 καθημεριναῖς
1264 2140 1500 2209 τρυφαῖς
1546 2139 1908 2212 ὲκδιαιτηθεὶς

322 2223 624 2297 ὲξωγκώθη
666 2243 727 2279 τε
771 2227 830 2280 τὸ
866 2227 1059 2299 σῶμα,
1113 2229 1332 2283 καὶτοῦ
1385 2230 1523 2284 κατά
1570 2230 1732 2301 φύσιν
1769 2232 1906 2286 πολῦ

323 2317 494 2370 πλέον
532 2319 819 2390 ὲλιπάνθη.
860 2318 984 2391 Ὑφ’
1020 2315 1095 2376 ὧν
1139 2322 1197 2375 οὐ
1236 2322 1397 2391 μόνον
1447 2323 1574 2394 περὶ
1605 2324 1707 2395 τὴν
1735 2323 1909 2397 ἀρχὴν

328 2410 593 2481 ῥᾳθύμως
619 2409 799 2483 εἶχεν,
834 2413 971 2489 ἀλλά
1021 2415 1115 2469 καὶ
1145 2416 1368 2470 ὲπειδάν
1401 2415 1773 2486 ἀφυπνώσειε,
1819 2418 1909 2489 βε-

323 2500 512 2566 λόναις
541 2482 780 2575 μακραῖς
820 2482 890 2557 τὸ.
913 2506 1072 2578 σῶμα
1114 2482 1532 2579 διαπειρόμενος
1568 2510 1613 2543 ’⁸
1659 2482 1787 2581 [712

328 2594 524 2661 (τοῦτο
562 2595 670 2666 γὰρ
695 2597 828 2659 ἄκος
865 2599 1025 2666 μόνον
1051 2598 1144 2652 τοῦ
1181 2600 1354 2670 κάρου
1388 2601 1485 2653 καὶ
1513 2600 1612 2670 τῆς
1647 2601 1908 2674 ἀναισθη-

285 2734 297 2741 _
334 2685 458 2749 σίας
486 2686 812 2740 ὑπελείπετο
838 2689 929 2757 ³⁵),
972 2690 1124 2759 μόλις
1145 2691 1243 2761 τῆς
1270 2692 1409 2745 κατὰ
1433 2692 1524 2747 τὸν
1550 2692 1716 2746 ὕπνον
1740 2712 1912 2748 κατα-

2006 1864 2362 1936 oppugnavit,
2411 1874 2467 1920 et
2519 1863 2885 1928 Ptolemaeum,
2941 1862 3085 1918 illius
3144 1862 3313 1917 fratre
3395 1871 3583 1917 natum

2009 1957 2115 2027 (cui
2155 1954 2490 2027 Hellesponti
2541 1957 2837 2027 satrapiam
2867 1956 3237 2026 commiserat)
3260 1956 3415 2026 quasi
3442 1970 3585 2025 prae-

2010 2052 2179 2105 mium
2214 2049 2382 2104 studii
2409 2050 2493 2104 sui
2525 2051 2667 2120 apud
2706 2049 3038 2119 Antigonum
3071 2049 3299 2113 invenit,
3335 2059 3395 2104 ut
3418 2064 3583 2121 gene«

2010 2157 2129 2196 rum
2168 2140 2316 2195 illum
2368 2141 2612 2205 haberet,
2658 2139 2770 2194 filia
2792 2153 2912 2208 qua:
2942 2154 3007 2193 ex
3036 2139 3218 2207 priore
3248 2138 3427 2194 fuerat
3458 2154 3583 2195 sus-

2008 2241 2166 2303 cepta
2191 2231 2465 2301 coniugio,
2502 2232 2555 2286 in
2591 2230 2993 2285 matrimonium
3051 2232 3101 2285 ei
3126 2229 3359 2286 elacata.
3399 2228 3587 2300 Itaque

2011 2323 2077 2377 ad
2118 2335 2369 2393 magnam
2414 2321 2605 2376 elatus'
2636 2319 2901 2390 gloriam,
2932 2318 3148 2387 tyranni
3197 2332 3396 2373 nomen
3439 2317 3593 2373 dedi-

2012 2424 2227 2484 gnatur,
2258 2422 2313 2469 et
2347 2412 2491 2483 regis
2545 2411 2798 2467 assumit.
2830 2408 3057 2479 Jamque
3095 2418 3240 2464 metu
3266 2418 3321 2464 et
3348 2408 3498 2464 curis
3529 2409 3591 2462 l5-

2014 2508 2254 2571 heratus,
2289 2520 2415 2561 cum
2462 2504 2520 2558 in
2555 2502 2889 2574 quotidianis
2925 2502 3093 2556 vitam
3132 2501 3343 2557 deliciis
3374 2509 3586 2570 ageret,

2015 2598 2069 2652 in
2110 2612 2351 2655 crassam
2409 2595 2664 2666 corporis
2700 2594 2897 2649 molem
2946 2592 3211 2661 excrevit,
3265 2592 3594 2663 pinguedine

2014 2705 2179 2762 supra
2210 2698 2419 2744 natura;
2442 2688 2662 2743 modum
2697 2686 2980 2741 adauctus.
3012 2684 3170 2741 Unde
3194 2683 3375 2739 evenit
3404 2692 3463 2737 ut
3487 2698 3593 2737 non

331 2778 508 2847 φορᾶς
531 2776 869 2842 ἐξανίστατο.
902 2781 1331 2852 Τεκνωσάμενος
1362 2783 1419 2837 δὲ
1449 2785 1597 2855 τρεῖς
1620 2786 1817 2848 παῖδας
1850 2786 1909 2840 ὲκ

2017 2782 2176 2840 modo
2207 2781 2545 2853 negligenter
2577 2793 2807 2849 regnum
2834 2777 3261 2842 administraret,
3299 2778 3397 2833 sed
3428 2776 3596 2831 etiam

329 2869 435 2938 τῆς
485 2870 812 2942 Ἀμάστριος
834 2873 910 2939 ’⁷,
960 2873 1262 2945 Κλέαρχον,
1298 2874 1568 2947 Ὀξάθρην
1614 2876 1711 2930 καὶ
1744 2876 1909 2946 θυγα-

2017 2891 2207 2933 somno
2236 2888 2552 2945 oppressus,
2597 2870 2843 2937 aciculis,
2886 2870 3016 2924 licet
3056 2868 3329 2940 oblongis,
3372 2867 3427 2922 in
3477 2882 3597 2923 cor-

329 2976 470 3032 τερα
510 2962 803 3035 ὁμώνυμον
828 2968 897 3037 τῇ
929 2967 1120 3037 μητρὶ,
1158 2965 1366 3037 μέλλων
1413 2969 1672 3040 τελευτᾷν
1709 2969 1909 3041 ταύτην

2018 2984 2150 3040 pore
2176 2968 2299 3022 ﬁxis
2330 2966 2410 3039 (id
2433 2965 2578 3021 enim
2596 2963 2773 3019 solum
2809 2960 3019 3017 veterni
3049 2969 3105 3016 et
3131 2959 3372 3029 stuporis
3395 2974 3594 3029 super-

330 3068 392 3103 τε
415 3052 525 3105 τῶν
552 3054 687 3108 ὅλων
714 3055 1002 3112 δέσποιναν
1026 3057 1429 3128 καταλιμπάνει
1454 3059 1551 3113 καὶ
1580 3058 1689 3113 τῶν
1710 3059 1909 3114 παίδων

2018 3069 2142 3118 erat
2192 3057 2519 3129 remedium)
2572 3055 2661 3111 vix
2711 3064 2889 3110 tamen
2937 3068 2967 3108 a
3040 3050 3252 3124 soporis
3306 3052 3599 3122 gravedine

333 3145 535 3216 κομιδῇ
571 3147 781 3217 νηπίων
820 3147 991 3203 ὄντων
1024 3150 1119 3204 σύν
1149 3168 1292 3206 τισιν
1339 3151 1549 3223 ἑτέροις
1597 3151 1909 3225 ἐπίτροπον,

2021 3153 2474 3210 exsuscitaretur.
2530 3148 2731 3205 Tribus
2778 3156 2957 3203 autem
3004 3160 3073 3200 ex
3122 3144 3363 3199 Amastri
3408 3143 3600 3200 liberis

333 3234 487 3305 βιοὺς
525 3236 625 3306 μὲν
657 3236 755 3306 ἐτη
782 3244 825 3291 ε’
857 3241 951 3293 καὶ
972 3245 1035 3304 ν’,
1060 3236 1135 3294 ὧν
1158 3242 1252 3295 ἐπὶ
1279 3242 1380 3312 τῆς
1408 3243 1581 3314 ἀρχῆς
1609 3241 1652 3295 λ’
1691 3243 1909 3315 ἐγνωρίε

2021 3246 2126 3301 sibi
2157 3243 2481 3316 procreatis,
2508 3240 2796 3305 Clearcbo,
2819 3238 3086 3303 Oxathre,
3126 3247 3181 3292 et
3211 3236 3319 3289 lilia
3352 3234 3599 3304 ejusdem

334 3324 463 3388 ζετο
490 3368 505 3393 ,
554 3327 863 3398 πραότατος
918 3332 976 3384 έν
1014 3332 1194 3403 αὐτῇ,
1255 3333 1333 3396 ὡς
1382 3332 1621 3405 εἴρηται,
1675 3332 1909 3403 γεγονὼς

2022 3347 2144 3388 cum
2180 3341 2352 3385 matre
2396 3330 2652 3395 nominis,
2680 3329 2793 3399 jam
2839 3328 3001 3383 morti
3048 3322 3593 3397 propinquus,,uxori

332 3416 432 3470 καὶ
481 3417 545 3471 τὺ
581 3419 831 3490 Χρηστὸς
885 3421 1176 3493 ἐπίκλησιν
1225 3424 1289 3476 ὲκ
1340 3423 1448 3477 τῶν
1490 3423 1642 3493 ἠθῶν
1688 3425 1909 3493 ἐνεγκά‹

2025 3425 2553 3480 administrationem
2631 3430 2909 3487 cunctam,
2983 3427 3039 3474 et
3115 3419 3436 3484 liberorum,
3508 3417 3601 3484 qui

337 3524 535 3575 μενος,
568 3511 664 3563 καὶ
708 3510 878 3567 πολὺν
906 3513 1072 3568 πόθον
1106 3516 1216 3579 τοῖς
1248 3514 1354 3570 ὑπὸ
1395 3519 1553 3587 χεῖρα
1594 3518 1689 3571 καὶ
1722 3516 1909 3582 πένθος

2026 3516 2202 3571 adhuc
2239 3525 2443 3572 tenerae
2476 3514 2765 3570 admodum
2814 3512 2990 3566 aetatis
3022 3518 3201 3574 erant,
3234 3508 3459 3564 tutelam
3487 3507 3605 3575 (ad-

333 3600 530 3659 λιπών.

2020 3607 2226 3677 junctis
2275 3607 2599 3679 quibusdam
2654 3604 2796 3673 aliis)
2845 3600 3142 3671 relinquit:
3198 3615 3319 3655 cum
3370 3599 3603 3655 vixisset

336 3707 513 3746 annos
544 3707 632 3760 ιν,
663 3692 715 3748 in
742 3694 969 3764 imperio
1002 3707 1183 3755 autem
1206 3701 1537 3770 conspicuus
1563 3702 1757 3758 fuisset
1784 3718 1914 3767 xxx,
1954 3702 2007 3756 in
2047 3716 2157 3768 quo
2208 3715 2267 3755 se
2316 3700 2666 3756 mitissimum
2738 3698 2905 3768 (quod
2957 3695 3091 3765 dixi)
3150 3693 3339 3766 gessit,
3396 3694 3489 3751 ita.
3547 3703 3608 3748 ut

336 3796 758 3851 cognomentum
798 3786 1025 3860 Benigni
1074 3803 1142 3844 ex
1177 3791 1420 3847 moribus
1476 3790 1742 3859 referret;
1793 3806 2156 3862 magnumque
2191 3792 2403 3847 civibus
2452 3790 2782 3847 desiderium
2846 3799 2901 3845 et
2947 3789 3154 3847 luctum
3218 3799 3339 3859 post
3407 3802 3468 3843 se
3530 3803 3609 3843 rc-

340 3878 521 3944 liquit.

408 3970 579 4024 Οὺδὲν
599 3970 655 4024 δὲ
680 3966 842 4045 ἧττον
866 3972 963 4027 καὶ
990 3976 1129 4044 μετὰ
1150 3974 1257 4047 τὴν
1288 3975 1498 4030 ἐκείνου
1529 3975 1588 4041 ἐξ
1614 3978 1919 4050 ἀνθρώπων

339 4063 691 4133 ἀναχώρησιν
729 4066 795 4119 τά
844 4067 943 4136 τῆς
973 4067 1182 4131 πόλεως
1224 4067 1361 4139 πρὸς
1402 4070 1750 4140 εὐδαιμονίαν
1793 4072 1920 4139 ἐφέ-

345 4172 472 4224 ρετο
494 4196 510 4220 ,
556 4156 861 4225 Ἀντιγόνου
910 4160 1019 4211 τῶν
1047 4176 1105 4212 τε
1152 4160 1357 4215 παίδων
1388 4162 1665 4214 Διονυσίου
1698 4163 1790 4214 καὶ
1818 4162 1924 4214 τῶν

344 4246 580 4300 πολιτῶν
626 4248 687 4301 οὕ
743 4251 1039 4321 παρέργως
1084 4254 1510 4322 προνοουμένου.
1572 4254 1814 4308 Ἐκείνου
1863 4254 1921 4307 δὲ

344 4339 485 4407 πρὸς
525 4340 690 4411 ἕτερα
740 4342 839 4405 τὰς
882 4342 1170 4412 φροντίδας
1203 4345 1574 4415 τρεψαμένου,
1608 4345 1925 4417 Λυσίμαχος

345 4430 513 4483 πάλιν
545 4432 652 4485 τῶν
680 4434 810 4503 περὶ
851 4434 1179 4503 Ἡράκλειαν
1208 4438 1306 4490 καὶ
1336 4436 1444 4490 τῶν
1482 4437 1692 4491 παίδων
1722 4437 1926 4508 ἐπεμε-

345 4518 511 4583 λεῖτο,
539 4519 599 4583 ὃς
638 4522 733 4574 κα)⁴
768 4522 1077 4594 ’Ἄμαστριν
1109 4526 1344 4578 ποιεῖται
1373 4528 1628 4593 γυναῖκα.
1664 4526 1777 4580 Καὶ
1804 4527 1926 4580 κατ’

2100 3972 2282 4029 Nihilo
2312 3978 2492 4027 tamen
2542 3968 2747 4033 minus,
2775 3976 2894 4037 post
2930 3965 3048 4035 ejus
3080 3980 3110 4020 a
3139 3966 3458 4024 mortalibus
3497 3966 3608 4021 dis-

2027 4083 2263 4131 cessum,
2292 4080 2381 4121 res
2412 4062 2654 4119 civitatis
2686 4061 2739 4115 in
2766 4063 3004 4117 secundo
3034 4059 3264 4114 fortunae
3325 4075 3453 4114 casu
3478 4073 3608 4127 per-

2032 4159 2343 4223 manebant,
2401 4155 2676 4225 Antigono
2730 4153 2962 4208 filiorum
3013 4151 3255 4223 Dionysii
3302 4162 3357 4207 et
3404 4151 3606 4205 civium

2038 4268 2145 4307 non
2198 4251 2377 4305 obiter
2426 4263 2611 4304 curam
2653 4259 2897 4318 gerente.
2951 4246 3051 4313 Qui
3092 4247 3185 4301 ubi
3220 4246 3287 4299 ad
3340 4245 3444 4298 alia
3486 4254 3609 4298 slu—

2027 4344 2175 4398 dium
2210 4341 2430 4405 avertit,
2458 4340 2823 4413 Lysimachus
2844 4341 2896 4393 in
2924 4339 3260 4394 curationem
3289 4337 3606 4393 Heraclien—

2028 4436 2169 4490 sium
2214 4445 2269 4490 et
2300 4450 2592 4506 puerorum
2628 4433 2914 4491 successit.
2945 4431 3047 4497 Qui
3082 4430 3439 4485 et-Amastrin
3474 4446 3609 4485 uxo-

2033 4542 2145 4581 rem
2181 4526 2282 4582 sibi
2305 4525 2522 4590 ascivit,
2555 4533 2610 4579 et
2636 4523 2792 4579 initio
2825 4522 3056 4577 mirifice
3100 4520 3303 4574 amavit
3331 4531 3346 4571 :
3378 4520 3472 4574 sed
3511 4520 3605 4590 gli-

346 4610 526 4681 ἀρχὰς
552 4609 652 4680 μὲν
685 4611 806 4665 λίαν
830 4585 1076 4685 scrip-Es,
1110 4585 1459 4686 πραγμάτων
1487 4618 1545 4673 δὲ
1574 4618 1726 4690 αὐτῷ
1756 4637 1909 4692 προσ-

2035 4617 2315 4674 scentibus
2376 4585 2611 4686 negotiis
2669 4616 2817 4669 illam
2874 4611 3150 4669 Heraéleze
3184 4611 3468 4680 relinquit,
3498 4585 3613 4680 ipse

346 4703 627 4758 πεσόντων
658 4704 831 4775 αὐτὴν
873 4706 971 4775 μὲν
1022 4708 1081 4760 ὲν
1126 4708 1427 4780 Ἡρακλείᾳ
1466 4710 1663 4774 λείπει,
1692 4712 1856 4776 αὐτὸς
1883 4714 1909 4765 δ

2036 4712 2197 4765 rebus
2249 4710 2566 4777 urgentibus
2598 4716 2916 4777 occupatur.
2968 4705 3079 4761 Nec
3124 4705 3285 4775 longo
3326 4704 3613 4759 intervallo

346 4794 529 4865 εἴχετο
563 4795 673 4850 τῶν
706 4797 1056 4866 ἐπειγόντων.
1096 4798 1191 4863 El;
1224 4800 1455 4872 Σάρδεις
1479 4801 1538 4855 δὲ
1574 4803 1691 4872 μετ’
1731 4804 1794 4855 οὕ
1834 4821 1909 4857 πο

2033 4809 2178 4871 post,
2237 4815 2362 4855 cum
2414 4798 2658 4853 laborum
2710 4797 3066 4852 distractione
3101 4796 3343 4868 quietem
3408 4802 3612 4857 ageret,

347 4887 447 4941 λὺν
470 4888 684 4959 χρόνον,
710 4890 821 4946 τῶν
853 4892 1065 4947 πολλῶν
1087 4895 1265 4948 πόνων
1289 4896 1508 4967 ῥαΐσας,
1541 4895 1909 4966 μετεπέμψατ‹

2038 4894 2240 4949 Sardes
2280 4892 2427 4947 illam
2478 4895 2800 4948 accersitam
2828 4891 2945 4961 pari
2972 4904 3163 4946 amore
3189 4887 3613 4958 complectitur:

348 4980 576 5051 ταύτην,
607 4983 701 5036 καὶ
745 4982 1003 5056 ἔστεργεν
1032 4988 1255 5057 ὁμοίως.
1284 4988 1549 5061 Ὕστερον
1576 4988 1635 5042 δὲ
1663 4990 1799 5060 πρὸς
1833 4989 1909 5059 τὴ·

2038 4995 2325 5057 postquam
2381 4998 2529 5040 vero.
2564 4984 2632 5039 ad
2685 4983 2962 5039 Ptolemaei
3015 4979 3359 5051 Philadelphi
3407 4987 3612 5047 natam,

352 5071 633 5142 θυγατέρα
660 5074 708 5106 ’⁸
735 5076 1072 5147 Πτολεμαίου
1126 5078 1221 5132 τοῦ
1261 5078 1593 5150 Φιλαδέλφου
1644 5081 1929 5152 (Ἀρσινόη

350 5163 410 5215 δὲ
434 5159 504 5234 ἦν
528 5165 591 5218 τὸ
614 5164 825 5238 ὄνομα)
849 5168 942 5223 τὸν
975 5169 1155 5240 ἔρωτα
1182 5172 1457 5241 μεταθεὶς,
1484 5171 1807 5242 διαζυγῆναι
1836 5173 1933 5243 τὴν

357 5257 668 5330 ’Δμαστριν
688 5260 853 5315 αὑτοῦ
876 5264 1153 5333 παρέσχεν
1177 5264 1380 5332 αἰτίαν,
1406 5266 1500 5319 καὶ
1522 5263 1934 5318 καταλιποῦσαν

354 5347 547 5402 τοῦτον
571 5351 897 5406 καταλαϐεῖν
925 5355 1025 5426 τὴν
1058 5355 1412 5425 Ἡράκλειαν.
1449 5356 1686 5428 Ἐγείρει
1712 5356 1770 5409 δὲ
1794 5355 1932 5425 αὕτη

357 5442 782 5513 παραγενομένη
810 5444 904 5497 καὶ
933 5447 1227 5512 συνοικίζει
1262 5448 1423 5503 πόλιν
1458 5450 1788 5520 Ἀμαστριν.

2045 5081 2130 5133 cui
2164 5093 2360 5133 nomen
2395 5077 2654 5141 Arsinoe,
2684 5089 2927 5131 amorem
2969 5075 3358 5139 transtulisset,
3394 5086 3614 5127 causam

2043 5170 2282 5226 Amastri
2332 5170 2565 5241 praebuit
2608 5168 3012 5235 dislunctionis,
3060 5176 3226 5238 utque
3274 5166 3491 5221 deserto
3524 5163 3618 5218 illo

2044 5264 2361 5321 Heracleam
2415 5272 2730 5333 occuparet.
2767 5260 3152 5332 Quozrevcrsa,
3210 5256 3485 5312 Amastrin
3522 5268 3616 5308 ur-

2040 5358 2162 5413 bem
2193 5355 2389 5425 erexit,
2419 5362 2474 5410 et
2513 5355 2718 5411 colonis
2752 5352 3138 5422 frequentavit.

1644 5562 1878 5617 VARle
1912 5561 2316 5619 LECTIONES.

452 5646 501 5677 ιι

553 5652 895 5737 γεγενημένη
998 5670 1048 5737 Δι
1104 5655 1469 5737 γεγαμημένη
1494 5647 1578 5737 Ὣς.

1675 5657 1719 5685 ³⁵
1755 5654 2169 5726 διαπειρομενος
2216 5669 2360 5707 corr.
2390 5655 2465 5726 AA
2517 5673 2527 5706 ;
2566 5653 2995 5724 διαπειρώμενος
3027 5668 3082 5717 ς.
3172 5652 3214 5682 ¹⁶
3240 5647 3529 5703 ὑπελίπετο
3553 5663 3615 5713 ς’.

364 5716 411 5749 ⁸⁷
451 5716 772 5793 ’Λμάστρηξ
797 5724 861 5778 Α.
883 5716 967 5799 ’-³⁸
996 5716 1293 5798 ουγάτέρά]
1313 5716 1581 5797 ”ἁδελφῆν
1607 5716 2129 5797 κνοδεριὶιιε,ὐί›δδ.
2154 5716 2276 5781 var.
2308 5738 2349 5792 1,
2380 5723 2472 5781 20.
