3972 6248
431 241 536 304 887

1591 255 1854 320 ΡΗΟΤΙΙ
1885 257 2390 326 PATRIARCH/E
2418 269 2529 329 ΕΡ.

3579 282 3682 346 888

434 347 556 410 CAP,
623 350 708 406 VI.
760 382 828 394 --
869 327 1156 416 Clearchus
1206 361 1444 434 princeps
1509 363 1572 420 γ.
1630 364 1767 431 Eius
1869 372 2030 494 vini?
2099 373 2304 433 bellica.
2373 375 2615 431 Fortuna
2683 383 2971 440 mutabilis.
3020 385 3382 457 Degeneratio.
3437 327 3682 448 Ρατέζῖ

1997 459 2124 494 tum.

1997 459 2124 498 tum.

500 536 797 593 Clearchus
844 547 1047 605 autem,
1090 542 1157 595 ad
1210 542 1421 599 virilem
1457 554 1587 605 tunc
1621 557 1835 604 aetatem
1883 566 1995 620 pro-

2182 558 2464 631 Κλέαρχος
2504 564 2561 616 δὲ
2599 566 2899 638 ἀνδρωθεὶς
2925 569 3024 642 ἤδη
3050 571 3152 640 τῆς
3178 589 3238 625 τε
3269 574 3476 640 πόλεως
3517 573 3680 650 ἦρχε,

431 643 677 700 gressus,
718 637 774 683 et
811 629 1020 685 civitati
1066 629 1345 689 Heraclea:
1375 636 1610 703 praefuit,
1663 649 1721 695 et
1765 641 1817 694 in
1847 641 2002 699 hellis

431 735 538 776 non
581 720 788 791 paucis,
831 736 952 792 quae
983 723 1068 778 vel
1114 738 1217 794 ope
1247 740 1347 781 sua
1377 728 1721 797 propulsaret
1751 732 1821 788 ab
1855 733 2000 801 aliis,

430 812 518 866 vel
577 812 728 868 illata
791 814 894 870 sibi
941 815 1283 882 defenderet,
1337 821 1613 889 specimen
1681 824 2000 891 praeclarum

429 903 620 958 edidit.
657 902 803 960 Inter
847 919 967 976 quae
1011 908 1206 976 etiam,
1250 910 1450 982 225a
1487 913 1612 968 dum
1674 914 2001 986 Lysimacho

427 1003 616 1050 contra
678 994 846 1053 Getas
895 997 1239 1070 belligeranti
1298 1017 1520 1073 Operam
1573 1016 1758 1076 navet,
1811 1020 2002 1080 captus

425 1097 513 1143 est
560 1102 686 1144 cum
726 1104 898 1160 rege:
929 1106 1105 1162 eoque
1155 1107 1224 1148 ex
1257 1096 1574 1164 captivitate
1627 1100 1828 1168 soluto,
1883 1102 2000 1172 ipse

425 1179 591 1236 etiam
607 1184 907 1252 prudentia
947 1183 1252 1255 Lysimachi
1284 1197 1470 1248 postea
1498 1200 1583 1246 est
1612 1191 1892 1250 dimissus.

494 1271 794 1332 Clearchus
820 1276 1006 1344 itaque
1040 1284 1097 1332 et
1117 1276 1289 1333 lrater
1321 1279 1375 1332 in
1412 1294 1580 1350 regno
1617 1292 1847 1352 paterno
1875 1302 2000 1342 sue-

323 1394 328 1404 -
423 1377 692 1432 cessares,
750 1366 976 1423 lenitate
1045 1379 1103 1424 et
1143 1369 1502 1427 beneﬁcentia
1559 1388 1689 1444 erga
1752 1379 1998 1435 subditos

420 1467 579 1526 patre
626 1456 785 1528 longe
833 1459 1124 1515 inferiores
1191 1472 1501 1517 evaserunt.
1559 1463 1704 1532 Quid
1738 1469 1884 1535 quod
1931 1469 1998 1524 ad

421 1544 694 1602 nefarium
733 1557 791 1605 et
822 1551 1159 1606 exsecrabile
1192 1550 1402 1608 facinus
1446 1563 1575 1608 sunt
1611 1556 1840 1627 delapsi.
1881 1557 1998 1613 Ma-

429 1645 569 1692 trem
602 1639 770 1704 enim,
825 1655 944 1710 quae
966 1641 1100 1696 nihil
1155 1642 1209 1697 in
1258 1657 1353 1699 eos
1401 1645 1606 1714 grande
1649 1660 1996 1716 peccaverat,

421 1743 546 1784 eum
580 1731 707 1784 navi
741 1745 801 1786 se
830 1733 1219 1800 commisisset,
1259 1734 1456 1806 insigni
1488 1749 1795 1796 commento
1818 1751 1874 1797 et
1901 1740 1998 1797 lla-

418 1820 572 1889 gitio,
609 1823 743 1878 mari
770 1822 1133 1880 sull‘ocaudam
1168 1839 1450 1884 curarunt.

2108 650 2204 704 καὶ
2227 651 2487 724 πολέμοις
2510 657 2612 711 οὐκ
2626 658 2828 728 ὀλίγοις
2855 662 2922 716 τὰ
2953 665 3053 732 μὲν
3076 668 3386 737 συμμαχῶν
3413 668 3596 734 ἄλλοις
3609 672 3680 739 ⁸³,

2105 741 2175 796 τὰ
2191 743 2249 797 δὲ
2267 747 2498 810 καὶτοῖς
2529 748 2947 822 ἐπιφερομένοις
2964 754 3114 826 αὐτῷ
3145 756 3455 829 ἐξητάζετο.
3484 761 3572 815 Ἐν
3597 760 3680 830 οἷς

2106 835 2203 888 καὶ
2226 836 2369 892 κατὰ
2395 839 2579 894 Γετῶν
2612 842 2914 915 Λυσιμάχῳ
2931 845 2976 877 ³ο
3003 849 3432 920 στρατευόμενος
3454 853 3498 885 ³¹
3535 855 3678 910 ἑάλω

2103 943 2164 978 τε
2189 927 2286 982 σὺν
2312 929 2482 1002 αὐτῷ,
2515 931 2609 986 καὶ
2635 933 2921 999 ἀνεθέντος
2942 937 3044 1007 τῆς
3061 940 3439 1010 αἰχμαλωσίας
3467 946 3676 1000 ἐκείνου

2103 1019 2199 1071 καὶ
2239 1020 2402 1084 αὐτὸς
2452 1022 2677 1077 ’ύστεοον
2723 1027 2789 1097 τῇ
2830 1028 3150 1100 Λυσιμάχου
3193 1035 3420 1106 προνοίᾳ
3465 1037 3675 1105 ἀφίετο.

2169 1279 2340 1351 Οὗτος
2367 1288 2396 1339 ὁ
2417 1289 2699 1360 Κλέαρχος
2716 1292 2834 1363 ἅμα
2858 1294 2938 1364 τῷ
2965 1295 3184 1367 ἀδελφῷ
3196 1298 3294 1368 τῆς
3313 1299 3489 1370 ἀρχῆς
3508 1317 3677 1353 κατα-

2105 1379 2334 1442 στάντες
2360 1379 2596 1451 διάδοχοι
2634 1384 2775 1453 πρὸς
2829 1385 2929 1454 μὲν
2959 1389 3279 1460 ἡμερότητα
3309 1393 3406 1446 καὶ
3442 1391 3678 1463 χρηστό-

2097 1485 2246 1538 τητα
2275 1469 2409 1524 πολὺ
2452 1470 2548 1524 τοῦ
2581 1475 2787 1546 πατρὸς
2819 1476 3075 1542 ἐλάττους
3111 1483 3223 1544 τοῖς
3255 1481 3517 1553 ὑπηκόοις
3567 1485 3674 1538 ἀπ-

2106 1559 2308 1630 έϐησαν
2329 1604 2345 1629 ,
2377 1563 2458 1626 εἰς
2494 1563 2762 1637 ἔκθεσμον
2794 1568 2854 1624 δὲ
2891 1571 2987 1624 καὶ
3017 1571 3363 1644 μιαρώτατον
3401 1575 3561 1646 ἔργον
3588 1578 3678 1643 ἐξ·

2106 1653 2338 1707 έπεσον·
2365 1655 2463 1726 τὴν
2505 1656 2614 1730 γὰρ
2651 1660 2865 1731 μητέρα
2919 1663 3083 1734 μηδὲν
3133 1666 3263 1737 περὶ
3305 1666 3501 1733 αὐτοὺς
3537 1669 3677 1741 μέγα

2101 1747 2603 1820 πλημμελήσασαν.
2649 1755 2866 1824 μηχανῇ
2895 1755 3042 1827 δεινῇ
3076 1758 3173 1811 καὶ
3210 1760 3518 1832 κακουργίᾳ
3551 1762 3672 1816 ἐπι-

2109 1838 2285 1894 ϐᾶσαν
2310 1841 2438 1910 νηὸς
2473 1841 2720 1916 θαλάσσῃ
2752 1846 3128 1918 ἀποπνιγῆναι
3152 1851 3605 1922 κατειργάσαντο.

859 1937 990 1993 CAP.
1043 1937 1152 1993 VII.
1194 1969 1266 1980 —
1309 1940 1598 1998 Parricidii
1631 1945 2152 2019 ultio.Lysimachus
2195 1952 2272 2008 Vl
2323 1955 2566 2012 dominus
2607 1967 2852 2014 externus
2888 1971 2936 2015 et
2974 1961 3242 2032 benignus.

484 2053 658 2123 Quam
706 2055 780 2110 ob
815 2068 1035 2112 causam
1080 2057 1462 2126 Lysimachus,
1504 2060 1700 2130 saepius
1733 2062 1786 2116 in
1823 2062 1994 2121 histo-

2165 2070 2244 2123 Δι’
2284 2071 2353 2142 ἢν
2400 2073 2581 2127 αἰτίαν
2631 2074 2727 2128 καὶ
2763 2074 3076 2145 Λυσίμαχος
3105 2078 3134 2130 ὁ
3181 2077 3442 2143 πολλάκις
3489 2082 3681 2150 ῥηθεὶς

416 2147 499 2202 ria
533 2147 634 2202 ista
680 2157 1018 2203 memoratus
1039 2148 1060 2219 (
1083 2149 1136 2203 in
1166 2147 1488 2204 Macedonia
1519 2159 1700 2206 autem
1733 2163 1864 2209 tunc
1902 2171 1995 2211 re-

415 2254 538 2294 rum
567 2238 926 2311 potiebatur),
957 2239 1060 2295 etsi
1087 2249 1311 2310 prapter
1339 2241 1603 2297 Arsinoes
1639 2246 1995 2301 consuetudi—

416 2345 541 2385 nem
579 2330 859 2386 Amastrin
907 2345 938 2384 a
986 2343 1047 2385 se
1095 2331 1610 2399 abalienarat,eum
1646 2344 1825 2392 tamen
1878 2337 1994 2406 pri-

417 2421 542 2478 stini
587 2421 642 2476 in
676 2435 736 2478 se
767 2421 973 2477 amoris
1003 2436 1102 2478 ceu
1126 2423 1418 2493 igniculum
1447 2425 1641 2495 ferret,
1677 2437 1733 2482 et
1761 2429 1995 2484 immane

418 2523 584 2584 atque
616 2511 942 2569 detestabile
969 2514 1075 2570 hoc
1112 2513 1292 2570 scelus
1323 2530 1428 2571 non
1463 2517 1800 2573 tolerandum
1831 2520 1994 2575 duce-

414 2612 546 2658 ret:
583 2604 750 2659 animi
794 2603 1014 2675 quidem
1062 2605 1204 2675 apud
1246 2621 1306 2662 se
1355 2607 1569 2662 decreta
1596 2624 1758 2678 quam
1797 2612 1996 2667 arctis-

417 2695 556 2750 sime
585 2696 878 2764 continuit,
922 2697 1160 2768 antiqua“:
1180 2697 1400 2752 interim
1435 2701 1859 2756 necessitudinis
1881 2712 1995 2758 stu-

417 2787 565 2841 dium
608 2785 878 2842 Clearcho
911 2794 1241 2843 ostentans:
1291 2787 1385 2843 sed
1425 2797 1605 2845 tamen
1647 2798 1769 2847 arte
1799 2791 1991 2860 multa,

416 2886 475 2933 et
500 2877 901 2950 strategematis
929 2879 997 2934 ad
1029 2877 1322 2934 fallendum
1354 2882 1672 2951 compositis
1693 2883 1994 2952 (occultare

417 2969 562 3024 enim
591 2984 712 3039 quae
736 2968 925 3034 vellet,
953 2971 1266 3026 mortalium
1301 2973 1780 3043 ingeniosissimus
1813 2977 1994 3045 perhi-

412 3059 598 3131 betur)
648 3059 988 3127 Heracleam,
1033 3077 1134 3117 ceu
1165 3063 1382 3132 publico
1427 3064 1812 3135 recipientium
1845 3083 1994 3124 com-

413 3151 581 3206 modo
621 3151 672 3205 id
709 3151 826 3217 ﬁat,
867 3152 1175 3224 ingreditur
1211 3169 1227 3207 :
1269 3162 1327 3208 et
1375 3155 1501 3208 dum
1539 3155 1786 3211 intimam
1819 3161 1992 3229 patris

413 3239 764 3302 eiectionem
797 3242 950 3298 larva
983 3244 1216 3313 quadam
1259 3243 1529 3301 Clearcho
1568 3246 1730 3317 eique
1760 3249 1994 3305 addictis

416 3346 532 3404 prae
564 3347 623 3389 se
656 3334 783 3402 l‘ert,
820 3335 1134 3405 parricidas
1181 3335 1306 3393 illos
1333 3351 1365 3392 e
1409 3337 1588 3394 medio
1617 3339 1780 3406 tollit,
1815 3341 1992 3412 primo

2098 2159 2463 2228 (Μακεδονίας
2510 2163 2567 2216 δὲ
2599 2163 2915 2218 ἐϐασίλευεν
2966 2165 3058 2235 ³²),
3108 2167 3157 2219 εἰ
3204 2167 3300 2220 καὶ
3349 2169 3449 2238 τὴν
3495 2170 3675 2240 Ἀμα-

2099 2267 2254 2322 στριν
2278 2254 2369 2308 διὰ
2404 2254 2504 2324 τὴν
2533 2256 2580 2290 ³³
2613 2257 2912 2326 συνάφειαν
2956 2257 3246 2329 Ἀρσινόης
3289 2258 3466 2314 λιπεῖν
3511 2263 3675 2317 αὐτὸν

2097 2345 2573 2414 παρεσκευάσατο,
2629 2347 2744 2402 ἀλλ’
2798 2347 2892 2402 οὒν
2945 2348 3040 2402 τοῦ
3082 2366 3144 2402 τε
3195 2353 3460 2422 προτέρου
3506 2354 3672 2410 πόθου

2097 2433 2279 2507 φέρων
2313 2434 2374 2488 ἐν
2423 2435 2602 2507 ἐαυτῷ
2654 2437 2716 2490 τὸ
2767 2436 3128 2510 ἐμπύρευμαξ
3164 2440 3259 2493 καὶ
3313 2439 3375 2494 τὸ
3428 2444 3673 2514 μυσαρὸν

2094 2525 2192 2576 καὶ
2228 2521 2379 2594 ὠμὸν
2425 2525 2526 2596 τῆς
2564 2525 2818 2596 πράξεως
2862 2525 2963 2580 οὐκ
2994 2526 3295 2596 ἀνασχετὸν
3327 2527 3670 2597 ποιούμενος,

2097 2611 2482 2680 στεγανώτατα
2513 2614 2612 2685 μὲν
2643 2614 2742 2685 τὴν
2765 2614 2930 2668 αὐτοῦ
2962 2617 3215 2688 κατεῖχεν
3243 2616 3388 2671 ἔνδον
3421 2616 3548 2690 [370
3574 2615 3670 2690 IL]

2095 2705 2342 2776 γνώμην,
2361 2705 2462 2777 τὴν
2487 2706 2722 2778 ἀρχαίαν
2756 2707 2815 2760 δὲ
2845 2706 3032 2778 φιλίαν
3053 2709 3190 2780 πρὸς
3214 2709 3340 2773 τοὺς
3367 2709 3498 2781 περὶ
3528 2709 3671 2763 Κλέ-

2095 2813 2261 2867 αρχον
2286 2796 2365 2868 τῷ
2402 2799 2644 2870 σχήματι
2668 2799 2976 2863 ἐπιδεικνὺς
3003 2798 3094 2853 διὰ
3123 2798 3335 2854 πολλῶν
3380 2817 3439 2853 τε
3479 2818 3674 2872 μηχα-

2095 2885 2202 2938 νῶν
2229 2886 2324 2940 ml.
2360 2886 2468 2940 τῶν
2496 2887 2590 2939 τοῦ
2624 2887 2907 2942 λανθάνειν
2932 2890 3407 2961 στρατηγημάτων
3439 2888 3673 2961 (κρύψαι

2096 2978 2204 3052 γὰρ
2233 2979 2294 3032 τὺ
2317 2979 2640 3050 βουλόμενον
2665 2979 2712 3011 ³⁸
2737 2979 3042 3045 δεινότατος
3061 2981 3159 3034 ἀνθ
3170 2981 3366 3052 ρώπων
3385 2982 3672 3052 γεγονέναι

2094 3071 2360 3142 λέγεται),
2396 3073 2454 3124 ἐν
2486 3071 2530 3104 ³⁸
2567 3071 2865 3145 Ἡρακλείᾳ
2898 3073 2997 3145 μὲν
3035 3075 3112 3138 ὡς
3141 3075 3234 3127 ἐπὶ
3261 3073 3341 3144 τῷ
3382 3073 3492 3128 τῶν
3523 3073 3674 3145 δεχο-

2099 3161 2276 3232 μένων
2331 3165 2631 3217 συνοίσοντι
2677 3165 3064 3236 παραγίνεται,
3109 3166 3319 3238 πατρὸς
3345 3166 3400 3220 δέ
3435 3165 3672 3237 στοργὴν

2094 3251 2173 3323 τῷ
2221 3253 2550 3325 προσωπείῳ
2589 3257 2702 3318 τοῖς
2730 3256 2862 3327 περὶ
2896 3257 3179 3328 Κλέαρχον
3236 3257 3672 3330 προϐαλλόμενος

2095 3343 2311 3414 ἀναιρεῖ
2359 3342 2458 3413 μὲν
2491 3344 2619 3409 τοὺς
2649 3345 3076 3416 μητροκτόνους,
3126 3347 3346 3419 πρῶτον
3381 3347 3480 3418 μὲν
3529 3347 3669 3401 Κλέ-

415 3428 766 3499 Clearchum,
801 3430 1003 3486 deinde
1041 3431 1204 3486 etiam
1245 3431 1524 3490 Oxathren
1559 3452 1574 3489 :
1625 3445 1680 3490 et
1709 3436 1790 3492 sic
1817 3435 1995 3505 justas

2101 3451 2283 3506 αρχον,
2324 3429 2443 3488 εἶτα
2501 3436 2598 3489 καὶ
2667 3435 2972 3508 Ὀξάθρην,
3031 3439 3308 3512 μητρικῆς
3361 3439 3672 3510 ἀπαιτήσας

363 3593 370 3602 κ
415 3531 678 3579 maternae
702 3523 868 3580 caedis
901 3540 1094 3596 pmnas
1121 3526 1308 3597 exigit.
1347 3525 1508 3594 Hinc,
1548 3531 1636 3583 ubi
1677 3530 1894 3584 redacta
1938 3529 1992 3583 in

417 3614 728 3671 clientelam
767 3630 924 3672 suam
979 3618 1220 3685 civitate,
1291 3634 1426 3690 opes
1483 3628 1838 3690 tyrannorum
1891 3623 1992 3678 do-

418 3706 628 3761 minatu
667 3706 928 3764 collectas
983 3709 1038 3763 in
1091 3709 1329 3780 praedam
1375 3726 1531 3766 suam
1580 3714 1871 3782 vertisset,
1940 3725 1997 3770 et

421 3797 588 3870 (quod
631 3801 721 3855 diu
761 3799 1238 3872 exspectaverant)
1293 3799 1518 3857 liberam
1573 3804 1785 3860 civibus
1847 3820 1994 3858 rem-

423 3890 696 3960 publicam
722 3891 1072 3956 restituisset,
1115 3892 1171 3948 in
1210 3893 1491 3962 proprium
1544 3909 1607 3950 se
1638 3911 1867 3966 regnum
1899 3911 1988 3950 re—

425 3982 590 4052 cepit.

1071 4099 1202 4155 CAP.
1249 4099 1386 4157 VIII.
1410 4129 1480 4142 —
1504 4099 1788 4156 Heraclius

491 4217 766 4275 Reversus
797 4220 962 4291 igitur
990 4222 1057 4276 ad
1085 4237 1204 4288 sua,
1227 4222 1504 4280 Amastrin
1532 4225 1786 4282 laudibus
1811 4225 1995 4282 extol-

415 4309 553 4374 lere,
605 4310 828 4381 ejusque
868 4327 1047 4368 mores
1075 4322 1132 4369 et
1162 4314 1447 4386 imperium
1481 4317 1766 4382 demirari,
1807 4328 1867 4372 ut
1891 4319 1996 4372 hoc

419 4402 485 4456 ad
527 4401 581 4456 id
609 4401 1028 4473 magnitudinis,
1074 4408 1333 4474 potentia:
1365 4416 1423 4464 et
1449 4409 1752 4475 maiestatis
1788 4409 1992 4464 elatum

417 4495 850 4562 corroborasset,
877 4497 1143 4566 unieeque
1169 4499 1467 4570 praedicare
1494 4498 1811 4558 Heracleam
1847 4517 1862 4555 :
1896 4503 1992 4556 sed

418 4587 472 4640 ul
513 4586 566 4641 in
603 4596 815 4656 partem
845 4588 1021 4645 laudis
1060 4591 1312 4646 venirent
1349 4591 1513 4646 etiam
1549 4590 1681 4647 Tius
1721 4599 1777 4648 et
1826 4595 1994 4648 Ama-

417 4677 570 4741 stris,
607 4693 768 4748 quam
817 4681 1039 4736 nomine
1077 4695 1178 4736 suo
1207 4681 1478 4737 celebrem
1510 4681 1600 4737 illa
1631 4683 1990 4740 condidisset.

419 4769 551 4826 Haec
595 4771 788 4825 crebro
821 4771 1028 4827 habens
1062 4773 1114 4827 in
1154 4787 1272 4841 ore,
1307 4774 1575 4830 Arsinoen
1621 4775 1996 4832 exstimulavit

417 4871 480 4920 ut
503 4863 718 4919 urbium
749 4873 1031 4936 tantopere
1061 4866 1458 4923 celebratarum
1489 4869 1834 4924 dominatum
1863 4869 1994 4926 aﬂ‘e-

2100 3528 2416 3598 μιαιφονίας
2435 3527 2594 3592 δίκας
2617 3545 2630 3558 ·
2665 3528 2794 3602 [715
2823 3529 2916 3603 IL]
2955 3533 3049 3585 καὶ
3097 3532 3197 3604 τὴν
3250 3531 3406 3585 πόλιν
3442 3532 3671 3604 ποιησά-

2101 3637 2262 3690 μενος
2301 3622 2404 3676 ὐπὸ
2429 3623 2528 3693 τὴν
2573 3623 2830 3694 πρόνοιαν
2861 3624 2969 3695 ’τὴν
3013 3624 3202 3689 αὐτοῦ,
3238 3625 3336 3679 καὶ
3381 3624 3450 3678 τὰ
3498 3624 3670 3679 πολλὰ

2095 3713 2153 3767 δὲ
2201 3714 2682 3788 λαφυραγωγήσας
2712 3709 2789 3770 ὧν
2828 3717 2863 3788 ἡ
2893 3718 3148 3790 τυραννὶς
3176 3717 3424 3790 ἠθροίκει
3457 3718 3672 3789 χρημά-

2095 3825 2226 3871 των,
2263 3807 2449 3863 ἄδειάν
2481 3826 2542 3861 τε
2575 3807 2704 3870 δοὺς
2739 3807 3204 3880 δημοκρατεῖσθαι
3248 3809 3377 3872 τοὺς
3424 3809 3669 3878 πολίτας,

2095 3894 2157 3956 οὗ
2184 3901 2419 3970 ἐφίεντο,
2449 3901 2587 3972 πρὸς
2623 3901 2723 3973 τὴν
2749 3901 2885 3956 ἰδίαν
2913 3902 3196 3974 βασιλείαν
3224 3901 3527 3956 ἐστέλλετο.

1869 4113 2124 4172 tyrannus
2159 4099 2290 4157 VII.
2349 4098 2625 4154 Muliebris
2685 4101 3014 4169 impotentia.

2171 4224 2486 4295 Λυσίμαχος
2536 4223 2597 4277 δέ
2647 4223 2748 4293 τὴν
2801 4223 2939 4277 ἰδίαν
2988 4223 3165 4295 ἀρχὴν
3220 4222 3547 4277 καταλαϐὼν
3597 4223 3668 4277 δι’

2091 4316 2338 4370 ἐπαίνων
2366 4315 2466 4386 μὲν
2502 4316 2604 4386 τὴν
2632 4316 2940 4386 Ἄμαστριν
2962 4311 3131 4385 εἶχεν,
3160 4314 3439 4384 ἐθαύμαζε
3465 4314 3525 4368 δὲ
3573 4316 3671 4369 αύ-

2097 4408 2201 4476 τῆς
2245 4406 2373 4470 τούς
2412 4423 2473 4460 τε
2526 4405 2764 4478 τρόπους
2808 4405 2904 4460 καὶ
2953 4405 3054 4478 τὴν
3081 4406 3280 4478 ἀρχὴν,
3316 4406 3455 4475 πρὸς
3505 4405 3669 4474 δγκον

2096 4501 2192 4569 καὶ.
2241 4498 2470 4568 μέγεθος
2517 4497 2613 4552 καὶ
2649 4499 2800 4568 ἰσχὺν
2825 4498 2901 4562 ὡς
2932 4497 3288 4567 ἐκρατύνατο,
3314 4497 3546 4569 ἐξαίρων
3571 4498 3670 4568 μὲν

2089 4568 2191 4662 τὴῦ
2253 4589 2604 4661 Ἡράκλειαν,
2663 4591 2828 4662 μέρος
2867 4589 2924 4643 δὲ
2975 4606 3084 4644 των
3134 4589 3372 4643 ἐπαίνων
3424 4568 3520 4642 καὶ
3570 4589 3670 4658 τὴν

2089 4683 2217 4737 Τῖον
2270 4683 2365 4738 καὶ
2429 4683 2530 4754 τὴν
2587 4685 2933 4753 Ἄμαστριν,
2985 4680 3052 4750 ἢν
3110 4682 3397 4750 ἐπώνυμον
3445 4681 3670 4751 ἥγειρεν

2087 4775 2300 4844 ἐκείνη,
2333 4773 2680 4844 ποιούμενος.
2702 4774 2815 4846 Kal.
2831 4771 3007 4826 ταῦτα
3029 4773 3204 4841 λέγων
3241 4771 3287 4803 ³⁸
3342 4769 3439 4841 τὴν
3482 4772 3673 4841 Ἄρσι-

2091 4867 2220 4938 νόην
2266 4865 2488 4941 ¹Ιιρέθιζε
2533 4867 2785 4922 δεσπότιν
2807 4869 2917 4921 τῶν
2960 4867 3374 4937 ἐπαινουμένων
3419 4866 3466 4899 ³⁷
3518 4865 3675 4934 γενέ-

418 4965 628 5020 ctaret,
658 4971 886 5027 quaeque
913 4959 1208 5015 allectabat
1234 4961 1334 5016 sibi
1357 4963 1550 5017 denari
1583 4971 1814 5033 peteret.
1842 4964 1915 5021 At
1948 4965 1993 5019 is

2101 4960 2245 5014 σθαι.
2289 4959 2352 5013 Ἡ
2382 4959 2441 5012 δὲ
2492 4959 2662 5012 ἐδεῖτο
2689 4962 2873 5030 τυχεῖν
2911 4953 2986 5014 ὧν
3027 4959 3236 5013 ἐπόθει.
3267 4959 3379 5013 Καὶ
3421 4958 3450 5010 ὁ
3497 4957 3670 5010 Λυσί-
3709 4971 3732 5021 ,'

418 5048 742 5118 gravitatem
794 5053 1036 5105 muneris
1066 5053 1424 5122 praetendens,
1475 5055 1631 5110 initio
1661 5069 1854 5124 preces
1883 5071 1990 5111 non

2101 5070 2270 5123 μαχος
2327 5050 2613 5122 σεμνύνων
2663 5051 2726 5103 τὺ
2795 5051 2966 5122 δῶρον
3037 5051 3160 5105 κατ’
3213 5051 3391 5121 ἀρχὰς
3448 5051 3550 5120 μὲν
3605 5049 3666 5102 ού

384 5138 761 5206 .’admittebat,
802 5141 897 5196 sed
935 5150 1138 5204 tamen,
1179 5158 1468 5211 progressu
1503 5144 1763 5212 temporis
1797 5160 1985 5200 exora-

2101 5144 2370 5214 προσίετο,
2404 5143 2794 5212 ἐκλιπαρηθεὶς
2817 5143 2876 5196 δέ
2901 5144 3080 5215 χρόνῳ
3111 5143 3388 5214 παρέσχεν
3414 5159 3430 5174 ·
3461 5138 3531 5213 ἦν
3561 5142 3670 5213 γὰρ

419 5241 528 5292 tus,
554 5231 848 5287 concessit.
880 5233 1158 5302 Ingeniosa
1188 5235 1333 5287 enim
1359 5235 1425 5289 ad
1453 5235 1989 5291 circumveniendum

2101 5237 2241 5306 δεινὴ
2296 5235 2604 5306 περιελθεῖν
2632 5235 2683 5305 [il
2747 5235 2995 5306 Ἀρσινόη
3023 5274 3040 5299 ,
3088 5235 3184 5288 καὶ
3228 5237 3290 5288 τὸ
3341 5235 3518 5305 γῆρας
3567 5234 3671 5304 ἢδη

419 5321 521 5377 l'uit
558 5323 813 5391 Arsinoe,
865 5333 920 5378 et
955 5323 1068 5392 jam
1104 5334 1358 5379 senectus
1411 5327 1524 5395 ipsa
1555 5327 1984 5383 mansuefactum

2101 5328 2413 5397 Λυσίμαχον
2471 5329 2734 5396 παρεῖχεν
2789 5327 2834 5358 ³⁸
2891 5327 3325 5398 εὐεπιχείρητον.
3387 5326 3667 5396 Δεξαμένη

1724 5466 1961 5522 VARIIE
2008 5463 2410 5520 LECTIOI‘ES.

491 5558 536 5588 ’θ
567 5559 745 5623 ἄλλοις
787 5561 830 5615 Α
867 5578 880 5612 :
919 5559 1168 5628 ἀλλήλοις
1210 5580 1268 5626 ς.
1360 5563 1405 5593 ³ο
1440 5564 1756 5634 Λυσιμάχου
1791 5581 1851 5625 ς.
1930 5563 1970 5592 ³¹
2006 5559 2504 5630 συστρατευόμενος
2521 5557 2792 5648 1Scaliger.
2897 5558 2941 5587 ³⁸
2967 5555 3330 5648 ἐϐασίλευσεν
3505 5552 3548 5583 ³³
3565 5551 3665 5648 ιδιιιὶ

400 5626 473 5648 ’--
529 5629 621 5648 -.ἐν
800 5631 842 5648 9A
891 5630 917 5648 n
987 5630 1037 5648 \,,
1090 5630 1106 5648 Ι
1334 5647 1339 5648 ,
1534 5636 1550 5648 Α
1665 5636 1704 5648 αι
1766 5635 1776 5644 -
1912 5635 1921 5648 ι
1947 5634 1956 5648 I
2030 5639 2051 5648 ..ι
2169 5632 2210 5648 ἰι
2250 5647 2253 5648 ,
2317 5629 2367 5648 ’κ
2483 5645 2509 5648 ,γ
2552 5645 2577 5648 ν.
2668 5644 2717 5648 ---
2736 5645 2778 5648 η.
2839 5645 2862 5648 _
3083 5639 3343 5648 A—_.-.-..--
3384 5640 3490 5648 ...ι-ι
3563 5643 3568 5648 .
3649 5639 3661 5648 ε

419 5644 478 5680 τε
525 5629 624 5714 τήν
657 5648 719 5692 ς.
798 5631 844 5663 ³⁵
890 5625 1272 5699 βουλευόμενον
1322 5647 1465 5714 (ιρι-ι’.
1519 5625 1595 5686 Α.’
1663 5625 1706 5667 δἐι
1762 5635 1817 5684 ἐν
1856 5634 1980 5687 add.
2018 5639 2084 5685 Δ.
2148 5625 2210 5662 ’³⁸
2240 5625 2412 5684 ταῦτα
2480 5629 2578 5699 μὲν
2606 5627 2778 5695 λέγων
2829 5645 2887 5692 ς.
2966 5629 3007 5659 ³⁷
3079 5627 3490 5694 ἐπαινουμένων
3554 5625 3592 5676 Α
3649 5639 3660 5672 :

421 5697 656 5752 ἐπαίνων
683 5718 743 5765 ς.
821 5704 866 5734 ⁸⁸
890 5697 897 5699 “
921 5702 1178 5769 παρεῖχεν
1210 5705 1256 5755 Α
1292 5721 1302 5756 :
1332 5698 1474 5769 εἶχεν
1498 5721 1557 5767 ς.
1855 5731 1860 5736 ~
