3972 6248
319 303 427 369 889

1379 298 1901 361 BIBLIOTHECA.
1935 322 2007 333 -
2051 296 2216 357 COD.
2257 295 2554 356 CCXXIV.

3465 286 3574 353 890

318 416 364 469 δ’
391 409 487 469 οὖν
517 415 550 485 ἠ
602 414 848 487 Ἀρσινόη
892 414 993 486 τῆς
1053 412 1381 484 Ἡρακλείας
1413 413 1513 485 τὴν
1541 414 1719 486 ἀρχὴν
1748 414 1894 485 πέμ-

1999 410 2221 466 dederat
2264 408 2663 480 Lysimachum.
2712 404 2889 460 Potita
2930 405 3091 475 igitur
3155 403 3426 459 Heraclea;
3480 406 3575 461 do-

320 526 415 563 πει
443 508 561 562 ιτὸν
618 508 870 578 Κυμαῖον
925 505 1301 577 Ἡράκλειτον,
1346 506 1513 578 ἄνδρα
1564 507 1663 578 μὲν
1711 505 1901 559 εὖνουν

320 600 486 668 αὐτῇ,
516 599 791 669 ἀπότομον
820 597 878 651 δὲ
906 598 1082 660 ἄλλως
1115 598 1210 650 καὶ
1238 596 1409 651 δεινὸν
1426 598 1486 650 ἐν
1520 596 1900 667 βουλευμάτων

320 691 606 762 ἐντρεχείᾳ
637 689 734 744 καὶ
762 689 1002 761 ὀξύτητι.
1047 688 1107 743 '0
1136 688 1194 742 δὲ
1220 689 1318 758 τῆς
1351 687 1677 759 Ἡρακλείας
1706 687 1900 751 ἐπιϐὰς

317 784 391 837 τά
441 800 502 837 τε
553 783 690 838 ἀλλα
744 783 949 853 σφόδρα
1013 781 1359 852 ἐπιπρόφως
1401 780 1509 833 τῶν
1557 779 1899 850 πραγμάτων

322 876 598 946 ἐξηγεῖτο,
649 876 746 930 καὶ
774 875 1005 939 πολλοὺς
1038 874 1243 938 αίτίαις
1288 872 1606 929 ὑποϐάλλων
1654 872 1762 926 τῶν
1808 889 1903 928 πο-

320 966 486 1021 λιτῶν
517 970 618 1023 οὐκ
653 968 911 1031 ἐλάττους
952 967 1298 1039 ἐτιμωρεῖτο,
1350 964 1426 1028 ὼς
1476 964 1640 1019 πάλιν
1684 962 1895 1018 ἀποϐαο

321 1057 437 1110 λεῖν
467 1058 663 1123 αὐτοὺς
688 1057 789 1130 τὴν
821 1057 979 1129 μόλις
998 1057 1357 1126 ἐπιφανεῖσαν
1383 1053 1754 1123 εὐδαιμονίαν.

2001 504 2208 556 minatu
2261 502 2517 565 Arsinoe,
2559 499 2896 554 Heraclitum
2946 513 3012 553 eo
3054 498 3331 570 Cymaeum
3386 497 3575 561 mittit,

2000 594 2194 665 225b
2226 596 2401 649 virum
2436 594 2579 649 illius
2610 594 2988 648 observantem
3020 599 3077 645 et
3128 591 3455 656 studiosum,
3481 590 3576 645 sed

2001 686 2203 757 alioqui
2239 684 2609 755 prefractum,
2649 693 2703 738 et
2733 683 2787 737 in
2825 682 3068 738 consiliis
3096 681 3289 736 dandis
3325 689 3380 761 et
3416 693 3577 734 exse-

1998 778 2230 849 quendis
2260 784 2521 847 perquam
2566 775 2895 829 industrium
2934 782 2991 829 et
3018 786 3218 829 acrem.
3250 772 3347 827 Hic
3384 771 3579 841 praefe-

1999 879 2118 925 ctus
2148 868 2445 932 Heracleae,
2478 883 2600 923 cum
2630 868 2766 922 alias
2808 881 2898 922 res
2926 866 3090 921 nimis
3122 864 3294 934 rigide
3338 863 3574 916 admini-

2001 972 2159 1026 strat,
2211 970 2324 1016 tum
2360 961 2557 1015 multos
2598 960 2799 1015 civium
2850 958 3175 1014 criminibus
3211 967 3425 1023 onerat,
3476 972 3576 1011 nec

2001 1054 2286 1124 pauciores
2333 1052 2593 1122 supplicio
2636 1051 2803 1107 allicit
2833 1069 2846 1105 :
2882 1060 2937 1106 et
2969 1052 3049 1106 sic
3096 1050 3411 1105 felicitatem
3452 1051 3573 1104 vix-
3604 1106 3610 1131 Ι

2003 1147 2131 1202 dum
2163 1155 2409 1200 exortam
2447 1144 2591 1199 cives
2623 1144 2798 1199 denuo
2835 1143 3181 1198 amittebant.
3603 1138 3609 1148 ’

450 1259 584 1315 CAP.
636 1258 729 1321 IX.
778 1290 851 1302 --
902 1259 983 1314 De
1023 1257 1325 1329 Lysimachi
1347 1258 1634 1323 parricidio
1675 1257 1732 1311 in
1781 1256 1953 1326 ﬁlium
1998 1257 2357 1328 Agathoclem,
2392 1255 2607 1311 consilio
2662 1271 2917 1321 nouercis,
2955 1256 3167 1325 ejusque
3193 1255 3431 1311 interitu.
3496 1288 3499 1289 ν

404 1376 465 1430 Ὀ
518 1375 701 1446 μέντοι
749 1374 1063 1445 Λυσίμαχος
1109 1373 1412 1445 περιδρομῇ
1476 1373 1761 1443 Ἀρσινόης
1803 1372 1898 1425 τόν

319 1469 545 1539 ἄριστον
585 1466 696 1519 τῶν
741 1467 949 1520 παίδων
1002 1467 1097 1519 καὶ
1142 1465 1517 1537 πρεσϐύτερον
1561 1464 1897 1532 Ἀγαθοκλέα

317 1560 409 1628 (ἐκ
441 1557 722 1627 προτέρων
758 1556 817 1608 δὲ
856 1557 958 1624 φὺς
1000 1551 1073 1626 ἦν
1104 1554 1251 1624 αὐτῷ
1303 1555 1520 1624 γάμων)
1566 1554 1689 1606 κατ’
1722 1554 1898 1624 ἀρχὰς

321 1652 423 1720 μὲν
447 1649 770 1702 ’λανθάνοντι
800 1648 1097 1719 φαρμάκῳ,
1128 1646 1338 1699 ἐκείνου
1374 1646 1435 1698 δὲ
1468 1645 1609 1699 κατὰ
1640 1646 1895 1716 πρόνοιαν

2050 1373 2319 1427 Caeterum
2389 1370 2765 1441 Lysimachus,
2844 1371 3030 1425 fraude
3097 1370 3378 1433 Arsinoes,
3443 1379 3573 1424 natu

2002 1466 2297 1520 maximum
2369 1465 2708 1533 etoptimum
2792 1464 3053 1526 filiorum,
3100 1463 3473 1532 Agathoclem,
3544 1479 3575 1518 e

2000 1558 2183 1625 priore
2233 1557 2335 1611 sibi
2386 1556 2615 1625 conjuge
2649 1566 2858 1619 natum,
2905 1555 3081 1625 primo
3110 1555 3326 1623 quidem
3366 1569 3577 1609 veneno

2003 1647 2350 1713 clanculario,
2397 1649 2490 1703 sed
2535 1656 2717 1716 postea
2740 1689 2755 1713 ,
2792 1648 2893 1702 hoc
2930 1660 3029 1717 per
3052 1646 3317 1701 vomitum
3354 1647 3577 1716 rejecto,

315 1739 688 1809 ἐξεμεθέντος,
720 1738 1081 1808 ἀναιδεστάτῃ
1107 1736 1501 1807 διαχειρίζεται
1524 1734 1740 1808 γνώμῃ·
1773 1736 1895 1790 δεσ-

2000 1740 2263 1795 sententia
2294 1740 2761 1808 impudentissima
2786 1739 3099 1793 damnatum
3152 1747 3329 1792 necat.
3364 1737 3422 1790 In
3456 1752 3576 1791 car-

319 1836 585 1905 μωτηρίῳ
630 1832 888 1904 ἐμϐαλὼν
927 1832 1139 1886 κελεύει
1169 1833 1571 1902 κατακοπῆναι,
1602 1831 1897 1902 ἐπιϐουλὴν

312 1924 463 1995 αὐτῷ
502 1925 992 1995 καταψευσάμενος
1015 1925 1080 1978 ³⁹.
1129 1925 1263 1977 ’0δέ
1294 1924 1652 1994 Πτολεμαῖος,
1695 1924 1759 1987 ὃς
1808 1925 1898 1978 αὐ-

272 2050 273 2053 η
311 2016 502 2087 τόχειρ
551 2016 644 2070 τοῦ
682 2017 991 2086 μιάσματος
1022 2016 1287 2084 ἐγεγόνει,
1322 2014 1550 2084 ἀδελφὸς
1584 2011 1652 2087 ἦν
1710 2017 1895 2089 Ἀρσι-
1938 2063 1943 2068 .

220 2180 225 2183 ¹
308 2110 462 2180 νόης,
486 2110 584 2164 καὶ
616 2109 905 2179 ἐπώνυμον
929 2109 1017 2162 διὰ
1046 2108 1143 2179 τὴν
1176 2109 1474 2179 σκαιότητα
1512 2110 1604 2162 καὶ
1636 2109 1895 2163 ἀπόνοιαν

309 2203 407 2256 τὸν
442 2202 717 2273 Κεραυνὸν
758 2202 975 2271 ἔφερεν.
1020 2202 1079 2255 Ὀ
1109 2202 1291 2255 τοίνυν
1316 2200 1631 2272 Λυσίμαχος
1678 2202 1765 2255 διὰ
1796 2202 1895 2274 τὴν

307 2293 694 2347 παιδοκτονίαν
741 2294 901 2364 μῖσός
944 2310 1004 2346 τε
1054 2292 1264 2346 δίκαιον
1311 2292 1462 2363 παρὰ
1494 2293 1600 2345 τῶν
1635 2293 1894 2363 ὑπηκόων

308 2386 610 2456 ἐλάμϐανε,
653 2386 751 2440 καὶ
796 2386 1063 2449 Σέλευκος
1104 2385 1279 2439 ταῦτα
1325 2385 1655 2456 πυθόμενος,
1685 2374 1781 2440 καὶ
1817 2384 1893 2450 ὡς

308 2478 538 2549 εὐχερὲς
568 2477 655 2548 εἴη
682 2477 874 2531 τοῦτον
906 2474 1223 2545 παραλῦσαι
1270 2476 1374 2545 τῆς
1410 2476 1605 2546 ἀρχῆς,
1637 2476 1747 2528 τῶν
1799 2476 1896 2529 πό-

306 2563 451 2615 λεων
509 2564 894 2634 ἀφισταμένων
948 2562 1118 2617 αὐτοῦ
1144 2603 1161 2628 ,
1215 2564 1395 2634 μάχην
1449 2567 1711 2617 συνάπτει
1756 2564 1895 2635 πρὸς

307 2654 502 2708 αὐτόν.
554 2656 666 2708 Καὶ
716 2655 907 2708 πίπτει
960 2657 1020 2708 ἐν
1072 2654 1153 2724 τῷ
1203 2655 1431 2726 πολέμῳ
1484 2656 1802 2726 Λυσίμαχος
1845 2655 1893 2688 ⁸ο

310 2745 504 2816 παλτῷ
548 2746 765 2817 βληθείς
789 2766 805 2779 ·
834 2748 863 2801 ό
901 2747 957 2801 δὲ
998 2746 1179 2818 βαλὼν
1210 2746 1348 2819 ἀνὴρ
1387 2746 1775 2819 Ἡρακλεώτης
1800 2743 1891 2818 ἦν,

310 2838 439 2913 [571
466 2840 562 2914 Η.]
591 2841 761 2912 ὄνομα
788 2842 1085 2906 Μαλάκων,
1123 2842 1228 2895 ὑπὸ
1260 2841 1512 2913 Σελεύκῳ
1538 2842 1888 2912 ταττόμενος.

311 2932 580 2995 Πεσόντος
618 2933 675 2985 δὲ
723 2935 757 3003 ή
790 2932 977 2986 τούτου
1009 2933 1154 3004 ἀρχὴ
1180 2934 1625 3005 προσχωρήσασα
1673 2936 1742 3005 τῇ
1794 2934 1887 2987 τοῦ

308 3026 583 3079 Σελεύκευ
635 3026 798 3096 μέρος
848 3027 1106 3098 κατέστη.
1164 3027 1306 3079 Ἀλλ’
1354 3026 1588 3080 ἐνταῦθα
1649 3026 1750 3097 μὲν
1794 3027 1890 3082 καὶ

2000 1848 2177 1888 cerem
2226 1834 2370 1887 enim
2422 1840 2763 1902 compactum
2818 1832 3078 1887 trucidari
3127 1831 3302 1900 jubet,
3350 1831 3575 1885 insidias

1999 1926 2137 1996 patri
2179 1935 2414 1981 structas
2450 1925 2590 1981 falso
2630 1925 2968 1980 criminatus.
3006 1922 3328 1978 Ptolemaeus
3370 1931 3574 1987 autem,

1998 2018 2088 2086 qui
2139 2032 2234 2071 sua
2275 2032 2437 2071 manu
2489 2018 2667 2073 scelus
2714 2017 2767 2072 id
2822 2018 3173 2087 perpetravit,
3234 2017 3403 2071 frater
3456 2025 3578 2071 erat

1996 2110 2277 2177 Arsinoes,
2327 2118 2381 2164 et
2424 2109 2657 2165 Cerauni
2705 2108 2781 2182 [id
2843 2117 2926 2164 est
2956 2107 3223 2182 fulminis]
3252 2125 3580 2180 cognomen-

1996 2209 2108 2255 tum
2152 2201 2220 2255 ab
2282 2200 2689 2270 importunitate
2732 2216 2940 2255 morum
2992 2212 3046 2257 et
3081 2200 3330 2255 vecordia
3371 2201 3575 2256 retulit.

1994 2288 2351 2360 Lysimachus
2394 2291 2556 2361 igitur
2581 2298 2805 2361 propter
2842 2292 2934 2346 filii
2971 2293 3169 2347 caedem
3212 2294 3265 2346 in
3300 2294 3425 2346 odio
3458 2302 3577 2346 erat

1993 2381 2354 2437 subditorum.
2398 2382 2467 2435 Et
2499 2381 2783 2449 Seleucus,
2827 2383 2912 2438 his
2942 2383 3195 2453 c0gnitis,
3224 2392 3280 2438 et
3322 2385 3463 2453 quod
3493 2383 3577 2438 fa-

1993 2475 2097 2529 cile
2131 2474 2201 2528 sit
2231 2488 2398 2543 regno
2431 2474 2708 2529 hominem
2746 2485 3025 2543 excutere,
3059 2474 3370 2531 civitatibus
3412 2478 3479 2531 ab
3509 2491 3577 2533 eo

1992 2565 2391 2632 deficientibus,
2439 2566 2690 2637 proelium
2740 2582 2862 2622 cum
2922 2582 2986 2624 eo
3038 2568 3297 2635 conserit,
3356 2568 3408 2623 in
3470 2584 3577 2638 qun.

1994 2654 2372 2727 Lysimachus,
2418 2658 2542 2711 dum
2596 2657 2808 2713 fortiter
2856 2658 3114 2725 dimicat,
3158 2658 3266 2728 pilo
3318 2659 3577 2729 trajectus

1993 2750 2242 2804 occubat.
2300 2748 2541 2820 Trajecit
2585 2760 2765 2806 autem
2821 2752 2907 2806 vir
2942 2750 3329 2817 lleracllensis,
3360 2754 3577 2808 nomine

1992 2838 2261 2907 Malacon,
2295 2840 2523 2897 Seleuco
2549 2842 2814 2908 militans,
2841 2843 3211 2911 subversaque
3239 2858 3326 2905 eo,
3354 2858 3574 2912 regnum

1992 2936 2058 2988 ad
2111 2932 2323 2988 Seleuci
2372 2934 2631 2990 ditionem
2667 2939 2751 3005 (ut
2801 2934 2948 3007 pars)
2985 2935 3238 2991 accessit.
3277 2935 3342 2990 Et
3374 2936 3461 2991 hic
3501 2952 3574 2991 w

1993 3026 2294 3085 Memnonis
2340 3028 2480 3085 liber
2507 3029 2800 3085 historicus
2834 3028 3052 3083 desinit.

305 3119 370 3171 τὸ
396 3116 467 3189 ιβ’
489 3118 591 3189 τῆς
614 3119 893 3190 Μέμνονος
918 3120 1159 3190 ἱστορίας
1183 3120 1362 3191 λήγει.
1912 3134 1957 3191 c
2387 3193 2393 3199 .

910 3230 1042 3285 CAP.
1080 3228 1148 3287 X.
1184 3260 1256 3271 —
1286 3229 1676 3298 Heracliemes,
1724 3231 1944 3301 expulso
1973 3242 2221 3302 tyranno,
2257 3248 2312 3285 se
2342 3231 2398 3285 in
2440 3230 2734 3284 libertatem
2768 3244 3032 3287 asserunt.

392 3347 485 3401 Ἐν
526 3346 584 3400 δέ
635 3346 713 3417 τῷ
759 3352 829 3414 ιγ’
868 3346 995 3409 τοὺς
1032 3344 1418 3415 Ἡρακλεώτας
1455 3346 1603 3415 λέγει
1648 3346 1893 3418 πυθομέ-

2072 3346 2132 3403 ln
2166 3363 2263 3402 xm
2325 3347 2584 3417 deinceps
2639 3346 2753 3399 haec
2801 3359 3228 3411 commemorat,
3268 3347 3580 3404 Heraclien-

305 3456 437 3502 νους
470 3440 514 3470 δι
538 3439 637 3509 τὴν
668 3438 954 3509 ἀναίρεσιν
979 3436 1299 3507 Λυσιμάχου
1324 3439 1418 3490 καὶ
1441 3437 1517 3501 ὡς
1545 3440 1628 3509 εἴη
1649 3441 1676 3492 ὁ
1708 3437 1896 3492 τοῦτον

1999 3451 2129 3502 ses,
2187 3438 2372 3493 audito
2425 3436 2734 3510 Lysimachi
2792 3437 3046 3509 interitu,
3096 3451 3151 3497 et
3199 3445 3341 3511 quod
3389 3457 3418 3495 a
3479 3457 3579 3510 po-

306 3530 631 3593 ἀπεκτονὼς
669 3528 1077 3601 Ἡρακλεώτης,
1107 3529 1207 3591 τάς
1243 3545 1305 3582 τε
1341 3528 1568 3599 γνώμας
1614 3528 1895 3601 ἀναρρών-

2000 3528 2175 3598 pulari
2224 3545 2327 3587 suo
2387 3548 2492 3587 nex
2542 3534 2592 3588 ei
2651 3535 2799 3591 illata
2856 3544 3040 3599 esset,
3105 3534 3318 3589 animos
3374 3535 3577 3588 contir-

305 3623 505 3678 νυσθαι
528 3624 623 3676 καὶ
650 3624 785 3693 πρὸς
808 3623 898 3675 τὸν
928 3622 1026 3693 τῆς
1052 3621 1367 3691 ἐλευθερίας
1401 3622 1894 3693 ἀνδραγαθίζεσθαι

2001 3634 2191 3691 mant,
2248 3634 2305 3679 et
2362 3640 2462 3696 pro
2536 3627 2808 3683 libertatis
2872 3628 3257 3699 recuperandae
3310 3626 3579 3682 desiderio

309 3714 502 3781 πόθον,
554 3716 621 3788 ἢν
672 3715 714 3768 δ’
767 3715 863 3769 καὶ⁴
911 3720 965 3767 π’
1018 3714 1193 3767 ἔτεσιν
1221 3713 1326 3767 ὑπό
1363 3732 1424 3767 τε
1455 3714 1562 3769 τῶν
1615 3716 1893 3785 ἐμφυλίων

1999 3713 2160 3771 fortes
2196 3730 2255 3772 se
2292 3716 2445 3774 viros
2494 3718 2801 3788 declarant,
2848 3736 3011 3789 quam
3042 3736 3141 3789 per
3178 3734 3350 3774 annos
3379 3719 3449 3774 84
3490 3730 3575 3789 ty-

303 3807 592 3877 τυράννων
641 3807 735 3860 καὶ
791 3805 909 3876 μετ’
959 3805 1203 3867 ἐκείνους
1255 3804 1361 3859 ὑπὸ
1403 3806 1720 3876 Λυσιμάχου
1746 3805 1888 3878 ἀφῄ-

1999 3812 2155 3863 rannl
2201 3810 2509 3877 domestici,
2542 3821 2597 3866 et
2638 3822 2759 3881 post
2804 3827 2897 3868 eos
2926 3812 3302 3884 Lysimachus,
3333 3821 3574 3882 ereptam

308 3916 499 3970 ρηντο.
532 3897 843 3968 Προσῆλθον
894 3893 988 3951 οὖν
1029 3898 1301 3969 πρότερον
1336 3940 1347 3960 .,
1370 3898 1737 3973 Ἡρακλείδῃ,
1763 3900 1888 3953 πεί-

1999 3909 2298 3956 tenuerant.
2359 3902 2539 3971 Quare
2599 3903 2940 3960 Heraclidem
2995 3906 3349 3971 conveniunt,
3401 3916 3458 3961 et
3519 3917 3577 3959 ut

306 3988 496 4052 θοντες
537 3988 699 4042 αὑτὸν
729 3988 831 4057 μὲν
863 3988 1129 4059 ἐκχωρεῖν
1166 3989 1270 4058 τῆς
1306 3988 1536 4054 πόλεως,
1565 3986 1667 4043 οὐκ
1698 3990 1885 4062 ἀπαθῆ

1999 4006 2093 4046 non
2154 4001 2363 4048 tantum
2419 3995 2695 4051 salvus‘et
2722 3996 3037 4062 incolumis,
3082 4000 3177 4053 sed
3208 3999 3369 4053 etiam
3394 3998 3578 4069 splen-

305 4076 499 4130 κακῶν
551 4075 736 4146 μόνον,
761 4075 897 4131 ἀλλὰ
928 4077 1024 4131 καὶ
1049 4076 1325 4148 λαμπροῖς
1368 4076 1569 4151 δώροις
1611 4078 1894 4149 ἐφοδιαζό-

1999 4083 2122 4139 dido
2152 4099 2435 4140 munerum
2457 4088 2658 4142 viatico
2687 4088 2986 4145 instructus
3014 4090 3260 4155 excedat,
3291 4090 3575 4160 pristinam

307 4185 495 4237 μενον,
552 4168 639 4236 ἐφ’
670 4161 716 4236 ᾧ
766 4168 865 4239 τὴν
906 4169 1225 4239 ἐλευθερίαν
1270 4169 1517 4234 ἐκείνους
1573 4172 1886 4227 ἀναλαϐεῖν.

316 4261 407 4323 Ὠς
454 4260 513 4313 δέ
564 4261 626 4313 οὐ
672 4259 833 4329 μόνον
875 4261 977 4314 οὐκ
1024 4260 1262 4325 ἔπειθον,
1304 4261 1443 4315 ἀλλά
1470 4262 1566 4315 καὶ
1592 4264 1673 4327 εἰς
1717 4264 1889 4336 ὀργὴν

302 4355 614 4409 ἐκπεσόντα
670 4351 811 4409 εἶδον
861 4355 957 4408 καί
1006 4372 1158 4419 τινας
1205 4356 1387 4409 αὐτῶν
1441 4355 1538 4408 καὶ
1593 4355 1888 4426 τιμωρίαις

305 4446 609 4513 ὑπάγοντα,
666 4445 794 4516 [716
837 4445 929 4517 R.]
984 4447 1259 4517 συνθήκας
1302 4447 1522 4518 θέμενοι
1574 4446 1712 4517 πρδς
1759 4448 1887 4509 τοὺς

305 4538 690 4609 φρουράρχους
713 4539 763 4590 οἱ
790 4538 1028 4604 πολῖται,
1084 4539 1141 4592 αἳ
1182 4540 1282 4610 τήν
1318 4538 1364 4571 δ’
1414 4555 1476 4591 τε
1528 4538 1888 4591 ἰσοπολιτείαν

304 4635 487 4695 αὐτοῖς
533 4632 726 4703 ἔνεμον
769 4632 865 4684 καὶ
907 4633 1034 4696 τοὺς
1077 4631 1305 4702 μισθοὺς
1368 4631 1556 4685 λαϐεῖν
1608 4623 1687 4684 ὧν
1737 4631 1890 4683 ἐστέ-

306 4741 473 4795 ρηντο
494 4724 562 4791 “,
591 4723 1136 4794 συλλαμϐάνουσιτὸν
1171 4722 1531 4795 Ἡρακλείδην
1560 4721 1657 4775 καὶ
1680 4720 1886 4790 φυλατ-

301 4818 531 4886 τόμενον
576 4812 723 4886 εἶχον
760 4816 855 4871 ἐπὶ
889 4818 1101 4890 χρόνον.
1140 4816 1385 4869 Ἐκεῖθεν
1413 4814 1673 4886 λαμπρὰς
1698 4814 1886 4877 ἀδείας

302 4907 585 4970 λαϐόντες,
619 4908 720 4974 τῆς
757 4924 818 4960 τε
880 4909 1231 4980 ἀκροπόλεως
1292 4907 1487 4978 μέχρις
1536 4906 1768 4974 ἐδάφους
1817 4905 1887 4957 τά

304 4999 456 5069 τείχη
480 5000 803 5063 κατέὸαλον,
826 5001 921 5053 καὶ
954 5000 1091 5072 πρὸς
1121 5001 1386 5053 Σέλευκον
1412 4996 1884 5069 διεπρεσϐεύοντο,

302 5089 403 5159 τῆς
428 5090 638 5154 πόλεως
664 5092 1002 5162 ἐπιμελητὴν
1036 5093 1481 5165 προστησάμενοι
1512 5089 1812 5159 Φώκριτον.

1997 4176 2158 4230 modo
2197 4175 2502 4231 libertatem
2550 4178 2862 4245 obtineant,
2918 4181 3170 4236 suadent.
3209 4183 3282 4237 At
3312 4198 3434 4237 eum
3469 4193 3576 4237 tam

1995 4268 2184 4338 procul
2240 4268 2412 4324 abfuit
2445 4278 2505 4325 ut
2541 4254 2959 4341 persuaderent,
2996 4285 3051 4330 ut
3085 4276 3250 4329 etiam
3278 4276 3359 4330 ira
3392 4287 3575 4346 tyran-

1997 4376 2126 4415 num
2160 4361 2510 4429 inllammari,
2550 4375 2606 4419 et
2648 4367 2941 4421 nonnullos
2974 4369 3040 4422 de
3069 4369 3184 4422 suis
3211 4369 3279 4423 ad
3310 4368 3574 4437 supplicia

1997 4451 2110 4520 rapi
2136 4451 2205 4506 ab
2241 4465 2306 4505 eo
2344 4452 2613 4516 viderent,
2652 4464 2811 4522 pacto
2854 4468 2977 4506 cum
3034 4454 3271 4522 praesidii
3307 4452 3575 4522 prmfectis

1994 4542 2148 4609 inito,
2181 4553 2239 4596 ut
2270 4545 2465 4612 aequali
2498 4545 2553 4598 in
2586 4546 2860 4615 republica
2883 4545 3006 4615 jure
3035 4555 3338 4608 uterentur,
3381 4557 3432 4599 et
3460 4547 3577 4615 qui-

1990 4632 2092 4689 bus
2139 4633 2377 4690 fraudati
2417 4645 2602 4692 essent
2648 4637 2918 4706 stipendia
2964 4641 3292 4708 reciperent,
3331 4636 3575 4693 lleracli-

1989 4726 2113 4779 dem
2164 4726 2217 4779 in
2265 4726 2479 4782 vincula
2514 4729 2823 4799 conjectum
2868 4732 2936 4785 ad
2975 4739 3189 4801 tempus
3233 4733 3573 4788 custodiunt.

1989 4812 2133 4868 Metu
2173 4815 2374 4871 dehinc
2426 4818 2615 4884 soluti,
2670 4822 2873 4874 mania
2923 4820 3068 4874 arcis
3105 4821 3172 4875 ad
3227 4822 3574 4877 fundamenta

1989 4921 2163 4976 usque
2188 4908 2354 4979 226
2374 4926 2406 4962 a
2430 4909 2670 4977 diruunt,
2715 4920 2769 4966 et
2801 4915 2965 4967 missa
2995 4911 3061 4967 ad
3100 4913 3390 4969 Seleucum
3427 4913 3576 4981 lcga-

1993 5001 2159 5066 tione,
2200 4999 2519 5057 Phocritum
2568 5006 2807 5061 civitatis
2855 5006 3157 5076 principem
3188 5015 3574 5061 cteuratorcm

1993 5092 2200 5148 faciunt

1182 5211 1314 5267 Car.
1340 5210 1432 5263 XI.
1454 5239 1526 5251 —
1562 5207 1786 5278 Zipwtes
1827 5206 2085 5276 Bithynas
2124 5203 2485 5260 Heraclienses
2522 5205 2755 5273 infestat.

380 5324 633 5394 Ζιποὶτης
682 5325 737 5377 δὲ
789 5328 818 5379 ὁ
860 5325 1102 5379 Βιθυνῶν
1154 5326 1433 5403 ἐπάρχων,
1479 5323 1690 5394 ἐχθρῶς
1745 5323 1885 5393 ἔχων

324 5411 731 5484 Ἡρακλεώταις
780 5418 1047 5489 πρότερον
1102 5417 1203 5487 μὲν
1252 5416 1343 5471 διά
1374 5416 1711 5486 Λυσίμαχον,
1758 5415 1881 5467 τότε

2064 5323 2134 5378 At
2164 5322 2423 5390 Zipmtcs,
2448 5320 2719 5393 Bithynia:
2760 5324 3001 5393 regulus,
3031 5323 3365 5381 Ileraclemis
3406 5324 3575 5379 infen-

1991 5431 2105 5480 sus,
2142 5425 2323 5469 'anlea
2372 5413 2715 5490 Lysimachi,
2752 5426 2879 5472 tunc
2935 5419 3097 5471 etiam
3143 5416 3356 5473 Seleuci
3412 5432 3577 5472 causa

1591 5575 1829 5631 VARIA‘I
1868 5574 2283 5632 LECTIONES.

462 5671 923 5742 καταψευδόμενος
953 5689 1009 5737 τ.
1090 5674 1131 5702 λθ
1173 5672 1286 5723 πο).
1323 5670 1683 5740 ὀᾹυσῖμαχος
1722 5688 1778 5736 ς.

314 5739 459 5792 συλλ.
492 5756 551 5803 ς.

1859 5671 1897 5700 ³¹
1934 5668 2287 5737 πειθομένους
2322 5685 2377 5733 τ,
2458 5672 2495 5702 η
2540 5673 2657 5725 “EA
2700 5694 2705 5727 ;
2738 5672 2791 5724 οἵ
2818 5688 2875 5735 ς,

2958 5673 2999 5703 "3
3030 5672 3316 5743 ἐστέρηντο
3350 5672 3573 5742 ἤλπιζον
